2474 4182
54 135 111 182 &3
416 123 443 163 B
514 123 549 162 O
612 121 652 160 jN

54 218 122 245 mdia.
177 215 245 243 Nata
257 213 331 243 bene,
343 215 361 238 ι’.
376 222 395 239 e.
411 211 516 245 Hongllo
529 212 579 238 loco
591 215 652 235 nata
664 209 730 234 Hor.
739 208 826 234 Carm.
839 216 866 240 4,
882 218 910 242 4,
924 210 963 241 36.
1020 209 1077 236 Cic.

54 253 119 280 lead.
134 260 162 285 4,
174 252 204 277 16
224 250 290 275 Bene
304 255 391 275 autem
409 248 478 275 noii'e
491 245 649 285 Carneadem
668 243 829 285 Stratonicus
843 245 1014 284 Metrodorus
1030 254 1076 279 pii-

48 289 117 314 mma
154 287 245 312 (ἔναρα,
265 282 298 318 ‘ss
317 286 442 320 loquum),
456 292 515 320 quae
529 280 675 318 fignfflfflf’
695 278 831 304 Carneadis
858 289 908 306 sum
930 280 1076 316 dryci'pulum

47 298 119 426 ''ui—ffb
155 322 243 347 Graeci
256 327 334 346 autem
345 322 486 356 plerumque
493 317 575 354 fhlevit
588 314 723 349 discipulos
735 315 857 355 appellare
870 318 995 356 vafa‘sfaaf.
1014 317 1075 342 Con-

51 357 151 384 irmatur
168 365 197 381 ex
216 355 247 382 de
263 356 310 382 Or.
326 364 345 388 1,
360 363 393 389 45
419 356 479 381 Erat
497 352 574 378 etiam
588 349 774 383 Metrodorus,
793 360 841 385 qui
861 360 920 377 cuin
940 352 994 378 illis
1012 355 1074 383 vna,

51 393 122 427 psum
141 391 217 417 illurn
236 391 398 418 Carneadem
417 387 566 423 diligentius
585 384 714 412 audierat.
787 386 863 413 Noui
878 387 945 413 bene
971 387 1027 414 Cic.
1041 387 1073 412 de

285 428 415 454 Numatus
451 424 532 455 bene,
561 421 605 457 qui
624 423 715 447 multas
733 421 804 449 habet
818 426 939 458 pecunias
964 423 1020 449 Cic.
1041 421 1074 447 de

418 458 562 486 Nuinatuiii
584 456 650 483 bene
671 457 836 493 marsupium
872 459 953 485 Plaiit.
977 456 1072 491 Amph.

364 496 442 523 Olens
460 495 526 521 bene
546 491 620 526 Virg.
641 493 694 519 Ecl.
709 502 733 526 2,
748 499 789 528 48.
846 493 967 520 Orabunt
986 493 1073 519 causas

53 534 130 561 iclius
144 535 217 568 Virg.
233 536 296 560 Aen.
310 535 335 564 6,
350 537 406 564 849.
476 527 624 555 Multitudo
638 529 733 556 melius
745 529 849 556 vatibus
868 536 947 564 quam
960 527 1072 554 ducibus

58 571 86 596 iis
97 571 171 596 Paret
185 571 258 596 Ciirt.
272 578 299 602 4,
314 576 350 599 10,
362 573 386 600 7.
456 563 525 590 Bene
539 564 643 591 Pascere
674 568 763 591 rimum
777 565 849 601 quod
863 566 890 591 in
903 573 931 591 re
943 563 1073 590 familiari

11 630 15 637 ,
42 601 149 710 paxime
162 604 265 640 expedit
276 603 365 630 iudicio
378 601 479 627 Catonis
493 606 533 635 ap.
546 600 600 627 Cic.
615 601 639 628 O
662 621 667 626 .
685 609 701 628 2
714 604 778 628 extr.
798 605 815 627 i.
829 601 945 641 feliciter
963 608 1073 626 exercere

48 429 94 454 tin.
109 435 128 459 1,
164 447 170 453 .
207 447 214 453 .

51 471 104 498 ,ege
117 463 178 496 Agr.
194 471 218 494 2,
231 465 262 495 56
276 473 296 489 e.
311 471 347 489 22.

58 519 65 531 ,
79 508 102 525 z.
117 499 218 533 suppos.
232 508 254 531 3,
271 507 310 531 39.

0 654 10 674 ῃ
53 641 133 677 asena.
202 640 306 667 Penitus
320 637 384 664 bene
406 637 431 661 se
445 635 507 662 dare
522 636 549 662 in
564 636 774 663 familiaritatem
790 637 902 663 alicuius
922 636 978 662 Cic.
995 636 1071 662 Verr.

0 682 6 699 ³-
77 679 130 709 169.
148 675 185 703 Id.
201 675 232 701 de
246 674 313 701 Clar.
326 672 400 699 Orat.
416 676 428 701 8
450 672 481 697 Et
495 680 546 698 vna
561 672 615 699 Ser.
630 672 725 699 Fabius
740 671 839 704 Pictor,
853 677 877 698 et
893 672 960 698 iuris
975 677 1000 698 et
1015 671 1074 698 lite-

2 701 8 719 ²
38 710 43 730 '‹
57 697 121 739 'rum
142 717 167 737 et
185 708 346 744 antiquitatis
367 706 433 733 bene
458 708 567 742 peritus.
640 708 805 743 PerspeEtum
827 707 893 733 bene
911 715 926 733 a
949 712 983 733 te.
1003 707 1071 734 Ter.

7 776 9 778 Ι
40 753 127 773 meant.
140 755 168 779 4,
182 754 202 777 1,
214 752 251 777 25.
270 745 355 770 lrom‘a
367 741 415 775 cst:
436 742 503 779 quast
517 744 603 776 dicut,
619 745 687 770 Male
697 741 855 779 perspexisti.
875 743 931 769 Cic.
946 743 998 769 Att.
1012 744 1073 775 13‚6

0 799 9 813 r
38 782 112 808 ··uod
123 781 238 815 reliquos
251 777 390 806 coheredes
405 779 568 811 conuenisti,
588 780 664 813 plane
678 779 752 806 bene.
773 778 812 804 Id.
828 778 910 804 Tusc.
921 787 944 811 2,
957 788 994 812 44
1009 788 1030 805 c.
1043 787 1072 811 19

3 843 11 847 .
62 816 78 843 d
93 816 110 843 fi
129 816 164 842 est
177 820 261 841 tantus
275 814 352 840 dolor
369 821 481 849 quantus
493 815 671 848 Philostetae,
692 815 758 841 bene
777 813 852 848 plane
872 823 981 848 magnus
1000 814 1072 842 inihi

2 865 11 882 ι,
40 868 41 871 =
58 851 135 879 iidem
149 850 261 877 videtur.
306 850 395 877 Donec
410 860 470 877 euin
485 859 575 877 contra
590 849 668 886 pleno
682 850 749 877 bene
763 849 864 875 lumine
876 850 948 876 fullit
962 851 1039 877 Lucr.
1049 859 1071 882 5,

0 901 3 911 r
40 886 89 914 ¹·6.
124 887 191 913 Bene
204 891 280 920 potus
294 886 398 912 Plautus
412 893 452 923 ap.
467 888 542 913 Varr.
563 886 591 913 L.
606 887 636 913 L.
654 889 679 918 6,
695 894 713 918 4
732 894 757 920 p.
772 892 817 919 77,
831 888 870 917 36.

32 941 36 951 .
63 931 94 950 ne
106 919 172 948 Ter.
188 921 261 948 Adel.
276 930 298 954 3,
312 931 333 954 3,
348 929 385 957 7ι.
458 922 526 949 Bene
548 921 698 948 Promeruit
717 920 756 947 Id.
770 921 846 946 Adel.
862 929 887 953 2,
902 930 920 952 ι,
933 929 978 955 47.
1015 922 1071 948 Cic.

72 957 162 985 Diuin.
176 966 200 988 2,
214 962 241 989 38
280 959 356 992 Qiae
377 965 465 985 autem
484 958 656 985 inconstantia
674 956 787 983 deoruin
800 955 850 987 est,
871 962 898 982 vt
915 957 1009 990 primis
1023 958 1072 983 nii-

52 1000 62 1017 '·
78 999 120 1021 tur
132 993 214 1025 extis,
236 993 301 1019 bene
314 994 472 1028 promittant
485 993 620 1020 secundis?
657 993 725 1019 Bene
744 991 889 1018 Prouenire
909 990 942 1024 ist
963 991 1072 1026 ἐντυχεῖν

65 1034 110 1056 'ni
121 1027 252 1066 succefficm
265 1029 354 1056 habere
368 1030 449 1057 Plaut.
464 1030 549 1057 Truc.
563 1037 588 1060 2,
602 1037 628 1061 4,
641 1036 667 1060 33
688 1029 757 1054 Cum
771 1027 837 1054 bene
849 1028 1008 1062 prouenisti,
1025 1028 1071 1054 sal-

54 1116 56 1126 .
72 1101 115 1128 nia
132 1101 161 1127 in
179 1101 274 1127 caffiim
292 1101 388 1128 cadunt
409 1102 490 1128 Plaut.
511 1102 589 1127 Poen.
610 1108 630 1131 1,
649 1107 674 1132 2,
695 1107 753 1134 147.
783 1100 851 1126 Ter.
868 1100 934 1126 Eun.
953 1109 981 1133 4,
996 1107 1023 1133 7,
1036 1108 1068 1133 43

47 1137 100 1164 *oui
113 1136 249 1172 ingenium
263 1138 406 1165 mulierum
415 1157 422 1169 ‚
438 1136 532 1163 nolunt
545 1135 591 1162 vbi
605 1135 686 1161 velis:
704 1135 752 1162 vbi
764 1135 849 1167 nolis,
864 1135 973 1170 cupiunt
985 1135 1068 1167 vltro.

4 1188 13 1203 ι
51 1179 100 1200 ΗΚ.
121 1172 190 1199 Bene
204 1179 285 1207 putas.
310 1174 357 1199 l'bi
370 1173 504 1200 Donatus:
525 1172 593 1198 Bene
608 1178 698 1206 putas,
714 1170 740 1197 h.
755 1180 778 1198 e.
800 1171 881 1198 Rec'le
895 1177 969 1205 putas
979 1191 987 1203 ‚
1002 1171 1069 1206 sapis

1 1211 11 1236 'v'
58 1208 66 1235 l
86 1208 221 1243 intelligis.
241 1209 296 1235 Cic.
317 1209 378 1236 Diu.
400 1209 427 1235 in
441 1210 517 1236 Verr.
531 1213 563 1241 48
578 1217 598 1233 c.
617 1215 640 1239 15
668 1208 698 1233 In
712 1207 849 1234 clamando
865 1207 973 1242 quidem
986 1207 1069 1233 video

1092 536 1120 559 ἰὁ

1541 125 1774 167 BON
2116 143 2191 189 634

1143 208 1195 234 Cui
1207 207 1274 234 bene
1287 207 1357 247 dixit
1369 218 1485 243 vnqiiam
1499 212 1590 240 bono?
1610 215 1678 242 bene
1690 216 1775 243 dixit?
1794 217 1879 244 imino
1895 227 1983 252 quem,
1999 228 2043 248 etc.
2055 225 2126 260 Conf.
2135 226 2188 254 Sal.

1142 243 1199 287 lust.
1214 243 1279 269 Bell.
1294 243 1373 283 Catil.
1388 254 1441 279 cap.
1458 255 1478 277 3.
1516 250 1546 274 Et
1565 251 1648 278 Ouid.
1663 253 1748 279 Trist.
1763 260 1785 285 5,
1800 262 1825 286 9,
1840 262 1856 286 9
1883 253 1941 280 Nec
1961 255 2013 281 tibi
2027 260 2129 286 ceffaret
2143 261 2189 288 do.

1143 282 1199 305 ctus
1219 278 1480 321 benedicere'leclqr.
1497 285 1517 322 ι’.
1532 286 1642 313 laudare.
1679 290 1745 315 Hor.
1763 289 1841 324 Epist.
1855 298 1880 322 2,
1894 298 1913 321 1,
1928 298 1967 323 135
2004 306 2048 311 ——-
2086 296 2190 323 vertere

1142 314 1251 354 niodum
1273 314 1420 358 f0r13¹1dl¹ie
1441 317 1530 348 lustffl,
1567 335 1601 342 —
1639 324 1679 349 Ad
1700 324 1766 350 bene
1789 325 1930 352 dicendum
1953 326 2189 366 delectandumque

1141 349 1250 390 redacti.
1290 351 1371 376 Etmm
1384 351 1426 378 hzc
1439 349 1472 384 est
1485 353 1593 380 laudare.
1623 359 1753 391 Quinctil.
1777 361 1847 388 Decl.
1864 363 1909 394 336
1917 368 1961 397 pr.
1993 364 2024 389 Vt
2045 364 2096 390 hoc
2112 366 2189 394 frati-i

1141 385 1207 411 bene
1226 385 1366 425 diceretur.
1389 387 1436 427 Segi
1447 389 1627 428 locui-*videtur
1642 402 1780 431 corruptus.
1795 397 1863 423 Gell.
1878 400 1904 429 6,
1920 407 1942 424 ιι
1966 399 2032 424 Ειιηι
2047 399 2189 434 indignissi-

1141 429 1213 446 mum
1228 421 1362 461 arbitror,
1383 432 1425 448 cui
1437 432 1452 448 a
1467 432 1533 450 Viris
1548 424 1625 451 bonis
1637 427 1703 455 bene
1718 431 1820 459 dicatur
1856 439 1911 459 tuin
1933 443 1966 460 ne
1983 434 2110 462 idoneum
2131 438 2190 471 qui.

1140 456 1261 486 deiu‚cui
1272 465 1286 483 a
1301 458 1393 491 probis
1406 459 1474 485 male
1488 459 1599 487 dicatur.
1796 465 1816 503 q
1827 453 1851 493 '2
1889 470 1988 496 Domui
2001 471 2131 498 iustorum
2147 473 2190 499 be.

1139 491 1278 518 nedicetur
1287 493 1390 532 Vulgat.
1401 495 1491 521 Psalm.
1501 504 1549 527 112,
1561 504 1585 522 2.
1600 498 1618 522 ι’.
1631 496 1688 523 bene
1702 509 1716 524 α
1727 501 1775 526 Deo
1782 503 1840 537 fiet.
1861 505 1937 538 EtJic
1952 509 1979 531 in
2004 510 2072 533 acris
2079 508 2181 544 fixepius

1139 525 1160 564 fl
1183 537 1194 560 3
1234 528 1398 562 Eccleyzastici
1410 530 1536 557 Auctorcr
1548 541 1601 557 cum
1614 533 1694 568 accus.
1707 537 1822 571 iungunt.
1844 539 1963 567 Tertiill.
1980 507 2011 568 dle
2027 544 2093 571 Orat
2114 553 2142 570 ca
2177 554 2189 577 3

1140 564 1216 589 Plane
1231 563 1445 592 benediciDeum
1460 568 1537 592 omni
1553 567 1612 593 loco
1625 577 1654 594 ac
1668 577 1788 604 tempore
1795 575 1929 603 condecet.
1951 578 2027 612 Apul.
2042 580 2074 605 ad
2087 554 2168 606 lircil&

1139 609 1164 634 p.
1181 608 1219 639 ior
1242 600 1428 627 Benedicenres
1442 602 1527 642 Deum
1537 609 1712 643 ¹orantesque.
1735 607 1933 644 Lactant.7,14‚
1952 621 1973 638 ιι
1995 590 2190 649 Κεσμιὶειιίιάξέ0

1141 636 1268 675 Γςριιῑηο,
1283 645 1397 670 eumque
1419 637 1564 664 benedixit.
1604 640 1644 666 Sic
1664 640 1927 679 Altariiiin‚tili1un,
1946 649 2049 676 fontem
2080 659 2116 678 etc
2146 652 2190 679 be-

1140 670 1428 711 nedicerefrcquentia.
1448 674 1505 699 Vid.
1526 674 1596 709 Sulp.
1612 675 1700 703 Seuer.
1719 686 1738 709 1,
1753 685 1779 711 7.
1817 679 1854 705 Id.
1870 680 1902 706 de
1917 683 1984 710 Virt.
1997 670 2075 712 Mar’t,
2091 697 2102 708 ο
2119 672 2142 715 ’2
2166 696 2190 715 et

1140 706 1209 733 Vi&
1230 708 1297 734 Vtic.
1324 707 1357 734 de
1378 708 1446 734 Pers.
1468 710 1552 735 Vand.
1575 719 1596 736 2.
1619 712 1687 748 conf.
1710 713 1812 749 Cajlmb.
1834 716 1919 743 Exere.
1942 723 1974 744 16
1989 728 2076 748 contra
2091 707 2180 751 „Bar-on

1145 744 1235 770 Theor.
1247 753 1284 775 33.
1306 744 1377 770 Grot.
1392 744 1425 770 ad
1439 745 1535 771 Matih.
1551 750 1593 777 26,
1609 756 1644 781 25-
2184 745 2189 752 ’

1172 778 1382 819 .ΒΕΝΕ[)“ι”(;Ε.
1402 780 1470 806 Adii.
1508 781 1661 816 [ἕωφὴμως]
1696 783 1778 810 Plaut.
1794 785 1863 812 Afin.
1879 796 1898 819 i,
1912 797 1935 820 3,
1950 798 1981 822 54
2008 792 2094 820 Aliam
2109 801 2135 821 at
2157 804 2190 822 ue

1139 815 1206 841 olim
1226 824 1309 850 quom
1329 811 1461 843 illiciebas
1479 825 1521 843 me
1539 816 1571 843 ad
1590 825 1615 843 te
1638 817 1732 844 blande
1746 829 1775 846 ac
1797 820 1931 850 benedice.
1952 825 2038 852 Aulul.
2061 839 2088 861 4,
2105 804 2190 866 ¹0:³57

1139 851 1214 877 Bono
1236 851 1328 877 animo
1348 860 1375 878 es
1394 858 1419 879 et
1439 852 1575 880 benedice.
1604 853 1674 879 Iubet
1694 855 1763 880 illum
1783 855 1912 891 ἐυφημᾶν,
1932 859 1994 886 bona
2009 864 2083 890 verb„
2098 865 2187 893 ,isare-

942 886 1072 919 Praecipis
1087 888 1121 912 20
1138 887 1178 913 Sic
1193 886 1272 920 Castu.
1287 896 1310 917 2,
1326 895 1349 920 5,
1369 892 1396 920 38
1437 887 1582 920 Benedice,
1602 889 1645 915 ubi
1654 888 1807 924 simpliciter
1819 902 1911 929 quoque
1930 896 2031 929 ἕυφήμα
2046 898 2175 936 fignificat

1129 921 1184 956 fine
1204 922 1345 949 niluerbium
1363 926 1514 960 accipiamus
1529 932 1578 961 pro
1599 923 1776 953 Interiec‘lione
1793 927 1915 962 positum,
1939 932 1994 965 stuc
2014 922 2190 969 Imperatimm:

1137 958 1298 984 Archaicum.

1161 1000 1216 1035 .B.E
1226 1001 1248 1035 N
1258 1000 1274 1020 E
1283 1001 1301 1020 D
1310 1001 1319 1020 1
1329 1001 1346 1021 C
1355 1002 1376 1022 T
1385 1002 1406 1021 V
1415 1002 1440 1022 M
1448 1015 1456 1028 ,
1477 995 1496 1022 i.
1516 1005 1543 1022 n.
1580 995 1744 1032 [ἐυλόγημοι,
1765 998 1896 1035 gemmulae]
1934 1002 2027 1028 illelius
2048 1012 2071 1030 et
2088 1006 2133 1033 hoc
2152 1008 2190 1035 di..

1136 1029 1191 1055 vrdl
1207 1029 1317 1055 videtur.
1337 1030 1385 1057 Sed
1396 1031 1508 1058 iunH'um
1520 1031 1590 1058 dedit
1613 1042 1638 1058 v.
1671 1053 1677 1059 .
1693 1036 1767 1060 etiam
1780 1036 1908 1061 Bentlems
1918 1036 1986 1063 Ter.
2000 1040 2068 1072 prol.
2084 1042 2189 1071 Phorm.

42 1059 43 1062 ’
65 1085 73 1099 ‚
92 1064 200 1100 gaudeo,
231 1064 288 1091 Vni,
317 1072 530 1092 PROVENlo.
568 1063 637 1091 Bene
661 1063 798 1090 Promittis
818 1064 901 1090 multa
921 1073 953 1090 ex
972 1064 1071 1095 multis,
1089 1072 1120 1099 25
1138 1073 1174 1091 21.
1211 1065 1360 1092 Benedictis
1379 1066 1396 1092 fi
1412 1068 1544 1100 certafi'et,
1569 1068 1680 1095 audisset
1693 1068 1769 1096 bene.
1807 1071 1848 1098 Sic
1857 1072 1996 1098 Gronouius
2011 1075 2066 1102 Cic.
2081 1077 2188 1106 inBrut.

1136 1108 1184 1132 322
1199 1109 1220 1126 c.
1233 1109 1273 1133 93.
1310 1101 1400 1128 Nemo
1414 1103 1461 1138 qiii
1476 1102 1673 1138 philosophiam
1687 1105 1840 1140 complexus
1861 1107 1920 1133 effet
1936 1114 2047 1136 matrem
2069 1114 2191 1142 oninium

1135 1135 1338 1176 benefactorum
1352 1137 1473 1173 beneque
1491 1139 1643 1173 dictorum,
1657 1147 1701 1167 etc.
1739 1141 1820 1169 Plaut.
1835 1143 1902 1170 Pers.
1920 1153 1947 1177 4,
1961 1153 1984 1177 3,
1998 1154 2044 1179 24.
2114 1149 2191 1176 Bene-

1136 1171 1214 1212 dictis
1235 1173 1287 1212 tuis
1309 1172 1448 1201 benefacta
1468 1183 1545 1202 aures
1560 1185 1633 1202 meae
1645 1174 1778 1204 auxilium
1792 1178 1931 1212 postulant.
1959 1182 1990 1207 Et
2004 1183 2082 1209 Curc.
2092 1192 2119 1217 4,
2129 1191 2191 1216 2,28

1137 1208 1256 1242 Indignis
1275 1208 1293 1235 li
1315 1210 1499 1243 maledicitur,
1524 1211 1697 1238 maledictum
1715 1213 1743 1239 id
1761 1215 1811 1240 effe
1830 1215 1907 1248 dico,
1928 1217 2029 1244 Verum
2043 1218 2061 1245 [i
2081 1220 2190 1255 dicitur,

11 1259 16 1263 ·
50 1253 84 1271 ini
102 1245 149 1271 else
168 1243 234 1271 bene
251 1243 388 1271 robustum
411 1250 489 1279 atque
509 1243 691 1270 exercitatum.
720 1243 788 1269 Ter.
805 1243 879 1270 Adel.
900 1252 927 1276 4,
942 1252 967 1275 2,
981 1251 1017 1278 47
1041 1250 1068 1270 D.
1088 1252 1119 1276 3ο
1137 1244 1308 1271 benedictum
1323 1245 1367 1272 est.
1404 1247 1514 1274 Cei-tare
1534 1247 1691 1275 benedictis
1725 1249 1783 1275 Vid.
1804 1253 1831 1276 in
1853 1258 1991 1279 (τιᾶραι-ο.

10 1292 13 1307 ι
53 1279 97 1307 uid
118 1279 158 1306 ibi
181 1280 259 1307 faciti
286 1287 309 1307 s.
330 1279 440 1307 lectulos
460 1281 489 1306 in
509 1279 562 1306 sole
582 1279 687 1313 iligneis
700 1279 812 1312 pedibus
831 1278 970 1305 faciundos
983 1278 1068 1305 dedit.

23 1315 25 1317 ’
51 1336 57 1342 .
76 1315 124 1343 vbi
138 1316 233 1353 potetis
246 1317 310 1343 vos?
332 1324 359 1344 D.
380 1317 440 1343 sane
453 1315 528 1342 bene.
572 1315 620 1342 Vbi
634 1315 768 1346 Donatus,
787 1315 838 1340 Hic
852 1314 940 1340 ironia
954 1315 999 1346 est,
1014 1323 1070 1341 non

13 1378 15 1381 ,
46 1351 189 1386 ·probatio.
206 1353 262 1380 Alii
272 1353 365 1389 legunt,
378 1352 458 1379 Recte
472 1352 540 1379 sane.
589 1351 657 1377 Bene
671 1350 751 1376 Sanus
764 1351 832 1376 Hor.
847 1350 929 1376 Serm.
944 1359 969 1382 2,
985 1359 1007 1382 3,
1022 1358 1067 1385 74.

46 1390 106 1414 iam
121 1388 177 1415 Cic.
193 1387 224 1415 de
237 1388 293 1415 Fin.
309 1397 329 1421 ι,
367 1408 373 1415 .
412 1408 418 1415 .
491 1387 589 1414 Mentis
604 1386 670 1413 bcne
684 1386 765 1412 Sanae
779 1386 862 1413 homo
870 1387 938 1412 Hor.
953 1387 1036 1413 Sei-in.
1048 1395 1069 1419 i,

105 1443 111 1450 .
182 1423 300 1452 Scribere
314 1424 410 1451 melius
429 1423 467 1451 Id:
482 1423 563 1450 Serm.
575 1427 588 1449 ’1
597 1439 605 1455 ,
620 1430 664 1454 10,
678 1429 724 1457 47.

49 1459 126 1493 epub.
144 1459 199 1487 Cic.
218 1460 330 1495 Philipp.
346 1469 390 1494 14,
429 1480 435 1486 .
472 1479 479 1486 .
516 1460 583 1486 Hor.
602 1459 688 1485 Carm.
704 1467 726 1490 3,
740 1465 782 1492 27,
797 1466 836 1492 57.
873 1458 949 1484 Potes
970 1457 1020 1484 hoc
1034 1457 1067 1484 ab

7 1506 16 1523 n
49 1503 91 1521 ·no
105 1495 246 1523 Pendulam
259 1497 330 1523 Zona
343 1495 409 1523 bene
422 1495 586 1531 (opportune)
601 1500 625 1521 te
638 1495 724 1520 secuta
740 1493 840 1520 elidere
855 1493 962 1520 collum.
1007 1494 1068 1528 Spe-

28 1543 29 1549 .
52 1534 80 1555 re
94 1530 160 1556 bene
173 1531 237 1558 Plin.
254 1540 296 1566 17,
311 1541 337 1565 9.
389 1531 498 1566 Sperare
516 1531 610 1557 melius
629 1529 710 1557 Ouid.
725 1529 804 1564 Epist.
817 1539 846 1562 2,
860 1532 899 1556 61.
953 1529 1068 1556 Suadere

51 1565 118 1591 elius
129 1567 197 1592 Hor.
212 1567 290 1602 Epist.
307 1575 325 1598 1,
341 1576 359 1597 1,
375 1575 412 1599 23.
449 1565 566 1593 Succeffit
580 1565 646 1593 bene
660 1566 730 1592 Ter.
746 1564 821 1591 Adel.
837 1572 862 1597 2,
877 1575 904 1599 4,
919 1574 958 1598 23.
996 1566 1066 1592 Sum.

44 1824 108 1843 rm.
127 1824 155 1848 3,
169 1817 207 1849 16,
220 1825 259 1850 44
294 1830 339 1836 --
374 1817 442 1842 Bene
454 1815 491 1841 est
505 1815 548 1841 cui
562 1815 624 1841 deus
637 1815 745 1842 obtulit.
817 1816 904 1848 Parca,
918 1815 991 1850 quod
1004 1816 1067 1842 satis

43 1854 47 1861 ⁹
66 1870 74 1883 ,
86 1853 175 1878 manu.
209 1851 254 1878 Ad
269 1854 363 1913 copiam
380 1858 403 1883 es
415 1851 538 1877 commoda
558 1854 595 1877 rei
608 1851 765 1887 familiaris.
786 1851 868 1878 Plaut.
883 1852 940 1878 Cas.
958 1859 984 1883 2,
999 1861 1020 1883 3,
1035 1854 1067 1884 36

61 1886 120 1913 cilla
134 1886 223 1914 Casina
243 1892 271 1914 vt
305 1892 363 1915 etur
381 1893 495 1922 nuptum
514 1887 605 1913 nostro
625 1886 734 1918 villico,
750 1888 826 1913 seruo
846 1887 935 1920 frugi:
955 1886 1003 1912 vbi
1022 1887 1066 1913 illi

2 1932 13 1950 'e
52 1930 85 1948 ne
101 1922 132 1949 fit
150 1922 240 1956 ligno,
263 1932 330 1958 aqua
346 1922 446 1954 calida,
467 1922 539 1955 cibo,
554 1922 718 1949 vestimentis
734 1929 779 1948 etc.
814 1922 883 1948 Aild.
899 1921 936 1948 ib.
951 1930 974 1954 3,
988 1931 1017 1955 4,
1032 1931 1066 1955 15.

50 1967 93 1984 irc.
106 1967 134 1992 4,
147 1967 173 1991 2,
185 1967 220 1991 31.
248 1958 344 1986 Catull.
360 1967 400 1991 23,
415 1966 449 1991 15.
477 1960 546 1985 Hor.
561 1958 640 1993 Epist.
655 1967 675 1990 ι,
690 1966 729 1990 ιο,
744 1962 781 1988 88.
842 1958 910 1984 Bene
925 1957 1014 1984 hercle
1027 1958 1064 1984 est

9 2002 14 2021 i
48 2002 90 2020 ain
102 1994 154 2021 tibi
167 1993 234 2020 bene
248 1994 336 2022 valere
352 2000 378 2020 et
397 1995 490 2020 viuere
504 1994 585 2021 Plaut.
600 1993 682 2020 Trin.
698 1995 755 2026 1,¹2‚
771 2001 809 2026 i4.
837 1993 861 2020 h.
875 2002 895 2020 ε.
918 1994 1015 2020 Gaudeo
1034 1995 1065 2020 il-

76 2027 144 2056 reth
156 2031 246 2057 valere.
301 2029 348 2058 Sed
364 2030 399 2056 ad
418 2028 524 2064 officium
543 2029 719 2065 deprecandum
728 2032 863 2064 pertinet,⁴
878 2036 908 2055 vt
931 2029 1064 2063 Benigne!

56 2064 97 2091 illo
107 2064 189 2092 Plaut.
203 2065 293 2092 Pseud.
307 2074 333 2098 2,
348 2074 375 2099 4,
392 2075 421 2098 23
441 2073 490 2093 CH.
513 2066 586 2099 Qiiri
601 2072 639 2098 tu,
653 2064 785 2100 quidquid
797 2074 863 2099 opus
877 2064 924 2097 est,
938 2065 1064 2091 audacter

29 2109 139 2134 aperas.
167 2107 209 2128 rs.
230 2102 406 2136 Tamgratia
424 2101 460 2128 est
481 2105 569 2137 (quam
580 2100 606 2134 st
623 2100 778 2135 aeccptffim)
802 2101 872 2126 Bene
886 2100 917 2124 fit
929 2099 1062 2124 Charine:

55 2181 81 2198 ce
100 2181 141 2198 um
153 2170 188 2204 es?
200 2172 282 2198 Plaut.
296 2173 377 2198 Merc.
393 2179 415 2202 2,
428 2179 453 2203 2,
468 2179 500 2203 54
525 2169 566 2196 Ad
578 2176 686 2204 portum
704 2175 834 2202 propero:
854 2176 915 2193 nam
936 2165 977 2194 ibi
990 2166 1061 2194 milri

0 2234 1 2237 ,
25 2206 150 2242 gotium
171 2206 215 2232 est.
243 2213 271 2232 D.
290 2207 360 2232 Bene
373 2205 518 2232 ambulate.
553 2212 580 2231 L.
600 2204 668 2231 Bene
686 2203 784 2231 valeto.
810 2210 839 2230 D.
857 2203 927 2230 Bene
947 2203 979 2230 fit
998 2202 1060 2230 tibi.

32 2247 38 2276 ξ
50 2244 94 2267 ‘am
105 2241 204 2268 Melius
220 2250 272 2267 cum
283 2241 357 2268 verbo
370 2241 427 2268 siim
442 2243 513 2267 varie
522 2243 641 2275 ponitur:
668 2239 752 2266 Plaut.
764 2239 838 2266 Men.
854 2246 877 2272 5,
892 2247 918 2272 9,
932 2248 960 2272 32
989 2239 1060 2266 Post.

33 2280 39 2296 ·'
52 2281 141 2319 autem
154 2276 264 2311 patriam
278 2283 358 2312 atque
372 2282 475 2311 patrem
486 2282 630 2303 memorat:
655 2275 751 2302 melius
764 2283 812 2301 nos
826 2274 863 2301 est
876 2275 966 2308 adire,
979 2281 1060 2310 atque

796 1422 898 1448 Sentii-e
919 1423 1021 1456 optime
1035 1422 1068 1448 de
1087 1434 1115 1459 3)-
1136 1419 1272 1457 Trisineg.
1287 1433 1311 1458 p.
1327 1432 1369 1456 92.
1383 1431 1409 1451 et
1424 1426 1494 1452 Paul.
1509 1427 1609 1453 Nolan.
1626 1427 1706 1461 Epist.
1720 1436 1758 1459 32.

1083 1968 1114 1993 30

1173 1287 1188 1307 B
1198 1287 1214 1307 E
1225 1288 1246 1307 N
1255 1288 1271 1307 E
1281 1288 1299 1307 D
1309 1289 1318 1307 1
1327 1289 1344 1309 C
1353 1289 1375 1308 Τ
1383 1290 1404 1309 V
1414 1290 1427 1309 S
1437 1303 1445 1315 ‚
1464 1288 1479 1309 a
1487 1303 1495 1315 ,
1515 1293 1570 1310 inii.
1619 1285 1673 1310 Vox
1678 1283 1813 1347 13frequens
1832 1287 1900 1322 apud
1918 1287 2106 1322 Erchfiasticos.
2131 1292 2190 1319 Vid.

1136 1316 1246 1343 Tertul.
1264 1316 1296 1343 ad
1310 1318 1390 1346 Mart.
1404 1327 1459 1353 cap.
1476 1327 1494 1345 1.
1533 1319 1606 1346 Idem
1626 1319 1657 1346 de
1700 1322 1802 1355 aptism.
1825 1331 1879 1357 cap.
1893 1328 1914 1353 8.
1930 1330 1956 1350 et
1977 1324 2009 1351 de
2024 1326 2120 1354 Anima
2134 1337 2190 1363 cap.

1138 1360 1181 1386 27.
1203 1352 1276 1388 Confi
1286 1353 1400 1380 Hieron.
1410 1355 1438 1380 in
1446 1355 1507 1381 Vita
1516 1355 1602 1382 Hilar.
1623 1355 1714 1383 Herba
1723 1357 1863 1385 benedicta
1870 1360 1948 1393 Apul.
1963 1360 1995 1387 de
2004 1362 2086 1388 Herb.
2096 1372 2117 1390 c.
2125 1366 2162 1391 61.

1173 1394 1213 1414 ΒΕ
1223 1395 1244 1413 N
1254 1395 1270 1414 E
1281 1392 1299 1415 ι]
1308 1396 1318 1415 1
1327 1395 1391 1415 CT1
1402 1397 1436 1419 o,
1459 1391 1526 1416 onis.
1549 1392 1567 1417 f.
1589 1393 1652 1418 Alia
1666 1402 1716 1418 vox
1729 1395 1756 1418 in
1768 1394 1854 1428 sacris
1866 1395 2031 1432 usitatzffima.
2045 1398 2102 1424 Vid.
2111 1400 2191 1434 Apul.

1772 1437 1798 1455 n.
1813 1434 1836 1458 8.
2014 1444 2018 1449 ·

1172 1465 1188 1485 Β
1197 1466 1214 1485 E
1224 1465 1245 1485 N
1254 1466 1271 1485 Ε
1281 1466 1298 1485 D
1309 1458 1345 1487 fc
1354 1467 1374 1485 V
1384 1467 1396 1486 s
1407 1481 1415 1493 ‚
1433 1470 1456 1491 a,
1476 1471 1530 1488 uin.
1552 1462 1614 1489 Adi.
1636 1464 1678 1497 [χ
1693 1463 1825 1499 ηςολόγος]
1850 1464 1891 1490 Ab
1901 1465 1946 1491 hoc
1952 1465 2096 1501 formatum
2107 1470 2194 1499 videri

1130 1491 1213 1530 po'tcsl
1227 1494 1296 1522 Adu.
1319 1494 1477 1537 υΒεῐιεάἑαε,
1493 1498 1615 1533 etsuadet
1627 1474 1818 1530 Mafedicusfie’
1831 1501 1910 1535 quofl
1923 1502 1940 1527 Ι.

1172 1537 1188 1557 Β
1197 1538 1213 1557 Ε
1223 1538 1244 1557 Ν
1254 1538 1271 1558 Ε
1282 1538 1298 1558 F
1307 1538 1328 1558 A
1337 1538 1354 1558 C
1363 1539 1372 1558 1
1382 1539 1401 1558 Ο
1410 1552 1418 1564 ,
1439 1534 1491 1559 ere.
1530 1533 1644 1566 [ἔυπαιέω
1652 1551 1660 1564 ,
1680 1533 1814 1568 α’γαθύνω]
1852 1537 1883 1561 In
1901 1536 1959 1562 anti
1977 1538 2087 1565 uioribus
2106 1540 2193 1568 editio-

1136 1565 1289 1628 'libusfsaepe
1303 1567 1337 1593 ad
1347 1577 1422 1594 ‘imam
1435 1578 1516 1594 vocem
1530 1572 1662 1605 iungitur,
1673 1569 1752 1605 nescio
1767 1579 1839 1606 quemi
1851 1571 1918 1598 bene.
1971 1581 2008 1599 er.
2023 1574 2087 1601 Eun.
2098 1584 2121 1609 5,
2128 1585 2155 1610 9,
2164 1580 2193 1605 61

0 1548 1 1559 l

2 1610 30 1634 ς’)
51 1619 58 1632 ,
70 1601 137 1628 Hor.
158 1602 238 1628 Serui.
253 1610 278 1634 2,
295 1611 317 1634 2,
334 1610 379 1628 120
414 1617 460 1622 —
496 1602 562 1629 bene
584 1609 655 1634 erat,
675 1608 729 1628 non
749 1600 864 1635 piscibus
883 1601 949 1627 vrbe
969 1602 1068 1635 petitis,
1082 1606 1119 1635 40
1135 1603 1204 1628 Bene
1219 1603 1309 1630 ecisti:
1328 1603 1440 1638 gratiam
1449 1598 1535 1631 babeo
1547 1613 1701 1631 maximam.
1725 1606 1807 1632 Remi.
1821 1605 1933 1634 diuidit:
1953 1615 1982 1634 vt
1996 1610 2192 1641 etflencarm.

0 1648 14 1679 Ξ.
79 1637 154 1671 pullo
167 1644 245 1672 atque
258 1637 362 1670 hoedo,
378 1644 423 1665 etc.
443 1641 462 1664 i.
484 1638 649 1673 epulabantur.
670 1637 711 1664 Sic
729 1637 811 1663 Plaut.
825 1638 896 1663 Men.
909 1646 936 1670 4,
950 1646 975 1669 2,
989 1646 1019 1670 39
1041 1637 1069 1664 Si
1135 1647 1164 1671 4,
1179 1647 1202 1671 5,
1216 1647 1244 1665 21
1288 1654 1333 1659 —-
1370 1645 1456 1675 neque
1493 1640 1520 1667 Si
1531 1640 1638 1667 chartae
1657 1640 1762 1674 fileant,
1775 1641 1847 1676 quod
1869 1642 1936 1669 bene
1949 1644 2046 1671 feceris
2055 1666 2063 1679 ,
2091 1648 2192 1676 Merce.

0 1684 7 1700 :
46 1672 131 1706 piam,
156 1672 218 1700 binc
237 1674 309 1700 intro
328 1674 436 1706 abeam,
461 1673 509 1700 vbi
529 1673 598 1699 mihi
612 1673 681 1700 bene
701 1672 739 1699 fit.
770 1675 802 1699 lt.
818 1681 838 1705 3,
852 1681 876 1704 2,
891 1681 925 1698 zo
959 1673 1068 1700 Minore
1135 1674 1195 1700 dem
1211 1674 1312 1701 tuleris.
1349 1675 1407 1702 Cic.
1422 1676 1476 1702 Att.
1492 1685 1530 1708 12,
1544 1686 1585 1711 24.
1607 1677 1740 1703 Benefecit
1754 1678 1786 1703 A.
1800 1678 1950 1714 Silius,qui
1965 1682 2121 1717 transegerit
2151 1686 2180 1712 Id

0 1718 17 1736 ἰ-
47 1707 145 1744 isquam
157 1708 224 1736 bene
237 1709 280 1736 fui
294 1709 442 1744 dispendio.
459 1709 528 1735 Ter.
543 1708 592 1735 Ad.
607 1718 627 1741 1,
643 1718 663 1740 i,
678 1717 694 1740 9
723 1709 759 1735 Etr
776 1708 828 1734 tibi
849 1707 915 1734 bene
936 1709 983 1734 ess'e
1007 1708 1067 1741 soli,
1135 1710 1188 1736 Att.
1203 1717 1230 1744 7,
1269 1730 1275 1735 .
1314 1730 1320 1737 .
1359 1711 1398 1738 Dc
1417 1712 1508 1738 animo
1527 1719 1617 1739 autem
1631 1721 1691 1739 meo
1711 1721 1773 1748 erga
1786 1714 1917 1749 Reinpub.
1930 1715 1997 1742 bene
2011 1717 2076 1745 facis
2116 1705 2191 1755 duod

0 1747 15 1786 ⁴
53 1752 80 1770 m
91 1744 141 1771 fibi
154 1744 184 1771 fit
199 1745 274 1772 male.
294 1745 374 1774 Plaut,
389 1745 477 1771 Truc.
491 1753 519 1778 4,
534 1753 559 1777 2,
573 1749 603 1774 28
632 1744 670 1770 De
685 1752 717 1770 eo
738 1747 876 1781 (argento)
896 1743 963 1770 bene
977 1745 1067 1771 sumus
1134 1752 1189 1772 non
1208 1745 1321 1773 dubitas.
1367 1747 1412 1774 Ne
1430 1748 1541 1782 ingratis
1561 1748 1671 1783 quidem
1690 1748 1846 1776 benefacere
1865 1750 1985 1778 abfistam
2003 1752 2064 1782 Liu.
2084 1739 2117 1787 '36
2152 1764 2182 1789 3-

4 1787 14 1815 4
48 1788 62 1806 a
79 1779 189 1807 virtute.
232 1780 280 1808 Sed
292 1782 379 1813 latius,
397 1786 515 1815 patet‚et
533 1780 567 1805 ad
582 1785 660 1805 totam
672 1779 826 1815 felicitatem
841 1782 963 1814 pertinet.
999 1781 1066 1807 Hor.
1083 1792 1116 1818 45
1134 1781 1294 1808 Renefacere
1314 1791 1376 1816 erga
1399 1783 1435 1809 ali
1457 1792 1519 1810 ueni
1540 1783 1660 1810 laudatur
1674 1784 1758 1810 Plaut.
1773 1782 1857 1811 Trin.
1871 1792 1893 1818 ς,
1906 1795 1935 1818 4,
1949 1797 1976 1820 4.
1997 1788 2053 1814 Cic.
2068 1775 2190 1820 Iniie'nt.³i

1133 1824 1198 1857 extr.
1210 1817 1289 1857 'Male
1303 1817 1413 1858 ti·a&ari
1428 1827 1441 1844 a
1478 1820 1521 1853 iis,
1537 1819 1635 1853 quibus
1650 1818 1871 1860 benefecerimus.
1897 1820 1966 1861 Ter.
1986 1822 2061 1851 Adel.
2077 1832 2099 1858 3,
2114 1834 2141 1861 7,
2155 1837 2191 1855 20

1133 1853 1181 1878 Dii
1196 1852 1253 1892 tibi.
1263 1852 1438 1892 benefaciant.
1474 1854 1544 1881 Gell.
1562 1862 1585 1887 5,
1595 1863 1614 1894 3-
1628 1855 1670 1880 Mi
1685 1854 1843 1895 adolescens,
1856 1862 1962 1891 inquit,
1976 1866 2037 1886 cum
2050 1860 2190 1896 ingenium

1132 1887 1319 1949 bgffiegfflenm
1344 1887 1454 1921 habeas,
1475 1890 1534 1916 sunt
1561 1897 1666 1916 maiora
1689 1890 1865 1925 melioraque,
1886 1900 1954 1926 quae
1976 1894 2064 1922 facere
2084 1906 2189 1928 mecum

1132 1932 1156 1999 Ρ.
1170 1966 1185 1985 13
1194 1966 1211 1999 ιτ,
1219 1966 1242 1985 N
1250 1965 1267 1986 E
1277 1966 1341 1986 1²10
1350 1976 1358 1992 ,
1383 1960 1432 1986 eri.
1442 1961 1514 1998 *Pam
1535 1956 1604 2000 Plin.
1615 1960 1709 2000 Paneg.
1724 1964 1760 1993 70
1779 1960 1923 1994 Qudquid
1937 1971 1952 1988 a
1964 1972 2073 2000 quoque
2085 1967 2114 1994 in
2127 1970 2190 1997 Pro-

1131 2003 1227 2020 vinciis
1241 1994 1400 2023 benefieret,
1413 1993 1488 2020 scire.
1525 1995 1620 2019 Melius
1632 2000 1656 2033 ‘f'
1668 1994 1710 2019 hic
1723 1993 1791 2020 bene
1802 1994 1887 2022 fieret.
1916 1997 1965 2025 Sed
1979 2000 2093 2028 iunt‘tum
2107 2005 2190 2032 editur

1129 2031 1342 2089 marainfffzigfiirg,
1356 2037 1382 2059 2,
1398 2033 1442 2057 108
1474 2028 1556 2061 Qiod
1577 2028 1657 2055 bonis
1677 2027 1778 2056 benefic
1798 2029 1958 2059 beneficium
1968 2051 1976 2066 ,
1990 2037 2076 2070 gratia
2088 2047 2118 2066 ea
2131 2049 2190 2076 gra.

1166 2104 1180 2123 B
1190 2103 1206 2123 E
1216 2105 1236 2123 N
1246 2104 1263 2123 E
1272 2104 1288 2123 F
1296 2104 1319 2124 A
1327 2104 1344 2124 c
1353 2105 1374 2125 T
1383 2105 1405 2124 v
1414 2105 1427 2125 s
1447 2094 1539 2126 editum
1558 2097 1592 2132 est
1606 2103 1682 2126 etiam
1694 2102 1721 2126 in
1737 2101 1899 2130 Gronouiana
1912 2102 1968 2131 Cic.
1982 2104 2015 2133 de
2028 2108 2110 2137 Vniu.
2124 2121 2146 2139 c.
2163 2121 2188 2146 13

32 2136 79 2162 ›lo
91 2135 144 2163 tibi
156 2136 279 2164 molestos
292 2138 340 2164 esse
352 2146 408 2164 nos.
433 2137 491 2163 Vid.
507 2135 604 2167 deinde,
618 2135 687 2162 Bene
702 2137 793 2161 Vocas.
821 2135 943 2167 optantis
956 2131 1062 2167 felicem
1080 2143 1108 2170 53
1129 2132 1188 2159 Nifi
1203 2138 1330 2168 quatenus
1345 2133 1399 2168 ipse
1412 2133 1566 2162 benefacias
1579 2134 1629 2162 fibi
1641 2136 1747 2171 aliquid
1760 2138 1884 2166 miseriae
1897 2149 2045 2176 quaereret.
2075 2147 2124 2174 Sed
2139 2149 2187 2185 leg.

1129 2168 1207 2205 diuise
1220 2168 1286 2196 bene
1301 2169 1394 2197 fac'tus.

1165 2211 1181 2231 Β
1190 2212 1206 2231 Ε
1215 2212 1261 2232 NE
1270 2212 1287 2232 F
1295 2213 1318 2233 A
1326 2209 1343 2233 C
1351 2212 1372 2233 T
1381 2214 1390 2233 1
1400 2213 1419 2234 o
1428 2225 1436 2239 ‚
1456 2203 1524 2233 anis.
1546 2206 1567 2233 f.
1589 2204 1709 2235 Tertull.
1731 2208 1792 2236 adu.
1807 2208 1890 2238 Mare.
1904 2221 1933 2246 4,
1946 2210 1980 2240 12:

1163 2247 1179 2268 Β
1188 2248 1205 2268 Ε
1214 2249 1236 2268 Ν
1244 2249 1261 2268 F.
1272 2248 1288 2268 F
1297 2249 1318 2268 A
1327 2249 1344 2269 C
1354 2249 1375 2269 T
1386 2249 1405 2269 0
1414 2249 1449 2283 R,
1470 2243 1535 2269 oris.
1557 2252 1591 2270 m.
1627 2244 1641 2277 [
1647 2243 1788 2280 ivgpys'rns]
1824 2247 1934 2283 Coripp.
1950 2249 1984 2276 de
1996 2249 2079 2278 Laud.
2093 2236 2186 2282 lustin,

1127 2276 1194 2312 Imp.
1211 2286 1231 2310 1,
1248 2286 1276 2304 12
1294 2279 1453 2305 Communis
1464 2277 1621 2305 benefactor
1638 2279 1717 2306 alens.
1745 2280 1804 2307 Vici.
1827 2282 1931 2318 Sciopp.
1953 2285 1982 2312 in
1995 2286 2063 2313 Vois.
2081 2287 2115 2315 de
2129 2291 2186 2317 Vit.

0 2316 1 2319 ’
69 2321 83 2340 e
91 2313 282 2348 percontarier.
317 2313 387 2340 Ter.
396 2312 478 2339 Andr.
488 2320 541 2345 2,5‚
551 2321 575 2345 15
593 2313 694 2338 Verum
707 2311 777 2337 illud
789 2310 906 2338 verbum
919 2311 964 2344 est,
978 2312 1060 2346 vulgo
1079 2314 1115 2342 60
1126 2313 1207 2339 Serm.
1222 2313 1251 2339 L.
1264 2320 1290 2348 p.
1305 2323 1331 2347 9.

13 2376 19 2379 ,
32 2363 33 2367 =
44 2362 75 2385 ¹4.*
94 2348 149 2375 dici
170 2348 251 2381 solet,
270 2348 370 2375 Omnes
383 2348 432 2375 fibi
445 2349 541 2375 melius
551 2347 632 2375 malle
652 2348 715 2380 effe,
730 2355 810 2382 quam
822 2346 907 2374 alteri.
962 2347 1060 2374 Melius

7 2386 31 2425 ,εἶ’
43 2387 73 2432 ,ᾗ
90 2384 177 2425 omini
189 2383 258 2426 nihil
279 2384 362 2419 potest
375 2385 431 2426 Cic.
449 2384 481 2411 de
496 2385 554 2411 Fin.
570 2392 589 2416 1,
604 2386 643 2416 63.
667 2419 675 2432 ⁷
687 2383 727 2410 Id.
742 2384 856 2424 Tusca,
870 2385 901 2413 86
931 2384 1059 2418 Pompeio

8 2447 28 2472 Ἰ,
43 2432 94 2466 ἃ)
112 2420 241 2447 familiari
256 2429 338 2455 quum
353 2426 470 2456 grauiter
482 2426 631 2455 aegrotaret
648 2419 775 2454 lNeapoli,
789 2420 886 2445 meluis
899 2419 935 2446 est
948 2419 1059 2446 factum.

45 2462 148 2484 aeus„
159 2456 241 2484 Plaut.
255 2456 317 2483 Cist.
330 2466 350 2490 1,
365 2466 385 2490 1,
398 2464 430 2492 75
447 2457 523 2483 Bono
536 2457 627 2483 animo
640 2464 682 2488 es,
699 2456 751 2482 erit
771 2455 816 2482 isti
833 2454 932 2481 morbo
952 2455 1059 2488 melius,

47 2527 106 2562 ep'ol
125 2528 220 2555 melius
246 2528 300 2555 iam
319 2527 398 2556 credo
419 2529 494 2562 fore,
515 2529 564 2556 vbi
582 2534 608 2555 te
627 2526 742 2554 videbit.
811 2527 909 2552 Melius
922 2533 992 2552 anno
1007 2525 1058 2553 hoc

41 2562 49 2583 -“
65 2565 69 2570 “
93 2572 149 2590 non
159 2564 214 2591 fuit
224 2563 297 2590 domi
310 2564 393 2591 Plaiit.
407 2564 486 2591 Most.
499 2573 521 2597 3,
534 2573 560 2598 2,
572 2573 592 2591 1.
648 2563 710 2589 Fuit
722 2561 818 2588 melius
832 2562 872 2588 ire
886 2563 954 2588 Hor.
968 2563 1058 2590 Carni.

22 2610 30 2630 ,τ
47 2607 91 2634 27,
105 2607 146 2634 42.
217 2599 278 2626 Fuit
297 2600 393 2626 melius
408 2600 513 2626 nescisse
526 2599 607 2627 Ouid.
629 2599 661 2625 de
676 2599 739 2625 Arte
750 2598 809 2624 Am.
825 2606 847 2630 2,
862 2605 913 2630 553.
981 2598 1058 2633 Opti-

19 2632 23 2647 ³
69 2634 116 2666 est,
130 2635 289 2661 Gratulantis
300 2644 348 2661 vox
362 2635 432 2661 Ter.
446 2634 519 2661 Adel.
533 2643 555 2668 5,
562 2643 605 2669 5‚3
626 2634 699 2668 Qiid
712 2633 757 2660 fit?
775 2633 842 2668 quid
855 2633 960 2668 agitur?
978 2640 1001 2661 s.
1016 2643 1057 2662 re-

14 2697 17 2699 ,
57 2689 65 2696 .
81 2676 110 2696 D.
129 2669 230 2704 optime
245 2669 290 2696 cst.
308 2669 376 2697 Add.
389 2670 472 2696 Plani.
485 2669 577 2698 Bacch.
590 2680 613 2704 3,
626 2679 654 2704 4,
667 2678 689 2703 3.
704 2676 728 2697 et
741 2679 770 2703 4,
785 2671 810 2702 6,
826 2678 858 2701 ¹3-
876 2673 906 2696 it.
923 2668 980 2696 Cas.
995 2678 1018 2704 5,
1032 2679 1058 2703 2,

10 2715 12 2718 >
41 2721 45 2725 -
116 2704 313 2732 Transciirrere
328 2705 360 2732 ad
374 2705 469 2732 melius
487 2706 554 2733 Hor.
569 2706 650 2733 Serui.
666 2714 688 2739 2,
699 2714 727 2738 2,
737 2711 774 2735 82.
805 2705 886 2732 Plaiit.
901 2706 979 2732 Poen.
996 2714 1016 2739 5,
1031 2709 1058 2741 6,

61 2739 130 2766 Bene
143 2740 209 2767 vale.
236 2747 292 2768 AG.
310 2747 335 2768 et
349 2748 377 2768 tu
390 2741 457 2768 bene
469 2742 537 2769 vale.
559 2743 599 2769 Sic
612 2751 701 2778 quoque
718 2741 786 2777 apud
797 2741 956 2768 Ciceronem
970 2744 996 2768 in
1004 2741 1060 2777 fine

43 2773 169 2808 istolarum
180 2777 267 2803 multis
278 2779 306 2803 in
325 2779 394 2804 locis.
444 2778 540 2804 Valere
553 2777 620 2805 bene
634 2778 714 2805 Plaiit.
726 2778 757 2804 T
758 2777 808 2804 rin.
823 2785 843 2810 ι,
857 2786 879 2810 2,
894 2786 933 2812 14.
988 2779 1058 2805 Bene

49 2811 103 2838 lens
123 2812 178 2839 Cic.
192 2811 247 2839 Att.
260 2820 296 2846 15,
312 2821 321 2839 1
347 2812 428 2840 Ouid.
443 2814 528 2841 Trist.
542 2822 566 2847 3,
578 2819 600 2845 8,
613 2822 639 2847 33
675 2814 733 2841 Nec
752 2813 847 2840 melius
859 2814 957 2844 ,valeo,
978 2823 1058 2849 quam

8 2886 15 2905 t
61 2891 76 2910 e
92 2881 244 2918 aegrotare,
258 2883 327 2911 nihil
340 2887 446 2920 prorsus
467 2886 586 2912 dicerent
605 2886 731 2913 interesse.
802 2885 879 2912 Velle
895 2885 962 2913 bene
969 2886 1058 2913 alicui

63 2920 153 2946 animo
167 2919 235 2947 Ter.
250 2921 345 2947 Heaut.
363 2929 386 2955 5,
400 2930 426 2954 2,
439 2923 464 2948 6.
519 2921 640 2949 Vendere
661 2922 727 2948 bene
745 2921 827 2948 Plaut.
842 2922 921 2948 Ciirc.
935 2932 962 2956 4,
977 2930 1003 2955 2,
1015 2931 1057 2956 34.

67 2963 83 2982 e
94 2964 175 2988 vero,
194 2955 267 2991 quod
281 2957 372 2989 Mens,
392 2958 492 2990 Pietas,
511 2958 618 2989 Virtus,
637 2958 714 2985 Fides
727 2958 893 2984 consecratur
905 2966 984 2984 manu
999 2959 1056 2986 Cic.

65 2990 162 3026 Legib.
175 2998 198 3024 2,
219 2997 257 3022 28-
297 2991 335 3020 Id.
357 2992 390 3020 de
411 2994 504 3021 Diuin.
522 3003 542 3027 i,
556 2999 569 3025 8
597 2995 707 3030 Optime
721 3002 801 3026 ver0,
815 2993 940 3028 inquam,
956 2995 1056 3021 etenim

18 3080 23 3083 -
48 3064 119 3094 rtat)
135 3062 267 3100 mittimus
281 3063 388 3091 hoedos.
407 3065 426 3092 i.
439 3074 462 3092 e.
486 3067 562 3100 Qiae
580 3075 621 3093 res
640 3067 669 3093 in
685 3066 742 3093 eius
761 3066 906 3100 perniciem
925 3072 1055 3100 vertatur,

15 3115 23 3140 ς
40 3106 64 3124 c
77 3097 245 3139 est‚vi⁴malo
255 3099 345 3133 omine
358 3099 409 3127 hoc
420 3110 515 3128 munus
528 3102 647 3137 accipiat.
684 3101 818 3129 Trachin}
832 3101 882 3128 hoc
901 3101 938 3128 est
958 3102 991 3129 ab
1003 3104 1056 3130 He-

45 3141 87 3159 »re
101 3140 128 3160 et
140 3134 230 3160 Aiace.
265 3134 336 3162 Nam
350 3136 452 3164 Hector
465 3138 541 3165 Aiaci
554 3138 671 3174 gladium
686 3137 772 3169 dedit,
787 3146 842 3172 quo
856 3138 881 3164 se
888 3137 954 3165 Aiax
966 3139 1055 3174 postea

13 3169 158 3206 teremit.
194 3169 251 3204 Ipse
263 3178 330 3197 vero
342 3170 459 3206 balteum
471 3174 570 3209 aceepit
583 3174 615 3201 ab
631 3175 711 3201 Aiace
722 3193 730 3206 ,
747 3182 801 3209 quo
814 3174 884 3201 circa
901 3183 992 3202 muros
1011 3185 1056 3210 pa·

57 3245 78 3282 t,
99 3240 170 3276 quod
189 3249 257 3276 agas.
293 3242 450 3282 Plerumque
462 3246 534 3272 enim
545 3245 616 3273 bona
630 3247 659 3273 in
676 3246 765 3281 peius:
786 3245 854 3272 mala
873 3252 1009 3274 mutantur
1027 3248 1056 3275 in

13 3276 116 3309 elius,
153 3278 222 3303 Haec
234 3278 348 3305 Seruius.
377 3279 438 3307 Liu.
452 3289 544 3315 34,34
563 3283 633 3308 Bene
653 3288 754 3314 vertat,
769 3282 873 3316 inquit,
892 3282 1056 3311 obfideamus

14 3335 17 3346 2
50 3330 64 3347 ,Ὗ
97 3321 245 3340 aemonem.
264 3313 332 3340 Ter.
345 3315 409 3341 Eun.
423 3324 446 3348 2,
459 3324 482 3349 3,
491 3324 527 3352 97
551 3318 695 3354 Nunquam
709 3317 844 3353 defugiam
857 3318 1056 3347 auctoritatem:

16 3350 31 3382 'j
47 3363 59 3373 -ι
77 3380 81 3383 ,
105 3358 134 3377 e:
151 3356 202 3376 (ΞΗ.
226 3349 266 3375 dii
286 3355 391 3378 vertant
410 3350 485 3378 bene.
500 3352 526 3379 h.
537 3362 556 3380 e.
578 3355 670 3381 Faxint
684 3354 737 3386 dii,
756 3361 786 3380 vt
797 3356 880 3380 omnia
892 3355 1007 3390 prospere
1019 3365 1054 3383 ce:

40 3391 75 3419 μς.
93 3384 171 3412 add.
187 3384 270 3412 Plaut.
284 3385 344 3412 Aul.
357 3396 385 3420 4,
401 3396 439 3420 10,
453 3392 489 3420 58.

47 3416 64 3436 Ψ
76 3428 77 3433 ’
94 3421 160 3449 Eun.
172 3430 198 3448 v.
212 3428 247 3462 ⁵7..
313 3422 413 3449 Viuere
425 3423 508 3456 bene,
523 3428 601 3460 atque
614 3425 757 3453 fortunate.
773 3426 854 3452 Plaut.
868 3426 927 3453 Mil.
941 3436 964 3460 3,
977 3436 997 3461 ι,
1007 3436 1052 3455 ιιι.

26 3487 30 3489 4
57 3455 178 3494 „egduni
190 3462 275 3489 vixn,
290 3456 372 3490 bene,
391 3461 409 3485 i.
426 3460 493 3486 laute
511 3465 536 3485 et
547 3460 671 3498 sumtuose
695 3462 764 3489 Ter.
780 3462 845 3488 Hee.
861 3470 884 3494 3,
898 3470 918 3495 5,
931 3471 962 3490 11.
984 3463 1053 3491 Add.

26 3500 101 3531 (μή)
125 3492 222 3534 Γε..ς“ε.
239 3501 261 3527 5.
282 3494 386 3521 Petron.
401 3504 423 3521 c.
437 3503 481 3530 34.
503 3495 572 3524 Hor.
587 3497 676 3524 Carm.
692 3506 716 3532 2,
731 3499 770 3530 16,
786 3506 810 3530 13
847 3497 957 3526 Viuitur
970 3507 1054 3534 paruo

70 3527 100 3553 ’“-.’
127 3529 242 3570 ‘Viuitur
259 3530 359 3565 exiguo
377 3530 488 3563 melius,
501 3537 595 3559 natura
613 3532 698 3560 beatis
715 3533 849 3560 Omnibus
867 3534 916 3560 effe
935 3534 1021 3567 dedit,
1034 3536 1053 3563 fi

50 3562 56 3572 ⁴
117 3570 120 3572 ’
155 3571 239 3592 ·uerit
254 3565 295 3592 vti
306 3565 400 3594 Claud.
413 3566 442 3593 in
456 3566 517 3593 Ruf.
533 3575 553 3600 1,
568 3576 616 3601 215.

14 3596 18 3626 ζ
38 3587 147 3647 {aqu
166 3601 221 3629 Cic.
236 3602 356 3635 Famfii,
369 3610 387 3638 7
405 3602 498 3629 Fundo
511 3603 634 3638 Arpinati
647 3603 715 3631 bene
726 3605 826 3640 poteris
838 3605 885 3631 Vti
904 3614 963 3633 cum
976 3607 1054 3635 fami-

13 3653 23 3661 ,
39 3645 84 3655 .·-.
94 3645 129 3676 ,ᾗ
317 3669 319 3673 Α
576 3640 646 3666 Bene
658 3648 746 3674 vocas,
758 3641 811 3667 iam
826 3640 910 3675 gratia
921 3640 958 3669 est
970 3643 1053 3671 Plaut.

8 3678 10 3681 ’
91 3658 129 3708 Ti}
151 3681 193 3706 30.
216 3674 331 3702 Formula
341 3674 428 3702 blande
441 3674 581 3702 abnuentis.
606 3674 664 3702 Vr'd.
673 3681 731 3702 ante
743 3679 771 3702 in
784 3677 853 3703 Bene
862 3676 900 3703 fit.

144 3645 173 3670 a,
187 3636 206 3664 fi
216 3645 322 3665 annona
334 3639 423 3665 carior
435 3639 528 3666 fuerit.

85 3689 129 3731 χ’Βῖ
150 3715 171 3736 n
179 3710 217 3737 ie
225 3716 246 3737 o
255 3729 264 3742 ,
285 3711 338 3737 ere.
374 3711 495 3744 [ἐυλογέω
503 3731 511 3744 ,
531 3711 662 3745 ἐυφημέω]
696 3711 774 3738 Modo
780 3711 818 3746 fit
830 3712 929 3741 verbum
941 3715 1053 3751 compqfi.

96 3786 117 3813 [ι’
141 3778 294 3816 fimpliciter
300 3783 402 3818 seruat,
417 3781 496 3819 estque
508 3783 567 3810 adeo
577 3785 640 3809 bona
653 3783 728 3810 verba
735 3782 760 3819 s
777 3783 833 3810 bene
846 3787 954 3812 ominata
961 3786 1052 3820 dicere,

8 3848 9 3851 Ἴ
70 3818 79 3835 ’·
93 3819 256 3854 precari,
269 3817 379 3851 laudare,
393 3826 439 3846 etc.
461 3819 545 3847 Plaut.
558 3819 628 3847 Afin.
642 3827 665 3852 3,
678 3827 702 3852 3,
717 3826 756 3852 155
783 3819 950 3854 Benedicite,
962 3822 1000 3849 ite
1013 3822 1052 3850 in-

9 3875 18 3882 „
47 3862 68 3892 ··
82 3855 145 3885 «710,
157 3851 256 3881 valete:
279 3852 425 3889 deprecatur
441 3864 517 3883 omen.
561 3857 611 3882 Hic
629 3858 746 3892 iungitur
765 3858 792 3881 in
812 3857 986 3884 Gronouimza:
1025 3859 1056 3885 ed

3 3914 18 3926 Ι,
33 3883 116 3950 Ιῐξξῒῄζ
166 3890 219 3915 itur
235 3897 261 3914 v.
276 3896 302 3924 g.
321 3888 403 3917 Plaut.
417 3890 478 3917 Mil.
491 3899 520 3924 4,
534 3896 558 3925 8,
570 3900 596 3924 31
624 3892 693 3918 Bene
707 3893 804 3925 quaeso
818 3892 888 3919 inter
899 3900 948 3919 vos
963 3892 1053 3927 dicite,

73 3959 86 3980 ²1
129 3967 139 3981 κ
150 3965 236 3987 voi..
265 3960 288 3986 1.

19 2496 21 2498 ’
50 2486 191 2519 biuememr
211 2492 293 2518 morbo
311 2491 355 2526 illi
373 2493 475 2529 aliquod
493 2492 635 2519 remedium.
655 2492 728 2518 Idem
742 2490 829 2518 Truc.
844 2499 863 2524 i,
877 2499 903 2523 2,
917 2495 948 2524 87
970 2491 1058 2517 Immo
1078 2493 1110 2525 65
1126 2492 1220 2525 Fragm

1126 2527 1274 2560 benefacta,
1296 2527 1349 2554 vid.
1365 2534 1541 2555 ADORNO.

1126 2572 1143 2590 2
1163 2573 1183 2589 c.
1197 2565 1240 2590 26.
1260 2567 1279 2590 i.
1299 2562 1366 2590 reHe
1380 2561 1469 2599 sach.

1073 2683 1109 2711 70

18 3224 19 3229 ,
27 3214 35 3246 χ
48 3213 79 3236 os
91 3205 190 3232 tractus
203 3205 248 3232 est.
266 3205 355 3233 Postea
368 3207 428 3234 inde
447 3209 515 3245 illud
528 3211 660 3237 comicum
673 3216 764 3237 ortum
776 3209 812 3236 est
821 3229 827 3237 .
845 3210 893 3236 Dii
913 3210 979 3238 bene
996 3221 1054 3238 ver-
1073 3219 1103 3248 85

1117 2705 1182 2741 stat.
1220 2707 1277 2735 Cic.
1291 2707 1323 2734 de
1335 2706 1430 2742 Legib.
1445 2716 1465 2740 1,
1479 2716 1516 2741 49
1531 2707 1586 2734 Vbi
1599 2717 1671 2735 enim
1685 2708 1832 2744 beneficus,

1124 2743 1239 2778 benigne
1252 2744 1351 2771 facit3.
1389 2743 1523 2770 Beneficus
1542 2744 1572 2770 iri
1586 2744 1701 2771 amicum
1729 2745 1803 2774 Ideni
1822 2747 1875 2774 Off.
1889 2757 1909 2782 1,
1922 2759 1956 2784 42
1973 2760 1994 2778 c.
2010 2760 2048 2786 14.

1165 2355 1181 2376 Β
1190 2356 1206 2375 Ε
1217 2355 1238 2374 Ν
1247 2355 1264 2375 E
1275 2356 1291 2376 F
1301 2357 1324 2376 A
1332 2355 1349 2376 C
1357 2355 1379 2376 T
1388 2353 1409 2375 V
1418 2355 1443 2375 M
1453 2367 1461 2381 ,
1487 2346 1507 2374 i.
1533 2354 1560 2375 h.
1598 2349 1609 2381 [
1622 2345 1770 2382 οἷγοιθοποιᾶν
1782 2349 1796 2386 ]
1827 2358 1878 2388 pro
1905 2353 2036 2390 Beneficio.
2083 2358 2185 2388 Ennius

1126 2384 1195 2419 apud
1216 2384 1272 2410 Cic.
1291 2384 1344 2411 Off.
1359 2392 1386 2416 2,
1401 2386 1430 2411 6ι
1443 2393 1464 2410 c.
1480 2389 1505 2414 18
1532 2384 1673 2412 Benefaeta
1691 2385 1760 2412 male
1778 2387 1877 2421 locata,
1891 2390 2033 2419 malefacta
2054 2394 2183 2424 arbitror.

1127 2421 1202 2454 Virg.
1220 2421 1318 2454 Georg.
1338 2428 1360 2452 3,
1374 2427 1418 2452 525
1455 2419 1530 2453 Qiid
1547 2420 1641 2453 labor,
1656 2427 1702 2448 aut
1721 2421 1860 2451 benefacta
1873 2425 1988 2454 iuuant?
2041 2429 2184 2460 Benefadla

1127 2464 1185 2481 inea
1200 2455 1315 2490 Reipub.
1334 2455 1489 2490 procedunt,
1508 2455 1537 2482 de
1550 2456 1622 2483 rebus
1634 2458 1788 2485 militaribus
1808 2459 1911 2489 Sallust.
1925 2463 2046 2498 Iugurth.
2063 2471 2099 2499 85.
2116 2474 2140 2494 et
2153 2468 2183 2496 in

1224 2510 1230 2517 ⁴
1268 2493 1309 2519 Sic
1329 2493 1406 2526 Prop,
1428 2500 1441 2517 2
1449 2509 1458 2524 ,
1482 2498 1509 2524 1,
1531 2499 1568 2528 24
1604 2490 1745 2521 Benefaeia
1770 2495 1857 2523 MauI.
1930 2499 2070 2528 Adornare
2091 2503 2184 2532 verbis

1615 2529 1756 2556 collocare
1764 2530 1902 2560 benefacta
1916 2534 1945 2561 in
1956 2535 2017 2562 luce
2033 2537 2089 2564 Cic.
2097 2539 2182 2568 Tnsc.

1516 2600 1522 2605 ι
1542 2561 1688 2592 cumulare
1707 2565 1846 2606 benefacta
1863 2569 1945 2597 Plaut.
1967 2571 2042 2607 Capt.
2059 2582 2085 2606 2,
2099 2583 2121 2606 3,
2135 2578 2180 2610 64.

1127 2599 1238 2626 Referre
1253 2599 1392 2626 benefaeta
1406 2599 1498 2626 Claud.
1514 2609 1542 2626 in
1557 2601 1605 2627 sec.
1622 2602 1700 2628 Cons.
1714 2602 1771 2629 Stil.
1786 2608 1839 2634 182.
1911 2606 2022 2635 Tenere
2043 2607 2182 2640 benefatffta

1125 2635 1198 2662 Idem
1214 2634 1242 2662 in
1256 2645 1300 2674 pr.⁴
1311 2635 1390 2662 Cons.
1404 2635 1461 2662 Stil.
1475 2644 1521 2670 42.

1161 2678 1177 2699 Β
1185 2679 1202 2699 E
1211 2679 1233 2698 N
1241 2679 1258 2698 E
1268 2679 1284 2699 F
1294 2670 1307 2698 ι’
1315 2679 1331 2699 c
1339 2679 1360 2698 v
1369 2679 1381 2698 s
1391 2691 1399 2704 ,
1422 2680 1437 2698 a
1445 2691 1453 2704 ,
1469 2680 1523 2698 iim.
1560 2671 1573 2706 [
1579 2671 1716 2713 ivspyz'rm,
1737 2672 1827 2701 ἐυπαιδς
1833 2675 1869 2738 jfi
1884 2677 1938 2713 Qi
1954 2677 2097 2742 ὄεὲἷῇσῐκνη
2105 2689 2182 2718 prae-

1888 2722 1969 2741 nemo
2009 2717 2091 2744 terius
2104 2721 2180 2747 causa

2101 2756 2133 2781 Et
2145 2755 2180 2783 de

1125 2778 1233 2806 Amicit.
1246 2787 1278 2813 30
1292 2789 1313 2806 c.
1329 2788 1346 2813 9
1359 2779 1395 2805 Vt
1408 2779 1480 2806 enim
1495 2779 1608 2807 benefici
1619 2779 1795 2817 liberalesque
1808 2783 1913 2817 sumus,
1933 2795 1988 2813 non
2001 2794 2029 2814 vt
2042 2788 2178 2824 exigamus

311 2848 315 2853 Ι
1125 2816 1237 2850 gratiam
1246 2836 1254 2849 ,
1276 2823 1321 2842 etc.
1359 2813 1401 2848 Est
1413 2816 1510 2852 elegans
1522 2815 1551 2842 de
1562 2816 1587 2842 h.
1600 2817 1618 2843 I.
1631 2816 1769 2854 disputatio
1781 2825 1822 2854 ap.
1838 2820 1906 2847 Gell.
1916 2829 1956 2856 17,
1965 2830 1987 2855 5.

15 2861 22 2866 -
45 2855 140 2882 rpore,
154 2853 249 2875 mente.
285 2849 340 2875 Cic.
354 2849 386 2876 de
399 2850 457 2876 Fin.
470 2858 496 2882 2,
509 2858 539 2883 23
564 2851 600 2877 Vt
611 2850 680 2877 inter
693 2849 794 2885 optime
808 2849 906 2882 valere,
920 2855 946 2876 et
959 2850 1058 2891 grauis}
1077 2858 1109 2887 75
1124 2852 1222 2878 neficus
1236 2858 1261 2878 et
1272 2852 1393 2878 salutaris
1413 2852 1468 2878 Cic.
1483 2860 1532 2886 pro
1545 2852 1643 2879 Milon.
1656 2861 1699 2879 20.

1125 2896 1151 2921 2,
1165 2896 1218 2914 102.

1123 2933 1177 2950 non
1190 2924 1309 2959 suppetat
1336 2923 1375 2950 Id.
1394 2923 1446 2951 Off.
1462 2933 1485 2956 2,
1500 2931 1538 2956 32.

1125 2969 1172 3022 14.f
1213 2959 1407 2987 Bcneficentior
1420 2960 1576 2995 gratiorque
1589 2960 1712 2988 aduersus
1725 2961 1923 2989 benemerentes
1935 2963 1998 2991 fiam
2013 2965 2070 2993 Sen.
2082 2967 2115 2995 de
2129 2970 2176 2996 Be-

1123 3005 1155 3022 ne
1170 3016 1176 3022 .
1193 3004 1202 3022 1
1249 3015 1255 3023 .

4 3036 11 3052 i
44 3025 69 3052 se
81 3025 160 3058 Cotta
177 3026 211 3054 fic
224 3027 345 3062 disputat,
358 3036 404 3056 etc.
439 3030 582 3065 Virg..Ecl.
596 3039 621 3063 9,
635 3032 651 3057 6
672 3031 729 3057 Hos
750 3029 791 3056 illi
813 3029 903 3064 (quod
923 3039 969 3056 nec
989 3030 1056 3057 bene
1073 3040 1105 3066 80
1122 3032 1154 3058 de
1171 3005 1280 3059 An’ii4cit.
1300 3041 1321 3058 c.
1337 3041 1368 3065 14
1387 3031 1573 3059 Liberalissimi
1591 3031 1641 3059 fint
1659 3039 1685 3059 et
1704 3032 1937 3062 beneficentiffimi.
1971 3037 2078 3074 Legitur
2091 3047 2114 3066 et
2127 3042 2176 3069 Be.

855 3065 859 3070 ”
1121 3067 1288 3095 neficiffimus
1301 3068 1368 3104 apud
1379 3071 1497 3105 antiquos
1510 3074 1536 3095 et
1551 3068 1620 3104 apud
1638 3069 1676 3095 M.
1685 3069 1813 3096 Catonem
1823 3089 1831 3102 ,
1850 3070 1967 3098 laudante
1980 3073 2103 3102 Priscian.
2117 3085 2130 3109 3
2147 3087 2176 3113 p,

1123 3107 1147 3131 6.
1171 3112 1195 3136 3,
1209 3113 1242 3138 34
1263 3104 1303 3132 De
1316 3104 1469 3131 Ptolemaeo
1482 3113 1544 3139 rege
1557 3104 1662 3139 optimo
1675 3110 1701 3131 et
1714 3104 1910 3133 beneficissimo.

1121 3140 1154 3167 de
1166 3140 1295 3176 Orthogr.
1320 3149 1346 3176 p.
1361 3148 1424 3174 2235
1445 3141 1545 3176 Putsch.
1582 3140 1649 3167 Niso
1662 3141 1743 3168 etiam
1763 3141 1863 3176 placet,
1883 3150 1912 3169 vt
1927 3142 2046 3180 bemficus
2063 3150 2176 3182 perscri-

1120 3176 1214 3209 batur,
1233 3176 1372 3212 quomodo
1384 3176 1523 3213 malificus,
1542 3176 1615 3211 quod
1629 3176 1704 3203 vides
1717 3177 1934 3206 consuetudinem
1946 3181 2101 3214 repudiasse.

2043 2825 2119 2852 Ciuis
2132 2825 2178 2853 bc.

1759 2854 1806 2881 Dii
1819 2853 1932 2883 benefici
1951 2857 2025 2884 Idem
2037 2859 2069 2886 de
2082 2860 2176 2890 Diuin.

1275 2887 1396 2914 Benefica
1409 2887 1549 2914 voluntate
1562 2887 1753 2916 beneuolentia
1766 2896 1908 2925 mouetur,
1923 2893 2004 2920 etiam
2019 2893 2037 2920 li
2050 2904 2092 2922 res
2103 2897 2177 2925 forte

1610 2925 1741 2952 Oratione
1761 2925 1893 2954 beneficus
1921 2928 2003 2955 Plaut.
2018 2931 2094 2965 Epid.
2114 2941 2134 2966 1,
2149 2943 2176 2967 2,

1327 2995 1586 3023 Beneficentiffinius.
1632 2997 1689 3024 Cic.
1704 2997 1735 3024 de
1749 2997 1813 3024 Nat.
1827 2993 1908 3025 Deor.
1922 3007 1949 3033 2,
1963 3002 2000 3034 64
2013 3010 2034 3028 c.
2049 3011 2078 3036 25
2099 3005 2175 3033 Idem

1981 3109 2073 3137 Velius
2087 3111 2173 3149 Long.

1157 3218 1253 3240 BENE
1263 3219 1297 3240 1³1
1306 3219 1358 3240 ca.
1385 3212 1453 3239 Adu.
1462 3212 1531 3239 Gell.
1546 3220 1585 3247 17,
1599 3220 1613 3246 5
1629 3212 1747 3240 Benefice
1761 3212 1963 3250 liberaliterque
1977 3216 2105 3254 facimus,
2117 3230 2175 3250 non

1119 3254 1149 3276 vt
1162 3249 1297 3283 exigamus
1317 3248 1438 3283 gratiam.

1155 3291 1418 3317 BENEFICIARws,
1435 3292 1466 3317 a,
1484 3293 1540 3311 uin.
1565 3283 1623 3311 Sen.
1639 3283 1718 3320 Epist.
1731 3293 1767 3318 90
1787 3284 1838 3312 Res
1853 3283 2033 3316 beneficiaria.
2055 3291 2127 3318 Hinc

1156 3327 1172 3348 Β
1181 3328 1198 3348 Ε
1208 3327 1228 3346 N
1239 3328 1256 3348 E
1266 3327 1327 3349 F1C
1337 3328 1346 3348 1
1355 3327 1377 3348 A
1384 3327 1452 3354 R11,
1471 3322 1668 3357 genui-'militiae
1685 3322 1809 3350 Romanae
1816 3341 1825 3354 ,
1838 3325 1908 3348 cuius
1927 3327 2033 3361 antiqua
2052 3333 2076 3354 et
2096 3327 2173 3363 ipsius

1120 3357 1212 3384 Verrii
1229 3356 1330 3384 videtur
1349 3356 1460 3392 definitio
1478 3356 1546 3392 apud
1558 3354 1678 3389 Festum,
1698 3356 1868 3384 Beneficiarii
1887 3357 2045 3389 dicebantur
2061 3363 2170 3397 milites,

559 3390 670 3417 Vertere
688 3389 755 3417 bene
775 3389 924 3417 comoedias
938 3391 1006 3419 Ter.
1024 3393 1054 3419 in
1068 3401 1105 3427 90
1119 3393 1168 3428 qui
1182 3393 1310 3420 vacabant
1323 3392 1468 3424 muneri.·(
1476 3393 1518 3420 Sic
1531 3392 1643 3418 emendat
1650 3391 1782 3425 Salmasius
1794 3393 1827 3423 ad

1119 3429 1255 3462 muneris)
1270 3428 1403 3456 beneficio
1423 3428 1520 3460 (intell.
1535 3430 1615 3455 Ducis
1633 3430 1822 3465 cuiuscunque.)

1838 3393 1999 3456 Sgartianc
2015 3406 2031 3424 2
2043 3407 2068 3432 p.
2083 3401 2112 3425 16
2109 3406 2172 3460 fipro

1882 3438 2018 3459 contrario
2032 3434 2108 3460 muni
2129 3443 2170 3461 ce:

1119 3464 1298 3497 vocabantur,
1319 3465 1367 3501 qui
1380 3473 1436 3491 non
1447 3463 1591 3494 vacabant,
1613 3463 1657 3490 sed
1677 3472 1773 3492 muniis
1792 3465 1860 3502 reip.
1877 3466 2019 3495 faciebant.
2055 3470 2171 3497 Munera

1118 3508 1198 3528 autem
1212 3502 1254 3528 hic
1265 3503 1431 3538 intelligimus
1443 3500 1519 3527 duros
1536 3501 1642 3526 militiae
1659 3499 1769 3533 labores,
1781 3501 1898 3535 vallum,
1909 3503 2049 3537 fossarum,
2066 3504 2168 3539 pabuli,

1119 3537 1261 3571 materiae,
1277 3538 1413 3573 lignorum
1426 3536 1550 3571 aggestus.
1576 3534 1634 3562 Vid.
1649 3535 1788 3569 Tac.A.1,
1798 3546 1836 3571 35.
1854 3538 1923 3566 Add.
1938 3540 2027 3574 Veget.
2042 3548 2104 3572 2,19
2124 3541 2169 3568 vbi

665 3569 767 3596 Viuere
779 3569 874 3595 melius
889 3570 955 3597 Hor.
969 3571 1052 3613 Serni.
1071 3584 1103 3610 93
1119 3573 1197 3610 ipfium
1209 3583 1295 3600 nomen
1311 3572 1449 3600 munifices
1462 3571 1569 3598 adhibet.
1607 3572 1705 3599 Horum
1716 3575 1896 3601 immunitatem
1909 3581 1933 3601 et
1944 3575 2108 3603 vacationem
2121 3578 2170 3604 alii

1113 3612 1221 3645 pecunia
1233 3609 1386 3636 redimebant
1398 3612 1425 3635 in
1439 3614 1533 3643 tempus
1540 3606 1610 3633 Tac.
1623 3607 1655 3634 A.
1670 3616 1691 3641 1,
1704 3616 1743 3644 17,
1756 3618 1784 3642 4.
1822 3619 1842 3643 1,
1856 3619 1894 3643 35,
1906 3619 1930 3638 2.
1943 3617 1966 3637 et
1979 3609 2046 3636 Hist.
2062 3619 2082 3644 1,
2090 3615 2136 3645 46,
2144 3621 2167 3646 3.

1119 3645 1167 3672 Sed
1179 3647 1222 3681 qui
1236 3645 1369 3672 beneficio
1383 3646 1424 3671 vel
1430 3646 1509 3670 Ducis
1521 3641 1606 3684 ipsius,
1614 3644 1656 3671 vel
1670 3645 1790 3678 Tribuni,
1804 3646 1870 3672 hanc
1883 3648 2060 3672 immunitatem
2071 3650 2099 3673 in
2107 3656 2169 3684 per.

1112 3688 1216 3717 petuum
1229 3682 1362 3714 haberent,
1378 3683 1399 3706 ii
1417 3678 1583 3706 beneficiarii
1591 3683 1700 3716 proprio
1715 3683 1813 3708 nomine
1830 3679 1896 3708 diHi
1913 3680 2042 3708 videntur.
2071 3684 2168 3712 Horum

93 3770 108 3774 ,
124 3746 180 3778 ἕηωρ
201 3742 309 3780 praestet
319 3745 459 3782 fiparatim
470 3747 567 3783 semper
579 3747 706 3784 scribere,
726 3754 791 3774 certe
809 3751 860 3774 vim
879 3748 1053 3784 separatorum
1063 3756 1109 3779 100

1114 3717 1222 3752 proinde
1235 3727 1260 3744 eo
1266 3717 1383 3754 fideliori
1394 3722 1467 3751 opera
1480 3715 1510 3751 se
1522 3717 1563 3741 vti
1570 3714 1637 3750 pqffi’
1651 3716 1798 3753 sperabant.
1839 3717 1914 3743 Tales
1927 3716 2000 3742 Caes.
2014 3717 2042 3744 B.
2057 3718 2088 3745 C.
2105 3728 2125 3752 1,
2135 3727 2168 3755 75

1119 3754 1236 3780 Petreius
1272 3767 1317 3773 -—
1352 3761 1410 3778 cum
1447 3765 1492 3770 —-
1529 3750 1650 3778 barbaris
1681 3751 1817 3788 equitibus
1846 3750 1936 3785 paucis
1951 3771 1960 3784 ,
1987 3751 2167 3782 beneficiarii·

1117 3789 1189 3822 suis,
1208 3798 1276 3824 quos
1291 3789 1352 3815 suae
1366 3786 1501 3814 custodiae
1522 3787 1597 3814 caiisa
1615 3787 1714 3815 habere
1730 3788 1908 3815 consueuerat.
1944 3788 1976 3813 Et
1988 3797 2013 3821 3,
2025 3794 2054 3819 88
2068 3791 2167 3818 Euoca-

1118 3831 1208 3852 torum
1222 3825 1329 3851 circiter
1342 3823 1409 3850 duae
1425 3822 1584 3856 (cohortes)
1599 3833 1668 3859 quae
1686 3833 1718 3850 ex
1737 3821 1914 3850 beneficiariis
1934 3823 2103 3858 superiorum
2123 3835 2166 3853 ex-

1118 3861 1251 3888 ercituum
1263 3860 1294 3887 ad
1308 3869 1369 3886 eum
1388 3866 1576 3887 conuenerant.

190 3923 197 3930 ‚
373 3928 377 3932 ,
730 3927 735 3932 ,
1118 3896 1306 3932 scriptionibus
1319 3900 1384 3922 vett.
1398 3898 1505 3928 mentio,
1516 3893 1625 3922 adiet'lis
1643 3895 1781 3922 nominibus
1793 3895 1944 3930 Legionum,
1955 3897 2165 3932 itemqueeorum,

134 3923 200 3955 sena
216 3929 313 3950 tamen·
340 3925 446 3960 Dfflfim
458 3926 586 3964 stribn'ur
602 3931 676 3954 etiam
704 3928 762 3954 Cic.
781 3937 832 3963 pro
850 3928 919 3955 Sext.
933 3937 973 3956 110
987 3939 1008 3957 e.
1023 3933 1052 3965 52
1065 3940 1110 3967 105
1118 3942 1220 3969 quorum
1241 3931 1360 3958 dicuntur
1375 3929 1550 3958 beneficiarii.
1576 3930 1639 3959 Vide
1652 3940 1677 3958 v.
1690 3940 1716 3968 g.
1750 3930 1927 3956 &uterinum
1945 3930 2058 3958 Iudicem
2074 3940 2165 3964 eorum,

1617 3860 1718 3886 Talium
1737 3857 1970 3885 beneficiariorum
1987 3861 2065 3887 multa
2084 3865 2111 3888 in
2123 3863 2166 3888 In-

1278 3966 1388 3993 Llli
2103 3969 2168 4002 ῳ.
