2474 4182
299 171 367 208 735
702 156 736 195 C
799 155 942 194 AN

299 247 403 281 Epicuri
419 245 482 274 liber
499 246 573 272 κανῶν
590 243 797 272 introcluffiouem
814 242 936 278 quandam
955 243 990 269 ad
1001 243 1183 280 philofhphiam
1197 241 1346 271 continebat.

306 281 364 308 Vld.
381 282 467 309 Laert.
482 291 519 315 ιφ,
533 290 571 314 30.
623 282 664 308 Sic
679 279 786 313 Quin&
804 287 841 310 io,
858 287 878 310 1,
891 281 927 313 76
953 279 1008 306 Lex
1031 280 1125 307 orandi
1149 279 1346 307 Demosthenes.

299 314 323 355 ff
344 326 360 344 2.
396 318 527 354 Significat
547 320 620 343 ctiam
638 318 747 350 regulam
766 321 789 339 ct
809 315 945 350 menjuram
962 315 1111 342 tributorum
1125 336 1134 348 ,
1158 316 1258 352 ipsaque
1276 313 1345 346 adeo,

298 363 359 389 quae
368 352 570 389 praestabantur.
604 351 697 376 Ascon.
713 349 745 376 ad
762 350 817 376 Cic.
833 351 908 377 verr.
923 359 949 383 2,
962 359 974 383 ς
1002 352 1088 379 Omne
1102 360 1183 386 genus
1197 350 1345 386 pensitatio-

299 389 340 415 nis
354 389 382 415 in
397 389 447 416 hoc
462 389 545 422 capite
560 385 672 420 positum
684 385 735 418 est,
753 386 880 419 Canonis,
893 386 1048 420 oblationis,
1061 386 1226 415 indictionis.
1252 389 1346 420 Nempe

298 425 394 452 Cicero
407 429 459 451 im:
481 422 595 456 Quando
609 422 655 448 illa
676 422 856 455 frumentum,
873 422 946 457 quod
959 423 1082 456 deberet,
1098 432 1152 449 non
1171 423 1202 450 ad
1216 422 1288 449 diem
1301 421 1346 447 de-

298 461 355 487 dit?
392 462 465 486 Hunc
477 467 604 484 canonem
618 457 719 484 videtur
732 467 821 484 vocare
834 458 966 495 Asconius.
1004 459 1118 492 Quando
1138 459 1180 491 id,
1194 458 1265 493 quod
1279 465 1346 492 opus

297 502 416 532 putaret,
436 503 490 520 non
509 493 579 520 vltro
598 493 718 527 pollicita
731 493 783 520 est?
804 495 871 521 Haec
884 494 997 521 oblatio.
1039 494 1157 521 indictio
1169 494 1273 530 denique
1294 493 1347 519 illis

301 532 380 559 Tullii
400 530 481 556 uerbis
492 529 670 565 fignificatur,
697 529 811 563 Qlando
831 529 876 562 id,
895 530 968 565 quod
986 531 1178 565 imperaretur,
1197 528 1346 557 recusauit?

298 570 328 594 In
350 567 394 593 hoc
417 575 504 602 genere
520 566 583 601 fimi
602 565 696 591 Canon
722 565 940 599 Anniuersarius,
958 565 1190 601 Emphyteuticus,
1207 565 1345 596 Publicus,

296 603 400 629 Suarius
413 608 459 627 etc.
479 600 547 636 apud
559 601 631 627 1Ctos
644 610 672 626 ex
687 602 866 636 Imperatorum
881 600 1112 635 Constitutionibus.
1217 599 1238 639 ff
1253 610 1265 633 3
1291 601 1347 627 Cer-

294 646 346 664 tum
358 646 449 673 quoque
462 637 563 663 Modum
576 645 746 672 numerumque
754 637 883 673 frumenti
896 647 910 663 a
918 638 1119 673 prouincialibus
1133 636 1290 673 conferendi,
1298 646 1346 672 quo

294 681 354 709 opus
368 672 424 706 ‘iffi'
435 672 469 699 ad
481 672 593 698 alendam
611 681 676 699 anno
689 676 787 709 integro
804 673 902 700 turbam
914 673 1129 710 frumentariam,
1154 682 1213 708 quae
1228 672 1346 708 frumen-

292 717 344 735 tum
356 718 386 734 cx
395 709 495 743 publico
508 711 646 744 acciperet,
663 710 799 735 Canonem
811 709 895 735 dixere
908 709 1028 745 obseruat.
1074 709 1203 744 Spartian.
1217 709 1315 735 Seuero
1330 712 1344 736 8

293 745 343 771 Rei
355 744 562 777 frumentariae,
584 753 664 779 quam
681 745 821 771 minimam
841 751 992 779 repererat,
1012 745 1050 771 ita
1061 745 1211 776 consuluit,
1226 749 1255 770 vt
1269 751 1343 768 exce-

293 780 356 807 dens
368 780 425 806 vita
439 781 537 814 septem
550 789 681 807 annorum
697 789 825 807 canonem
837 780 939 815 Populo
954 781 1032 807 Rom.
1047 780 1218 815 relinqueret.
1255 778 1345 804 Decla-

290 823 334 843 rat
346 816 392 842 hoc
413 825 433 842 c.
449 825 479 849 23
505 816 625 843 Moriens
646 817 744 851 septem
765 825 896 843 annorum
915 826 1058 848 canonem,
1078 817 1116 842 ita
1135 820 1164 841 vt
1184 813 1344 848 quotidiana

292 853 449 886 septuagena
469 853 551 887 quina
569 852 655 878 millia
674 852 829 878 modiorum
850 853 963 887 expendi
984 852 1100 886 poss'ent,
1117 849 1239 884 reliquit.
1281 850 1343 876 Con-

290 895 332 914 tra
347 887 540 922 Heliogabalus
556 887 615 921 teste
630 888 786 923 Lampridio
806 889 834 914 in
847 889 903 915 vita
918 897 938 914 c.
954 895 985 921 27
1005 887 1110 912 iusserat
1129 894 1256 912 canonem
1272 885 1297 912 P.
1312 885 1343 911 R.

1365 568 1394 586 10

1363 747 1389 772 15

292 924 371 950 vnius
383 925 445 950 anni
462 924 665 957 meretricibus,
685 924 843 956 lenonibus,
868 923 978 950 exoletis
996 921 1187 948 intramuranis
1207 921 1281 954 dari,
1299 930 1343 947 cx·
1356 928 1392 946 20

290 962 451 986 tramuranis
464 960 520 986 alio
534 960 675 995 promisti),
696 970 778 995 quum
793 969 825 986 eo
841 965 961 992 tempore
974 958 1048 984 iuxta
1061 957 1241 992 prouisionem
1250 958 1343 984 Seueri

291 1001 317 1021 et
332 996 449 1027 Traiani
462 996 561 1031 septem
574 1005 705 1022 annorum
720 1004 803 1021 canon
817 993 1009 1021 frumentarius
1022 994 1125 1020 Romae
1135 993 1205 1020 esset.
1242 995 1281 1020 De
1298 994 1345 1019 illa

282 1031 496 1068 frumentatione,
509 1031 544 1059 ad
556 1041 627 1068 quam
637 1032 678 1057 hic
690 1040 784 1061 canon,
797 1031 855 1056 hacc
863 1028 999 1065 pensitatio
1010 1039 1104 1062 annua,
1109 1033 1232 1065 pertinet,
1244 1039 1346 1056 accura-

289 1075 313 1094 te
324 1071 434 1103 primum
448 1071 499 1104 egit
516 1069 537 1094 1.
552 1066 648 1102 Lipsius
666 1068 701 1092 LI.
715 1077 735 1098 1,
751 1074 781 1095 8:
802 1069 841 1091 cui
862 1064 1006 1101 quibusdam
1025 1067 1088 1091 locis
1105 1065 1266 1092 contradixit
1284 1066 1344 1092 Vin.

289 1103 444 1130 contarenus
460 1106 586 1139 peculiari·
606 1108 634 1129 dc
656 1104 855 1128 trumsnmtione
876 1102 904 1127 P.
925 1101 956 1128 R.
969 1101 1058 1128 libello.
1095 1101 1166 1128 Add.
1186 1100 1289 1137 Salmas:
1312 1100 1346 1127 ad
1358 1108 1391 1134 25
1407 1101 1470 1125 talis
1491 1097 1576 1125 vibius
1596 1100 1698 1126 deceret.

289 1139 399 1174 Vopisci
413 1139 503 1166 Aurcl.
517 1148 552 1172 35.
595 1138 653 1165 Vid.
668 1138 732 1164 Cod.
753 1138 794 1163 tit.
816 1136 848 1163 de
869 1137 978 1163 Canone
995 1136 1176 1164 frumentario
1192 1136 1274 1164 Vrbis
1289 1137 1344 1163 Ro-

288 1184 355 1201 mae.
555 1171 575 1211 ἦ
594 1185 613 1207 4
655 1174 746 1199 Canon
764 1176 839 1199 ctiam
860 1172 960 1199 videtur
983 1172 1040 1199 >dici
1057 1173 1202 1210 Demensum
1224 1173 1345 1200 diui-num

281 1210 428 1247 firuorum,
441 1209 495 1244 flue
514 1209 588 1235 Cibus
608 1213 634 1235 in
655 1219 729 1235 vnum
749 1209 828 1235 diem:
848 1209 873 1235 h.
882 1218 901 1235 e.
921 1210 1057 1241 Diarium,
1069 1215 1099 1236 vt
1111 1210 1177 1236 alias
1194 1210 1343 1245 appellatur.

286 1247 401 1273 Saluian.
418 1246 450 1271 de
464 1244 534 1271 Gub.
549 1246 599 1271 Dei
612 1256 630 1279 4
650 1255 673 1279 p.
690 1248 725 1279 67
746 1244 822 1271 Serui
839 1243 858 1270 si
872 1244 944 1271 fures
958 1245 1032 1277 sunt,
1045 1244 1078 1271 ad
1096 1244 1241 1274 furandum
1252 1245 1344 1271 forsan

286 1282 397 1316 egestate
411 1289 555 1315 coguntur:
575 1281 648 1315 quia,
662 1280 763 1307 etiamsi
778 1280 815 1307 eis
826 1280 958 1314 stipendia
972 1280 1063 1307 vsitata
1075 1281 1255 1316 praestantur,
1281 1289 1343 1307 con·
1357 1289 1390 1313 30
1406 1287 1518 1304 crucum
1537 1279 1605 1306 sunt.

285 1317 424 1344 suetudine
437 1316 500 1343 haec
521 1318 620 1351 magis,
641 1325 720 1351 quam
733 1315 907 1343 sufficientiae
926 1316 1108 1343 satisfaciunt:
1126 1322 1151 1343 et
1170 1317 1208 1343 ita
1227 1317 1343 1352 implent

285 1362 412 1380 canonem
421 1373 429 1385 ,
440 1352 512 1387 quod
528 1361 583 1379 non
595 1353 701 1387 explent
714 1352 870 1379 satietatem.
1069 1350 1091 1390 ff
1107 1360 1120 1386 ς
1150 1352 1277 1388 Latiffime
1293 1359 1341 1388 pa-

283 1395 320 1415 tr!
332 1389 378 1415 hoc
391 1398 476 1415 nomen
489 1389 681 1420 recentioribus,
695 1392 739 1425 qui
750 1389 861 1425 regulam
872 1396 975 1421 omnem,
989 1394 1013 1414 et
1027 1398 1148 1421 normam,
1162 1388 1197 1415 ad
1209 1398 1282 1425 quam
1295 1390 1343 1416 ali-

283 1424 346 1461 quid
362 1427 516 1461 exigeretur,
529 1424 698 1456 iudicaretur,
717 1425 855 1452 Canonem
874 1424 967 1451 dixere.
993 1434 1020 1451 υ.
1030 1433 1057 1461 g.
1081 1424 1174 1452 Isidor.
1185 1425 1260 1459 Orig.
1274 1426 1301 1457 6,
1314 1431 1341 1458 ις

282 1461 403 1487 Canones
419 1459 627 1495 Euangeliorum
662 1475 709 1481 —
744 1460 808 1487 ideo
829 1459 896 1487 faeti
914 1460 990 1492 sunt,
1006 1466 1035 1487 vt
1055 1469 1104 1494 per
1118 1469 1164 1487 eos
1178 1461 1245 1487 scire
1259 1466 1285 1487 et
1300 1461 1340 1486 in-
1357 1466 1388 1493 35

282 1497 375 1524 venire
389 1496 527 1531 pommus,
547 1496 595 1530 qui
616 1496 786 1531 reliquorum
804 1495 1032 1530 Euangelistarum
1048 1496 1147 1523 similia
1168 1503 1212 1523 aut
1231 1497 1341 1531 propria

283 1532 418 1559 dixerunt.
454 1531 524 1558 [bid.
539 1533 568 1557 16
588 1535 645 1567 agit
657 1531 689 1558 de
704 1531 860 1559 Canonibus
871 1531 1062 1559 Concifiorum
1077 1539 1123 1559 etc.
1159 1534 1201 1560 Ita
1208 1533 1272 1570 fiant
1279 1533 1340 1559 Mu-

283 1567 398 1595 sicorum
411 1568 541 1594 Canones.
578 1566 626 1594 Sed
638 1567 667 1593 id
678 1567 806 1602 infinitum
820 1565 869 1600 est,
881 1577 924 1594 nec
936 1565 1016 1600 nostri
1030 1571 1057 1593 in
1081 1571 1151 1594 ituti.

319 1610 336 1631 C
345 1611 367 1631 A
376 1610 398 1629 N
407 1610 426 1630 O
437 1610 458 1629 N
470 1601 505 1630 ic
514 1610 534 1629 v
543 1609 556 1629 S
571 1622 579 1634 ,
600 1611 631 1635 a,
658 1612 713 1629 um.
742 1602 802 1629 Adi.
836 1602 993 1638 [momnis]
1031 1605 1167 1640 Regularir
1184 1604 1220 1631 ad
1236 1603 1339 1631 verbum

281 1639 386 1666 dicitur.
448 1640 497 1670 Vt,
512 1639 618 1665 Vitruu.
634 1647 654 1670 1,
672 1647 681 1664 1
710 1638 829 1665 Muticcn
847 1644 937 1665 autem
956 1639 1020 1666 sciat

280 1675 321 1703 vti
341 1674 495 1702 canonicam
518 1673 651 1699 rationem
670 1679 695 1699 et
715 1674 929 1701 mathematicam
949 1681 1040 1701 notam
1080 1675 1166 1703 abeat.
1205 1677 1236 1702 Et
1258 1676 1339 1703 Ratio

280 1710 531 1738 mathematicorum
550 1709 677 1734 canonica
693 1715 722 1741 ς,
738 1717 750 1741 3
768 1716 816 1743 prr
830 1719 902 1744 quam
920 1710 1107 1744 quaefiuerunt
1126 1710 1291 1744 Architeffli,
1310 1717 1340 1738 vt

279 1754 454 1782 quaecunque
469 1753 522 1771 vox
535 1745 595 1770 esset
609 1744 638 1770 in
654 1745 744 1776 scena,
763 1744 864 1770 clarior
879 1750 904 1770 et
919 1746 1027 1773 suauior
1039 1747 1071 1774 ad
1088 1747 1266 1782 speciatorum
1281 1755 1340 1781 per-

279 1782 403 1809 venirent
422 1789 506 1807 aures.
551 1780 658 1806 Eandem
677 1789 732 1805 mox
747 1779 929 1806 Harmonicen
947 1788 1036 1807 vocae:
1058 1782 1090 1808 sic
1110 1782 1278 1809 theatrorum
1293 1790 1340 1817 per

1075 1646 1145 1667 ortet
1163 1637 1340 1672 Architefius,
1348 1648 1386 1673 40
1406 1637 1518 1672 Augusti
1533 1644 1653 1673 tempora
1661 1645 1766 1674 reperta
1774 1639 1804 1665 tit
1818 1639 1982 1668 aCantabris
1995 1641 2024 1666 in
2037 1639 2175 1674 Hispania.
2196 1641 2232 1666 Ex
2245 1639 2360 1673 Plin.25,
2373 1648 2408 1671 1¹:

279 1817 454 1845 harmonicen
467 1816 501 1843 ad
516 1815 663 1850 augendam
677 1824 771 1841 vocem
786 1815 1005 1841 ratiocinationes
1022 1815 1055 1842 ab
1070 1818 1187 1852 antiquis
1206 1819 1265 1844 sunt
1277 1827 1339 1844 con·
1353 1821 1387 1847 43

278 1853 394 1881 stitutae.
435 1852 563 1888 Difirtius
577 1858 655 1878 totum
669 1851 715 1878 boc
726 1852 836 1887 explicat
843 1851 945 1877 Gellius
959 1853 997 1884 16,
1011 1856 1037 1881 18
1057 1852 1117 1878 Pars
1131 1853 1259 1887 quaedam
1270 1854 1340 1879 Geo-

278 1889 391 1916 metriae
400 1910 408 1922 ,
525 1896 593 1923 quae
606 1887 639 1913 ad
651 1896 728 1914 aures
741 1887 873 1922 pertinet,
894 1886 1001 1916 κανονική
1022 1893 1150 1920 vocatur,
1168 1897 1221 1922 qua
1233 1888 1340 1920 Musici,

278 1932 307 1952 vt
321 1925 495 1952 fundamento
507 1924 572 1950 artis
584 1924 645 1950 suac
665 1930 786 1949 vtuntur.
824 1938 871 1944 —-
907 1922 1020 1952 Κανονικὴ
1035 1922 1217 1958 longitudines
1235 1929 1263 1950 et
1281 1923 1340 1949 alti-

278 1960 383 1989 tudines
397 1961 470 1988 vocis
486 1960 626 1986 emetitur:
646 1958 756 1993 longior
768 1959 891 1986 mensura
903 1959 983 1999 vocis.
991 1958 1090 1994 ῥυθμός
1109 1959 1281 1995 (rhythmus,
1295 1969 1339 1985 nu-

277 1998 380 2032 merus)
396 1997 510 2028 dicitur,
522 1995 603 2022 altior
616 1995 701 2028 μέλος.
739 1994 781 2019 Est
794 2001 820 2020 et
839 1995 892 2020 alia
915 1995 1014 2028 species
1032 1997 1165 2028 κανονικῆς,
1179 2004 1247 2030 quae
1261 2003 1340 2021 voca·
1356 1998 1388 2024 50
1408 1997 1434 2018 et
1449 1992 1520 2026 piri,
1536 1998 1561 2018 et
1577 2001 1671 2026 peuces
1691 1997 1717 2018 et
1732 1992 1924 2024 cynacanthae,
1939 1998 1966 2019 ct
1985 1994 2066 2020 rosae.
2104 1996 2243 2021 Venenum
2263 1994 2314 2021 hoc
2331 1994 2389 2022 alae
2403 2005 2422 2022 n

278 2038 323 2059 tur
334 2031 444 2066 μεφικιὶ,
466 2040 512 2066 per
534 2039 614 2065 quam
628 2029 794 2061 Syllabarum
815 2029 957 2063 longarum
978 2034 1004 2055 et
1024 2029 1166 2063 breui‘um,
1185 2038 1211 2057 et
1238 2031 1340 2057 medio-

278 2068 366 2095 crium
384 2067 523 2096 iunc'tura‚
544 2071 570 2092 et
582 2064 677 2092 modus
697 2073 845 2099 congruens
868 2074 928 2091 cum
942 2064 1082 2099 principiis
1100 2067 1278 2099 geometriae,
1296 2075 1341 2092 au-

733 2102 864 2127 Rationem
882 2100 1059 2135 appellationis
1079 2110 1090 2126 e
1105 2102 1208 2126 Graecis
1228 2101 1341 2127 declarat

816 2136 885 2162 Add.
900 2135 993 2162 Bo'e'th.
1008 2135 1041 2162 de
1056 2136 1127 2163 Mus.
1148 2144 1168 2168 1,
1181 2144 1208 2168 9.
1246 2137 1341 2170 Nempe

277 2104 350 2131 rium
365 2103 488 2130 mensura
501 2102 677 2128 examinatur.

284 2139 380 2175 Voffius
394 2139 424 2166 de
435 2139 553 2166 Scientiis
566 2137 688 2164 Mathem.
707 2145 744 2170 19,
755 2146 779 2170 5.

277 2176 436 2210 Pythagoras
449 2181 472 2200 et
484 2172 560 2209 ipsius
575 2173 694 2208 dtfiipuh'
708 2172 741 2198 ad
752 2171 864 2199 auditum
877 2171 1026 2198 adhibebant
1038 2175 1112 2198 etiam
1125 2173 1288 2207 geometricas
1300 2180 1341 2196 ra-
1360 2172 1388 2197 55

276 2215 366 2243 tiones,
379 2217 424 2237 tan
444 2219 497 2236 uam
505 2210 653 2239 Canonem,
666 2211 685 2234 i.
698 2209 809 2243 regulam
823 2214 868 2234 etc.
904 2207 951 2234 Sed
964 2206 1030 2233 Plin.
1044 2216 1069 2240 2,
1084 2215 1113 2242 17
1128 2208 1209 2234 Ratio
1223 2206 1340 2233 Canoni-

277 2256 322 2280 ca,
345 2255 406 2282 quae
437 2245 519 2271 allere
536 2244 572 2270 ibi
589 2243 702 2275 dicitur,
722 2243 842 2269 videntur
857 2241 901 2276 ςθὲ
915 2244 1067 2269 Geometriae
1079 2244 1198 2270 elementa
1210 2242 1337 2278 quaedam,

275 2283 310 2309 ad
330 2288 410 2308 motus
423 2286 553 2316 corporum
571 2276 708 2312 caeltstium
722 2279 864 2313 applicata,
883 2287 942 2313 quae
955 2278 1057 2314 fallunt
1069 2285 1152 2313 nempe
1164 2299 1172 2311 ‚
1184 2278 1210 2312 fi
1224 2288 1274 2304 non
1288 2281 1339 2304 rite

275 2317 450 2345 adhibeantur.
649 2311 671 2352 ff
693 2322 706 2339 2
740 2315 868 2340 Caeterum
882 2323 968 2339 nomen
982 2314 1134 2340 Canonicus
1153 2320 1191 2340 tot
1204 2313 1285 2339 modis
1297 2322 1337 2338 ac-

276 2356 387 2389 cipitur,
410 2358 468 2389 quot
490 2350 542 2387 ipse
562 2351 665 2377 Canon.

278 2391 341 2416 sacr.
362 2388 440 2415 scrin.
478 2385 666 2414 Pensitationes
697 2384 839 2411 canonicae
874 2383 891 2410 l.
907 2392 932 2411 2..
951 2384 1018 2411 Cod.
1038 2384 1070 2411 de
1088 2384 1153 2411 lucr.
1183 2384 1337 2411 aduocator.

276 2418 366 2452 illatio
381 2422 525 2455 canonica,
544 2425 615 2449 cuius
628 2423 757 2448 meminere
765 2422 848 2456 impp.
867 2421 1008 2447 Honorius
1021 2426 1047 2448 et
1055 2419 1196 2448 Theodos.
1211 2420 1240 2446 in
1252 2419 1268 2446 l.
1282 2419 1338 2455 pla-

277 2468 326 2488 cet.
364 2461 394 2487 C.
409 2460 441 2487 de
453 2458 607 2486 sacrosan&
620 2457 709 2484 eccles.
725 2457 761 2484 est
777 2456 955 2484 Ordinarium
967 2465 1080 2489 munus,
1099 2456 1173 2491 quod
1185 2455 1267 2483 habet
1281 2465 1336 2483 cer-

277 2503 330 2523 tam
345 2496 548 2531 praestationem
561 2494 618 2530 lege
632 2492 799 2528 impositam,
819 2492 851 2525 ad
867 2492 942 2519 cuius
957 2493 1120 2519 solutionem
1133 2493 1215 2519 etiam
1228 2492 1336 2519 ecclesia

277 2538 390 2559 tenetur.

270 2567 392 2603 fiae,fiue
406 2568 518 2603 catalogo
532 2573 604 2593 erant
618 2566 749 2602 adscripti.
777 2564 834 2592 Vid.
843 2565 946 2601 Salmas.
959 2563 987 2591 de
1002 2564 1115 2602 Caesarie
1129 2571 1152 2592 et
1160 2564 1233 2592 Coma
1240 2574 1266 2600 p.
1275 2573 1334 2598 432.

277 2604 411 2639 Scriptura
423 2603 548 2629 canonica
562 2601 683 2637 Fulgent.
698 2606 789 2628 contra
804 2600 919 2627 Arianos
934 2610 959 2635 p.
973 2608 1018 2635 72.

314 2647 331 2667 c
340 2647 363 2666 A
372 2645 394 2665 N
406 2646 427 2666 0
436 2646 458 2665 N
468 2646 477 2664 1
485 2644 502 2665 C
511 2645 533 2665 A
542 2645 560 2664 R
571 2645 580 2664 1
590 2645 614 2669 1,
635 2646 724 2664 orum.
757 2637 828 2664 JCtis
840 2636 919 2673 fiant,
946 2637 998 2672 Qi
1021 2638 1152 2672 principiis
1180 2639 1279 2664 nomine
1303 2645 1334 2663 ac

275 2674 394 2704 mandato
406 2683 521 2701 canonem
534 2673 664 2709 exigebant
673 2693 681 2705 ,
698 2673 760 2708 Leg.
775 2681 801 2705 9.
816 2672 883 2699 Cod.
900 2672 933 2699 de
946 2671 1030 2699 exa&
1043 2671 1138 2700 tribur.

313 2711 520 2741 cAnorvs,
538 2708 592 2742 fiue
621 2715 819 2740 CANOBvs,

277 2746 387 2782 Quin&
404 2757 425 2778 1,
439 2753 462 2778 ς,
473 2747 517 2777 13)
536 2744 554 2771 i.
575 2753 611 2771 m.
648 2742 796 2779 [Koivaos]
832 2745 915 2770 Parua
934 2744 1016 2806 irffda
1035 2742 1069 2777 est
1086 2743 1263 2770 mediterranei
1281 2753 1332 2769 ma-

275 2788 331 2816 ris,
368 2781 430 2809 Nili
449 2780 534 2813 ostio,
548 2779 621 2814 quod
633 2780 799 2815 Canopicum
811 2785 923 2812 vocant,
937 2789 954 2806 0
976 2780 1029 2807 uia.
1064 2779 1183 2807 Menelai
1202 2779 1332 2814 guberna-

276 2826 319 2846 tor
332 2820 456 2853 Canopus
471 2816 511 2844 ibi
522 2816 594 2843 forte
610 2815 726 2843 moriens
739 2824 838 2842 nomen
852 2815 968 2848 insulae,
981 2815 1028 2842 illa
1050 2815 1120 2842 ostio
1140 2815 1222 2843 dedit.
1261 2816 1332 2842 Haec

276 2854 436 2890 Pomponius
450 2853 522 2880 Mela
536 2861 559 2884 ε,
574 2859 600 2887 7.
635 2851 727 2878 Tacit.
741 2852 808 2877 Ann.
823 2860 846 2884 2,
861 2854 896 2878 60
921 2851 1073 2879 Condidere
1086 2851 1115 2879 id
1127 2851 1243 2887 oppidum
1257 2851 1332 2886 Spar-

275 2891 342 2924 tani,
355 2890 391 2918 ob
408 2889 538 2924 sepultum
553 2888 609 2915 illic
623 2887 755 2915 rectorem
770 2887 847 2913 nauis
861 2888 1017 2922 Canopum,
1036 2896 1090 2923 qua
1108 2887 1262 2922 tempestate
1276 2888 1333 2914 Me-

231 2927 233 2930 ⁴
275 2927 367 2954 nelaus
380 2925 519 2954 Graeciam
539 2930 647 2960 petens,
665 2922 802 2950 diuersum
820 2922 853 2949 ad
875 2931 948 2950 mare
965 2929 1118 2958 terramque
1134 2923 1246 2956 Libyam
1261 2922 1332 2950 dela-

275 2970 325 2991 tus.
361 2962 402 2990 Ab
420 2962 467 2990 hac
484 2963 567 2998 igitur
588 2962 687 2996 origine
708 2965 813 2986 uocatur
832 2958 986 2990 Amyclaeus
1000 2961 1123 2994 Canopus
1137 2959 1184 2986 Sil.
1199 2968 1233 2991 ιι,
1245 2967 1299 2992 433.
1312 2962 1331 2985 i.

274 3000 424 3036 Spartanus.
478 2998 572 3024 quen.
587 2996 637 3023 Sat.
657 3002 690 3029 ις,
704 2995 741 3030 46
772 2993 892 3021 Horrida
911 2994 970 3022 sane
984 2996 1131 3030 Aegyptus:
1154 2994 1198 3022 sed
1213 2994 1331 3029 luxuria,

276 3040 407 3070 quantum
418 3034 474 3069 ipse
487 3032 597 3065 notaui,
626 3031 742 3058 Barbara
755 3030 858 3058 famoso
870 3038 925 3057 non
938 3031 1007 3058 cedit
1021 3031 1100 3058 turba
1113 3032 1233 3066 Canopo.
1275 3031 1331 3058 Pel-

709 2349 751 2376 Sic
778 2348 896 2375 Indiciio
917 2349 1044 2375 canonica
1061 2349 1079 2375 1.
1094 2358 1112 2382 4
1127 2349 1195 2375 Cod.
1211 2349 1244 2375 de
1259 2356 1335 2383 prox.
1346 2345 1382 2369 60

442 2533 473 2559 In
488 2530 591 2565 Ecclefia
605 2529 736 2557 Canonici
754 2529 874 2555 dicuntur
887 2528 994 2561 Clerici,
1010 2528 1076 2564 quod
1093 2532 1121 2555 in
1140 2537 1242 2555 canone
1255 2529 1336 2555 Eccle-
1352 2525 1383 2557 65

846 2708 942 2744 (quam
971 2711 1119 2735 varietatem
1150 2710 1201 2734 iam
1233 2710 1334 2734 notauit
1343 2711 1379 2739 70

1347 2893 1380 2921 75

275 3070 327 3098 laci
342 3070 446 3106 Canopi
457 3078 519 3105 gens
530 3069 676 3095 fortunata.
713 3067 789 3103 Virg.
805 3067 904 3101 Georg.
918 3075 947 3100 4,
961 3072 1008 3102 287
1034 3066 1130 3094 Pellaei
1142 3074 1250 3103 propter
1269 3069 1332 3094 colo·
1346 3071 1378 3099 80

277 3109 332 3132 nias
347 3106 519 3134 Macedonum.
556 3105 594 3132 Ex
613 3103 769 3130 abundantia
781 3102 956 3140 fertiliffimae
973 3105 1085 3139 regionis
1104 3104 1208 3139 lasciuia
1227 3109 1251 3129 et
1263 3104 1332 3130 volu-

270 3145 355 3177 ptatis
362 3140 451 3175 studia
462 3140 519 3176 fine
531 3140 602 3168 modo
619 3139 755 3177 vigebant:
773 3148 822 3175 qua
838 3137 867 3166 de
878 3137 951 3175 causa
971 3138 1029 3165 Sen.
1043 3138 1122 3174 Epist.
1137 3147 1161 3172 31
1195 3138 1329 3172 Qemad-

276 3177 386 3204 modum
409 3178 499 3212 aliqua
520 3177 600 3204 vestis
635 3189 681 3196 --
718 3175 751 3202 sic
770 3175 847 3210 regio
863 3182 972 3210 quoque
992 3174 1046 3207 est,
1072 3183 1153 3209 quam
1170 3175 1271 3209 sapiens
1285 3175 1331 3203 vir

277 3218 322 3240 aut
334 3213 366 3240 ad
380 3214 534 3248 sapientiam
548 3211 672 3245 tendens,
686 3210 818 3243 declinet,
834 3216 962 3246 tanquam
973 3210 1089 3238 alienam
1104 3209 1182 3237 bonis
1197 3210 1328 3238 moribus.

277 3249 369 3284 ltaque
383 3249 415 3275 de
433 3249 526 3276 sccess'u
544 3248 662 3283 cogitans
683 3255 820 3283 nunquam
836 3246 977 3282 Canopum
988 3246 1083 3282 eliget,
1104 3247 1226 3281 quamuis
1243 3247 1329 3274 nemi·
1348 3253 1377 3282 85

276 3293 338 3312 nem
352 3285 473 3319 Canopus
487 3285 535 3311 esse
547 3284 621 3319 frugi
633 3289 714 3311 vetet.
751 3284 815 3311 Mox
829 3282 858 3324 dfe
871 3283 952 3324 βαιϊι.
999 3283 1106 3324 Pacatus
1118 3281 1269 3324 Theodosii
1287 3292 1330 3319 pa-

275 3329 338 3384 ἓῗὲιὶ
344 3328 408 3383 351..
417 3320 760 3388 Υῗιιῖῗιὲῗὶἶορὲῧῑηῖἱ
769 3317 1329 3392 ιῖἱῖἓῖὲῗέῗῖκῗῖἒιῖἓἶιῖῗζὲἓὲῗὲῗὲ4οὩἚί

275 3401 317 3419 res
337 3391 411 3419 vrbis
426 3390 566 3418 damnante
579 3392 699 3427 Canopo.
941 3399 955 3417 2
998 3387 1040 3424 Est
1061 3393 1120 3416 item
1138 3390 1277 3425 Canopus,
1290 3392 1329 3419 Si-

275 3427 344 3455 deris
358 3437 460 3460 nomen,
474 3429 543 3453 cuius
555 3430 667 3454 meminit
685 3427 753 3455 Ptin.
769 3428 796 3461 6,
810 3435 841 3454 22
860 3429 888 3452 in

274 3466 322 3495 lae,
334 3465 474 3498 Canopum
492 3462 580 3489 lucere
596 3462 720 3490 noffibus
737 3462 805 3490 sidus
825 3463 917 3504 ingens
936 3468 962 3489 et
983 3462 1092 3489 clarum.
1132 3466 1133 3470 ¹
1151 3461 1257 3489 Vitruu.
1270 3471 1297 3496 9,
1309 3469 1328 3498 7

276 3500 364 3527 Huius
377 3507 466 3527 autem
477 3498 519 3525 rei
535 3497 614 3524 index
627 3498 663 3525 est
676 3499 748 3526 stella
762 3500 881 3534 Canopi,
896 3507 963 3534 quae
975 3497 1018 3525 his
1033 3495 1189 3532 regionibus
1202 3497 1239 3538 est
1252 3498 1328 3533 igno.

276 3541 317 3568 ta,
337 3533 552 3564 renuntiantibus
583 3534 810 3568 negotiatoribus,
831 3535 880 3570 qui
903 3532 936 3561 ad
957 3540 1090 3561 extremos
1108 3534 1181 3568 Aegy
1202 3538 1224 3560 tt
1238 3534 1326 3569 regio-

276 3581 322 3597 nes
358 3586 404 3592 —
439 3571 558 3598 fuerunt.
596 3568 636 3604 Est
650 3578 732 3606 nempe
740 3572 798 3605 polo
812 3567 955 3598 antarflico
966 3573 1136 3607 propinquum
1148 3568 1174 3603 Ji
1194 3579 1229 3595 us.
1270 3571 1325 3603 Hy-

276 3642 331 3669 rius
343 3643 452 3669 caeteris
465 3642 568 3675 lucens,
580 3641 689 3668 nomine
702 3641 824 3676 Canopos
839 3641 978 3678 appellata.
1013 3640 1083 3670 Add.
1097 3642 1156 3668 Vct.
1165 3639 1326 3669 Schol.Ger-

277 3677 375 3704 manici
389 3679 416 3705 in
429 3678 542 3710 Arateis,
554 3676 603 3705 vbi
620 3676 653 3703 de
666 3675 791 3703 Eridano.

311 3719 536 3742 cfxnori-cvs
559 3719 584 3741 et
608 3718 853 3746 CANosslcvs,
873 3722 905 3746 a,
926 3722 982 3742 um.
1024 3713 1068 3746 Vt,
1082 3710 1189 3740 Ostium
1201 3710 1264 3739 Nili
1276 3712 1324 3740 Ca-

277 3748 402 3782 nopicum
425 3749 490 3776 Plin.
507 3757 536 3783 3,
549 3757 587 3776 10.

276 3818 308 3846 nd
321 3820 402 3854 vsque
417 3820 612 3856 Canopitanum
631 3819 731 3847 ostium
744 3818 877 3853 panditur.
1143 3840 1146 3842 .

313 3861 330 3882 c
338 3861 361 3882 A
371 3861 392 3881 Ν
404 3862 425 3882 'r
437 3853 456 3881 A
466 3862 481 3882 Β
490 3864 506 3883 ιε
515 3864 532 3883 R
542 3876 549 3889 ,
569 3856 622 3884 bri.
645 3865 682 3884 m.
718 3852 897 3890 [Kdvruc'por]
933 3855 1040 3890 Populus
1058 3856 1086 3881 in
1107 3853 1234 3892 Hispania
1255 3855 1323 3882 Tar-

274 3889 400 3924 raconensi
412 3890 447 3916 ad
458 3891 594 3925 Oceanum,
610 3902 670 3928 quos
689 3897 748 3922 ante
763 3888 902 3926 Augustum
919 3899 987 3918 nemo
1000 3890 1151 3928 subegerat,
1170 3889 1235 3927 quod
1253 3890 1322 3917 vide·

274 3933 318 3952 tur
329 3929 430 3952 innuere
444 3926 510 3953 Hor.
523 3927 611 3954 Cat-m.
626 3937 651 3959 2,
665 3930 692 3960 6,
705 3935 721 3953 2
732 3925 901 3952 Cantabrum
914 3925 1054 3953 indofilum
1067 3928 1130 3962 iuga
1143 3927 1215 3955 ferre
1226 3925 1323 3954 nostra.

274 3961 416 3989 Bellicosus
428 3961 559 3990 Cantaber
573 3964 667 3991 Horat.
680 3962 769 3991 Cum.
788 3970 814 3994 2,
828 3969 861 3994 u,
877 3969 896 3988 1.
931 3961 978 3990 sil.
991 3963 1056 3992 Pun.
1069 3971 1093 3996 3,
1106 3964 1156 3995 326

898 3387 1065 3464 defi-riptione
1081 3425 1244 3462 Taprobanae
1263 3427 1330 3463 insit-
1336 3434 1374 3459 90

1393 3353 1491 3386 Eidyll.
1505 3361 1529 3386 13
1543 3354 1688 3388 praemissa.

1393 3433 1514 3466 guusque
1532 3424 1625 3460 gobio.
1661 3427 1703 3453 Sic
1716 3427 1815 3487 Jgimge
1829 3424 1966 3487 ediitiones:
1977 3424 2033 3462 sed.
2046 3425 2080 3452 al.
2099 3433 2244 3451 cammarus.
2259 3430 2306 3451 etc.
2327 3430 2331 3439 ²
2349 3439 2354 3450 ι

1393 3460 1734 3534 ἓνῖἑίςιῗιῗξιῗῃὲἰᾱῖξῦᾶοεί
1752 3469 1810 3529 i'lllli,
1820 3461 1978 3533 Hisplffiias
1995 3505 2025 3523 ex
2033 3493 2146 3529 stercore
2165 3497 2284 3528 uoluunt,
2314 3508 2319 3517 ι

1392 3532 1446 3560 vid.
1469 3539 1741 3561 SCARABAEvs.
1778 3533 1809 3558 Et
2294 3556 2332 3569 ,λ

1387 3568 1499 3603 ,εὴει-ιις,
1521 3568 1616 3596 Noduu
1629 3568 1678 3596 sub
1690 3568 1782 3603 lingua
1796 3568 1859 3603 Apis
1872 3567 1967 3601 bouis,
1979 3575 2060 3603 quem
2073 3565 2198 3601 Aegyptii
2215 3566 2286 3594 cole·

277 3607 331 3640 gin.
346 3608 418 3634 Po'e't.
433 3605 501 3634 Astr.
522 3615 549 3639 2,
562 3613 593 3638 32
612 3606 684 3632 Intra
700 3605 835 3633 Eridanum
846 3616 880 3633 an
895 3607 1003 3633 Nilum?
1025 3604 1154 3642 quaedam
1173 3603 1262 3637 stella,
1274 3607 1324 3633 cla.
1341 3614 1374 3640 9⁵
1393 3604 1435 3631 nis
1447 3605 1516 3632 vice.
1535 3605 1602 3632 Plin.
1615 3609 1639 3638 8,
1653 3607 1690 3638 46
1701 3605 1718 3632 s.
1733 3612 1763 3639 71
1782 3605 1875 3640 Nempe
1882 3603 2015 3640 scarabaei
2017 3601 2131 3639 figuram
2142 3605 2166 3628 ei
2178 3602 2268 3630 tribue
2280 3605 2338 3635 2¹:⁴2

1391 3639 1465 3667 bueus
1476 3647 1556 3668 autem
1570 3641 1635 3668 Solis
1640 3640 1788 3677 symbolum.
1806 3641 1844 3667 De
1857 3639 1902 3667 hoc
1915 3639 2041 3670 cantharo
2053 3637 2124 3664 Cael.
2140 3642 2162 3668 8,
2177 3646 2198 3671 ς.

1391 3675 1481 3704 tharus
1496 3676 1611 3712 Nauigii
1630 3685 1730 3711 genus,
1749 3682 1780 3702 vt
1798 3685 1828 3702 ex
1847 3674 1988 3702 Menandro
2007 3679 2043 3708 pr

1804 152 2064 193 CAN

1518 241 1652 268 Cantaber
1670 247 1729 269 ante
1746 250 1853 274 omnes,
1867 240 1981 273 hiemis,
1996 241 2149 277 aestusque,
2162 245 2292 282 famisque

1524 277 1660 310 Inuictus,
1680 278 1845 314 palmamque
1861 286 1892 304 ex
1907 277 1982 304 omni
2003 277 2075 304 ferre
2089 278 2188 308 labore.
2456 295 2460 322 Ι

1519 312 1607 338 Mirus
1621 322 1696 340 amor
1708 314 1807 348 populo
1816 334 1824 347 ‚
1843 323 1902 340 cum
1917 314 1991 348 pigra
2013 313 2134 340 incanuit
2146 322 2224 350 actas,

1519 347 1643 374 Imbelles
1656 348 1708 374 iam
1721 350 1822 376 dudum
1833 358 1915 376 annos
1930 354 2097 384 praeuertere
2115 350 2186 383 saxo,

1520 383 1580 410 Nec
1592 383 1676 409 vitam
1690 384 1742 410 sine
1756 386 1842 412 Marte
1857 386 1920 420 pati.
1958 384 2066 419 Qxippe
2080 385 2168 425 omn-is
2181 386 2209 412 in
2221 386 2301 414 armis

2380 165 2448 212 736

1521 419 1600 445 Lucis
1615 419 1688 445 causa
1702 419 1762 452 fita,
1775 428 1800 447 et
1820 421 1973 448 damnatum
1986 429 2080 447 viuere
2093 428 2159 455 paci.
2400 425 2401 430 ¹
2414 443 2415 447 ,
2455 413 2457 430 ¹

1414 454 1507 480 quen.
1521 454 1572 481 Sat.
1591 462 1625 487 ις,
1639 459 1684 484 108
1711 455 1842 484 Cantaber
1862 457 1931 484 vnde
1950 457 2067 488 Stoicus,
2092 456 2197 493 i.serus
2214 456 2255 483 ille
2268 459 2374 493 populus
2391 438 2459 488 vadii

1414 490 1519 526 disceret
1528 510 1537 522 ,
1558 499 1619 525 quae
1632 490 1792 526 philosophia
1803 492 1872 519 docet
1886 494 2012 520 Stoicum?
2453 496 2456 524 l

1451 532 1468 552 c
1477 532 1498 552 A
1508 533 1528 552 N
1540 533 1560 553 T
1571 533 1591 552 A
1602 532 1617 552 Β
1626 533 1643 552 R
1655 524 1667 552 f
1676 532 1692 553 c
1702 534 1722 552 v
1731 534 1744 553 s
1753 546 1762 559 ,
1782 535 1812 560 a,
1829 537 1883 554 um.
1905 529 1966 555 Adi.
2004 525 2200 563 [Καιταέῗρικδς]
2243 527 2287 560 Vt,
2299 527 2365 555 Hor.
2378 529 2451 564 Epist..
2462 535 2474 550 ·'·

1416 570 1436 594 1,
1452 567 1486 593 18,
1503 570 1530 595 35
1551 561 1680 588 Militiam
1693 571 1776 596 puer,
1789 568 1816 589 et
1830 563 1987 591 Cantabrica
2001 564 2070 591 bella
2083 562 2177 589 tulisti.
2311 560 2333 627 Ξ
2351 573 2368 590 2
2390 565 2446 594 Can.
2460 584 2474 589 ,.

1413 597 1529 624 tabricus
1544 599 1632 624 succur
1646 597 1714 633 apud
1727 599 1818 633 Veget.
1830 599 1945 626 Mulom.
1958 609 1982 633 3,
1994 608 2035 635 57,
2051 608 2063 632 3
2091 609 2139 625 non
2159 599 2265 634 amplius
2283 602 2318 625 mi
2335 602 2345 624 i
2360 600 2446 631 videtu
2461 591 2474 640 i

1413 643 1429 659 a
1442 633 1600 660 Cantabrica
1625 633 1707 660 herba
1728 634 1895 668 deriuamlus,
1920 642 1950 661 vt
1971 639 2000 662 in
2023 638 2113 662 Lexico
2137 632 2228 668 rustico
2242 634 2407 671 cenfiteramf·
2425 647 2445 666 oo

1411 672 1514 704 gratias
1532 679 1578 705 ago
1592 668 1730 704 doetiffimo
1749 671 1875 703 Trillero,
1888 673 1930 706 qui
1949 670 1978 697 de
1992 673 2137 698 Pleuriticis
2155 677 2183 706 p.
2196 680 2241 698 202
2258 680 2294 696 me
2313 670 2400 698 reduxi
2425 677 2457 701 r'.

1412 707 1496 736 viam,
1509 711 1532 730 et
1544 705 1728 731 furfuraceum
1746 705 1789 739 effe
1804 705 1887 732 docuit
1896 707 1908 739 ,”
1918 716 1933 732 ιι
1947 707 2079 734 Cantabro
2093 706 2204 744 furjure
2221 705 2390 733 deriuandum.

1449 746 1497 766 CA
1506 748 1528 767 N
1540 747 1561 767 Τ
1575 748 1596 767 Λ
1605 748 1621 767 Β
1630 748 1648 767 R
1658 748 1677 767 v
1687 748 1712 767 Μ
1721 761 1729 773 ,
1747 742 1766 767 i.
1780 751 1805 767 n.
1842 743 1967 778 [πίτυρα]
2006 742 2101 779 Fur-fur
2114 746 2233 769 triticeus
2245 748 2290 768 aut
2306 732 2459 773 hordeacei&

1413 775 1479 810 quod
1496 779 1606 811 primum
1621 776 1706 803 docuit
1726 777 1817 804 Turn.
1831 785 1866 810 ις,
1884 781 1921 804 16.
1977 778 2081 805 Caelius
2096 778 2185 805 Aurei.
2209 779 2285 805 Acut.
2305 785 2330 810 2,
2344 785 2372 810 19
2383 778 2410 805 s.
2432 776 2445 807 i

1411 811 1545 838 Vtendum
1566 813 1646 838 etiam
1665 812 1767 839 hordeo
1787 813 1829 840 vel
1852 813 1939 840 orobo
1952 814 1981 840 in
2000 820 2075 841 aceto
2088 815 2151 841 miti
2186 828 2232 834 —-
2268 812 2321 839 siue
2336 820 2381 840 can
2405 815 2444 845 ιῑ’“

1410 847 1506 873 eodem
1541 856 1618 875 enei-e
1639 848 1797 875 feruefaCto.
1838 850 2001 876 Translatum
2016 860 2045 876 ex
2061 851 2228 886 Hippocrate,
2248 851 2292 885 qui
2311 849 2342 874 πί
2426 837 2448 905 ᾗ

1409 882 1457 909 brt.
1493 883 1524 910 T
1545 883 1604 910 eod.
1619 885 1695 911 Prisc.
1710 893 1736 918 2,
1746 896 1765 919 4
1790 885 1880 911 Variis
1894 891 1919 911 et
1931 885 2114 920 frequentibus
2126 892 2235 912 caeteris
2247 883 2410 919 vaporibus·
2433 905 2435 909 .

1411 919 1557 953 mitigabo:
1576 926 1604 946 vt
1619 920 1765 956 aliquando
1781 921 1880 947 sacellis
1900 930 1932 948 ex
1954 921 2088 949 cantabro.
2132 923 2220 949 Vtitur
2237 927 2260 946 et
2274 920 2382 955 Apicius
2403 929 2407 955 ζ
2423 908 2447 972 {¹
2468 947 2470 949 ,

1411 955 1455 981 vbi
1475 956 1503 981 in
1518 955 1654 983 Cantabro
1675 956 1783 983 inuolui
1808 956 1883 984 iubet
1902 957 2012 984 vuluam
2029 958 2131 984 tostam.
2174 956 2352 989 Catholicon,
2405 956 2408 964 '
2438 973 2446 977 ιι

1410 990 1489 1018 brum
1503 999 1706 1027 purgamentum
1723 993 1759 1019 est
1772 993 1903 1020 frumenti
1916 994 1958 1020 vel
1977 993 2095 1026 farinae,
2114 993 2157 1021 vel
2172 993 2247 1019 cibus
2262 992 2388 1026 caninus,
2426 986 2445 1015 ³³2¹

1410 1035 1485 1053 canes
1501 1029 1648 1061 pascuntur.
1686 1029 1762 1061 Sunt,
1776 1032 1821 1065 qui
1840 1028 1996 1056 cantabrum
2015 1028 2112 1056 diH'um
2125 1036 2217 1065 putent
2231 1027 2298 1064 quast
2312 1036 2393 1055 εῐιιιιι
2434 1022 2445 1061 ζ’

1410 1063 1476 1099 quod
1484 1063 1522 1097 stt
1536 1064 1642 1090 caninus
1655 1064 1738 1091 cibus.
1775 1067 1833 1092 Alii
1845 1075 1862 1092 a
1875 1064 2072 1092 Cantabrorum
2084 1065 2148 1092 dura
2161 1072 2183 1092 et
2197 1067 2290 1091 immiti
2302 1070 2395 1100 gente,
2448 1059 2452 1078 ¹

1755 1102 1825 1127 Hinc
1843 1101 1975 1128 deriuatur
1990 1102 2079 1127 succus
2092 1101 2265 1128 Cantabricus
2285 1099 2389 1135 Vegeti'

1408 1135 1479 1161 modo
1493 1133 1599 1161 ditium.
1635 1136 1704 1162 Add.
1725 1138 1847 1164 Almelou.
1869 1136 1904 1164 ad
1921 1138 1938 1164 l.
1952 1147 1973 1163 c.
1994 1137 2080 1163 Caelii.
2279 1132 2300 1174 ff
2319 1144 2332 1162 2
2375 1139 2391 1162 0.

1408 1169 1489 1197 brum
1502 1170 1535 1204 est
1549 1171 1637 1197 vexilli
1648 1181 1725 1208 genus
1737 1173 1804 1208 apud
1816 1175 1954 1205 Romanot,
1968 1172 1997 1199 de
2010 1181 2058 1209 quo
2070 1171 2192 1199 Tertull.
2206 1171 2285 1206 Apol.
2301 1173 2329 1198 16
2355 1170 2392 1199 Si»
2432 1190 2433 1193 ι

1409 1206 1519 1241 (Sipara
1535 1209 1587 1239 al.)
1603 1207 1650 1234 illa
1668 1208 1830 1235 vexillorum
1849 1215 1875 1235 et
1895 1208 2083 1236 cantabrorum
2097 1208 2179 1235 stolae
2198 1216 2307 1234 crucum
2328 1208 2397 1235 sunt
2431 1218 2433 1220 v

1409 1242 1443 1268 ad
1465 1243 1596 1269 Nationes
1615 1252 1635 1277 1,
1660 1252 1687 1270 12
1723 1245 1754 1270 In
1772 1244 1904 1272 cantabris
1922 1252 2002 1280 atque
2021 1245 2128 1272 vexillis
2148 1259 2179 1265 --
2199 1243 2301 1279 siphara
2316 1243 2362 1273 illa
2390 1262 2394 1271 .-

1649 1279 1718 1306 Min.
1733 1280 1786 1306 Fel.
1800 1289 1841 1314 29,
1856 1289 1874 1315 7
1903 1281 1975 1308 Nam
1990 1287 2016 1307 et
2030 1281 2100 1315 ligna
2114 1281 2170 1316 ipsa
2183 1287 2209 1307 et
2223 1279 2362 1312 cantabra,
2388 1297 2394 1301 -

1408 1314 1474 1341 xiiia
1491 1314 1652 1347 castrorum,
1669 1315 1735 1351 quid
1760 1316 1835 1343 aliud
1855 1326 1934 1351 quam
1955 1317 2092 1344 inauratae
2112 1324 2200 1343 cruces
2216 1317 2276 1342 sunt
2294 1321 2320 1342 et
2339 1324 2388 1343 orn
2430 1334 2432 1346 :

1408 1351 1478 1377 Haec
1491 1349 1606 1384 constans
1620 1350 1709 1385 let‘iio,
1722 1361 1794 1387 quam
1807 1356 1834 1378 in
1849 1352 1942 1379 candes
1962 1352 2131 1385 labarorum,
2143 1353 2185 1380 vel
2195 1351 2337 1385 contabra‚
2349 1360 2378 1378 ve
2418 1380 2424 1382 ,

1408 1385 1516 1413 delabra
1523 1385 1627 1423 frustra
1640 1395 1737 1414 mutare
1750 1388 1850 1425 quidam
1861 1391 1915 1416 viri
1928 1388 1998 1416 dofki
2009 1395 2150 1416 tentarunt.
2176 1387 2247 1415 Vnde
2259 1394 2340 1415 autem
2351 1386 2378 1422 fi
2385 1400 2395 1417 'r
2423 1380 2441 1397 ¹

1406 1421 1481 1456 ausim
1496 1422 1586 1449 dicere.
1625 1425 1694 1450 Hinc
2382 1453 2385 1459 ‚

1443 1464 1731 1486 CANTABRARH
1763 1459 1781 1485 l.
1800 1468 1817 1487 2
1845 1460 1875 1487 C.
1895 1459 2006 1487 Theod.
2028 1460 2061 1487 de
2080 1459 2238 1495 Collegiatis
2256 1469 2313 1486 cum
2331 1458 2363 1491 si
2392 1457 2440 1543 ι’]

1404 1497 1599 1531 coniunguntur.
1714 1522 1717 1523 ⁷
2388 1497 2397 1529 j
2444 1518 2445 1531 ¹

1442 1537 1460 1557 c
1469 1537 1491 1557 A
1502 1537 1524 1556 N
1534 1537 1556 1557 T
1564 1537 1585 1557 A
1595 1537 1611 1558 B
1620 1538 1639 1557 R
1650 1537 1684 1558 1c
1693 1538 1714 1558 A
1722 1551 1732 1564 ‚
1753 1540 1791 1559 ae.
1811 1531 1832 1558 f.
1852 1530 2041 1567 [καιταςῗραῆ]
2077 1530 2169 1558 Herba
2183 1530 2219 1557 est
2230 1529 2333 1566 vbique
2347 1539 2374 1558 ιι
2389 1537 2415 1567 ιζ»

1405 1566 1480 1592 caule
1500 1566 1598 1593 iunceo
1618 1567 1722 1601 pedali,
1742 1567 1771 1593 in
1784 1576 1839 1603 quo
1859 1569 1919 1595 sunt
1937 1568 2041 1594 flosculi
2060 1567 2191 1602 oblongi,
2210 1566 2286 1593 velut
2303 1566 2420 1594 calath'

1406 1601 1448 1628 his
1462 1602 1551 1628 semen
1564 1611 1692 1637 perquam
1704 1603 1850 1630 minutum.
1887 1604 1966 1631 Diem
1978 1611 2068 1631 autem
2082 1603 2119 1630 cst
2132 1602 2308 1636 Cantabrica,
2324 1612 2342 1638 q

1443 1675 1986 1709 CANTATOR',CANTATR1x,
2013 1681 2252 1708 CANTATIO,
2272 1675 2326 1702 vid.
2406 1666 2444 1707 ’Ἣ

1442 1716 1699 1744 CANTER1vs,
1719 1710 1773 1737 vid.
1798 1716 2068 1739 CANTHEmvs.
2395 1700 2449 1766 αἱ

1441 1751 1459 1771 c
1467 1752 1491 1771 A
1500 1752 1522 1770 N
1531 1752 1552 1771 'r
1561 1752 1581 1771 H
1592 1752 1614 1771 A
1622 1752 1641 1771 R
1650 1753 1660 1771 1
1669 1753 1691 1772 A
1699 1753 1712 1772 s
1721 1765 1730 1778 ,
1747 1755 1787 1773 ae.
1804 1755 1842 1773 m.
1878 1748 1993 1774 Geminae
1999 1747 2104 1784 species,
2119 1754 2181 1783 quae
2196 1745 2334 1773 scarabaeo
2382 1775 2393 1787 ἦ
2407 1750 2426 1776 ,ί

1406 1779 1477 1814 giem
1487 1778 1581 1806 habet:
1599 1783 1688 1815 quippe
1703 1782 1793 1806 Graeci
1804 1781 1944 1816 κανθόρες,
1958 1790 2049 1810 vocant
2053 1782 2212 1820 scarabaeos.
2231 1781 2298 1809 Plin.
2306 1789 2348 1817 37,
2356 1790 2393 1818 ιιιι
2409 1766 2450 1827 'Ti

1443 1815 1685 1843 CANTHA'R1S
1699 1835 1708 1847 ,
1735 1815 1795 1841 idis.
1823 1817 1864 1841 vel
1890 1817 2179 1848 cAN‘rHARfDA
2193 1838 2201 1851 ,
2230 1826 2270 1845 ae.
2306 1817 2427 1854 [πύῳ

1411 1851 1511 1877 Vermis
1524 1851 1633 1884 viridis,
1647 1854 1674 1877 in
1688 1851 1835 1887 fimzmitate
1851 1860 1978 1877 ramorum
1990 1852 2101 1887 fraxini
2119 1861 2143 1879 et
2159 1855 2238 1881 oliuae
2253 1853 2371 1890 nascens:
2389 1862 2430 1885 cus
2440 1855 2450 1884 ¹.

1399 1886 1491 1921 flaccus
1511 1889 1538 1911 in
1558 1896 1635 1912 venos
1653 1885 1789 1923 ingressus,
1801 1892 1831 1912 vt
1850 1895 1968 1912 venenum
1985 1890 2126 1913 interimit:
2147 1895 2173 1913 et
2190 1889 2295 1916 humano
2307 1887 2426 1925 corpori't
2447 1891 2450 1895 ’

1404 1922 1525 1982 filicitus,
1541 1921 1633 1955 vesicas
1647 1924 1737 1956 plenas
1750 1922 1849 1948 humore
1860 1921 1941 1956 facit.
1997 1922 2172 1950 Cantharides
2185 1924 2380 1952 Alexandrinae
2392 1924 2425 1952 Sc

1427 1965 1470 1982 on.
1485 1965 1539 1988 231.
1581 1956 1647 1982 Plin.
1664 1965 1698 1989 11,
1718 1965 1745 1995 35
1759 1957 1777 1982 s.
1791 1965 1824 1990 41
1850 1956 2023 1984 Cantharidas
2037 1965 2158 1995 generant
2178 1959 2322 1986 vermiculi
2344 1959 2422 1988 ἦτοι-ι

2346 1681 2363 1703 C
2378 1688 2396 1708 ὲ,

1407 2028 1544 2060 dicantur,
1563 2028 1661 2062 quibus
1680 2027 1776 2054 demtis
1794 2027 1873 2054 letale
1894 2027 1939 2054 cst.
1985 2028 2066 2056 ‘Idem
2085 2038 2129 2062 29,
2144 2038 2163 2062 4
2175 2030 2194 2056 s.
2206 2038 2236 2062 23
2273 2030 2422 2058 Salamandi

1406 2073 1541 2091 venenum
1555 2063 1685 2098 restingui
1704 2079 1751 2084 -—
1770 2063 1956 2090 cantharidum
1969 2069 2044 2097 potu.
2079 2066 2111 2091 Et
2123 2065 2142 2090 s.
2154 2073 2188 2097 29
2206 2065 2382 2092 Salamandris
2399 2075 2422 2092 cz

1405 2099 1524 2126 tharidas
1537 2099 1656 2126 diximus
1669 2099 1797 2126 resistere.
1833 2098 1883 2126 Sed
1896 2099 1925 2125 in
1945 2098 1979 2125 iis
1993 2108 2086 2134 magna
2100 2099 2232 2134 quaestio,
2246 2101 2375 2134 quoniam
2388 2100 2422 2135 ip]

1406 2142 1508 2159 venena
1521 2136 1581 2161 sunt
1594 2141 1687 2169 potae,
1702 2135 1803 2162 vesicae
1813 2144 1884 2161 vcum
1903 2135 2022 2162 cruciatu
2036 2135 2179 2169 praecipuo
2212 2149 2260 2154 -—
2294 2135 2422 2163 Verum.''

1405 2174 1444 2194 tas
1458 2168 1575 2202 prodesse
1586 2178 1642 2194 non
1657 2170 1827 2203 dubiumrest
1864 2185 1910 2190 -
1946 2171 2066 2205 Ipsarum
2085 2169 2270 2198 cantharidum
2287 2172 2383 2198 venem
2395 2171 2401 2177 ²

1405 2212 1458 2238 qua
1471 2208 1544 2238 parte
1556 2203 1601 2235 sit,
1616 2212 1672 2230 non
1685 2203 1785 2230 constat
1795 2205 1866 2231 inter
1878 2204 2001 2231 auctores
2035 2220 2082 2226 —
2117 2206 2191 2240 Ipsae
2203 2206 2345 2232 nascuntur
2358 2215 2372 2232 e
2416 2213 2418 2215 ·

1405 2239 1523 2271 miculo‚
1536 2239 1565 2265 in
1577 2239 1686 2273 spongia
1698 2239 1815 2265 maxime
1830 2239 2012 2272 cynorrhodi,
2033 2249 2102 2275 quae
2113 2241 2144 2268 sit
2157 2240 2186 2267 in
2199 2241 2289 2274 caule,
2310 2241 2354 2269 sed
2380 2247 2386 2265 w‘

1404 2274 1504 2301 diffime
1519 2275 1547 2300 in
1559 2275 1681 2301 fraxino:
1703 2280 1805 2301 ceterae
1818 2274 1846 2301 in
1861 2274 1921 2301 alba
1934 2277 1991 2302 rosa
2004 2276 2095 2302 minus
2108 2275 2232 2303 efficaces.
2269 2277 2383 2305 Potenti

1404 2310 1476 2336 inter
1490 2319 1583 2336 omnes
1598 2311 1689 2337 variae
1699 2330 1707 2342 ,
1735 2310 1814 2336 luteis
1827 2311 1904 2337 lineis
1914 2331 1922 2343 ‚
1947 2320 2011 2346 quas
2032 2312 2060 2339 in
2073 2311 2167 2347 pennis
2183 2313 2341 2340 transuersas

1403 2346 1519 2372 multum
1539 2347 1664 2381 pingues:
1683 2347 1842 2379 inertiores,
1872 2347 2007 2378 minutae,
2028 2348 2112 2380 latae,
2136 2347 2249 2382 pilosae:
2280 2349 2382 2377 inutili*

1402 2391 1470 2409 vero
1484 2382 1563 2409 vnius
1577 2382 1689 2414 coloris,
1705 2391 1871 2417 macraeque.
1908 2397 1961 2403 —
1998 2384 2046 2409 Vis
2059 2393 2152 2409 earum
2167 2383 2280 2411 adurere
2287 2394 2368 2421 corpu
2381 2402 2383 2404 -

1402 2417 1452 2445 stas
1472 2417 1615 2445 obducere.
1652 2433 1698 2438 —
1735 2418 1910 2445 Cantharides
1929 2417 2051 2445 obiectae
2070 2420 2130 2446 sunt
2151 2419 2248 2447 Catoni
2267 2421 2343 2449 Vtice
2383 2422 2386 2424 ⁷
2412 2451 2414 2454 y

1402 2463 1537 2480 venenum
1551 2453 1709 2481 vendidisset
1718 2473 1727 2486 ‚
1740 2454 1768 2480 in
1782 2454 1908 2481 autffione
1921 2455 1995 2488 regia
2009 2462 2055 2480 etc.
2108 2455 2190 2482 Ouid.
2205 2456 2235 2482 in
2245 2455 2306 2484 Ibin
2320 2458 2410 2490 308,.„'

1403 2489 1539 2516 tharidum
1553 2490 1642 2516 succos
1662 2489 1740 2516 dante
1754 2497 1862 2525 parente
1881 2490 1966 2517 bibas.
2003 2490 2070 2517 ΛΜ.
2091 2490 2146 2517 Cic.
2161 2498 2174 2524 ς
2192 2500 2214 2518 c.
2230 2501 2276 2525 40.
2311 2493 2370 2520 val.
2388 2484 2423 2514 ΝΤ

1403 2528 1430 2558 6,
1444 2534 1471 2558 2,
1486 2534 1498 2558 3
1513 2533 1579 2552 extr.
1617 2527 1674 2553 Cic.
1689 2527 1761 2552 Fam.
1774 2534 1800 2559 9,
1814 2534 1840 2553 21
1867 2527 1946 2553 Caius
1960 2526 2038 2553 Carbo
2053 2527 2189 2554 accusante.
2197 2527 2226 2554 L.
2239 2527 2329 2554 Crasso
2347 2523 2397 2556 can'
2413 2541 2416 2551 =

1401 2561 1473 2588 ridas
1494 2561 1606 2588 sumsisse
1628 2562 1736 2588 dicitur.
1942 2559 1962 2599 ἦ
1985 2571 2002 2589 2
2038 2562 2081 2589 Est
2102 2568 2128 2590 et
2142 2561 2278 2592 Cantharis
2296 2562 2383 2591 elifius
2399 2564 2417 2590 fi

1401 2597 1514 2625 rabaeus
1529 2607 1627 2632 paruus
1639 2598 1775 2625 frumenta
1788 2598 1899 2625 erodens
1913 2598 1980 2624 Plin.
1996 2603 2031 2630 18,
2045 2607 2084 2633 17.
2294 2603 2296 2606 ’

1437 2640 1454 2661 C
1463 2641 1486 2660 A
1497 2641 1519 2660 N
1530 2641 1552 2660 Τ
1561 2641 1583 2660 H
1591 2641 1614 2660 A
1623 2640 1642 2660 R
1653 2641 1662 2660 1
1672 2640 1694 2661 T
1702 2640 1719 2660 Ε
1728 2640 1742 2659 S
1749 2653 1758 2666 ,
1779 2641 1818 2661 ae.
1859 2635 1920 2661 Vini
1932 2634 2100 2670 transmarini
2107 2642 2189 2679 ,genus
2200 2633 2266 2660 Plin.
2281 2641 2322 2669 14,
2334 2640 2362 2670 7.

1437 2677 1454 2697 c
1464 2677 1486 2697 A
1496 2676 1516 2695 N
1526 2677 1547 2697 T
1558 2677 1579 2696 H
1587 2676 1636 2696 AR
1646 2675 1665 2696 o
1675 2676 1691 2695 ι.
1701 2676 1719 2696 Ε
1728 2675 1749 2694 Τ
1757 2675 1779 2696 11
1788 2677 1807 2696 R
1815 2676 1836 2697 o
1844 2677 1868 2703 s,
1889 2670 1907 2696 i.
1923 2679 1959 2697 m.
1979 2669 2217 2706 [Κανθαρολιθρος]
2236 2667 2417 2698 LocusinThi

1399 2705 1440 2732 cia
1453 2705 1528 2732 iuxta
1542 2705 1690 2738 Olynthum
1701 2713 1813 2740 paruus,
1829 2715 1844 2732 a
1857 2707 1981 2734 Cambari
1998 2709 2075 2733 exitio
2095 2704 2195 2739 dietus,
2207 2704 2272 2742 quod
2283 2705 2417 2747 &itaqu

1399 2743 1546 2768 animalium
1565 2751 1653 2779 genere
1665 2741 1736 2778 Jblus
1748 2742 1914 2769 exanimatur
1927 2741 2066 2769 cantharus
2085 2742 2152 2771 Ptin.
2167 2750 2200 2775 11,
2214 2746 2245 2772 28
2257 2741 2276 2769 s.
2288 2749 2331 2776 34.
2370 2753 2399 2774 ιι

1435 2784 1453 2805 c
1462 2785 1484 2805 A
1493 2784 1516 2803 N
1524 2784 1545 2804 T
1555 2785 1576 2804 u
1585 2776 1608 2804 A
1615 2784 1635 2804 R
1643 2783 1664 2802 v
1675 2784 1699 2810 s,
1722 2776 1740 2803 i.
1767 2786 1802 2804 m.
1839 2779 1852 2813 [
1859 2777 2001 2813 κάνθαρος]
2039 2780 2172 2811 Paculam,
2190 2787 2237 2814 quo
2254 2774 2389 2814 usus-‘est'
2400 2789 2414 2821 ἦ

1399 2814 1484 2840 Liber.
1535 2813 1602 2840 Plin.
1625 2821 1661 2846 33,
1676 2821 1698 2840 ιι
1725 2813 1756 2839 C.
1773 2814 1876 2841 Marius
1895 2814 1953 2849 post
1975 2813 2120 2841 victoriam
2138 2813 2304 2844 Cimbricam
2322 2822 2361 2841 ca
2401 2830 2418 2851 ἦ..

1399 2850 1496 2884 potasse
1510 2849 1604 2876 Liberi
1617 2849 1699 2884 patris
1713 2849 1836 2884 exemplo
1851 2849 1976 2877 traditur.
2010 2850 2080 2878 Add.
2096 2849 2155 2877 Val.
2170 2850 2242 2876 Max.
2257 2857 2280 2883 3,
2293 2851 2322 2883 6,
2333 2851 2351 2876 6
2370 2854 2376 2886 g
2394 2850 2413 2893 '3

1399 2884 1474 2912 crob.
1489 2885 1592 2912 Saturi-i.
1607 2893 1630 2919 ς,
1644 2893 1670 2912 21
1689 2885 1804 2920 scyphus
1817 2886 1943 2914 Herculis
1956 2885 2081 2921 poculum
2095 2885 2147 2918 est,
2162 2885 2199 2912 ita
2212 2891 2242 2912 vt
2256 2882 2370 2912 Liberi1
2396 2889 2412 2924 χι,

1398 2921 1548 2948 cantharus.
1585 2922 1616 2949 Et
1630 2921 1717 2957 grauis
1730 2921 1819 2948 attrita
1833 2921 1964 2957 pendebat
1979 2921 2119 2949 cantharus
2138 2922 2199 2948 ansa
2212 2921 2288 2956 Virg.
2303 2920 2356 2949 Ecl.
2371 2922 2375 2924 ’
2406 2948 2411 2950 ,

1404 2957 1464 2985 Vid.
1479 2956 1508 2984 de
1521 2958 1592 2984 illius
1597 2957 1686 2994 figura
1701 2957 1829 2984 Drakenb.
1844 2958 1878 2984 ad
1889 2958 1936 2984 Sil.
1950 2966 1976 2993 7,
1997 2960 2053 2991 196.
2097 2959 2162 2986 Scal.
2177 2957 2276 2984 Auson.
2289 2958 2365 2984 Lem*
2402 2951 2412 2986 f

1403 2993 1453 3020 Vbi
1466 2993 1605 3029 potorium
1618 2992 1779 3021 Cantharum
1793 3003 1861 3028 quem
1874 2994 1972 3020 Baccho
1984 2993 2030 3020 dat
2047 2993 2184 3020 Arnobius
2197 2995 2214 3020 6
2232 3001 2258 3028 p.
2273 3001 2323 3027 209
2344 2993 2351 2999 ”
2398 2988 2412 3035 2

1397 3035 1439 3057 tra
1458 3031 1529 3056 illius
1548 3030 1720 3065 pendentem,
1734 3029 1764 3056 ab
1778 3038 1804 3056 eo
1821 3027 1966 3065 distinguit,
1983 3038 2029 3055 ‹uo
2042 3029 2177 3065 funditur.
2250 3027 2368 3061 Paruul„
2400 3030 2410 3067 'j

1397 3065 1488 3092 tharus
1503 3066 1597 3093 quen.
1613 3066 1663 3093 Sat.
1679 3074 1702 3099 3,
1716 3072 1773 3098 205.
1820 3065 1906 3091 Plenis
1919 3071 1978 3091 cant
1999 3065 2052 3091 aris
2066 3064 2160 3092 bibere
2172 3064 2254 3092 Plaut.
2262 3065 2330 3093 Pers.
2340 3075 2342 3077 ’

1397 3101 1560 3135 Cantharus,
1579 3104 1668 3138 Aquae
1689 3102 1886 3136 conceptaculum
1907 3100 2015 3127 ludicris
2028 3100 2128 3137 formis
2147 3101 2311 3135 elaboratum,
2321 3107 2366 3138 p·

1396 3147 1461 3174 aqua
1474 3138 1548 3173 solit.
1575 3138 1645 3165 Paul.
1660 3136 1720 3164 inl.
1747 3137 1866 3164 Caetera.
1887 3136 1920 3164 D.
1939 3136 1972 3163 de
1993 3136 2071 3172 legat.
2088 3146 2098 3164 1
2122 3136 2170 3164 Sed
2187 3142 2214 3164 et
2231 3141 2362 3166 autumat

1399 3172 1529 3206 canthari,
1545 3182 1592 3209 per
1605 3183 1672 3209 quos
1685 3182 1768 3208 aquae
1782 3172 1893 3204 saliunt,
1913 3179 2039 3207 poterunt
2059 3173 2157 3209 legari:
2175 3173 2297 3203 maxime,
2310 3172 2329 3200 si
2344 3172 2354 3195 “ι

1395 3209 1456 3244 ιίςὶί
1468 3209 1526 3236 sint.
1563 3209 1681 3237 Alciatus
1693 3210 1796 3244 Parcrg.
1815 3217 1833 3241 1,
1849 3217 1883 3235 20
1908 3209 2016 3235 Dubium
2035 3207 2084 3242 qli,
2099 3209 2162 3246 quid
2177 3208 2224 3236 hoc
2240 3210 2292 3236 Ioco
2302 3207 2356 3244 stu

1395 3245 1530 3272 canthari:
1550 3245 1598 3280 ’11'st
1610 3249 1720 3282 accipias
1733 3253 1783 3281 pro
1799 3244 1865 3278 vasis
1885 3254 2021 3282 aquarum,
2042 3245 2131 3281 quibus
2149 3243 2292 3280 episiomia,
2303 3244 2332 3271 id
2348 3253 2356 3272 ι]

1394 3282 1469 3319 vulgo
1483 3283 1621 3317 vocamus)
1629 3282 1719 3319 spinae
1731 3280 1856 3308 adduntur
1864 3301 1873 3314 ,
1893 3280 1958 3307 vnde
1969 3290 2035 3316 aqua
2047 3284 2117 3314 exit,
2131 3280 2230 3317 ideoque
2244 3280 2331 3307 Salien
2348 3281 2361 3300 —'

1395 3319 1500 3344 Latinis
1512 3315 1668 3345 auctoribus.
1709 3317 1798 3345 Vtitur
1817 3315 1863 3344 hoc
1882 3320 1979 3344 nomine
1998 3319 2071 3344 etiam
2084 3317 2184 3344 Auson.
2197 3316 2277 3351 Epist.

1873 3349 1894 3390 ff
1915 3361 1931 3379 2
1966 3352 2132 3385 Canfflarus,
2145 3354 2228 3379 Genus
2237 3351 2349 3389 pifiis=¹¹
2402 3353 2405 3355 “

1394 3397 1428 3416 ιι.
1465 3389 1600 3417 Coluuiel.
1614 3395 1638 3423 8,
1651 3397 1689 3424 17,
1703 3397 1734 3423 14
1752 3388 1823 3416 Nam
1837 3393 1863 3414 et
1876 3388 1976 3416 alecula
1990 3388 2072 3416 modo
2086 3394 2176 3424 capta,
2190 3394 2217 3415 et
2228 3393 2300 3415 cant
2314 3401 2323 3411 ιι
2352 3400 2358 3417 3

2145 3457 2166 3497 q
2185 3469 2198 3493 3
2235 3458 2353 3489 Canth'
2402 3473 2409 3491 ·.

1864 3534 1893 3560 el.
1913 3539 1936 3564 8,
1953 3542 1978 3567 5.
2020 3533 2091 3558 Hinc

2300 3541 2304 3545 ·
2330 3538 2333 3549 ι

2333 3553 2340 3566 7

2264 3655 2267 3659 ι
2316 3631 2340 3664 ,5

2044 3673 2101 3699 obat
2112 3673 2233 3701 Macrob.
2253 3663 2342 3700 820⁷(
2367 3704 2369 3706 ,

1389 3709 1411 3751 fl
1432 3713 1449 3739 6
1484 3712 1645 3745 Marculum,
1653 3715 1671 3739 i.
1679 3711 1820 3740 malleolum
1827 3709 1960 3747 pufflmdis
1964 3708 2217 3746 foribusadpeifiim‚
2230 3709 2275 3736 hoc
2307 3721 2340 3731 ιιι
2393 3731 2399 3742 ⁴

1390 3748 1479 3774 volunt
1491 3748 1574 3775 Plaut.
1588 3749 1660 3775 Men.
1676 3757 1696 3782 1,
1711 3756 1734 3781 2,
1745 3750 1790 3781 64.
1826 3747 1887 3781 Non
1898 3742 1966 3776 reste
1973 3751 2047 3780 puto.
2083 3744 2162 3772 Mille
2175 3745 2272 3780 passum
2290 3751 2349 3771 σοιν

312 3791 358 3810 CA
368 3791 438 3811 nor
448 3793 455 3811 1
466 3792 487 3811 T
497 3787 618 3818 ᾹΝνς,
645 3793 675 3817 a,
696 3792 750 3810 um.
779 3782 839 3809 Adi.
868 3783 974 3811 Solinus
994 3792 1033 3819 44
1061 3781 1143 3818 Quod
1161 3781 1196 3810 ab
1219 3782 1324 3811 Atlante
1334 3794 1381 3813 100
1391 3784 1441 3811 tu's
1461 3783 1632 3818 cantharum,
1641 3783 1786 3821 fignificat,
1800 3787 1830 3808 ve
1846 3779 1966 3808 viderunt
1985 3779 2116 3813 Salmasius
2129 3782 2347 3817 6νονιοιιὶηιῃασ,;

1389 3820 1443 3847 illis
1461 3823 1536 3857 nugis
1553 3822 1606 3846 tuis
1612 3839 1621 3853 ,
1634 3819 1765 3856 imperiis,
1775 3815 1983 3848 reuocatimiibus,
1995 3822 2025 3842 vt
2043 3817 2110 3843 mille
2117 3816 2229 3852 paffihus
2245 3824 2304 3843 ac

1389 3858 1569 3892 compotatione
1581 3853 1809 3893 remotifimus,.et
1821 3851 1937 3892 bibtmuu·⁸
1938 3851 2037 3887 serius,
2050 3861 2122 3888 quam
2133 3853 2198 3888 fieri
2209 3855 2311 3887 potera

1387 3934 1413 3960 p.
1426 3934 1476 3959 ²09
1496 3926 1561 3954 vnde
1577 3935 1623 3954 nos
1642 3923 1729 3960 paullo
1747 3930 1806 3951 ante
1823 3925 1986 3951 excitauimus
2003 3922 2165 3960 pendentem
2180 3923 2210 3951 in
2229 3919 2365 3950 Libuit

1331 3972 1376 4001 105
1385 3961 1523 3997 potorium
1540 3961 1702 3990 cantharum.
2312 3971 2314 3973 -
2341 3964 2349 3970 ¹

2342 3810 2357 3830 r
2386 3806 2399 3828 ι

1423 3888 1753 3922 οΑΝτιιΛιιΰιν·ε,
1771 3896 1791 3914 ι.
1809 3895 1846 3914 ιιι.
1865 3886 1967 3914 Dinun.
1995 3887 2094 3924 Legunt
2111 3887 2211 3923 quidam
2223 3885 2395 3925 apudAp-,ffl
2408 3874 2415 3878 ’

2252 4001 2259 4005 -
2281 3973 2399 4030 canifi
