2474 4182
675 91 967 136 COM

299 190 358 216 Liu.
368 194 392 221 8,
401 196 429 214 10
453 186 530 214 Decii
542 194 636 221 corpus
651 194 682 211 ne
700 193 732 210 co
744 183 788 209 die
796 181 963 209 inueniretur
973 202 981 215 ,
997 189 1052 210 nox
1065 184 1220 217 quaerentes
1232 179 1335 214 oppres-

300 226 342 252 lit:
378 224 482 258 postero
494 223 537 249 die
556 223 693 249 inuentum
708 220 777 246 inter
790 219 934 244 maximam
947 217 1063 244 hostium
1082 217 1207 250 stragem,
1227 224 1335 250 cooper-

298 267 355 288 tum
369 260 440 286 telis:
459 260 590 293 funusque
604 264 710 290 compar
723 255 805 281 morti
818 253 965 280 celebrante
979 254 1088 288 collega,
1103 252 1211 279 factum.
1263 252 1336 278 Mars

297 305 405 331 compar
425 296 485 322 Liu.
504 297 549 327 36,
570 302 616 326 44.
687 291 784 317 Modus
802 298 924 324 compar,
944 293 963 316 i.
986 297 1035 325 par
1056 296 1078 315 ct
1096 290 1207 324 aequalis
1225 288 1337 323 mensura

296 333 362 360 Cels.
376 342 404 365 4,
418 341 439 365 ς.
511 331 612 356 Natura
625 327 679 353 viri
691 334 798 361 compar
810 326 889 353 vxori
904 327 1007 352 Lucret.
1021 334 1049 357 4,
1063 330 1133 358 1248.
1145 328 1164 350 i.
1178 325 1337 350 Conuemens.

298 366 455 399 Corzllrmtur
468 375 519 391 cum
534 365 647 389 Gem'tzuo
662 362 731 389 Geli.
745 365 772 395 6,
788 369 810 388 ιι
834 362 906 395 Qua
927 362 1053 394 tantisper
1072 360 1164 386 similis
1184 366 1209 385 et
1229 367 1336 392 compar

295 398 389 432 eor-um
404 403 457 428 fias.
528 400 658 433 Compar,
672 401 799 425 exornatio
813 398 945 424 Rhetorica
959 396 1094 431 [πάρισον]
1107 395 1183 422 Auci.
1197 395 1228 421 ad
1237 397 1334 421 Hercu.

296 450 324 474 4,
337 446 365 469 28
386 440 501 471 Compar
517 435 680 469 appellatur,
699 433 771 469 quod
791 433 868 460 habet
887 434 914 459 in
928 434 952 459 se
974 431 1092 458 membra
1105 431 1251 463 orationis,
1269 439 1336 465 quae

295 475 410 502 constant
424 481 454 498 cx
469 472 526 506 pari
539 479 651 497 numero
663 470 828 502 syllabarum.
902 470 1032 502 Compar,
1042 474 1090 503 pro
1103 468 1171 495 Socio
1178 466 1221 503 scu
1231 468 1336 502 (sauuage

294 512 374 539 Plaut.
398 508 481 535 Cafin.
503 516 530 540 4,
551 515 583 539 2,
603 511 628 536 18
661 507 737 532 Meus
756 507 861 532 socerus
882 505 952 535 (mel.
976 504 1113 535 socienus)
1130 511 1335 537 compar‚com-

294 546 403 573 maritus
427 543 548 573 villicus,
573 545 591 568 i.
619 542 717 569 Sodali:
736 543 777 568 vel
798 542 916 576 aequalir.
945 540 982 565 De
995 539 1063 575 socio
1082 542 1180 565 cuiusue
1198 542 1235 565 ret
1254 538 1335 564 Plaut.

293 581 383 609 Pseud.
407 590 432 614 4,
452 587 474 611 3,
494 586 519 611 9.
555 578 621 604 Plin.
641 583 663 610 8,
678 587 707 610 23
732 577 865 611 Coniugia
887 576 970 601 ferme
988 581 1132 610 vagantur:
1150 584 1197 601 nec
1212 574 1259 600 nili
1275 582 1334 599 cum

292 625 429 651 compare,
442 615 497 641 vita
515 614 564 645 cst,
582 614 610 640 dc
624 613 790 649 serpentibus.
861 613 928 638 Hor.
943 612 1031 638 carm.
1049 621 1074 645 2,
1088 618 1111 645 ς,
1125 619 1141 638 2
1159 610 1188 637 de
1197 609 1278 646 puella
1292 612 1336 635 im-

289 660 400 680 maturae
412 653 503 678 aetatis
510 649 556 686 Jiaeb
569 652 676 686 imagine
689 650 782 675 vitulae
791 659 798 673 .·

447 685 578 713 Nondum
599 685 705 712 subacta
723 685 795 711 serre
814 683 906 717 iugum
925 682 998 710 valet

448 721 576 754 Ceruice,
600 721 719 748 nondum
735 720 827 746 munia
847 718 978 754 comparis

448 758 583 792 Aequare:
603 766 651 783 nec
671 756 742 783 tauri
758 754 859 783 ruentis

448 794 478 819 In
492 794 622 820 Venerem
641 792 755 818 tolerare
776 790 889 826 pondus.

297 829 356 858 Vid.
369 828 448 855 etiam
461 830 567 855 Gruter.
581 830 699 863 Inscript.
712 837 736 862 p.
753 835 802 862 793
816 836 841 853 ιι.
857 835 882 858 9.

328 871 669 897 COMPARAvas,
693 863 746 889 vid.
770 866 967 890 compano.

328 907 346 927 c
357 898 516 927 OMPARf
524 907 599 933 Lis,
618 909 641 926 e.
663 899 724 926 Adi.
762 898 829 925 Idem
849 895 913 932 quod
926 895 1038 927 Compar.
1059 890 1251 924 Auson.Eclog.
1267 897 1292 922 2,
1307 893 1335 921 38

290 937 382 964 Nescit
395 935 550 970 compariles
561 936 673 963 laterum
692 935 809 961 formare
822 932 926 964 figuras.

327 978 344 999 C
356 980 374 999 0
384 979 430 999 MP
440 978 488 999 AR
500 978 516 998 C
529 978 563 1004 0,
589 971 606 998 fi
616 992 624 1004 ‚
651 972 723 1002 sum,
751 973 803 995 ere.
839 963 973 1000 [φείδομαι
987 966 997 996 ]
1036 962 1104 989 Idem
1124 961 1189 998 quod
1206 959 1333 987 parcendo

281 1006 306 1043 s.
326 1007 478 1043 parsimonia
494 1007 607 1044 colligere
626 1014 648 1032 ct
668 1009 734 1032 velut
755 1002 892 1030 corradere.
928 1000 997 1026 Ter.
1010 998 1116 1025 Phorm.
1138 1006 1158 1030 1,
1179 1006 1199 1029 1,
1212 1005 1229 1029 9
1253 995 1335 1029 Qiod

299 113 379 150 1071

288 1044 333 1070 ille
349 1050 475 1070 vnclatim
494 1043 540 1069 vix
561 1043 592 1069 de
605 1041 728 1068 demenso
748 1040 794 1064 suo
815 1039 890 1063 suum
904 1034 1046 1062 defrudans
1059 1034 1183 1069 genium,
1196 1032 1335 1067 comparsit
1351 1040 1382 1066 25
1399 1044 1443 1063 aut
1458 1036 1663 1071 comparandum
1679 1043 1760 1072 putet.
1797 1038 1864 1063 Cato
1877 1037 1909 1064 de
1922 1038 1953 1065 R.
1967 1039 1998 1066 R.
2014 1048 2023 1065 1
2043 1040 2182 1066 Praedium
2195 1050 2278 1076 quum
2292 1043 2375 1070 com'.

287 1079 376 1111 miser,
391 1086 435 1106 etc.
471 1079 576 1105 Pacatus
590 1080 681 1110 Pancg.
690 1083 729 1108 32,
745 1082 758 1108 ς
779 1075 867 1108 Qiam
880 1080 994 1099 numero
1002 1076 1100 1098 artaret
1112 1077 1254 1101 annonam,
1262 1076 1334 1094 com-

287 1115 418 1150 parcendo
431 1114 541 1140 laxabat.

327 1158 343 1177 c
355 1159 373 1177 o
384 1159 406 1177 M
416 1158 431 1177 P
441 1152 462 1176 A
473 1157 489 1175 R
500 1156 515 1174 Ε
525 1155 543 1174 O
554 1168 562 1179 ‚
582 1147 628 1179 ui,
648 1150 702 1172 ere.
739 1145 895 1179 [φαὶνομιιιι]
930 1143 999 1171 Idem
1010 1141 1076 1178 quod
1085 1142 1223 1177 Apparere.
1250 1139 1333 1166 Plaut.

289 1187 348 1213 Aul.
364 1196 389 1219 4,
403 1196 431 1218 4,
446 1194 457 1210 2
478 1184 534 1217 Qui
552 1183 633 1209 modo
652 1191 781 1216 nusquam
800 1179 985 1216 comparebas‚
1004 1187 1074 1204 nunc
1088 1186 1172 1212 quum
1186 1184 1332 1210 compares,

305 1231 363 1248 Cl'ls.

286 1231 327 1283 pls
342 1256 451 1282 illorum
467 1264 498 1282 ex
515 1255 563 1281 illo
581 1255 641 1280 loco
655 1258 832 1288 compareant,
902 1252 992 1282 Serui,
1005 1258 1055 1285 qul
1073 1258 1128 1276 non
1145 1247 1333 1287 comparebant

285 1294 341 1319 Cic.
356 1301 404 1326 pro
417 1292 521 1318 Cluent.
536 1301 557 1318 c.
572 1293 617 1324 64.
688 1289 769 1316 Ouid.
784 1289 816 1316 ad
836 1288 896 1315 Liu.
910 1295 966 1322 407
1008 1285 1117 1313 Lucifer
1136 1285 1165 1311 in
1178 1290 1246 1324 ’toto
1265 1283 1334 1309 nulli

284 1328 433 1363 comparuit
453 1327 526 1354 orbe.
596 1327 626 1352 In
646 1325 819 1352 multitudine
832 1324 967 1351 bonorum
985 1329 1138 1356 comparere
1152 1322 1270 1360 Cic-..pro
1284 1320 1333 1346 Ra-

285 1363 336 1391 bir.
353 1364 467 1398 perduel.
484 1372 520 1395 23.
572 1363 628 1389 Cic.
646 1362 699 1388 Att.
714 1370 748 1394 12,
762 1370 778 1388 z
799 1361 851 1387 Hic
863 1368 1000 1391 rumoreS,
1017 1358 1141 1385 Murcum
1153 1357 1257 1392 peruste
1270 1364 1333 1382 nau-

283 1400 372 1434 fragio
392 1415 438 1419 »-
457 1398 613 1433 Pompeium
625 1406 679 1424 non
696 1405 858 1432 comparere.
1241 1428 1245 1432 ⁸

284 1437 354 1463 roris
374 1444 427 1461 non
448 1435 598 1470 comparuit
614 1434 674 1460 Liu.
689 1439 711 1465 8,
726 1441 765 1468 37.
836 1431 969 1467 Papiniau.
985 1430 1014 1456 in
1033 1430 1052 1456 l.
1066 1429 1113 1456 vlt.
1128 1429 1161 1455 D.
1174 1428 1206 1454 de
1219 1428 1269 1459 lus,
1283 1435 1331 1463 qut

285 1479 341 1498 not.
355 1472 446 1497 infam.
482 1470 576 1505 Siquis
589 1470 617 1496 in
632 1469 703 1496 bello
716 1468 854 1495 ceciderit:
872 1467 916 1494 etsi
925 1475 1021 1501 corpus
1035 1466 1092 1492 eius
1105 1473 1159 1490 non
1172 1470 1333 1504 compareat,

284 1508 428 1542 lugebitur.
474 1506 598 1533 Inchoata
611 1514 626 1531 a
639 1511 731 1531 natura
746 1510 898 1539 comparent
916 1504 973 1530 Cic.
989 1511 1038 1537 pro
1051 1501 1114 1528 Sull.
1128 1508 1168 1535 73.
1202 1500 1331 1541 ἸιιᾸὼιιε

283 1544 367 1570 multa
380 1543 519 1576 diligentia
533 1547 668 1576 comparet
683 1541 751 1575 Nep.
765 1548 810 1574 24,
825 1549 847 1572 3,
861 1548 889 1573 4.
960 1539 1020 1564 Liu.
1040 1539 1066 1570 6,
1086 1546 1096 1564 1
1120 1538 1150 1563 In
1167 1545 1261 1571 prunis
1275 1537 1331 1563 foe-

285 1579 346 1605 dera
366 1587 394 1604 ac
413 1579 481 1612 leges
501 1580 592 1608 (erant
612 1583 701 1604 autem
719 1584 764 1602 eae
784 1575 928 1602 duodecim
940 1573 1082 1606 Tabulae,
1102 1579 1127 1599 et
1141 1572 1269 1607 quaedam
1290 1582 1330 1599 re·
1341 1578 1378 1603 40
1397 1576 1426 1602 in
1439 1576 1513 1602 Orat.
1526 1580 1554 1608 38
1570 1584 1591 1601 c,
1607 1583 1643 1601 η,

285 1616 342 1650 giae
360 1615 446 1648 leges)
461 1613 585 1647 conquiri
600 1620 667 1646 quae
680 1617 878 1645 comparerent,
901 1610 1038 1637 iufferunt.
1110 1609 1166 1635 Cic.
1188 1608 1240 1635 Off.
1260 1617 1283 1641 3,
1305 1617 1330 1641 ¹5

284 1653 375 1684 Quini
389 1656 476 1675 autem
491 1647 591 1682 aliquid
610 1647 697 1673 aetum
712 1647 764 1678 est,
784 1647 813 1672 in
825 1655 879 1681 quo
892 1645 980 1673 media
994 1644 1090 1672 officia
1103 1650 1288 1679 compareant,
1302 1644 1330 1670 id

283 1686 414 1712 cumulate
434 1684 542 1711 videtur
562 1683 610 1709 ess'e
631 1682 788 1718 perfeetum.
861 1682 957 1707 Oratio
976 1681 1040 1708 haec
1053 1681 1081 1707 in
1098 1680 1176 1708 turba
1195 1688 1331 1707 nouorum

282 1722 452 1748 voluminum
464 1721 510 1747 vix
526 1725 659 1753 comparet
679 1718 734 1744 Cic.
748 1717 780 1744 de
794 1716 865 1744 Clar.
881 1718 955 1743 Orat.
973 1718 1022 1742 u'z.
1093 1717 1257 1743 Ornamenta
1274 1725 1333 1742 ora·

283 1757 365 1784 tionis
380 1761 533 1791 comparent
554 1755 627 1781 Idem
643 1755 672 1781 in
684 1755 758 1781 Orat.
777 1761 837 1786 234.

284 1793 372 1820 ccndii
393 1792 431 1819 Id.
453 1798 540 1827 anteq.
556 1791 607 1818 iret
622 1791 651 1817 in
664 1790 728 1817 exil.
743 1798 773 1822 14
791 1798 812 1814 c.
825 1796 846 1822 ς.
916 1788 996 1822 Signa
1009 1792 1035 1813 et
1054 1786 1124 1812 dona
1137 1795 1290 1820 comparere
1303 1796 1332 1812 o-

285 1829 358 1856 mnia
372 1828 428 1855 Cic.
443 1829 519 1854 Verr.
535 1837 555 1860 ι,
572 1835 623 1859 132.
694 1826 771 1860 Signa
784 1824 890 1851 testium
912 1832 968 1849 non
985 1828 1138 1857 comparent
1152 1822 1258 1856 leian.
1275 1822 1303 1847 in
1317 1822 1334 1848 l.

285 1867 376 1899 Quum
391 1864 504 1891 tabulae.
525 1864 556 1890 D.
571 1863 602 1889 de
623 1861 685 1888 bon.
706 1862 802 1896 poffeff.
818 1858 923 1886 secund.
938 1858 992 1886 tab.
1063 1858 1145 1884 Plaut.
1159 1857 1257 1892 Amph.
1274 1866 1300 1889 2,
1314 1866 1334 1890 1,

285 1906 316 1931 82
335 1902 366 1927 Et
378 1909 483 1926 memor
497 1901 553 1926 sum
562 1919 571 1931 ,
584 1904 609 1925 et
622 1898 750 1932 diligens,
763 1902 793 1924 vt
806 1904 873 1931 quae
886 1895 1015 1930 imperes,
1030 1898 1213 1928 compareant,
1226 1896 1244 1919 ι’.
1255 1892 1335 1928 fiant.

285 1938 358 1964 Idem
373 1936 456 1962 Trin.
470 1945 495 1968 2,
507 1944 535 1969 4,
549 1944 576 1961 10
604 1934 744 1968 Postquam
763 1932 880 1959 comedit
892 1940 964 1964 rem,
984 1930 1041 1966 post
1060 1930 1194 1958 rationem
1212 1934 1294 1964 putat.
1309 1936 1334 1955 L.
1351 1933 1383 1960 50
1400 1940 1461 1957 cum
1474 1929 1658 1965 magnitudine
1672 1930 1795 1956 Vtilitatis
1808 1937 1976 1965 comparetur
1994 1933 2067 1959 Idem
2082 1934 2135 1961 Off.
2149 1943 2173 1972 2,
2187 1944 2230 1962 20.

283 1981 451 2007 nequaquam
465 1971 568 2005 argenti
580 1970 650 1997 ratio
665 1975 800 2004 comparet
813 1974 912 1995 tamen.
984 1966 1046 1993 Liu.
1061 1974 1099 1999 25,
1111 1975 1148 1999 40
1173 1965 1335 1992 Visebantur

287 2008 359 2033 enim
379 2008 533 2033 excellentia
545 2007 602 2032 eius
622 2007 725 2040 generis
739 2010 895 2031 ornamenta
909 2012 923 2030 a
936 2002 1065 2030 Marcello
1084 2002 1248 2032 consecrata,
1267 2009 1334 2036 quo-

285 2052 344 2070 rum
359 2043 453 2076 exigua
466 2051 524 2075 pars
539 2047 682 2074 comparet.
727 2040 800 2066 Idem
819 2039 914 2066 Decad.
934 2047 979 2071 32,
995 2047 1023 2065 10
1062 2038 1108 2071 Iis,
1126 2046 1244 2072 quorum
1257 2045 1335 2071 agros

284 2078 417 2113 vrbesque
432 2077 570 2111 populatus
584 2076 658 2107 essct,
672 2074 794 2101 redderet
806 2083 858 2106 res,
870 2083 938 2108 quae
950 2079 1148 2107 comparerent:
1168 2078 1334 2100 caeterorum

285 2123 370 2148 aequo
389 2113 505 2139 arbitrio
518 2111 665 2138 aestimatio
680 2109 764 2136 fieret.
920 2117 927 2125 ¹

321 2156 338 2176 c
348 2156 367 2175 O
377 2155 400 2174 M
409 2155 424 2174 P
435 2147 456 2174 ,Αἵ
465 2155 484 2174 R
493 2153 511 2173 O
521 2165 529 2179 ,
549 2151 601 2174 are.
638 2146 650 2179 [
657 2143 851 2179 συσκευάζομοιι,
867 2140 1065 2179 παρασκευάζω]
1100 2142 1196 2169 Parare
1205 2142 1283 2176 plura
1301 2140 1337 2167 ad

285 2194 360 2212 vnum
371 2184 464 2219 finem,
480 2190 503 2209 et
523 2190 663 2218 quacunque
683 2183 780 2206 ratione
800 2177 902 2214 efficere.
939 2178 995 2206 Cic.
1010 2179 1087 2204 Verr.
1101 2186 1122 2209 1,
1135 2179 1167 2210 63
1191 2175 1335 2211 Magnifice

286 2226 311 2247 et
327 2226 419 2246 ornate
433 2222 479 2249 (vt
492 2224 549 2243 erat
563 2218 591 2243 in
605 2216 698 2251 primis
713 2216 783 2241 inter
795 2216 855 2240 suos
869 2214 1008 2248 copiosus)
1022 2219 1156 2247 comparat
1170 2212 1334 2238 conuiuium.

287 2256 472 2283 Accusatorem
489 2253 569 2280 alicui
587 2260 740 2286 comparare
760 2249 833 2276 Idem
847 2258 895 2284 pro
908 2249 1013 2275 Cluent.
1029 2256 1078 2280 191.
1149 2249 1180 2274 Et
1194 2257 1244 2282 pro
1257 2248 1333 2274 Rosc.

287 2293 376 2319 Amer.
392 2300 422 2323 30
438 2290 548 2317 Crimen
561 2286 721 2315 incredibile
735 2285 903 2319 confingunt:
922 2283 997 2310 testes
1009 2283 1038 2309 in
1051 2282 1121 2309 hunc
1134 2288 1160 2309 et
1172 2284 1334 2310 accusatores
1354 2285 1389 2310 60
1398 2286 1438 2313 cie
1455 2294 1609 2321 comparare
1629 2286 1702 2313 Idem
1717 2286 1746 2313 in
1758 2287 1861 2322 Topic.
1875 2290 1915 2318 68.

287 2326 398 2354 huiusce
413 2326 524 2361 pecunia
543 2328 706 2358 comparant.
777 2321 834 2348 Cic.
849 2321 902 2347 Att.
916 2328 942 2352 2,
957 2326 986 2354 17
1013 2319 1159 2353 Nunquam
1179 2318 1231 2344 huc
1249 2319 1334 2358 venis-

289 2364 353 2393 sent,
372 2362 420 2388 uisi
435 2361 466 2388 ad
480 2361 544 2388 alias
556 2369 597 2387 res
613 2359 747 2394 pestiferas
766 2357 853 2384 aditus
873 2355 923 2383 fibi
936 2359 1129 2390 compararent.
1188 2353 1263 2380 Idem
1273 2354 1336 2394 *Phi-

288 2399 352 2433 lipp.
369 2408 391 2431 3,
406 2407 416 2425 1
436 2399 529 2431 Quum
541 2395 643 2423 bellum
656 2394 790 2421 nefarium
803 2397 895 2419 contra
908 2400 964 2418 aras
973 2411 982 2424 ,
997 2396 1022 2417 et
1035 2391 1127 2422 focos,
1147 2395 1239 2416 contra
1251 2396 1336 2430 vitam

289 2435 463 2469 fortunasque
481 2432 581 2459 nostras
600 2431 632 2458 ab
649 2429 759 2457 homine
780 2428 921 2464 profligato
941 2436 969 2453 ac
983 2425 1089 2462 perdito
1106 2434 1162 2452 non
1176 2434 1336 2459 comparari,

290 2470 333 2497 sed
351 2471 407 2504 geri
427 2470 480 2496 iam
500 2467 629 2496 viderem.

291 2515 403 2541 pugnam
413 2526 420 2537 ‚
435 2504 467 2532 ad
477 2504 580 2531 cursum
589 2502 721 2530 Columcl.
735 2509 761 2536 7,
775 2510 810 2534 12,
825 2506 847 2530 8.
1054 2534 1059 2539 ι
1119 2533 1124 2538 .
1145 2533 1150 2538 Β
1167 2534 1171 2538 ἱ

290 2551 382 2577 parare
401 2542 456 2568 Cic.
472 2541 500 2567 in
514 2541 588 2567 Orat.
608 2547 656 2571 123.
710 2537 784 2564 Idem
799 2537 853 2563 Att.
867 2540 890 2568 8,
904 2542 932 2570 17
959 2535 1034 2561 Alter
1051 2542 1081 2560 m
1100 2533 1217 2561 Siciliam
1232 2542 1292 2559 cum
1306 2542 1337 2559 ea

293 2578 379 2611 copia,
388 2585 465 2611 quam
480 2577 586 2610 Capuae
598 2581 623 2601 et
638 2575 737 2600 circum
751 2574 868 2607 Capuam
881 2570 1060 2605 comparastiS,
1070 2576 1116 2596 etc.
1170 2569 1337 2596 Conuiuium

292 2613 331 2640 Id.
346 2614 421 2638 Verr.
437 2621 458 2643 1,
471 2613 502 2644 65
522 2620 544 2637 c.
558 2612 601 2637 26.
637 2610 710 2645 Conf.
726 2608 876 2644 Brouckbus.
890 2607 924 2634 ad
934 2606 1003 2634 Tib.
1020 2615 1040 2639 1,
1055 2615 1087 2637 11,
1103 2614 1145 2639 42.
1164 2612 1167 2614 “
1218 2605 1337 2632 Domici-

293 2649 360 2675 lium
375 2648 436 2674 Liu.
453 2656 470 2678 1,
484 2655 526 2680 34.

293 2684 403 2720 picndos
416 2691 460 2709 eos
476 2687 637 2716 comparant.
687 2681 785 2706 Dolum
800 2679 880 2707 alicui
892 2687 1046 2714 comparare
1061 2683 1087 2704 et
1098 2677 1248 2712 confingere
1256 2677 1338 2704 Plaut.

293 2721 368 2753 Capt.
383 2718 450 2754 prol.
467 2724 512 2752 47.
558 2716 709 2743 Exercitum
721 2716 778 2742 Cic.
793 2715 906 2750 Philipp.
920 2724 943 2748 3,
958 2723 996 2747 14.
1017 2717 1046 2740 it.
1060 2713 1098 2740 ib.
1113 2720 1126 2746 ς
1140 2723 1160 2739 c.
1176 2722 1207 2745 ¹3-
1251 2713 1336 2746 Qiin-

294 2756 349 2783 ἑὶἰΙ.
367 2762 388 2788 3,
403 2763 428 2787 2,
443 2763 458 2780 2
478 2753 536 2781 Nifi
552 2753 611 2788 quis
623 2752 690 2778 dicit
702 2752 781 2778 etiam
796 2751 914 2786 gladium
927 2750 1086 2778 fabricatum
1101 2749 1134 2776 ab
1147 2758 1180 2776 eo
1193 2749 1276 2784 prius,
1292 2749 1340 2783 qui

293 2792 396 2818 ferrum
418 2791 445 2816 in
464 2789 574 2816 tutelam
591 2788 646 2820 sui,
665 2795 744 2822 quam
764 2788 811 2821 qui
829 2787 858 2813 in
878 2787 1022 2822 perniciem
1043 2785 1151 2812 alterius
1168 2786 1337 2820 compararit.

917 2499 1014 2534 Copias
1027 2503 1119 2525 contra
1131 2497 1250 2532 aliquem
1265 2506 1337 2523 com-

294 2828 385 2854 Anuus
409 2825 536 2852 hibernus
549 2824 621 2851 Iouis
634 2823 734 2850 Imbres
752 2824 881 2857 niuesque
901 2827 1035 2857 comparat
1062 2822 1129 2848 Hor.
1148 2821 1231 2856 Epod.
1253 2829 1277 2852 2,
1295 2829 1335 2853 30.
1361 2823 1490 2856 75Qam
1504 2821 1597 2856 inique
1610 2826 1791 2856 comparatum
1804 2822 1856 2855 est,
1876 2822 1907 2850 hi
1925 2822 1974 2858 qui
1991 2823 2079 2850 minus
2098 2821 2213 2856 habent,
2233 2828 2262 2850 vt
2282 2823 2373 2850 sem

293 2867 312 2890 ι’.
339 2864 422 2889 Hiems
434 2861 531 2898 colligit
543 2867 566 2886 et
584 2860 739 2891 accumulat,
753 2864 801 2884 etc.
855 2858 911 2884 Cic.
924 2866 973 2892 pro
986 2859 1092 2884 Cluent.
1110 2864 1148 2892 47
1175 2859 1267 2892 ltaque
1282 2862 1340 2884 tum

295 2899 327 2926 sic
342 2897 447 2930 statuit,
468 2906 514 2932 per
533 2897 561 2923 C.
575 2894 726 2923 Fabritium
743 2893 852 2920 Insidias
867 2893 948 2920 Auito
966 2902 1126 2928 comparare.
1196 2892 1339 2919 Laudatio-

294 2943 340 2961 nes
362 2942 408 2969 per
426 2934 483 2960 vim
502 2936 527 2959 et
547 2938 648 2958 metum
667 2940 681 2957 a
702 2929 857 2957 ciuitatibus
877 2928 981 2956 homini
1001 2929 1088 2956 alieno
1108 2937 1260 2964 comparare
1281 2929 1338 2955 Cic.

295 2972 372 2997 Verr.
386 2980 414 3004 4,
427 2977 484 3004 ¹47·
556 2967 645 2994 Ludos
663 2974 758 3001 magna
778 2964 888 3001 pecunia
904 2964 976 2991 Idem
990 2966 1026 2999 Q
1039 2965 1108 2992 Frat.
1122 2973 1143 2997 3,
1156 2973 1182 2998 9.
1253 2965 1337 2991 Plaut.

296 3008 318 3033 C
320 3006 381 3032 asin.
395 3014 417 3038 2,
431 3010 454 3037 8,
469 3007 503 3038 69
529 3003 604 3038 Qun
618 3012 669 3038 ego
683 3002 738 3030 illis
752 3001 834 3029 hodie
848 3009 998 3036 comparem
1012 3009 1135 3035 magnum
1151 3000 1261 3027 malum.
1296 3002 1337 3027 Pe·
1354 3001 1386 3027 80
1402 3000 1521 3035 quiffime
1539 3006 1720 3036 comparatum
1739 2999 1776 3027 est
1795 3001 1884 3036 quod,
1897 3008 1942 3028 etc.
1961 3003 2017 3028 Cic.
2033 3011 2082 3036 pro

295 3042 410 3069 riculum
424 3040 505 3067 alicui
525 3040 580 3066 Cic.
594 3048 643 3074 pro
656 3037 738 3066 Flacc.
758 3039 802 3071 96.
873 3035 991 3073 Spatium
1011 3036 1170 3062 defensionis
1188 3044 1340 3070 comparare

297 3083 323 3104 et
337 3076 497 3104 constituere
516 3075 589 3102 Idem
608 3083 657 3110 pro
669 3073 761 3101 Rabir.
783 3072 901 3109 perduel.
921 3075 946 3099 6.
1016 3071 1164 3099 Tumultus
1183 3071 1340 3099 domesticos

298 3118 324 3139 et
340 3111 477 3139 intestinos
491 3119 645 3146 comparare
660 3109 737 3137 Aue«.
753 3109 784 3136 ad
797 3110 895 3136 Heren.
910 3118 938 3142 4,
952 3113 974 3139 8.
1045 3108 1208 3142 Comparare
1217 3127 1224 3138 ,
1237 3117 1289 3134 cum
1302 3111 1341 3134 jn.

292 3147 396 3183 finitiuo
409 3147 489 3175 Ouid.
503 3147 590 3174 Trist.
605 3154 628 3179 2,
643 3148 692 3181 267
711 3147 773 3181 Igne
785 3144 851 3181 quid
864 3143 972 3172 vtilius3
985 3140 1003 3170 fi
1012 3142 1071 3177 quis
1084 3149 1172 3169 tamen
1185 3151 1262 3169 vrere
1274 3144 1342 3170 tecta

301 3184 457 3217 Compara,
481 3182 589 3210 audaces
609 3181 716 3209 instruit
734 3181 796 3216 igne
817 3189 919 3207 manus.

301 3218 367 3254 quid
379 3227 530 3252 comparare
544 3219 598 3245 Cic.
613 3218 686 3245 Fam.
701 3222 760 3252 7,'1.
829 3216 870 3243 Ad
885 3215 1089 3243 dele&ationem
1102 3220 1282 3249 comparatum
1303 3215 1341 3242 Id.

301 3255 330 3281 in
343 3255 418 3281 Orat.
432 3259 489 3283 208.
523 3253 715 3281 Delectationis
730 3252 805 3280 causa
816 3257 996 3287 comparatum
1011 3249 1050 3277 Id.
1064 3250 1093 3277 in
1107 3250 1180 3276 Orat.
1195 3259 1234 3284 37.
1277 3252 1342 3278 Gra-

301 3289 417 3317 viffimus
432 3289 524 3316 auctor
537 3288 569 3316 ad
582 3288 787 3321 instituendam,
805 3287 964 3315 fideliffimus
977 3287 1061 3313 socius
1080 3284 1111 3312 ad
1130 3287 1342 3320 comparandam,

302 3324 455 3353 fortislimus
466 3324 571 3351 adiutor
582 3323 613 3352 ad
625 3333 681 3352 rem
714 3323 884 3351 erficiendam
895 3323 949 3350 fuit
968 3322 1024 3350 Cic.
1037 3330 1087 3357 pro
1099 3321 1187 3348 Domo
1201 3329 1242 3353 3ο.
1311 3324 1342 3349 In

302 3361 505 3389 ostentationem
526 3369 677 3395 comparare
709 3359 911 3387 eclamationcm
924 3358 1055 3393 Qiinffil.
1070 3366 1096 3389 2,
1113 3365 1151 3390 10,
1166 3365 1203 3383 ιο.

302 3396 431 3424 auxilium
445 3401 470 3422 et
482 3401 666 3423 ornamentum
679 3395 828 3431 comparari
844 3403 868 3428 ς,
879 3400 903 3428 8,
916 3400 943 3421 2:
985 3395 1146 3429 Comparare
1159 3392 1183 3418 se
1195 3393 1262 3419 Ter.
1276 3394 1343 3421 Eun.

304 3442 324 3465 1,
340 3442 360 3465 1,
375 3441 390 3459 2
409 3432 449 3458 An
463 3431 551 3466 potius
566 3431 601 3457 ita
614 3440 656 3457 me
670 3439 820 3467 comparem
833 3439 887 3458 non
902 3430 1004 3465 perpeti
1018 3428 1189 3457 meretricum
1208 3436 1343 3456 contume-

305 3469 368 3495 lias?
404 3467 460 3495 Cic.
479 3465 511 3493 de
532 3466 594 3493 Nat.
616 3467 696 3493 Dcor.
734 3486 740 3494 .
779 3487 786 3494 .
824 3467 879 3501 Ego
898 3475 940 3492 me
957 3465 995 3493 ita
1012 3463 1172 3500 comparaui.

305 3505 376 3531 Frat.
392 3512 412 3536 1,
426 3512 436 3530 ι
470 3500 519 3529 Sed
540 3507 565 3528 te
584 3501 651 3528 illud
669 3501 814 3535 admoneo,
834 3509 863 3530 vt
883 3508 909 3529 te
921 3507 980 3528 ante
1000 3508 1151 3536 compares,
1169 3500 1343 3536 quotidieque

304 3539 433 3566 meditere
445 3536 612 3565 resistendum
627 3538 675 3563 esse
689 3538 850 3565 iracundiae.

304 3580 353 3605 rat,
366 3573 507 3609 paullisper
517 3579 696 3600 commoratus
710 3573 746 3600 est
754 3574 809 3601 Cic.
823 3582 872 3609 pro
885 3573 982 3601 Milon.
997 3571 1042 3603 28]

307 3610 369 3636 dum
388 3617 541 3644 comparare
557 3609 617 3636 Cic.
632 3608 664 3634 de
676 3607 739 3635 Nat.
755 3608 834 3636 Deor.
854 3617 883 3642 3,
905 3617 943 3642 ι9.

306 3646 367 3671 Liu.
381 3651 420 3677 28,
458 3664 464 3672 .
503 3664 510 3671 .

306 3681 361 3707 vid.
382 3686 561 3708 REMEDWM.

308 3716 377 3742 Gall.
391 3724 419 3749 4,
433 3725 466 3748 3¹-

308 3792 367 3814 rent
379 3792 407 3812 vt
421 3787 576 3814 commodat
596 3789 623 3813 in
638 3795 662 3813 eo
669 3786 698 3821 se
705 3786 798 3822 felices
807 3791 912 3821 putent,
918 3784 944 3819 fi
958 3785 1064 3820 aliifint
1077 3785 1170 3822 miseri.
1205 3783 1343 3813 Amicitias

307 3828 458 3856 comparare
470 3822 539 3849 ratio
551 3828 643 3849 monet
655 3821 711 3848 Cic.
725 3821 757 3848 de
767 3821 824 3848 Pin.
840 3829 859 3854 ι,
872 3823 912 3854 65.

307 3866 448 3884 εοιιιιηιιιιε
461 3858 630 3884 commodum
639 3857 738 3884 mutuis
750 3855 847 3884 officiis
861 3855 1021 3891 gubernetur
1035 3857 1108 3884 Idem
1115 3864 1164 3892 pro
1170 3856 1245 3883 Rosc.
1254 3857 1342 3883 Amet.

309 3902 343 3921 ιε.
415 3893 561 3926 Argentum
584 3901 736 3928 comparare
759 3893 840 3920 Plaut.
861 3890 930 3919 Asin.
943 3900 969 3924 2,
989 3899 1010 3924 1,
1031 3901 1056 3920 2.

1222 3464 1294 3491 Idem
1308 3467 1347 3500 Q

952 3821 1093 3848 Amicitiae
1105 3825 1300 3856 comparantur,
1317 3827 1345 3848 vt

1360 325 1374 351 5

1352 511 1382 530 10

1357 687 1381 712 15

1351 863 1385 881 20

433 1221 489 1246 Cic.
504 1221 580 1246 Verr.
595 1228 617 1251 ς,
631 1226 678 1253 147
705 1217 834 1251 Qxaerite
853 1225 922 1243 nunc
942 1214 1054 1254 vestigia
1064 1215 1152 1248 prius,
1167 1212 1265 1248 quibus
1279 1212 1333 1237 exi·
1352 1225 1384 1250 30
1399 1217 1575 1243 Frumentum
1588 1225 1741 1251 comparare
1753 1216 1814 1243 Liu.
1829 1223 1854 1249 2,
1869 1226 1895 1250 9,

932 1396 988 1422 Nec
1010 1393 1103 1421 auctor
1121 1402 1168 1419 nec
1182 1392 1264 1419 Causa
1282 1398 1332 1432 ter:
1352 1406 1380 1432 35
1397 1396 1510 1427 tutelae,
1527 1405 1575 1423 cur
1588 1396 1694 1423 seruum
1704 1396 1810 1431 pupillo
1822 1397 1992 1424 neceffarium
2004 1406 2059 1425 non
2071 1405 2302 1434 comparauerunt.
2335 1398 2453 1437 Qsfflm

909 1751 1029 1778 Scintilla
1047 1750 1120 1778 nulla
1140 1758 1275 1785 comparet
1294 1752 1333 1778 in·
1349 1758 1383 1784 45
1397 1753 1526 1780 Conferte
1538 1753 1663 1782 Verrem,
1680 1761 1736 1779 non
1755 1758 1784 1778 vt
1801 1752 1939 1782 hominem
1959 1765 2019 1782 cum
2031 1755 2143 1783 homine
2155 1758 2329 1793 comparetis,
2347 1761 2440 1793 nequ?

1354 2110 1382 2136 55

702 2465 780 2492 Canis
795 2465 933 2500 pecuarius
948 2468 1116 2497 comparatur
1133 2461 1166 2488 ad
1186 2461 1289 2493 rixam,
1302 2461 1335 2488 ad
1355 2464 1386 2496 65
1399 2463 1518 2491 habitur.

580 2645 653 2671 Idem
667 2654 707 2677 23,
721 2653 747 2677 35
771 2644 824 2671 Vbi
839 2644 868 2670 id
883 2652 975 2678 parum
989 2641 1107 2677 processit
1115 2661 1124 2674 ,
1140 2640 1233 2667 dolum
1253 2641 1285 2667 ad
1299 2650 1339 2667 ca·
1357 2649 1393 2677 70
1403 2643 1455 2675 est,
1476 2648 1506 2669 vt
1520 2642 1586 2669 ciuis
1600 2642 1678 2669 Rom.
1691 2642 1842 2670 libertatem
1861 2651 1941 2669 nemo
1954 2642 2028 2678 poffit
2047 2643 2147 2671 inuitus
2161 2644 2291 2672 amittere.

990 3179 1030 3206 Ad
1043 3178 1185 3205 arbitrium
1199 3180 1274 3205 suum
1294 3179 1342 3206 ali-
1357 3179 1386 3208 85
1401 3186 1523 3215 paratum
1536 3180 1596 3207 effet
1609 3180 1666 3208 Cic.
1681 3180 1713 3207 de
1725 3179 1817 3207 Diuin.
1830 3188 1846 3207 2.
1867 3189 1889 3207 c.
1903 3188 1943 3214 59.
1960 3182 2135 3215 alaparatum.

1259 3358 1299 3385 Sic
1312 3360 1343 3385 ln
1361 3358 1490 3391 9oa6him
1499 3379 1507 3392 ,
1527 3365 1556 3385 vt
1570 3358 1837 3393 compararentlinter
1851 3359 1893 3389 sc,
1912 3359 1959 3394 qui
1973 3359 2026 3386 duo
2041 3368 2101 3386 cum
2114 3359 2205 3394 legatis
2223 3359 2301 3386 irem.
2332 3364 2344 3388 ι]

921 3538 991 3564 Dum
1005 3537 1030 3564 se
1043 3540 1175 3599 vxoSmX‘ti
1182 3534 1390 3598 lustenam-‘93
1403 3540 1422 3564 i.
1440 3537 1538 3564 collatis
1561 3540 1628 3564 inter
1643 3537 1672 3572 se
1681 3536 1818 3573 stritentit's
1838 3544 1860 3563 ct
1877 3537 2047 3564 voluntatibus
2063 3543 2145 3563 mutuo
2166 3539 2276 3573 cognitis
2293 3548 2311 3558 ν»
2340 3543 2343 3553 ’

1105 3580 1119 3598 e
1188 3579 1217 3598 re
1231 3580 1281 3606 pon
1302 3581 1345 3599 en-

1012 3608 1044 3635 Se
1064 3607 1104 3634 Ad
1122 3607 1175 3634 iter
1192 3614 1344 3642 comparare

622 3644 784 3679 Comparare
797 3642 847 3671 fibi
858 3643 1019 3672 Remedium
1033 3643 1072 3670 Ad
1085 3642 1142 3670 vim
1153 3642 1345 3677 tempestatum,

632 3680 794 3714 Comparare
813 3679 931 3706 Subsidia
945 3679 985 3707 Ad
1004 3687 1095 3707 omnes
1109 3677 1180 3706 casius
1193 3677 1264 3705 Caes.
1280 3679 1344 3706 Bell.

535 3716 696 3750 Comparare
710 3714 813 3741 vultum
826 3714 900 3741 suum
913 3715 932 3741 E
944 3714 1020 3742 vultu
1033 3713 1142 3743 alterius
1155 3713 1236 3741 Plaut.
1251 3714 1345 3749 Amph.
1354 3723 1510 3744 moal-enam
1524 3714 1683 3748 deductum,
1697 3714 1817 3747 Thraci,
1831 3721 1857 3741 et
1869 3720 1932 3742 mox

309 3759 332 3783 3,
346 3760 366 3783 3,
381 3758 403 3784 5.
439 3752 507 3778 Ter.
515 3751 596 3778 Andr.
604 3760 633 3785 4,
646 3759 666 3783 1,
681 3759 699 3784 4
719 3751 806 3785 Atque
821 3750 857 3776 Ex
872 3750 1048 3777 incommodis
1062 3749 1171 3777 alterius
1184 3749 1230 3776 sua
1242 3757 1346 3784 compa-

1768 91 1802 131 C
1884 92 1920 132 Ο
2004 94 2053 137 M
2312 124 2316 127 ·
2340 117 2426 157 1072.

1397 186 1549 213 comparare
1562 180 1618 207 Cic.
1631 180 1662 207 de
1675 181 1733 207 Fin.
1748 190 1771 212 2,
1784 190 1830 208 ιιι.
1902 182 2095 210 Auctoritatem
2113 186 2162 214 fibi
2180 196 2330 224 comparare
2344 198 2372 219 re
2383 192 2426 221 ali.
2446 202 2447 207 ¹

1398 223 1450 248 qua
1465 214 1530 240 bene
1550 216 1618 256 gesta
1636 218 1707 243 Caes.
1724 218 1788 243 Bell.
1801 216 1869 244 Gall.
1889 225 1911 250 ς,
1930 226 1966 251 53.
2036 220 2092 246 Cic.
2104 221 2174 250 Fam.
2187 232 2212 256 ις
2222 244 2229 256 ,
2244 234 2262 258 4
2291 227 2379 260 Quum
2390 229 2426 256 in.
2444 219 2462 250 ι’

1398 256 1468 276 terea
1482 251 1665 285 superioribus
1674 252 1773 279 ‘diebus
1789 262 1820 280 ex
1835 254 2061 281 Senatusconsulto
2071 275 2078 287 ,
2097 262 2124 282 et
2141 265 2311 287 euocatorum
2329 261 2426 292 firmam

1398 294 1522 316 manum,
1542 293 1567 313 et
1586 288 1733 326 equitatum
1751 290 1810 315 sane
1828 290 1971 322 idoneum,
1989 296 2014 316 et
2034 291 2192 325 populorum
2210 295 2373 330 liberorum,
2391 306 2441 326 rte-¹

1398 330 1515 355 gumque
1529 328 1554 348 et
1568 323 1701 348 sociorum
1713 325 1811 351 auxilia
1824 326 1975 352 voluntaria
1988 326 2209 360 comparauiss'em.
2277 332 2428 362 Delectatio.

1397 357 1511 397 nes-sibi
1530 366 1681 391 comparare
1702 358 1734 384 ad
1748 360 1890 388 arbitrium
1911 362 1987 388 suum
2006 362 2063 389 Cic.
2086 363 2157 388 Fam.
2176 371 2203 398 7,
2223 373 2242 390 ι.
2312 368 2369 394 Cic.
2384 378 2428 404 pro
2444 391 2445 395 ,

1400 394 1494 426 Qunt.
1508 402 1527 426 4
1545 393 1623 433 ’Nam
1635 402 1690 433 quo
1703 394 1789 434 {ninus
1803 397 1910 431 ingenio
1924 398 2022 432 poss’um
2031 417 2038 429 ,
2058 397 2173 424 subfidio
2185 399 2254 425 mihi
2272 398 2428 436 diligentiam
2443 398 2447 408 “
2461 392 2469 434 ,ἶ

1398 438 1560 464 comparatu.
1593 465 1598 469 .
1634 430 1690 455 Cic.
1705 439 1732 455 m
1747 431 1830 458 Plson.
1844 440 1873 466 71
1886 443 1907 459 c.
1921 442 1955 465 29
1975 433 2031 466 Qu
2047 433 2064 458 si
2080 434 2166 460 fuiss'et
2179 434 2208 460 in
2220 435 2353 470 Discipulo
2365 446 2429 468 com.
2465 441 2474 469 ζ

1399 465 1514 499 parando
1535 465 1648 494 meliore
1667 465 1782 491 fortuna.
1852 468 1972 495 Gloriam
1987 478 2018 494 cx
2033 468 2135 495 bellicis
2147 469 2226 495 rebus
2238 471 2293 498 Cic.
2301 473 2352 500 Off.
2365 482 2380 501 2
2400 486 2428 511 4·
2460 491 2465 502 t

1399 510 1420 527 c.
1438 509 1470 532 ¹3·
1541 501 1672 533 Homines
1686 510 1837 535 comparare
1849 511 1907 530 aere
1919 504 1951 530 ad
1963 505 2066 540 aliquid
2080 504 2176 531 Catull.
2193 513 2230 537 10,
2251 514 2285 539 ις.
2337 495 2429 539 Laride}
2456 500 2474 539 ς’

1399 537 1501 563 artibus
1525 542 1709 570 comparantur
1728 538 1784 563 Cic.
1805 538 1875 564 Fam.
1889 547 1913 569 2,
1926 549 1953 572 4.
2023 540 2148 567 Praedam
2167 540 2353 575 improbillime
2366 554 2428 574 com·
2440 553 2474 577 ψ.

1400 581 1490 612 parare
1499 592 1506 604 ,
1525 572 1579 597 vid.
1603 578 1644 597 ιΜ
1653 579 1668 598 P
1677 578 1696 598 R
1705 579 1748 600 OB
1758 579 1776 598 v
1789 580 1812 599 s.
1882 575 2022 602 Rationem
2035 576 2165 611 optimam
2180 576 2290 604 viuendi
2308 580 2440 616 compara-v>
2463 570 2469 590 ¹·

1399 617 1427 646 rg-
1448 609 1503 647 Cic.
1517 608 1600 633 Tusc.
1620 615 1643 640 ς,
1662 609 1702 639 36.
1774 609 1825 635 Res
1845 609 1923 635 nobis
1943 610 1975 636 ad
1991 610 2067 638 beate
2085 611 2232 638 viuendum
2251 621 2380 648 comparat
2397 619 2456 645 1¹3⁴*

1399 650 1498 676 pientia
1519 643 1591 669 Idem
1606 642 1638 669 de
1653 644 1711 669 Fin.
1727 653 1745 674 1,
1759 647 1799 677 65.
1871 645 2019 672 Subsidium
2033 647 2142 683 aliquod
2158 647 2191 673 ab
2204 647 2373 678 adolescentia
2386 652 2434 689 fibisg

1400 687 1553 719 comparare
1572 679 1609 705 Id.
1624 679 1655 705 de
1668 680 1742 705 Orat.
1759 689 1779 712 1,
1795 689 1848 713 ¹99-
1905 680 2003 707 Siluam
2020 692 2110 709 rerum
2129 693 2157 710 ac
2171 684 2355 712 sententiarum
2368 675 2444 720 com-l

1399 722 1492 748 parare
1519 715 1574 741 Cic.
1592 715 1625 741 de
1646 715 1719 741 Orat.
1740 724 1769 748 3,
1792 725 1842 742 101.
1912 716 2047 744 Virtutem
2064 718 2193 745 industria
2209 727 2341 754 comparat
2359 721 2443 752 alit-ut*

1402 750 1478 776 Auel.
1493 750 1525 776 ad
1541 752 1640 777 Heren.
1653 760 1682 785 4,
1696 756 1735 781 28.
1806 752 1863 778 Cic.
1879 751 1911 778 de
1919 753 1977 779 Fin.
1992 761 2010 784 ι,
2024 762 2059 787 42
2075 754 2207 788 Sapientia
2219 764 2288 781 nunc
2301 758 2435 792 expetitur}
2448 756 2450 758 ’

1421 786 1473 812 uod
1492 786 1528 812 cst
1548 793 1672 821 tanquam
1688 786 1788 813 *artifex
1809 788 2008 823 conquirendae
2029 795 2055 816 et
2075 791 2266 825 comparandae
2288 791 2350 819 volu
2420 781 2435 830 ’ἦ
2452 795 2465 818 .’

1399 794 1420 859 ἦ
1442 831 1458 848 2
1496 821 1963 859 Interdumfinesubstamiuoponitur
1975 833 2000 850 υ.
2013 834 2038 861 g.
2051 825 2107 852 Cic.
2116 826 2187 853 Fam.
2198 829 2236 859 16,
2245 835 2267 853 11
2287 824 2391 857 Omniu²
2416 827 2434 838 “’
2463 828 2465 849 j

1399 857 1446 884 hac
1461 866 1568 892 quoque
1583 864 1656 892 parte
1669 858 1864 893 diligentiffiine
1879 866 2054 894 comparatur.
2090 862 2132 889 sic
2145 862 2285 896 Tempore
2297 863 2352 891 ad‘c‘
2439 839 2442 875 l
2460 863 2472 894 ᾗ.

1399 893 1512 920 randum
1527 894 1587 920 dato
1601 894 1670 928 Nep.
1685 899 1707 927 8,
1723 903 1748 927 2,
1762 903 1786 920 2.
1823 896 1855 921 Et
1870 895 1930 922 Liu.
1946 901 1984 928 38,
1999 905 2024 922 12
2057 897 2174 924 Domum
2195 899 2226 923 ad
2240 899 2428 933 compat-anaim
2439 877 2442 919 1
2454 918 2464 926 1.

1399 929 1492 956 mittit.
1524 930 1582 956 lsid.
1602 929 1639 956 ibi
1656 930 1763 956 Gronou.
1960 929 1984 994 ἒ
2002 940 2015 963 3
2052 933 2214 967 Comparare
2227 933 2430 969 ιΙριίτὶιειήιλη

1399 964 1434 998 est
1453 974 1537 992 emere.
1559 963 1858 1000 [οἱντικαταλλοὶτΊειθοιι]
1878 966 1946 994 Ter.
1978 969 2029 994 'un.
2050 975 2073 1000 2,
2090 977 2114 1002 3,
2133 971 2163 1001 63
2181 969 2209 996 Si
2230 970 2292 996 scias
2305 964 2439 1005 quo.
2472 974 2474 978 ‘

1400 1010 1465 1027 num
1477 1000 1539 1027 huic
1551 1001 1623 1027 dono
1636 1008 1728 1028 contra
1741 1007 1884 1035 comparet.
1925 1001 1974 1029 Vbi
1989 1003 2123 1036 Donatus,
2137 1005 2281 1039 Compar-et
2298 1015 2346 1041 pro
2384 1001 2401 1030 Vs

1398 1072 1537 1107 cogitabis.
1572 1074 1614 1100 Sic
1632 1079 1689 1099 ante
1707 1072 1847 1100 viatorium
1867 1073 1997 1101 edebatur:
2015 1075 2056 1101 ille
2075 1074 2186 1108 restituit
2204 1086 2304 1111 parare.

1399 1110 1473 1136 Caes.
1494 1118 1516 1134 c.
1532 1116 1569 1142 47
1595 1108 1735 1141 Gemmas,
1749 1114 1914 1142 toreumata,
1929 1109 2016 1145 signa,
2029 1111 2132 1138 tabulas
2149 1113 2239 1147 operis
2258 1113 2361 1148 antiqui
2376 1108 2378 1111 ’

1399 1154 1446 1179 per
1461 1144 1642 1171 animolislime
1657 1145 1824 1179 comparasse.
1896 1145 1971 1172 Idem
1985 1147 2014 1172 in
2028 1147 2113 1182 Calig.
2128 1157 2148 1174 c.
2165 1148 2208 1183 27*
2225 1149 2316 1182 Quum
2329 1147 2386 1176 ‘ad'

1398 1189 1461 1207 nam
1475 1181 1594 1207 ferarum
1607 1181 1712 1207 muneri
1726 1186 1940 1215 praeparatarum
1953 1182 2039 1209 carius
2046 1183 2157 1218 pecudes
2165 1180 2382 1219 compararentur?
2438 1187 2439 1194 ¹
2466 1193 2471 1202 ·

1494 1253 1499 1256 ⁴
1549 1252 1553 1256 .
1572 1252 1576 1256 ⁸
1719 1253 1723 1256 ὓ
1966 1218 2035 1245 Suet.
2050 1219 2133 1254 Calig.
2147 1229 2168 1246 c.
2182 1228 2216 1247 22
2243 1218 2419 1256 Magister*
2438 1230 2440 1246 z
2464 1240 2466 1242 -

1398 1252 1514 1278 cerdotii
1528 1252 1665 1279 dmffimus
1678 1261 1791 1287 quisque
1806 1259 1832 1278 et
1844 1251 1993 1280 ambitione
2007 1261 2033 1281 et
2051 1255 2200 1282 licitatione
2214 1257 2329 1285 maxima
2340 1257 2383 1284 vi
2390 1253 2398 1282 s
2426 1280 2439 1286 ,

1397 1287 1595 1323 comparabant.
1666 1288 1702 1314 Ex
1723 1287 1832 1315 alterius
1850 1289 1960 1323 pecunia
1978 1290 2081 1326 aliquid
2095 1300 2248 1326 comparare
2267 1292 2382 1327 leian.-
2410 1305 2434 1324 ,.·,
2455 1290 2466 1307 ²·

1397 1324 1589 1351 Procuratoris.
1608 1322 1632 1360 §.
1647 1324 1731 1359 plane.
1751 1324 1784 1350 D.
1806 1324 1839 1350 de
1859 1324 1953 1352 tribut.
1972 1325 2022 1353 ac‘t.
2094 1327 2200 1362 leian.
2217 1328 2234 1354 l.
2253 1328 2281 1355 Si
2293 1337 2355 1363 proc
2371 1343 2382 1354 v·
2404 1342 2417 1352 τι
2437 1355 2439 1358 ,
2469 1331 2474 1334 ⁴

1397 1369 1454 1387 rem
1468 1359 1492 1397 §.
1512 1360 1539 1387 Si
1556 1365 1657 1387 tutores
1678 1361 1710 1386 D.
1725 1359 1841 1386 Mandat.
1862 1361 1934 1388 Nam
1952 1368 1978 1388 et
1991 1362 2009 1388 fi
2028 1371 2083 1389 non
2097 1363 2255 1391 mandassent
2262 1384 2271 1402 7
2290 1371 2334 1391 ten
2368 1377 2371 1378 ⁷
2390 1362 2428 1389 ἰ-
2451 1387 2459 1394 ,

1395 1438 1541 1469 expungunt
1547 1435 1660 1467 priorem
1672 1436 1825 1468 negationem
1834 1452 1842 1464 ,
1861 1432 1914 1459 vid.
1926 1434 2012 1461 locum.
2179 1433 2200 1473 ff
2218 1444 2238 1469 4
2274 1430 2438 1471 Compether

1396 1469 1409 1502 [
1416 1470 1559 1503 συγκρίνειν,
1576 1465 1767 1503 παραξάλλειν]
1788 1468 1941 1503 Afflmilare,
1954 1469 2080 1506 conserrf,
2092 1470 2157 1506 quod
2169 1465 2430 1507 quiscum-bfflot

1395 1506 1447 1531 lent
1461 1511 1601 1539 componere
1609 1510 1620 1535 ‚·
1636 1506 1710 1530 etita
1723 1503 1796 1538 paria
1805 1504 1904 1539 facere.
1939 1505 2006 1532 Plin.
2026 1514 2065 1539 12,
2080 1515 2111 1540 14
2134 1507 2242 1539 Rufum
2258 1512 2300 1535 tus
2315 1507 2356 1535 exi
2375 1508 2378 1511 '
2406 1515 2447 1534 eo.-

1396 1539 1604 1574 comparandum
1615 1539 1711 1573 priori.
1762 1540 1894 1567 Conferre
1906 1542 2064 1576 pugnantia,
2078 1551 2231 1577 comparare
2243 1543 2440 1572 contrat-iacis*

1713 1574 1774 1601 Liu.
1790 1583 1810 1608 1,
1823 1582 1836 1608 ς
1863 1576 1943 1604 Forte
1962 1583 1989 1604 et
2003 1577 2161 1611 Numitori,
2181 1587 2264 1614 quum
2282 1579 2311 1606 in
2327 1578 2442 1611 cuffidim

1397 1612 1512 1638 Remum
1525 1610 1635 1638 haberet
1643 1630 1652 1644 ,
1671 1609 1835 1646 audissetque
1846 1612 1967 1646 geminos
1980 1614 2028 1640 else
2042 1614 2146 1647 fratres,
2159 1614 2337 1650 comparando
2347 1610 2408 1653 effi
2438 1613 2441 1637 ἶ

1397 1653 1526 1679 aetatem,
1540 1654 1585 1673 etc.
1657 1646 1726 1686 Ter.
1739 1647 1803 1673 Eun.
1819 1655 1847 1687 4,
1860 1655 1888 1680 4,
1903 1656 1934 1683 r4
1965 1649 2008 1675 Ne
2023 1650 2213 1684 comparandus
2233 1646 2276 1678 hic
2290 1646 2442 1686 quidenna

1396 1683 1476 1709 illum
1489 1682 1534 1708 est.
1609 1683 1678 1715 Qus
1691 1691 1840 1717 comparari
1859 1683 1911 1710 tibi
1928 1693 1983 1711 non
1995 1685 2156 1712 reformidet
2179 1686 2246 1713 Plin.
2260 1687 2350 1722 Paneg.
2359 1683 2429 1722 δι”-44(

1398 1718 1520 1744 Alterum
1541 1716 1620 1743 alteri
1642 1726 1795 1751 comparare
1820 1718 1878 1745 Cic.
1897 1719 1929 1746 de
1950 1721 2059 1748 Amicit.
2081 1730 2106 1754 9.
2178 1722 2253 1749 Idem
2268 1724 2344 1750 Verr.
2360 1729 2427 1762 ῳιι

1397 1789 1444 1816 tali
1459 1789 1520 1815 viro
1540 1794 1648 1814 mortuo
1667 1786 1712 1814 fiat
1731 1788 1846 1815 iniuria:
1881 1789 1926 1816 sed
1943 1797 1972 1816 vt
1991 1800 2081 1825 pacem
2098 1792 2180 1826 bello,
2194 1794 2263 1829 leges
2284 1803 2345 1821 cum
2355 1792 2384 1821 vi
2395 1787 2442 1821 lm

1399 1823 1509 1850 Factum
1529 1824 1607 1850 vnius
1630 1832 1691 1850 cum
1710 1824 1819 1851 alterius
1836 1821 1910 1853 facio
1929 1834 2083 1860 comparare
2103 1828 2160 1854 Cic.
2180 1830 2252 1856 Fam.
2271 1838 2295 1863 3,
2315 1832 2340 1857 6.
2388 1831 2391 1833 ”
2419 1843 2422 1849 ¹
2438 1822 2440 1858 J

1399 1859 1470 1893 Nep.
1487 1868 1520 1891 ιι,
1533 1867 1553 1891 1,
1568 1867 1587 1885 ι.
1659 1859 1805 1886 Hominem
1823 1869 1882 1886 cum
1895 1859 2020 1895 homine,
2035 1868 2061 1889 et
2079 1868 2183 1898 tempus
2197 1873 2257 1891 cum
2270 1859 2424 1900 temporessvt
2438 1859 2439 1887 1

1399 1903 1457 1922 rem
1476 1903 1538 1921 cum
1556 1902 1585 1921 re
1604 1902 1757 1928 comparare
1776 1895 1833 1922 Cic.
1847 1904 1896 1929 pro
1909 1897 1996 1924 Domo
2015 1906 2058 1930 130
2077 1907 2099 1925 c.
2114 1906 2149 1931 3¹·
2222 1900 2318 1928 Oratio
2338 1901 2365 1927 lo
2403 1899 2432 1927 ”ox

2301 1937 2322 1962 Ε
2342 1937 2372 1962 ιιι
2401 1943 2424 1962 οἳ

1400 1967 1434 1994 tis
1448 1972 1474 1993 et
1493 1966 1607 1993 victoris
1622 1965 1750 1993 senectuti
1769 1973 1903 2000 comparat
1916 1967 1988 1994 suam
2005 1968 2088 1996 Id.'de
2099 1970 2156 1996 Sen.
2167 1980 2190 1998 c.
2204 1979 2226 2004 5.
2246 1974 2265 1998 i.
2278 1945 2384 2006 Jim‘i'lem
2401 1974 2422 2004 <l

1401 2002 1473 2030 dicit.
1544 2002 1684 2029 Personam
1697 2010 1757 2028 cum
1771 2003 1881 2037 persona
1893 2011 2046 2038 comparare
2061 2005 2192 2038 Quinctil.
2206 2013 2233 2041 7,
2247 2015 2269 2038 3.
2322 2007 2378 2033 Cic.
2391 2007 2422 2033 01

1400 2048 1421 2072 1,
1435 2048 1456 2065 ιι
1471 2047 1492 2066 c.
1507 2047 1525 2072 4
1543 2039 1636 2065 Homo
1650 2046 1696 2072 per
1709 2038 1842 2065 rationem
1861 2039 2047 2073 consequentia
2067 2041 2166 2073 cernit,
2179 2041 2364 2068 similitudines
2375 2049 2415 2067 ev<
2431 2062 2432 2065 η

1400 2080 1483 2109 parat.
1553 2074 1582 2102 Si.
1598 2073 1714 2108 pondera
1727 2079 1772 2101 aut
1785 2073 1892 2101 effectus
1907 2077 1917 2107 (
1925 2075 2117 2108 collyriorum)
2131 2084 2283 2111 comparare
2294 2068 2395 2103 voles'
2413 2083 2417 2111 ᾖ

1400 2111 1467 2136 bon.
1480 2115 1517 2141 38.
1589 2109 1620 2135 Se
1630 2118 1785 2143 comparare
1799 2110 1882 2137 alicui
1894 2110 1975 2138 Ouid.
1988 2111 2054 2137 Met.
2069 2119 2103 2143 13,
2115 2116 2167 2144 338.
2203 2110 2334 2145 Quinctil.
2349 2120 2367 2144 ι,
2382 2140 2385 2141 ⁷

1400 2145 1510 2170 Necetse
1530 2143 1567 2169 est
1586 2143 1638 2183 fibi
1655 2145 1770 2171 nimium
1784 2145 1902 2179 tribuat,
1923 2147 2008 2181 quise
2022 2147 2125 2173 nemini
2138 2153 2281 2182 comparat.
2368 2152 2372 2154 ’

1401 2178 1492 2205 dinem
1510 2187 1570 2204 cum
1589 2179 1733 2205 solitudine
1752 2180 1808 2206 Cic.
1822 2181 1875 2207 Off.
1891 2189 1913 2214 3,
1926 2190 1945 2209 ι.
2016 2182 2067 2209 Vir
2079 2183 2156 2209 nullo
2169 2183 2251 2210 modo
2267 2191 2327 2210 cum

1398 2213 1590 2255 comparandus
1603 2214 1677 2241 Idem
1689 2215 1803 2250 Philipp.
1817 2224 1843 2248 2,
1858 2222 1908 2250 ιι7.
1979 2217 2148 2252 Aequalitate
2164 2216 2345 2253 comparantu'

1395 2250 1437 2277 Id.
1450 2259 1479 2277 m
1492 2250 1592 2284 Topic.
1608 2257 1647 2285 71.
1719 2251 1842 2278 Numero
1863 2260 2016 2288 comparare
2039 2253 2095 2280 Cic.
2114 2254 2143 2280 in
2162 2255 2262 2290 Topic.
2276 2257 2317 2285 68.

1595 2322 1599 2326 ῃ
1669 2323 1674 2326 .
1987 2289 2144 2324 Comparari
2157 2299 2219 2317 cum
2230 2291 2324 2326 aliquo
2353 2295 2362 2310 ¹*

1545 2323 1614 2355 Qus
1627 2321 1690 2348 huic
1703 2322 1753 2349 deo
1765 2324 1945 2358 compararier
1957 2324 2038 2351 ausit?
2056 2325 2129 2353 Idem
2144 2334 2185 2359 59,
2199 2328 2238 2360 ⁶5-
2253 2326 2282 2353 de
2296 2327 2325 2353 H
2354 2340 2356 2345 ν

1398 2359 1475 2384 Inter
1488 2358 1513 2384 se
1531 2357 1621 2392 aliqua
1640 2366 1793 2393 comparare
1812 2359 1867 2386 Cic.
1881 2359 1934 2386 Off.
1949 2369 1968 2391 1,
1987 2369 2018 2387 ιι.
2037 2364 2067 2387 it.
2083 2360 2121 2388 ib.
2135 2371 2156 2388 c.
2170 2370 2212 2395 43.
2284 2363 2332 2389 Ar
2355 2374 2365 2386 v«

1399 2393 1538 2426 vtriusque
1551 2393 1632 2427 partis
1650 2394 1720 2420 inter
1734 2394 1764 2420 sev
1771 2403 1933 2429 comparare.
1942 2395 2075 2429 Quinctil.
2089 2404 2116 2431 7,
2133 2405 2156 2429 3.
2211 2397 2268 2424 Cic.
2282 2397 2312 2424 in
2324 2398 2363 2424 Or
2376 2397 2385 2427 ιζ
2411 2426 2413 2429 ,

1400 2429 1431 2454 Et
1443 2425 1492 2453 nisi
1507 2435 1597 2454 coram
1610 2428 1662 2455 erit
1675 2436 1839 2464 comparatus
1852 2429 1914 2462 ille,
1932 2430 2034 2457 fortior
2045 2440 2093 2465 per
2111 2433 2138 2458 sc
2153 2431 2198 2458 hic
2213 2441 2293 2467 quem
2312 2432 2373 2460 dico
2383 2448 2392 2461 v.
2416 2430 2418 2436 ¹

1565 2463 1653 2498 Sensus
1665 2462 1698 2496 est
1706 2475 1714 2489 .-
1736 2465 1876 2492 Mediocres
1888 2472 1999 2493 oratores
2009 2473 2076 2493 certe
2087 2471 2174 2503 magni
2185 2467 2320 2500 videntur,
2333 2470 2362 2494 m*
2371 2470 2380 2481 ’“
2415 2470 2417 2472 ’

1400 2499 1453 2526 illis
1472 2497 1625 2534 ampliffimis
1638 2506 1820 2535 comparentur.
1856 2502 1910 2527 Hoc
1929 2504 1993 2527 enim
2006 2499 2083 2536 efficit
2101 2505 2267 2538 comparatio,
2281 2510 2312 2529 vt
2323 2510 2384 2539 qnae

1398 2538 1453 2562 iora
1469 2541 1492 2561 et
1503 2536 1605 2561 meliora
1618 2533 1792 2570 fimt‚statim
1808 2541 1960 2572 appareant:
1979 2543 2003 2562 et
2022 2547 2050 2563 ex
2063 2537 2192 2564 collatione
2204 2537 2361 2573 cereffmum
2378 2532 2417 2547 “’“”

1400 2574 1465 2598 cium
1485 2571 1606 2606 uafiitur.
1761 2569 1783 2608 fl
1800 2578 1814 2604 ς
1849 2569 1892 2603 Est
1915 2574 1988 2598 etiam
2005 2572 2166 2607 Comparare
2184 2571 2346 2607 constituere,
2366 2571 2407 2599 dc-

1401 2617 1458 2634 nere
1478 2606 1533 2633 Cic.
1546 2615 1595 2640 pro
1609 2606 1697 2633 Domo
1709 2612 1745 2641 77
1759 2615 1780 2633 c.
1795 2615 1829 2639 29
1857 2608 1930 2633 Iusa
1941 2607 2091 2635 maioribus
2104 2608 2199 2636 nostris
2214 2609 2251 2636 ita
2263 2612 2413 2643 corr=1>ar‹.‚·.‚,¹¹
2430 2639 2432 2641 ‚

2342 2644 2365 2670 A
2428 2643 2442 2675 J*

1402 2678 1435 2706 ad
1448 2679 1547 2705 Heren.
1557 2687 1584 2712 4,
1599 2686 1632 2712 24
1646 2687 1667 2704 c.
1684 2680 1713 2704 16
1733 2678 1802 2705 Bene
1816 2679 1931 2706 maiores
1948 2679 2033 2706 nostri
2047 2678 2097 2707 hoe
2111 2684 2346 2715 comparauerunt,
2390 2672 2404 2678 ⁷
2432 2679 2453 2699 ἰ,

1402 2712 1503 2741 minem
1515 2722 1545 2741 re
1564 2722 1605 2740 em
1616 2733 1624 2746 ‚
1645 2722 1724 2749 quem
1738 2714 1819 2741 armis
1830 2715 1967 2749 cepissent,
1980 2715 2036 2742 vita
2050 2716 2195 2750 prim-irent.
2232 2717 2264 2743 In
2276 2677 2429 2820 pff
2446 2735 2449 2739 -

1397 2331 1436 2355 41,
1450 2330 1475 2357 7.

1401 2749 1519 2785 vfitatum
1532 2751 1554 2783 ej
1579 2749 1656 2776 illud:
1675 2751 1864 2784 Compar-atum
1878 2750 1914 2777 est
1932 2751 1986 2784 ita,
2006 2749 2076 2785 [ἕτω
2095 2753 2206 2786 πέφυκε]
2229 2754 2248 2779 i.
2275 2752 2296 2778 C

1401 2785 1443 2813 vel
1460 2795 1476 2812 α
1495 2792 1587 2812 natura
1599 2783 1719 2821 fabium,
1732 2787 1773 2813 vel
1790 2786 1962 2821 confitetudine
1979 2793 2109 2822 receptum.
2145 2787 2214 2814 Ter.
2235 2786 2343 2815 Phor-ms
2396 2792 2398 2794 '
2415 2795 2436 2826 ι’,

1402 2857 1468 2893 quid
1481 2855 1577 2884 addant
1595 2856 1789 2884 amicioribus?
1829 2858 1898 2885 Ter.
1914 2858 2025 2893 Adelph.
2041 2867 2067 2892 2,
2080 2867 2104 2891 2,
2119 2867 2137 2892 4
2167 2858 2314 2894 Nunquam
2323 2863 2373 2886 vr?
2391 2850 2396 2886 f
2424 2879 2429 2890 .

1403 2893 1482 2929 quius
1497 2893 1671 2920 certationem
1686 2898 1880 2928 comparatam,
1900 2903 1980 2929 quam
1993 2893 2074 2921 hodie
2088 2895 2159 2922 inter
2169 2903 2217 2921 nos
2230 2895 2292 2922 fuit.
2336 2898 2355 2924 ὓ,

1402 2928 1534 2964 pulando,
1550 2929 1595 2955 ille
1613 2926 1779 2957 verberando
1800 2930 1882 2964 vsque
1901 2930 1981 2958 ambo
1999 2929 2087 2957 defeffi
2109 2931 2206 2957 simius.
2240 2930 2290 2958 Sed
2301 2935 2357 2966 po·
2404 2949 2406 2952 ι

1401 2967 1476 2992 etiam
1490 2964 1525 2991 ad
1535 2964 1705 3001 gladiatorum
1717 2964 1927 3000 Comparationem
1944 2965 2037 3006 respici
2043 2986 2052 2999 ,
2066 2966 2153 3028 άρὲἷιιι
2159 2965 2250 2999 statim
2260 2975 2287 2993 n.
2301 2961 2417 3028 6.1›,¹.''=;.

2130 3008 2202 3029 uent.
2250 3021 2257 3028 .
2345 3014 2348 3017 ·
2362 3018 2364 3020 -

1404 3037 1477 3064 Brut.
1491 3044 1518 3063 12
1544 3037 1592 3063 Sed
1606 3036 1656 3063 hoc
1670 3036 1803 3071 praeclare
1816 3036 1919 3071 legibus
1931 3043 2111 3072 comparatum
2125 3037 2177 3070 est,
2191 3009 2377 3071 vt⁵⁷caritaul4

1402 3082 1463 3100 rum
1482 3072 1623 3099 amiciores
1641 3078 1761 3107 parentes
1779 3071 1892 3107 Reipub.
1909 3073 2041 3100 redderet.
2095 3075 2127 3100 Et
2145 3082 2194 3108 pro
2213 3073 2288 3101 Rosc.
2303 3071 2362 3100 Am'

1403 3109 1495 3144 Itaque
1511 3116 1587 3135 more
1602 3108 1737 3135 maiorum
1748 3115 1928 3143 comparatum
1942 3109 1994 3142 est,
2010 3115 2041 3136 vt
2058 3109 2087 3136 in
2101 3109 2221 3136 minimis
2233 3108 2311 3136 rebus
2322 3106 2350 3135 h·

1402 3143 1551 3179 ampliffimi
1564 3143 1748 3172 testimonium
1761 3143 1793 3170 de
1806 3145 1850 3171 sua
1868 3153 1898 3171 re
1911 3153 1966 3171 non
1984 3144 2111 3172 dicerent.
2181 3145 2208 3172 Si
2221 3144 2259 3172 ita
2269 3150 2346 3171 natur

2202 3180 2310 3208 *Natura
2327 3179 2360 3211 i,
2412 3207 2415 3213 ὣ

1402 3222 1540 3251 paratum,
1553 3221 1597 3248 vt,
1610 3222 1655 3242 etc.
1676 3215 1736 3243 Liu.
1749 3223 1777 3249 3,
1810 3234 1816 3242 .
1854 3235 1860 3242 .
1898 3236 1905 3242 .
1976 3217 2078 3243 Natura
2092 3216 2234 3244 hominum
2247 3216 2284 3244 ita
2295 3222 2353 3242 com
2405 3234 2415 3253 „·

1402 3252 1455 3284 est,
1467 3258 1511 3284 vt,
1526 3259 1571 3278 etc.
1592 3250 1661 3278 Ter.
1684 3253 1781 3279 Heaut.
1801 3259 1824 3284 3,
1843 3259 1861 3282 1,
1879 3259 1924 3286 97.
1995 3252 2074 3279 Ratio
2098 3252 2135 3279 ita
2154 3257 2304 3288 comparata
2341 3247 2361 3278 ’ῗ

1402 3294 1566 3323 naturaeque
1583 3286 1701 3320 nostrae,
1720 3292 1749 3314 vt
1766 3286 1818 3314 alia
1837 3293 1906 3314 aetas
1921 3287 2025 3315 oriatur
2035 3296 2068 3314 ex
2082 3288 2134 3315 alia
2151 3287 2208 3315 Cic.
2222 3287 2254 3314 de
2267 3286 2352 3314 Ami
2409 3311 2414 3319 ,

1403 3324 1565 3358 Comparare
1585 3323 1656 3350 inter
1673 3324 1714 3356 se,
1723 3330 1772 3358 pro
1786 3321 1939 3356 Constituere
1961 3323 2020 3350 Liu.
2034 3331 2074 3355 23,
2087 3332 2120 3350 20
2152 3324 2221 3351 Cum
2240 3321 2357 3355 Tribu
2403 3320 2414 3357 ’Δ

1401 3402 1447 3430 24,
1461 3403 1490 3422 10
1510 3395 1705 3430 Decretumque
1721 3395 1842 3421 omnium
1860 3395 1992 3429 primum,
2010 3400 2039 3421 vt
2059 3395 2185 3421 Consules
2204 3395 2326 3422 sortirent
2352 3392 2355 3419 ἶ

1402 3436 1558 3465 pararentue
1578 3430 1648 3457 inter
1669 3431 1708 3463 se,
1723 3435 1782 3457 vter
1799 3430 1962 3458 Censoribus
1975 3430 2094 3458 creandis
2106 3430 2218 3458 comitia
2230 3428 2315 3457 hab·
2361 3462 2364 3463 .

1404 3475 1483 3501 quam
1500 3464 1533 3492 ad
1551 3466 1697 3493 exercitum
1715 3465 1933 3502 proficisceretur.
1968 3467 2011 3494 Sic
2032 3464 2099 3493 refle
2119 3466 2225 3492 Gronou.
2245 3469 2294 3492 no'n
2330 3475 2361 3490 ·=.›.
2403 3488 2412 3497 ,

1403 3508 1524 3536 reutque.
1561 3501 1696 3535 Dtfferunt
1714 3502 1773 3528 haec
1792 3501 1838 3528 duo
1861 3501 1968 3534 sortiri,
1987 3504 2006 3528 τ’.
2021 3501 2093 3538 sorte
2111 3500 2236 3532 decidere,
2248 3507 2273 3528 et
2281 3504 2349 3542 e'otw

1410 3573 1468 3600 Vid.
1485 3571 1590 3606 Brtffim.
1603 3572 1633 3598 de
1643 3574 1722 3599 Form.
1737 3581 1752 3600 2
1764 3571 1849 3610 §.166
1861 3581 1885 3607 p.
1899 3574 1961 3607 246.

1401 3611 1470 3635 inter
1483 3609 1606 3640 tribunos,
1616 3613 1646 3635 vt
1660 3607 1720 3635 Liu.
1733 3617 1768 3642 4,
1782 3610 1827 3642 46.
1859 3609 1918 3635 Vid.
1941 3613 2158 3636 COMPARATIO
2177 3616 2203 3634 n.
2218 3617 2246 3642 4.
2332 3631 2333 3634 ,
2392 3623 2400 3639 μ,

1406 3644 1568 3678 Comparare
1580 3642 1614 3676 est
1626 3646 1699 3670 etiam
1712 3653 1761 3670 vox
1775 3643 1964 3671 Gladiatoribus
1997 3645 2097 3678 ropria,
2112 3649 2136 3668 et
2148 3642 2212 3669 idem
2225 3640 2289 3679 quod
2304 3644 2331 3663 a..
2346 3663 2362 3668 .,
2401 3650 2407 3676 j¹

1398 3679 1538 3717 fignificat.
1574 3678 1800 3713 Suet.Calig.c.3;
1815 3680 1916 3707 Hunce
1929 3679 1945 3706 s
1958 3687 1972 3705 e
2000 3677 2081 3705 aculis
2089 3677 2244 3710 detractum,
2256 3682 2353 3711 repom·

1965 3722 1982 3740 o
2000 3712 2122 3740 lomacho
2135 3711 2321 3749 comparauit··.
2341 3726 2347 3738 κ
2393 3719 2405 3730 ²

1405 3757 1471 3778 rent.
1495 3751 1674 3785 Comparare,
1693 3751 1862 3781 Commiteere,
1884 3721 2041 3781 ςωιέεηιίνε,
2062 3756 2085 3775 et
2103 3758 2154 3775 com
2173 3746 2250 3785 onere.
2277 3745 2330 3774 “Vt'

1406 3786 1474 3822 Lipfi
1491 3787 1543 3814 Sat.
1560 3796 1582 3818 2,
1596 3796 1632 3820 19.
1703 3786 1771 3812 Cum
1787 3785 1934 3812 Aesernino
1951 3783 2067 3811 Samnite
2086 3785 2145 3811 Paci
2164 3785 2239 3811 ianus
2252 3788 2311 3810 ἐοιιι

1405 3822 1512 3849 viderer
1524 3822 1581 3849 Cic.
1596 3821 1629 3848 ad
1645 3822 1698 3855 Ql.
1711 3821 1781 3848 Frat.
1795 3829 1818 3853 3,
1831 3830 1851 3855 4
1865 3820 1921 3847 coll.
1935 3819 2021 3846 Lucil.
2036 3827 2077 3856 ap.
2091 3820 2165 3847 Non.
2181 3828 2211 3854 4,
2220 3819 2274 3845 62.

1403 3857 1496 3884 tatibus
1510 3857 1672 3892 Comparare
1681 3854 1878 3894 tst'qmiiungere,
1889 3861 1919 3881 vt
1931 3854 2036 3890 par-fiat
2048 3857 2089 3882 vel
2116 3855 2180 3882 aria.
2192 3869 2195 3873 ·
2215 3854 2290 3881 Huce

2031 3571 2155 3599 Tandem
2169 3572 2206 3598 ita
2218 3580 2277 3598 com
2285 3584 2295 3606 g

1126 3893 1203 3920 Artes
1231 3891 1345 3926 optimas
1353 3892 1466 3927 105illud
1476 3893 1561 3920 Plauti
1575 3891 1653 3920 Aliu.¹
1659 3899 1683 3925 3,
1695 3899 1717 3925 3,
1731 3891 1826 3926 784τιιριΙ
1839 3895 1928 3926 perem-
1941 3890 2046 3927 osculum
2066 3893 2091 3919 ιι·
2102 3887 2287 3926 idinqsuman't,
2324 3919 2329 3922 ,
2394 3918 2397 3919 ⁷
