2474 4182
38 300 374 327 ιἐικονΜειςΤο,
400 292 470 325 stiti,
495 292 599 322 sti'tum,
632 290 684 315 ere.

33 856 112 900 ,Epis
125 873 146 890 c.
158 871 197 898 4¹·
268 896 278 902 .

32 911 35 916 ²
80 903 355 929 CIRCVMSONO,
382 901 435 924 are.

26 1111 37 1133 ‚1
52 1113 137 1140 lamor
150 1112 236 1139 hostes
252 1112 436 1139 circumsonat.

52 152 124 192 925
426 127 671 171 ciii

89 231 106 252 c
118 233 155 253 1R
166 231 183 252 c
194 231 247 252 VM
257 228 271 250 s
279 230 289 250 1
298 228 314 249 L
323 229 333 249 1
341 228 357 249 Ε
366 227 415 254 NS,
422 221 498 248 entis.
506 221 574 248 Part.
582 219 663 246 Paffer
669 214 855 244 circumsiliens
863 215 944 243 modo
952 216 1002 243 hue
1010 216 1091 244 modo

53 262 115 290 illuc
133 260 226 288 Catull.
236 267 262 291 Υ3,
275 267 300 291 9.
765 286 772 295 Ἰ

691 323 696 327 .
728 287 901 322 [αμΦᾸ-ηῑιί,
922 288 1092 325 οἷμφιὲῠαῖνω]

50 332 94 362 Ad
111 334 160 358 vim
177 336 201 356 et
220 337 338 356 terrorem
352 330 410 364 fere
423 330 542 364 pertinet.
588 325 764 363 Centuriones
783 325 878 350 armati
896 324 1087 351 circumsistunt

38 369 39 391 l
51 369 109 396 Liu.
125 375 145 400 i,
157 370 195 396 28.
267 366 340 392 Caes.
351 364 414 391 Bell.
424 363 491 390 Gall.
505 370 528 395 5,
564 380 571 388 .
609 379 616 386 .
651 359 866 394 Iiiipeditunique
880 359 964 387 hostes
979 361 1090 387 circuni-

51 403 144 431 sistunt.
215 402 306 434 Quini
319 400 428 432 singulas
443 397 567 433 (hostium
580 397 676 429 naues)
693 396 772 422 binae
786 403 830 422 aut
845 402 934 422 ternae
948 405 1026 422 naues
1041 405 1092 423 cir-

50 437 224 466 cumsisterent
238 437 311 463 Idem
328 431 400 463 BJG.
412 443 437 468 3,
449 441 481 467 15.
553 431 596 458 Ne
611 430 644 457 ab
661 431 785 457 omnibus
803 432 959 458 ciuitatibus
979 433 1090 458 circuni-

51 473 178 501 fistcrcmr
192 473 265 499 [dem
281 472 346 499 ibid,
361 479 386 506 7,
400 478 439 504 43.
474 466 542 507 Afid.
557 467 632 501 Apul.
649 466 681 493 de
694 467 785 494 Dodir.
800 468 862 494 Plat.
879 476 893 493 z
914 477 939 502 p.
953 475 986 500 15.
1033 467 1090 494 Cic.

49 510 124 536 Verr.
139 516 161 542 5,
179 518 219 542 ¹41
250 510 322 535 Haec
340 514 421 542 quum
439 511 552 530 maxime
576 503 744 538 loqueretur,
766 504 807 530 sex
830 503 938 530 liciores
958 502 1090 530 circumsi-

48 545 117 572 stunt
134 543 313 576 valentislimi,
333 549 376 569 etc.
446 539 519 565 Caes.
532 538 595 564 Bell.
610 539 693 565 Ciuil.
710 548 735 570 i,
754 548 785 565 20
816 540 907 574 Itaque
928 548 980 565 vno
998 546 1089 564 omnes

47 580 157 608 confilio
165 580 312 606 Domitium
326 574 481 612 produeium
495 575 522 600 in
537 574 673 608 publicum
687 575 876 601 circumsistunt
890 581 914 600 et
930 574 1088 601 custodiunt.

1117 363 1132 389 5

34 609 122 651 .¹Vi1-g,
141 615 198 642 Ciri
212 620 243 646 80
267 615 294 641 de
311 611 406 648 Scylla,
428 610 582 637 Horribiles
604 611 705 637 circum
726 611 795 637 vidit
815 611 864 638 fibi
883 610 969 637 sistere
983 610 1089 637 'formas

42 659 92 689 pei·
110 650 213 685 qusr'n.
463 681 469 687 ⁴
791 682 796 687 .

34 703 36 706 >
80 694 97 714 c
106 695 114 714 i
124 693 166 714 nc
176 694 195 714 v
204 690 339 713 MSISTE
349 688 370 708 N
380 688 404 714 S,
416 686 492 709 entis.
509 682 578 709 Part.
600 683 673 710 Caes.
689 682 753 709 Bell.
765 683 826 710 Ciu.
838 691 871 715 2,
883 690 919 716 42
939 681 1089 716 Praefeems

32 726 33 730 ’
46 723 168 757 equitum
186 731 245 748 cum
263 719 349 754 paucis
363 717 500 752 equitibus
519 718 717 745 circumlinens.

1101 725 1127 752 ¹5

84 763 101 784 c
114 765 150 784 in
160 764 176 784 c
186 765 205 784 v
214 762 258 783 ins
269 754 310 781 i‘T
320 760 340 779 v
351 761 374 786 s,
383 762 406 786 a,
416 763 468 780 nm.
479 755 545 781 Part.
568 755 759 782 Circumiaccns.
782 753 912 779 Ammian.
927 761 966 785 23,
981 755 1012 779 26
1031 752 1089 780 Cir-

39 793 166 824 summos
184 791 293 827 populos
310 789 342 816 ad
356 789 486 816 ditionem
501 790 730 825 gentilitatemque
744 789 847 815 trahere
864 789 981 815 nominis
995 789 1042 815 sui.

80 835 98 856 C
108 837 116 856 1
126 836 144 856 R
153 835 170 855 c
178 835 198 854 v
206 834 230 853 M
238 833 251 852 s
260 832 278 852 Ο
288 831 304 852 C
314 833 323 851 1
335 832 355 850 V
365 832 388 857 S,
398 834 420 855 a,
430 835 483 852 um.
503 826 563 853 Adi.
586 827 713 853 Nationes
722 825 908 851 circumsociae
916 824 1006 850 Ain-el.
1017 823 1086 851 Vici.

236 862 328 887 Metius
342 861 481 888 iliuiditur:
506 865 523 887 ι’.
539 864 660 889 Nationes
667 862 766 897 sociae,
780 869 840 895 quae
849 863 920 890 circu
934 867 1014 886 crant.

473 897 627 933 [περιηχέω]
669 897 781 931 Vndique
790 896 890 931 sonore.
927 896 985 921 Liu.
999 903 1041 929 27,
1061 900 1086 926 18
1098 903 1133 923 20

41 935 105 964 Inde
117 934 202 970 ptimo
215 932 321 959 turbata
334 933 370 958 est
383 933 466 966 acies,
485 933 548 960 dnm
561 933 592 960 ad
607 933 843 959 circumsonantem
858 930 977 965 vndique
989 931 1086 957 clamo-

39 979 97 1148 ξω
110 969 214 996 flectere
227 977 341 1000 cornua,
362 975 387 994 et
400 969 542 996 obuertere
555 969 661 996 ordines
676 968 777 995 volunt.
850 967 907 993 Cic.
923 966 976 994 off.
992 976 1003 998 3
1032 976 1052 992 c.
1068 976 1085 993 2

64 1005 193 1032 onducere
208 1004 343 1036 arbitror,
356 1005 452 1032 talibus
467 1014 540 1032 aures
555 1011 610 1031 tuas
624 1003 733 1031 vocibus
748 1002 866 1037 Vndique
880 1003 1085 1034 circumsonare,

36 1057 56 1071 ;.
69 1040 266 1078 frequentiſjime
286 1040 334 1066 tibi
353 1041 411 1067 haec
428 1042 564 1073 inculcari,
585 1047 609 1067 et
627 1047 650 1066 te
669 1040 728 1066 haec
745 1048 761 1065 a
770 1038 973 1074 praeceptoribus
986 1038 1083 1065 audire.

61 1077 98 1104 iu.
113 1085 136 1109 3,
151 1081 181 1106 28
202 1076 279 1102 Edito
294 1076 409 1110 imperio
423 1076 524 1112 signum
537 1077 674 1111 sequutum
688 1075 738 1102 est:
760 1074 823 1100 iussa
837 1074 913 1100 miles
928 1075 1082 1108 exsequitur
1092 1082 1123 1107 25

505 1112 578 1138 Idem
598 1120 644 1144 39,
659 1121 685 1137 ιο
710 1112 760 1137 Eos
779 1109 908 1136 deducere
926 1110 954 1136 in
976 1110 1080 1141 locum,

36 1147 37 1163 ³
56 1149 84 1176 ui
102 1149 279 1175 circumsonet
297 1147 441 1174 vlulatibus
459 1154 588 1182 cantuque
604 1147 792 1182 symphoniae,
813 1153 859 1172 etc.
931 1145 1036 1172 Vitruu.
1059 1153 1082 1177 5,

69 1191 133 1212 extr.
154 1185 384 1211 Circumsonantes
396 1185 459 1215 Ioci,
480 1186 523 1218 qui
534 1183 600 1218 apud
614 1185 719 1210 Graecos
736 1182 910 1209 nominantur
929 1183 1082 1216 περιηχέντες

71 1235 117 1240 -
152 1221 180 1247 in
194 1220 291 1255 quibus
311 1218 531 1252 circumuagando
551 1219 640 1245 coacta
655 1227 708 1245 vox
723 1219 748 1245 se
763 1218 865 1245 soluens
884 1218 911 1243 iii
925 1217 1015 1243 medio
1029 1216 1081 1242 sine

51 1256 160 1283 xci-emis
174 1255 273 1283 casibus
288 1256 394 1287 sonans,
413 1254 454 1280 ibi
471 1254 662 1289 exstinguitur,
682 1255 783 1281 ineerta
796 1254 940 1280 verborum
953 1252 1080 1287 fignifica-
1090 1260 1123 1285 50

48 1292 118 1319 ione.
192 1292 295 1319 Nereus
315 1291 488 1318 circumsonat
505 1290 614 1323 orbem,
645 1293 664 1318 i.
685 1300 775 1326 aequor
795 1289 876 1316 Ouid.
892 1289 956 1315 Met.
978 1297 1005 1321 1,
1027 1294 1079 1324 187.

61 1328 124 1355 riuis
140 1327 329 1355 circumsonari
342 1325 416 1354 idem
429 1325 515 1353 Trist.
530 1335 554 1359 5,
573 1335 596 1359 3,
619 1335 652 1353 11.
723 1327 778 1353 Ore
799 1325 989 1352 circumsonari
1007 1324 1081 1352 Ideni

67 1363 122 1390 rist.
143 1372 172 1396 3,
191 1372 235 1398 14.

70 1405 160 1427 ciac
172 1396 374 1431 vntso'st,
391 1406 422 1430 a,
444 1406 498 1424 um.
535 1396 630 1432 Paffiue
650 1397 711 1423 Stat.
722 1396 814 1425 Theb.
825 1403 853 1431 7,
869 1398 915 1422 261
942 1396 1081 1423 Dionaeis-

55 1444 88 1462 ue
105 1435 199 1462 auibus
212 1434 375 1461 circumsona
389 1433 511 1464 Thisbe,
537 1433 580 1459 vbi
595 1433 730 1459 audiantur
744 1433 843 1458 oracula
863 1442 903 1458 ore
915 1434 1080 1459 columnarum
1090 1442 1119 1469 33

51 1471 142 1498 eddim.
197 1470 244 1499 Sed
256 1468 354 1498 Turba
374 1471 537 1496 circumsona
551 1468 631 1495 Ouid.
645 1469 709 1495 Met.
724 1476 757 1501 4,
772 1476 829 1502 723.
853 1471 871 1494 i.
885 1471 978 1494 circum
992 1470 1079 1495 ouans.

71 1504 412 1538 cineumercTo,
446 1505 500 1532 vid.
529 1509 783 1530 cisscvmsric
797 1510 845 1531 10.

70 1548 89 1569 C
101 1549 138 1569 1ss
151 1549 168 1569 C
178 1550 199 1569 v
209 1549 235 1568 M
246 1550 259 1569 s
269 1549 283 1569 Ρ
292 1548 308 1569 Ε
317 1549 335 1568 R
343 1548 365 1568 G
373 1548 391 1568 ο
400 1560 408 1573 ,
434 1540 452 1566 fi
460 1560 469 1572 ,
490 1541 561 1571 sum,
587 1541 639 1566 ere.
675 1539 851 1575 [περιπάσσω]
889 1539 1021 1566 Columel.
1039 1548 1079 1572 11,

56 1596 64 1609 ,
81 1582 113 1612 87
130 1579 161 1604 Et
175 1577 192 1604 {i
206 1579 265 1604 sunt
279 1586 372 1612 parum
384 1575 544 1607 srue‘iuosae,
556 1574 598 1601 vel
611 1575 793 1602 cacuminibus
806 1575 954 1602 retorridae
967 1575 1081 1608 frondis,

0 1623 5 1647 ι
49 1613 130 1648 iagnis
148 1613 287 1640 arboribus
308 1618 448 1646 quaternos
467 1611 572 1638 modios
590 1611 713 1638 stercoris
728 1612 831 1646 caprini
846 1612 1080 1645 circunispergere,
1089 1623 1127 1649 40

3 2663 14 2675 ·.
46 2620 78 2673 id.
91 2611 211 2674 i-iiegigi.
222 2648 257 2680 69
281 2645 357 2679 Qiid
375 2645 465 2672 deceat
482 2645 718 2679 circumspicietur.

11 3567 13 3570 Α
22 3591 24 3593 -
47 3574 229 3612 πιιπιΐρεᾶιις.

44 1655 76 1674 tc.
134 1649 210 1682 Aqua
229 1647 417 1682 circumspergi
437 1647 503 1673 Plin.
524 1652 550 1678 8,
572 1655 588 1672 1.
646 1648 751 1683 Legitur
773 1650 847 1674 etiam
866 1647 1079 1682 Circumspargo.

21 1691 25 1694 ’
54 1684 105 1719 pic.
118 1688 142 1717 8,
159 1689 173 1714 8
200 1685 349 1718 Impensuni
362 1684 443 1710 talem
456 1682 669 1716 circumsparges.

64 1725 82 1746 C
92 1727 102 1746 Ι
111 1726 129 1746 R
137 1725 154 1747 C
163 1726 217 1746 VM
226 1727 238 1746 S
247 1727 262 1746 P
273 1718 284 1746 f
295 1725 312 1746 C
325 1727 335 1746 1
343 1726 362 1746 Ο
371 1739 380 1751 ,
406 1719 466 1751 exi,
492 1717 581 1744 eastum
589 1737 597 1750 ‚
622 1720 675 1744 ere.
719 1716 894 1754 [mpiCJa'nm
920 1720 1076 1754 περισκοπέω,

47 1756 235 1791 ερισκέπτσμοιι]
279 1755 336 1781 Huc
351 1761 424 1790 atque
441 1754 500 1780 illuc
517 1756 598 1780 oculos
615 1760 725 1786 vertere,
746 1761 770 1779 et
790 1753 962 1790 circumisti-re.
1017 1755 1074 1781 Cic.

46 1799 76 1818 ro
89 1791 164 1818 Rosc.
177 1791 255 1818 Com.
275 1789 476 1824 Circumspicit,
495 1789 601 1815 aestuat.
656 1789 724 1814 Ter.
738 1788 819 1815 Andr.
835 1798 864 1821 ε,
881 1798 907 1822 2,
922 1798 949 1815 21
976 1789 1029 1816 Vbi
1050 1796 1076 1816 te
1085 1797 1119 1824 45

47 1835 84 1853 on
96 1826 224 1860 inuenio,
244 1826 283 1853 ibi
297 1825 425 1853 adscendo
438 1825 466 1851 in
478 1823 608 1858 quendam
627 1824 757 1851 excelsum
777 1824 876 1851 locum.
913 1826 1076 1860 Circumspi-

45 1863 87 1895 io,
107 1871 251 1898 nusquam,
270 1861 309 1896 Jb.
330 1868 354 1888 te
367 1860 446 1886 video.
518 1859 579 1885 Stat.
592 1859 684 1886 Theb.
706 1865 736 1892 8,
772 1880 780 1887 .
818 1880 825 1887 .
862 1861 1075 1896 Circiiiuspicere

56 1906 171 1932 agorein.
243 1898 298 1924 Cic.
313 1897 344 1922 de
359 1896 451 1922 Diuin.
467 1903 493 1928 2,
505 1902 541 1929 72.
566 1894 610 1921 Illi
627 1902 731 1929 autem,
749 1896 797 1931 qui
815 1896 845 1923 in
863 1898 1010 1931 auspicium
1032 1898 1076 1924 ad-

48 1933 152 1966 ibetur,
171 1939 216 1960 etc.
246 1941 293 1959 nec
305 1931 429 1966 suspicit,
444 1940 492 1957 nec
510 1931 688 1965 circumspicit
703 1942 708 1958 :
739 1932 827 1958 statim
841 1933 982 1967 respondet
1001 1933 1077 1959 silen-

50 1978 94 1996 um
105 1969 154 1995 efl‘e
165 1967 263 1996 videri.
335 1967 417 1995 Ouid.
430 1966 518 1994 Trist.
532 1974 554 1999 5,
570 1975 592 1998 3,
605 1975 630 2000 51
650 1968 719 1993 Cum
739 1968 955 2002 circumspexerit
973 1978 1074 2002 omnes,
1086 1972 1119 1998 50

51 2005 116 2037 icat,
135 2011 181 2032 ecc.
252 2004 334 2031 Plaut.
347 2003 430 2030 Trin.
451 2011 478 2036 1,
497 2011 527 2035 2,
550 2011 596 2034 109
623 2003 804 2038 Circumspice
824 2004 887 2030 dum
904 2010 944 2036 te,
964 2014 998 2030 ne
1015 2006 1074 2039 quis

55 2039 78 2067 it
90 2040 191 2068 arbiter
207 2040 287 2066 nobis
301 2050 306 2065 :
332 2045 358 2066 et
374 2039 471 2074 quaeso
497 2038 644 2065 identidem
659 2039 840 2074 circumspice.
1016 2043 1037 2078 εὁ]
1057 2050 1073 2068 2

43 2075 72 2103 ed
83 2076 248 2111 metaphorice
264 2074 416 2109 considerare
422 2073 564 2111 fignificat.
635 2075 692 2101 Cic.
707 2075 735 2101 in
749 2075 839 2102 Parad.
853 2085 872 2110 4
893 2077 1073 2112 Nunquamne

43 2121 107 2138 omo
119 2111 305 2143 amentissime,
319 2117 345 2137 te
357 2109 552 2145 circumspicies
567 2111 576 2136 3
610 2110 756 2146 Nunquam
767 2120 815 2138 nec
828 2112 894 2147 quid
908 2113 997 2145 facias,
1012 2123 1072 2139 con-

46 2147 169 2180 (lembis,
186 2156 234 2174 nec
248 2147 314 2182 qnid
333 2147 443 2181 loquare
457 2147 466 2172 3
536 2145 610 2172 Idem
625 2147 704 2173 Acad.
719 2157 748 2181 4,
784 2167 790 2174 .
828 2167 834 2174 .
871 2148 975 2174 Deinde
988 2158 1070 2182 quum
1083 2152 1111 2178 55

44 2183 114 2210 icant
127 2183 196 2218 posse
207 2182 327 2210 accidere
339 2182 463 2216 sapienti,
482 2185 511 2207 vt
532 2190 616 2215 quum
631 2183 721 2208 omnia
733 2182 843 2213 fecerit,
864 2183 1071 2215 dilige-utillime-

44 2227 78 2245 ue
97 2219 323 2253 circumspexerit,
339 2216 566 2252 existagaliquim
587 2217 660 2250 quod
672 2223 697 2242 et
711 2217 855 2243 verisimile
869 2217 1000 2244 videatur.
1038 2219 1070 2244 Et

44 2263 73 2280 ro
85 2254 178 2288 Qiint.
190 2255 228 2286 96
247 2262 268 2280 c.
283 2261 306 2285 31
327 2253 426 2279 Omnia
439 2251 623 2286 circumspexit
637 2253 780 2285 Quintius,
797 2253 889 2279 omnia
904 2253 1068 2287 periclitatus

43 2288 68 2316 Tr.
138 2289 198 2315 Liu.
211 2297 239 2321 1,
254 2297 285 2321 30
315 2287 405 2314 Sabini
425 2286 496 2314 haud
513 2295 607 2322 parum
627 2297 757 2315 memores
793 2294 818 2315 et
839 2289 946 2315 suarum
966 2290 1069 2316 virium

43 2330 123 2352 :rtem
135 2324 236 2352 Romae
253 2334 268 2351 a
280 2323 367 2350 Tatio
381 2324 508 2356 locatam,
527 2329 554 2349 et
566 2324 714 2351 Romanam
732 2333 789 2351 rem
808 2333 892 2359 nuper
904 2325 984 2351 etiam
997 2325 1068 2352 adie-
1078 2326 1114 2351 60

44 2361 112 2388 ¹ione
129 2360 223 2396 populi
239 2359 338 2386 Albani
357 2359 476 2391 anetam,
503 2359 703 2394 circumspicere
722 2366 747 2386 et
766 2359 813 2395 ipfi
829 2367 938 2388 externa
952 2362 1069 2388 Auxilia.

46 2397 102 2423 asus
114 2396 226 2423 alicuius
239 2395 321 2423 Ouid.
335 2395 420 2422 Trist.
437 2405 461 2428 1,
482 2403 507 2426 1,
525 2402 572 2429 47.
645 2396 767 2423 Membra
780 2397 905 2431 Reipiibl.
924 2398 979 2423 Cic.
994 2399 1066 2424 Fam.

60 2441 94 2465 13.
165 2432 264 2459 Omnes
277 2430 400 2466 Reipubl.
414 2437 499 2466 partes
518 2431 592 2458 Idem
605 2440 654 2466 pro
668 2432 772 2459 Cluent.
786 2442 807 2458 c.
817 2440 853 2465 53.
927 2435 957 2459 Et
975 2434 1003 2459 in
1019 2435 1068 2459 Ca-

45 2468 62 2495 l.
79 2477 113 2502 4,
130 2476 149 2502 4
176 2469 268 2502 Qiare
287 2474 312 2494 P.
331 2473 359 2494 C.
377 2466 525 2494 incumbite
545 2466 577 2493 ad
600 2468 709 2495 salntem
730 2468 855 2503 Reipubl.
874 2468 1069 2501 circumspicite

59 2513 112 2530 ines
125 2503 270 2537 Procellas,
289 2512 356 2539 quae
368 2503 529 2538 impendent.
584 2504 683 2530 Animo
697 2504 901 2537 circumspicere
915 2504 987 2529 Caes.
1003 2503 1067 2529 Bell.
1090 2502 1122 2533 65

47 2539 89 2567 all.
104 2541 131 2573 6,
145 2546 166 2574 5.
220 2540 277 2567 Cic.
291 2548 341 2574 pro
353 2539 422 2566 Sulla
435 2547 471 2574 70
488 2548 509 2566 c.
519 2546 547 2572 25
565 2540 766 2573 Circumspicite
781 2538 923 2573 paullisper
932 2538 1068 2565 Mentibus

56 2575 128 2608 stris,
144 2581 174 2602 vt
186 2574 238 2603 alia
252 2576 421 2608 omittamus,
440 2576 520 2602 hosce
536 2575 605 2609 ipsus
620 2575 758 2606 homines,
775 2575 823 2608 qui
838 2573 900 2599 huic
915 2573 1003 2600 affines
1017 2575 1067 2600 sce.

282 2611 364 2638 Ouid.
377 2610 463 2639 Trist.
486 2619 511 2642 1,
533 2619 560 2642 1,
580 2616 612 2645 87
640 2609 756 2636 Timida
775 2610 947 2644 circumspice
968 2611 1066 2638 Mente.

788 2645 937 2680 Diligenter
956 2648 1069 2673 circnm-

51 2681 184 2709 iciendum
201 2682 276 2708 Idem
292 2683 330 2715 Ο,-
341 2681 424 2707 Fratr.
439 2689 460 2713 i,
476 2689 495 2706 1.
568 2682 599 2708 Et
612 2680 664 2707 Off.
677 2690 698 2714 i,
712 2688 743 2715 59
769 2682 841 2708 Haec
856 2682 938 2716 igitur
959 2689 984 2708 et
1004 2683 1067 2710 talia
1086 2689 1123 2717 70

49 2716 256 2751 rcumspicienda
273 2717 332 2742 sunt
352 2716 381 2742 in
401 2716 476 2742 omni
495 2715 603 2750 officio,
624 2723 669 2743 etc.
740 2717 809 2744 Ter.
823 2718 936 2752 Adelph.
949 2727 982 2751 4,
996 2726 1025 2751 5,
1039 2727 1067 2752 55

55 2752 166 2788 umquid
184 2751 383 2786 circiimspexti,
403 2757 447 2778 aut
460 2751 591 2787 numquid
606 2758 661 2779 tute
674 2754 810 2788 prospexti
823 2754 883 2780 tibi.
934 2755 1068 2781 Permulta

55 2794 82 2815 nt
97 2789 126 2815 in
138 2789 214 2815 omni
227 2788 349 2816 oratione
366 2788 601 2822 circumspicienda
616 2789 671 2816 Cic.
685 2788 718 2815 de
732 2789 808 2816 Orat.
820 2798 851 2822 2,
866 2799 918 2822 301.
993 2790 1067 2818 iiem

55 2833 72 2851 ο
86 2824 161 2851 Rosc.
176 2825 253 2851 Com.
268 2832 281 2857 5
306 2825 395 2858 Vsque
414 2832 482 2850 eone
500 2830 525 2850 te
542 2824 649 2859 diligis,
670 2830 697 2851 et
715 2825 856 2860 magnifice
876 2826 1067 2861 circumspicis,

58 2880 67 2893 ‚
79 2867 126 2888 etc.
161 2861 266 2896 Pingit,
285 2859 352 2895 quast
365 2860 484 2886 bominem
500 2867 674 2897 arrogantem,
693 2867 716 2887 et
729 2865 837 2888 ceruices
851 2868 1011 2898 torquentem.

60 2901 78 2922 c
87 2902 94 2922 1
106 2902 126 2923 R
135 2901 153 2922 c
165 2902 187 2922 v
195 2902 220 2922 M
229 2901 242 2921 s
255 2902 269 2922 ι’
278 2902 285 2921 1
297 2900 314 2921 c
326 2902 335 2921 1
347 2902 364 2922 E
373 2902 396 2922 N
403 2903 427 2929 s,
435 2896 511 2923 entis.
519 2897 588 2923 Part.
597 2896 698 2924 Sallust.
706 2897 770 2925 Bell.
779 2897 899 2932 Iugurth.
907 2906 937 2931 93
945 2899 1067 2926 Tentans

67 2931 111 2958 nia
129 2937 156 2958 et
174 2931 392 2966 circumspiciens.

56 2973 74 2995 c
84 2973 95 2993 1
106 2973 152 2994 Rc
162 2974 216 2994 vm
225 2973 238 2993 s
247 2974 286 2994 νε
296 2973 312 2993 c
321 2974 343 2993 T
352 2974 372 2993 v
382 2974 395 2994 s
403 2987 412 3000 ‚
439 2977 469 3001 a,
495 2977 550 2995 um.
585 2969 679 2996 Panic.
721 2969 956 3005 [περιεσκεμμένος]
1006 2970 1063 2997 Cic.

89 3011 124 3042 ,¹⁵
137 3011 154 3036 9
173 3002 375 3038 Circumspeffls
387 3003 467 3031 rebus
479 3003 604 3031 omnibus
616 3004 819 3040 rationibusque
832 3004 966 3032 subduchs
975 3027 983 3039 ,
998 3008 1066 3033 finn-

53 3038 168 3067 mini.
236 3038 318 3066 Ouid.
334 3039 400 3066 Fast.
414 3047 437 3073 5,
451 3048 496 3074 539
522 3040 610 3068 Verba
627 3048 736 3068 mouent
749 3041 800 3067 iras
807 3049 862 3067 non
875 3041 1064 3077 circumspecta
1084 3048 1117 3074 80

50 3081 159 3107 eorum,
180 3076 200 3100 i.
218 3083 267 3101 non
285 3074 445 3109 confiderata.
499 3077 530 3103 Et
543 3077 608 3104 Met.
621 3085 649 3110 5,
663 3085 705 3112 17¹
724 3077 840 3111 Cupiens
857 3077 912 3104 alto
931 3078 992 3106 dare
1010 3079 1066 3105 vul-

58 3118 86 3136 ra
99 3108 169 3136 collo
187 3109 457 3146 Noncircumspeffls
470 3111 591 3139 exatstum
605 3113 708 3140 viribus
723 3113 812 3139 ensem
825 3113 923 3148 Fregit.
1015 3113 1035 3152 ff
1052 3124 1065 3141 2

55 3153 167 3181 eriemque
183 3153 247 3172 vero.
259 3143 339 3172 aftiue
351 3146 479 3182 sumitur,
495 3155 524 3174 vt
538 3155 644 3182 cautus,
665 3148 841 3175 consideratus
858 3149 887 3175 de
900 3159 939 3181 eo,
957 3154 1001 3186 qui
1013 3154 1065 3178 cir-

54 3179 242 3221 mspicerefilet
253 3181 355 3222 cauendi
367 3182 447 3218 causa.
500 3183 632 3211 Columel.
645 3193 665 3217 i,
679 3190 691 3215 8
710 3185 782 3211 Nam
795 3185 842 3211 illa
854 3185 992 3213 sollemnia
1006 3187 1064 3214 sunt

69 3217 147 3243 nibus
159 3215 370 3251 circumspectis,
386 3223 430 3245 etc.
492 3219 566 3246 Idem
580 3229 652 3255 7,12
676 3221 794 3247 Maxime
814 3226 901 3248 autem
919 3222 1015 3249 debent
1035 3224 1064 3250 in
1083 3225 1112 3254 85

26 3265 33 3268 -
55 3252 139 3280 stedia
153 3251 275 3286 vigilat-es
288 3252 419 3287 conspici,
437 3263 486 3280 nec
501 3256 624 3289 erronei,
649 3256 692 3283 sed
709 3256 816 3289 affidui,
834 3262 860 3283 et
878 3258 1063 3293 circumspecti

38 3289 120 3324 «agis,
141 3297 220 3323 quam
233 3289 377 3315 temerarii.
447 3290 513 3318 Cels.
527 3299 557 3324 3,
578 3300 606 3318 io
639 3292 774 3327 adfinem,
799 3292 828 3318 de
847 3296 973 3321 curatione
985 3296 1063 3322 lenta.

28 3340 29 3345 =
51 3333 75 3351 m
87 3324 214 3361 febrium,
237 3323 287 3350 Sed
305 3323 341 3350 est
353 3325 535 3360 circumspecti
553 3336 661 3363 quoque
676 3328 808 3359 hominis,
827 3334 853 3355 et
868 3338 968 3357 nouare
981 3331 1062 3358 inter-

57 3369 99 3394 m,
116 3366 142 3386 et
155 3368 251 3394 augere
267 3359 400 3387 morbum.
469 3361 602 3390 Iudicium
620 3364 840 3399 circumspectum
855 3365 984 3399 Quinctil.
994 3375 1031 3398 io,
1042 3376 1061 3394 1.

54 3396 141 3432 inceps
155 3395 424 3429 circumspec‘tiffimus
437 3402 463 3423 et
477 3397 686 3432 prudentiffimus
703 3400 809 3426 Sueton.
819 3400 887 3427 Tib.
901 3410 940 3428 21.
995 3404 1063 3430 Com·
1082 3410 1118 3436 90

68 3439 104 3460 ot.
122 3432 150 3459 Si
162 3440 228 3458 vero
242 3431 340 3466 aliquis
352 3431 568 3468 circumspectior
579 3435 616 3462 est
634 3436 691 3462 Sen.
705 3437 758 3469 Qu.
772 3436 808 3462 N.
822 3443 853 3469 5,
866 3445 884 3463 1.
956 3438 1063 3466 Decreti

79 3468 82 3473 ’
122 3467 274 3504 Γρεᾶἰῆὶιιιει
288 3467 423 3494 sanctione
437 3477 502 3503 opus
514 3469 602 3498 Valer.
615 3471 686 3498 Max.
704 3481 722 3503 1,
736 3480 756 3503 1,
770 3480 811 3498 20.
1008 3472 1029 3513 ff
1048 3484 1061 3508 3

24 3523 26 3525 -
79 3506 152 3531 etiam
163 3502 319 3539 spectabilis.
355 3504 487 3531 Ammian.
502 3513 541 3538 14,
553 3507 572 3532 6
591 3506 686 3541 Populi
700 3508 815 3534 Romani
834 3516 932 3535 nomen
950 3509 1063 3537 circnm-

51 3538 136 3570 essum
148 3545 175 3571 et
187 3539 342 3566 verendum.
382 3575 387 3580 ι
414 3541 445 3566 Et
459 3539 532 3566 Idem
546 3545 587 3574 18,
605 3551 634 3570 ιο
661 3544 781 3575 Genere,
801 3543 872 3570 fama
889 3545 1062 3581 potentiaque

299 3576 432 3602 Ammian.
445 3584 492 3608 23,
507 3578 525 3602 6
545 3584 570 3612 p.
585 3585 633 3611 412
654 3580 731 3606 Gron.
751 3580 825 3606 Seras
839 3580 959 3607 vbertate
975 3583 1063 3616 regio·
1085 3587 1118 3614 95

58 3619 84 3638 m
102 3617 139 3674 eL
147 3610 322 3646 amplitudine
341 3611 545 3645 circumspectos
568 3620 649 3640 voeat-
723 3615 782 3642 Vici.
803 3618 878 3643 etiam
895 3616 1013 3653 Scaliger.
1032 3618 1062 3645 de

55 3657 70 3673 u
154 3649 183 3673 L.
244 3657 256 3674 1
271 3657 293 3674 o.

56 3647 148 3710 CJi'Rc
157 3689 177 3708 v
186 3656 282 3710 iii'srsss
291 3689 337 3710 ΩΤ
346 3689 381 3716 ο,
401 3686 455 3710 are.
492 3683 654 3717 [xxti-raim]
691 3684 752 3712 Liu.
764 3694 808 3720 34,
819 3694 852 3719 39
871 3687 992 3719 Quanam
1007 3689 1062 3724 ipse

56 3717 158 3750 aderet,
176 3717 414 3754 circumspectabat.
449 3719 523 3755 Conf.
538 3720 610 3746 idem
623 3727 664 3752 25,
678 3721 719 3752 36.
790 3721 858 3748 Ter.
872 3722 937 3750 Eun.
951 3731 979 3756 3,
992 3732 1014 3758 5,
1027 3733 1061 3760 54

1083 2870 1115 2898 73

68 3818 69 3822 Ἰ
127 3789 185 3816 Cic.
200 3788 232 3815 de
247 3789 400 3818 Nata'Deor.
413 3800 436 3824 2,
452 3794 497 3818 126
517 3792 572 3818 Iani
587 3800 653 3818 vero
666 3791 713 3818 illa
727 3792 809 3818 etiam
821 3793 944 3827 notiora,
961 3802 1061 3830 quanto

62 3832 141 3860 opere
153 3822 301 3861 custodiant
310 3825 430 3860 bestiae,
448 3834 478 3854 vt
491 3828 522 3854 In
538 3827 609 3862 pastu
625 3827 858 3862 circumspeeient,
879 3836 909 3856 vt
922 3830 950 3856 in
965 3831 1063 3858 cubili-

48 3868 70 3900 .¹⁵
82 3860 240 3888 delitescant.
251 3895 257 3900 ¹
308 3861 369 3901 Idu.
384 3871 410 3895 2,
435 3858 464 3890 io
492 3863 617 3890 Cuneiati
632 3863 798 3899 aliquamdiu
812 3865 888 3897 sunt,
908 3865 972 3893 dum
986 3867 1062 3894 Alius

49 3895 306 3937 ium-,1vt-praelium
316 3897 460 3932 incipiant,
477 3898 704 3935 circumspec‘iant.
776 3899 955 3929 Medicamina
970 3903 1060 3937 quasso

43 3937 137 3966 inperio
150 3931 366 3967 euenimspeam
379 3933 426 3961 sil.
439 3941 475 3968 15,
486 3940 510 3966 ε,
606 3935 663 3963 Cic.
677 3935 760 3964 Tusc.
776 3944 788 3964 1
809 3945 831 3962 c.
843 3943 876 3968 30
901 3937 994 3973 Itaque
1011 3938 1060 3966 du·
1073 3947 1117 3976 ¹05

1119 543 1149 562 10
1159 548 1181 564 c.
1197 547 1217 564 ιι
1240 540 1334 566 Facilis
1348 541 1384 567 cst
1399 543 1617 578 circumspetfius,
1639 547 1708 572 vnde

66 3753 140 3781 timui
153 3753 205 3780 alia
219 3753 413 3789 circumspefim.
450 3755 519 3782 ΛΜ.
535 3755 618 3782 Plaut.
631 3755 720 3782 Pseud.
734 3764 763 3789 4,
777 3764 796 3788 i,
810 3761 834 3786 8.
859 3763 884 3783 et
896 3758 978 3786 Trin.
993 3769 1021 3794 4,
1035 3770 1062 3794 2,
1073 3768 1120 3787 ioo
1164 3771 1180 3792 c
1189 3772 1313 3793 iRCVM
1323 3772 1336 3792 s
1345 3772 1367 3792 T
1376 3772 1394 3790 R
1407 3771 1415 3790 1
1430 3766 1582 3797 NGo,ei-e.

1563 136 1597 177 C
1692 138 1707 177 1

1160 217 1263 258 bnans,-
1280 221 1514 260 circumspe&ans‚
1536 226 1678 260 haesitans,
1700 229 1783 255 multa
1801 230 1909 258 aduersa
1928 242 1967 260 rei

1161 261 1223 280 ratis
1244 263 1272 279 in
1290 263 1357 280 inari
1374 261 1501 285 immenso
1522 262 1608 288 noma
1629 263 1738 290 vehitur
1754 267 1851 293 oratio.

1161 289 1275 324 speeiare
1295 296 1351 316 tum
1372 293 1549 322 l’ati‘icioruin
1570 299 1658 325 vultus
1678 300 1800 335 plcbcii:

1160 333 1269 357 auram,
1298 333 1343 352 etc.

1195 367 1212 386 c
1225 368 1231 385 i
1245 368 1263 386 R
1274 368 1290 387 c
1300 369 1320 387 v
1330 369 1355 388 ,ii
1364 370 1376 388 s
1387 370 1400 389 r
1410 370 1426 389 Ε
1435 369 1451 391 c
1461 370 1482 389 Τ
1491 372 1511 391 Α
1521 373 1542 391 N
1552 373 1564 392 s
1574 387 1581 399 ‚
1601 370 1676 396 ainis.
1717 373 1811 399 Partic.
1851 375 2024 411 [παπταίιων]
2063 380 2163 408 Amom-
2179 384 2210 409 ad

1160 396 1278 422 Herenn.
1293 406 1322 439 4,
1335 400 1373 437 67,-
1395 408 1416 425 c.
1430 408 1466 432 49
1490 400 1539 440 Istc
1553 406 1676 436 quotidie
1696 416 1742 441 per
1753 409 1843 435 forum
1865 411 1983 437 niediiiiii
1999 419 2122 447 tanquam
2138 417 2211 445 inba-

1159 437 1200 472 tns
1215 432 1293 474 draco
1307 438 1403 467 terpit,
1425 436 1546 476 dentibus
1566 438 1683 473 aduncis,
1698 443 1818 478 adspcc‘in
1834 445 1945 480 rabido,
1963 447 2057 483 spiritu
2073 459 2202 479 venenato

1160 468 1378 502 circunilpeeians
1392 470 1443 496 huc
1462 478 1487 497 ct
1504 472 1585 504 illuc,
1605 474 1621 499 si
1635 485 1713 509 quem
1728 480 1820 513 rapiat.
2205 474 2211 485 ⁷

1196 509 1213 529 c
1227 511 1234 529 1
1249 510 1265 529 n
1273 512 1290 529 <1
1300 512 1318 530 v
1328 512 1351 531 M
1364 513 1376 531 s
1386 513 1425 532 Pr:
1435 513 1451 533 c
1461 515 1481 533 'i'
1492 515 1510 533 v
1521 514 1549 540 s,
1571 507 1607 534 sis.
1645 520 1680 536 ni.
1719 514 1888 551 [περίσκεψις]
1925 519 1983 546 Cic.
1997 520 2111 556 Philipp.
2128 531 2166 555 12,
2178 526 2212 549 26

1729 558 1819 576 exeam
1957 565 1961 569 ·
2021 566 2027 572 ¹
2051 558 2055 562 ”
2103 568 2108 573 ·
2186 560 2190 563 ”

1158 574 1190 600 ad
1205 574 1322 601 dextram
1333 596 1341 607 ‚
1362 578 1428 610 quid
1441 578 1473 604 ad
1489 579 1616 606 sinistram
1632 581 1670 607 sit.
1743 556 2211 629 Oiiid.’'13iii)³t.}i‡¹ogrssiiiiiazorp‘gilcd

1158 609 1201 650 sed
1216 619 1289 637 mens
1302 611 1338 650 est
1346 620 1425 646 aegro
1439 615 1522 647 inagis
1536 624 1623 649 aegra,
1638 617 1757 653 malique
1793 622 1822 647 In
1835 611 2024 661 circumsp’eei’u
2040 630 2087 655 star
2100 629 2152 656 linc
2160 616 2213 657 fini:

1158 646 1222 686 sui.-
1258 681 1266 686 .
1280 647 1345 687 l‘lin.
1373 656 1410 680 ii,
1430 658 1463 684 37
1488 652 1589 677 Cemix
1610 652 1707 679 flexilis
1727 654 1759 681 ad
1779 657 1997 694 circumspetffium
2033 665 2211 694 articulorum

1158 682 1236 708 nodis
1257 689 1385 717 iungitur.
2005 683 2013 696 ³

1194 725 1560 759 CiRCVMSPICiEN'r
1574 729 1582 748 1
1596 729 1617 749 Α
1633 742 1641 754 ,
1674 732 1714 751 ae.
1751 726 1771 752 f.
1809 729 1985 767 [mom-nomi]
2028 735 2095 762 Idem
2141 739 2200 766 Feli

1158 762 1196 787 14,
1211 761 1226 780 2
1253 754 1338 781 Multa
1359 761 1385 781 et
1403 763 1481 781 anxia
1498 765 1575 792 cura,
1596 765 1622 784 et
1637 755 1879 796 circumspicientia
1894 767 2023 802 indigens.
2096 757 2102 764 ¹
2154 752 2162 765 ³
2203 760 2210 767 ι

1192 796 1285 817 C1RC
1295 798 1315 817 v
1325 797 1371 831 itis
1382 797 1397 816 Ρ
1408 797 1424 816 Ε
1434 797 1482 831 (ΣΤ
1494 798 1503 816 1
1515 800 1534 817 O
1548 813 1556 824 ‚
1576 794 1644 833 (mis.
1682 796 1702 822 f.
1740 797 1912 835 [enfil-neilus]
1951 804 2026 831 Idem.
2064 808 2111 835 Cic
2130 809 2200 837 Acad
2221 822 2224 823 ⁷

1156 835 1185 859 4,
1200 833 1227 857 35
1247 835 1270 866 ς..
1283 835 1304 852 11
1327 827 1373 868 Sin
1389 835 1421 853 ex
1440 828 1677 863 circumspectione
1693 832 1784 867 aliqua
1800 839 1826 861 et
1846 844 1966 865 accurata
1985 829 2210 873 consideratione.

1156 862 1229 896 quod
1244 864 1331 888 Visum
1348 864 1394 895 nt,
1414 868 1460 889 etc.
2200 867 2211 881 ⁹

1192 904 1259 923 CIR
1268 905 1284 924 C
1295 906 1313 924 V
1325 905 1348 924 M
1358 906 1371 925 S
1380 905 1394 925 P
1404 905 1420 925 E
1429 905 1446 926 C
1457 905 1479 925 ‘I'
1490 905 1527 926 E-.
1553 899 1622 926 Adii.
1661 899 1904 941 [περιεσκεμμένως]
1941 910 2043 944 Qlimfi
2067 923 2083 947 9
2118 925 2133 943 2
2175 919 2192 944 6

1154 933 1213 972 Hoc
1228 942 1332 967 parcitis
1345 939 1371 960 et
1385 934 1601 969 circiimspeeiius
1614 936 1782 971 faciendum,
1807 944 1824 966 ι’.
1839 944 2016 977 conjicit-ruilus
2047 935 2100 977 'dili‘
2119 926 2210 980 wilzi-9

1154 969 1350 1010 CircumspeGie
1364 970 1561 1006 compositeque
1575 971 1683 1000 indutus
1697 974 1767 1001 Gell.
1784 982 1804 1008 1,
1819 984 1841 1008 5.
1904 981 2009 1010 Donare
2022 961 2138 1014 iii-curgus
2148 965 2210 1016 ‘eL-ie.

1155 1006 1213 1030 ben.
1231 1005 1262 1030 de
1277 1006 1367 1032 Bcnef.
1381 1015 1409 1039 3,
1424 1015 1462 1041 14.
2135 998 2150 1023 p

1183 1043 1595 1082 ‘CiRCVMSPECTpITOR
1610 1063 1618 1076 ,
1654 1045 1720 1072 oris.

1151 1084 1283 1109 mimnum,

1162 1145 1169 1150 .
1187 1117 1340 1139 cmcvm
1352 1114 1608 1143 SPECTKTRIX
1620 1136 1629 1148 ,
1656 1116 1713 1143 icis.
1751 1118 1771 1144 f.
1809 1119 1878 1155 Qae
1891 1120 1938 1148 huc
1952 1128 1976 1149 et
1988 1123 2047 1150 illuc
2060 1126 2151 1162 aspicit
2185 1137 2209 1157 ει

1143 1147 1246 1184 singula
1260 1148 1423 1190 confideret.⁸
1449 1151 1532 1176 Plaut.
1549 1151 1639 1178 Aulul.
1657 1161 1675 1183 i,
1691 1162 1710 1186 1,
1726 1162 1738 1179 2
1759 1155 1807 1181 Exi
1824 1156 1951 1191 inquam,
1971 1168 2018 1193 age
2034 1164 2091 1194 exi,
2111 1150 2207 1192 exc-iin-

1151 1183 1213 1209 dum
1228 1183 1316 1211 hercle
1330 1185 1382 1211 tibi
1397 1186 1458 1212 hinc
1472 1186 1508 1212 est
1523 1187 1605 1220 foraS,
1624 1188 1877 1224 circunispee'tatriX,
1895 1202 1956 1220 cum
1969 1197 2053 1223 oculis
2071 1200 2198 1227 emiffitiis

1152 1220 1231 1254 Apul.
1247 1220 1324 1261 Apol.
1347 1230 1373 1256 p.
1386 1230 1447 1255 323,
1465 1231 1494 1250 io
1519 1223 1646 1257 Improba
1665 1225 1796 1253 iuuenum
1817 1228 2070 1265 circumspeeiatiix.
2124 1221 2210 1263 Eidem}

1150 1264 1223 1288 mox,
1242 1256 1330 1283 Illices
1346 1258 1439 1284 oculos
1453 1258 1552 1286 tribuit.

1188 1297 1616 1321 CIRCVMSPIRACVLVM
1630 1316 1639 1329 ,
1671 1296 1691 1323 i.

1150 1327 1243 1355 mundi
1263 1329 1368 1355 Lucret.
1384 1332 1410 1362 6,
1424 1338 1486 1363 492.

1799 158 1829 178 iu
2140 161 2218 202 920

1948 270 1952 274 .
1970 245 2066 267 lesciis.
2087 246 2211 276 saflqllaln

1882 303 1887 307 ,
1924 269 2018 309 L1¹¹53‚
2041 283 2068 308 37
2090 278 2211 304 Circum-

1836 308 1861 329 ct
1881 304 1942 330 inde
1962 305 2092 336 libertatis
2108 320 2210 347 captare

1756 1055 1794 1074 m.
1839 1047 2032 1087 [περισκεπτής]
2076 1058 2152 1085 Cuius
2164 1060 2209 1096 se-

1728 1307 1759 1341 n..
1797 1299 1846 1326 Per
1865 1302 1955 1336 magni
1976 1303 2208 1341 eircumspiracula

1525 1330 1572 1358 Sed
1590 1341 1643 1358 cum
1658 1333 1772 1360 Creechio
1791 1335 1886 1363 reHius
1898 1339 2031 1367 diuiditur.

1167 1399 1172 1403 .
1185 1370 1202 1390 C
1212 1372 1220 1390 1
1230 1371 1248 1389 R
1257 1371 1273 1391 c
1285 1371 1305 1389 v
1315 1372 1362 1391 Ms
1374 1372 1396 1391 T
1407 1373 1429 1392 A
1439 1373 1459 1392 G
1470 1373 1494 1408 N·
1504 1373 1540 1399 o,
1560 1371 1613 1394 are.
1652 1369 1772 1396 Tertull.
1785 1370 1817 1398 de
1831 1372 1942 1400 Pudicit.
1955 1384 1989 1402 22
1997 1384 2041 1411 pr.
2070 1378 2208 1408 Lacrimae

1149 1400 1388 1434 circumstagnant,
1405 1404 1424 1427 i.
1439 1402 1532 1438 copiose
1537 1403 1628 1438 fluunt
1641 1407 1669 1429 in
1681 1405 1811 1449 ‘misi-'³⁶5¹‘
1823 1418 1940 1436 nouorum
1955 1419 2102 1447 martyrum.

1188 1441 1205 1461 c
1215 1443 1223 1461 1
1233 1442 1308 1475 nov
1318 1443 1364 1462 MS
1374 1439 1419 1476 Ta*
1429 1443 1443 1462 r
1453 1444 1487 1469 O,
1508 1443 1562 1465 are.
1598 1439 1780 1476 [περιπυκνοω]
1816 1444 1862 1470 Sil.
1878 1454 1917 1478 io,
1931 1456 1978 1480 453
1999 1450 2133 1477 Hannibal
2172 1458 2209 1486 et,

1149 1479 1244 1504 magna
1266 1472 1478 1506 circumstipante
1499 1480 1614 1501 caterua.
2142 1472 2151 1485 ⁷

1187 1511 1206 1546 q
1217 1514 1225 1532 1
1234 1513 1253 1532 R
1262 1513 1278 1533 C
1287 1514 1342 1547 V·M
1351 1515 1364 1534 S
1376 1514 1399 1533 Τ
1412 1515 1444 1535 1P
1453 1516 1474 1535 A
1483 1516 1505 1536 Τ
1515 1517 1535 1536 V
1545 1517 1569 1542 s,
1578 1519 1603 1542 a,
1611 1520 1665 1537 um.
1678 1512 1746 1539 Part.
1772 1514 1914 1546 Vt,Claud.
1921 1524 1962 1552 27,
1971 1526 2016 1552 593

1148 1541 1261 1568 ducibus
1291 1543 1488 1578 circumstipata
1520 1547 1617 1580 togatis

1149 1578 1208 1605 litat
1222 1578 1307 1606 aulae.

1186 1622 1438 1649 CIRCVMSTO,
1459 1615 1529 1648 sthi,
1551 1616 1659 1650 st'i'tum,
1686 1621 1739 1646 are.

2036 1521 2211 1557 Principis,et

1683 1549 1746 1575 Iure
1788 1550 1927 1584 paludatae
1959 1554 2014 1581 iam
2047 1558 2121 1585 curia
2157 1560 2210 1586 mi-

1777 1619 1945 1662 [ipfffit'Wfl-12
1962 1627 2115 1665 σερῖςκμοιι]
2153 1631 2209 1658 Cir-

1133 1650 1274 1684 ,cumdczra
1311 1652 1367 1678 Cic.
1382 1653 1436 1679 Att.
1450 1660 1470 1685 1,
1484 1654 1512 1679 16
1537 1654 1572 1679 Vt
1586 1663 1629 1680 ine
1642 1654 1882 1691 circumsteterint,
1900 1666 1929 1686 vt
1942 1668 2031 1695 aperte
2046 1664 2138 1699 iugula
2157 1677 2208 1702 pro

1148 1695 1209 1713 meo
1224 1687 1308 1722 capite
1322 1689 1348 1715 P.
1364 1688 1465 1715 Clodio
1476 1688 1642 1716 ostentarint.

1147 1722 1196 1748 Cat
1221 1731 1229 1748 ι
1251 1733 1264 1749 c
1287 1729 1300 1753 8
1715 1691 1796 1718 Ciues
1818 1693 1987 1723 circumstant
2000 1699 2118 1728 senatum
2132 1703 2207 1731 Idem

1361 1724 1520 1765 Ain-dentem
1534 1726 1680 1765 conspirati
1694 1727 1779 1761 specie
1794 1727 1877 1756 officii
1891 1732 2122 1764 circumsteterunt
2135 1739 2198 1767 Suet

1147 1758 1220 1784 Caes.
1236 1768 1258 1800 c:
1273 1764 1310 1789 82.
1334 1795 1339 1800 ¹
1384 1761 1439 1787 Cic.
1456 1769 1485 1786 in
1499 1762 1578 1788 Catil.
1596 1771 1616 1794 1,
1630 1771 1661 1794 32
1682 1772 1703 1789 c.
1718 1771 1741 1795 13
1769 1764 1893 1793 Desinant
1905 1768 2026 1796 infidiari
2039 1771 2134 1800 domui
2145 1761 2207 1802 suae

1147 1794 1279 1835 09¹¹s¹¹¹¹5
1317 1796 1486 1823 circumstare
1501 1797 1619 1823 tribunal
1634 1799 1766 1825 Praetoris
1780 1801 1877 1828 vrbani
1891 1813 1897 1828 :
1933 1803 2055 1832 obsidere
2075 1818 2134 1835 cum
2171 1812 2207 1838 la-

1146 1829 1198 1856 diis
1218 1838 1328 1870 curiam.
1402 1832 1475 1858 Idem
1490 1832 1547 1858 Aet.
1564 1842 1573 1859 1
1589 1834 1616 1859 in
1626 1835 1702 1860 Verr.
1711 1843 1738 1867 52
1752 1844 1774 1861 e.
1790 1843 1819 1871 17
1843 1838 2020 1868 Circumstant
2041 1849 2068 1869 te
2088 1820 2206 1874 sumiiiae

1145 1865 1344 1905 Aiieioritates:
1382 1876 1449 1901 quae
1469 1874 1495 1894 te
1511 1868 1637 1895 obliuisci
1657 1869 1741 1896 laudis
1753 1870 1913 1901 domesticae
1934 1885 1988 1902 non
2009 1877 2102 1906 sinant.
2174 1885 2207 1910 Et

1145 1901 1306 1936 Philippici,
1316 1911 1350 1928 20
1371 1912 1392 1929 c.
1408 1912 1437 1929 io
1458 1905 1549 1937 Quini
1562 1914 1628 1931 vero
1642 1905 1699 1931 dies
1712 1913 1739 1932 et
1752 1908 1842 1935 noctes
1858 1911 1949 1938 onmia
1963 1922 2010 1940 nos
2025 1915 2194 1946 circumstent

1145 1946 1199 1963 non
1214 1938 1251 1963 est
1264 1937 1401 1969 nostrum,
1417 1940 1588 1974 nominisque
1604 1941 1718 1968 Romani
1733 1941 1873 1979 dubitare,
1892 1956 1953 1974 eum
1965 1950 2089 1983 spiritum
2141 1939 2204 1983 ueni

1145 1979 1255 1999 naturae
1269 1974 1328 2008 quis
1344 1974 1454 2008 debeat,
1471 1976 1571 2010 patriae
1584 1976 1703 2002 reddere.
2096 1973 2105 1985 ³
2123 1963 2139 1989 q

1181 2015 1197 2035 C
1207 2017 1215 2035 1
1227 2017 1245 2036 R
1254 2016 1270 2036 C
1282 2016 1300 2033 V
1311 2017 1358 2036 MS
1368 2017 1420 2037 TA
1430 2019 1452 2036 N
1461 2018 1472 2036 s
1481 2031 1489 2043 ,
1513 2013 1590 2036 antis.
1618 2011 1712 2037 Partic.
1741 2012 1884 2052 [περιὶξοὶς]
1922 2018 1982 2046 Liu.
1998 2030 2027 2048 21
2049 2030 2077 2055 ς’

1144 2045 1174 2071 in
1188 2051 1227 2070 tot
1247 2045 1477 2071 circumstantibus
1490 2046 1567 2071 malis
1581 2046 1674 2073 mansit
1687 2047 1854 2082 aliquamdiu
1866 2053 1979 2081 immota
1992 2040 2075 2084 acies³
2143 2062 2205 2089 Cir·

1143 2080 1300 2106 cnmstantes
1314 2080 1412 2105 lectum
1427 2080 1503 2107 Curt.
1517 2089 1561 2114 10,
1581 2089 1610 2114 5,
1626 2090 1648 2108 2.
1685 2084 1786 2117 Regem
1804 2085 1879 2114 Idem
1893 2095 1914 2121 5,
1928 2098 1964 2123 12,
1974 2100 2000 2123 9.
2064 2079 2206 2126 'Homines

1141 2114 1338 2154 circumstantes
1353 2115 1485 2149 Qinetii.
1499 2125 1525 2149 4,
1540 2125 1566 2149 2,
1580 2125 1621 2144 22.
1696 2119 1770 2146 Idem
1786 2129 1824 2153 10,
1838 2130 1863 2157 3,
1877 2132 1909 2155 30
1930 2126 1990 2154 Tot
2010 2128 2192 2162 circumstanti

1141 2149 1190 2175 bus
1204 2150 1320 2190 iudiciis,
1393 2152 1444 2178 Res
1458 2152 1655 2180 circumstantes
1670 2155 1773 2182 Auctor
1787 2157 1818 2183 ad
1833 2159 1952 2188 Herenn.
1965 2173 1984 2197 4
2004 2166 2045 2196 68.
2064 2177 2065 2180 ¹
2100 2169 2134 2195 Et
2146 2179 2159 2195 c
2177 2151 2204 2185 ’Τ-

1140 2185 1339 2212 Demonstracio
1354 2186 1406 2219 est,
1424 2197 1484 2213 cuin
1499 2189 1536 2214 ita
1555 2197 1595 2215 res
1614 2190 1706 2217 verbis
1727 2193 1905 2229 exprimitur,
1925 2204 1955 2224 vt
1968 2183 2025 2234 gssri
2044 2187 2202 2237 negotiuiii'

1140 2227 1167 2247 et
1183 2230 1225 2247 res
1244 2228 1303 2248 ante
1317 2222 1410 2249 oculos
1432 2225 1480 2250 esse
1497 2224 1629 2253 videatur.
1686 2227 1717 2253 Id
1737 2228 1797 2255 fieri
1815 2233 1932 2266 poterit,
1953 2234 1972 2261 fi
2008 2251 2054 2257 -—
2091 2248 2105 2265 a
2122 2227 2203 2269 rehu}

1140 2258 1379 2292 consequentibus,
1401 2266 1446 2286 aut
1459 2269 1474 2286 a
1487 2260 1717 2289 circumstantibus
1730 2273 1784 2290 non
1799 2267 1962 2297 recedemus.
2037 2273 2159 2306 Qiine‘til
2182 2286 2192 2292 -

1142 2301 1183 2325 12,
1196 2302 1228 2334 4.
1241 2294 1290 2320 Illa
1310 2301 1541 2335 argumenta-non
1561 2303 1669 2331 oportet
1688 2299 1919 2330 circumstantibus
1942 2305 2093 2335 obscurare.
2151 2295 2202 2340 a‘'ii:

1137 2337 1186 2354 vae
1205 2329 1402 2356 circumstantes
1427 2330 1509 2356 Ouid.
1528 2332 1593 2357 Met.
1619 2341 1649 2365 3,
1673 2342 1723 2367 441
1762 2335 1803 2361 Ad
1828 2337 2026 2368 circumstantes
2045 2346 2127 2373 vertit
2152 2332 2199 2378 sua

1138 2363 1248 2390 brachia
1269 2364 1353 2391 siluas.

1173 2406 1207 2438 ci
1218 2406 1263 2426 Rc
1273 2407 1293 2426 v
1305 2407 1329 2426 M
1341 2407 1447 2441 „si-AN
1457 2408 1525 2429 Tin
1535 2421 1542 2433 ‚
1568 2411 1607 2429 ae.
1643 2403 1662 2430 f.
1701 2405 1859 2442 [περῐςασις]
1908 2411 1976 2439 Gell.
1991 2421 2004 2446 3
2033 2421 2051 2451 7
2074 2417 2198 2447 Ostendit

1138 2440 1253 2476 curtium
1262 2435 1356 2462 deloci
1368 2438 1582 2472 importunitate,
1598 2444 1623 2465 et
1638 2439 1755 2468 hostium
1771 2444 1965 2475 circumstantia
2004 2434 2023 2476 73.
2037 2454 2198 2482 multi-mim

1138 2469 1362 2510 mrcumstmztium.
1412 2473 1544 2501 Collecflr'ue
1562 2478 1638 2502 etiam
1652 2477 1733 2511 jiimit
1754 2479 1818 2506 idem
1834 2481 1902 2508 Gell.
1919 2493 1957 2516 14,
1974 2469 1985 2510 Ξ
2009 2487 2039 2513 In
2053 2487 2093 2514 hii
2110 2471 2118 2479 ι
2147 2470 2199 2519 uae

1137 2506 1248 2533 existere
1257 2508 1347 2548 'solent
1359 2509 1529 2543 negotiorum
1543 2511 1716 2545 ambagibus,
1736 2520 1761 2540 et
1780 2515 1809 2541 in
1829 2518 1940 2553 ancipiti
1956 2523 2092 2550 rationum
2100 2501 2187 2555 ³diiier

1137 2542 1224 2570 sarum
1240 2544 1452 2578 circumstantia,
1472 2546 1541 2572 nihil
1556 2547 1704 2582 quidquam
1718 2558 1766 2576 nos
1783 2551 1849 2578 libri
1873 2554 2001 2584 iuuerunt
2088 2562 2129 2588 Sic
2145 2545 2198 2590 Cit

1136 2579 1292 2612 angelorum
1313 2580 1508 2608 circumstantia
1527 2591 1581 2608 non
1601 2585 1676 2611 cessat
1695 2584 1784 2613 dicere
1804 2588 1970 2619 SANCTVS
2002 2572 2199 2625 'SANCTVSu

1136 2614 1303 2656 SANCTVS
1336 2617 1455 2660 Tertull.
1476 2617 1509 2644 de
1529 2619 1603 2646 Orat.
1623 2629 1644 2646 c.
1667 2629 1689 2653 3.
1762 2623 1862 2659 physici
1879 2636 1951 2662 quam
1972 2614 2196 2663 c'ircumstantiani

1136 2649 1239 2691 dicar-ze,
1261 2650 1355 2693 doceat¹
1367 2654 1425 2679 ben.
1441 2654 1478 2688 Q
1492 2654 1527 2680 N.
1541 2663 1568 2687 2,
1583 2663 1600 2690 7
1627 2656 1669 2683 Sic
1687 2665 1800 2692 corpora
1820 2662 1956 2697 accipiunt
1973 2675 2050 2702 aquae
2090 2676 2119 2697 vt
2132 2672 2197 2698 sem-

1134 2694 1183 2720 per
1196 2695 1225 2729 in
1240 2693 1406 2715 contrarium
1419 2690 1531 2724 acceptis
1544 2691 1673 2725 refluant,
1689 2693 1858 2731 (vrgeaaitque
1872 2698 1931 2725 adeo
1945 2707 1969 2726 et
1983 2688 2108 2738 compl'exu
2123 2705 2195 2735 ανέῗο

1135 2729 1280 2749 contineant
1301 2725 1344 2750 illa
1364 2727 1491 2761 corpora)
1525 2727 1600 2753 Hanc
1620 2728 1705 2756 nostri
1723 2732 1947 2762 circumstantiam
1991 2739 2086 2767 Graeci
2106 2749 2196 2770 autem

1135 2759 1255 2799 mpc‘roemy
1268 2760 1418 2795 appellant,
1435 2770 1507 2795 quae-
1518 2762 1547 2788 in
1560 2765 1621 2790 acre
1636 2773 1760 2800 quoque,
1780 2767 1845 2795 sicut
1860 2770 1889 2796 in
1903 2756 1971 2806 aquil
1985 2773 2022 2800 fit.

1135 2793 1183 2836 stat
1206 2803 1279 2822 enim
1300 2800 1344 2822 ae'r
1364 2805 1444 2823 omne
1462 2806 1575 2832 corpus,
1592 2808 1607 2825 a
1621 2809 1676 2835 quo
1694 2801 1852 2837 impellitur.
1907 2809 2020 2844 Deniq‘ue
2037 2812 2193 2841 colleffluum

1135 2837 1210 2871 enain
1224 2829 1273 2864 est,
1294 2841 1347 2858 cum
1368 2833 1403 2858 ad
1416 2831 1527 2860 affloncs
1540 2835 1665 2862 hominum
1678 2838 1798 2873 refertur.
1836 2841 1947 2874 Qlintffi.
1963 2852 1985 2877 5,
1999 2854 2028 2871 ιο
2056 2855 2098 2873 10¹·
2117 2850 2194 2876 Prae-

1138 2866 1228 2892 sertim
1243 2876 1303 2907 cum
1317 2868 1450 2902 plurimae
1464 2869 1637 2904 probationes
1658 2873 1687 2899 in
1707 2874 1764 2908 ipso
1778 2878 1914 2905 causarum
1934 2866 2073 2915 comple’xu
2085 2865 2122 2910 ³re
2143 2887 2194 2913 eri-

1135 2908 1226 2936 antur,
1245 2909 1296 2934 ita,
1315 2910 1345 2930 vt
1360 2904 1408 2931 snit
1422 2914 1482 2931 cum
1500 2905 1551 2933 alia
1564 2907 1612 2934 lite
1628 2909 1700 2935 nulla
1715 2920 1870 2939 communes
1904 2929 1950 2934 —
1986 2918 2045 2943 Hoc
2057 2895 2140 2953 gennis,
2150 2931 2191 2949 ar-

1135 2944 1323 2973 gumentorum
1339 2941 1400 2967 sane
1412 2941 1529 2969 dicamus
1543 2952 1575 2970 ex
1588 2945 1800 2979 circumstantia,
1821 2949 1884 2982 quia
1899 2952 2019 2983 mpla-new
2037 2953 2128 2983 dicere
2142 2958 2191 2985 ali-

1135 2976 1422 3017 te1·'n0r·i·po.ffi1miis,
1443 2978 1487 3004 vel
1506 2987 1538 3005 ex
1558 2979 1609 3012 iis,
1634 2990 1702 3015 quae
1723 2983 1852 3017 cuiusque
1875 2986 1967 3012 causae
1987 2991 2097 3024 propria
2120 2994 2179 3020 sunt

1134 3010 1315 3044 Qiinehliani
1327 3012 1476 3054 igitur-stilo
1488 3021 1513 3041 et
1525 3016 1674 3051 reliquorum
1690 3017 1885 3046 circumstantia
1899 3019 1933 3053 cst
1946 3026 2085 3059 complexus
2098 3014 2188 3056 earum·

1133 3055 1195 3081 quus
1206 3047 1277 3073 hodie
1291 3050 1366 3084 vulgo
1379 3050 1586 3077 circumstantias
1595 3061 1682 3078 vocar-e
1688 3054 1789 3088 solent:
1810 3054 1860 3081 Res
1867 3056 2064 3088 circumstantes
2073 3049 2191 3092 exA116t'

1133 3081 1298 3124 aleerenn..
1312 3084 1416 3112 dixeris.
1471 3087 1543 3113 Illius
1560 3089 1677 3123 vulgaris
1693 3087 1834 3116 intellebius
1854 3101 1902 3118 non
1921 3096 2001 3121 malus
2022 3097 2111 3126 audior
2123 3085 2190 3129 Bo'e':

1133 3117 1206 3158 thius
1221 3118 1253 3145 de
1261 3120 1428 3148 Differentiis
1443 3123 1538 3156 topicis
1554 3131 1573 3155 4
1588 3129 1632 3157 pr.
1654 3122 1751 3150 Thefis
1772 3124 1808 3151 est
1822 3126 1874 3153 fine
1889 3128 2092 3161 circumstantiis
2107 3145 2188 3171 quae*

1133 3153 1194 3194 iiio.
1230 3155 1374 3184 Rhetorica
1388 3166 1455 3184 vero
1468 3159 1500 3184 de
1514 3158 1716 3192 quaestionibus
1734 3161 1994 3193 circumstantiarum
2013 3170 2187 3202 multitudine

1132 3190 1237 3217 inclusis
1252 3192 1346 3219 trastkit
1359 3199 1385 3220 et
1398 3193 1506 3220 diss'erit.
1542 3194 1764 3222 Circumstantiae
1778 3205 1843 3224 vcro
1856 3199 1925 3233 sunt,
1941 3203 2012 3237 Qis
2037 3207 2103 3241 qnid
2127 3209 2175 3237 vbi

1133 3226 1256 3261 quando,
1275 3237 1336 3260 cur,
1357 3229 1511 3264 quomodo,
1531 3229 1628 3264 quibus
1649 3231 1836 3260 adminiculis?
2012 3224 2022 3238 ⁵
2105 3228 2114 3242 ⁷
2176 3229 2187 3244 '

1169 3269 1401 3292 CIRCVMSTA
1413 3271 1434 3291 'r
1444 3272 1480 3291 10
1493 3285 1501 3297 ,
1522 3265 1591 3292 onis.
1629 3266 1649 3292 f.
1686 3266 1866 3305 [εἰμφίςασις]
1907 3272 1976 3300 Gell.
1991 3282 2009 3311 7
2038 3287 2058 3313 4
2083 3279 2118 3307 Ea
2135 3281 2186 3309 cir-

1130 3298 1270 3326 cumstatio
1282 3301 1415 3331 militum,
1434 3309 1532 3327 corona
1553 3301 1681 3336 appellata
1694 3303 1733 3329 fit.
2014 3296 2025 3310 ³

1158 3341 1184 3374 ¹c
1194 3342 1203 3361 1
1212 3342 1230 3361 R
1240 3342 1256 3362 C
1266 3343 1286 3361 v
1296 3343 1343 3364 MS
1355 3344 1376 3363 T
1386 3344 1405 3363 R
1416 3334 1432 3363 1}
1442 3343 1457 3362 P
1466 3343 1503 3369 o,
1532 3337 1559 3363 ui
1569 3357 1577 3369 ,
1602 3339 1669 3364 'i'tuin
1681 3358 1690 3371 ‚
1717 3341 1770 3365 ere.
1813 3341 1987 3380 [περικτυπῶ]
2037 3348 2130 3376 Seneca
2150 3351 2184 3378 de

1130 3370 1191 3397 Vita
1206 3369 1328 3399 beata-ad
1341 3372 1492 3399 Gallionem
1509 3381 1532 3399 11
1558 3373 1623 3400 Non
1637 3383 1712 3401 voco·
1723 3382 1812 3402 autern
1826 3378 1970 3413 sapientem
2008 3384 2083 3419 supra
2103 3395 2183 3420 quein

1131 3405 1278 3442 quidquam
1292 3408 1344 3441 est,
1363 3407 1461 3434 nedum
1477 3408 1608 3443 voluptas.
1664 3410 1745 3445 Atqui
1759 3410 1792 3438 ab
1807 3411 1855 3440 hac
1868 3402 2028 3452 occiipatiis,
2045 3422 2183 3455 quomodo

1130 3441 1228 3468 resistet
1247 3443 1335 3471 labori
1354 3453 1382 3470 ac
1397 3444 1532 3478 periculo,
1553 3444 1676 3479 egestati,
1696 3452 1722 3473 et
1739 3452 1780 3473 tot
1798 3447 1942 3479 humanam
1964 3455 2047 3481 vitam
2069 3456 2182 3484 circum-

1131 3477 1304 3512 strepentibus
1322 3480 1404 3506 minis
1419 3481 1428 3506 3
1498 3480 1628 3507 Certatim
1648 3483 1745 3509 caeteri
1766 3483 1985 3523 circumstrepunt
2005 3491 2095 3517 Tacit.
2111 3484 2187 3520 Arm.-

1131 3521 1162 3546 ιι,
1176 3522 1212 3555 3¹⁷
1226 3523 1257 3556 2..
1321 3515 1414 3556 P-affiue
1434 3515 1507 3556 Ideni
1522 3516 1591 3543 Hist.
1606 3525 1632 3550 2,
1640 3525 1688 3551 44,
1701 3526 1714 3550 3
1736 3519 1849 3555 Legatus
1863 3523 1980 3551 clamore
1993 3525 2181 3556 seditiosorum:

1130 3557 1159 3576 ac
1170 3553 1307 3584 tugacnim
1322 3551 1559 3585 Circumstrepltur.

1165 3591 1182 3612 c
1192 3593 1200 3612 i
1212 3593 1254 3614 Re
1264 3594 1285 3611 v
1296 3594 1320 3613 M
1329 3595 1342 3614 s
1352 3593 1425 3614 ΤΚΒ
1437 3593 1451 3612 P
1465 3586 1508 3613 i'r
1518 3594 1539 3612 v
1549 3595 1665 3621 s,a,um.
1692 3589 1761 3617 Part.
1798 3592 1876 3627 Apul.
1885 3595 2078 3630 Apoi.p.322,8
2098 3598 2180 3626 Fene.

1128 3619 1195 3647 strae
1214 3623 1322 3649 canticis
1343 3622 1574 3657 circumstrepitae.
1643 3624 1735 3652 Sidon.
1749 3628 1830 3662 Epist.
1843 3637 1879 3665 7,
1896 3639 1914 3663 9
1938 3632 2021 3657 Aures
2038 3632 2179 3664 incondito

1129 3657 1245 3685 tumultu
1263 3658 1496 3692 circumstrepitas.-

1164 3699 1180 3720 c
1188 3701 1199 3720 1
1207 3701 1251 3721 Rc
1260 3702 1281 3721 v
1292 3701 1316 3735 in
1326 3702 1339 3721 s
1348 3701 1369 3721 ‘r
1377 3701 1397 3720 R
1406 3701 1416 3720 1
1424 3701 1444 3720 D
1452 3700 1469 3720 E
1481 3700 1502 3720 N
1513 3701 1537 3727 S,
1550 3694 1627 3722 entis.
1635 3696 1702 3724 Part.
1714 3698 1990 3727 Circumstridentium
1999 3707 2086 3731 terror
2092 3704 2179 3734 larna-

1130 3736 1190 3756 rum
1210 3731 1341 3756 Ammian.
1356 3738 1402 3763 14,
1418 3738 1448 3756 11,

2095 2023 2206 2054 Tamen

2071 2777 2194 2805 Circum-

1326 3801 1330 3805 .
1357 3801 1362 3805 .
1405 3800 1410 3804 -
1620 3767 1680 3802 Qia
1695 3769 1723 3795 in
1736 3768 1875 3796 humei-mn
1889 3770 2029 3805 adhaeret,
2042 3774 2110 3802 nihil
2126 3777 2177 3804 cir-

1129 3801 1283 3833 cumfulcit,
1304 3800 1374 3827 nihil
1388 3800 1595 3837 circumstringit
1612 3803 1733 3831 Tertull.
1751 3805 1783 3831 de
1794 3805 1857 3831 Pall.
1878 3814 1899 3831 c.
1915 3813 1936 3839 5.
2008 3809 2105 3838 Linteo
2124 3813 2177 3840 cir.

1129 3837 1284 3871 cuiiistringi
1304 3836 1342 3863 Id.
1359 3836 1391 3862 de
1404 3836 1468 3862 Cor.
1482 3837 1542 3864 Mil.
1557 3848 1580 3864 c.
1593 3843 1616 3869 8.

1161 3879 1180 3900 C
1191 3879 1199 3898 1
1211 3879 1228 3899 R
1238 3879 1255 3899 C
1265 3879 1285 3898 v
1295 3879 1318 3898 M
1332 3879 1345 3898 s
1354 3877 1376 3898 Τ
1385 3878 1405 3898 R
1415 3879 1424 3898 1
1432 3878 1451 3899 c
1458 3878 1481 3899 Τ
1489 3880 1510 3899 ν
1519 3879 1544 3906 S,
1551 3882 1576 3907 a,
1585 3883 1639 3902 um.
1648 3875 1717 3902 Part.
1736 3874 1851 3902 Habitus
1858 3876 2008 3906 ceruicibus
2015 3881 2176 3909 circumstri-

1127 3906 1184 3934 ἕως
1199 3907 1318 3934 Tertull.
1332 3907 1364 3933 de
1377 3907 1439 3934 Pall.
1456 3917 1478 3935 c.
1493 3915 1514 3935 i.

1162 3950 1181 3971 C
1192 3950 1203 3971 1
1216 3950 1236 3971 R
1244 3950 1262 3971 C
1272 3950 1293 3970 V
1301 3949 1325 3970 Μ
1333 3950 1347 3971 S
1355 3950 1377 3971 T
1385 3950 1404 3970 R
1413 3945 1533 4008 ῑὲΟᾹΧίἒ
1542 3943 1626 3980 Qum,
1646 3947 1699 3974 ere·
1732 3945 1998 3985 [mfmocrwmvoifoe]
2033 3951 2099 3979 Piin.
2113 3958 2148 3983 n,

2155 3953 2173 3978 6

2123 3985 2173 4013 Hm
