2474 4182
53 163 117 200 ,05
476 139 605 182 AD
669 136 686 177 1
1548 139 1755 180 Ani
2119 151 2188 188 105

55 241 112 266 Cum
123 240 148 264 in
168 237 254 262 nitiuo.
307 232 382 267 virg.
397 232 460 258 Aen·
482 231 500 256 6
507 249 515 262 ,
534 230 583 261 693
618 243 629 249 ·
648 242 659 248 ·
679 242 689 248 ·
709 230 753 252 ωδ
767 234 810 252 me
821 226 937 261 genitor,
950 233 995 254 tua
1008 226 1089 254 tristis
1142 222 1202 263 dare
1215 222 1305 250 Celsus
1317 232 1346 257 4,
1359 231 1375 250 2
1411 224 1563 254 Clamorem
1578 229 1669 256 Tacit.
1686 230 1714 256 in
1729 230 1853 265 Agricola
1871 251 1877 257 .
1898 252 1904 258 .
1941 233 2010 260 Cels.
2025 234 2054 260 in
2068 243 2186 268 prooem.

55 258 139 308 affigo
173 270 277 305 Saepius
297 277 451 299 occurrens,
470 265 531 292 haec
544 262 637 290 limina
657 261 762 288 tendere
777 261 872 297 adegit.
893 266 910 289 ι’.
932 265 987 289 Huc
1004 265 1089 289 venire
1141 259 1189 285 lib.
1206 266 1231 293 7.
1291 259 1326 284 Ac
1341 260 1440 285 Romae
1455 270 1562 296 quoque
1582 274 1635 291 non
1654 266 1800 293 mediocres
1815 267 1987 302 professores,
2020 271 2188 305 maximeque

53 319 88 336 me
100 307 205 343 impulit,
225 308 313 341 coc-gn·
349 303 389 331 Ad
402 308 512 330 mortem
526 299 597 333 adigi
614 297 647 324 ab
667 297 758 332 aliquo
778 298 847 325 Tac.
868 308 911 331 iz,
926 308 973 331 22,
992 307 1018 331 4.
1056 297 1087 322 Et
1141 304 1225 329 nuper
1238 294 1373 329 Tryphon
1387 301 1477 335 pater,
1498 304 1522 322 et
1536 299 1698 334 Euelpistus,
1719 309 1744 329 et
1773 306 1818 335 (vt
1833 312 1865 329 ex
1880 303 1982 338 scriptis
1996 305 2052 331 eius
2071 306 2189 340 intelligi

51 344 122 380 absol.
142 343 197 368 Cic⁸
214 342 265 368 Att.
285 350 321 371 10,
336 349 352 373 9
373 338 462 372 Adigit
474 336 510 362 ita
522 333 652 361 Postumia
660 339 685 359 et
693 333 807 359 Seruius.
964 333 983 372 ἢ
1003 341 1015 364 3
1037 333 1084 370 Ptjr
1141 330 1243 364 potest)
1265 330 1560 372 horum-eruditulimus
1568 335 1667 369 Meges,
1688 338 1846 373 quibusdam
1861 339 1889 365 in
1902 340 1996 366 melius
2005 342 2122 374 mutatis,
2142 342 2189 368 ali-

50 378 228 414 metaphoram,
247 378 389 405 Concitare,
407 373 536 407 Impellcre.
578 370 645 396 Ter.
659 368 732 395 Adel.
751 378 769 402 1,
783 378 810 402 2,
822 378 845 402 31
871 370 919 397 'Fu
935 369 1014 396 honio
1027 366 1082 406 adi·
1103 368 1116 395 5
1140 372 1269 406 quantum
1283 375 1308 391 ci
1327 366 1482 406 dilciplin'ae
1500 368 1660 407 adiecerunt.
1716 374 1847 407 Qinffll.
1869 384 1887 408 4
1905 383 1969 409 pr.3
2007 378 2042 403 Vt
2061 384 2189 411 quantum

50 423 93 449 ges
108 422 149 439 mc
163 413 193 440 ad
209 413 343 438 insaniam.
385 409 455 435 Idem
474 407 536 433 Eun.
551 414 576 437 2,
592 414 612 436 1,
626 413 637 437 3
660 404 751 432 Noetu
767 412 791 431 te
807 406 912 440 adigcnt
924 404 1029 432 horsum
1044 411 1080 428 in-
1140 401 1218 428 nobis
1259 401 1468 442 Exspectationis
1487 403 1600 436 adiecit,
1635 412 1736 434 tantum
1758 411 1859 444 ingenii
1875 411 1996 446 adspiret.
2054 413 2121 439 Cels.
2139 422 2164 445 2,
2180 422 2190 439 i

49 450 158 476 somnia.
196 449 308 480 Adigcre
321 445 475 475 arbitrium,
493 442 542 473 vel,
558 443 646 476 potius
665 441 728 474 (huc
742 444 804 467 enim
817 441 909 468 ducunt
926 440 1036 465 meliores
1053 439 1084 464 li·
1138 439 1173 464 At
1186 436 1266 464 aestas
1280 447 1333 463 non
1345 437 1455 472 quidem
1469 446 1543 464 vacat
1558 439 1689 474 plerisque
1697 442 1729 468 ab
1743 443 1782 470 his
1797 446 1908 479 morbis,
1930 447 1973 473 sed
1987 447 2081 474 adiicit
2092 448 2190 480 febres,

8 478 9 482 Ἰ
49 485 104 519 brt)
120 484 233 519 Adigcse
249 482 384 510 arbitrum,
430 477 484 505 Cic.
504 485 552 511 pro
574 477 649 503 Rosc.
670 477 747 503 Com.
768 485 798 510 25
813 487 833 503 c.
850 486 865 509 9
885 477 960 508 Quae
973 483 1032 500 cuni
1047 473 1083 500 ita
1139 473 1182 499 vel
1204 473 1357 506 continuas,
1388 474 1431 500 vel
1450 474 1585 507 ardentes,
1606 477 1648 501 vel
1663 478 1795 505 tertianas.
1851 483 1918 509 Cels.
1935 492 1957 516 3,
1972 492 1994 510 11
2032 485 2104 511 Haec
2116 485 2190 510 eniiri

8 530 9 540 ¹
51 520 98 547 sint
151 530 196 546 cui·
224 528 276 545 non
295 516 422 544 arbitrum
442 522 490 547 pro
511 512 583 538 socio
603 511 720 546 adegeris
746 514 781 547 Q
806 512 945 542 Roscium,
974 517 1084 544 quaero.
1140 508 1219 544 paulo
1232 515 1292 535 ante
1308 509 1367 535 data
1384 510 1498 536 multum
1513 511 1585 537 malo
1598 511 1700 538 adiicit.
1757 515 1868 542 Modum
1889 521 1906 543 i,
1920 519 2053 547 Adhjbsrffi
2097 520 2188 547 Tacit,

8 546 9 555 ¹
50 540 121 583 mels]
137 556 188 582 Off,
202 565 212 585 ς
238 556 271 581 66
288 561 308 578 c.
324 553 351 577 16
376 551 466 583 Itaque
486 548 645 582 Calpurnius
665 558 724 574 cum
746 548 886 575 demolitus
898 546 972 577 esset,
986 554 1083 579 cogno·
1097 552 1125 570 10
1140 545 1207 571 Ann.
1222 553 1245 576 3,
1260 546 1285 571 6.
1300 580 1304 584 ²
1344 545 1402 571 Val.
1417 545 1486 572 Flac.
1502 552 1524 578 8,
1539 556 1568 579 41
1605 548 1664 573 Hoc
1678 548 1759 574 etiam
1772 549 1858 576 adiice
1872 555 1949 579 tantis
1963 555 2119 582 Muneribus
2133 557 2190 583 Me-

7 596 9 617 }
49 592 174 625 vini-tque
195 576 316 617 Clodium
331 584 404 612 aedes
417 584 503 619 postea
519 583 700 618 proscripsisse,
726 593 804 619 quain
812 584 868 610 eiset
882 581 914 608 ab
930 580 1083 615 Auguribus
1139 581 1253 615 ritisque
1267 586 1327 606 tuis.
1366 581 1448 607 Plaut.
1464 582 1532 607 Afin.
1546 590 1574 614 4,
1589 591 1609 615 1,
1624 591 1660 617 24
1681 583 1720 609 Ad
1729 593 1823 611 eorum
1836 595 1954 620 nequem
1968 591 2066 618 Oculos
2081 591 2191 618 adiiciat

49 627 175 654 demoliri
190 625 279 655 juniis,
300 621 438 648 Arbitrum
461 620 536 647 illum
556 620 660 654 adegit,
685 618 820 655 Qiicquid
837 616 885 644 fibi
907 617 975 643 Dare
997 617 1084 657 sacere
1140 618 1206 656 suos*
1235 616 1262 642 Si
1277 625 1359 651 quem
1372 617 1454 656 alium
1469 618 1584 657 asperit,
1605 627 1680 644 caeca
1692 620 1821 646 continuo
1841 621 1894 647 liet.
1937 625 1992 650 Cic.
2006 628 2082 654 Verr.
2097 636 2113 654 2
2132 637 2154 654 c.
2164 636 2192 661 ις

49 668 182 697 oporteret
198 668 227 686 cx
242 659 292 685 fide
305 657 380 684 bona.
433 655 469 682 Id.
486 656 559 690 Top.
574 665 606 689 43
635 666 656 682 c.
674 666 701 682 10
724 652 952 690 Quemadmodum
967 651 984 678 fi
1000 662 1028 678 in
1041 661 1083 679 vr-
1139 654 1238 679 Partim
1256 652 1334 686 plane
1353 652 1479 679 videbant
1499 653 1633 680 adiectum
1654 655 1702 681 effe
1721 656 1828 682 oculum
1843 656 2015 693 haereditati,
2041 666 2058 687 i.
2073 667 2190 694 animum,

7 703 10 731 5
50 698 82 725 bc
95 698 126 724 dc
138 696 232 723 finibus
247 691 423 720 controuersia
435 691 486 724 est,
506 692 554 726 qui
568 691 632 718 fines
654 693 735 727 magis
754 697 876 725 agrorum
896 688 1021 715 videntur
1035 689 1084 714 esse
1139 688 1310 728 cupiditatem.
1334 688 1395 727 Cic.
1411 696 1502 728 contra
1516 688 1587 715 Rull.
1604 698 1629 729 ,²³
1646 698 1676 723 25
1690 699 1712 717 c.
1729 699 1756 717 10
1776 692 1845 718 Cum
1859 692 1890 718 ad
1905 695 1994 721 omnia
2014 698 2097 725 vestra
2113 700 2191 733 pauci

8 734 10 762 Ξ
49 742 126 769 quani
140 731 210 758 vrbis
224 729 319 755 linibus
340 727 463 767 regundis
481 727 587 762 adigere
606 728 736 754 arbitrum
755 734 804 752 non
820 724 906 758 pollis:
938 724 970 750 iic
984 724 1001 750 fi
1017 733 1084 759 aqua
1098 726 1124 752 1⁵
1139 724 1260 764 homines
1280 723 1438 766 cupiditatis*
1458 724 1549 767 oculos
1568 725 1727 769 adieciss'ent.
1793 727 1841 755 Sed
1856 727 1997 767 jaspefflm
2021 741 2108 760 memo
2129 735 2192 761 illud

8 768 9 773 ¹
48 768 135 804 pluuia
155 767 182 792 in
197 765 262 792 vrbe
274 770 360 796 nocet,
378 772 505 798 quomam
521 772 561 790 res
577 770 631 790 tota
645 764 725 798 magis
736 768 858 795 agrorum
872 760 917 794 est,
938 769 1020 822 aquae
1028 761 1084 795 plu·
1139 759 1302 795 Cupiditatis
1320 757 1354 792 est
1369 761 1509 787 Guzltelmio
1523 768 1595 796 atque
1611 762 1731 789 Gnaeum.-
1765 769 1788 788 ει
1800 763 1893 799 habers
1913 767 1983 790 eciem
1998 767 2094 801 gloffiu.
2148 770 2192 796 Ad

48 801 214 837 viaeadigere
222 810 275 827 non
281 799 354 835 pollis
363 799 503 826 arbitrum.
530 800 586 826 ὅση.
601 801 685 834 Ep.63
697 799 757 825 Eam
770 796 910 835 (Sqrmonis
923 798 964 829 nos
977 797 1018 830 ri)
1026 805 1083 831 par·
1132 796 1275 836 fortuitum
1294 804 1353 822 vero
1371 795 1667 837 ιιιίἡᾱθέῖιιηιἙενιῐηετ.ι
1693 799 1749 838 Cic.
1770 798 1803 824 de
1823 799 1888 839 Legi
1910 820 1916 826 .
1939 809 1965 833 2,
1979 804 2009 833 36
2029 812 2049 828 e.
2066 812 2096 837 14
2131 807 2192 839 Qua

46 837 135 866 teiiiad
143 844 167 864 te
178 837 317 872 perferam,
325 835 428 870 quaein
448 835 494 861 lite
503 835 553 861 est:
575 842 600 862 te
607 835 731 862 arbitrum
740 831 884 866 adegiinus.
905 831 1046 873 Scdhabrjzt
1053 834 1084 858 li-
1139 831 1451 872 licentianR-omaendata,
1485 832 1612 873 quidnam
1627 835 1715 868 egilsct
1730 834 1791 874 ille,
1818 844 1865 869 qui
1879 836 1907 862 in
1920 836 2081 863 sacrificium
2095 842 2192 873 cogita-

44 875 84 901 bri
95 873 192 913 quidam
200 872 357 903 addiximus,
372 871 589 898 veladduxinius.
621 870 674 899 Viti.
693 874 821 894 ADDICO.
844 865 970 901 Estautem
977 868 1083 903 adigere
1138 874 1193 895 tam
1207 866 1351 894 libidinem
1364 867 1471 900 intulit,
1489 877 1543 902 quo
1557 877 1589 894 ne
1604 869 1811 903 imprudentiam
1824 871 1933 906 quidem
1955 872 2097 900 oculorum
2111 876 2194 902 adiici

8 920 10 923 ⁴
45 908 175 937 arbitrum
196 909 236 935 vel
255 916 348 942 cogere
361 906 424 933 dare
439 906 580 939 arbitrum,
598 905 661 942 quod
663 903 770 939 similem
784 903 857 929 verba
871 903 946 930 Festi.
970 904 1127 938 Adigas,20
1138 904 1177 930 fas
1192 903 1268 930 fuit?
1304 904 1426 938 Loquitur
1452 903 1481 930 de
1500 903 1582 930 Clodii
1593 904 1671 941 sablo
1692 908 1718 931 in
1732 906 1818 942 Jiicris
1842 908 1924 933 Bonae
1949 910 2025 935 Deae.
2082 910 2194 945 Aliquid

43 945 104 972 dare
117 953 206 978 cogas:
227 953 285 980 quae
299 943 332 970 ad
345 943 410 970 hanc
419 943 558 979 f0rmulam
572 941 684 969 videntur
696 939 830 975 respicere:
850 940 891 965 vc!
910 937 943 972 est
959 948 1036 974 agere
1051 940 1083 966 ad
1139 939 1247 966 Potioni
1261 938 1394 972 adiicere,
1423 937 1457 973 est
1471 941 1610 976 Aliquanto
1629 942 1727 978 largius
1745 942 1824 968 bibere
1860 943 1929 969 Cels.
1946 952 1972 976 1,
1991 954 2013 976 3.
2068 945 2195 973 Stimulos

42 979 180 1011 arbitrum,
199 979 263 1015 quod
274 981 354 1015 tnagis
370 980 484 1005 naturale
497 985 520 1005 et
536 975 671 1005 rationibus
686 976 786 1036 linguae
804 977 921 1010 antiquae
939 979 1085 1001 conueniens
1140 975 1200 1002 Ioui
1214 975 1358 1008 frementi,
1388 977 1468 1002 Iouem
1480 978 1531 1001 iam
1551 979 1644 1003 Iratum
1664 980 1745 1014 magis
1761 978 1891 1005 accendere
1928 979 2010 1006 Ouid.
2027 981 2091 1008 Met.
2107 991 2196 1016 i,245.

42 1015 148 1046 videtur,
168 1022 196 1041 vg
208 1015 340 1042 Aduoflarc
352 1015 435 1041 rostra
449 1017 466 1040 j,
480 1015 561 1041 001a7·e
572 1010 605 1038 ad
615 1008 704 1043 rqstra,
745 1009 838 1037 duolui
852 1019 951 1044 genua,
969 1011 1083 1038 Assidere
1139 1012 1216 1037 Vires
1232 1011 1292 1037 Liu.
1307 1021 1335 1045 4,
1356 1031 1362 1036 .
1388 1031 1394 1038 .
1431 1011 1600 1045 Virtutibus,
1627 1013 1700 1047 quod
1720 1012 1862 1040 desiderari
1882 1015 1966 1049 potest
1987 1017 2098 1050 Quin&
2114 1027 2152 1050 10,
2174 1026 2196 1050 i,

43 1052 157 1083 moenia,
179 1058 223 1077 etc.
261 1053 347 1086 Imque
364 1053 438 1076 ctiam
452 1046 747 1085 Scaljgfffflspsfflhasur,
760 1046 826 1081 apuii
839 1046 942 1072 Festum
955 1047 1082 1084 legendum
1138 1055 1193 1073 120.
1245 1046 1327 1073 Ouid.
1345 1046 1378 1074 de
1398 1047 1462 1073 Arte
1476 1048 1535 1074 Am.
1549 1056 1572 1080 3,
1588 1053 1600 1077 8
1637 1049 1744 1076 Dixerit
1766 1059 1780 1076 e
1798 1050 1889 1076 multis
1911 1051 2024 1086 aliquis,
2053 1062 2100 1079 cur
2114 1055 2195 1080 Virus

43 1086 147 1122 Adigas,
167 1086 241 1114 adii-e
255 1095 340 1122 cogas.
378 1087 418 1113 Sic
431 1088 502 1112 etiam
509 1085 622 1109 inmensas
635 1082 819 1109 iusiurandum
832 1081 1027 1117 adigereomtffi)
1041 1083 1082 1109 ad.
1097 1088 1128 1114 23
1139 1083 1166 1108 in
1180 1091 1293 1116 anguem
1329 1082 1448 1110 Adiicis?
1474 1089 1500 1110 et
1520 1083 1628 1118 rapidae
1645 1085 1726 1111 tradis
1745 1085 1819 1112 ouile
1841 1087 1934 1120 lupae?
1965 1091 1983 1113 i.
1997 1089 2112 1123 feminas
2125 1090 2195 1116 doces

42 1123 101 1150 Li„⁴
119 1131 160 1155 43,
181 1131 208 1157 ¹7
223 1130 289 1149 extr.
329 1122 410 1148 Cuius
422 1119 536 1147 nondum
551 1118 616 1144 iusta
631 1117 715 1145 millio
730 1118 785 1144 visa
800 1119 874 1151 ess'et,
900 1118 937 1144 ita
952 1118 1082 1145 iusiuran-
1137 1125 1217 1145 artem
1231 1117 1341 1144 amandi.
1538 1121 1558 1156 *Ἰ
1584 1129 1596 1151 3
1624 1121 1766 1154 Adiicere,
1785 1131 1834 1156 pro
1848 1122 2012 1149 Consentire.
2067 1125 2197 1159 Epicurus

8 1175 10 1178 -
41 1157 103 1184 dum
117 1158 266 1193 adigebant,
286 1158 322 1184 Ex
337 1158 376 1184 tui
389 1156 470 1183 animi
490 1154 616 1181 sententia
636 1161 680 1181 ete.
733 1155 813 1180 Etiam
827 1155 899 1181 Caes.
919 1155 945 1180 B.
962 1155 993 1181 G.
1008 1163 1035 1189 7,
1048 1155 1083 1189 67
1137 1154 1294 1180 Democrito
1302 1153 1396 1180 adiicit
1410 1154 1439 1180 in
1450 1153 1562 1189 physicis
1576 1155 1633 1182 Cic.
1642 1156 1673 1182 de
1688 1157 1746 1183 Fin.
1765 1165 1773 1184 i
1794 1159 1841 1183 c.6
1854 1167 1891 1192 pr.
1913 1159 1987 1194 Virg.
2003 1160 2067 1187 Aen.
2096 1170 2134 1193 10,
2151 1166 2195 1192 182

41 1202 80 1229 pr.
95 1193 207 1220 Probata
221 1203 259 1226 re,
278 1199 356 1228 atque
370 1191 490 1219 omnibus
502 1190 685 1217 iusiurandum
698 1189 804 1217 adactis.
842 1190 883 1218 Sic
895 1198 960 1217 certe
973 1191 1085 1227 Scaliger
1138 1191 1308 1216 Tercentum
1326 1189 1474 1222 adiiciunt,
1502 1199 1575 1217 mens
1589 1192 1714 1218 omnibus
1737 1202 1787 1219 vna
1802 1194 1937 1228 sequendi.
1980 1195 2034 1221 Vbi
2049 1196 2119 1222 Seru.
2142 1197 2195 1223 Ad-

44 1236 68 1256 η
79 1230 126 1256 0151*
133 1240 140 1254 ;
161 1228 278 1263 Daujfim
290 1226 599 1262 hier,;yadad171ittit,ſsd
610 1226 637 1252 B.
654 1227 683 1252 C.
695 1234 720 1257 2,
738 1231 761 1256 ιε
779 1225 830 1261 ipsc
844 1226 1010 1261 quoquededit
1021 1228 1083 1254 Pro·
1139 1226 1251 1258 iiciunt,
1272 1225 1420 1258 accedunt,
1446 1232 1472 1253 et
1485 1227 1655 1254 consentiunt
1672 1228 1728 1254 eius
1747 1229 1887 1256 voluntati.
1948 1231 2024 1257 Vnde
2039 1232 2092 1265 ait,
2119 1234 2196 1259 Mens

41 1265 157 1292 vinciam
175 1274 283 1292 omnem
303 1265 386 1291 infun
398 1270 422 1289 et
444 1262 562 1297 Pompeii
580 1261 662 1288 verba
679 1262 860 1288 iusiurandum
875 1262 1006 1296 adigebat.
1053 1265 1084 1289 Et
1096 1270 1129 1295 30
1139 1261 1265 1288 omnibus
1278 1270 1331 1288 vna
1354 1261 1500 1297 sequendi,
1530 1262 1560 1289 Id
1575 1262 1628 1296 est,
1656 1265 1799 1291 Coniurati
1814 1266 1879 1292 sunt.
1935 1267 2007 1293 Haec
2023 1268 2080 1295 ille.
2116 1269 2197 1295 Caete-

44 1301 71 1328 B.
87 1302 116 1328 C.
136 1309 155 1332 i,
171 1303 206 1334 76
225 1301 315 1328 Prince
333 1309 344 1325 s
357 1299 385 1326 in
401 1298 462 1324 haee
476 1297 556 1325 verba
569 1298 647 1324 iurat.
684 1298 740 1332 Ipse
756 1297 825 1323 idem
835 1297 1082 1325 insiurandumadi-
1139 1307 1194 1325 rum
1215 1297 1316 1323 videtur
1338 1296 1382 1330 effi?
1398 1297 1481 1334 firmo
1501 1299 1645 1334 eclipticus,
1685 1308 1714 1327 vt
1736 1300 1775 1335 stt
1797 1301 1937 1328 Adliciunt
1956 1303 1989 1329 se.
2137 1304 2157 1342 Ἰ]
2178 1314 2198 1338 4

39 1337 80 1373 git
93 1336 243 1363 Afranium.
278 1335 315 1363 Sal
328 1334 373 1361 ust.
394 1335 451 1361 Cat.
465 1343 543 1369 22pr.
563 1333 631 1360 dedit
644 1333 869 1360 exomnibuslibris
883 1334 990 1364 Cor-tius,
1012 1336 1082 1360 Cum
1139 1333 1253 1360 Adicere
1266 1336 1293 1359 in
1306 1333 1380 1359 libris
1403 1336 1518 1370 antiquis
1531 1335 1659 1370 scribitur
1676 1337 1751 1372 Jizepe
1777 1346 1827 1372 pro
1846 1338 1979 1364 Adiicere.
2042 1340 2114 1366 Paul.
2136 1340 2197 1367 inl.

41 1371 74 1399 ad
89 1372 269 1399 iusiurandum
284 1370 415 1406 popularis
430 1370 532 1397 sceleris
548 1370 589 1396 sui
604 1369 728 1403 adigeret.
782 1370 887 1395 Mutata
899 1368 1082 1402 conliricflione
1138 1369 1257 1396 Neceffc.
1294 1369 1326 1395 D.
1341 1368 1373 1395 de
1388 1369 1416 1395 in
1429 1369 1502 1396 diem
1525 1370 1624 1397 addici.
1644 1371 1752 1399 Nece-ise
1772 1380 1860 1400 autern
1879 1374 1989 1401 habebit
2003 1375 2128 1403 venditor
2143 1384 2197 1402 me-

43 1408 103 1436 Liu.
119 1417 162 1440 22,
184 1416 214 1442 37
238 1407 336 1434 Milites
355 1413 415 1433 tunc
429 1420 474 1426 —·
486 1404 657 1432 iureiurando
683 1404 715 1431 ab
734 1404 870 1431 Tribunis
890 1406 1009 1432 militum
1022 1406 1081 1433 ada.
1140 1406 1210 1432 liore
1224 1404 1380 1431 conditione
1393 1405 1488 1438 allata,
1508 1406 1628 1440 priorem
1641 1410 1924 1436 emtorcmcretiorcm
1937 1410 2040 1444 facere,
2061 1418 2090 1438 vt
2103 1412 2195 1447 liquid

43 1443 81 1470 &i
94 1450 138 1470 etc.
192 1443 263 1470 Ideni
284 1443 341 1469 Liu.
364 1450 413 1475 24,
436 1443 464 1468 16
485 1442 584 1468 Citatos
598 1440 710 1475 singulos
725 1440 899 1468 iureiurando
918 1442 1024 1477 adigam
1036 1457 1081 1462 ·--
1095 1450 1123 1476 33
1138 1441 1211 1468 aliud
1226 1440 1324 1472 adicit,
1345 1441 1400 1475 ipse
1414 1450 1522 1476 quoque
1536 1442 1640 1469 adicere
1661 1444 1743 1477 pellit.
1804 1445 1862 1472 Vid.
1879 1447 1938 1472 Ant.
1959 1447 2066 1481 August.
2088 1448 2197 1474 Eniend.

44 1488 99 1506 non
110 1479 187 1508 aliter
202 1487 279 1513 qnam
294 1479 385 1505 stantes
399 1477 488 1503 cibum
501 1478 705 1513 potionemque,
725 1477 813 1510 quoad
834 1477 963 1512 stipendia
984 1478 1083 1505 facient
1138 1486 1165 1510 2,
1179 1486 1200 1509 3,
1237 1479 1280 1513 qui
1289 1478 1367 1512 plura
1383 1477 1498 1503 ICtorum
1512 1478 1565 1503 loca
1577 1478 1636 1504 hinc
1647 1482 1765 1511 illustrat.
1804 1482 1846 1506 Ita
1858 1490 1948 1517 quoque
1963 1483 2050 1508 Poetae
2064 1483 2199 1520 aliquando

43 1521 162 1550 capturos
177 1516 231 1541 css'c.
268 1515 298 1541 Et
311 1514 377 1541 Tac.
394 1514 442 1539 An.
463 1522 488 1546 1,
508 1521 548 1547 37,
562 1523 581 1547 4
607 1512 779 1539 Germanicus
794 1529 844 1533 ——
859 1514 989 1548 Legiones
1002 1515 1083 1541 sacra·
1139 1512 1252 1540 Adicere
1271 1512 1416 1548 dicuntpro
1436 1512 1569 1539 Adiicere.
1625 1514 1666 1540 Sic
1688 1515 1804 1542 Martial.
1826 1525 1859 1549 4,
1880 1524 1912 1550 54
1948 1517 1997 1544 Nil
2018 1518 2099 1545 adicit
2118 1520 2199 1555 penso

43 1557 132 1577 mento
145 1549 236 1584 adigit.
272 1551 303 1576 Et
317 1549 382 1576 Hist.
399 1557 418 1580 1,
431 1551 466 1582 76
486 1549 623 1575 Iudaicum
642 1548 787 1575 exercituin
801 1549 979 1584 Vespafianus,
992 1551 1083 1583 Syriae
1139 1548 1270 1576 Lachesis.
1311 1548 1358 1575 Sil.
1371 1556 1411 1584 17,
1426 1556 1474 1581 529
1496 1548 1613 1576 Audaces
1621 1550 1764 1577 adicitlitie
1779 1560 1892 1587 corpore
1905 1561 2000 1580 motus.
2035 1555 2104 1581 Add.
2125 1557 2200 1582 Paret·

43 1585 158 1620 legiones
176 1584 312 1611 Mucianus
333 1585 491 1610 saci-amento
512 1583 628 1611 Othonis
648 1584 765 1619 adegere.
822 1586 895 1620 Conf.
918 1586 985 1613 Hist.
1000 1595 1025 1619 2,
1039 1594 1082 1621 79.
1140 1584 1316 1612 Lex.Cr1't.h.
1335 1593 1361 1611 υ.

40 1621 71 1646 Et
83 1619 151 1646 Hist.
167 1628 192 1652 2,
205 1625 237 1649 80
263 1620 398 1645 Mucianus
417 1619 528 1646 alacrem
542 1620 656 1647 militem
675 1621 704 1647 in
719 1619 800 1647 vei-ba
820 1621 969 1656 Vespasiani
988 1622 1082 1657 adegit.
1093 1634 1130 1658 40
1176 1626 1422 1648 ADIICIENDV
1431 1626 1466 1646 M.
1492 1619 1602 1653 Qiintst.
1615 1628 1649 1657 7,
1669 1630 1698 1654 3,
1719 1629 1749 1655 ις
1778 1622 1851 1649 Dicit
1864 1623 2016 1651 finitionem
2039 1634 2132 1660 parum
2147 1627 2199 1662 ple*

40 1656 70 1681 Et
84 1654 149 1681 Hist.
162 1665 190 1689 4,
206 1663 229 1687 31
251 1654 380 1689 adigente
396 1655 553 1682 Hordeonio
562 1656 664 1689 Flacco,
677 1664 752 1683 vetus
768 1656 844 1683 miles
857 1657 926 1684 dixit
934 1659 1084 1685 Sacramen-
1140 1665 1211 1685 nam-
1249 1655 1440 1683 Adiiciendum
1454 1656 1526 1682 enim
1541 1664 1586 1682 flc-

39 1698 102 1717 tum.
141 1692 170 1717 In
182 1690 293 1717 omnibus
304 1691 367 1726 hisee
375 1691 497 1726 formulis
517 1692 546 1718 de
561 1702 586 1719 eo
599 1692 758 1719 iureiurando
766 1692 848 1728 firmo
862 1691 905 1726 est,
943 1694 991 1721 uod
1012 1694 1084 1721 hodie
1175 1700 1198 1719 A
1207 1699 1225 1719 D
1235 1700 1245 1718 Ι
1254 1699 1270 1719 E
1280 1699 1296 1719 C
1306 1699 1327 1719 T
1338 1700 1357 1719 V
1366 1700 1379 1719 S
1388 1712 1396 1724 ,
1416 1692 1511 1718 Panic-
1537 1693 1767 1727 [ἐπιβεβλημένος]
1782 1693 1847 1720 Plin.
1858 1700 1917 1728 183.
1954 1697 1992 1722 M.
2002 1697 2111 1732 quidem
2120 1699 2200 1726 Curii

38 1728 112 1763 vulgo
126 1725 280 1761 homagium
309 1733 407 1753 vocant.
601 1725 622 1766 fl
653 1737 671 1762 4
699 1728 829 1761 Adaxint,
860 1729 890 1755 1d
904 1739 917 1756 e
950 1750 959 1762 ,
984 1730 1084 1765 Adege-
1140 1728 1197 1764 post
1209 1727 1361 1762 triumphos
1382 1728 1595 1762 immensumque
1613 1734 1745 1755 terrarum
1761 1729 1894 1757 adiectum
1910 1732 2041 1766 imperio,
2061 1741 2124 1761 nota
2138 1744 2199 1761 con.

38 1762 100 1789 rint.
136 1761 200 1788 lsest.
229 1761 358 1794 Adaxint‚
379 1761 500 1797 Adigant.
521 1763 601 1790 Plaut.
621 1764 650 1790 in
668 1764 756 1790 Aulul.
780 1773 805 1797 i,
827 1773 853 1797 1,
877 1774 898 1792 11
918 1767 1027 1793 Vtinam
1041 1776 1084 1793 me
1140 1765 1184 1791 cio
1198 1764 1250 1797 est,
1277 1764 1457 1798 perniciosum
1477 1763 1594 1797 intelligi
1616 1763 1717 1796 ciuem,
1752 1766 1795 1791 cui
1814 1766 1914 1800 septem
1933 1769 2025 1802 iugera
2045 1779 2099 1796 non
2119 1771 2198 1797 essent

40 1797 98 1832 diui
112 1797 218 1825 adaxint
235 1797 266 1824 ad
303 1798 478 1832 suspendium.
1094 1812 1127 1838 45
1140 1801 1209 1827 satis.
1265 1799 1373 1825 Adieffl
1392 1798 1514 1824 Britanni
1535 1799 1650 1832 imperio
1671 1800 1738 1824 Hor.
1758 1800 1846 1832 Od.3,
1866 1810 1902 1833 53.
1946 1804 2067 1831 Calabris
2087 1806 2198 1832 saltibus

74 1841 96 1860 Α
106 1839 266 1866 DIGENS,
285 1833 394 1860 vidimus
407 1834 475 1860 modo
488 1844 516 1861 ex
528 1834 597 1861 Tac.
617 1835 686 1862 Hist.
701 1845 729 1870 4,
744 1845 776 1868 31.
1140 1835 1240 1863 adieeti
1260 1835 1362 1861 Lucani
1401 1833 1441 1859 Id.
1461 1834 1507 1866 Ep.
1526 1841 1559 1864 2,
1571 1841 1604 1864 2,
1618 1837 1670 1866 178.
1714 1832 1826 1860 Adie&a
1841 1835 1991 1869 ignominia
2011 1840 2068 1873 post
2081 1848 2199 1870 mortem

76 1875 239 1896 ADACTV
249 1876 270 1896 S.
290 1870 382 1896 Partic.
403 1870 564 1905 [slwnnxfl'st'g
575 1871 686 1905 βαθεῖς]
714 1873 746 1898 Vi
758 1872 884 1908 ίηιριιῌῗσ.
921 1873 987 1900 Plin.
1003 1881 1040 1908 17,
1048 1881 1083 1907 27
1140 1870 1272 1904 Qlifldffil·
1287 1877 1310 1900 3⁵
1325 1876 1352 1902 7·
1427 1900 1436 1909 Α

8 1902 9 1915 ³
38 1905 56 1930 s.
71 1913 103 1938 43
114 1904 237 1931 Erobore
249 1915 332 1932 cuneo
346 1905 447 1931 adac'lo.
485 1907 516 1933 Et
529 1908 566 1938 16,
582 1916 618 1938 40
631 1907 648 1932 s.
664 1915 698 1940 79
718 1907 817 1933 AdaGta
831 1909 859 1933 in
873 1914 970 1933 terram
991 1908 1020 1933 in
1039 1917 1083 1941 pa-
1175 1911 1225 1930 AD
1234 1911 1243 1929 1
1253 1911 1270 1930 E
1279 1910 1296 1930 C
1305 1910 1326 1929 Τ
1336 1909 1396 1934 VS,
1423 1911 1462 1928 us·
1489 1903 1502 1936 [
1510 1901 1661 1942 ἕπῖβλημᾳ]
1692 1901 1776 1942 Astu-s
1787 1904 1925 1932 adjiciendi
1949 1908 2036 1935 Viti-u.
2051 1919 2078 1942 9,
2091 1920 2108 1942 9
2144 1912 2197 1938 Cu-

8 1955 9 1962 .
37 1939 160 1968 lusti-ibus
177 1940 298 1974 aeterna,
323 1941 466 1975 onerisque
485 1941 646 1975 quantilibet
666 1942 776 1974 patiens.
832 1942 906 1975 Virg.
927 1943 990 1967 Aen.
998 1950 1024 1974 9,
1039 1950 1082 1974 431
1139 1948 1254 1965 neotum
1273 1937 1408 1969 adieeius,
1435 1943 1480 1962 aut
1494 1943 1615 1976 exemtus⁵
1627 1947 1656 1963 in
1670 1937 1776 1971 lingulis
1791 1939 1884 1966 diebus
1897 1948 1942 1967 aut
1964 1944 2102 1971 mensibus.
2145 1947 2197 1973 Lu-

7 1978 9 1986 ⁴
37 1993 48 1998 -
66 1993 76 1999 -
93 1993 103 1998 -
122 1976 164 2003 sed
177 1977 282 2003 viribus
295 1977 360 2002 enlis
374 1976 480 2002 adactus
515 1976 692 2009 Transadigit
704 1976 793 2001 costas.
828 1976 894 2002 Plin.
911 1985 951 2009 ις,
971 1986 986 2003 2
1008 1977 1083 2002 Dixit
1094 1986 1125 2010 50
1140 1981 1203 2000 eret.
1218 1983 1238 2005 i,
1251 1976 1301 2004 689
1319 1987 1364 1991 -
1383 1980 1470 2004 neque
1487 1972 1546 1996 sunt
1561 1980 1617 2005 igni
1632 1972 1763 1999 simulata:
1790 1982 1876 2009 neque
1890 1976 1959 2001 vllae
1996 1979 2134 2007 Praeterea
2145 1982 2197 2016 rei,

8 2014 9 2028 ³
38 2012 215 2044 Democritus,
234 2011 348 2038 credidit
359 2009 573 2044 TheoplirastuS,
590 2011 638 2036 else
653 2010 772 2043 herbam,
795 2012 869 2037 cuius
884 2012 1004 2036 contactu
1026 2012 1082 2035 illa·
1140 2016 1207 2041 quae
1227 2015 1340 2040 corpora
1359 2006 1468 2031 mittere
1486 2006 1561 2040 possit
1596 2007 1731 2034 Sentibus:
1762 2014 1788 2035 et
1801 2012 1904 2037 nostros
1917 2011 2023 2040 adieehi
2038 2021 2146 2050 tangere
2159 2024 2196 2045 ta-

37 2054 79 2075 tae
90 2047 123 2075 ab
141 2047 204 2074 alite
217 2055 297 2081 quani
319 2046 473 2077 retulimus,
496 2045 602 2072 exiliret
621 2055 716 2071 cuneus
729 2055 743 2070 a
757 2045 904 2077 pastoribus
918 2044 1010 2069 arbori
1024 2043 1082 2068 ada·
1139 2042 1213 2073 (stus,
1234 2044 1252 2067 i.
1266 2040 1379 2076 appulsu,
1400 2040 1548 2082 qdmotione.

38 2083 103 2110 fiius.
158 2083 274 2117 Propert.
296 2091 323 2115 3,
344 2090 386 2113 21,
406 2091 434 2114 ¹4
458 2083 488 2106 In
506 2081 601 2106 faciem
620 2087 715 2112 prorae
733 2079 810 2112 pinus
830 2076 922 2104 adadta
941 2087 1044 2110 nouae,
1063 2081 1082 2104 i.
1174 2083 1390 2108 ADIECTIO,
1408 2085 1476 2103 onis.
1495 2077 1515 2103 f.
1535 2077 1690 2113 [προσβολὴ
1710 2089 1728 2105 π
1744 2078 1835 2114 όᾶεσις]
1855 2082 1962 2115 Vitruu.
1971 2093 1997 2117 9,
2011 2094 2028 2118 9
2045 2087 2091 2113 Sin
2104 2095 2194 2117 autem

39 2122 111 2154 Argo
130 2121 211 2144 „am-5,
265 2118 325 2143 Stat.
340 2116 429 2143 Theb,
448 2123 468 2145 1,
483 2122 508 2145 ¹9
1139 2120 1286 2139 cuneorum
1307 2111 1504 2139 adiectionibus
1523 2120 1549 2140 et
1569 2113 1730 2141 detra6fioni
1751 2124 1780 2142 us
1807 2119 1990 2154 correptiones
2016 2121 2123 2151 dierum
2151 2132 2196 2153 aut

127 2173 131 2177 .
193 2169 202 2174 -
223 2168 232 2173 -
251 2168 260 2172 -
280 2152 354 2176 limes
370 2149 437 2175 inihi
451 2148 575 2174 carminis
592 2147 647 2174 esto
1096 2157 1125 2184 53
1141 2148 1302 2175 crescentiae
1320 2156 1375 2175 non
1388 2148 1590 2183 probabuntur,
1612 2155 1661 2176 etc.
1718 2151 1800 2179 Calor
1815 2162 1869 2180 non
1889 2155 2032 2184 adiuuatui·
2045 2158 2197 2189 adiectione

139 2185 292 2220 Oedipodae
305 2185 411 2211 confusa
425 2183 533 2210 domus:
558 2183 664 2218 quando
680 2182 744 2210 Itala
765 2183 884 2212 nondum
1139 2184 1236 2211 caloris
1254 2184 1312 2210 Sen.
1327 2185 1373 2220 Ep.
1390 2193 1445 2218 109.
1483 2185 1629 2213 Illiberalis
1643 2185 1760 2214 adieetio
1775 2188 1835 2215 Liu.
1849 2195 1887 2223 38,
1902 2199 1935 2225 ις.
1973 2193 2057 2221 Nulla
2065 2195 2195 2225 ἃάὶεᾶῑο-

139 2222 225 2256 Signa‚
245 2230 293 2247 nec
305 2220 418 2247 Arc‘toos
431 2218 511 2246 aulim
524 2220 627 2253 sperare
647 2218 797 2254 triumphos
806 2240 814 2252 ,
1136 2229 1171 2247 ne
1185 2220 1421 2255 diininutioneque
1441 2221 1511 2248 sach
1525 2222 1542 2248 l.
1558 2230 1589 2256 ¹4
1603 2222 1634 2249 D.
1648 2231 1687 2257 pr.
1703 2222 1736 2249 de
1754 2224 1861 2260 Except.
1875 2227 1916 2254 rei
1936 2228 1993 2255 iud.
2055 2232 2125 2258 Add,
2146 2233 2164 2260 1,
2177 2236 2196 2261 6

143 2257 238 2292 Bisque
246 2257 310 2291 iugo
323 2256 454 2288 Rhenum,
467 2255 508 2281 bis
522 2254 753 2290 adactumlegibus
762 2255 866 2282 Istrum.
884 2257 904 2296 i.
911 2254 1080 2293 ficbiiigatum.
1136 2254 1160 2294 ᾗ.
1176 2265 1186 2283 1
1205 2257 1237 2283 D.
1251 2255 1283 2283 de
1298 2256 1382 2283 Pecul.
1398 2257 1448 2291 leg.
1504 2258 1696 2285 Molitionibus
1715 2261 1793 2286 nouis
1806 2262 1911 2297 aliquot
1930 2263 2026 2298 pedum
2040 2267 2109 2294 vltra
2122 2269 2194 2296 aedi.

8 2321 9 2330 ¹
37 2292 140 2320 Lucret.
155 2302 178 2326 3,
191 2301 236 2328 ¹72
255 2293 302 2319 Vis
315 2291 425 2318 hori-ida
437 2290 594 2318 teliOssibus
607 2300 636 2318 ac
656 2292 745 2318 neruis
768 2291 881 2318 disclusis
896 2298 967 2318 intus
981 2292 1080 2320 ada&a.
1139 2293 1202 2320 ficia
1214 2292 1394 2320 adiectionem
1408 2293 1565 2328 permittere
1577 2294 1724 2326 Symniach.
1745 2298 1762 2322 6
1774 2297 1820 2331 Ep.
1834 2306 1859 2331 9.
1913 2299 1963 2326 Res
1984 2301 2104 2330 Romana
2122 2305 2193 2335 adie-

39 2329 141 2355 Lucret.
155 2337 178 2362 ς,
201 2337 265 2362 ¹224
285 2329 328 2355 Ne
340 2327 412 2363 quod
425 2327 460 2354 ob
477 2326 613 2353 admiffum
625 2327 713 2360 foede,
735 2327 871 2354 dictumue
891 2327 1002 2362 superbe
1018 2330 1082 2356 Poe·
1091 2329 1127 2355 60
1139 2328 1229 2355 &ione
1241 2329 1335 2363 populi
1347 2328 1445 2356 Albani
1459 2329 1536 2356 aneta
1555 2329 1616 2356 Liu.
1633 2339 1654 2363 1,
1668 2339 1709 2362 30.
1746 2332 1837 2359 Tacit.
1848 2334 1916 2361 Hist.
1926 2341 1997 2371 578,
2013 2346 2022 2364 i
2042 2339 2192 2374 Hispalien-

8 2368 9 2373 ¹
38 2372 131 2391 narum
143 2373 223 2399 graue
235 2363 265 2391 sit
277 2364 397 2391 soluendi
411 2369 511 2398 teinpus
524 2362 645 2389 adacium
659 2367 676 2390 i.
684 2363 819 2390 aduena—st.
856 2363 986 2396 Quinctil.
1001 2372 1061 2400 7,2,
1068 2374 1081 2398 3
1139 2364 1208 2391 fibus
1229 2371 1255 2392 et
1275 2364 1481 2392 Emeritenfibus
1502 2365 1669 2393 familiarum
1689 2367 1853 2396 adiectiones
1871 2370 1945 2398 dono
1959 2372 2041 2400 dedit.
2100 2378 2193 2413 Nempe.

8 2398 9 2409 ¹
40 2400 129 2435 Qiare
143 2400 175 2427 ad
188 2400 304 2427 Troiam
320 2400 596 2439 qu'mquaginta'reges
615 2400 817 2434 nauigaucrint,
836 2399 1009 2426 iureiurando
1024 2401 1083 2427 ada·
1137 2407 1193 2428 erat
1202 2408 1286 2428 certus
1304 2404 1332 2427 in
1349 2402 1454 2427 coloniis
1467 2401 1632 2437 familiarum
1653 2412 1782 2437 numerus,
1802 2409 1844 2432 cui
1863 2406 1954 2441 iniqffu
1967 2409 2071 2436 Senatus
2083 2412 2193 2440 adiicere

8 2454 9 2459 .
41 2435 88 2468 δή,
106 2443 139 2462 an
156 2435 277 2470 exemplo
298 2436 382 2468 moti,
401 2444 434 2462 an
452 2435 626 2470 gratificantes
648 2435 766 2462 Atridis?
820 2432 922 2462 Vulnus
934 2436 986 2462 alte
1006 2437 1082 2472 Virg.
1137 2445 1187 2463 non
1199 2437 1297 2463 licebat.
1354 2437 1449 2463 Liuius
1466 2446 1514 2470 43,
1537 2446 1565 2470 19
1603 2438 1797 2467 postulantibus
1820 2452 1835 2467 a
1855 2443 1945 2469 Senatu
1980 2445 2193 2480 Aquileiensium

42 2472 104 2497 Aen.
117 2479 154 2504 10,
167 2477 213 2504 830
233 2471 262 2498 id
270 2470 302 2506 .st
319 2474 366 2498 Pro
384 2471 444 2498 unde
456 2470 602 2506 impreffizm.
654 2474 661 2480 ‘
1137 2472 1246 2507 legatis,
1273 2478 1303 2500 vt
1314 2481 1456 2500 numerum
1475 2473 1634 2501 colonorum
1649 2481 1772 2509 augeret,
1798 2477 1836 2503 M.
1852 2484 1878 2504 et
1892 2479 1924 2505 D.
1939 2479 2060 2509 familiae
2075 2492 2106 2510 ex
2122 2484 2145 2510 S.
2160 2485 2183 2512 C

77 2513 275 2540 ADAC'rio,
294 2507 350 2540 [βιοῖ
367 2510 423 2541 oms]
440 2505 521 2534 Aeliu·
534 2506 654 2543 adigendz‘
672 2507 731 2533 Liu.
741 2515 784 2540 22,
792 2512 820 2540 38
839 2508 862 2534 A
877 2505 993 2534 tribunis
1006 2507 1039 2534 ad
1046 2507 1082 2534 le·
1091 2514 1123 2546 6,-
1138 2508 1257 2543 scriptae.
1295 2509 1353 2535 Vet.
1368 2508 1448 2535 Inscr.
1467 2508 1574 2535 Tribus
1596 2518 1690 2537 xxxv.
1705 2511 1777 2545 quod
1796 2511 1958 2541 liberalitate
1977 2518 2075 2551 optimi
2094 2506 2193 2555 princi:

39 2542 159 2577 gitimam
174 2542 346 2571 iurisiurandi
359 2543 523 2570 adaCtionem
535 2542 697 2569 translatum.
1138 2545 1177 2579 pis
1199 2543 1340 2571 commoda
1358 2553 1450 2571 earum
1467 2544 1589 2571 locorum
1609 2545 1760 2573 adieffione
1779 2549 1905 2583 ampliata
1923 2552 1990 2578 sunt.
2132 2554 2153 2594 ff
2174 2565 2190 2584 2

78 2585 100 2604 Α
111 2585 129 2605 n
139 2586 161 2605 Α
171 2585 216 2606 CT
225 2585 284 2612 vs,
301 2578 339 2605 us.
359 2588 394 2605 m.
415 2579 495 2605 Idem.
516 2579 619 2605 Lucret.
634 2586 657 2612 ς,
672 2587 733 2611 1329
766 2579 836 2605 Nam
850 2580 996 2607 transuersa
1010 2579 1082 2607 feros
1138 2579 1280 2612 Adiectio,
1301 2581 1490 2617 Iuriscorisialtir
1504 2581 1599 2608 dicitur
1612 2583 1705 2610 Melior
1717 2583 1799 2610 oblata
1811 2585 1922 2613 conditio
1936 2590 1964 2613 in
1972 2591 2071 2623 pretio,
2090 2601 2151 2627 quae
2162 2596 2193 2620 in

43 2612 150 2641 exibant
163 2613 248 2640 dentis
260 2613 365 2641 adadhis
378 2616 497 2641 Iumenta
516 2617 533 2640 i.
546 2614 680 2641 euitabant.
1137 2614 1333 2647 uddiHionibus,
1351 2623 1376 2643 et
1387 2615 1545 2644 aufflmzibus
1552 2618 1696 2653 plerumque
1707 2620 1784 2646 locum
1798 2620 1878 2647 habet.
1929 2623 2097 2653 Adiecfflonss
2110 2635 2191 2661 autem

82 2646 260 2690 ADliCio,
279 2649 336 2681 eci,
356 2649 458 2691 cetum,
488 2651 532 2675 ere
557 2650 721 2690 [f'm'ss‘ffimfflv
738 2649 884 2683 ἐπιβάλλω,
910 2650 1081 2686 πρυ-βάλλω]
1136 2659 1161 2678 et
1180 2651 1348 2679 Addicffionis
1370 2655 1449 2689 (quae
1467 2653 1544 2679 verba
1562 2663 1610 2680 non
1622 2660 1714 2688 parum
1733 2655 1881 2691 frequenter
1904 2661 1930 2684 irz
1949 2661 2095 2695 quibusdam
2115 2664 2191 2691 libri,-

43 2689 144 2718 proprie
162 2682 196 2717 est
215 2685 303 2724 Iacere
311 2683 347 2725 'ad
367 2684 464 2720 aliquid
480 2691 510 2725 γε
523 2684 645 2712 Adiicere
666 2686 726 2712 tela.
764 2686 836 2726 Caes.
858 2686 921 2713 Bell.
936 2686 1002 2713 Gall.
1016 2696 1043 2728 3,
1056 2696 1080 2720 13
1090 2698 1126 2726 70
1137 2691 1217 2724 inepte
1229 2688 1438 2730 confunduntur)
1458 2698 1486 2715 ea
1497 2687 1531 2722 qsl'
1542 2689 1704 2730 differentia,¹
1720 2697 1748 2717 vt
1763 2701 1816 2717 cum
1830 2696 1857 2718 ln
1871 2693 1942 2721 diem
1956 2696 2075 2725 addic‘iio
2089 2700 2190 2736 itafiat.

45 2719 78 2745 Vt
91 2727 177 2754 neque
190 2727 221 2745 ex
237 2720 367 2746 inferiore
379 2720 439 2747 loco
452 2721 511 2748 satis
525 2721 662 2748 commode
676 2722 727 2748 tela
740 2722 821 2749 adiici
835 2723 948 2757 possent,
968 2729 994 2749 et
1007 2724 1081 2750 iniffa
1136 2724 1185 2751 Ille
1198 2724 1295 2751 fundus
1309 2724 1364 2751 esto
1379 2724 1432 2751 tibi
1446 2731 1531 2752 emtus
1544 2731 1659 2758 centum,
1677 2726 1725 2752 nifi
1734 2726 1752 2753 si
1762 2728 1821 2762 quis
1835 2729 1904 2756 intra
1919 2731 1998 2759 illum
2007 2732 2078 2761 diem
2091 2736 2187 2763 melio-

9 2763 10 2766 *
41 2763 56 2780 a
76 2755 158 2781 Gallis
172 2756 277 2790 grauius
291 2755 445 2782 acciderent.
499 2757 602 2793 Nempe
615 2757 737 2785 Adiicere
750 2758 832 2785 telum
852 2756 886 2791 est*
900 2762 937 2785 ita
950 2762 1038 2792 iacere,
1051 2766 1082 2786 vt
1135 2769 1192 2787 reni
1207 2760 1392 2787 conditionem
1405 2761 1539 2787 attulerit:
1551 2759 1577 2795 fi
1589 2765 1633 2797 qui
1643 2761 1822 2790 adieefionem
1835 2765 1870 2791 ari
1874 2770 1985 2801 pretium
2014 2774 2104 2803 ecerit,
2124 2779 2148 2798 et
2161 2771 2191 2798 id

42 2789 75 2817 ad
87 2799 138 2831 euni
151 2792 240 2822 locum,
264 2801 331 2828 quem
345 2793 466 2819 iaculator
473 2795 555 2828 petit,
570 2797 710 2830 perueniat.
765 2795 835 2821 Caes.
851 2794 915 2821 Bell.
930 2795 998 2821 Gall.
1013 2804 1039 2828 2,
1053 2804 1079 2822 21
1134 2799 1173 2824 rei
1185 2796 1282 2823 domino
1291 2798 1431 2832 placuerit,
1454 2796 1555 2823 addicet
1574 2801 1596 2823 ei
1608 2807 1674 2824 rem:
1694 2797 1721 2832 fi
1734 2809 1800 2826 nemo
1813 2800 1949 2834 adiecerit,
1971 2807 1982 2830 i
2001 2808 2012 2831 i
2023 2808 2051 2831 in
2065 2806 2129 2834 diem
2142 2817 2189 2834 em-

43 2827 82 2853 Εῑχ
93 2834 156 2867 quia
173 2835 228 2853 non
240 2827 351 2868 *longius
370 2827 455 2855 hostes
475 2828 599 2863 aberant,
629 2839 708 2865 quani
728 2839 783 2867 quo
805 2830 887 2857 telum
901 2830 981 2857 adiici
994 2830 1078 2866 possit,
1134 2835 1187 2859 tori
1200 2831 1312 2859 addistio
1319 2830 1400 2869 facia
1412 2831 1530 2867 consistit.
1588 2833 1656 2860 Idem
1669 2833 1870 2863 1'nauc‘l’ionimis.
1907 2839 1966 2874 le.
1981 2840 2009 2867 in
2022 2841 2039 2868 l.
2077 2842 2130 2869 Vbi
2142 2853 2187 2870 au-

43 2863 139 2903 praelii
149 2863 332 2890 committendi
347 2864 446 2899 lignum
461 2865 542 2892 dedit.
603 2866 676 2894 Idem
689 2876 716 2900 4,
731 2876 758 2899 23
794 2868 881 2901 Atque
894 2867 931 2894 ita
943 2867 1079 2894 montibus
1091 2875 1124 2904 75
1135 2874 1197 2895 tem.
1232 2866 1353 2906 §.Idem
1366 2868 1494 2895 Iulianus.
1530 2869 1561 2896 D.
1581 2868 1613 2896 de
1629 2870 1658 2896 in
1671 2869 1742 2897 diem
1756 2871 1853 2899 addici.
1890 2874 1963 2901 Idem
1976 2877 2095 2904 Iulianus
2114 2878 2188 2905 libro

42 2898 154 2939 ang-ustis
172 2907 244 2926 mare
263 2900 462 2933 continebatur,
488 2907 517 2928 vt
536 2910 567 2929 ex
586 2901 652 2929 locis
672 2902 852 2938 superioribus
873 2902 955 2930 telum
968 2904 997 2930 in
1015 2904 1079 2930 litus
1135 2905 1338 2940 quintodecimo
1352 2905 1474 2940 quaerit,
1493 2904 1512 2932 fi
1525 2914 1566 2931 res
1580 2906 1609 2931 in
1623 2905 1695 2932 diem
1708 2906 1813 2934 addicta
1827 2909 2010 2943 interciderit,
2030 2913 2073 2939 vel
2089 2915 2187 2941 ancilla

41 2934 120 2975 adiici
133 2935 220 2970 posset.
275 2936 357 2964 Corn.
371 2936 437 2963 Cels.
453 2945 479 2972 7,
493 2945 528 2973 27
562 2937 688 2974 Idemque
701 2940 798 2966 humor
811 2938 918 2971 clystere
931 2940 1000 2967 intus
1013 2940 1081 2967 adii·
1133 2941 1279 2968 decesserit:
1304 2949 1337 2967 an
1352 2947 1440 2975 partus
1455 2941 1499 2967 vel
1517 2941 1619 2968 fruetus
1638 2942 1696 2968 eius
1717 2944 1827 2969 nomine
1844 2944 1963 2972 adiectio
1976 2947 2081 2974 admitti
2093 2950 2186 2984 ponit?

43 2977 135 2998 cietur.
191 2969 238 2998 Sed
256 2971 298 2998 hic
315 2975 342 2998 i'n
361 2974 393 2999 al.
411 2974 517 3009 legitur,
544 2973 672 3009 Adigetur
692 2976 812 3010 Morgag.
860 2976 905 3011 Ep.
918 2984 931 3008 3
962 2979 990 3002 in
1016 2976 1077 3013 Cels]
1133 2983 1160 3004 et
1172 2982 1250 3012 negat
1264 2976 1457 3004 admittendam
1470 2976 1661 3004 adiectionem:
1683 2979 1747 3013 quia
1759 2979 1867 3006 alterius
1881 2981 1931 3013 rei,
1952 2991 2031 3016 quam
2047 2985 2103 3011 eius
2117 2994 2185 3020 quae

44 3005 272 3047 Caemfhlmne
279 3015 357 3044 prope
371 3009 468 3035 verbum
477 3007 511 3042 est
524 3012 551 3035 in
559 3010 742 3038 medicamentis
751 3032 757 3042 ‚
777 3011 894 3046 elbisque,
908 3021 1009 3048 quorum
1015 3020 1077 3048 par·
1134 3012 1257 3040 distra&a
1271 3013 1325 3045 est,
1343 3022 1398 3040 non
1410 3013 1478 3040 solet
1491 3013 1609 3040 adieetio
1622 3014 1738 3040 admitti.
1793 3016 1847 3051 ‚Quo
1857 3017 1907 3043 Ioco
1913 3016 1940 3051 st
1952 3018 2080 3046 Addietio
2090 3021 2186 3056 scribe-

44 3047 81 3067 tes
92 3040 311 3075 adiicirubentur,
330 3043 454 3070 interdum
465 3047 539 3071 etiam
549 3049 660 3081 primae,
684 3055 741 3073 ante
756 3057 817 3083 quas
828 3047 895 3074 nihi!
913 3057 938 3075 υ.
949 3057 974 3085 g.
989 3051 1016 3074 in
1028 3050 1077 3075 olla
1087 3057 1120 3082 80
1132 3056 1217 3081 retur,
1242 3055 1273 3076 vt
1285 3048 1386 3086 quidam
1404 3051 1506 3081 volunt,
1530 3052 1629 3085 ineptus
1649 3051 1674 3075 V
1671 3051 1772 3085 lpianur
1778 3052 1860 3086 foret.
1917 3054 1988 3080 Haec
2001 3055 2062 3082 Ant.
2075 3057 2184 3092 August,

44 3073 93 3110 est,
113 3083 142 3102 vt
159 3076 188 3102 de
207 3078 278 3105 verbo
298 3078 401 3120 Addere
420 3080 608 3121 ossei-uouimus.
656 3083 719 3120 ἰῆς.
734 3083 794 3110 Col.
810 3091 843 3115 ¹2,
859 3092 893 3116 12,
909 3093 921 3116 3
957 3085 1077 3111 Sextario
1132 3084 1242 3112 Emend.
1256 3094 1282 3118 2,
1296 3093 1318 3118 3.
1481 3084 1501 3123 q
1522 3094 1534 3118 3
1555 3084 1726 3112 Adieffiones
1742 3087 1900 3114 Iustinianus
1920 3087 1944 3125 ᾗ.
1968 3090 2015 3117 vlt.
2030 3091 2062 3117 de
2076 3085 2197 3120 Successs¹

43 3119 125 3147 aquae
137 3111 290 3152 dodrantem
302 3115 391 3144 mellis
402 3116 539 3144 adiiciunt.
577 3120 608 3145 Et
618 3127 655 3152 12,
669 3122 708 3152 16,
722 3128 734 3151 3
776 3120 806 3145 In
826 3118 935 3146 lixiuiae
951 3121 1077 3148 sextarios
1133 3121 1222 3148 libert.
1240 3124 1351 3157 accipere
1363 3120 1467 3148 videtur
1475 3129 1525 3157 pro
1540 3121 1628 3148 Modis
1642 3125 1770 3148 ciuitatem
1785 3125 1919 3149 Romanam
1932 3131 1957 3150 et
1968 3128 2008 3152 ius
2014 3127 2134 3163 familiae
2147 3129 2186 3165 as:

45 3147 134 3174 decem
151 3148 213 3188 satis
233 3153 284 3176 tres
302 3151 407 3192 cyathos
425 3167 478 3173 -—
498 3153 635 3181 adiiciant.
691 3157 722 3182 In
743 3157 839 3190 primis
864 3164 903 3188 12,
925 3158 963 3189 16,
977 3166 995 3190 4
1018 3157 1078 3184 Sor·
1127 3156 1249 3195 fiquendi
1268 3157 1373 3184 Alciato
1387 3166 1488 3193 parerg.
1504 3166 1524 3190 1,
1540 3166 1577 3192 17.
1641 3157 1698 3184 Vid.
1713 3161 1786 3185 etiam
1801 3159 1890 3185 Cuiac.
1903 3159 1966 3187 Obs.
1978 3168 2013 3195 18,
2027 3172 2066 3190 21.
2102 3166 2184 3193 Verba

44 3182 78 3210 ba
91 3197 136 3203 ——-
149 3192 177 3226 in
190 3184 308 3227 vrceolos
321 3194 418 3220 picatos
431 3188 558 3222 adiicito,
587 3191 631 3216 vbi
643 3200 717 3226 neque
733 3190 861 3225 praecedit
881 3191 1019 3228 quidquam,
1038 3202 1078 3219 ne-
1133 3193 1189 3230 ipsa
1198 3200 1337 3229 ponamus,
1371 3193 1540 3227 Qiibusdam
1559 3193 1756 3220 adieetionibus
1776 3195 1841 3228 ipsas
1855 3195 1927 3228 vias,
1953 3207 2020 3232 quae
2033 3198 2066 3226 ad
2081 3200 2184 3228 Latini-

44 3228 89 3255 que
95 3219 219 3255 stqurtur.
273 3221 314 3248 Sic
326 3229 353 3248 12
363 3242 372 3255 ,
385 3231 428 3256 43,
442 3232 462 3256 3.
483 3225 530 3264 *Et
538 3226 599 3252 Pall.
614 3227 686 3255 Non.
700 3235 743 3258 22,
760 3234 773 3259 ς
791 3226 868 3253 Ollae
883 3227 976 3255 adiicis
990 3228 1077 3256 mellis
1090 3235 1118 3263 83
1132 3236 1214 3256 tatem
1220 3228 1365 3262 ducebant,
1383 3229 1416 3256 ad
1425 3230 1562 3256 ciuitatem
1576 3230 1606 3256 R.
1615 3229 1767 3265 capiendam
1775 3232 1990 3265 transposuimus.
2009 3235 2109 3271 Sensum
2116 3244 2182 3264 certe

44 3261 128 3290 partes
141 3255 203 3281 duas
217 3261 265 3282 etc.
294 3263 318 3282 et
334 3257 383 3284 s.6
398 3259 467 3299 §luas
481 3269 510 3287 in
522 3262 582 3288 vase
593 3262 686 3289 adiicis
701 3272 761 3289 cum
781 3269 827 3288 etc.
884 3264 931 3291 Sed
948 3273 991 3298 12,
1005 3274 1047 3298 21,
1067 3274 1077 3292 1
1133 3267 1326 3292 Grammaticum
1338 3272 1363 3291 et
1379 3267 1517 3302 generalem
1528 3268 1621 3292 retinet
1644 3266 1798 3296 vocabulum,
1825 3266 1947 3303 quidquid
1957 3272 2033 3297 etiam
2038 3272 2091 3307 fit,
2118 3273 2185 3309 quod

45 3289 129 3334 Potest
139 3290 284 3331 'dest-utum
303 3291 384 3335 adiici
397 3303 425 3320 in
437 3295 537 3323 vinum.
590 3298 659 3325 Add.
674 3307 711 3330 12,
726 3306 768 3331 54,
782 3307 799 3331 4
811 3304 860 3325 etc.
896 3300 984 3336 Paffim
999 3304 1036 3328 ita
1044 3302 1079 3328 lo-
1132 3301 1254 3329 adiecisse
1262 3301 1290 3337 J}
1304 3303 1343 3328 ait
1348 3301 1520 3337 superioribus
1532 3301 1640 3338 legibus,
1665 3302 1812 3335 Imperator.

44 3336 85 3389 qui
91 3326 269 3367 Scribonium,
289 3328 380 3354 Rhodii
396 3330 499 3357 Lexicon
511 3332 587 3359 docet.
626 3336 752 3360 Nimirum
765 3336 830 3360 alias
848 3337 920 3362 etiam
1033 3334 1079 3400 qr.
1171 3344 1192 3364 Α
1201 3344 1220 3364 D
1229 3344 1239 3363 1
1248 3343 1408 3365 ECTAME
1417 3345 1470 3365 NT
1479 3345 1550 3370 VM,
1575 3338 1593 3364 i.
1613 3347 1638 3363 n.
1670 3334 1788 3363 Adieflio
1810 3338 1828 3364 s.
1841 3339 1959 3375 Acceffio·
1981 3341 2000 3369 l.
2019 3351 2073 3376 242
2093 3344 2125 3370 D.
2147 3343 2181 3371 de

61 3369 116 3398 nepe
132 3362 246 3389 adiicere
259 3361 293 3403 5st
305 3363 403 3405 addet-2³3
440 3365 499 3393 Liu.
511 3376 535 3394 2.
585 3369 736 3396 Adiiciebat
756 3370 818 3396 huic
837 3372 940 3399 muneri
958 3373 1015 3408 agri
1033 3382 1047 3399 a
1060 3373 1080 3400 'i-
1134 3374 1166 3401 V.
1179 3373 1204 3400 S.
1224 3373 1325 3400 Arteno
1337 3373 1421 3408 magis
1440 3373 1635 3401 adie&amento
1648 3380 1726 3406 quam
1746 3381 1804 3407 pars
1817 3375 1892 3401 nauis
1901 3370 1949 3402 est.

45 3404 177 3433 quantum·
217 3434 222 3439 ι
233 3398 289 3425 ΕΚ·
303 3399 336 3425 de
350 3399 424 3426 Petit.
447 3400 552 3430 Consul·
605 3405 670 3433 Non
680 3413 708 3432 vt
721 3405 823 3441 aliquid
843 3415 874 3433 ex
887 3407 919 3434 iis
936 3409 1001 3435 noui
1015 3409 1081 3436 adii·
1088 3419 1124 3444 90
1172 3416 1222 3436 AD
1232 3417 1242 3436 1
1251 3416 1322 3436 ECT
1331 3416 1371 3436 1V
1382 3416 1402 3436 v
1411 3417 1441 3442 S,
1465 3418 1496 3442 a,
1514 3419 1568 3436 um.
1588 3410 1602 3443 [
1609 3408 1734 3441 ἒπίθετος]
1755 3411 1850 3436 Nomen
1861 3410 1954 3447 siclum
1973 3422 1990 3438 a
2004 3414 2182 3442 Grammaticis

46 3441 138 3474 cerem.
192 3435 248 3461 Cic.
257 3435 312 3475 'Offi
327 3444 346 3467 i,
360 3438 401 3462 116
432 3436 518 3478 ,mel
530 3438 600 3480 idem
617 3441 681 3468 fecit
687 3441 852 3469 Timotheus
865 3443 981 3471 Cononis
995 3445 1080 3472 filius:
1134 3454 1207 3481 quum
1220 3444 1316 3476 dicunt,
1335 3444 1509 3472 Adithiuum
1517 3453 1622 3472 nomen.
1659 3443 1737 3470 Prisc.
1751 3444 1768 3471 l.
1781 3453 1805 3471 2..
1819 3454 1844 3481 p.
1858 3452 1905 3482 578
1919 3447 2020 3474 Putsch.
2039 3449 2180 3478 Adiedtiua

48 3477 94 3530 ἕω
106 3477 188 3510 quum
199 3469 264 3497 belli
276 3470 352 3512 laude
364 3481 418 3513 non
430 3474 642 3515 interior-sufflet
656 3487 734 3512 quam
749 3484 837 3513 pater,
853 3478 886 3505 ad
898 3489 954 3506 eam
966 3481 1080 3515 laudem,
1136 3483 1263 3513 (nomina)
1277 3480 1339 3507 ideo
1347 3487 1486 3514 vocantur,
1506 3480 1577 3516 quod
1584 3479 1643 3506 aliis
1655 3479 1832 3514 appellatiuis,
1850 3492 1918 3517 quae
1926 3483 2094 3513 substantiam
2103 3485 2182 3521 figni-

65 3503 184 3546 oEtrinae
192 3512 217 3532 et
231 3507 334 3547 Ingenii
348 3508 460 3542 gloriani
474 3508 585 3550 ‘'ldffimt
630 3513 698 3546 Quis
711 3514 768 3547 scit,
788 3523 820 3540 an
835 3514 959 3543 adiiciant
974 3517 1079 3546 hodier-
1134 3517 1223 3549 fleant,
1243 3516 1285 3544 vel
1295 3517 1376 3544 etiam
1387 3517 1504 3552 propi-iis
1517 3516 1599 3543 adiici
1613 3514 1714 3548 solent,
1733 3515 1766 3543 ad
1780 3518 1996 3545 manifestandam
2010 3528 2104 3547 eoi-um
2119 3531 2182 3557 qua-

47 3547 95 3566 nae
112 3540 219 3581 crastina
234 3541 287 3568 luci
300 3543 440 3585 Tempora
451 3545 486 3571 Di
499 3546 587 3580 superi
604 3547 672 3586 ῌοτ.
685 3558 704 3583 4
726 3549 776 3577 Od.
792 3557 819 3584 7,
833 3557 870 3585 17.
923 3553 1023 3581 Adiicit
1047 3563 1080 3581 ex
1134 3553 1239 3580 litatem
1251 3552 1296 3580 vel
1305 3554 1498 3588 quantitatem,
1518 3560 1583 3587 quae
1595 3551 1687 3585 augeri
1707 3551 1751 3579 vel
1771 3554 1858 3580 minui
1879 3554 1931 3581 fine
1944 3554 2100 3583 substantiae
2119 3567 2182 3585 con·

49 3573 188 3603 abundanti
203 3576 454 3620 hanc-conscientiae
468 3581 527 3607 suae
539 3580 664 3610 fiduciam
698 3585 830 3618 Qinc'til.
844 3593 866 3619 ς,
879 3587 908 3621 6,
916 3596 941 3615 2.
977 3591 1007 3616 Et
1021 3599 1042 3623 1,
1056 3598 1079 3624 ς,
1096 3589 1266 3623 93sumtione
1280 3589 1392 3624 possunt,
1409 3595 1438 3616 vt
1457 3589 1558 3615 Bonum
1578 3586 1692 3620 animal,
1717 3588 1828 3623 Magnus
1843 3589 1942 3622 homo,
1962 3591 2067 3624 Sapiens
2088 3594 2181 3621 Gram-

51 3616 78 3635 10
95 3611 130 3637 Vt
142 3610 224 3651 verbo
235 3613 341 3655 adiiciat
353 3615 457 3656 literani
470 3616 644 3658 lelabainue.
705 3620 771 3648 Ter.
786 3622 851 3648 Eun.
867 3630 886 3656 1,
900 3631 926 3657 2,
939 3626 969 3658 63
989 3627 1079 3661 Qian-
1135 3625 1262 3658 niaticus,
1282 3626 1393 3660 Magnus
1403 3626 1545 3651 Homerus.
1580 3623 1699 3650 Macrob.
1714 3624 1815 3652 Saturn.
1824 3634 1844 3658 1,
1858 3636 1877 3660 4
1913 3625 2086 3656 Adiectiuum
2100 3630 2181 3657 Grae-

52 3648 110 3672 tum
117 3646 246 3681 suspicor,
263 3649 296 3676 ad
308 3659 442 3691 virginem
455 3653 582 3694 Animum
595 3652 709 3686 adiecit,
738 3659 756 3682 i.
773 3667 856 3684 amare
873 3662 958 3695 coepit.
1020 3662 1078 3689 Vid.
1134 3662 1160 3688 ci
1171 3661 1279 3688 ἐπίθετον
1298 3666 1411 3693 vocant,
1438 3661 1548 3695 Oppom't
1560 3657 1601 3686 hic
1618 3656 1743 3686 Pofitiuo.

53 3687 107 3727 mpx
131 3681 238 3723 Oculos,
288 3685 413 3726 Animum
432 3688 560 3730 consilio,
587 3696 614 3730 et
626 3689 660 3716 ad
677 3691 815 3719 confilium
862 3694 921 3722 Liu.
941 3702 988 3730 28,
1011 3706 1038 3730 33
1053 3704 1080 3726 et
1173 3704 1351 3725 ADIECTO
1363 3716 1372 3729 ,
1389 3701 1444 3723 are.
1464 3696 1604 3729 Frequent.
1625 3695 1701 3730 Apic.
1710 3701 1733 3729 8,
1745 3704 1761 3722 2
1780 3695 1920 3723 Adie&are
1934 3703 2078 3732 caryotam,
2099 3710 2180 3728 vuam

54 3721 93 3746 2³³
105 3722 147 3750 ²7·
201 3717 266 3744 le.
279 3720 356 3756 Epist.
371 3731 392 3763 ι,ι
405 3732 450 3764 20⁴
477 3725 553 3759 Qiin
563 3731 645 3752 etiam
658 3726 842 3755 voluminibus
859 3728 916 3764 ipsis
929 3732 1079 3761 Auetorita-
1135 3733 1230 3769 passam
1237 3738 1263 3760 et
1276 3733 1375 3759 oleum.

53 3755 107 3790 tem
119 3751 246 3784 quandam
257 3760 282 3780 et
293 3757 516 3800 pulchritudinem
533 3760 626 3788 adiicit
640 3763 806 3796 magnitudo.
860 3765 926 3794 Plin.
938 3768 1015 3804 Epist.
1029 3779 1049 3802 1,
1065 3776 1131 3797 2100
1172 3776 1221 3796 AD
1230 3776 1240 3796 1
1248 3776 1259 3796 1
1267 3776 1284 3796 c
1292 3776 1302 3796 1
1310 3776 1333 3797 A
1342 3775 1375 3795 LI
1385 3774 1398 3794 s
1431 3764 1488 3793 Vid.
1503 3772 1553 3793 An
1561 3773 1570 3793 1
1579 3772 1595 3793 e
1604 3773 1614 3793 1
1622 3773 1645 3794 A
1653 3774 1670 3793 L
1679 3774 1689 3793 i
1699 3774 1712 3794 s
1732 3766 1779 3803 sub
1793 3773 1814 3794 Α
1823 3773 1841 3793 D
1850 3773 1867 3793 E
1876 3773 1895 3793 O
1904 3787 1912 3799 ,
1929 3769 1961 3793 is.

54 3788 80 3811 ³¹
94 3785 174 3847 “¹⁰2⁰
186 3793 227 3828 fu·
239 3788 340 3818 fortan}
355 3802 445 3835 'errori
464 3796 555 3823 nostro
568 3797 658 3824 album
672 3799 811 3827 Calculum
823 3800 957 3830 adiecerit.
1011 3805 1080 3832 Cels.
1172 3801 1321 3837 Ani'MO,
1345 3803 1414 3835 emi,
1440 3808 1557 3834 emtum,
1577 3804 1631 3829 ἕῐθ-
1653 3803 1794 3838 [πριαιρέω,
1819 3802 1974 3837 dei-almum]
1998 3805 2110 3841 Auferre
2124 3826 2132 3839 ,
2149 3816 2179 3833 εκ-

53 3825 80 3854 7,
92 3828 111 3853 4
167 3821 276 3865 ducitur
285 3826 428 3863 celeritati,
441 3830 515 3871 'ficut
527 3839 662 3873 tormento
674 3843 798 3870 quoque,
823 3835 841 3864 fi
855 3842 882 3864 et
892 3838 992 3872 linum,
1012 3848 1038 3868 et
1052 3841 1082 3868 id
1136 3840 1193 3874 Ad,
1220 3847 1244 3867 et
1258 3841 1337 3867 Emo:
1363 3837 1436 3874 quod
1450 3837 1570 3873 antiqui,
1602 3845 1632 3864 vt
1650 3841 1689 3865 ait
1711 3838 1814 3870 Festus,
1852 3837 1946 3865 Emere
1964 3839 2103 3874 dicebant,
2130 3851 2180 3877 ΡΝ

53 3854 126 3916 Ἶυῗᾶ
144 3865 175 3883 ex
195 3860 322 3903 penicillo
336 3863 387 3907 «τῇ,
412 3866 504 3909 aliquo
516 3868 711 3896 medicamento
730 3872 847 3899 illinitur
859 3881 891 3900 ex
904 3873 960 3909 his,
983 3877 1081 3912 quibus
1136 3877 1274 3912 Accipere.
1329 3875 1397 3902 Ter.
1411 3873 1478 3900 And.
1492 3882 1592 3907 4,2,14
1619 3875 1711 3906 Hanc,
1737 3873 1785 3899 nffi
1807 3882 1879 3900 ¹¹¹⁰r⁵
1893 3874 1962 3901 mihi
1980 3875 2078 3903 adimet
2091 3886 2179 3904 nemo·

52 3891 149 3932 {aium
162 3892 239 3920 “effi
250 3896 340 3936 P⁰.s¹¹¹2
358 3909 377 3926 ¹·
389 3902 490 3929 celemus
496 3902 548 3943 fis,
567 3904 615 3945 sed
624 3908 716 3933 maiori
727 3907 818 3934 dolore.
872 3909 914 3937 Sic
944 3931 952 3943 ,
965 3920 994 3940 21
1029 3913 1081 3940 Ad·
1137 3913 1196 3939 Cic.
1209 3913 1286 3939 Verr.
1297 3919 1321 3944 ς,
1341 3931 1347 3937 .
1366 3931 1372 3936 .
1397 3909 1443 3936 Illi
1454 3908 1556 3937 aditum
1572 3909 1660 3936 litoris
1674 3909 1837 3942 Syracusanis
1850 3909 2020 3944 ademerunt,
2051 3916 2070 3938 i.
2092 3913 2180 3940 Probi-

51 3932 143 3955 ΨΜ
157 3929 303 3993 ”kaoe
311 3942 420 3995 flumine
438 3937 590 3973 celeritati,
610 3940 628 3969 fi
641 3949 780 3971 omentum
792 3949 840 3971 etc.
899 3945 932 3974 ei
952 3955 969 3974 ο
987 3951 1005 3976 1'·
1021 3950 1082 3986 Plus
1089 3948 1242 3983 loibumffl‘
1253 3946 1323 4009 '‘11050
1329 3947 1434 3973 aliun·
1470 3946 1539 3974 Ter·
1553 3947 1650 3973 fleant.
1663 3954 1687 3978 32
1702 3953 1727 3977 Ι,
1743 3952 1776 3971 ¹2·
1835 3945 1914 3974 Diem
1926 3945 2045 3974 adimere
2057 3948 2181 4010 Azgriffl·

280 3985 287 3992 .
736 3992 739 3996 ,
2109 3985 2180 4012 inem
