2474 4182
642 85 676 126 (3
761 85 798 123 ()
887 84 935 124 ia
965 96 967 98 ’

264 177 429 203 cunc‘tantem
448 182 627 203 commonerat
636 175 726 201 Tacit.
735 174 801 200 Ann.
815 175 841 204 6,
854 181 891 199 21.
939 172 993 199 Cic.
1009 172 1040 199 dc
1053 173 1127 199 Orat.
1143 180 1166 205 2,
1181 172 1224 201 186
1232 180 1252 196 c.
1265 177 1301 202 44

267 213 381 239 Facilius
403 212 438 238 cst
459 213 530 239 enim
550 218 696 238 currentem
718 213 764 240 (vt
779 209 868 239 aiunt)
887 208 1011 238 incitare,
1035 217 1113 242 quam
1134 212 1303 233 commonere

267 249 444 282 languentem.
516 248 586 274 Idem
602 249 652 272 Att.
669 255 688 277 1,
701 254 719 277 4
753 244 864 271 Crebras
877 244 1071 278 expectationes
1089 243 1167 268 nobis
1181 243 1219 268 tui
1233 250 1303 267 cozu—

268 294 369 310 moues.
442 284 542 310 Iudices
576 282 612 307 Id.
628 281 659 306 dc
671 284 745 306 Orat.
760 289 782 312 2,
797 285 848 312 189.
918 280 1041 306 Discendi
1056 286 1099 305 aut
1112 278 1241 304 scribendi
1254 278 1304 302 slu-

266 321 341 346 dium
355 328 526 346 commonere
545 319 599 343 Cic.
615 316 646 341 de
656 317 716 342 Nat.
727 316 806 342 Deor.
822 324 840 348 1,
856 321 868 345 8
882 325 902 341 c.
917 325 942 349 4.
996 315 1132 341 Petronius
1148 322 1178 348 27
1199 315 1227 339 lit
1243 313 1305 347 quia
1330 315 1343 341 ς

266 355 486 382 considerantium
503 354 635 379 haeserant
648 351 746 383 vultus,
761 351 892 386 quidquid
906 361 919 378 a
935 351 1080 385 l'pefiaculo
1093 349 1216 380 vacabat,
1236 357 1306 374 com-

268 392 394 417 monebat
407 391 495 416 obiter
512 390 561 417 (al.
577 388 704 421 valgiter)
724 387 810 419 labra,
831 394 856 413 et
869 397 912 413 me
926 395 1050 421 tanquam
1075 386 1185 411 furtiuis
1199 384 1308 410 subinde

267 427 363 454 osculis
377 424 542 452 verberabat.
613 424 794 450 Commouere
813 426 860 449 int.
881 423 915 448 ad
933 423 1133 453 admirationum,
1154 423 1246 446 auroris
1260 423 1309 445 im·-

268 467 339 490 tium.
394 462 461 487 Ter.
476 459 582 485 Phorm.
599 467 618 491 1,
633 467 657 491 2,
673 468 696 491 51
728 460 812 494 Virgo
832 460 886 493 ipsa
906 460 973 484 facie
995 457 1113 492 egregia:
1139 456 1204 490 quid
1219 455 1308 482 verbis

269 507 334 533 opus
349 497 400 523 cst?
419 501 669 521 c01111110rat0111nes
682 503 745 527 nos,
757 502 823 530 pro,
844 497 1042 521 Conunouerat.
1094 493 1124 518 In
1139 492 1225 527 aliqua
1239 500 1309 517 00111-
1336 497 1344 514 1

270 532 374 559 moneri
392 532 429 558 ld.
444 532 507 557 Eun.
522 539 544 562 3,
563 538 585 563 5,
603 539 639 563 19.
663 534 680 556 i.
695 539 775 557 amore
788 534 851 565 capi.
895 532 987 564 Nempe
999 529 1032 555 aas
1042 528 1188 563 omnes-fere
1200 525 1310 561 nffiblus

263 572 383 605 pertinct.
420 569 456 593 De
468 576 548 592 amore
563 570 650 593 iterum
662 566 687 602 s.
706 566 809 593 lihidinc
824 570 928 601 potius,
948 566 1016 591 Ter.
1032 564 1113 591 Andr.
1131 573 1149 596 1,
1166 573 1185 595 1,
1199 568 1232 597 67
1255 563 1309 589 Ne-

268 614 319 639 que
334 608 519 629 commonetur
532 603 635 628 animus
649 603 678 628 in
691 611 721 628 ea
733 611 761 628 rc
774 609 875 632 tamen,
895 608 940 627 etc.
977 603 1013 627 Dc
1020 600 1103 636 subito
1116 607 1210 626 terrore
1224 606 1246 624 ct
1261 607 1310 624 mo-

266 638 337 673 lestia
351 649 378 665 cx
397 641 483 664 nuntio
496 638 638 673 improuiso.
675 638 731 664 Cic.
748 639 818 664 Fam.
832 646 854 669 3,
869 646 896 662 10
917 636 966 663 Etsi
980 636 1098 671 grauiter
1112 636 1200 670 primo
1213 635 1309 660 nuntio

267 680 416 702 commotus
430 675 494 700 sum.
548 675 585 700 De
599 681 664 699 metu
676 674 748 700 ldem
763 682 810 707 pro
826 672 916 698 Rabir.
932 677 960 705 38
993 672 1072 699 Nihil
1088 681 1129 697 me
1148 671 1248 696 clamor
1261 669 1342 702 iste15

268 717 436 742 0011111101101,
455 708 495 735 sed
512 709 668 736 consolatur.
740 707 923 743 Dcfigspicione
948 708 985 734 ld.
1004 718 1052 742 pro
1069 707 1145 733 Arch.
1159 715 1179 731 c.
1194 714 1205 737 5
1226 705 1310 730 Vnius

268 746 384 773 hominis
398 746 478 772 litura
489 745 514 771 se
529 751 702 771 commotum.
772 746 810 770 Di·
823 743 986 770 admiratione
1006 751 1029 769 ct
1041 743 1192 768 dubitatione
1210 739 1311 765 erudita

267 783 324 809 Cic.
340 783 392 808 Att.
408 784 434 814 6,
449 790 461 806 2
471 788 515 816 pr.
572 781 683 807 Animus
696 779 868 806 vehementer
879 785 1066 806 commonetur
1084 777 1157 802 Idem
1167 776 1198 801 dc
1207 776 1309 801 Inuent.

268 827 287 848 1,
327 838 331 844 .
449 817 561 843 Animus
576 818 601 843 sc
615 822 767 843 commouet
780 816 884 842 Lucret.
899 825 925 850 4,
935 821 991 848 834.
1062 811 1237 839 Commoucri
1253 819 1309 845 per-

268 854 382 885 lcniter,
403 856 421 879 i.
441 860 570 889 aegrotare
595 853 650 879 Cic.
664 852 695 878 ad
710 852 744 884 Q
758 852 800 878 Fr.
814 860 840 883 2,
854 854 878 877 6.

266 898 294 916 re
309 890 398 924 aliqua
417 889 489 916 Idem
505 887 536 914 de
551 888 624 915 Orat.
641 897 660 920 1,
675 896 726 920 114.
798 887 862 913 Plin.
876 895 900 917 2,
914 894 942 917 4¹
965 884 993 909 de
1004 881 1168 919 Aequinoblio
1181 890 1203 909 rt
1213 883 1308 914 (numia,

267 925 396 952 Afflantur
410 925 457 951 alii
470 924 567 956 sidere,
587 924 634 951 alii
648 929 869 952 commonentur,
889 920 958 945 statis
976 918 1152 954 temporibus,
1165 919 1236 951 aluo,
1250 927 1309 944 ner-

266 962 323 990 vis,
341 960 439 995 capite,
458 966 555 987 mente.
625 960 681 986 Cic.
696 959 771 984 Verr.
786 967 812 989 4,
828 965 868 982 110
882 964 903 980 0.
919 963 950 988 50
974 956 1042 981 Cum
1055 964 1104 989 ego
1119 955 1173 989 ipse
1188 955 1216 981 in
1230 956 1310 981 Com-

266 997 462 1023 memoratione
473 1004 584 1028 eorum,
615 1004 668 1021 non
689 994 772 1019 solnm
794 992 884 1017 animo
903 1000 1091 1021 commonear,
1116 1000 1210 1017 verum
1229 991 1309 1016 etiam

264 1041 377 1067 corpore
391 1032 598 1067 perhorrescam.
668 1027 864 1062 Conquestione
878 1027 1044 1053 commoneri
1072 1026 1145 1053 Idem
1160 1027 1191 1052 de
1206 1028 1347 1060 Inuent.23

267 1078 285 1099 1,
302 1071 357 1095 106.
403 1067 539 1094 Desiderio
554 1067 660 1092 suorum
675 1063 843 1089 commoneri
863 1063 900 1089 Id.
915 1072 964 1098 pro
979 1063 1047 1097 Lege
1060 1063 1154 1089 Manil.
1170 1071 1205 1095 23.
1254 1063 1310 1088 Ho-

265 1113 333 1130 nore
347 1112 442 1138 magno
455 1103 566 1129 alicuius
588 1101 674 1126 Valer.
686 1100 782 1134 Argon.
796 1108 825 1132 4,
839 1101 881 1133 76.
952 1099 1067 1125 Miseriis
1081 1107 1110 1125 30
1124 1098 1249 1133 periculis
1262 1098 1310 1124 ali-

265 1140 340 1167 cuius
361 1140 418 1166 Cic.
433 1148 480 1173 pro
494 1139 568 1163 font.
582 1138 613 1168 36
628 1145 648 1161 c.
666 1138 701 1161 16.
774 1135 846 1160 Idem
861 1134 943 1160 Tusc.
957 1144 985 1169 4,
1004 1140 1028 1165 18
1064 1134 1154 1161 Nemo
1167 1135 1237 1161 enim
1253 1142 1311 1168 par-

265 1176 366 1203 ricidae
379 1182 422 1201 ant
437 1173 583 1208 proditoris
596 1171 725 1205 supplicio
744 1170 929 1196 Misericordia
943 1176 1137 1197 commonetur.
1209 1169 1310 1196 Auctor

256 91 348 140 1063

264 1212 297 1238 ad
312 1213 408 1237 Hercu.
430 1219 457 1242 4,
473 1217 501 1241 52
523 1209 596 1234 Duae
611 1216 650 1247 res
671 1208 739 1246 sunt,
758 1215 824 1241 quae
844 1207 947 1241 possunt
962 1206 1085 1233 homines
1104 1206 1135 1232 ad
1148 1212 1225 1241 turpe
1239 1213 1349 1237 com-30

264 1247 389 1281 pendium
409 1252 594 1273 commouere,
616 1251 723 1277 inopia,
745 1249 824 1277 atque
837 1243 959 1269 auaritia.
1031 1243 1112 1270 Prora
1126 1242 1223 1268 fretun-1
1239 1251 1310 1267 com—

262 1288 370 1313 monet,
386 1290 457 1316 quum
471 1282 595 1315 linquitur
604 1286 695 1314 portus
711 1278 799 1304 Valer.
814 1279 914 1312 Argon.
929 1286 951 1311 5,
965 1286 1002 1313 71.
1062 1278 1119 1305 Cic.
1135 1279 1210 1304 Verr.
1234 1287 1261 1311 4,
1276 1286 1309 1312 42

262 1317 310 1344 Sed
323 1326 446 1351 magnum
461 1322 486 1342 et
499 1315 624 1341 acerbum
640 1314 760 1340 dolorem
774 1321 953 1344 commouent,
966 1313 1131 1340 mulierculis
1146 1314 1308 1348 praesertim.

261 1354 316 1380 Cic.
326 1354 378 1380 Att.
394 1361 415 1381 2,
424 1360 440 1387 7
460 1352 589 1378 Acneram
603 1359 645 1376 1110
659 1350 690 1377 ad
704 1350 887 1384 exagitandam
900 1349 965 1376 hanc
978 1350 1034 1376 eius
1048 1350 1217 1385 legationem,
1230 1358 1309 1384 qnam

260 1389 278 1416 si
292 1389 339 1415 ille
352 1388 513 1419 contemnit,
535 1393 559 1413 et
572 1386 589 1413 si
610 1390 657 1418 (vt
669 1386 780 1417 scribis)
803 1386 888 1412 Bilem
902 1386 930 1412 id
944 1393 1112 1419 commouet,
1132 1392 1158 1412 ct
1170 1385 1346 1421 latoribus,33

260 1431 286 1451 et
298 1424 447 1459 auspicibus
461 1424 528 1458 legis
548 1423 688 1454 Curiatae,
708 1421 885 1456 spectaculum
904 1422 1049 1456 egregium.
1085 1422 1170 1448 Bilem
1191 1430 1309 1448 commo-

258 1467 320 1493 vet,
339 1464 358 1487 i.
373 1464 436 1487 iram
450 1467 473 1486 ct
486 1457 619 1491 molestiam
632 1464 709 1484 creat.
767 1458 858 1484 Aestus
872 1458 936 1484 belli
952 1459 1057 1484 Lucret.
1068 1465 1172 1492 ς,1434.
1229 1459 1309 1483 Α11113

258 1497 304 1523 Sil.
326 1501 350 1528 8,
369 1504 429 1529 405.
466 1517 469 1519 ,
500 1494 556 1521 Cic.
576 1495 647 1520 Fam.
660 1501 723 1525 9,13
755 1494 837 1526 Quod
852 1493 955 1520 Bellum
973 1499 1136 1520 commotum
1158 1503 1172 1519 a
1191 1493 1310 1527 Scapula,

259 1532 297 1559 ita
309 1531 397 1566 postea
409 1529 594 1557 confirmatum
608 1529 645 1555 est
658 1537 672 1555 a
684 1529 826 1562 Pompeio,
846 1535 875 1555 vt
887 1529 974 1561 nulla,
990 1536 1038 1556 etc.
1094 1529 1308 1563 Indignationcm

260 1567 362 1594 Auctor
376 1566 407 1593 ad
423 1567 521 1592 Heren.
537 1574 565 1598 4,
603 1585 609 1591 .
647 1584 653 1591 .

258 1604 298 1631 mi
317 1611 395 1637 atquc
416 1601 520 1635 Ingenii
540 1601 635 1626 celeres
655 1599 763 1634 quidam
782 1606 869 1627 motus
889 1601 937 1626 esse
954 1600 1051 1627 debent
1093 1617 1138 1621 —
1175 1601 1309 1627 Praeclare

258 1640 331 1666 enim
347 1639 371 1664 se
384 1646 425 1664 res
440 1637 534 1667 habet,
553 1635 571 1661 si
586 1635 648 1661 haec
662 1635 769 1661 accendi
783 1642 827 1662 aut
841 1638 1008 1663 commoneri
1020 1642 1075 1663 arte
1088 1637 1204 1671 possunt:
1226 1637 1309 1664 inseri

259 1674 366 1710 quidem
380 1679 405 1700 et
417 1672 510 1699 donari
523 1671 556 1697 ab
569 1677 625 1697 arte
637 1679 691 1696 non
709 1671 811 1704 possunt
824 1672 922 1697 omnia.
992 1672 1065 1698 Idem
1078 1674 1154 1699 Verr.
1170 1682 1189 1704 1,
1205 1681 1229 1705 15
1256 1673 1309 1698 Hic

258 1712 340 1737 etiam
354 1709 444 1744 priore
458 1707 563 1734 afflone
585 1708 637 1740 Qi.
668 1705 823 1732 Hortensius
844 1707 975 1741 pupillum
991 1708 1099 1734 Iunium
1117 1709 1215 1734 venisse
1235 1717 1309 1742 prae-

257 1752 387 1773 textatum
401 1745 429 1771 in
442 1743 558 1770 vestrum
573 1741 753 1776 conspec‘tum,
769 1748 794 1768 et
807 1742 881 1768 testes
896 1743 983 1768 secum
992 1762 1000 1775 ,
1015 1749 1110 1777 patruo
1125 1744 1308 1770 testimonium
1317 1748 1350 1775 45
1375 1753 1478 1779 quarum
1484 1741 1650 1777 similitudine
1662 1741 1769 1767 dicimus
1781 1743 1895 1767 Martem
1909 1751 2095 1776 communem,
2117 1748 2233 1772 mortem
2246 1749 2368 1777 commun
2409 1747 2420 1767 .’

258 1782 378 1814 dicente,
405 1779 510 1815 questus
529 1778 579 1805 est:
605 1784 630 1804 et
649 1787 692 1803 me
706 1778 872 1812 populariter
889 1786 980 1812 agere,
1000 1784 1079 1813 atque
1091 1778 1225 1805 Innidiani
1239 1788 1310 1805 com-

257 1826 383 1849 monere,
412 1815 483 1852 quod
503 1823 615 1850 puerum
635 1813 826 1848 producerem,
846 1814 1010 1846 clamitatur,
1037 1817 1054 1840 i.
1075 1814 1156 1840 odium
1177 1815 1310 1840 conciliare

257 1854 411 1889 aduerfizrio.
482 1851 644 1877 Memoriam
665 1849 777 1876 alicuius
795 1850 836 1876 rei
869 1849 907 1876 ld.
922 1849 953 1876 de
968 1850 1043 1876 Orat.
1063 1858 1089 1882 2,
1105 1858 1139 1876 20
1159 1859 1181 1875 c.
1196 1857 1217 1881 5.
1238 1852 1256 1875 i.
1271 1852 1310 1875 in-

249 1888 378 1923 staurare.
450 1887 651 1914 Miserationem
1156 1885 1309 1911 Misericor-

257 1925 345 1958 diam,
366 1923 496 1951 inuidiam
506 1943 513 1955 ,
531 1922 698 1950 iracundiam
719 1921 775 1948 Cic.
790 1921 822 1947 de
837 1922 911 1948 Orat.
926 1930 950 1954 2,
965 1929 1016 1954 195.

257 1964 285 1987 in
300 1961 474 1997 philosophia,
494 1961 512 1985 i.
525 1967 615 1985 nouare
639 1957 714 1984 Idem
733 1958 779 1983 Ac.
801 1967 819 1992 4
837 1966 857 1983 c.
874 1960 899 1983 6.
989 1958 1129 1990 Numum,

259 2003 349 2022 Mvs.
421 1995 522 2021 Odium
535 1995 563 2021 in
576 1994 693 2028 aliquem
729 1993 785 2020 Cic.
809 1993 841 2020 de
861 1994 954 2019 Inuen.
979 2002 999 2026 1,
1020 2001 1072 2025 103.
1144 1993 1234 2023 Sacra,
1255 1992 1309 2019 vid.

259 2040 315 2058 mox
329 2033 356 2056 in
382 2037 399 2056 c
408 2037 427 2056 ο
437 2037 460 2055 Μ
471 2037 494 2055 M
504 2037 523 2055 0
532 2035 552 2055 τ
561 2036 582 2055 v
592 2037 615 2055 s.
686 2029 742 2055 Cic.
755 2038 804 2063 pro
824 2029 930 2056 Cluent.
945 2034 988 2059 180
1021 2030 1106 2055 Furto
1123 2028 1251 2063 postridie
1266 2037 1310 2055 co-

277 2067 352 2098 nito,
373 2065 460 2091 omnis
474 2064 588 2097 suspicio
603 2064 632 2089 in
644 2071 689 2089 eos
701 2065 798 2095 seruos,
813 2065 859 2098 qni
876 2074 931 2090 non
946 2064 1311 2099 comparebant,commoue-

280 2109 346 2129 atnr.
418 2100 582 2126 Tumultum
596 2104 640 2124 aut
653 2094 752 2124 bellum
771 2099 845 2124 Idem
859 2101 936 2125 Verr.
951 2107 973 2131 ς,
989 2108 1032 2124 20.

252 2140 395 2174 ,praeterita
408 2136 524 2172 quaedam
538 2132 677 2161 contraHa.
721 2133 778 2160 Cic.
794 2142 843 2167 pro
857 2133 941 2159 Planc.
955 2135 990 2159 60
1011 2135 1052 2159 An
1065 2133 1083 2158 fi
1097 2142 1214 2167 vnqnam
1227 2134 1255 2158 in
1268 2141 1312 2158 me

259 2174 330 2201 vitae
346 2172 474 2206 cupiditas
490 2171 593 2201 suisset,
614 2177 663 2203 ego
679 2170 765 2195 mense
786 2169 929 2195 Decembri
947 2169 1001 2194 mei
1015 2168 1172 2195 Consulatus
1188 2168 1310 2194 omnium

258 2207 450 2246 parricidarum
461 2206 534 2233 Tela
549 2204 725 2231 commossem.
783 2205 839 2231 Cic.
853 2205 924 2230 Fam.
941 2209 964 2236 8,
979 2211 1005 2236 15
1033 2205 1089 2237 Qu
1104 2203 1311 2238 tantasanbas

258 2243 411 2272 commorit.
483 2243 662 2268 Commorunt
675 2248 790 2273 aequora
805 2240 879 2265 venti
898 2240 1004 2265 Lucret.
1020 2248 1043 2271 2,
1057 2242 1116 2273 765.
1222 2243 1224 2254 ³

673 1885 805 1919 Qinffil.
821 1888 846 1916 6,
861 1894 881 1918 1,
894 1888 939 1919 46.
962 1893 999 1917 10,
1014 1894 1033 1919 1,
1047 1887 1092 1918 64.

1163 1956 1217 1983 vid.
1245 1963 1268 1982 N
1277 1964 1311 1983 v-

279 2296 280 2299 =
296 2288 340 2308 eo
350 2287 374 2306 M
382 2285 406 2305 M
417 2279 437 2305 ὀ
448 2284 470 2304 'r
480 2283 501 2303 v
511 2285 535 2309 5,
547 2286 570 2307 3,
579 2285 632 2302 11111.
653 2276 745 2301 Partic.
767 2273 935 2309 [διακινηθεὶς]
962 2275 1007 2307 Vt,
1016 2275 1073 2301 Cic.
1083 2276 1160 2300 Verr.
1169 2283 1189 2306 1,
1198 2281 1270 2308 145c.
1281 2281 1309 2306 55
1319 2275 1354 2300 60
1376 2276 1445 2302 Ter.
1459 2275 1571 2310 Adelph.
1585 2282 1608 2308 ς,
1621 2283 1644 2308 3,
1659 2280 1694 2305 18.

261 2318 292 2344 In
319 2314 449 2342 columnis
471 2313 532 2340 dico
552 2313 617 2344 csse,
642 2319 710 2346 quae
730 2320 745 2337 a
765 2317 812 2337 tuo
838 2310 990 2338 redemtore
1011 2316 1161 2336 commotae
1179 2318 1233 2334 non
1253 2309 1309 2335 sint.

261 2355 404 2380 Commota
417 2350 501 2382 30105,
525 2348 577 2374 vid.
608 2354 630 2374 A
640 2353 656 2373 C
669 2355 678 2373 1
688 2354 735 2373 Es.
809 2346 865 2373 Cic.
879 2346 911 2372 de
926 2346 984 2372 Fin.
1007 2355 1035 2378 4,
1056 2353 1083 2378 53
1104 2354 1125 2372 c.
1140 2353 1167 2377 ¹9
1188 2345 1218 2370 Et
1231 2345 1278 2376 ais,
1293 2344 1310 2370 ti

260 2397 313 2416 vna
329 2388 404 2414 litera
418 2390 551 2412 commota
565 2383 611 2416 fit,
631 2383 706 2415 fore,
727 2388 782 2409 tota
800 2388 828 2409 vt
844 2381 915 2408 labet
935 2382 1083 2416 disciplina.
1119 2382 1215 2407 Vtrum
1230 2380 1313 2414 igitur

259 2424 314 2452 «ibi
327 2424 432 2450 literam
445 2421 541 2448 videor
553 2429 586 2446 an
600 2425 667 2445 totas
681 2419 786 2454 paginas
800 2426 984 2444 commouere.
1006 2424 1052 2444 etc.
1114 2417 1228 2443 Puluere
1243 2424 1314 2442 com-

263 2466 339 2487 moto
356 2458 400 2485 Sil.
421 2467 449 2491 4,
469 2466 513 2492 94.

262 2497 282 2523 s.
297 2495 429 2530 cymbalis,
450 2493 539 2529 quibus
552 2495 579 2518 in
586 2491 704 2527 furorem
719 2493 877 2517 concitantur
895 2489 1021 2525 Thyades.
1059 2490 1117 2515 Huc
1129 2488 1218 2515 alludit
1230 2487 1313 2514 Plant.

264 2530 356 2559 Pseud.
372 2539 391 2562 1,
404 2539 424 2562 1,
439 2536 495 2564 107.
553 2529 629 2554 Omen
643 2526 744 2552 dixerat
762 2529 800 2553 rei
819 2526 875 2552 bene
886 2525 1024 2562 gerendae,
1046 2525 1224 2560 Supercilium
1243 2522 1314 2550 salit!

265 2566 364 2599 Addit,
389 2565 443 2592 Scis
457 2570 486 2591 tu
501 2563 624 2600 quidem,
645 2562 749 2595 hercle,
773 2570 831 2588 mea
851 2562 869 2588 si
883 2562 1020 2588 commoni
1034 2561 1105 2588 sacra
1117 2562 1180 2594 Qio
1193 2559 1270 2595 pacto
1288 2565 1314 2585 et

266 2608 375 2639 quantas
396 2599 494 2627 soleam
506 2598 633 2626 turbellas
647 2598 716 2624 dare.
789 2599 830 2625 Sic
844 2598 902 2624 Sen.
918 2597 988 2624 Med.
1003 2599 1055 2632 786
1087 2599 1114 2623 in
1122 2596 1250 2633 sacrificio
1264 2605 1315 2621 ma-

265 2642 322 2676 gico
336 2640 373 2664 ait
388 2636 491 2666 Medea,
514 2634 653 2669 Tripodes
667 2634 777 2668 agnosco
793 2643 866 2660 meos
879 2635 995 2661 Fancnte
1007 2638 1155 2659 commotos
1172 2632 1243 2664 Dea,
1266 2633 1316 2658 He·
1332 2638 1368 2666 70
1380 2640 1403 2666 ς,
1417 2634 1474 2666 956.

266 2681 336 2707 cate,
360 2679 441 2708 pulo,
471 2679 530 2707 quae
550 2676 616 2696 motu
635 2667 794 2702 instrumenti
819 2673 911 2706 magici
924 2669 1091 2705 praesentiam
1104 2668 1176 2705 suam
1195 2668 1316 2695 declarat.

267 2713 304 2739 De
318 2707 486 2736 moliminibus
498 2709 569 2733 nouis
581 2708 608 2731 in
621 2712 672 2740 rep.
694 2706 749 2732 Cic.
758 2707 811 2732 Att.
822 2708 861 2738 16,
875 2714 900 2739 15
929 2706 1010 2737 Haec,
1024 2713 1091 2739 quae
1103 2710 1236 2731 commota
1247 2704 1315 2736 sunt,

268 2745 394 2782 quorsum
409 2742 529 2770 enadant.
584 2741 749 2772 Commotus,
757 2742 920 2768 Perturbatus
932 2741 960 2767 de
975 2740 1111 2774 affeHibus
1130 2741 1198 2767 Ter.
1207 2739 1314 2766 Phorm.

269 2791 290 2815 1,
304 2791 332 2815 4,
344 2783 360 2807 6
379 2779 515 2814 Qudnam
529 2776 575 2804 ille
588 2782 737 2804 commotus
750 2777 842 2804 venit?
907 2778 1034 2804 Grauiter
1047 2782 1195 2803 commotus
1204 2796 1212 2808 ,
1230 2777 1317 2803 Iratus

268 2818 344 2852 Virg.
361 2817 431 2843 Aen.'
447 2824 467 2848 1,
479 2816 535 2841 126.

262 2852 346 2891 facile
364 2851 494 2888 irascitur.
565 2848 690 2876 Precibus
715 2848 778 2875 Stat.
791 2848 884 2875 Theb.
899 2857 932 2882 9,
950 2855 1004 2881 510.
1073 2845 1203 2875 Promissis
1215 2846 1316 2873 ditibus

268 2889 315 2917 Sil.
328 2897 349 2921 3,
364 2895 415 2921 5¹2·
486 2885 571 2912 Vultu
596 2883 727 2918 Quinetil.
746 2886 772 2917 6,
787 2893 807 2916 1,
821 2889 858 2916 38.
931 2885 973 2910 Ira
991 2890 1125 2911 commota
1154 2882 1236 2911 Ouid.
1251 2884 1315 2909 Met.

270 2927 297 2958 6,
311 2932 369 2958 549.
441 2923 516 2949 Mens
535 2927 669 2948 commota
686 2926 759 2947 metu
790 2920 894 2946 Lucret.
913 2926 995 2952 3,153.
1068 2922 1116 2946 Pro
1136 2919 1225 2956 insana
1246 2919 1313 2945 Hor.

271 2961 323 2988 Sat.
339 2968 362 2993 2,
375 2968 397 2992 3,
412 2963 470 2993 278.
526 2958 567 2985 Sic
580 2957 646 2984 Plin.
660 2963 705 2989 20,
720 2965 747 2983 12
761 2957 779 2982 s.
794 2964 821 2982 12
848 2955 876 2981 de
887 2953 1028 2989 nasturtio,
1046 2957 1200 2983 Commotas
1216 2960 1316 2981 mentes

270 2996 341 3024 sedat
354 3004 386 3022 cx
398 3000 473 3021 aceto
490 2994 614 3020 sumtum.

271 3041 316 3059 nes
335 3031 405 3058 sedat
418 3051 426 3063 ,
457 3035 558 3056 mentes
576 3033 721 3055 commotas
741 3027 864 3055 restitnit.
946 3028 978 3055 Et
990 3027 1140 3062 simpliciter
1159 3028 1316 3054 Commotus

272 3074 318 3103 pro
331 3068 417 3129 ἰᾜὶιηο
438 3067 507 3092 Hor.
520 3065 572 3092 Sat.
586 3073 609 3097 2,
625 3070 685 3098 20¹9.
702 3062 757 3091 coll.
771 3063 802 3090 ib.
816 3073 841 3090 υ.
856 3071 904 3096 013.
975 3062 1092 3089 Pectoris
1105 3063 1232 3089 commoti
1248 3063 1316 3096 ignis

275 3103 340 3130 Clau
361 3123 367 3129 .
381 3103 410 3129 in
422 3101 492 3128 Ruff.
506 3110 526 3134 1,
539 3106 584 3131 181.
601 3107 648 3136 pro
663 3101 715 3127 Ira.
773 3098 946 3126 Commotum
959 3098 1085 3131 reddere,
1105 3098 1158 3124 vid.
1177 3105 1197 3125 R
1206 3105 1222 3125 F,
1232 3105 1250 3125 D
1260 3105 1277 3125 1)
1287 3105 1315 3125 o.

275 3138 385 3165 Animus
399 3137 561 3164 commotior
580 3137 636 3164 Cic.
652 3135 684 3163 de
698 3135 795 3167 Diuin.
803 3144 824 3168 1,
838 3144 874 3168 113
890 3144 912 3162 c.
924 3143 964 3170 37.
1020 3133 1095 3160 Idem
1111 3133 1142 3160 de
1158 3133 1228 3161 Clar.
1244 3133 1317 3160 Orat.

276 3181 322 3206 129
342 3174 372 3199 C.
385 3173 504 3200 Fimbria
518 3171 684 3208 temporibus
696 3171 792 3199 iisdem
806 3171 878 3204 fere,
898 3170 940 3197 sed
953 3170 1057 3206 longius
1069 3175 1152 3197 aetate
1167 3169 1318 3205 9101106105,
1336 3172 1365 3202 85·
1382 3179 1477 3202 mune,
1502 3168 1568 3206 quod
1578 3169 1612 3195 ad
1618 3170 1706 3205 plures
1719 3168 1805 3204 causas
1815 3169 1940 3203 applicari
1948 3166 2046 3203 potest,
2068 3167 2186 3209 vitiofiim
2193 3168 2300 3204 proinde
2323 3167 2374 3196 ei

275 3209 383 3236 habitus
396 3209 432 3234 est
445 3210 503 3236 sane
529 3214 575 3241 (vt
589 3209 626 3235 ita
638 3208 742 3239 dicam)
771 3207 918 3234 luculentus
933 3207 1075 3239 Patronus,
1101 3206 1190 3240 asper,
1211 3205 1318 3232 maledi-

278 3253 337 3277 cus,
355 3252 448 3279 genere
461 3250 519 3272 toto
532 3245 623 3279 paullo
634 3243 771 3270 feruidior
782 3249 861 3278 atque
873 3242 1042 3270 commotior.
1088 3241 1234 3269 Consilium
1249 3251 1317 3269 com-

279 3279 379 3309 motius
392 3278 424 3305 ad
437 3281 528 3306 omnia
540 3279 670 3307 turbanda
691 3279 750 3306 Liu.
767 3282 794 3312 6,
812 3288 850 3312 ¹4·

315 3321 334 3343 c
343 3321 363 3344 0
372 3321 396 3341 Μ
406 3321 430 3341 Μ
439 3321 486 3341 OT
495 3322 530 3347 0,
548 3324 600 3343 are.
620 3317 761 3351 Frequent.
780 3314 882 3341 Assidne
895 3313 990 3341 061311.
1006 3311 1073 3340 Hor.
1090 3321 1109 3339 1.
1122 3317 1145 3344 8.

315 3358 333 3379 c
343 3357 362 3378 o
372 3356 457 3378 MMO
467 3349 504 3376 ni
513 3356 584 3384 Lis,
605 3360 627 3378 e.
655 3351 716 3378 Adi.
742 3351 814 3378 Cael.
827 3351 892 3377 Aur.
908 3350 985 3377 Acnt.
999 3358 1023 3383 2,
1037 3357 1063 3383 9,
1075 3353 1108 3383 48
1129 3349 1186 3375 Lux
1203 3356 1320 3375 commo-
1337 3357 1372 3382 90
1384 3349 1466 3377 Ouid.
1481 3348 1560 3383 Epist.
1582 3356 1617 3381 ις,
1637 3355 1689 3382 317.

279 3387 343 3415 bilis
360 3385 496 3421 corporis,
509 3388 526 3411 i.
541 3394 599 3422 quae
629 3388 690 3414 acile
708 3393 837 3414 commouet
849 3393 946 3429 corpus.
1131 3404 1133 3407 .

317 3430 335 3451 G
345 3430 363 3450 O
374 3429 397 3449 M
407 3428 431 3448 M
439 3427 459 3449 0
468 3428 489 3448 T
498 3427 534 3448 10
543 3441 551 3454 ,
575 3424 641 3448 finis.
669 3422 689 3449 f.
727 3422 829 3457 [κίνησις
837 3440 845 3453 ,
863 3421 956 3455 σαλος]
997 3421 1046 3452 Vt,
1065 3417 1220 3448 Commotio
1237 3419 1320 3446 animi

282 3459 338 3486 Cic.
353 3458 436 3485 Tusc.
454 3465 480 3490 3,
499 3461 513 3488 8
533 3465 555 3483 e.
578 3467 605 3491 4.
676 3459 878 3485 Commotiones
904 3456 1021 3484 Laeiant.
1042 3458 1068 3488 6,
1082 3463 1116 3490 ις,
1129 3464 1154 3489 9.
1167 3461 1190 3482 et
1202 3461 1229 3489 7,
1245 3464 1282 3487 10,
1296 3465 1320 3482 z.

282 3493 499 3522 Commotionem
511 3491 619 3528 quidam
644 3492 726 3528 accipi
745 3494 857 3527 volunt,
877 3492 1090 3528 Tcmporarinm
1107 3489 1191 3519 animi
1209 3497 1321 3524 motum,

284 3530 346 3557 sicut
364 3531 450 3563 Iram,
474 3527 601 3564 pauorem
628 3528 757 3562 Quinctil.
772 3537 794 3563 ς,
811 3539 850 3562 10,
864 3537 897 3562 29
925 3530 990 3555 Haec
1003 3537 1017 3554 α
1032 3528 1162 3555 Cicerone
1175 3524 1207 3553 de
1222 3526 1323 3553 Inncnt.

284 3574 295 3592 1
309 3575 330 3592 0.
344 3574 374 3599 25
394 3571 499 3592 vocatur
512 3563 625 3591 Affee’tio
635 3583 643 3596 ,
653 3563 737 3599 ficquc
750 3565 883 3600 difinitur,
902 3563 1017 3592 Affectio
1030 3563 1066 3590 est
1077 3562 1162 3590 animi
1171 3566 1216 3589 aut
1230 3570 1322 3596 corpo-

283 3601 322 3628 ris
341 3610 371 3628 ex
390 3607 510 3636 tempore
530 3600 620 3635 aliqua
638 3598 669 3626 de
687 3600 762 3626 causa
780 3601 970 3631 commutatio,
992 3605 1022 3626 vt
1042 3599 1159 3632 laetitia,
1185 3597 1323 3632 cupiditas,

284 3642 380 3669 metus,
395 3636 524 3669 molestia,
537 3634 657 3668 morbus,
670 3633 801 3662 debilitas.
831 3636 938 3671 ,Quidam
952 3642 975 3663 et
989 3635 1030 3662 bic
1042 3636 1127 3672 legunt
1140 3633 1303 3661 commotio.

325 3677 342 3698 c
353 3679 372 3700 o
382 3679 405 3698 M
416 3679 468 3700 Mo
477 3678 498 3698 'r
507 3680 516 3698 1
526 3679 547 3698 v
557 3678 577 3698 N
587 3677 604 3699 c
613 3669 634 3698 17
643 3676 660 3696 1.
669 3677 707 3703 Α,
734 3678 771 3696 ae.
798 3670 817 3696 f.
845 3670 946 3698 Dimin.
979 3670 1036 3698 Cic.
1050 3671 1103 3698 Att.
1119 3678 1158 3703 12,
1173 3677 1195 3696 11
1222 3669 1324 3696 Atticae

286 3707 449 3734 hilaritatem
461 3705 576 3735 libenter
593 3705 683 3734 audio.
698 3706 931 3733 commotiuncnlis
952 3706 1102 3740 συμπίσχω.
1139 3705 1342 3733 commotum-1

287 3743 353 3770 culis
366 3742 460 3777 idcmfi
486 3743 607 3780 uficauit,
626 3741 692 3778 quod
707 3740 785 3776 Epist.
802 3749 840 3774 10,
855 3749 883 3776 17
909 3741 1095 3769 Valetudinem
1109 3746 1182 3769 tuam
1194 3740 1248 3768 iam
1264 3749 1325 3766 con-

288 3778 419 3806 firmatam
437 3753 486 3805 esser
505 3785 530 3806 et
542 3787 557 3806 a
569 3783 658 3806 vetere
675 3776 789 3810 morbo,
808 3783 834 3803 et
855 3785 870 3802 11
888 3777 966 3803 1101115
987 3775 1194 3810 tentationibus,
1214 3775 1324 3811 gaudeo.

289 3816 357 3842 Nam
371 3814 528 3841 tentationes
536 3822 559 3841 et
566 3812 806 3841 commotiunculae
816 3821 864 3838 non
877 3812 955 3838 morbi
960 3813 1032 3848 fimt,
1038 3813 1086 3850 sed
1097 3811 1235 3840 morborum
1242 3814 1326 3838 initia.

322 3856 339 3878 c
348 3855 368 3877 o
376 3855 398 3875 Μ
408 3856 431 3875 Μ
441 3855 460 3876 o
469 3855 519 3877 TA
531 3856 548 3878 C
559 3857 581 3878 v
589 3857 605 3877 L
614 3857 636 3876 v
646 3856 671 3876 M
688 3851 740 3876 'vox
752 3857 782 3875 ex
795 3850 906 3883 antiquis
920 3846 1068 3883 editionibus
1079 3846 1194 3882 restituta
1207 3847 1327 3884 Scaliger-i

287 3892 360 3922 opera
373 3884 465 3919 Festo,-
490 3885 533 3911 vbi
538 3884 579 3920 fic
589 3887 663 3922 vulgo
676 3886 786 3922 legitur,
808 3883 1025 3911 Commentacula
1041 3883 1150 3920 virgae,
1167 3891 1231 3919 qua·
1242 3881 1327 3910 flami·
1337 3889 1380 3916 105
1388 3885 1463 3914 MSS.
1477 3883 1576 3920 quidam
1588 3884 1762 3911 communius
1775 3879 1950 3926 eodrmsenfic,
1965 3883 2027 3916 pari
2039 3881 2168 3918 elegantia.
2205 3877 2350 3923 (ἷ1’νο71..<>Ι

954 848 1066 875 Accendi
1084 853 1128 873 aut
1142 846 1310 873 commoneri
1319 856 1353 874 20

726 1564 781 1591 Cic.
797 1564 828 1590 de
842 1566 916 1591 Orat.
932 1574 951 1598 1,
966 1573 1009 1598 114
1024 1574 1046 1591 c.
1059 1573 1090 1598 25
1124 1565 1195 1591 Nam
1213 1571 1237 1591 et
1253 1565 1307 1591 3111-
1316 1575 1352 1600 40
1373 1575 1435 1601 pare
1456 1566 1524 1592 Vitr.
1543 1574 1581 1597 10,
1596 1573 1633 1598 19.

1086 1921 1166 1948 Νου3
1182 1921 1311 1955 quaedam
1321 1922 1353 1948 50
1377 1929 1426 1955 pro
1440 1919 1502 1946 Suu.
1517 1929 1533 1953 9
1552 1920 1674 1954 Tempus
1688 1918 1782 1952 agendi
1794 1918 1847 1944 fnit
1860 1919 1928 1944 mihi
1941 1920 2024 1953 magis
2035 1928 2174 1954 proprium
2183 1940 2191 1953 ,
2206 1929 2286 1955 quam
2300 1919 2422 1947 caeteris:

1095 2101 1218 2125 Ponamus
1230 2099 1310 2126 adhuc
1320 2104 1348 2129 53
1373 2100 1435 2126 ‘vita
1458 2101 1489 2126 ‘et
1506 2099 1612 2133 Vulgari
1630 2098 1771 2125 hominnm
1799 2096 2003 2129 consuetudine,

586 2455 669 2482 Sacris
686 2455 827 2481 commotis
848 2454 924 2488 Virg.
938 2454 1003 2480 Aen.
1021 2463 1049 2487 4,
1061 2453 1138 2489 301J]
1153 2453 1239 2489 Signis
1255 2453 1313 2483 Dei,
1335 2451 1366 2482 65
1377 2453 1535 2479 Societatem
1555 2461 1668 2478 mecum.
1688 2453 1720 2479 D.

605 2813 717 2847 Ingenio
730 2818 878 2839 commotus
905 2813 974 2840 Tac.
990 2816 1057 2839 Ann.
1073 2815 1099 2845 6,
1112 2819 1144 2845 43
1158 2819 1221 2838 extr.
1241 2814 1258 2838 i.
1273 2814 1315 2847 qui
1329 2817 1362 2847 75
1380 2812 1459 2847 Epist.
1474 2820 1500 2844 2,
1515 2819 1535 2843 1,
1551 2818 1602 2844 152.

687 2993 719 3019 Et
741 2994 782 3024 36,
796 3000 821 3018 21
839 2992 856 3018 s.
871 3000 908 3025 40
939 2990 967 3017 dc
979 2991 1060 3026 lapide
1073 2993 1169 3024 Samio,
1201 2990 1316 3026 Vertigi-
1334 2995 1366 3022 80

1761 80 1794 119 (2
1873 79 1909 117 ()
1989 81 2036 120 BA

1371 177 1415 194 nes
1429 174 1533 204 portmt
1550 176 1684 204 pergentes
1703 169 1735 196 ad
1750 169 1905 196 sacrificium
1915 188 1923 201 ,
1946 175 1975 195 vt
1994 178 2008 195 a
2021 169 2046 196 se
2059 169 2177 200 homines
2189 181 2336 204 amoneant.
2370 181 2400 206 Bt

1370 206 1616 232 Commentacnlum
1631 215 1710 240 genus
1726 205 1861 240 virgulae,
1887 213 1938 239 qna
1953 205 1981 230 in
2000 206 2130 234 sacrificiis
2145 210 2291 238 vtebantur.
2333 213 2402 241 Vide.
2442 199 2443 208 ¹

1370 247 1414 266 tur
1427 240 1478 275 ἱρῇ
1490 240 1600 266 indicare
1616 241 1714 274 Festus,
1733 252 1747 268 a
1762 240 1958 267 commonendo
1974 239 2067 266 <licium
2081 243 2316 272 Commotaculum.
2374 268 2379 271 .
2440 239 2442 249 Ι

1410 281 1427 301 C
1440 284 1458 301 0
1469 282 1492 301 M
1500 283 1523 301 M
1535 282 1553 301 O
1565 282 1587 301 Τ
1597 283 1635 302 lA
1644 284 1659 303 Ε
1678 277 1807 312 nymphae
1821 277 1852 303 ad
1867 277 1952 302 lacum
1960 276 2142 310 Cutiliensem,
2154 288 2168 305 a
2181 281 2323 313 commotu,
2334 281 2403 317 quod
2436 304 2437 308 ,
2458 271 2460 277 ¹

1371 310 1412 337 ibi
1426 311 1508 337 insula
1524 311 1551 337 in
1564 320 1631 345 aqua
1643 320 1835 339 commonetur.
1872 314 1940 338 Haec
1954 313 2040 339 Varro
2063 312 2094 338 de
2107 313 2136 339 L.
2151 314 2181 341 L.
2194 324 2223 348 -4‚
2237 325 2264 342 10
2276 327 2300 351 p.
2312 326 2354 349 20,
2368 327 2403 346 10.

1371 347 1444 382 Conf.
1473 353 1692 373 cnonrvsA.

1410 390 1426 409 c
1435 388 1454 407 0
1463 389 1487 408 Μ
1497 389 1520 408 M
1531 388 1551 406 v
1562 389 1578 408 1.
1588 389 1604 409 c
1613 389 1628 408 E
1638 389 1657 409 0
1665 401 1672 413 ,
1705 386 1757 408 erc.
1801 383 1991 417 [καταθέλγω]
2036 383 2111 410 Tiro
2126 384 2229 411 libertus
2247 387 2369 414 Ciceronis
2379 392 2406 416 in
2440 387 2452 417 ¹.

1373 418 1477 454 quadam
1497 418 1606 452 epistola
1619 418 1651 444 ad
1671 418 1767 444 Axium
1780 419 1936 453 familiarem
1952 422 2058 454 patroni
2084 422 2124 451 ui,
2147 419 2212 454 apud
2231 421 2298 448 Gell.
2310 430 2335 457 7,
2348 431 2360 455 3
2377 425 2406 452 In

1373 454 1511 489 principiis
1526 459 1629 485 autem,
1648 456 1746 488 inquit,
1761 456 1874 487 patroni,
1888 456 1934 490 qui
1949 464 1997 490 pro
2011 455 2063 481 reis
2083 454 2190 487 dicunt,
2210 457 2349 484 conciliare
2361 458 2407 487 sibi
2450 459 2457 481 J

1348 498 1399 516 oet
1413 490 1575 524 complacare
1596 489 1695 515 iudices
1714 489 1824 515 debent:
1856 492 1994 525 sensusque
2016 500 2109 516 eorum
2129 491 2310 524 expectatione
2323 495 2406 523 causae
2440 482 2457 493 ¹

1375 526 1508 561 suspensos
1515 526 1684 560 rigentesque
1693 524 1849 551 honorificis
1861 526 2069 561 verecundisque
2084 527 2218 552 sententiis
2232 529 2407 564 commulcere,
2440 529 2454 559 3¹

1374 572 1427 588 non
1449 562 1556 588 iniuriis
1576 568 1654 596 atque
1675 560 1822 595 imperiosis
1839 562 2090 589 comminationibus
2103 562 2258 589 confricare.
2328 565 2407 593 Aures

1373 597 1474 624 Arnob.
1490 606 1497 622 1
1513 607 1535 630 p.
1552 605 1586 628 ³3·
1642 596 1711 624 Atld.
1730 597 1768 623 Id.
1784 604 1801 631 7
1822 605 1846 630 p.
1863 604 1912 628 233.

1409 640 1453 659 co
1464 640 1486 658 M
1495 640 1519 658 M
1531 638 1631 659 vLCO
1646 652 1653 665 ‚
1690 636 1743 658 arc.
1780 632 1950 658 Multimodis
1969 634 1994 659 se
2012 633 2188 660 commulcare
2209 632 2306 663 16110115
2335 636 2407 671 Apul,

1372 669 1436 694 Met.
1451 673 1463 697 S
1479 677 1502 702 p.
1518 677 1571 700 214,
1585 676 1623 700 30.
2406 684 2409 689 -

1409 711 1425 730 c
1435 712 1454 730 0
1463 711 1487 730 M
1498 711 1519 729 M
1529 711 1549 729 v
1560 711 1575 730 1.
1585 710 1606 730 G
1616 711 1631 730 E
1643 708 1675 735 0,
1688 703 1725 735 xi,
1740 707 1792 729 ere.
1811 703 1842 729 Et
1853 703 2046 730 commiscendo
2059 714 2141 739 quum
2155 706 2242 731 semen
2255 704 2324 732 forte
2335 706 2408 736 virire
2424 719 2432 741 7

1374 740 1483 766 Femina
1495 740 1652 766 commulxit
1665 739 1751 765 subita
1767 739 1795 765 vi
1812 740 1998 774 corripuitque
2028 740 2129 767 Lucret.
2148 752 2175 774 4,
2194 749 2262 773 ¹203-
2279 742 2320 767 Al.
2334 738 2409 772 alim}

1412 782 1429 802 C
1441 784 1459 802 o
1470 783 1494 801 M
1503 783 1526 801 M
1536 783 1555 801 v
1566 783 1587 802 N
1598 782 1616 802 D
1627 782 1645 801 0
1655 795 1663 807 ,
1689 779 1741 801 310.
1780 776 1845 801 Vasa
1861 774 1933 810 dulci
1949 784 2017 810 aqua
2039 776 2149 803 eluenda
2169 778 2226 803 sunt
2246 782 2271 802 ct
2284 780 2371 804 comm:
2386 773 2406 786 ²¹
2425 762 2431 786 Ι

1373 811 1457 838 danda
1481 811 1587 838 Colum.
1604 820 1638 843 12,
1655 816 1688 842 18,
1701 819 1722 843 3.
2401 820 2405 834 ·.
2426 829 2430 842 ,

1409 855 1425 874 C
1436 854 1454 873 0
1464 854 1487 873 Μ
1498 854 1521 873 Μ
1531 853 1581 874 VN
1592 854 1610 873 D
1619 854 1639 873 Λ
1650 853 1671 873 Τ
1681 854 1700 873 ν
1710 854 1734 878 s,
1754 856 1777 879 a,
1796 855 1851 873 nm.
1874 847 1940 873 Part.
1975 846 2090 879 Ornata,
2103 856 2157 873 non
2177 853 2265 874 tamen
2284 855 2366 875 comm
2377 855 2401 880 j·

1374 883 1434 909 data
1442 883 1572 918 leian.l.
1587 890 1616 915 25
1632 881 1654 920 §.
1670 891 1698 908 10
1711 883 1741 908 D.
1756 883 1787 908 dc
1798 891 1879 914 auro,
1899 891 1953 916 arg.
1969 889 2014 909 etc.
2051 884 2198 918 Petron.47
2219 884 2360 910 Commun
2431 895 2433 910 ε

1373 919 1407 946 ad
1428 919 1616 954 Symphoniam
1639 918 1740 944 mensis.
1811 918 1938 944 1u1.0bs.
1954 926 1990 951 115
2025 919 2139 953 Gregem
2159 925 2340 946 matronarum
2378 922 2399 935 -”
2431 937 2434 942 -

1374 956 1589 981 commundatnm
1607 953 1843 989 supplicationibus
1860 953 1980 980 habitis<
2360 983 2363 986 ,
2378 951 2379 954 ’
2393 971 2395 973 -

1411 998 1428 1018 c
1437 998 1455 1017 o
1466 998 1489 1017 M
1499 998 1522 1016 M
1532 997 1551 1016 v
1562 998 1584 1017 N
1596 998 1604 1017 1
1615 997 1631 1017 c
1640 997 1657 1017 Ε
1667 997 1682 1016 P
1691 998 1704 1017 5
1713 1010 1720 1022 ,
1746 990 1806 1025 ipis.
1826 998 1862 1016 m.
1898 989 2017 1025 inscript.
2032 996 2071 1025 ap.
2086 989 2174 1016 Const.
2188 989 2307 1017 Landum
2319 989 2348 1017 in
2416 1023 2417 1026 Ἴ

1372 1028 1460 1054 misni.
1479 1036 1502 1061 p.
1519 1032 1552 1056 18.
2366 1031 2386 1054 ζ’
2399 1027 2417 1038 “

1413 1069 1430 1090 c
1443 1067 1676 1095 OMMVNOEO,
1702 1067 1749 1089 co
1762 1068 1944 1093 MMVNIO,
1977 1061 2048 1094 onis,
2079 1060 2134 1088 vid.
2163 1067 2384 1088 COMMV‘Nl

1412 1106 1429 1126 C
1440 1105 1458 1125 0
1470 1106 1494 1125 M
1506 1105 1528 1124 M
1540 1099 1562 1124 V*
1571 1105 1592 1124 N
1602 1105 1610 1124 1
1622 1104 1640 1124 0
1653 1118 1661 1130 ,
1677 1098 1728 1129 ini,
1748 1101 1826 1130 itum,
1845 1101 1892 1124 ire.
1930 1096 2062 1131 [ἐχυρόω]
2097 1098 2195 1124 Circum
2208 1100 2310 1124 mmzire.
2367 1108 2381 1130 .'

1377 1135 1441 1161 Bell.
1457 1135 1524 1161 Gall.
1542 1142 1561 1166 1,
1576 1138 1588 1163 8
1620 1133 1748 1160 Praesidia
1768 1133 1903 1168 disponit,
1930 1133 2031 1159 castella
2045 1133 2210 1165 communit,
2237 1141 2292 1168 quo
2305 1127 2377 1160 facil
2392 1144 2406 1162 1,

1376 1171 1393 1197 11
1409 1171 1434 1197 se
1447 1171 1534 1197 inuito
1549 1169 1656 1196 transire
1669 1176 1843 1202 conarentur,
1864 1168 2008 1204 prohibere
2021 1169 2103 1204 poslit.
2158 1169 2228 1196 Loca
2241 1168 2350 1196 castellis
2363 1168 2369 1174 ”
2402 1183 2411 1194 τ

1375 1215 1424 1232 1103
1447 1207 1516 1241 Nep.
1539 1215 1558 1237 1,
1572 1214 1594 1238 c,
1609 1214 1627 1231 1.
1700 1206 1876 1232 Communire
1895 1205 1969 1231 aulae
1987 1205 2172 1232 auctoritatem
2182 1225 2191 1237 ‚
2214 1212 2262 1241 per
2274 1211 2347 1239 trans

1374 1252 1427 1269 nem
1449 1243 1505 1269 Cic.
1520 1243 1591 1268 Fam.
1608 1248 1642 1274 15,
1656 1251 1682 1275 4.
1718 1242 1791 1277 Conf.
1807 1242 1875 1276 Nep.
1890 1248 1917 1276 7,
1930 1248 1955 1276 7.
2370 1247 2376 1274 J
2436 1236 2438 1245 '

1414 1284 1431 1305 C
1443 1285 1462 1305 0
1471 1286 1494 1304 M
1505 1285 1557 1304 MV
1567 1285 1589 1304 N
1600 1278 1665 1303 1‘Tv
1674 1285 1697 1309 s,
1712 1286 1736 1310 a,
1752 1286 1806 1304 nm.
1827 1277 1921 1303 Partic.
1942 1276 2118 1312 [ὠχυρωμένας]
2138 1276 2196 1303 Cic.
2207 1285 2256 1312 pro
2267 1275 2377 1304 (3300111.-

1377 1316 1452 1348 Qtae
1466 1323 1548 1349 quium
1564 1313 1654 1340 omnia
1671 1320 1715 1340 tua
1733 1314 1790 1340 iure
1803 1312 1930 1348 mancipii
1943 1313 2007 1345 sint,
2027 1321 2056 1339 ea
2071 1312 2179 1347 possisne
2192 1313 2323 1345 retinere,
2345 1311 2373 1339 si=

1375 1359 1436 1377 rum
1455 1350 1486 1377 sit
1505 1349 1699 1376 communitum
1725 1349 1783 1382 1115,
1810 1356 1854 1375 etc.
1928 1349 2101 1375 communita
2119 1349 2193 1376 causa
2209 1348 2299 1375 Roscii
2312 1347 2329 1374 fi

1375 1387 1425 1413 mis
1440 1393 1466 1413 et
1486 1385 1646 1412 sanetiffimis
1659 1385 1819 1411 testimoniis
1839 1384 1913 1411 Idem
1926 1393 1975 1420 pro
1983 1384 2183 1419 Rosc Com.43
2198 1394 2218 1411 c.
2232 1391 2268 1418 15.
2312 1384 2371 1410 Co

1375 1423 1456 1451 armis
1470 1421 1649 1448 communitae
1670 1421 1740 1447 Flor.
1754 1430 1776 1453 3,
1793 1430 1830 1454 19,
1845 1429 1875 1447 11.
2411 1447 2413 1450 ,

1413 1465 1429 1486 c
1439 1466 1457 1485 0
1467 1465 1490 1484 Μ
1501 1466 1525 1484 M
1536 1465 1555 1484 v
1565 1465 1585 1484 N
1596 1465 1604 1483 1
1616 1464 1637 1483 T
1648 1464 1657 1482 1
1670 1463 1689 1483 o
1699 1477 1706 1488 ,
1732 1457 1800 1483 onis.
1827 1457 1845 1483 f.
1884 1456 1940 1483 Cic.
1955 1455 1986 1482 de
1998 1456 2073 1483 Orat.
2088 1464 2114 1488 2,
2126 1463 2175 1488 320
2192 1465 2213 1482 c.
2228 1463 2263 1491 79
2283 1454 2374 1482 Aditus
2426 1456 2450 1481 lc

1375 1496 1477 1521 cansam
1492 1500 1517 1521 et
1530 1493 1708 1520 communitio
1720 1514 1728 1526 ,
1748 1493 1776 1519 de
1791 1492 1900 1519 exordio.
1938 1492 1997 1520 ‘Sed
2009 1493 2081 1518 Grut.
2097 1491 2225 1518 Munitio.
2260 1493 2347 1521 Plura,
2368 1519 2374 1523 ,
2394 1522 2397 1523 .
2444 1491 2446 1493 ’

1984 1528 2088 1555 Totam
2105 1488 2413 1582 communitionem&
2429 1533 2440 1549 ⁴

1367 1530 1436 1564 fidia
1452 1538 1501 1565 pro
1517 1529 1704 1556 Communitio
1716 1529 1802 1555 laudat
1815 1530 1912 1555 Pearce.

2366 1580 2369 1590 ¹-
2379 1579 2381 1581 ¹
2392 1581 2401 1590 0

1410 1608 1457 1639 90
1466 1609 1490 1628 M
1499 1609 1523 1628 M
1534 1602 1554 1627 ὗ
1562 1608 1584 1628 N
1594 1608 1603 1627 1
1613 1608 1626 1627 s
1635 1621 1644 1633 ,
1657 1608 1680 1626 e.
1698 1599 1759 1626 Adi.
1776 1599 1883 1633 [κοινός]
1905 1598 1978 1635 Qeod
1984 1601 2090 1626 omnium
2098 1596 2140 1632 est,
2154 1598 2223 1636 quasi
2230 1597 2285 1632 ellit
2292 1593 2429 1640 &Compi

1374 1647 1483 1664 munus:
1501 1647 1530 1664 ac
1544 1637 1635 1663 duobus
1649 1635 1728 1662 modis
1740 1639 1864 1670 accipitur
1872 1646 1879 1660 .·
1894 1645 1943 1661 vno
1955 1635 2024 1661 modo
2032 1636 2182 1662 Commune
2196 1634 2351 1670 appellamus,
2357 1631 2429 1672 quigdl

1375 1671 1409 1706 est
1423 1673 1539 1704 fitiorum,
1553 1679 1597 1698 aut
1601 1673 1713 1707 plurium
1720 1682 1730 1702 ;
1748 1678 1789 1703 vt,
1798 1671 1884 1698 Paries
1900 1671 2217 1702 communis,comm1mis
2231 1670 2336 1697 domus:
2348 1673 2430 1706 11141ρῃ

1374 1709 1462 1734 harum
1481 1717 1564 1734 rerum
1582 1710 1745 1732 communium
1764 1707 1837 1741 causa
1850 1710 1966 1742 competit
1984 1706 2056 1733 actio
2070 1707 2207 1733 communi
2228 1705 2374 1733 diuidundo
2380 1711 2427 1743 fiat

2292 91 2403 144 ,1064τ

2379 1414 2391 1421 ν

2377 1414 2425 1441 11.*

1375 1781 1464 1806 Altero
1482 1778 1550 1805 modo
1571 1777 1732 1804 Communia
1751 1776 1870 1807 dicimus,
1901 1786 1961 1812 quae
1976 1788 1992 1804 a
2011 1781 2105 1804 nemine
2112 1779 2176 1814 sunt
2191 1774 2325 1814 occupata,
2348 1785 2378 1804 ne
2422 1784 2431 1805 11

1371 1813 1489 1849 posti-lla,
1515 1821 1538 1839 et
1558 1812 1658 1848 poffimt
1674 1812 1737 1848 ficri
1761 1815 1920 1847 occupantis,
1953 1819 1983 1838 vt
2003 1814 2079 1847 Aqua
2100 1814 2250 1847 profluens,
2274 1815 2336 1846 a'e'r,
2358 1808 2420 1844 lim·
2438 1825 2439 1829 ¹

1376 1850 1467 1882 maris,
1480 1856 1504 1874 et
1516 1856 1611 1875 caetera
1624 1847 1653 1874 id
1664 1857 1755 1884 genus.-
1773 1857 1876 1883 quarum
1889 1858 1972 1875 rerum
1984 1848 2056 1884 causa
2071 1858 2120 1874 non
2133 1848 2208 1876 datur
2222 1848 2290 1876 aHio
2303 1858 2355 1876 com
2422 1845 2423 1848 Ἴ
2438 1852 2439 1855 ’

1375 1884 1510 1910 diuidundo
1517 1884 1585 1920 apud
1594 1883 1793 1918 Iiiriscorficltos.
1814 1884 1963 1910 Commune
1970 1891 2050 1910 autem
2056 1887 2188 1919 opponitur
2196 1880 2427 1920 Ρῐορ1ἱοευιζῦίἄὶ
2438 1890 2439 1913 ξ

1377 1956 1481 1983 doloris
1493 1964 1560 1982 vero
1574 1960 1599 1981 et
1613 1954 1726 1990 periculi
1739 1954 1792 1980 fuit
1804 1953 1850 1980 illa
1864 1955 1939 1980 causa
1953 1956 2109 1982 communis.

1377 1992 1418 2018 813
1432 1991 1518 2018 tribus
1531 1991 1648 2017 dominis
1663 1990 1812 2017 communis
1825 1990 1919 2016 Roma.
1983 1990 2038 2016 Cic.
2052 1989 2084 2017 de
2098 1990 2185 2017 Finib.
2200 1999 2222 2026 3,
2235 2000 2284 2023 30.
2295 1991 2310 2017 ⁴1
2337 1990 2421 2017 Cuius

1376 2029 1436 2055 Vsus
1449 2028 1584 2062 vulgaris,
1610 2026 1812 2061 communisque
1836 2034 1891 2051 non
1903 2025 1943 2051 fit.
1986 2025 2059 2051 Idem
2072 2025 2104 2051 de
2116 2026 2190 2052 Orat.
2207 2035 2228 2059 1,
2240 2031 2273 2060 48
2293 2025 2374 2052 Aliud
2385 2024 2425 2057 0111

1377 2064 1459 2097 0111111,
1475 2065 1523 2090 esse
1537 2062 1666 2090 artificem
1687 2062 1823 2088 cuiusdam
1843 2061 1947 2096 generis
1970 2067 2049 2096 atque
2068 2061 2146 2088 artis:
2162 2061 2234 2087 aliud
2247 2062 2276 2087 in
2287 2067 2374 2087 comm
2389 2063 2407 2090 ἧς
2417 2066 2419 2068 ’

2027 2105 2082 2123 non
2105 2096 2230 2123 hebetem
2252 2105 2300 2123 nee
2321 2087 2434 2136 ι·11ι)“·ἒ’ἱ

2282 2132 2383 2168 Aeqsst
2411 2134 2433 2162 ’ς’

2179 1956 2276 1982 Lucan.
2291 1964 2309 1986 1,
2325 1960 2354 1988 85
2369 1955 2422 1982 'Fa-

1376 2136 1429 2159 Hic
1440 2134 1590 2159 communis
1603 2134 1660 2160 vita
1673 2132 1722 2166 egli,
1744 2143 1817 2168 quam
1829 2132 2013 2168 qnotidianam
2033 2132 2114 2160 dicere
2121 2133 2237 2168 solemus.

1375 2168 1436 2194 litas
1455 2168 1604 2194 communis
1625 2169 1691 2194 iuris
1723 2169 1779 2195 Cic.
1793 2168 1825 2194 de
1839 2169 1913 2195 Orat.
1935 2177 1961 2201 2,
1978 2177 2036 2202 209.
2108 2168 2251 2195 Amicitiae
2264 2176 2370 2200 comm)

1375 2206 1394 2230 i.
1415 2205 1546 2241 Volgares.
1567 2203 1639 2230 Idem
1654 2203 1706 2230 Off.
1720 2212 1743 2236 3,
1757 2211 1789 2237 45
1802 2212 1824 2229 0.
1840 2211 1877 2230 10.
1949 2204 1997 2232 Sed
2008 2204 2166 2231 Amicorum
2179 2204 2271 2231 onmia
2284 2204 2352 2231 sunt·

1376 2240 1469 2266 munia
1489 2239 1526 2265 Id.
1540 2239 1593 2266 Off.
1609 2248 1618 2265 1
1632 2249 1653 2265 c.
1672 2241 1709 2266 16.
1780 2238 1942 2268 Communia
1957 2240 2015 2265 sunt
2033 2239 2182 2266 amicorum
2201 2240 2272 2267 inter
2289 2240 2315 2266 se
2340 2247 2351 2262 ι’Ἰ

1749 2275 1857 2301 Amicus
1871 2275 1980 2309 simplex
1993 2283 2019 2302 et
2031 2276 2196 2310 communis,
2214 2283 2240 2303 et
2254 2276 2348 2303 consen
2367 2287 2369 2297 ³
2398 2275 2402 2277 ’

1376 2311 1460 2346 etqui
1474 2311 1551 2338 rebus
1565 2311 1661 2338 iisdem
1673 2316 1800 2338 mouetur
1831 2311 1887 2337 Cic.
1902 2310 1933 2337 de
1947 2311 2054 2337 Amicit.
2070 2313 2113 2338 66.
2186 2312 2294 2339 Amicus
2309 2319 2340 2342 co
2356 2325 2360 2334 ·
2374 2325 2377 2340 ι,
2406 2318 2407 2321 ’

1376 2347 1433 2379 1115,
1453 2350 1471 2373 i.
1486 2347 1550 2373 idem
1567 2346 1670 2373 duorum
1690 2353 1734 2372 aut
1741 2348 1861 2381 plurium.
1933 2347 2003 2374 Ter.
2018 2348 2114 2374 Heaut.
2133 2355 2156 2381 5,
2171 2357 2199 2381 1,·
2205 2356 2237 2381 39
2257 2349 2381 2382 Qtemq

1378 2383 1475 2408 Animo
1488 2388 1541 2409 tam
1557 2382 1693 2409 communi
1707 2383 1755 2408 esse
1768 2387 1793 2408 et
1807 2382 1861 2408 leni
1873 2384 1965 2416 putas?
2001 2383 2042 2409 Sic
2057 2383 2131 2410 MSS.
2145 2384 2227 2411 Comi
2247 2382 2280 2418 est
2293 2393 2308 2409 a
2360 2389 2367 2403 r
2401 2407 2408 2410 .

1381 2418 1475 2443 Facrno
1490 2418 1638 2453 praesertim
1657 2424 1680 2444 et
1697 2418 1780 2444 Bentl.
1807 2417 1860 2443 vid.
1881 2418 1973 2443 Homo
1987 2419 2152 2448 Communis.
2223 2419 2348 2446 Proculus
2365 2415 2375 2439 ³*
2407 2449 2411 2451 .

1742 2462 1790 2487 pro
1811 2453 1892 2479 socio.
1966 2453 2065 2480 Animo
2085 2462 2114 2484 ac
2132 2454 2270 2481 voluntate
2288 2463 2368 2481 com·
2412 2480 2419 2484 ,

1378 2488 1481 2523 aliquid
1494 2487 1637 2514 defendere
1656 2487 1711 2514 Cic.
1726 2488 1758 2514 de
1769 2489 1847 2515 Prou.
1861 2489 1939 2515 Cons.
1953 2496 1996 2515 20.
2068 2489 2140 2515 Aura
2152 2490 2301 2516 eommunis
2315 2489 2369 2516 dici
2388 2490 2419 2515 2:⁴1

1379 2524 1453 2560 „Quod
1463 2534 1545 2550 omnes
1557 2523 1601 2551 illa
1618 2533 1647 2550 ex
1664 2532 1738 2558 aequo
1750 2523 1880 2559 fruamur.
1900 2524 1982 2551 Ouid.
1996 2525 2061 2551 Met.
2073 2531 2100 2559 7,
2115 2531 2171 2560 127.
2241 2524 2341 2551 Auram
2353 2533 2397 2552 co
2407 2520 2420 2539 ³

1378 2569 1487 2587 munem
1501 2559 1609 2587 haurire
1626 2558 1759 2594 Quinctil.
1776 2561 1794 2585 6
1806 2562 1925 2593 proOem.
1939 2567 1973 2586 12.
2010 2560 2174 2587 Beneuolens
2187 2560 2336 2588 communis
2349 2567 2422 2586 meus

1380 2602 1406 2623 et
1419 2602 1496 2629 tuus,
1513 2599 1532 2622 i.
1547 2598 1642 2622 amicus
1662 2595 1744 2621 Plant.
1759 2595 1842 2621 Trin.
1857 2602 1880 2628 ς,
1893 2603 1919 2627 2,
1934 2603 1975 2628 24.
2039 2595 2143 2622 Bonum
2157 2605 2297 2625 commune
2318 2596 2422 2627 Lucre&

1542 2631 1623 2658 Ouid.
1639 2631 1692 2658 Tr.
1707 2640 1735 2664 4,
1749 2640 1778 2665 4,
1791 2632 1819 2657 16
1840 2631 1890 2657 Res
1904 2629 1940 2656 est
1954 2629 2061 2665 publica
2073 2631 2166 2658 Caesar
2174 2650 2183 2664 ,
2198 2632 2229 2658 Et
2243 2631 2276 2658 de
2288 2639 2378 2660 comm,
2396 2636 2420 2660 ,nji-

1378 2677 1437 2704 pars
1451 2676 1559 2703 quoque
1571 2667 1660 2694 nostra
1673 2667 1748 2693 Bono
1764 2666 1808 2692 est.
1872 2666 2015 2693 Calamitas
2027 2667 2164 2702 vti-iusque
2177 2667 2294 2694 nostrum
2309 2675 2358 2694 con
2370 2664 2387 2674 ’
2401 2683 2403 2688 »
2433 2670 2442 2678 ’

1380 2705 1422 2731 1115
1446 2704 1503 2731 Cic.
1525 2704 1598 2730 Fam.
1620 2711 1658 2736 14,
1678 2711 1701 2735 3.
1773 2702 1873 2729 Causae
1897 2702 2014 2729 forenses
2039 2707 2118 2737 atque
2137 2711 2291 2730 communes
2317 2702 2339 2730 C

1381 2741 1455 2767 Orat.
1477 2748 1503 2772 1,
1522 2747 1566 2772 213
1586 2748 1608 2766 c.
1629 2747 1674 2772 49.
1745 2738 1847 2764 Ciuitas
1867 2737 2148 2764 communis'deorum
2169 2739 2250 2774 at'que
2267 2737 2330 2766 honi

1380 2775 1493 2803 Mundus
1507 2775 1637 2812 uniuersus
1662 2773 1734 2800 Idem
1747 2773 1780 2799 de
1792 2773 1884 2808 Legib.
1907 2783 1928 2807 1,
1942 2782 1977 2806 23-
2041 2774 2170 2801 Conditio
2189 2774 2336 2810 communis

1674 2810 1843 2837 Consuetudo
1856 2810 2005 2836 communis
2018 2809 2146 2845 loquendi
2166 2810 2298 2845 Qiinffll.
2313 2816 2344 2844 11,

1380 2851 1411 2874 it.
1427 2856 1464 2880 12,
1479 2856 1499 2880 ι,
1514 2855 1551 2880 19.
1624 2846 1734 2873 Crimen
1748 2854 1888 2872 commune
1922 2846 1977 2872 Cic.
1994 2845 2022 2872 in
2036 2846 2110 2872 Orat.
2148 2866 2154 2872 .
2191 2866 2198 2873 .
2267 2845 2332 2874 Diui

1380 2883 1533 2915 communi,
1561 2882 1750 2944 Iuris-coniicias
1760 2881 1879 2908 iudicium
1890 2880 1937 2915 cst,
1958 2880 2022 2918 quod
2039 2884 2108 2908 inter
2121 2891 2161 2908 eos
2171 2881 2302 2914 redditur,
2319 2891 2334 2919 q

1379 2929 1451 2956 quam
1463 2919 1515 2946 alia
1537 2925 1609 2954 atque
1622 2927 1653 2944 ex
1688 2916 1838 2944 aereditaria
1856 2917 1929 2954 causa
1942 2926 2087 2944 communem
2106 2917 2222 2951 habent,⁴
2233 2917 2327 2950 diuidi,

1397 2965 1423 2982 ue
1438 2955 1503 2992 quod
1514 2955 1618 2981 alterum
1633 2955 1709 2980 alteri
1722 2962 1751 2979 ex
1763 2953 1823 2979 bono
1841 2959 1864 2978 et
1878 2962 1952 2989 aequo
1965 2950 2095 2988 praestare
2107 2960 2221 2989 oportet,
2238 2953 2296 2981 dari
2304 2953 2367 2991 fieri
2390 2966 2391 2970 ¹
2411 2961 2418 2983 ,2

1373 2965 1482 3025 Jlulant.
1503 2990 1521 3016 l.
1540 2998 1565 3016 2.
1585 2996 1609 3015 rt
1626 2998 1639 3022 3
1664 2990 1695 3016 D.
1710 2989 1815 3015 Comm.
1835 2988 1919 3015 dinid.
1942 2989 2103 3015 Hotomanus.
2173 2989 2259 3017 Dolor
2278 2988 2383 3027 00111111-
2406 2990 2416 3002 “

1381 3027 1438 3056 Cic.
1451 3026 1482 3053 de
1495 3025 1618 3052 Prouinc.
1633 3025 1711 3052 Cons.
1725 3033 1750 3051 2.
1804 3024 2018 3051 Emolumentnm
2027 3030 2056 3052 et
2069 3024 2194 3052 damnum
2205 3029 2345 3052 commune
2372 3030 2377 3041 ²
2410 3039 2412 3041 ·

1379 3064 1410 3091 in
1429 3062 1446 3088 l.
1465 3063 1533 3089 Cum
1554 3060 1666 3088 duobus.
1686 3059 1709 3098 §-
1725 3069 1788 3086 cum
1817 3059 1879 3086 dno.
1898 3060 1930 3086 D.
1945 3069 1994 3095 pro
2013 3060 2094 3087 socio.
2182 3061 2343 3088 Eruditione·
2374 3076 2376 3081 ·
2423 3059 2425 3066 '

1382 3098 1457 3126 muni
1474 3097 1592 3124 imbutus
1613 3097 1685 3132 Aper
1703 3095 1771 3123 Dial.
1791 3095 1824 3122 de
1839 3096 1914 3122 Orat.
1932 3104 1958 3128 2,
1971 3106 1999 3131 4.
2023 3099 2042 3123 i.
2060 3096 2178 3130 ἓγκωιλίῳ
2192 3095 2305 3130 παιδεία,
2334 3111 2339 3120 ι
2364 3099 2378 3131 ιζ
2421 3091 2425 3100 ’

1381 3135 1558 3163 humanitatem
1577 3142 1658 3159 omnes
1675 3132 1802 3159 liberalius
1824 3131 1944 3158 educandi·
1962 3130 2135 3165 instituuntur.
2191 3132 2338 3160 Exordium
2361 3145 2378 3158 1-

2422 2539 2427 2546 x

2354 2909 2385 2940 Α..
2407 2899 2428 2944 3<

1384 3207 1435 3234 Or:
1452 3213 1476 3237 2,
1489 3212 1532 3238 319
1552 3214 1573 3231 c.
1586 3209 1628 3240 78.
1699 3203 1778 3231 Fama
1792 3208 1870 3238 atque
1890 3203 1977 3230 sermo
1990 3212 2140 3231 communis
2169 3204 2242 3231 Idem
2255 3205 2334 3231 Verr.
2410 3221 2417 3230 .=

1382 3242 1422 3269 Id.
1437 3250 1486 3277 pro
1500 3241 1593 3268 Flacco
1609 3249 1642 3273 13.
1667 3238 1669 3242 ’
1704 3238 1772 3266 Filia
1792 3238 1922 3272 Qiinctil.
1936 3247 1958 3272 3,
1974 3247 2004 3266 11.
2061 3240 2180 3267 Fortuna
2196 3239 2275 3267 nobis
2289 3248 2372 3268 cum.
2412 3242 2417 3266 ,1

1384 3277 1491 3313 pinquis
1505 3275 1654 3303 eommunis
1672 3275 1830 3311 plerumque
1858 3275 1914 3302 Cic.
1928 3274 1981 3302 Off.
2000 3283 2018 3307 1,
2033 3279 2070 3308 58.
2143 3276 2194 3303 Per
2211 3279 2350 3303 commun·
2370 3306 2372 3309 .

1384 3322 1427 3349 gas
1440 3310 1576 3346 obtestatur
1588 3312 1701 3339 Medeam
1716 3310 1788 3348 Iason
1801 3316 1841 3345 ap.
1855 3310 1912 3337 Sen.
1926 3310 1997 3337 Med.
2011 3319 2083 3338 1002.
2154 3311 2258 3339 Gaudia
2274 3313 2368 3339 comni

1760 3345 1902 3373 Hereditas
1920 3347 2068 3373 communis
2099 3346 2170 3374 Paul.
2185 3347 2214 3374 in
2227 3347 2244 3374 1.
2269 3348 2305 3374 Ea
2314 3357 2349 3374 v
2361 3354 2370 3367 ’τ

1385 3386 1424 3413 De
1445 3384 1494 3411 illo
1517 3384 1662 3420 quaeritur.
1682 3383 1714 3409 D.
1734 3383 1785 3410 Pro
1797 3382 1878 3408 socie.
1949 3383 2107 3409 Communis
2119 3383 2222 3416 Homo,
2233 3382 2297 3410 idem
2309 3382 2335 3420 f
2360 3386 2369 3412 ,ἕ
2413 3410 2418 3418 ,

1386 3421 1484 3452 comis,
1504 3419 1650 3455 vndefiicpe
1670 3417 1859 3455 confimdmttur
1879 3427 1894 3444 a
1912 3418 2027 3445 librariis
2039 3424 2063 3444 et
2075 3421 2183 3446 criticis.
2205 3419 2207 3422 ’
2255 3419 2310 3446 Cic.
2323 3417 2365 3446 de

1385 3467 1407 3484 c.
1423 3463 1452 3492 17
1487 3457 1664 3483 Communem
1684 3459 1763 3490 atque
1781 3452 1925 3489 humanum
1952 3462 2013 3488 erga
2033 3453 2195 3486 Lysandrum
2215 3454 2295 3482 fnisse
2342 3465 2360 3475 ἰ

1385 3501 1458 3529 quam
1468 3488 1595 3518 leslionem
1607 3497 1688 3521 tuetur
1696 3491 1824 3527 Graeuius.
1860 3490 1930 3516 Suet.
1938 3488 2031 3530 Claud.
2039 3498 2061 3516 c.
2069 3497 2098 3516 21
2117 3489 2322 3526 Nequevllosp

1344 3532 1377 3559 95
1385 3536 1480 3564 genere
1492 3526 1663 3553 communior
1675 3531 1720 3552 ant
1730 3524 1858 3551 remissior
1875 3531 1944 3552 erata
1974 3526 2006 3552 Et
2018 3524 2119 3560 Vespas.
2133 3533 2155 3551 e.
2171 3534 2204 3553 22
2223 3525 2305 3561 Super
2320 3527 2358 3530 ’

1385 3569 1473 3591 autem
1486 3568 1512 3589 ct
1525 3562 1627 3597 semper
1640 3561 1703 3588 alias
1717 3560 1957 3594 eommunislimus,
1977 3560 2061 3588 multa
2076 3560 2138 3587 ioco
2155 3560 2321 3596 transigebat.
2356 3564 2367 3590 ἐ·
2412 3592 2413 3595 ¹

1386 3598 1422 3627 ad
1432 3600 1497 3626 Aen.
1511 3603 1534 3631 8,
1548 3605 1598 3633 275
1623 3597 1854 3632 Communemque
1866 3603 1959 3624 vocate
1972 3597 2073 3629 Deum,
2089 3594 2251 3629 humanum,
2269 3596 2346 3624 ben'e

1387 3635 1574 3670 φιλάνθρωπον,
1590 3633 1700 3660 vnde-et
1713 3641 1865 3659 communes
1881 3632 2004 3660 homines
2022 3630 2143 3658 dicimus.
2216 3633 2271 3659 Cic.
2285 3626 2359 3664 Fani
2406 3625 2413 3634 '¹

1388 3671 1454 3698 Eum
1473 3670 1556 3705 magis
1578 3677 1744 3696 communem
1763 3668 1896 3695 censemus
1917 3668 1946 3695 in
1965 3666 2080 3695 viatoria
2099 3666 2221 3694 futurum
2239 3665 2370 3698 suffles-“⁴
2409 3689 2412 3691 ,

1345 3713 1380 3732 00
1388 3705 1496 3734 incertis
1510 3705 1588 3732 rebus
1600 3705 1695 3732 fuisset.
1749 3705 1830 3731 Etiam
1843 3704 1885 3731 bic
1897 3703 2024 3730 IeHiwm
2036 3701 2101 3728 hanc
2113 3709 2197 3730 tuetur
2208 3703 2328 3731 Graeufus
2354 3707 2367 3735 45
2410 3703 2412 3705 ’

1387 3751 1441 3776 ευτ’,
1453 3744 1497 3779 qui
1512 3749 1614 3768 comem
1627 3747 1742 3776 reponere
1754 3740 1849 3766 volunt.
1918 3737 1989 3773 Nep.
2003 3736 2056 3764 Att-
2072 3745 2084 3770 3
2105 3738 2158 3765 1-110
2171 3744 2258 3766 autem
2272 3737 2306 3765 sie
2317 3737 2334 3764 s
2356 3737 2364 3744 ⁹

1387 3777 1449 3811 bat,
1469 3782 1498 3805 vt
1516 3776 1664 3803 comnmnis
1682 3774 1796 3807 infimis,
1809 3783 1856 3810 par
1868 3772 2031 3810 principibus
2044 3772 2188 3801 videretur.
2235 3773 2292 3801 vid.
2313 3773 2334 3800 A

1388 3813 1536 3840 communis
1554 3821 1587 3839 ex
1605 3811 1675 3839 Ter.
1695 3810 1790 3838 Heaut.
1810 3818 1832 3844 ς,
1847 3818 1868 3844 1,
1885 3808 1925 3843 3'9.
1996 3808 2064 3836 Add.
2080 3809 2165 3848 HeinJi
2177 3815 2202 3836 et
2215 3810 2298 3836 Burm.

1389 3847 1471 3876 Ouid.
1484 3848 1537 3876 Tr.
1552 3856 1581 3882 4,
1593 3855 1659 3882 4,.13
1690 3845 1746 3887 Ipse
1758 3852 1832 3880 pater
1844 3844 1943 3880 patriae
1968 3843 2050 3879 (quid
2068 3845 2140 3872 enim
2158 3844 2263 3872 ciuilius
2275 3843 2328 3874 iilo,
