2474 4182
268 44 366 107 dm
391 42 795 126 Chrgstophorm
824 36 1135 118 Breitkopfi
1165 36 1283 98 fiue
1314 38 1544 117 propria
1563 38 1893 102 auctoritate
1906 86 1924 115 ,
1950 35 2068 98 siue
2085 32 2376 117 Magistra-

266 169 358 213 tus
388 150 526 209 illius
566 146 672 205 loci
708 141 910 204 auxilio
937 138 1040 204 fibi
1069 142 1353 204 vindicare
1382 153 1687 223 poterunt)
1714 144 1786 204 de
1815 141 1972 206 facto
2001 141 2376 224 primmdum,

268 255 362 317 sed
383 269 440 313 et
460 252 658 311 decem
674 249 1006 309 Marcarum
1033 250 1179 309 Auri
1208 248 1338 329 puri
1370 267 1561 328 poena
1582 249 1817 310 Aerario
1847 248 1941 310 seu
1969 245 2128 310 Fisco
2154 242 2374 307 Nostro

268 355 538 422 Caesareo
566 369 625 414 et
643 354 789 434 parti
809 352 979 414 laesae
997 375 1068 415 ex
1087 374 1275 436 aequo
1294 352 1791 435 pendenda,omni
1812 351 1908 437 spe
1928 352 2125 415 veniae
2142 345 2375 427 sublata,

264 457 662 525 mulctandum
682 458 1067 537 decernimus,
1088 460 1412 521 dummodo
1432 477 1603 521 tenor
1624 458 1791 520 huius
1811 459 2008 521 Nostri
2018 453 2301 536 Priuilegii
2317 454 2376 514 in

261 570 475 629 Fronte
493 565 643 627 Libri
670 560 962 643 impressus
989 566 1328 644 reperiatur,
1360 580 1420 626 et
1445 563 1716 626 consueta
1733 566 1994 647 quinque
2013 559 2376 642 Exemplaria

191 694 196 699 ·
258 671 511 734 Consilio
527 668 743 730 Nostro
765 668 1053 748 Imperiali
1073 670 1289 731 Aulico
1319 671 1712 731 exhibeantur.
1801 671 2155 732 Mandamus
2187 669 2373 749 itaque

257 778 537 839 omnibus
562 788 621 834 et
639 772 874 856 singulis
891 769 1118 833 Nostris
1136 787 1196 833 et
1212 774 1360 835 Sacri
1371 775 1617 836 Romani
1635 775 1867 858 Imperii
1896 774 2126 838 subditis
2153 789 2211 835 et
2238 770 2374 834 fide-

256 883 399 945 libus
426 878 641 941 dilectis
653 927 671 956 ,
691 894 808 939 tam
827 877 1232 949 EcclesiasticiS,
1251 899 1434 962 quam
1454 879 1842 942 Saecularibus
1863 881 2253 961 cuiuscunque
2275 877 2375 939 sta-

254 1006 344 1050 tus
357 1037 374 1065 ,
394 985 635 1068 gradus,
657 983 972 1065 dignitatis,
995 1000 1092 1046 aut
1110 985 1322 1046 ordinis
1339 985 1574 1064 fuerint,
1599 984 1922 1066 praesertim
1942 1007 2081 1049 vero
2101 987 2188 1064 iis,
2206 984 2302 1066 qui
2317 984 2376 1044 in

252 1092 590 1174 Magistratu
611 1087 918 1151 existentes
939 1090 1028 1150 vel
1050 1086 1273 1167 suo‚vel
1293 1090 1665 1173 superiorum
1684 1086 1916 1154 suorum
1935 1094 2063 1154 loco
2080 1105 2174 1153 aut
2193 1091 2375 1152 nomi-

254 1222 328 1261 ne
356 1202 444 1260 ius
471 1196 864 1275 iustitiamque
899 1193 1315 1274 administrant,
1357 1217 1432 1258 ne
1460 1216 1820 1279 quemquam
1847 1199 2231 1281 Priuilegium
2260 1195 2376 1257 hoc

253 1303 533 1368 Nostrum
551 1299 892 1363 Caesareum
919 1303 1165 1382 impune
1186 1300 1418 1381 violare,
1438 1301 1706 1384 spernere
1725 1318 1822 1366 aut
1840 1303 2152 1386 transgredi
2168 1302 2376 1384 patian-

251 1425 371 1482 tur,
390 1407 485 1470 sed
513 1405 557 1468 fi
582 1427 730 1488 quos
750 1420 1119 1467 contumaces
1135 1409 1548 1488 compererint,
1570 1409 1877 1473 constituta
1900 1432 1932 1472 a
1951 1410 2141 1472 Nobis
2160 1406 2378 1470 mulcta

250 1536 349 1577 eos
371 1514 581 1597 puniri,
605 1529 662 1574 et
679 1512 1128 1594 quibuscunque
1149 1512 1343 1574 modis
1359 1514 1574 1576 idoneis
1593 1518 1838 1579 coerceri
1856 1531 2076 1595 curent,
2086 1529 2377 1598 quatenus

249 1638 311 1682 et
332 1617 439 1703 ipfi
459 1614 850 1703 grauiffimam
859 1617 1133 1681 Nostram
1151 1618 1614 1702 indignationem
1625 1623 2105 1705 praedictamque
2115 1639 2377 1704 poenam

247 1728 459 1788 euitare
494 1725 796 1791 voluerint.
899 1724 1126 1785 Harum
1169 1723 1524 1788 Testimonio
1579 1728 1906 1805 literarum,
1948 1729 2128 1790 Manu
2164 1724 2377 1791 Nostra

246 1829 687 1912 subscriptarum
708 1843 766 1890 et
785 1825 941 1910 figilli
951 1829 1151 1890 Nostri
1165 1829 1420 1891 Caesarei
1441 1831 1802 1911 appreffione
1824 1836 2203 1911 munitarum,
2225 1852 2374 1914 quae

247 1937 531 1999 dabantur
549 1936 806 1998 Viennae
827 1935 940 1996 Die
964 1934 1233 2019 vigesima
1263 1936 1453 2016 prima
1476 1932 1611 1994 Maii
1630 1934 1812 1995 Anno
1832 1937 2137 2001 millesimo
2163 1937 2374 2022 septin-

247 2041 567 2125 gentesimo
587 2038 1035 2124 quadragesimo
1051 2039 1294 2120 octauo,
1322 2040 1508 2121 Regni
1535 2037 1728 2103 Nostri
1756 2041 1942 2103 tertiO.

389 2327 1684 2438 FRANCISCVS‚=mppr·

646 3242 762 3324 Vt.
801 3244 887 3325 Ii'.
910 3246 964 3324 l.
990 3243 1228 3324 Comes
1265 3217 1654 3341 Colloreffi,
1734 3266 1972 3345 mppr.

1375 3738 1431 3780 Ad
1455 3741 1659 3780 Mandatum
1680 3739 1774 3777 Sacr.
1801 3736 1935 3786 Caesar.
1964 3735 2158 3783 Maiestatis
2182 3737 2354 3790 proprium

1453 3841 1473 3887 Ι
1477 3879 1482 3885 .
1499 3843 1527 3889 Ῐ.
1540 3838 1729 3901 Hayeck·
1753 3838 1809 3885 de
1819 3838 1879 3885 W
1880 3837 2130 3886 aldstiitten.
2143 3851 2288 3900 mppr.
