2474 4182
296 170 364 210 915
670 154 704 193 C
805 151 822 190 Ι
921 147 954 189 R

334 252 352 273 c
365 253 401 273 ιιι
414 249 432 272 c
442 250 464 271 v
473 252 498 272 M
509 249 526 272 c
535 251 556 272 o
564 251 583 272 R
594 251 612 272 n
623 251 632 270 1
643 251 664 270 A
673 250 689 268 L
700 250 708 268 1
719 249 731 268 s
740 261 749 273 ‚
769 250 792 266 e.
828 239 912 266 Calor
925 237 1152 266 circumcordiaiis
1177 236 1296 264 Tertull.
1311 234 1343 261 de

297 283 394 309 Anima
408 291 430 308 c.
445 290 487 316 43.
558 282 588 307 Et
601 278 708 313 Sanguis
722 275 949 302 circumcordialis
977 275 1047 302 Ibid.
1062 285 1083 302 c.
1100 283 1134 306 ις.

334 323 494 345 CiRcvM
507 321 658 345 chco,
682 318 775 339 CIRC
788 316 1072 344 VMCALco,are.
1109 305 1342 348 [περικατακατέω]

296 353 429 381 Columel.
444 362 467 386 ς,
480 355 506 384 6,
523 360 549 378 21
568 351 594 376 Si
607 350 694 375 minus
707 355 778 374 terra
791 347 912 380 subacta,
929 348 1095 382 operiamus,
1117 351 1141 371 et
1158 341 1343 370 circuniculce-

296 399 355 418 mus
368 389 452 424 ipsum
468 386 574 414 seminis
586 385 712 411 codicem.
746 385 810 410 Alia
823 385 970 419 exemplaria
986 383 1075 409 babent
1094 379 1344 419 Circiimcalceinius.

297 427 330 453 Et
343 434 364 459 5,
378 428 404 457 6,
418 430 430 454 8
452 424 487 450 Ac
510 422 653 455 diligenter
679 419 889 446 circumculcari.
925 420 969 446 Al.
994 419 1095 444 circum
1121 415 1216 442 calcari
1235 413 1340 452 diuiyjm.

295 462 345 489 Sic.
362 461 444 487 Flacc.
460 468 484 493 p.
501 459 518 483 6
538 457 606 493 Goefi
626 455 745 482 Adieffls
765 456 845 482 etiam
865 454 1023 490 quibusdam
1050 453 1179 479 Saxorum
1205 449 1344 483 fragmini-

295 497 345 524 bus
354 517 362 528 ‚
383 492 617 522 circumcalcabant
628 495 763 525 terminos,
784 500 838 526 quo
851 491 954 517 firmius
967 490 1071 516 starent.

334 539 351 558 c
362 539 397 558 1R
407 536 424 557 C
436 537 490 556 VM
502 536 519 556 c
531 535 551 554 v
561 535 580 555 R
588 535 608 555 R
618 535 636 554 ο
646 548 654 561 ,
676 529 730 555 ὅτε.
765 527 938 564 [ηιριτρὲχω]
973 526 1077 559 Eaeque
1089 523 1178 549 corsae
1191 530 1252 548 cum
1264 519 1342 548 astra-

294 568 360 604 galis
376 566 585 592 circumcurrant
604 564 674 590 Vitr.
687 573 717 598 4,
732 565 757 589 6.
1019 595 1024 601 θ
1076 595 1081 599 -
1284 592 1288 596 ¹

332 609 350 629 c
361 609 398 628 1R
409 607 426 627 c
439 607 458 626 ν
468 607 493 626 Μ
505 605 522 626 c
534 607 582 626 vn
591 606 610 626 R
621 606 667 627 EN
678 607 707 632 s,
730 599 806 626 entis.
839 599 933 626 Partic.
971 594 1103 630 Qunffll.
1117 603 1137 626 1,
1151 603 1190 626 10,
1200 602 1239 627 40
1259 592 1342 618 Linea

293 639 511 668 circumcurrens,
529 639 546 662 i.
562 636 708 672 peripheria
722 637 819 662 circuli.
891 636 923 661 Et
938 641 963 664 2,
975 641 1014 664 21,
1029 639 1046 666 7
1073 632 1148 657 Hanc
1160 635 1247 670 autem
1261 637 1342 668 quam

292 683 341 700 nos
367 672 506 699 materiam
526 680 667 704 vocamus,
686 671 735 698 i.e.
754 681 794 699 res
808 669 953 701 subiectas,
975 668 1083 703 quidam
1102 665 1185 693 ruodo
1199 664 1343 705 infinitam,

292 709 375 737 modo
389 717 443 735 non
456 707 592 742 propriam
606 707 760 734 Rhetorices
775 708 823 734 effe
837 706 975 736 dixerunt,
996 712 1108 744 eamque
1126 708 1210 729 artem
1230 708 1342 726 circum-

292 751 442 772 currentem
455 750 635 775 vocauerunt,
655 743 727 778 quod
740 743 769 769 in
782 742 857 769 omni
871 741 983 768 materia
1002 739 1108 766 diceret.

330 787 347 806 c
359 788 395 807 ιιι
405 785 422 806 c
433 787 454 806 ν
464 785 516 806 MC
527 786 659 811 vRs10‚
676 779 743 805 onis.
780 779 799 804 f.
837 777 915 812 Apul.
933 777 999 803 Met.
1018 783 1034 807 9
1054 784 1079 809 p.
1100 782 1160 805 222,
1174 780 1210 810 4¹·
1227 768 1342 807 Vngulas

291 816 434 850 multiiuga
470 815 691 844 circumcursione
722 815 750 841 in
783 821 894 841 enorme
924 811 1067 846 vestigium
1094 806 1211 843 porrce‘u
1220 827 1228 839 ‚
1249 805 1278 830 de
1297 806 1342 838 aji-

290 855 332 879 m's
353 850 479 888 pistoriis.
1093 878 1098 883 .
1198 877 1203 882 ⁷

330 894 348 914 C
362 895 370 913 1
382 895 400 914 R
412 893 429 916 C
440 894 462 912 V
471 894 496 914 M
507 893 524 914 C
535 894 556 913 V
564 894 583 914 R
593 895 606 914 s
615 894 633 913 0
643 907 652 920 ,
681 891 733 913 are.
770 883 988 921 [περιτρέχομαι]
1024 878 1160 906 Lechcula
1181 884 1342 903 circumcur-

290 925 348 951 sare
375 924 431 950 Cic.
446 924 518 950 Fam.
532 931 559 958 7,
575 932 585 950 ι
605 924 638 949 al.
653 922 816 949 concursare.
1074 950 1079 955 ,

290 959 515 991 circumcursant,
533 965 612 994 atque
626 959 654 985 in
668 958 777 985 latebris
790 955 915 983 omnibus
930 957 1082 986 pei-reptatu
1095 958 1224 985 quaerere
1239 949 1342 974 conser-

290 1004 361 1022 vam.
397 996 452 1022 Hac
467 994 528 1021 illac
542 995 731 1025 circumcursa,
751 989 941 1019 inueniendum
955 987 991 1015 est
1004 993 1095 1014 tamen
1113 991 1253 1021 argentum
1272 984 1341 1011 Ter.

290 1032 388 1059 Heaut.
404 1039 426 1064 3,
440 1040 467 1063 2,
481 1039 500 1057 ι.
571 1031 676 1057 Lucrcr.
692 1038 718 1062 4,
732 1037 785 1061 402

447 1066 523 1093 Atria
536 1066 652 1097 versari,
669 1072 694 1090 ct
713 1061 918 1089 circumcursare
938 1059 1078 1086 columnae

447 1103 536 1137 Vsque
551 1102 616 1128 adeo
637 1101 666 1126 fit
686 1099 726 1125 vti
746 1098 833 1132 pueris
847 1096 1006 1127 videantur,
1021 1094 1070 1122 vbi

445 1138 495 1172 Ipfi
510 1137 639 1163 desierunt
652 1135 737 1166 verti,
755 1134 802 1160 vix
816 1138 845 1159 vt
864 1133 918 1159 iam
932 1131 1038 1158 credere
1058 1129 1150 1165 possint

448 1174 513 1200 Non
525 1173 601 1206 supra
617 1171 642 1196 se
656 1171 682 1196 se
695 1178 773 1196 ruere
785 1168 876 1195 omnia
890 1167 958 1195 tefta
972 1167 1082 1193 minari.

289 1208 409 1236 Laciant.
424 1210 505 1240 6‚·1z‚
522 1215 549 1233 iz
567 1209 604 1233 Ex
613 1206 718 1243 persona
732 1206 874 1237 Ciceronis,
902 1204 951 1231 Tu
975 1202 1045 1229 mihi
1069 1210 1115 1237 per
1135 1209 1228 1241 omnes
1252 1204 1341 1233 portas

289 1244 477 1273 circumcurses
486 1263 494 1275 ‚
514 1248 543 1269 vt
579 1257 626 1263 —-
660 1241 830 1268 aduenientes
864 1254 911 1259 ——
948 1238 1058 1265 domum
1071 1245 1144 1265 tuam
1164 1241 1270 1263 inuites.

327 1284 509 1306 cmcvmc
521 1284 694 1310 VRSANS,
714 1277 790 1304 antis.
809 1276 903 1304 Partic.

286 1317 343 1343 sans
357 1314 407 1340 huc
420 1314 486 1340 illuc
498 1315 572 1349 saepe
584 1313 700 1349 Cupido.
1146 1344 1151 1349 ,
1216 1343 1220 1348 ,
1272 1342 1276 1347 .
1329 1341 1335 1346 ‚

326 1356 344 1376 c
356 1357 392 1377 in
404 1355 421 1376 c
433 1357 453 1376 v
463 1357 488 1377 M
497 1357 515 1377 n
524 1357 541 1377 E
551 1356 572 1375 N
582 1357 595 1377 s
603 1357 625 1376 A
634 1356 656 1376 Τ
664 1357 685 1376 ν
694 1357 707 1376 s
715 1369 722 1382 ‚
737 1358 762 1381 a,
770 1357 824 1375 um.
860 1347 1014 1382 Cuiiugera
1027 1345 1113 1373 multa
1125 1348 1236 1371 nitentis
1243 1343 1337 1369 Vineti

286 1387 358 1421 sepes
372 1386 579 1413 circumdensata
595 1387 701 1412 co‘e'rcet
734 1386 828 1411 quen.
842 1392 872 1417 3,
886 1391 938 1419 7ι3.
1239 1414 1245 1418 .
1332 1412 1338 1416 Α

326 1428 343 1448 c
355 1429 365 1447 1
374 1429 392 1448 R
403 1427 420 1448 C
431 1429 452 1448 v
461 1429 486 1449 Μ
495 1428 513 1449 C
524 1429 578 1448 OM
587 1429 602 1448 P
612 1429 628 1448 L
637 1428 654 1448 E
663 1428 711 1449 xv
720 1429 732 1447 s
742 1441 749 1454 ,
769 1430 799 1454 a,
819 1429 874 1446 um.
910 1420 1018 1446 quenc.
1029 1426 1058 1451 4,
1072 1422 1099 1447 81
1132 1414 1193 1442 Ales
1206 1419 1247 1441 vti
1260 1412 1341 1439 molli

285 1458 365 1486 solita
377 1457 414 1484 est
427 1457 476 1485 sub
489 1466 601 1493 corpore
612 1457 698 1492 pullos
716 1457 813 1484 Obiice
826 1464 972 1491 pennarum
985 1451 1224 1487 circumcomplexa
1237 1450 1340 1476 fouere.
1359 1463 1387 1489 35
1404 1451 1520 1485 pertinet
1534 1460 1548 1476 a
1562 1450 1642 1477 natali
1656 1450 1688 1477 ad
1702 1450 1774 1477 diem
1787 1456 1936 1477 extremum
1950 1450 2008 1477 sen,
2022 1451 2067 1485 Ep,
2082 1459 2116 1477 12.

284 1493 334 1523 Sed
344 1500 474 1531 utrumque
480 1493 555 1530 forte
567 1495 654 1520 melius
666 1493 800 1520 diuiditur.
948 1520 953 1527 1

326 1534 345 1556 C
357 1533 567 1561 IRCVMDO,
589 1528 648 1559 edi,
668 1533 756 1559 atum,
776 1536 828 1554 are.
865 1524 1080 1563 [περιλαμβάνω,
1099 1522 1256 1558 περιτίθημι,
1275 1531 1338 1555 περι-

285 1564 399 1598 βάλλω]
434 1565 495 1592 Late
502 1567 619 1600 patentis
624 1563 838 1600 significationis,
855 1563 964 1589 ablatiuo
978 1559 1034 1597 post
1055 1560 1219 1598 accufiztiuum
1232 1558 1342 1592 plerum-

286 1609 332 1636 que
344 1602 470 1637 iungitur.
506 1600 563 1626 Cic.
585 1601 657 1626 Fam.
678 1608 718 1632 ις,
738 1608 757 1633 4
789 1598 869 1625 Vallo
890 1604 916 1624 et
936 1598 1000 1625 foffa
1025 1594 1191 1622 circumdedi
1213 1592 1338 1628 oppidum.

286 1636 361 1663 Caes.
374 1635 439 1662 Bell.
453 1635 535 1662 Ciuil.
547 1644 577 1667 3,
590 1644 607 1668 9
629 1635 760 1661 octauius
779 1634 869 1669 quinis
887 1634 976 1661 castris
1002 1631 1131 1667 oppidum
1155 1627 1339 1657 circumdedit.
1348 1639 1386 1664 40
1395 1631 1488 1666 phcria
1503 1630 1602 1664 Hygin.
1614 1629 1720 1657 Astron.
1734 1639 1753 1661 1,
1768 1637 1784 1656 2
1808 1637 1832 1656 et
1853 1639 1876 1662 3.

290 1673 344 1699 Nec
353 1677 435 1697 tamen
447 1673 529 1698 altera
542 1673 609 1697 ratio
623 1679 676 1695 cum
689 1670 774 1696 darino
789 1673 842 1702 rei,
854 1673 895 1696 cui
909 1668 1007 1704 aliquid
1019 1667 1130 1699 accedit,
1151 1673 1175 1692 et
1186 1665 1337 1700 Accusatiuo

287 1711 359 1739 eius,
374 1715 447 1742 quam
459 1705 590 1738 addimus,
605 1706 682 1740 plane
693 1705 809 1731 inaudita
822 1704 865 1738 est.
936 1703 1070 1731 Columel.
1081 1710 1102 1736 ς,
1116 1705 1143 1735 6,
1158 1710 1191 1728 22.
1211 1702 1336 1741 Ipsosque

286 1743 357 1769 coles
378 1743 407 1768 in
428 1742 538 1769 modum
559 1749 675 1768 coronae
697 1745 833 1766 contortos
855 1739 947 1765 arbori
967 1738 1137 1765 circumdari.
1210 1738 1266 1763 cic.
1287 1743 1336 1774 pro

287 1778 382 1811 Qiint.
396 1779 428 1810 36
451 1778 478 1804 Si
488 1783 563 1803 extra
577 1777 626 1803 hos
638 1776 769 1802 cancellos
782 1775 873 1809 egredi
886 1774 1020 1806 conabor,
1039 1783 1106 1808 quos
1124 1772 1195 1799 mihi
1214 1772 1268 1806 ipse
1287 1779 1337 1796 cir-

287 1813 420 1841 cumdedi.

287 1849 334 1876 dat
353 1848 551 1884 necquidquam
572 1848 708 1880 humeris,
729 1854 755 1874 et
774 1846 871 1874 inutile
891 1846 995 1885 ferrum
1011 1841 1111 1877 Nestor.
1167 1843 1259 1882 ,Cura
1273 1850 1298 1873 9,
1311 1849 1343 1875 7,-

285 1893 313 1918 ις
334 1885 422 1912 Lectis
438 1884 649 1912 circumdederat
662 1884 774 1910 Atilaea.
845 1882 902 1909 Cic.
917 1880 997 1908 Catil.
1012 1888 1040 1913 4,
1051 1884 1066 1909 8
1089 1876 1243 1904 Horribiles
1256 1876 1339 1916 custo-

286 1921 344 1948 dias
357 1921 503 1948 circumdat
519 1920 675 1947 coniuratis.
748 1918 869 1945 Scribon.
884 1919 936 1944 206
957 1914 1162 1955 Circumdaturii
1176 1918 1267 1953 ventri
1280 1912 1340 1937 Em-

305 1957 421 1984 lastrum.
492 1957 553 1983 Liu.
569 1966 592 1989 3,
607 1961 638 1986 28
669 1956 821 1982 Exercitum
842 1962 950 1981 onmem
970 1952 1052 1986 longo
1072 1958 1179 1985 agmine
1194 1946 1340 1975 circumdat

286 1966 406 2020 iiostium
418 1992 515 2019 castris.
1271 2020 1273 2023 ‚

286 2028 370 2055 alicui
384 2028 566 2060 circumdare,
584 2030 604 2054 i.
611 2029 756 2064 principem
771 2026 854 2056 illum,
866 2024 914 2061 sed
927 2033 992 2050 vano
1007 2029 1097 2049 conatu
1106 2043 1114 2054 ,
1135 2027 1159 2062 ef
1171 2023 1215 2056 qui
1227 2021 1272 2055 ipsi
1281 2026 1340 2054 per-

287 2063 488 2098 m‘ciemaffi’rae,
500 2073 597 2089 vocare.
667 2063 725 2089 Cic.
738 2062 821 2089 Tusc.
835 2069 858 2094 ς,
874 2068 905 2093 39
923 2069 945 2086 c.
960 2068 994 2086 20
1013 2059 1084 2085 Cum
1096 2058 1190 2096 foliam
1204 2056 1284 2082 latam
1296 2063 1340 2080 cu-

288 2099 405 2127 biculari
418 2098 488 2125 leeto
503 2097 723 2125 circumdediss‘et.
794 2096 868 2123 Idem
879 2096 966 2122 Pison.
979 2103 1009 2127 93
1031 2103 1052 2120 c.
1067 2098 1094 2125 38
1115 2092 1217 2118 Milites
1229 2091 1340 2116 domum

325 2149 372 2155 ·-—
406 2133 526 2161 obsidere
537 2138 696 2167 coeperunt,
714 2138 758 2165 et,
778 2141 839 2158 cum
851 2132 934 2158 latere
948 2130 1087 2156 hominem
1103 2131 1247 2162 putarent,
1263 2127 1340 2159 Ignes

288 2170 529 2198 eirctimdederunt.
1088 2199 1092 2203 Ι

288 2207 393 2234 diuersa
414 2206 505 2232 colore
518 2205 593 2232 Licia
612 2204 759 2231 circumdo.
830 2201 950 2229 Scribon.
966 2208 996 2234 95
1021 2199 1246 2226 Medicamentum
1265 2195 1339 2236 denti

288 2241 493 2270 circumdatum.
564 2241 632 2267 Cels.
644 2242 671 2272 6,
686 2248 704 2273 9
727 2238 821 2265 Rcfina
840 2237 964 2264 dentibus
978 2234 1147 2263 circumdata.
1219 2231 1339 2259 Scribon.

289 2283 331 2308 188
361 2277 452 2312 Sinapi
470 2276 581 2311 pedibus
601 2275 776 2310 cmribusque
795 2272 997 2300 circumdatum.
1067 2270 1152 2310 Ouid.
1167 2270 1232 2296 Met.
1248 2269 1340 2307 1,·63i

288 2312 464 2340 Circumdare
485 2311 598 2339 Vincula
620 2311 699 2338 collo.
771 2309 833 2336 Liu.
869 2327 876 2335 .
957 2327 964 2334 .
1001 2306 1039 2332 Ac
1057 2306 1160 2335 nescio,
1182 2313 1215 2330 an
1237 2310 1341 2329 maiora

288 2349 403 2376 Vincula
421 2348 589 2383 maioresque
605 2346 761 2373 necessitatcs
779 2344 858 2371 nobis
869 2344 996 2374 fortuna,
1015 2350 1095 2376 quam
1114 2340 1226 2374 captiuis
1248 2337 1341 2364 vestris
1356 2345 1391 2370 60
1407 2340 1432 2365 se
1447 2339 1529 2365 totius
1542 2338 1608 2364 belli
1621 2337 1760 2364 Fluctibus
1774 2337 1928 2371 circumiri,
1948 2347 2028 2373 quam
2042 2339 2120 2365 illum
2139 2344 2185 2365 aut
2205 2338 2309 2373 egredi,
2332 2348 2348 2366 a
2365 2352 2367 2363 ι

290 2383 505 2412 circumdederit.
562 2382 622 2415 Sed,
642 2380 854 2419 quamdiximus,
874 2380 955 2407 altera
972 2387 1022 2404 non
1036 2380 1123 2416 minus
1131 2376 1255 2418 frequens
1273 2376 1342 2400 ratio

288 2418 332 2454 est.
403 2420 460 2447 Cic.
477 2419 509 2446 de
521 2419 597 2446 Orat.
612 2428 631 2448 ι,
645 2420 699 2452 264
719 2417 769 2443 Tu
780 2421 868 2443 autem
881 2413 984 2449 exiguis
996 2412 1158 2453 quibusdam
1171 2410 1282 2438 Finibus
1301 2414 1342 2449 to-

288 2462 349 2483 tum
359 2456 475 2483 oratoris
493 2464 590 2482 munus
609 2451 816 2481 circumdedisti.
870 2450 1001 2478 Laudatur
1012 2448 1105 2476 lustin.
1143 2468 1153 2488 ·.
1186 2467 1195 2487 .·
1233 2444 1341 2486 Insidia-

290 2501 352 2519 rum
387 2491 481 2519 fraude
512 2489 696 2518 circumdedit.
771 2489 845 2515 Forte
876 2484 910 2520 ist
932 2495 952 2519 ι,
984 2490 1009 2518 8,
1040 2493 1058 2518 9
1094 2484 1155 2510 Pari
1184 2481 1340 2509 insidiarum

291 2527 384 2555 fraude
403 2527 589 2555 circumuenit.
1106 2555 1111 2560 Π

290 2563 321 2590 in
340 2562 473 2590 eiusmodi
490 2563 618 2598 regione,
638 2568 717 2597 atque
738 2559 894 2595 prouincia,
914 2566 981 2593 quae
999 2565 1069 2597 mari
1088 2555 1192 2596 cin&a‚
1211 2551 1340 2589 portubus

291 2598 430 2631 distincta,
451 2599 545 2626 Infulis
559 2598 719 2626 circumdata
732 2597 812 2628 effet,
828 2602 874 2622 etc.
945 2592 1091 2620 Moenibus
1107 2590 1286 2618 circumdatus
1305 2587 1342 2628 est

290 2639 382 2670 portus
396 2635 465 2668 Nep.
479 2643 505 2666 2,
517 2636 544 2666 6,
560 2643 579 2661 ι.
648 2633 746 2668 Virgil.
761 2633 859 2666 Georg.
872 2639 902 2664 4,
914 2636 970 2664 497
991 2630 1100 2663 Iamque
1115 2627 1190 2658 vale,
1208 2626 1284 2653 feror
1302 2633 1342 2650 in—

290 2670 364 2705 genti
376 2668 536 2697 circumdata
549 2669 639 2695 Nube.
708 2667 854 2695 Obsidione
867 2665 939 2693 arfla
952 2664 1130 2691 circumdatus
1143 2664 1241 2690 Lucan.
1250 2663 1277 2695 6,
1288 2665 1341 2690 108-

290 2708 409 2741 Propert.
421 2714 443 2738 3,
456 2714 496 2739 ι4,
507 2713 541 2738 29
568 2705 602 2731 At
615 2704 703 2730 nostra
716 2704 818 2738 ingenti
831 2702 906 2730 vadit
919 2699 1080 2728 circumdata
1093 2698 1200 2727 Turba.

291 2741 457 2769 circumdare
477 2741 612 2776 aliquem,
626 2741 774 2775 Amplexari
792 2740 855 2766 Stat.
868 2738 933 2765 Silu.
948 2744 971 2771 5,
988 2745 1012 2769 3,
1028 2738 1086 2762 266.
1284 2729 1305 2769 ἢ
1325 2740 1341 2758 2

291 2778 441 2814 Accusatiui
456 2786 554 2808 rerum,
575 2785 636 2811 quas
654 2775 811 2802 circumdant
829 2776 901 2801 aliae.
943 2774 973 2800 V.
988 2781 1014 2809 g.
1040 2773 1143 2806 Agmen
1160 2769 1224 2810 fossa
1242 2769 1341 2808 Lucan.

290 2822 320 2848 4,
333 2822 375 2846 29.
448 2812 563 2839 Alumen
575 2812 689 2838 linteolo
702 2810 896 2837 circumdatum
912 2808 1034 2836 Sci-ibon.
1047 2814 1084 2841 55.
1155 2807 1212 2833 Cic.
1230 2804 1263 2831 de
1277 2805 1343 2830 Vni-

291 2850 359 2876 vers.
374 2851 402 2875 16
428 2848 557 2875 Animum
570 2853 674 2879 autem,
697 2852 726 2873 vt
740 2847 768 2872 iu
780 2846 837 2872 eius
849 2845 940 2872 medio
956 2843 1117 2875 collocauit,
1134 2842 1172 2868 ita
1189 2849 1238 2876 per
1254 2846 1342 2866 totum

292 2885 424 2913 tetendit:
454 2883 550 2910 deinde
568 2892 630 2910 eum
649 2881 823 2909 circumdedit
840 2889 962 2915 corpore.
1033 2880 1113 2906 Arces
1132 2879 1219 2904 Roma
1242 2877 1341 2910 septem

291 2929 371 2949 muro
384 2919 530 2954 circumdat
538 2940 547 2953 ,
571 2919 699 2982 urscptcm
711 2927 781 2944 arcer
795 2920 866 2943 intra
877 2919 972 2943 moenia
984 2918 1104 2942 continet.
1123 2913 1221 2948 Virgil.
1233 2913 1298 2938 Aen.
1314 2914 1341 2944 6,

291 2962 340 2992 783
360 2956 516 2992 Septemque
528 2964 580 2982 vna
605 2955 643 2982 ibi
658 2963 737 2981 muro
750 2951 927 2980 circumdabit
940 2959 1020 2991 arces.
1091 2949 1166 2977 Idem
1178 2950 1244 2976 Aen.
1258 2957 1277 2988 ι,
1291 2955 1342 2982 597

292 2992 380 3026 Quale
398 3000 491 3019 manus
509 2991 609 3018 addunt
633 2990 711 3018 ebori
729 2989 822 3022 decus,
841 2996 886 3015 aut
904 2986 952 3014 vbi
970 2987 1040 3013 flauo
1055 2987 1202 3025 Argentum
1219 2992 1341 3024 cariusue

292 3028 359 3063 lapis
374 3027 554 3054 circumdatur
566 3035 642 3054 auro.
714 3026 771 3053 Cic.
786 3025 819 3052 de
831 3023 924 3051 Diuin.
932 3031 958 3054 2,
973 3031 1017 3056 ¹34
1037 3031 1060 3048 c.
1074 3024 1104 3055 ⁶5
1123 3020 1216 3048 Fodit:
1236 3024 1341 3046 inuenit

291 3064 353 3091 auri
365 3064 540 3098 aliquantum,
553 3063 635 3098 idque
648 3061 840 3090 circumdatum
853 3064 971 3094 argento.
1031 3093 1037 3097 ι
1258 3092 1262 3095 ¹

294 3099 354 3127 data
366 3099 410 3127 Sil.
426 3102 458 3132 6,
473 3107 527 3132 505.
600 3098 735 3126 Comitem
754 3097 831 3125 lateri
849 3096 948 3122 Lucan.
965 3092 997 3120 ad
1010 3093 1095 3132 Pison.
1110 3101 1160 3119 110.
1171 3128 1177 3132 -
1233 3092 1288 3118 Cic.
1307 3091 1339 3132 de

294 3136 416 3162 Vniuers.
432 3143 458 3169 ις
482 3135 565 3162 Omni
579 3140 667 3162 autem
681 3140 764 3161 totam
779 3133 902 3168 Figuram
917 3128 1013 3157 mundi
1032 3128 1141 3154 leuitate
1154 3126 1339 3167 circumdedit.

295 3171 375 3197 Ouid.
391 3172 455 3198 Met.
471 3179 494 3203 3,
508 3173 561 3198 666
587 3171 714 3198 Frontem
733 3168 909 3197 circumdatus
921 3166 992 3193 vuis.
1063 3162 1131 3190 cels.
1145 3172 1172 3196 4,
1184 3165 1200 3189 6
1218 3164 1339 3190 Circum-

294 3205 356 3232 dare
370 3207 448 3233 Latus
461 3206 519 3233 lana
533 3206 693 3241 sulphurata.
761 3204 859 3239 Virgil.
874 3204 940 3230 Aen.
954 3210 978 3235 9,
995 3207 1034 3233 153
1051 3200 1122 3226 Luce
1136 3199 1221 3233 palam
1236 3205 1338 3225 cci-tuni

294 3241 332 3267 est
345 3242 404 3275 Igni
416 3242 579 3269 circumdare
595 3243 697 3269 Muros.
1091 3271 1098 3277 ἱ
1118 3271 1122 3275 .
1230 3271 1236 3276 ι
1305 3271 1309 3275 ‚

294 3276 379 3304 Saltus
393 3277 501 3304 canibus
516 3278 613 3313 Virgil.
629 3279 725 3311 Georg.
739 3285 764 3309 ι,
783 3285 831 3310 140
855 3274 961 3302 Prodest
979 3278 1005 3300 et
1019 3272 1073 3306 ipsa
1084 3271 1161 3297 scula
1181 3271 1274 3305 argilla
1287 3279 1339 3297 cir-

294 3311 432 3344 cumdata,
451 3319 477 3339 et
489 3313 571 3340 furno
585 3313 660 3340 cocla
673 3312 792 3340 scribon.
805 3313 849 3346 76.
920 3308 1018 3344 Virgil.
1031 3308 1130 3341 Georg.
1142 3315 1164 3348 3,
1178 3311 1229 3341 487
1252 3307 1341 3334 Lanea

293 3348 360 3376 dum
381 3349 461 3374 niuea
484 3349 662 3376 circumdatur
681 3348 767 3375 insula
787 3348 871 3376 Vitta.
923 3346 997 3372 Vitta
1017 3342 1165 3382 diadematis
1181 3350 1274 3378 genus,
1294 3352 1340 3378 quo

291 3385 435 3447 alligamur
456 3383 617 3419 dependentes
640 3385 742 3422 infidae.
831 3381 933 3410 Vrbem
953 3379 1067 3407 flammis
1086 3378 1248 3404 circumdare
1267 3377 1340 3413 Ideni

319 3428 360 3447 en.
383 3427 417 3446 ιο
492 3439 499 3445 .

331 3426 514 3483 ciac’viin
526 3452 649 3488 fii-vs,
669 3463 698 3488 a,
718 3464 773 3482 um.
813 3454 908 3481 Partic.
944 3449 1151 3488 [περιβληθεὶς]
1198 3449 1247 3481 Vt,
1267 3449 1340 3476 Ami-

294 3491 355 3518 culo
370 3490 544 3518 circumdatus
556 3489 626 3525 Nep.
641 3499 680 3525 14,
694 3500 717 3524 3,
731 3500 752 3518 2.
824 3488 1008 3517 Horat-Serui.
1024 3496 1043 3520 ι,
1058 3495 1083 3519 2,
1092 3494 1123 3520 9²
1142 3483 1182 3525 Ad
1195 3484 1261 3524 talos
1274 3485 1339 3512 stola

293 3527 417 3560 demissa,
434 3533 460 3553 et
472 3525 634 3552 circumdata
646 3526 713 3560 palla
748 3526 879 3557 Plurima,
898 3531 945 3551 etc.
999 3522 1077 3550 Pellis
1094 3527 1165 3548 tauri
1178 3520 1339 3548 circumdata

293 3563 393 3597 Virgil.
409 3563 474 3589 Aen.
490 3570 529 3595 ιο,
541 3565 598 3594 483.
668 3562 760 3588 Virtus
774 3561 936 3588 circumdata
954 3559 1000 3586 Sil.
1015 3566 1055 3591 ις,
1074 3565 1132 3592 370.
1159 3559 1178 3582 i.
1192 3557 1340 3591 uiri-fortes

294 3597 394 3631 insidiis
404 3597 487 3633 claust.

293 3633 458 3668 superpofito
477 3641 510 3660 ex
528 3632 623 3667 argilla
640 3632 758 3666 vndique
776 3633 955 3664 circumdata,
974 3631 1081 3658 fornace
1098 3633 1221 3655 vruntur.
1256 3628 1336 3654 Rbod.

293 3668 344 3704 legi
357 3670 424 3695 iubet
438 3675 464 3696 et
475 3668 578 3703 argilla.
612 3669 732 3703 Alioquin
742 3667 858 3702 pqffimus
871 3669 1010 3703 intelligere
1023 3664 1177 3700 operculum
1189 3671 1222 3689 ex
1235 3663 1336 3697 argilla.

295 3703 371 3729 Curt.
385 3712 407 3736 3,
420 3713 444 3734 2.
457 3714 473 3731 2
493 3703 665 3732 Circumdato
679 3702 759 3732 vallo,
772 3703 843 3736 quod
857 3703 946 3730 decem
959 3702 1076 3728 millium
1091 3704 1253 3726 armatorum
1268 3699 1336 3725 mul-

294 3738 437 3766 titudinem
451 3746 562 3775 caperet.
617 3738 705 3765 Armis
718 3738 910 3771 circumdatus,
928 3741 1052 3765 Armatus
1072 3735 1146 3770 Virg.
1156 3735 1221 3761 Aen.
1234 3742 1260 3766 9,
1274 3737 1335 3766 462.

331 3779 349 3799 c
359 3781 367 3800 1
377 3781 396 3800 R
405 3781 421 3801 c
430 3782 450 3800 v
460 3782 483 3801 M
495 3782 513 3803 D
522 3783 574 3802 AN
583 3781 664 3807 Dvs,
683 3783 708 3807 a,
726 3781 780 3800 nm.
816 3774 908 3800 Partic.
944 3772 1139 3808 [κεριζληπέος]
1175 3768 1241 3797 Cels.
1255 3774 1285 3801 8,
1307 3778 1335 3795 ιο
1344 3785 1392 3803 100
1400 3769 1446 3796 est.
1483 3771 1520 3795 De
1535 3768 1623 3795 iisdem
1636 3767 1710 3795 Idem
1723 3777 1745 3801 3,
1758 3777 1774 3795 2
1799 3767 1934 3795 Interdum
1950 3766 2032 3793 etiam
2051 3765 2174 3801 longiore
2187 3767 2299 3794 circuitu
2310 3772 2328 3804 q

294 3808 400 3842 Qinto
414 3810 456 3836 die
469 3811 541 3838 idem
555 3810 721 3837 faciendum:
741 3808 894 3843 ferulaeque
908 3807 1118 3835 circumdandae.
1256 3839 1261 3844 ·
1309 3839 1314 3845 ¹

332 3851 349 3871 c
359 3852 367 3870 ι
377 3851 395 3870 R
405 3851 422 3870 c
432 3853 452 3870 v
460 3853 485 3872 M
494 3853 542 3873 no
551 3854 566 3873 1.
575 3853 591 3873 Ε
601 3853 620 3873 0
630 3866 638 3879 ‚
665 3850 718 3873 cre.
755 3844 826 3871 Cael.
841 3844 932 3870 Aurei.
945 3845 1022 3870 Acut.
1042 3853 1075 3876 2,
1090 3851 1136 3876 14,
1155 3849 1190 3874 92
1219 3840 1335 3875 Spiratio

295 3879 488 3907 circumdolens
506 3888 531 3907 et
544 3883 678 3917 frequens.
690 3906 693 3913 ,
706 3884 726 3908 i.
740 3880 847 3915 *undique
861 3880 891 3906 ab
905 3883 971 3906 anmi
980 3887 1054 3914 parte
1066 3879 1159 3905 dolens.
1283 3911 1289 3915 Ι

329 3916 607 3949 CIRCVMD61.0,
635 3921 688 3944 are.
726 3916 913 3950 [περιπιλεκέω]
956 3914 1020 3941 Plin.
1036 3917 1080 3947 16,
1101 3922 1127 3946 3³
1154 3911 1203 3939 Sed
1221 3918 1335 3938 maxime

293 3951 392 3978 mirum
406 3971 414 3982 ‚
445 3952 572 3977 Antandri
595 3953 713 3986 platanus
733 3953 815 3978 etiam
841 3950 1036 3979 circumdolatis
1057 3948 1185 3981 lateribus
1208 3946 1335 3976 restibilis
1344 3957 1389 3985 ¹03
1399 3946 1429 3973 in
1441 3947 1516 3974 Orat.
1528 3955 1583 3981 204
1601 3947 1634 3974 In
1649 3952 1705 3980 quo
1719 3943 1866 3979 quaesmim
1878 3943 1931 3976 est,
1950 3944 1980 3971 in
1993 3948 2086 3973 totone·
2104 3945 2219 3974 coecuitu
2233 3941 2283 3972 fflo
2299 3939 2346 3968 orfl'

290 3987 382 4021 sponte
398 3986 484 4021 fadis,
501 3990 519 4012 i.
533 3986 608 4013 denuo
621 3991 702 4016 virore
720 3991 808 4024 cocpie.

1360 562 1390 580 10
1408 554 1605 588 cumducitque.

888 920 970 945 Plaut.
986 915 1054 942 Rud.
1070 922 1090 946 1,
1105 922 1160 948 4‚4
1180 913 1279 940 Omnia
1289 912 1343 938 iam
1359 921 1396 939 20
1407 912 1453 944 fit,
1473 918 1534 938 tunc
1548 911 1801 938 circumducendum
1820 912 1871 937 erit
1892 911 2008 938 ediftuui
2023 911 2226 946 peremtoriuni.

1356 1098 1388 1125 23
1406 1091 1614 1119 circumducere
1631 1092 1764 1126 aliquem,
1784 1091 1902 1123 Fallere,
1929 1098 1958 1117 ut
1979 1091 2198 1121 Circumuenire‚
2220 1091 2388 1118 Circumscri-

941 1274 1038 1302 Catull.
1051 1276 1096 1308 69,
1107 1281 1150 1306 132
1169 1272 1340 1298 Circumcur-
1356 1280 1389 1304 30
1407 1279 1428 1305 1,
1442 1280 1461 1304 1,
1476 1276 1509 1306 84
1530 1273 1591 1304 Qia
1605 1280 1665 1303 me,
1685 1280 1736 1306 qua
1751 1279 1862 1297 vxoreui
1898 1286 1944 1291 —

492 1813 589 1847 Virgil.
604 1813 668 1839 Aen.
684 1821 708 1845 2,
722 1820 765 1845 510
797 1812 878 1837 Arma
913 1824 960 1830 -—
995 1808 1101 1835 desueta
1135 1823 1181 1829 -—-
1217 1807 1337 1833 circum-
1351 1812 1384 1839 45
1403 1816 1416 1840 3
1439 1808 1496 1834 Nec
1511 1808 1588 1841 pueri
1600 1806 1761 1841 suppositio,
1776 1815 1824 1848 nec
1837 1808 2149 1840 argenticircumduffio.

588 1991 680 2019 Tacit.
692 1992 761 2018 Hist.
775 1999 810 2024 4,
824 1999 863 2022 11,
882 2000 902 2023 4
925 1989 1032 2015 Famam
1052 1987 1158 2013 inanem
1178 1983 1341 2019 principatus
1359 1997 1391 2023 30

584 2169 682 2203 Virgil.
697 2168 749 2195 Ecl.
765 2173 788 2200 8,
801 2175 839 2202 74
858 2167 952 2193 Terna
965 2165 1018 2191 tibi
1029 2164 1092 2190 haec
1107 2163 1224 2197 primum
1238 2160 1341 2199 triplici
1359 2170 1388 2196 5,-
1407 2163 1500 2187 Amor.
1515 2170 1538 2194 3,
1557 2170 1583 2193 2,
1596 2164 1631 2194 69
1658 2163 1703 2187 Me
1721 2161 1864 2193 miserum,
1885 2167 1986 2189 metam
2000 2162 2114 2196 spatioso
2135 2160 2230 2188 circuit
2250 2160 2326 2188 orbe.

661 2526 718 2552 Cic.
742 2533 792 2559 pro
816 2524 847 2550 L.
871 2522 954 2549 Flace.
976 2528 1012 2556 27
1051 2519 1182 2561 islquidem
1215 2517 1339 2544 existimo
1356 2526 1388 2558 65
1406 2526 1443 2550 94
1464 2517 1482 2543 s.
1496 2525 1525 2549 32
1548 2517 1664 2544 Caecina
1677 2527 1737 2544 cuin
1751 2517 1875 2544 circuiret
1889 2518 2007 2544 Praedia.
2044 2518 2175 2552 Vigilias,
2193 2516 2246 2544 vid-
2256 2516 2280 2544 h.
2296 2526 2322 2551 u,

1263 2696 1342 2723 Vlnis
1356 2705 1393 2734 70
1408 2696 1590 2736 Orthograpb.
1603 2705 1673 2730 2294
1698 2697 1795 2723 Circum
1804 2697 1963 2732 praepositio
1971 2696 2142 2733 sequentibus
2153 2694 2336 2725 vocalibusM
2374 2708 2405 2720 a.

1356 2889 1387 2918 7>

1026 3057 1104 3084 Colla
1117 3056 1214 3084 catenis
1228 3055 1339 3081 circum·
1356 3067 1388 3093 30

768 3240 876 3276 Ignibus
891 3236 1055 3265 circumdare
1072 3235 1153 3261 Ouid.
1166 3235 1194 3261 in
1208 3234 1269 3261 Ibin
1283 3237 1338 3267 633.
1357 3243 1387 3273 85

1352 3427 1390 3451 90
1405 3422 1416 3440 1
1435 3413 1562 3440 circuitis
1570 3411 1670 3439 Rostris
1677 3412 1839 3439 eiicercntur
1849 3411 1983 3447 lapidibus
1995 3411 2125 3440 homines.

557 3595 677 3623 Scribon.
690 3605 734 3623 122
754 3597 816 3624 Olla
835 3597 914 3624 tie'tili
927 3599 1138 3630 componuntur,
1157 3592 1337 3626 operculoque
1354 3602 1387 3628 95
1403 3590 1552 3618 versionem
1563 3589 1708 3618 conficiunt
1723 3597 1845 3617 annuam.

1817 141 2085 184 CIR

2370 155 2434 201 916

1441 235 1720 267 CIRCVMDVCO,
1747 233 1791 267 xi,
1818 233 1907 266 etum,
1931 233 1985 259 ἕπε.
2022 232 2160 268 [περιάγω]
2194 235 2225 261 In
2246 235 2338 268 orbem,
2355 240 2392 265 vel
2408 244 2435 268 in

1408 268 1483 294 aliam
1492 274 1591 303 partem
1604 270 1698 296 ducere.
1734 271 1817 296 Plaut.
1832 269 1891 296 Mil.
1905 277 1930 301 2,
1942 277 1969 301 2,
1984 270 2018 294 66
2045 267 2157 302 Aliquos
2169 270 2258 303 mitte,
2278 272 2436 303 circumduce
2452 298 2455 305 ,

1408 304 1562 330 exercitum.
1603 305 1741 332 Vi&orem
1755 307 1899 332 exercitum
1914 304 2006 335 Liu.8‚
2021 311 2054 335 13.
2073 305 2092 328 i.
2104 304 2152 330 huc
2162 305 2226 331 illud
2239 307 2334 333 ducerc.
2373 309 2435 339 Plin.
2448 312 2455 329 s

1408 348 1450 370 22,
1463 347 1494 370 25
1518 340 1535 365 s.
1551 341 1581 371 63
1611 340 1718 367 Nouem
1734 342 1822 376 granis
1841 341 1940 371 hordei,
1960 339 1977 366 fi
1992 339 2163 379 furunculum
2181 341 2240 374 quis
2249 343 2450 381 circumducat,-

1365 382 1379 408 ς
1407 375 1514 408 lingulis
1530 380 1586 407 ter,
1601 383 1681 401 manu
1699 376 1813 409 sinistra,
1832 384 1857 403 et
1871 377 1961 403 omnia
1976 376 2004 401 in
2018 376 2106 409 ignem
2120 375 2238 408 inficiat,
2257 378 2392 406 confestim
2404 382 2438 408 sa-

1406 411 1466 437 nari
1488 411 1572 437 aiunt.
1641 411 1819 447 Cic.Philipp.
1835 422 1860 446 2,
1874 422 1916 439 10:
1937 411 2081 438 Catilinum
2093 410 2235 438 Coloniam
2247 412 2439 450 dedimisti,qu0

1406 454 1461 473 erat
1477 447 1564 481 paucis
1578 447 1653 473 annis
1665 452 1726 473 ante
1738 446 1850 474 deducta
1862 460 1868 475 :
1902 454 1930 475 vt
1945 447 2075 474 vexillum
2089 445 2208 478 videres,
2227 448 2380 476 etAratrum
2392 453 2439 480 cir.
2451 442 2455 463 1

1407 483 1584 509 cumducercs.
1655 482 1762 508 Sueton.
1777 483 1842 517 Aug.
1856 489 1888 518 87
1913 485 1971 510 Nec
1986 483 2019 509 ab
2038 487 2156 508 extrema
2173 489 2244 516 parte
2263 484 2382 512 versuum
2397 487 2439 514 ab.
2468 487 2472 514 ‚¹

1408 519 1535 545 undantes
1544 519 1657 545 Litteras
1666 519 1693 544 in
1708 518 1822 544 alterum
1835 520 1975 552 transfert,
1990 519 2033 545 sed
2048 517 2150 544 ibidem
2165 518 2250 544 statim
2264 518 2382 554 subiicit,
2394 522 2440 551 cir.

1660 553 1707 581 Sed
1721 553 1852 588 Qiine'til.
1867 562 1892 586 1,
1910 563 1932 588 ς,
1948 564 1977 587 23
2003 553 2108 586 Syllaba
2125 553 2200 587 apice
2214 554 2401 590 circumcineta,
2420 562 2451 587 i„
2471 567 2474 574 .

1406 590 1574 626 circumflexa.
1631 591 1668 615 De
1676 589 1790 625 periodis
1805 588 1878 615 Idem
1891 598 1918 622 9,
1930 599 1964 623 4,
1978 599 2026 623 124
2051 588 2256 616 Circumducere
2273 590 2372 618 sensum
2389 593 2456 624 lon-0
2468 610 2474 627 t

1406 627 1482 661 giore
1494 625 1606 651 ambitu.
1680 626 1738 651 Cum
1758 625 1849 651 duobus
1865 627 2015 661 accusatiuis
2031 626 2115 652 Plaut.
2128 624 2244 652 Mostell.
2256 633 2278 658 3,
2293 634 2315 657 2,
2328 634 2370 663 157
2382 627 2447 657 «Eho.
2472 630 2474 635 '

1407 662 1484 688 istum
1499 671 1563 696 puer
1578 661 1748 688 circumduce
1762 660 1838 687 hasce
1853 660 1928 687 aedes
1941 667 1967 687 et
1982 662 2126 688 conclauia.
2298 659 2321 699 fl
2338 670 2354 689 2
2386 665 2435 693 Cir.

1407 697 1582 728 cumducere,
1598 697 1767 732 proAbolcre,
1783 696 1870 728 delere,
1889 697 2034 729 cancellare,
2052 704 2076 723 et
2083 697 2122 732 fic
2134 699 2237 723 irritum
2244 696 2340 732 facere.
2373 699 2459 746 Ρωιᾙ,

1362 741 1387 766 ι)-
1406 732 1446 758 lus
1460 734 1490 758 D.
1505 733 1537 759 dc
1549 742 1578 758 re
1592 732 1673 759 iudic.
1688 733 1718 758 in
1736 732 1753 758 l.
1766 732 1823 758 afta
1837 741 1870 766 45
1891 731 1956 759 Aeta
1970 732 2038 767 apud
2051 733 2076 758 se
2090 732 2197 764 habita,
2217 731 2234 758 fi
2249 738 2332 766 partes
2345 736 2451 765 consenc!

1406 769 1489 799 tiam,
1507 775 1532 795 et
1547 768 1626 795 iudex
1641 768 1691 795 hoc
1705 768 1870 803 permiserit,
1890 767 1973 802 potest
1991 767 2084 794 iubere
2097 777 2126 795 ca
2142 768 2185 794 die
2199 767 2373 802 circumduci,
2387 767 2449 803 nim}
2461 790 2474 807 ,¹

1406 805 1449 831 vel
1463 805 1617 839 negotium,
1636 805 1678 831 vel
1700 805 1731 831 lis
1745 804 1884 831 terminata
1898 804 1943 830 cst.
2014 804 2142 838 leianus
2161 804 2194 830 de
2207 803 2315 830 iudiciis
2333 805 2360 832 iu
2377 805 2447 844 1.,Εῆ
2461 808 2466 826 ¹

1407 840 1464 875 post
1477 840 1596 866 edietum
1609 848 1640 874 73
1665 839 1688 877 §
1702 849 1711 866 1
1743 839 1823 873 Qiod
1839 839 1857 866 si
1871 840 1893 866 is
1903 860 1911 872 ,
1930 839 1979 874 qui
1992 839 2110 866 edietum
2123 840 2316 874 peremtorium
2329 840 2449 875 impelii-*¹
2462 853 2474 881 Ι

1407 877 1463 908 vit,
1484 876 1549 902 absit
1563 876 1605 902 die
1619 876 1798 911 cognitionis,
1818 875 1839 902 is
1853 884 1918 902 vcro
1930 875 2053 902 aduersus
2067 885 2148 911 quem
2166 876 2337 937 impeffiffinp
2352 876 2387 905 est
2398 865 2441 944 udal
2472 896 2474 906 ;

2321 920 2371 939 lan.
2385 913 2390 919 ⁵
2419 927 2421 937 2
2446 915 2447 927 1

1407 948 1467 974 diui
1479 948 1574 975 fratres
1590 956 1624 983 27
1648 946 1670 984 ὖ.
1685 957 1693 974 ι
1718 948 1750 974 D.
1770 947 1802 973 de
1817 947 1924 974 liberali
1940 948 2030 979 causa,
2048 947 2127 974 Re&
2144 953 2223 982 atque
2243 921 2337 973 ordiiie
2354 922 2447 987 inias,¹
2459 957 2472 981 ι

1405 990 1471 1019 puto
1483 984 1600 1011 faelium
1609 1004 1617 1017 ,
1634 984 1651 1010 {i
1666 984 1731 1010 hanc
1746 984 1861 1010 formam
1875 983 1978 1010 fuerint
1991 983 2202 1018 consequuti,‘vt,
2214 982 2262 1009 vbi
2276 982 2345 1010 deest
2357 983 2436 1018 is,
2463 998 2468 1003 ·

1405 1021 1435 1047 in
1448 1021 1602 1046 seruitutem
1615 1020 1697 1055 petit,
1720 1019 1879 1046 eleffionem
1892 1019 2044 1045 aduersario
2058 1019 2194 1051 deferant,
2212 1025 2303 1046 vti-um
2312 1019 2385 1048 malit
2396 1013 2438 1054 ἶ*

1405 1056 1554 1091 gnitionem
1567 1056 1743 1082 circumduci:
1762 1064 1795 1081 an
1808 1055 1898 1081 audita
1914 1056 1988 1081 causa
2000 1056 2154 1081 sententiam
2169 1055 2295 1089 proferri.
2414 1044 2438 1116 ξ,

1404 1129 1488 1155 Plaut.
1503 1127 1592 1154 Pseud.
1607 1136 1628 1159 ι,
1641 1135 1662 1161 ς,
1678 1130 1704 1153 ι6
1722 1128 1768 1154 Te
1780 1127 1850 1154 velle
1862 1132 1994 1153 amantem
2006 1133 2116 1161 argento
2129 1126 2334 1153 circumducere.
2393 1122 2412 1148 2²¹-
2422 1144 2432 1152 ..

1407 1163 1499 1191 Bacch.
1515 1172 1538 1197 ς,
1553 1172 1578 1195 2,
1592 1165 1628 1196 ⁶4
1647 1164 1730 1190 Auro.
1784 1163 1858 1189 Idem
1870 1162 1960 1189 Pseud.
1977 1171 2004 1196 ι,
2024 1171 2053 1196 ς,
2069 1170 2106 1196 1¹5
2132 1161 2293 1189 Tibicinum
2312 1162 2432 1198 illam&

1407 1199 1562 1226 cumducam
1580 1199 1666 1233 lepide
1684 1199 1808 1225 lenonem
1823 1199 1993 1234 Graeciliniss,
2016 1201 2034 1225 ι’.
2049 1205 2166 1234 quantum
2186 1198 2219 1224 ad
2230 1198 2367 1226 tibicinam.
2403 1214 2424 1235 2¹¹

1980 1276 2071 1305 potes,
2088 1270 2272 1304 circumduce,
2290 1270 2372 1298 aufer.
2397 1277 2402 1286 ’
2427 1283 2444 1302 -;

1444 1314 1460 1334 c
1471 1314 1507 1334 [R
1517 1314 1533 1334 c
1542 1315 1562 1333 v
1571 1314 1596 1333 M
1607 1313 1625 1333 D
1634 1314 1653 1334 ν
1664 1313 1680 1334 c
1689 1314 1710 1334 T
1720 1314 1741 1334 ν
1749 1314 1762 1333 s
1772 1327 1780 1339 ,
1800 1316 1815 1333 a
1823 1326 1832 1339 ,
1854 1315 1907 1333 um.
1944 1307 2039 1332 Par-tic.
2065 1306 2246 1342 [περιαχθεὶς]
2279 1305 2360 1333 Plaut.
2442 1312 2444 1324 ³

1407 1350 1430 1377 5,
1441 1352 1466 1374 2,
1481 1345 1509 1369 16
1536 1343 1673 1370 Numnam
1687 1343 1709 1369 it
1723 1352 1737 1369 a
1750 1342 1880 1374 balineis,
1892 1342 2086 1369 circumduftus
2100 1342 2201 1377 pallio?
2219 1344 2238 1368 i.
2253 1343 2376 1369 inuolatus
2441 1333 2462 1376 1,

1405 1381 1496 1405 liatum
1510 1381 1692 1414 intorpretatur
1705 1380 1806 1405 Parcus.
1880 1379 1956 1405 Aetas
1969 1378 2048 1405 orbes
2061 1378 2140 1405 habet
2158 1377 2355 1414 circumdufios
2387 1408 2390 1410 .
2441 1403 2443 1413 Α
2456 1384 2474 1415 Q

1405 1424 1447 1441 res
1461 1414 1621 1441 minoribus.
1658 1414 1699 1441 Est
1719 1414 1831 1449 aliquis,
1852 1415 1900 1449 qui
1919 1423 2010 1440 omnes
2028 1413 2220 1448 complectatur
2238 1420 2264 1440 et
2275 1414 2361 1450 cingat
2372 1424 2383 1446 ς
2407 1415 2424 1449 δ’
2440 1426 2455 1452 3⁷

2187 1449 2392 1478 Circumduaw
2441 1463 2444 1473 ·
2457 1452 2471 1474 ’ἢ

1404 1487 1485 1522 dique
1504 1486 1578 1518 telis,
1603 1489 1621 1513 i.
1640 1487 1807 1513 circumdatus
1825 1487 1898 1513 Curt.
1918 1495 1951 1519 4,
1969 1488 2002 1519 6,
2023 1488 2063 1512 26.
2112 1485 2160 1514 Sed
2180 1489 2268 1513 variat
2283 1488 2358 1512 nimis
2369 1483 2468 1521 ml·

1403 1521 1424 1586 Ξ
1449 1531 1462 1548 2
1499 1522 1737 1555 Circumdutfmm,
1750 1520 1830 1563 [ubst.
1856 1522 1983 1549 Pcriodus
2003 1522 2055 1555 est,
2073 1521 2117 1548 vcl
2136 1521 2266 1554 ambitus,
2285 1521 2328 1549 vel
2340 1521 2438 1551 tirum»
2455 1519 2468 1531 ”’

1422 1558 1531 1590 ιιὲὶιιιιι,
1551 1558 1594 1584 vel
1608 1559 1792 1591 continuatio,
1810 1558 1855 1584 vel
1875 1557 2008 1584 conclusio
2022 1557 2156 1591 Quinfifil.
2171 1566 2197 1591 9,
2211 1567 2240 1591 4,
2253 1566 2297 1584 22.
2338 1568 2343 1572 ‘
2384 1570 2404 1584 ,ν
2440 1582 2442 1587 ,

1439 1602 1456 1621 C
1466 1602 1474 1620 1
1484 1602 1503 1621 R
1513 1601 1529 1621 c
1538 1602 1559 1621 V
1569 1601 1594 1621 Μ
1603 1601 1622 1621 D
1630 1602 1650 1620 V
1660 1601 1677 1621 C
1686 1601 1707 1621 T
1716 1602 1724 1620 1
1733 1601 1761 1621 o.
1786 1595 1800 1629 [
1806 1593 1962 1629 περιαγωγὴ]
1987 1594 2116 1629 Sphaerae
2128 1593 2322 1624 circumdutffio
2328 1612 2337 1625 ,
2353 1595 2373 1620 i.
2395 1624 2397 1627 ¹
2425 1595 2430 1600 '

1945 1629 2054 1656 Vitruu.
2070 1635 2083 1660 8
2103 1630 2152 1657 vlt.
2169 1630 2280 1666 appellat
2297 1628 2358 1656 Circ

1401 1666 1514 1698 &iones‚
1532 1675 1593 1693 cum
1607 1675 1662 1692 non
1676 1665 1751 1692 rcCto
1766 1665 1873 1698 itinere,
1894 1665 1938 1692 sed
1950 1675 1997 1700 per
2010 1665 2125 1702 ambages
2138 1665 2256 1701 quasdam
2268 1674 2333 1701 aqua
2382 1664 2385 1667 ¹

1400 1701 1623 1735 Qin&.11,3‚39
1643 1701 1922 1734 Circumdutffiovna,
1941 1702 1970 1728 de
1978 1701 2092 1737 periodo.
2127 1703 2202 1734 Sic9,
2210 1710 2238 1735 4,
2250 1706 2299 1731 118.
2360 1696 2416 1737 13,ss

1401 1737 1621 1768 Circumduffifio,
1665 1747 1694 1763 ro
1711 1739 1761 1764 Am
1779 1737 1914 1772 li'ficatione
1930 1741 2035 1773 ponitur
2055 1746 2071 1764 a
2090 1737 2220 1771 Qine‘til.
2242 1745 2274 1770 9,
2294 1745 2314 1770 4
2348 1737 2416 1772 2„OE

1402 1769 1423 1810 ¹]
1444 1781 1456 1804 3
1493 1744 1714 1803 Circumdugtio,
1738 1771 1860 1805 [κπάτη]
1888 1775 2015 1808 Deceptio.
2051 1773 2337 1808 Plaut.Capt.Caterua
2350 1769 2402 1799 te

1407 1244 1433 1268 2,
1446 1244 1471 1268 2,
1485 1244 1515 1269 39
1537 1235 1616 1268 Qiali
1630 1240 1659 1261 tu
1673 1235 1760 1267 dicas,
1777 1244 1820 1261 me
1835 1241 1861 1261 te
1874 1235 1943 1261 velle
1958 1240 2068 1269 argento
2081 1234 2289 1261 circumducere.

1441 1849 1458 1868 c
1469 1851 1478 1869 1
1488 1850 1507 1869 R
1517 1850 1533 1870 c
1543 1850 1563 1869 ν
1572 1850 1597 1869 M
1606 1850 1625 1869 D
1634 1850 1655 1868 ν
1664 1849 1680 1869 c
1689 1849 1710 1868 'r
1720 1848 1740 1866 v
1751 1849 1764 1868 s
1772 1861 1781 1874 ‚
1811 1850 1849 1867 us.
1886 1850 1922 1867 m.
1961 1844 2124 1877 peripheria,
2144 1843 2199 1878 flue
2215 1843 2334 1872 Ambitur
2343 1841 2441 1881 figwual

1405 1878 1538 1911 QiinCtil.
1555 1887 1575 1910 1,
1590 1887 1627 1909 10,
1641 1886 1672 1910 43
1693 1877 1793 1904 Eodem
1807 1876 1999 1903 circumduciu.
2377 1905 2380 1908 ,
2437 1882 2448 1903 τ’

1442 1920 1459 1939 c
1470 1920 1478 1939 1
1488 1920 1507 1939 R
1516 1919 1532 1939 c
1540 1920 1559 1938 v
1568 1920 1593 1938 M
1602 1920 1621 1939 D
1629 1920 1648 1938 ν
1658 1919 1675 1939 c
1683 1919 1704 1939 'r
1713 1919 1732 1939 o
1741 1919 1772 1944 R,
1785 1912 1848 1938 oris.
1868 1921 1919 1940 m..
1940 1913 2060 1939 Tertull.
2073 1913 2175 1940 aduers.
2186 1914 2290 1942 Valent.
2305 1924 2334 1942 10
2356 1905 2440 1942 Horo?

1405 1949 1486 1976 etiam
1501 1949 1672 1982 Metagogea,
1691 1947 1720 1973 id
1736 1947 1771 1973 est
1784 1947 2034 1975 Circumdiffitorem
2047 1950 2149 1977 vocari.
2167 1964 2175 1965 e
2437 1945 2440 1988 ,ἶ

1442 1991 1458 2011 C
1469 1991 1560 2011 IRCV
1571 1990 1596 2010 M
1607 1991 1623 2010 E
1634 1991 1653 2010 O
1663 2003 1672 2015 ,
1699 1984 1742 2009 vel
1766 1988 1782 2008 C
1792 1989 1856 2009 IRC
1866 1990 1885 2009 V
1895 1989 1957 2016 Eo,
1976 1983 2032 2018 sui,
2051 1986 2136 2018 ⁴itum,
2155 1987 2205 2012 ire.
2241 1984 2439 2021 [metri-opedam*

1405 2021 1526 2056 περίειμι]
1563 2020 1635 2046 Caes.
1650 2018 1716 2045 Bell.
1731 2017 1800 2044 Gall.
1809 2023 1875 2053 7‚87
1893 2018 2020 2053 Equitum
2033 2021 2060 2046 se
2071 2027 2173 2054 partem
2185 2021 2270 2056 sequi,
2286 2027 2388 2055 partem
2401 2021 2422 2046 ci

1405 2056 1508 2083 cumire
1524 2056 1671 2081 exteriores
1690 2054 1855 2081 munitiones
1876 2053 1960 2080 iubet.
2031 2055 2092 2082 Liu.
2106 2064 2132 2088 1,
2153 2064 2169 2088 9
2194 2056 2243 2082 Sed
2255 2057 2311 2090 ipse
2323 2056 2420 2083 Romul
2438 2047 2443 2069 1

1404 2091 1536 2118 circuibat
1550 2091 1724 2126 docebatque.
1796 2089 1852 2116 Cic.
1861 2090 1914 2116 Att.
1929 2098 1970 2123 14,
1980 2098 2009 2116 21
2029 2091 2177 2117 Antonium
2191 2097 2330 2117 veteranos
2343 2091 2422 2116 circui
2438 2091 2441 2097 '

1405 2128 1447 2154 ire
1458 2147 1467 2159 ‚
1484 2133 1513 2154 vt
1526 2126 1583 2154 aeta
1596 2126 1712 2153 Caesaris
1726 2125 1872 2158 sancirent,
1891 2128 1910 2151 i.
1925 2135 2016 2162 rogare
2020 2125 2151 2162 singulos,
2169 2132 2200 2151 ut
2213 2125 2333 2152 Ambire.
2379 2128 2405 2156 ΟἪ
2417 2125 2422 2131 ”

2299 2196 2384 2234 Prop-
2402 2188 2419 2212 ⁴3

1406 2196 1472 2222 Silu.
1484 2205 1513 2229 4,
1527 2205 1555 2229 4,
1569 2199 1603 2222 26
1628 2196 1692 2222 Inde
1707 2197 1785 2222 sonus
1803 2196 1921 2230 geminas
1941 2196 2011 2223 mihi
2033 2197 2129 2224 circuit
2143 2205 2228 2223 aures.

1406 2241 1436 2266 4,
1452 2233 1483 2257 26
1507 2231 1592 2257 Cuius
1604 2240 1659 2257 non
1672 2230 1786 2257 hederae
1799 2232 1930 2258 circuiere
1944 2233 2047 2267 Caput,
2074 2232 2103 2258 de
2117 2233 2209 2264 Poeta,
2221 2241 2282 2268 quos
2294 2240 2347 2258 cor

1405 2268 1466 2293 litos
1478 2270 1601 2293 nouimus.
1655 2266 1711 2293 Cic.
1723 2267 1795 2292 Fam.
1808 2275 1847 2300 10,
1860 2275 1892 2298 3ο
1912 2268 2004 2302 Itaque
2019 2277 2102 2302 quum
2117 2267 2220 2302 equites
2232 2266 2354 2294 nostrum
2413 2298 2417 2300 ,

1406 2303 1521 2331 circuire
1536 2302 1635 2329 vellent
1644 2322 1652 2334 ,
1672 2302 1790 2336 recipere
1802 2311 1845 2328 me
1857 2303 1942 2336 coepi.
2013 2303 2087 2330 Idem
2098 2303 2213 2338 Philipp.
2226 2311 2262 2335 13,
2274 2311 2306 2329 20
2326 2312 2349 2330 c.
2366 2319 2368 2322 >

1407 2374 1483 2410 gredi
1496 2374 1600 2401 maluit.
1671 2373 1823 2400 Circumire
1835 2374 1927 2400 omnia
1945 2375 2052 2409 copiosa
2068 2374 2229 2409 loquacitate
2248 2373 2371 2407 QuinClil

1408 2418 1446 2445 17.
1517 2410 1599 2437 Ouid.
1614 2410 1680 2436 Met.
1694 2415 1717 2442 8,
1732 2415 1784 2444 748
1810 2409 1938 2436 Manibus
1961 2411 2035 2436 nexis
2052 2419 2083 2436 ex
2103 2409 2199 2436 ordine
2217 2410 2311 2437 trunci.
2318 2410 2349 2438 C‘
2371 2424 2379 2438 z»

1405 2445 1526 2472 modum.
1596 2445 1764 2472 Munitiones
1781 2445 1925 2472 circumire
1938 2446 2012 2472 Caes.
2026 2446 2092 2473 Bell.
2102 2445 2170 2472 Gall.
2187 2452 2214 2480 7,
2227 2450 2268 2479 87,
2281 2454 2304 2478 3.
2380 2445 2394 2474 ζ,

1406 2481 1526 2508 latcritio
1545 2480 1639 2507 vrbem
1660 2481 1803 2508 circumire
1818 2481 1915 2508 Meffal.
1930 2482 2043 2509 Coruin.
2060 2491 2086 2516 p.
2100 2487 2135 2512 18.
2208 2480 2263 2508 Cic.
2283 2490 2333 2515 pro
2354 2482 2423 2523 ῦ-ΐι,1

1406 2553 1476 2579 Asin.
1489 2561 1510 2585 3,
1525 2561 1548 2585 3,
1564 2560 1606 2585 132
1630 2553 1693 2580 Illae
1706 2563 1753 2588 pei·
1764 2553 1873 2580 hortum
1887 2554 1982 2580 circuit
1997 2553 2073 2580 clam.
2144 2552 2246 2587 Paffi'ue.
2279 2551 2348 2586 Nep.
2360 2552 2419 2584 Dat„

1406 2589 1457 2616 His
1473 2588 1537 2615 locis
1556 2588 1638 2616 castra
1655 2590 1746 2624 ponit,
1768 2595 1798 2616 vt
1819 2598 1906 2624 neque
1920 2590 2031 2617 circuiri
2051 2589 2224 2616 multitudine
2242 2586 2389 2615 aduersari

1406 2626 1496 2660 posset.
1568 2625 1695 2652 Caeterum
1715 2626 1823 2661 exempla
1842 2635 1870 2653 ex
1889 2629 1990 2661 optimis
2013 2625 2145 2662 quibusque
2159 2623 2308 2659 ,editionibus
2324 2622 2420 2659 depmm

1406 2659 1554 2694 ostenfflmt,
1575 2662 1604 2687 M
1610 2661 1774 2698 frequentius
1788 2664 1879 2688 omitti.
1923 2662 2066 2688 Audiamus
2080 2662 2276 2692 Grammaticos,
2298 2657 2403 2700 Caffipd.

1407 2733 1437 2759 in
1450 2728 1635 2759 enuntiatibne
1650 2732 1767 2765 amittit,
1783 2734 1812 2758 in
1826 2734 1956 2768 scriptura
1969 2734 2064 2761 seruat.
2101 2732 2150 2759 Sed
2164 2738 2190 2759 et
2202 2741 2263 2758 cum
2274 2732 2287 2758 1
2303 2735 2329 2758 et
2339 2730 2362 2758 V
2387 2743 2400 2752 ι’
2412 2747 2416 2751 -
2426 2723 2433 2736 ²

1406 2768 1443 2795 les
1457 2769 1517 2794 loco
1530 2769 1733 2795 consonantium
1745 2768 1843 2803 potitae
1857 2770 2021 2804 sequuntur,
2041 2775 2067 2796 et
2080 2768 2206 2795 scribitur
2219 2774 2245 2794 et
2257 2753 2423 2802 pronun¹¹³³le
2446 2783 2449 2786 ⁴

1405 2807 1604 2831 vtcircumaffiit
1612 2824 1620 2837 ,
1640 2808 1811 2831 circumjacet.
1866 2805 1934 2831 Beda
1942 2805 2071 2839 Orthogr.
2079 2814 2102 2840 p.
2112 2813 2168 2837 2331
2191 2804 2290 2830 Circum
2298 2811 2343 2838 pr
2366 2806 2369 2807 ’
2379 2798 2415 2838 sy·

1407 2839 1568 2875 quibusdam
1581 2840 1647 2867 locis
1661 2841 1690 2867 M
1704 2840 1820 2873 amittit,
1835 2846 1865 2867 vt
1879 2842 2009 2871 Cinnam
2029 2843 2058 2867 in
2073 2839 2232 2876 quibusdam
2245 2840 2344 2873 seruat,
2364 2834 2390 2872 ‘⁷34
2424 2870 2425 2873 Ἴ

1378 2889 1389 2897 -
1406 2879 1541 2903 cumuenz't.
1718 2873 1739 2917 fl
1766 2884 1783 2902 2
1820 2877 1970 2904 Circumire
1988 2875 2021 2909 est
2038 2876 2148 2912 decipere
2159 2877 2266 2906 volentis
2279 2874 2373 2902 Plauti
2397 2877 2415 2905 J*

1404 2921 1428 2945 3,
1442 2920 1467 2943 2,
1480 2920 1526 2944 ¹09
1547 2911 1619 2938 Nam
1633 2920 1694 2938 eum
1707 2912 1849 2939 circumire
1862 2912 1890 2938 in
1903 2912 1973 2939 huuc
1985 2912 2057 2939 diem
2066 2933 2074 2946 ‚
2095 2918 2123 2939 vt
2136 2920 2193 2943 me,
2207 2911 2225 2938 fi
2239 2911 2328 2946 poffet,
2347 2924 2358 2933 υ
2396 2909 2403 2945 j.

1405 2948 1606 2975 interuorteret.
1660 2949 1691 2974 Et
1704 2947 1877 2980 circumitur,
1894 2952 1937 2984 qui
1950 2948 2090 2984 decipitur,
2107 2954 2138 2975 vt
2155 2945 2347 2974 circumueniri
2397 2966 2415 2992 ἦ

1404 2991 1465 3017 tur,
1481 2986 1525 3019 qui
1532 2984 1675 3019 falluntur.
1729 2983 1798 3010 Ter.
1809 2983 1916 3010 Phorm.
1927 2993 1957 3017 4,
1969 2993 2017 3017 3,9
2036 2984 2148 3010 Facinus
2162 2982 2312 3017 indignum,
2356 2980 2359 2989 ²
2439 2985 2441 2988 '

1404 3019 1439 3046 fic
1452 3019 1599 3046 circumiri.
1635 3018 1704 3048 Add.
1719 3018 1790 3046 Seru.
1803 3019 1838 3046 ad
1848 3020 1913 3045 Aen.
1922 3028 1955 3052 ιι,
1969 3024 2031 3054 767.
2067 3021 2102 3046 It.
2116 3019 2234 3046 Martial.
2248 3024 2273 3051 8,
2286 3026 2325 3052 59.
2344 3031 2352 3042 ι

1442 3062 1559 3082 cisscv
1570 3061 1692 3082 MIENS
1707 3075 1716 3088 ,
1739 3055 1820 3081 uritis.
1856 3055 1949 3082 Panic.
1991 3054 2074 3081 Ouid.
2102 3063 2133 3081 ex
2148 3055 2223 3081 Pont.
2240 3063 2267 3087 1,
2285 3063 2318 3087 2,
2396 3051 2414 3095 3¹

1403 3099 1484 3131 eques
1505 3090 1646 3117 instructus
1665 3091 1806 3125 perterrita
1824 3091 1931 3117 moenia
1948 3090 2041 3118 lustrat
2081 3091 2161 3118 More
2179 3090 2237 3125 lupi
2254 3087 2373 3122 clausas}
2405 3105 2407 3109 ‹
2425 3095 2427 3098 “

1401 3133 1489 3154 euntis
1508 3135 1582 3153 oues.
2357 3147 2361 3150 ⁴

1441 3170 1458 3190 c
1467 3170 1475 3189 ι
1489 3169 1508 3189 R
1517 3169 1534 3190 c
1543 3170 1562 3189 v
1574 3168 1590 3188 Ε
1599 3169 1620 3188 ν
1629 3169 1678 3190 ND
1686 3169 1708 3190 v
1716 3169 1741 3196 s,
1747 3171 1770 3194 a,
1779 3171 1833 3190 um.
1854 3163 1922 3189 Part.
1953 3161 2035 3189 Ouid.
2043 3162 2100 3189 Art.
2109 3170 2131 3195 3,
2138 3164 2187 3196 396
2204 3162 2328 3197 Metaque

1403 3198 1552 3226 Circuenda
1569 3204 1637 3224 rota.
2322 3223 2324 3228 .

1439 3241 1456 3261 c
1467 3242 1475 3261 1
1485 3240 1557 3261 RCV
1569 3232 1581 3260 f
1591 3240 1636 3261 TV
1646 3241 1669 3261 s.
1704 3233 1766 3260 Adi.
1802 3232 1962 3269 [περιχὲεἳς]
1998 3232 2196 3260 Circumdufflis.
2251 3233 2310 3260 Sen-
2359 3248 2365 3250 s

1404 3269 1507 3297 Orbem
1525 3269 1645 3296 circuitis
1659 3268 1784 3297 cornibus
1804 3269 1894 3303 alligat
1908 3268 2023 3296 Phoebe.
2058 3269 2201 3306 Descriptio
2210 3264 2363 3304 pleniluni&
2390 3279 2391 3282 ¹

1405 3305 1476 3332 c-uita
1495 3314 1609 3338 cornua,
1630 3314 1690 3341 quae
1709 3307 1829 3332 circuiere
1848 3313 1872 3331 ct
1891 3307 2002 3332 acumine
2016 3311 2120 3341 utroque
2136 3303 2342 3331 confunaamus
2358 3307 2365 3331 ,“
2393 3324 2406 3329 ,.

1403 3341 1610 3377 Iunamfaciunt.
1648 3340 1795 3376 Sedpaffi'ue
1815 3341 1888 3368 Caes.
1904 3340 1969 3367 Bell.
1982 3341 2050 3374 Gall.
2063 3349 2087 3373 3,
2100 3347 2128 3373 25·
2146 3340 2254 3374 Equites
2271 3339 2310 3366 cir
2350 3350 2360 3359 ¹-

1404 3377 1484 3404 stium
1495 3376 1609 3409 Castris,
1627 3376 1716 3403 Crasso
1729 3376 1965 3409 renuntiauerunt,
1985 3383 2030 3404 etc.
2103 3376 2160 3403 Cic.
2169 3377 2272 3438 P'ssgni.
2280 3382 2329 3438 pli?
2342 3378 2367 3415 ζἸ
2396 3385 2409 3417 ,F

2224 3421 2266 3438 em
2333 3421 2359 3438 ul>
2398 3419 2408 3425 ¹¹

1403 3449 1510 3476 Sueten.
1523 3449 1626 3476 Neron.
1641 3456 1678 3481 19.
1749 3447 1890 3474 Triclinio
1901 3447 2015 3474 circuito
2029 3447 2104 3474 Idem
2118 3447 2209 3474 Claud.
2222 3452 2245 3477 8.
2267 3420 2284 3446 p
2305 3463 2309 3466 -
2332 3470 2333 3473 ,
2346 3456 2348 3459 ’
2386 3474 2403 3483 ,κ

1438 3482 1686 3516 cincvi'rvs,
1721 3484 1763 3509 vel
1785 3490 2062 3516 cracvmrrvs,
2087 3482 2125 3510 us.
2161 3492 2198 3509 m.
2235 3481 2346 3517 [περῖο»

1405 3517 1495 3555 ripum),
1513 3518 1648 3555 περιέξολῆ]
1683 3518 1739 3545 Cic.
1755 3517 1787 3544 dc
1802 3518 1866 3545 Nat.
1879 3519 1961 3546 Deor.
1975 3527 2006 3552 2,
2025 3527 2056 3552 50
2081 3518 2214 3546 Circuitus
2234 3517 2304 3545 enim
2314 3515 2348 3543 So
2359 3520 2366 3529 ‘¹
2393 3517 2400 3528 ’·

1403 3555 1480 3582 bium
1493 3556 1613 3590 quinque
1625 3554 1718 3581 diebus
1734 3561 1784 3587 Lx,
1805 3561 1832 3581 et
1845 3561 1886 3582 cc
1895 3561 1912 3582 c
1920 3574 1929 3587 ‚
1943 3561 2036 3589 quarta
2049 3554 2105 3581 fere
2120 3553 2174 3580 diei
2188 3559 2261 3588 parte
2272 3550 2331 3580 addi
2338 3564 2345 3571 ··

1919 3590 2082 3618 Circumitus
2100 3588 2206 3616 Siciliae
2227 3589 2295 3616 totiu

1402 3634 1438 3662 79
1449 3633 1492 3661 pr.
1519 3631 1537 3654 i.
1547 3628 1719 3663 peregrinatio
1727 3632 1776 3661 per
1786 3627 1864 3653 illam.
1932 3626 2045 3661 Explere
2056 3624 2198 3652 circuitum
2211 3625 2267 3652 eius
2279 3620 2328 3661 (fi

1400 3664 1460 3689 lami
1465 3662 1625 3698 scriptorii)
1643 3661 1764 3688 Scribon.
1777 3669 1823 3697 47.
1848 3663 2037 3690 circumuoluere
2051 3660 2158 3695 aliquid.
2229 3659 2296 3688 Cels.
2305 3664 2344 3692 35*

1400 3698 1574 3725 tertianarum
1586 3703 1843 3732 quartanarumque,
1861 3705 1974 3732 quarum
1993 3701 2020 3722 et
2038 3701 2123 3722 certus
2137 3695 2262 3723 circuitus
2273 3693 2324 3726 est,
2358 3723 2372 3733 ¹

1400 3734 1503 3768 integer
1517 3733 1567 3764 est,
1586 3739 1612 3759 et
1629 3733 1693 3767 quia
1709 3733 1858 3760 liberaliter
1877 3732 1968 3767 quieta
1985 3737 2104 3765 tempora
2117 3732 2192 3766 sunt,
2212 3728 2376 3772 expedifia„
2398 3727 2422 3750 ¹³?

1399 3804 1512 3832 redeunt
1523 3815 1528 3830 :
1547 3804 1590 3830 scd
1604 3804 1631 3830 id
1646 3812 1708 3830 raro
1720 3803 1821 3833 euenit.
1876 3801 2027 3830 Circuitum
2038 3809 2140 3829 certum
2153 3802 2250 3830 habens
2261 3799 2374 3828 ἰείη-ιε..

1399 3848 1440 3874 95.
1476 3838 1642 3867 circuitibus
1655 3839 1772 3866 febrium
1783 3837 1876 3865 vexari
1888 3837 1942 3864 fine
1954 3836 2067 3864 horrore
2079 3837 2149 3865 Ibid.
2205 3838 2262 3865 Cic.
2275 3835 2307 3862 de
2380 3841 2404 3852 ’Μ’
2430 3840 2431 3845 ’

1399 3881 1431 3906 28
1453 3876 1516 3903 Nox
1537 3876 1621 3910 igitur
1644 3881 1670 3901 et
1688 3874 1744 3907 dies
1760 3873 1792 3900 ad
1810 3872 1879 3900 hunc
1897 3872 2026 3906 modum,
2044 3879 2070 3900 et
2087 3874 2123 3901 ob
2136 3873 2182 3903 has
2201 3875 2319 3908 generata
2354 3903 2357 3909 .

1399 3920 1482 3938 vuum
1501 3911 1644 3938 circuitum
1655 3908 1730 3936 orbis
1743 3907 1840 3940 efficit,
1854 3908 2068 3942 sapientislimum
2082 3916 2162 3950 atque
2175 3908 2312 3944 optimum.
2326 3925 2329 3929 J
2344 3927 2346 3930 ,
2377 3913 2381 3927 2
