2474 4182
262 103 335 144 287
683 89 904 132 ΑΜΒ

269 184 475 211 internuncium.
512 182 578 209 Plin.
594 181 670 216 Epist.
686 184 718 211 6,
739 181 755 205 6
775 179 830 213 Ego
849 177 956 211 ambio,
983 188 1032 214 ego
1052 180 1199 214 periclitor.
1237 179 1311 213 Quid

270 220 379 254 dignum
404 219 505 246 stolidis
530 219 661 244 mentibus
689 215 843 248 imprecer?
875 215 961 249 Opes,
984 215 1099 242 honores
1121 217 1254 246 ambiant,
1282 217 1314 241 Et

271 266 354 290 quum
366 256 428 281 falsa
443 255 516 289 graui
531 254 600 280 mole
614 251 780 286 parauerint,
799 249 875 276 Tum
890 259 953 277 vera
967 253 1123 286 cognoscant
1138 252 1209 278 bona
1221 251 1313 278 Bo'e'th.

271 293 303 318 de
319 293 395 318 Cons.
410 291 475 317 Phil.
491 300 512 321 3,
527 291 604 316 Metr.
620 296 639 318 3.
679 287 752 320 Virg.
763 287 830 312 Aen.
843 295 872 319 4,
880 291 925 318 283
962 301 1006 306 --
1043 296 1097 322 quo
1111 297 1179 314 nunc
1194 288 1315 321 reginam

271 328 373 354 ambire
392 328 523 353 furentem
560 322 662 349 Audeat
683 321 761 347 affatu
776 322 798 347 3¹
824 321 872 348 Vbi
886 322 1007 355 Seruius,
1032 324 1158 355 Ambire,
1178 323 1316 349 blanditiis
1337 330 1349 355 5

271 363 473 390 circumuenire.
512 359 615 385 Nonius
635 357 651 383 l.
667 366 688 383 c.
708 360 889 393 interpretatur
908 358 1090 392 Interpellare.
1129 360 1216 385 Valer.
1232 359 1314 385 Flacc-

271 407 298 434 7,
313 402 359 430 256
378 398 464 423 Variis
479 399 641 421 moerentem
654 393 766 419 vocibus
779 393 871 420 ambit.
909 394 991 420 Ouid.
1007 395 1070 420 Met.
1088 404 1133 427 14,
1150 400 1192 427 585
1209 394 1316 420 Ambie-

270 442 363 468 ratque
377 435 462 458 Venus
484 431 597 463 superos.
641 431 678 455 De
699 428 780 456 brutis
799 433 872 455 etiam
889 430 1038 456 animalibus
1052 430 1188 456 Claudian.
1202 430 1229 455 de
1239 431 1275 456 Ra
1297 436 1315 456 t.

271 471 340 496 Pros.
356 479 374 500 1,
391 476 435 500 ¹27
460 465 578 491 Vitulam
592 474 646 491 non
660 465 783 491 blandius
796 466 879 491 ambit
893 466 989 491 Torua
1004 474 1104 499 parens.
1302 474 1314 497 3

271 548 370 575 nuptum
386 544 503 572 expetere.
540 537 600 563 Stat.
616 537 680 563 Silu.
695 546 721 569 2,
736 546 755 567 1,
772 546 820 570 ²54
852 553 895 557 —
925 536 996 563 hunc
1011 537 1065 570 ipse
1079 536 1162 563 choro
1176 536 1316 570 plaudente

270 575 397 605 PhiletaS,
435 572 663 608 Callimachusque
679 573 771 604 senex,
788 573 942 607 Vmbroque
957 572 1108 606 Propertius
1127 579 1218 601 antm.

269 611 361 636 biss‘cnt
381 608 486 634 laudare
500 608 580 634 diem.

270 652 326 671 rent
341 646 409 670 Suet.
424 646 489 678 Aug.
503 654 525 670 c.
540 653 571 675 31.

1255 573 1316 597 Arn-

618 611 709 642 Qnun
723 609 855 635 ambirent
875 609 970 640 multi,
990 617 1022 634 ne
1037 608 1103 634 filias
1120 608 1150 635 in
1162 608 1261 635 sortem
1274 607 1317 633 da-

308 688 328 707 Λ
338 688 361 706 Μ
372 688 387 707 Β
397 689 404 706 1
416 688 431 707 Ε
442 688 461 706 Ν
471 688 492 707 s.
529 680 621 707 Partic.
647 681 723 706 Curt.
738 689 765 713 4,
781 688 807 714 7,
823 682 851 705 16
870 679 946 705 Sedes
962 677 1144 705 ambientibus
1162 679 1242 704 ramis
1257 687 1317 704 con·
1332 682 1357 708 13
1372 686 1398 705 et
1412 679 1491 705 fruet.
1530 679 1601 705 Nam
1614 679 1685 705 inter
1696 679 1864 707 insolentiam
1877 682 2022 713 curiosam,
2043 688 2068 707 et
2083 679 2258 713 Diligentiam
2271 687 2325 704 non
2337 687 2377 706 3111
2384 678 2402 710 ,”

270 716 337 743 tecta
354 717 402 752 est.
441 717 545 742 Sue-ton.
568 716 640 742 Caes.
664 722 689 746 18
725 718 794 742 Cum
815 714 961 746 ambienti,
987 721 1017 741 vt
1037 714 1140 749 legibus
1161 714 1317 746 solueretur,

269 752 348 778 multi
368 753 586 779 contradicerent.

307 796 328 815 A
338 795 361 814 M
373 795 388 815 B
398 796 405 814 l
416 796 431 815 E
441 796 461 815 N
471 796 492 815 T
502 796 517 815 E
528 796 555 814 R.

271 827 289 851 i.
316 825 450 860 ambit10ji¹.

598 787 664 814 Adu.
701 787 790 813 Sidon.
805 785 883 820 Epist.
905 794 937 820 7,
961 794 978 818 9
1006 785 1163 812 Ambienter
1180 791 1318 819 expetere,

309 867 331 887 Α
341 867 364 887 Μ
376 867 408 886 131
423 867 443 886 T
454 868 474 886 v
484 867 506 886 s.
544 858 638 885 Partic.
676 856 757 884 Ouid.
770 858 834 883 Met.
850 866 876 889 1,
894 865 924 891 37
947 856 1017 882 1111111
1036 863 1061 883 et
1075 857 1192 883 ambitae
1207 857 1318 883 circum-
1330 865 1363 883 20
1375 858 1457 891 magis
1471 858 1585 883 militari
1597 858 1706 890 fauore,
1721 867 1800 892 quam
1821 860 1943 894 populari
1962 860 2102 887 celebrem.
2139 857 2272 892 Qiinetil.
2287 866 2313 889 1,
2332 867 2366 891 4,
2404 863 2413 887 ἢ

271 896 333 923 dare
353 896 460 922 brachia
480 902 576 921 terrae.
614 893 750 920 Claudian.
772 893 804 919 de
818 903 836 926 4
858 893 936 918 Cous.
952 894 1023 918 Hon.
1039 901 1074 925 151
1097 893 1221 918 Ambitus
1240 893 1318 927 lignis

272 932 460 963 (institoribus)
480 931 615 965 augustior
631 929 724 955 infans.
768 929 823 954 Cic.
837 938 885 962 pro
900 928 985 954 Plane.
1004 938 1025 954 c.
1042 937 1059 960 4
1085 929 1200 963 Populus
1212 929 1318 955 Aediles

271 968 334 994 facit
348 977 424 1000 eos,a
438 967 533 1002 quibus
550 967 584 992 est
598 965 713 991 maxime
727 964 850 990 ambitus.
888 964 981 990 Tacit.
997 964 1064 990 Hist.
1080 972 1103 996 3,
1119 973 1159 997 39,
1175 973 1187 996 3
1206 965 1318 998 Integris

272 1013 379 1039 quoque
394 1004 472 1030 rebus
487 1012 501 1029 a
515 1003 625 1029 Caecina
644 1007 669 1026 et
691 999 854 1033 primoribus
875 1000 991 1033 partium
1012 1000 1063 1026 iam
1080 1000 1219 1026 Vitellium
1234 1001 1319 1035 asper-

272 1040 396 1066 nantibus
415 1040 537 1065 ambitus.

271 1083 339 1102 rant.
378 1076 435 1101 Val.
450 1075 530 1101 Flacc.
547 1081 574 1105 5,
590 1075 635 1098 621
654 1071 847 1105 Ambitumque
860 1071 956 1096 senem.

309 1119 363 1138 AM
374 1111 407 1138 Βῑ
421 1118 441 1137 Τ
452 1118 504 1141 10,
525 1109 593 1134 unis.
626 1108 644 1133 f.
686 1108 741 1141 Ipsa
756 1107 827 1132 38110
847 1106 1005 1139 ambientis,
1026 1110 1064 1134 ait
1080 1107 1184 1140 Festus,
1214 1108 1319 1142 Proprie

272 1147 306 1174 ad
323 1155 425 1181 corpora
445 1145 575 1171 ambicntm
595 1143 707 1179 refertur
732 1143 895 1178 [περίβολος]
932 1143 1014 1169 Solin.
1035 1148 1068 1176 48
1090 1144 1161 1170 Nam
1177 1143 1320 1178 fuliginem

273 1184 428 1209 intrinsecus
445 1180 610 1207 fauillaceam
626 1178 740 1205 ambitio
754 1185 856 1204 tantum
875 1179 990 1205 extimae
1008 1180 1075 1205 cutis
1090 1179 1208 1206 cohibet.
1246 1179 1320 1205 Idem

273 1228 300 1251 3,-
322 1219 455 1251 Nauigant
469 1223 557 1242 autem
571 1215 696 1241 vimineis
710 1215 808 1246 alueis,
830 1223 896 1249 quos
918 1214 1082 1241 circumdant
1101 1216 1249 1241 ambitione
1271 1222 1321 1241 ter·
1334 1220 1366 1244 30
1377 1225 1401 1242 et
1418 1214 1549 1249 asj‘i'cl'ata.

272 1264 366 1288 gorum
392 1253 563 1279 bubulorum.
737 1248 756 1288 fl
775 1259 790 1276 2
817 1248 960 1283 Affinffatio
981 1250 1117 1286 dignitatis
1131 1259 1173 1277 aut
1193 1251 1322 1282 bonorum,

272 1290 444 1323 [φιλοτιαιά]
475 1296 547 1323 <itque
568 1286 692 1313 interdum
718 1294 764 1321 pro
785 1283 844 1311 11811
858 1286 985 1321 sumitur,
1003 1286 1102 1322 ipsaque
1122 1287 1181 1312 adeo
1191 1289 1322 1322 petitione,

271 1333 294 1351 et
307 1325 346 1359 Jic
361 1326 431 1356 μέσον
445 1322 476 1357 est
486 1344 492 1355 ,
510 1330 585 1359 prout
599 1323 698 1359 seilicet
714 1325 812 1348 animus
822 1324 862 1348 vel
883 1322 956 1357 caufiz
969 1325 1030 1354 eius,
1043 1325 1085 1357 qui
1093 1326 1176 1357 petit:
1196 1322 1322 1349 imerilum

265 1369 315 1396 pro
336 1358 469 1394 affifiione
486 1363 579 1389 animi,
593 1368 652 1394 quac
663 1361 755 1384 incitat
775 1358 897 1387 homines,
912 1366 941 1383 ve
955 1358 1082 1390 ambiant,
1101 1358 1216 1394 quomodo
1224 1358 1284 1394 fei-e
1293 1361 1321 1383 in

270 1399 359 1424 nmium
374 1403 472 1431 partem
493 1398 624 1430 accipitur.
699 1395 767 1421 Satis
785 1394 830 1420 hoc
851 1394 966 1428 Epitheta
985 1393 1138 1420 indicabunt.
1217 1394 1221 1398 '

274 1442 300 1465 1,
322 1439 353 1467 87
374 1442 395 1458 c.
411 1440 440 1465 25
462 1432 613 1458 Miserrima
633 1430 668 1456 est
685 1430 796 1456 omnino
816 1430 946 1461 ambitio,
967 1429 1155 1464 honorumque
1175 1430 1320 1456 contentio.

273 1469 346 1495 Licet
368 1469 422 1502 ipsa
442 1468 540 1494 vitium
560 1467 589 1493 sit
608 1465 738 1498 ambitio,
759 1472 848 1491 tamen
868 1465 1022 1500 frequenter
1042 1467 1116 1492 causa
1136 1466 1266 1492 virtutum
1284 1465 1320 1491 est

274 1503 404 1538 Qiinffil.
423 1514 445 1535 1,
464 1512 494 1535 2,
514 1511 554 1529 22.
592 1503 648 1528 Cic.
662 1504 714 1528 Att.
730 1510 750 1533 1,
765 1509 791 1535 17
811 1502 855 1527 Me
868 1501 982 1527 ambitio
996 1502 1123 1536 quaedam
1138 1502 1170 1528 ad
1185 1502 1320 1528 honorum

274 1539 406 1572 studium,
434 1546 460 1565 te
482 1545 571 1565 autem
596 1538 648 1564 alia
671 1538 782 1563 minime
806 1537 1019 1571 reprehendenda
1039 1538 1109 1564 ratio
1128 1537 1160 1564 ad
1179 1537 1320 1564 honestum

274 1577 361 1602 otium
376 1575 460 1602 duxit.
498 1574 535 1600 ld.
552 1574 666 1600 Declam.
683 1574 710 1599 in
723 1573 823 1598 Sallust.
837 1575 853 1598 6
874 1573 956 1605 Cedo,
973 1573 989 1599 11
1006 1574 1107 1600 fuerim
1124 1574 1153 1600 in
1171 1573 1362 1611 honoribus40
1376 1577 1461 1602 Ponto
1474 1584 1503 1607 5,
1517 1584 1544 1606 1,
1564 1580 1597 1607 84
1624 1576 1674 1601 Pro
1691 1576 1787 1602 nostris
1801 1582 1830 1602 vt
1850 1575 1880 1602 {is
1898 1576 2039 1602 ambitiosa
2059 1576 2145 1602 malis.
2186 1576 2270 1607 Rogat
2281 1582 2381 1601 ‘uxorem
2411 1575 2422 1604 ,Ξ

274 1612 392 1647 petendis
412 1611 491 1637 nimis
513 1609 685 1641 ambitiosus,
711 1617 767 1635 non
789 1608 853 1634 hanc
873 1609 934 1635 dico
953 1609 1108 1643 popularem
1129 1609 1322 1642 ambitionem,

273 1649 348 1674 cuius
369 1657 410 1673 me
431 1647 578 1681 principem
597 1645 745 1671 confiteor:
772 1644 815 1671 sed
835 1644 908 1671 illam
930 1646 1105 1679 perniciosam
1126 1652 1218 1672 contra
1236 1646 1321 1679 lege5‚

273 1684 348 1710 cuius
369 1684 469 1717 primos
491 1682 597 1708 ordines
617 1681 750 1707 Sallustius
770 1680 850 1706 ducit.
906 1680 998 1707 Claud.
1018 1681 1051 1707 de
1070 1682 1154 1707 Laud.
1173 1681 1274 1708 Stilich.
1290 1690 1321 1713 z,

276 1728 318 1752 ¹¹4
354 1718 460 1745 Trudis
480 1718 636 1749 auaritiam,
660 1717 734 1743 cuius
757 1715 902 1742 foedislima
940 1717 1031 1743 nutrix
1096 1716 1234 1749 Ambitio,
1255 1726 1322 1751 quae

273 1755 410 1781 vestibulis
423 1754 581 1787 foribusque
590 1755 726 1778 Forentum
742 1751 867 1783 Excubat,
876 1758 901 1777 et
915 1753 1008 1786 pretiis
1016 1753 1175 1778 commercia
1188 1753 1267 1787 pascit
1275 1752 1322 1778 ho·
1330 1761 1366 1787 45

272 1800 378 1816 norum.
416 1789 571 1816 Ambitione
580 1787 837 1818 inetirioinnia,vi'cl.
848 1794 980 1813 METIOR.
1016 1789 1122 1814 Cretata
1131 1788 1244 1815 ambitio
1253 1789 1321 1815 Pers.

271 1826 321 1852 Sat.
338 1834 366 1858 5,
382 1832 428 1859 177
447 1834 501 1850 cum
515 1821 625 1859 respcftu
639 1822 673 1849 ad
685 1822 845 1848 candidatos.
868 1832 893 1848 υ.
909 1832 936 1848 υ.
992 1823 1104 1849 Demens
1125 1823 1218 1850 Claud.
1228 1826 1321 1858 Paneg.

272 1870 298 1894 2,
316 1864 367 1891 186.
423 1860 564 1894 Impatiens
585 1859 645 1885 Stat.
661 1857 753 1885 Theb.
768 1867 791 1889 1,
808 1866 861 1889 129.
918 1858 1051 1891 Impotens
1068 1858 1125 1884 Sen.
1138 1859 1250 1890 Thyest.
1267 1868 1322 1891 350.

272 1898 361 1924 Inanis
382 1897 476 1922 Horat.
490 1895 568 1930 Epist.
590 1904 620 1927 2,
640 1903 670 1926 2,
691 1901 751 1928 207.
809 1894 889 1919 Leuis
909 1893 991 1919 Ouid.
1013 1893 1078 1920 Fast.
1094 1902 1118 1925 1,
1139 1902 1193 1926 303.
1250 1894 1322 1920 Mala

272 1935 364 1960 Horat.
383 1933 465 1958 Serm.
480 1940 511 1963 2,
527 1933 560 1962 6,
577 1936 611 1960 18.

273 1970 356 1995 Praua
372 1967 410 1993 ld.
425 1967 506 1993 Serm.
521 1975 540 1997 1,
554 1968 580 1997 6,
592 1974 625 1997 51.
685 1965 793 1990 Solicita
813 1965 895 1990 Ouid.
906 1965 993 1991 Trist.
1009 1974 1037 1998 4,
1052 1974 1090 1998 10,
1103 1971 1140 1998 38.
1179 1966 1235 1992 Cic.
1245 1966 1322 1992 Verr.

274 2013 297 2036 2,
312 2013 348 2035 131
368 2004 476 2029 Summa
487 2001 635 2028 ambitione
650 1999 693 2025 hic
707 1999 871 2033 magistratus
885 2008 899 2024 a
911 2000 1012 2033 populo
1026 2001 1205 2028 contenditur.
1247 2001 1321 2027 Idem

275 2049 323 2074 pro
346 2039 441 2065 Milon.
462 2047 494 2071 43
518 2037 578 2063 Scio
597 2036 684 2066 enim,
699 2043 778 2070 quam
789 2034 905 2060 Timida
924 2034 954 2060 fit
972 2034 1101 2066 ambitio,
1123 2042 1274 2069 quantaque
1295 2042 1321 2061 et

275 2085 354 2111 quam
368 2074 471 2101 solicita
483 2072 612 2107 cupiditas
628 2070 792 2098 Consulatus.
845 2070 901 2096 Cic.
918 2070 970 2095 Att.
985 2078 1010 2101 1,
1030 2078 1039 2095 1
1068 2070 1132 2096 Sane
1147 2071 1204 2096 sum
1218 2076 1321 2103 pertur-

275 2112 366 2144 batus,
387 2117 443 2137 tum
462 2109 540 2144 ipsius
553 2108 633 2134 Satrii
648 2106 845 2138 familiaritate,
864 2112 920 2131 tum
934 2105 1065 2137 Domitii,
1086 2106 1115 2131 in
1129 2114 1183 2140 quo
1199 2113 1253 2132 vno
1267 2113 1320 2130 ina·
1335 2117 1363 2143 53

276 2148 347 2174 xime
367 2146 481 2172 ambitio
503 2144 590 2171 nostra
607 2143 722 2174 nititur,
748 2145 765 2168 i.
779 2144 879 2177 petitio.
923 2142 963 2168 Sic
983 2141 1093 2167 Moleste
1114 2141 1180 2173 tuli,
1203 2150 1257 2167 non
1277 2140 1323 2166 illa

275 2182 404 2211 beneficia
420 2189 479 2208 tuae
494 2181 582 2215 potius
595 2178 739 2206 ambitioni
757 2178 890 2204 reseruata
904 2178 1049 2211 effc‚quam
1064 2186 1154 2209 meae,
1174 2177 1221 2212 qui
1239 2176 1322 2203 ambi-

275 2219 348 2245 tione
362 2217 431 2244 nihil
446 2225 534 2243 vterer
547 2214 602 2242 Ci'c.
620 2216 690 2241 Fam.
707 2222 736 2246 5,
750 2223 792 2240 zo.
830 2216 895 2245 Agit
909 2223 961 2238 cum
975 2210 1097 2248 quaestore
1104 2213 1166 2248 fi‘0>
1186 2215 1229 2248 qui
1242 2215 1323 2248 magis

275 2262 334 2290 opus
347 2254 449 2280 hahebat
464 2252 497 2278 ad
504 2252 611 2288 fiituros
623 2251 725 2276 honores
737 2245 907 2310 adipffien‘dor
920 2249 1058 2274 hominibus
1069 2248 1182 2281 beneficio
1195 2249 1321 2284 obligatis.

278 2292 307 2317 ln
322 2290 464 2316 deteriorem
477 2294 584 2323 partem.
618 2287 677 2313 Liu.
693 2294 723 2317 2,
738 2293 768 2317 25
810 2286 818 2291 “

276 2335 393 2396 5110113111
409 2360 473 2387 ali-”is
492 2359 621 2385 exarserat
640 2356 829 2384 Consularibus
850 2356 976 2382 comitiis.

276 2397 364 2424 dicere
378 2397 492 2431 possum,
511 2394 590 2429 i.fine
604 2394 735 2420 ambitione
754 2393 847 2418 Horat.
863 2392 944 2418 Serm.
958 2400 978 2423 1,
993 2400 1030 2422 10,
1045 2397 1086 2424 84.

279 2434 353 2460 Verr.
368 2441 393 2465 2,
408 2440 449 2464 132
468 2441 489 2457 c.
504 2438 534 2464 57.
555 2431 589 2456 Vt
602 2429 687 2456 studia
701 2428 909 2462 cupiditatesque
928 2427 1079 2460 honorum,
1098 2433 1177 2462 atque
1198 2427 1323 2454 ambitio-

360 2324 432 2352 Idem
446 2332 489 2356 35,
505 2332 533 2349 10
554 2324 584 2349 In
605 2323 679 2348 exitu
697 2321 750 2346 iam
770 2329 854 2346 annus
873 2325 944 2352 erat,
962 2326 988 2346 et
1005 2319 1120 2346 ambitio
1140 2320 1222 2354 inagis
1242 2328 1323 2354 quam

1032 2355 1188 2382 Ambitione
1208 2355 1324 2389 relegata

1131 2393 1227 2418 Plural.
1265 2391 1321 2417 Cic.

278 2478 322 2495 nes
342 2477 373 2495 ex
391 2466 514 2494 omnibus
532 2465 687 2493 ciuitatibus
704 2464 818 2491 tolleret.
860 2463 990 2490 Id.Tusc.
1004 2472 1034 2496 2,
1054 2465 1088 2489 62
1109 2473 1130 2489 c.
1143 2465 1178 2489 26
1203 2463 1278 2497 Qud
1292 2462 1324 2490 de
1336 2474 1368 2507 65

277 2505 372 2531 nostris
387 2502 595 2534 ambitionibus,
610 2501 675 2537 quid
689 2501 720 2527 de
734 2500 878 2535 cupiditate
892 2499 1029 2527 honorum
1040 2499 1145 2534 loquar.
1270 2497 1290 2540 Ἴ
1311 2508 1323 2531 3

280 2539 418 2571 Ambitio,
452 2549 480 2564 ro
494 2540 664 2573 Aucupationc
678 2539 785 2573 gratiae.
821 2536 877 2563 Cic.
892 2536 920 2561 in
933 2536 1015 2562 Bruto
1035 2544 1090 2569 244
1110 2535 1175 2562 Non
1188 2540 1269 2569 puto,
1283 2544 1323 2561 111-

279 2585 375 2611 quam,
389 2575 431 2601 exi
442 2574 538 2600 limare
551 2580 593 2605 te,
609 2573 756 2600 'ambitione
773 2581 816 2598 me
834 2571 904 2604 labi,
922 2571 1020 2606 quippe
1037 2571 1069 2598 de
1088 2571 1210 2598 mortuis.
1237 2573 1255 2597 i.
1268 2570 1324 2604 stu-

278 2612 318 2638 dio
328 2610 458 2646 placendi,
477 2616 500 2634 et
511 2609 640 2646 colligendi
653 2609 840 2634 beneuolentiam
851 2609 1010 2643 popularem,
1031 2616 1076 2643 quo
1096 2605 1213 2633 induHus
1231 2608 1324 2643 aliquis

279 2651 354 2674 etiam
366 2646 484 2682 indignos
500 2644 590 2670 laudet.
631 2644 686 2670 Cic.

280 2689 381 2710 tantum
397 2682 449 2708 iam
463 2680 494 2707 ad
506 2680 619 2706 nimiam
634 2679 769 2706 lenitatem
782 2686 809 2706 et
823 2679 998 2706 ambitionem
1018 2678 1196 2705 incubuerint.
1232 2679 1324 2705 Tacit.

281 2718 348 2746 Hist.
361 2727 381 2751 1,
397 2727 417 2749 1,
431 2727 450 2751 4
469 2715 518 2742 Sed
531 2715 706 2742 ambitionem
719 2716 854 2749 scriptoris
867 2715 945 2741 facile
959 2716 1102 2741 auerseris:
1122 2714 1283 2741 obtrectatio
1299 2720 1325 2740 et

281 2755 352 2781 liuor
373 2753 463 2788 pronis
484 2751 593 2778 auribus
614 2751 787 2785 accipiuntur.
840 2750 962 2776 Ambitio
981 2751 1056 2785 vulgi
1071 2750 1161 2777 lustin.
1176 2759 1221 2782 12,
1235 2759 1276 2783 15,
1293 2759 1325 2782 11,

281 2790 372 2822 eadem,
387 2798 446 2825 quae
459 2787 533 2822 vulgi
546 2786 663 2813 adulatio
676 2785 770 2812 dicitur
784 2794 817 2817 13,
826 2794 847 2818 3,
857 2794 880 2812 2.
918 2786 1024 2813 Sueton.
1040 2787 1068 2813 in
1082 2786 1183 2813 Othon.
1197 2795 1215 2819 4
1238 2786 1324 2813 Nullo

281 2825 364 2853 officii
378 2831 422 2851 aut
436 2823 591 2850 ambitionis
605 2823 632 2848 in
646 2830 795 2856 quenquam
810 2830 904 2856 genere
915 2821 1018 2848 omiffo.

282 2864 377 2896 Magna
392 2860 455 2887 dum
470 2859 539 2885 vixit
552 2858 701 2885 seueritatis
713 2858 798 2889 fama,
818 2857 945 2891 supremis
963 2857 1112 2883 testamenti
1132 2857 1222 2884 verbis
1242 2857 1325 2884 ambi-

281 2898 362 2925 tionis
376 2896 538 2923 manifestus.
575 2895 631 2921 Cic.
646 2893 699 2920 Off.
715 2902 723 2919 1
746 2903 767 2918 c.
781 2901 812 2925 30
839 2893 869 2918 111
886 2893 917 2918 C.
932 2892 1024 2919 Laelio
1043 2893 1126 2919 multa
1141 2893 1275 2926 hilaritas,
1297 2893 1326 2919 in

280 2934 403 2968 Scipione
417 2931 530 2959 ambitio
541 2930 643 2959 maior,
664 2929 720 2955 vita
733 2928 851 2960 tristior,
871 2931 889 2954 i.
904 2928 1004 2955 habitus
1018 2936 1133 2954 externus
1147 2931 1227 2965 magis
1241 2930 1327 2965 salici-

280 2977 336 3000 tus,
356 2976 379 2995 et
392 2968 426 2994 ad
437 2966 568 2994 candidati
580 2964 692 2999 studium
701 2985 707 2996 ‚
725 2965 884 3000 honoremque
900 2973 931 2991 ac
943 2963 1091 2999 dignitatem
1105 2964 1220 2990 tuendam
1233 2971 1326 3000 compo-

275 3004 349 3039 situs.
392 3003 450 3031 Vid.
473 3005 578 3029 Gronau.
593 3001 627 3028 ad
639 3001 699 3027 Liu.
712 3008 754 3034 45,
767 3001 805 3032 36.

282 3042 453 3077 ctflagitatio.
491 3038 548 3066 Cic.
564 3038 634 3064 Fam.
651 3045 692 3069 13,
713 3044 725 3070 5
747 3036 817 3063 Nam
830 3044 914 3070 quum
933 3035 1040 3062 multia
1052 3045 1094 3061 me
1116 3042 1207 3070 petunt
1225 3036 1326 3068 multa,

284 3076 355 3110 quod
370 3076 401 3102 de
415 3082 459 3102 tua
472 3083 534 3109 erga
547 3082 589 3100 me
603 3073 741 3100 voluntate
753 3081 809 3097 non
820 3070 957 3103 dubitent,
975 3080 1029 3097 non
1042 3072 1192 3103 committo,
1200 3078 1228 3098 vt
1241 3071 1326 3099 ambi-

285 3112 357 3137 tione
370 3121 427 3138 mea
441 3110 598 3137 conturbem
612 3107 730 3135 officium
743 3113 826 3133 tuum.
863 3107 931 3141 Nep.
947 3115 990 3139 10,
1006 3115 1036 3139 2,
1052 3116 1067 3133 2
1088 3108 1183 3141 Magna
1199 3117 1258 3134 eum
1274 3117 1328 3134 am-

285 3146 388 3173 bitione
400 3147 535 3179 Syracusas
554 3145 686 3181 perduxit.
729 3144 776 3170 Per
790 3142 967 3170 ambitionem
987 3142 1037 3168 fibi
1055 3142 1143 3177 pridie
1163 3143 1203 3169 ius
1224 3143 1327 3170 1116111111

287 3190 339 3207 non
360 3183 407 3208 else
427 3183 486 3208 Liu.
507 3191 536 3216 3,
556 3189 602 3216 47.
629 3183 647 3206 i.
669 3182 824 3206 inimicorum
843 3181 1019 3205 contentiones.

286 3217 397 3243 Serenae
412 3220 456 3244 166

482 3252 613 3286 Antiquos
630 3250 752 3286 loquitur
767 3249 901 3275 musarum
919 3248 1014 3284 pagina
1033 3258 1122 3284 reges,

484 3288 564 3320 Qiod
579 3288 633 3314 dira
650 3286 697 3313 sub
710 3286 766 3321 lege
782 3294 874 3320 procos
888 3291 987 3311 certare
1003 3284 1126 3312 iuberent

483 3323 603 3349 Emturos
616 3322 760 3349 thalamum
774 3321 851 3348 dubii
865 3320 1019 3347 discrimine
1033 3321 1096 3354 leti,

484 3358 514 3382 Et
528 3358 570 3383 sua
584 3359 700 3385 crudeles
714 3357 856 3393 gauderent
871 3357 981 3391 pignora
994 3357 1089 3383 mortis
1357 3375 1374 3392 0

486 3391 638 3420 Ambitione
657 3395 730 3428 peti.¹
772 3396 790 3420 i.
817 3402 844 3419 ea
861 3395 1032 3424 contentione,
1058 3400 1117 3429 quae
1136 3400 1188 3418 cum
1202 3390 1330 3427 praesenti

289 3427 377 3452 mortis
388 3427 497 3460 periculo
511 3427 641 3454 conam&
654 3429 716 3462 cffiv.
753 3430 844 3462 Quini
857 3427 962 3454 admitti
976 3436 1069 3462 magna
1087 3426 1234 3454 ambitione
1251 3434 1328 3461 aegre

289 3461 442 3487 obtinuisset
456 3462 546 3488 lustin.
560 3471 584 3493 1,
598 3471 625 3495 3,
640 3472 664 3490 2.
700 3466 735 3491 Vt
748 3463 913 3491 immundum
925 3463 1049 3498 Stephani
1063 3471 1157 3498 corpus
1170 3469 1241 3489 tanta
1255 3462 1329 3489 fune-

289 3498 325 3523 ris
339 3497 486 3524 ambitione
500 3497 684 3532 praecederent
697 3500 810 3527 Hieron.
824 3501 869 3535 Ep.
883 3507 910 3533 53
927 3499 960 3526 ad
974 3500 1063 3534 Ripar.
1079 3499 1139 3525 adu.
1154 3499 1282 3532 Vigilant.

325 3540 379 3558 AM
392 3540 423 3559 111
434 3540 455 3560 'r
466 3541 473 3560 1
485 3536 525 3561 os
535 3541 554 3559 ν
564 3541 593 3565 s,
627 3534 686 3560 Adi.
723 3538 758 3562 Ex
771 3540 800 3562 ui
818 3535 888 3563 verbi
907 3535 971 3572 quod
985 3535 1077 3567 ambit,
1093 3536 1134 3560 vel
1150 3535 1272 3564 anteitur,
1291 3533 1332 3560 ve!
1340 3549 1372 3576 95
1385 3543 1415 3563 vt
1430 3537 1489 3564 Liu.
1503 3546 1547 3571 27,
1557 3545 1590 3573 27
1610 3537 1710 3564 Multos
1723 3537 1792 3564 circa
1805 3545 1884 3563 vnam
1898 3545 1954 3563 rem
1967 3534 2080 3562 ambitus
2094 3535 2216 3565 fecerim,
2238 3534 2256 3561 1ἰ
2274 3548 2318 3555 -—
2332 3545 2357 3566 1,

289 3567 405 3594 ambitum
419 3578 532 3605 magnum
547 3568 626 3595 habet.
660 3579 686 3595 v.
707 3580 732 3606 g.
754 3571 980 3599 Ambitiosacolus
987 3569 1213 3597 Claudian.Cons.
1223 3570 1331 3602 Hon.4,

292 3609 342 3634 594
374 3613 444 3638 quam
477 3604 555 3631 ambit
573 3605 645 3634 lana,
664 3612 687 3630 et
706 3609 772 3632 circa
796 3617 867 3644 quain
886 3609 996 3634 uoluitur
1016 3613 1039 3632 et
1050 3609 1132 3632 currit
1142 3605 1227 3641 fusus.
1264 3605 1330 3631 Ptin.

292 3645 315 3668 5,
330 3638 400 3677 15113
418 3639 536 3672 Iordane,
557 3639 648 3666 Amnis
659 3647 798 3674 amoenus,
817 3650 842 3670 et
859 3649 985 3678 quantum
1000 3641 1119 3669 locorum
1137 3641 1197 3667 fitus
1215 3641 1330 3675 patitur,

292 3671 464 3707 ambitiosus,
491 3679 508 3701 i.
523 3676 615 3711 Magni
636 3676 757 3707 ambitur,
772 3678 824 3710 Jiue
839 3680 922 3705 Multa
941 3679 1056 3705 ambiens.
1094 3677 1188 3703 Horat.
1201 3677 1290 3703 Carm-
1304 3685 1330 3708 1,

294 3708 334 3737 36,
349 3715 381 3733 20
401 3709 456 3736 Nec
471 3710 586 3737 Damalis
603 3719 675 3736 nouo
688 3710 836 3739 Diuclletur
855 3713 977 3741 adultero
991 3713 1106 3740 Lasciuis
1127 3711 1231 3739 hederis
1246 3711 1432 3746 ambi-100est.

295 3741 395 3781 tion—or.
435 3746 493 3787 17111.
516 3746 601 3787 501101.
615 3745 763 3772 Ambitiosa
787 3747 819 3773 ab
837 3749 939 3776 ambitu
959 3749 1126 3776 lacertorum·
1182 3747 1331 3775 Ambitiosa

296 3777 392 3810 oppida
410 3778 478 3821 dixit
496 3781 577 3823 Solin.
598 3789 652 3816 cap.
666 3788 704 3815 17,
728 3784 746 3807 i.
765 3791 824 3824 qnae
843 3788 926 3820 magni
933 3785 996 3821 sunt
1008 3785 1122 3812 ambitus.

295 3811 340 3839 Ad
357 3813 454 3839 honoris
467 3814 578 3847 studium
596 3817 708 3853 refertur
726 3816 894 3853 [φιλοτιμος]
931 3821 1110 3853 Ambitiosus‚

374 3847 379 3852 ι
461 3850 465 3854 Ι
1130 3823 1155 3844 et
1174 3818 1221 3853 qui
1237 3782 1332 3854 ambit?

249 3868 252 3872 .
295 3854 320 3873 et
335 3856 382 3881 qui
398 3848 512 3876 ambitur
525 3852 592 3878 Gell.
607 3861 638 3885 9,
660 3859 685 3878 12
706 3860 745 3886 pr.
783 3852 838 3879 Cic.
854 3863 901 3887 pro
916 3856 996 3883 Flacc.
1009 3865 1044 3890 42

1065 3855 1122 3890 Qui
1142 3855 1179 3881 ita
1200 3853 1230 3880 fit
1249 3854 1332 3880 ambi-

2186 430 2236 455 Ars
2257 429 2323 454 Plin.
2335 428 2396 465 29,''‚
2413 434 2415 440 ’

2195 465 2312 491 Martial.
2327 469 2368 497 12,
2407 467 2410 470 “

271 505 396 533 ambire,
408 510 455 536 pro
468 501 566 536 Cupere.
604 501 715 527 Ambire
731 502 847 536 aliquam
865 502 966 535 nuptiis
981 501 1073 527 Tacit.
1088 501 1178 526 Germ.
1198 509 1220 526 c.
1236 509 1272 535 17-
1296 503 1315 526 i.
1326 506 1358 524 10
1372 502 1403 527 Et
1415 501 1479 526 Casa
1492 500 1597 526 diuitiis
1611 501 1751 528 ambitiosa
1765 503 1844 536 latet,
1867 507 1884 530 i.
1898 505 1960 530 vilis
1973 503 2057 529 domus
2071 498 2201 537 quamstt,
2215 509 2263 526 non
2275 507 2377 535 apparet

1366 536 1538 573 splendidam,
1558 545 1605 571 qua
1618 544 1707 563 ornata
1720 536 1753 571 est
1760 538 1944 574 supelleflilem.
2001 539 2111 565 Decreta
2130 535 2270 562 ambitiosa
2289 533 2393 562 vocant*
2414 540 2415 545 ¹

581 1035 649 1063 Aelii.
664 1035 744 1062 Ouid.
760 1036 824 1061 Met.
842 1043 881 1067 15,
897 1040 945 1069 287
973 1034 1111 1062 Fluctibus
1131 1036 1248 1063 ambitae
1262 1037 1319 1063 fue-
1331 1041 1361 1067 25
1375 1043 1404 1063 vt
1421 1037 1489 1063 nihil
1505 1046 1621 1071 vnquam
1636 1039 1729 1072 magis.

1191 1396 1247 1420 Cic.
1269 1393 1321 1420 Off.
1335 1401 1363 1426 33
1377 1396 1463 1422 tiones
1480 1396 1535 1422 Cic.
1550 1397 1621 1422 Fam.
1643 1398 1675 1428 6,
1695 1404 1721 1422 12
1748 1397 1911 1428 vehementes,
1937 1399 1963 1423 in
1984 1397 2086 1432 quibus,
2108 1399 2150 1432 qui
2169 1402 2275 1432 rogant,
2295 1400 2360 1429 opes·
2381 1398 2392 1422 ,¹7

668 1930 765 1956 Misera
777 1930 907 1963 grauique
921 1929 1020 1955 solutus
1038 1929 1079 1956 Id.
1092 1929 1175 1956 Serm.
1190 1938 1209 1962 1,
1224 1932 1250 1961 6,
1266 1938 1320 1961 129.
1333 1946 1364 1970 30

1370 2003 1419 2039 fid
1437 2006 1524 2038 gratia
1544 2010 1568 2028 et
1584 2006 1698 2038 potentia
1717 2002 1814 2029 vendit.

1372 2073 1466 2106 perlat.

820 2284 940 2310 ollendae
954 2284 1110 2310 ambitionis
1126 2285 1200 2310 causa
1213 2284 1256 2310 lex
1271 2283 1322 2310 lata
1337 2288 1372 2312 60
1379 2293 1473 2319 genere
1489 2285 1575 2310 multo
1589 2285 1668 2312 etiam
1683 2283 1846 2310 ambitiosius
1859 2284 1945 2309 facere
1958 2284 2072 2317 soleam,
2093 2294 2172 2319 quam
2186 2283 2271 2310 honos
2286 2291 2386 2316 meus,
2402 2299 2409 2303 ..
2420 2275 2431 2310 l'

701 2645 739 2677 Q
751 2645 833 2670 Fratr.
849 2653 874 2676 1,
891 2653 899 2670 1
921 2644 1075 2678 praesertim
1095 2652 1178 2677 quum
1199 2644 1221 2669 ii
1235 2652 1324 2669 mores
1340 2658 1374 2685 70
1382 2643 1515 2677 Quintffil.
1528 2645 1560 2675 6,
1576 2651 1603 2675 3,
1623 2645 1662 2672 68.
1698 2643 1766 2668 Add.
1782 2643 1886 2668 Petron.
1906 2651 1926 2668 c.
1941 2644 1981 2674 65.

1074 2822 1144 2848 Tac.
1155 2823 1223 2848 Ann.
1238 2831 1277 2855 14,
1291 2830 1324 2854 29
1339 2834 1370 2862 75
1381 2823 1530 2849 Circuitus:
1551 2822 1583 2849 ab
1596 2830 1679 2856 eoque
1696 2829 1738 2848 :tu
1753 2821 1902 2848 tabularum
1916 2823 2087 2855 interpretes,
2107 2820 2238 2847 ambitum
2251 2820 2324 2855 parie
2339 2819 2363 2835 '¹

963 3000 983 3037 5
1005 3009 1023 3033 4
1047 2999 1184 3032 Ambitio,
1198 3000 1326 3026 Contentio
1336 3009 1367 3036 30
1382 3008 1407 3028 et
1422 3002 1570 3036 irrequieto
1586 3001 1686 3027 ambitu
1699 3000 1843 3034 circumagi
1857 3000 1922 3026 Plin.
1936 3008 1967 3032 2,
1981 3008 2002 3032 3.
2025 3000 2089 3035 quod
2100 3000 2164 3026 idem
2179 2999 2327 3034 irrequieta
2349 3011 2357 3029 1

1081 3178 1219 3205 claudian.
1241 3179 1329 3206 Laude
1339 3187 1367 3216 85
1384 3182 1441 3214 369.
1480 3181 1668 3215 Nauigationis

2393 38 2396 42 ”
2438 41 2447 60 Ἰ

1774 93 1815 134 A
1874 92 1924 132 M
1975 92 2003 132 B
2341 99 2410 145 288
2442 61 2447 129 l

1372 182 1415 212 165
1453 194 1498 200 —
1533 190 1628 208 verum
1643 182 1800 208 ambitiosus
1821 187 1847 208 et
1865 181 1965 213 audax,
1985 184 2003 206 i.
2014 185 2110 216 petitor
2124 182 2250 208 honarum.
2292 180 2347 207 Cic.
2362 182 2410 210 Att.

1372 224 1392 247 1,
1408 220 1432 245 18
1454 216 1526 242 Nam
1539 217 1601 243 illae
1614 217 1770 244 ambitiosae
1784 217 1887 244 nostrae
1902 218 2062 251 fucosaeque
2074 217 2222 248 amicitiae,
2237 217 2294 242 sunt
2308 217 2335 242 in
2350 226 2412 251 quos,
2438 242 2441 246 ,

1372 251 1431 277 113111
1452 250 1589 284 splendore
1606 253 1718 286 sorensi,
1739 253 1858 280 fruetum
1878 252 2052 279 domesticum
2070 261 2125 278 non
2139 252 2245 279 habent.
2284 252 2337 277 Hoc
2351 254 2410 288 vult,
2437 254 2443 287 ζ

1370 288 1443 312 multi
1458 296 1501 312 nos
1516 288 1642 321 ambiunt,
1664 296 1686 315 et
1699 289 1849 325 seflantur,
1869 298 1940 324 eaque
1952 298 1978 315 re
1994 289 2082 314 honori
2100 288 2170 314 nobis
2183 288 2245 324 sunt
2264 294 2309 312 etc.
2346 288 2440 322 Mae-¹..

1372 322 1426 348 tial.
1442 330 1486 353 12,
1504 324 1540 355 69
1564 324 1639 350 Atria
1653 324 1670 350 si
1684 326 1782 360 sapias,
1798 325 1939 351 ambitiosa
1955 324 2040 355 colas,
2061 325 2079 349 i.
2093 333 2235 359 magnorum
2244 330 2412 359 patronorum,

1371 361 1414 395 qui
1427 358 1558 384 ambitioni
1569 365 1624 384 tuae
1631 360 1779 397 suffragari
1786 360 1894 396 poffiint.
1934 359 2015 386 Ouid.
2030 360 2121 385 Amor.
2137 367 2168 391 z,
2189 368 2225 391 4,
2243 364 2275 392 48
2297 357 2411 394 Deniqu’g

1372 403 1436 428 quas
1452 400 1506 419 tota
1520 393 1659 428 quisquam
1674 399 1768 429 probet
1781 397 1847 423 vrbe
1861 396 1959 431 puellas
1996 395 2093 421 Noster
2115 394 2143 420 in
2163 393 2208 420 has
2226 402 2316 419 omnes
2334 395 2411 431 ambi}-

1372 430 1454 456 tiosus
1469 438 1559 460 amor,
1582 432 1600 454 i.
1615 439 1695 456 omnes
1706 433 1798 464 ambit,
1817 432 1927 458 omnibus
1943 432 2042 467 placere
2055 433 2132 465 cupit.

1372 465 1401 491 dc
1414 472 1468 491 arte
1481 464 1574 490 medica
1588 465 1697 500 quuitur
1707 487 1713 497 ‚
1733 477 1792 502 quae
1799 468 1888 503 famae
1907 475 1930 493 ct
1941 470 2042 503 gratiae
2048 467 2142 502 seruit.

2436 344 2440 366 ἓ

2436 375 2439 388 ι

2435 394 2439 431 ὲ

2432 448 2440 547 l

1373 582 1432 634 sstac
1450 579 1498 606 per
1520 579 1631 608 gratiam
1651 579 1675 598 et
1686 572 1803 607 sartorem
1816 573 1896 610 fasta
1907 575 1980 610 Jitnt.
2027 574 2133 608 leian.
2153 572 2171 597 l.
2187 580 2199 604 3
2219 571 2246 597 ff.
2267 572 2306 597 De
2320 571 2413 604 mino,
2432 551 2448 608 l„

1400 628 1404 633 .
1419 608 1529 633 Seuerus
1542 607 1697 634 huiusmodi
1712 610 1856 636 Consulum
1870 611 1912 636 vel
1928 609 2076 636 Praefidum
2090 609 2210 638 decreta,
2229 606 2301 642 quasi
2314 606 2382 633 amb*
2396 604 2413 642 Ὗ
2433 620 2438 639 t

1373 644 1417 669 osa
1433 644 1481 669 effe
1495 643 1663 677 interpretati
1676 644 1743 670 sunt.
1791 645 1896 680 leian.
1910 646 1927 672 l.
1947 646 1973 672 Si
1987 645 2054 671 bene
2067 644 2219 671 collocatae.
2257 643 2288 668 D.
2304 642 2335 668 de
2347 644 2379 669 vs
2388 678 2390 681 ι
2410 660 2413 663 «
2427 652 2437 671 ‘l

1373 715 1468 740 tiosam
1483 715 1596 741 multum
1612 715 1727 741 interest.
1752 715 1897 750 Diligentia
1910 726 1964 743 non
1976 717 2117 744 ambitiosa
2129 713 2163 748 egl}
2177 713 2242 748 iusta
2256 721 2279 740 et
2291 718 2406 749 ‘lecuras'
2424 691 2438 750 ’1

1374 759 1416 775 mc
1429 753 1520 781 nimia,
1536 760 1578 776 nec
1592 748 1727 784 afflatam,
1748 761 1790 778 nec
1797 753 1885 787 famae
1896 756 2053 788 aucupatrix.
2091 751 2222 778 Budaeus.
2275 749 2335 778 Liu.
2350 758 2388 784 39,
2396 766 2404 779 .:
2423 755 2435 783 Λ

1374 786 1553 820 Carminaque
1567 794 1582 812 a
1594 786 1728 812 militibus
1743 795 1772 813 ea
1787 787 1816 813 in
1830 788 2018 822 Imperatorem
2032 787 2118 820 dieta,
2138 793 2168 813 vt
2181 785 2260 812 facile
2274 794 2368 820 appare
2383 792 2436 835 '¹

1374 822 1403 848 in
1422 821 1514 847 ducem
1537 822 1718 856 indulgentem
1739 821 1962 859 ambitiosumque
1980 834 2010 851 ea
2028 824 2082 850 dici
2100 835 2105 850 :
2132 821 2352 856 triumphumque
2391 828 2411 851 1„
2430 840 2433 843 f

1375 893 1525 920 Ambitiosa
1539 893 1707 920 festinatione
1716 895 1838 929 plerique
1848 904 1862 922 a
1872 895 2061 929 posterioribus
2072 895 2214 929 incipiunt,
2222 900 2248 920 et
2261 893 2325 919 dum
2337 901 2355 919 o
2380 907 2391 915 e

1374 934 1430 956 tare
1444 929 1586 963 discipulos
1601 931 1670 956 circa
1686 931 1843 964 speciosiora
1861 931 1977 963 malunt,
1997 931 2157 966 compendio
2175 936 2322 956 morantur.
2358 908 2441 978 611

1375 966 1416 991 ria
1436 965 1604 991 8131.Τ11011.
1619 968 1650 997 6,
1669 975 1727 999 435,
1747 965 1885 999 1'.Jludium
1902 968 2006 1003 gloriae.
2042 968 2098 993 Cic.
2112 968 2184 993 Fam.
2200 973 2264 998 ι3,1
2286 965 2333 990 Sic
2341 963 2394 992 ho
2433 982 2440 998 v=

1375 1011 1417 1028 me
1430 1001 1565 1027 contendit
1577 1000 1659 1027 homo
1672 1002 1785 1028 minime
1797 1002 1970 1034 ambitiosus,
1987 1003 2099 1029 minime
2111 1003 2140 1029 in
2152 1001 2271 1036 rogando
2286 999 2378 1031 molest

1771 1038 1870 1064 Laudat
1889 1036 2030 1071 modestiam
2048 1041 2146 1070 Attici,
2165 1041 2269 1073 quinon
2289 1039 2327 1066 ita,
2341 1042 2373 1071 pe
2391 1043 2395 1045 ·
2436 1037 2439 1055 ἰ

1375 1072 1442 1109 quali
1459 1073 1605 1108 honosjuus
1616 1080 1707 1109 agatur
1716 1093 1722 1104 ‚
1737 1073 1804 1109 quast
1818 1073 2103 1110 coifiaelatumjihipetat
2117 1081 2161 1100 etc.
2204 1072 2262 1100 Vid.
2271 1081 2326 1098 mox
2338 1072 2378 1098 Ro

1375 1110 1469 1135 tiones.
1507 1110 1602 1135 Honor
1615 1109 1771 1135 ambitiosus
1786 1110 1867 1136 Ouid.
1884 1111 1946 1136 Met.
1963 1116 1986 1142 8,
2006 1130 2012 1135 .
2034 1130 2040 1135 .
2063 1129 2069 1136 .
2095 1112 2112 1136 i.
2127 1112 2170 1145 qui
2183 1108 2326 1143 ambitiosos
2334 1107 2389 1143 [ιη
2434 1125 2437 1137 1,

1374 1147 1429 1177 vel,
1445 1154 1513 1180 quem
1526 1145 1651 1180 ambitiose
1662 1143 1796 1180 sefl'antur
1809 1146 1927 1172 homines.
1970 1147 2117 1180 Imperator
2137 1145 2192 1172 Cic.
2205 1153 2254 1179 pro
2265 1145 2388 1180 Μυκη(

1375 1182 1538 1207 Ornamenta
1551 1180 1691 1207 ambitiosa
1705 1181 1824 1207 recidere
1837 1182 1902 1208 iubet
1914 1183 2008 1208 Horat.
2024 1183 2052 1207 in
2060 1182 2124 1208 Arte
2137 1182 2209 1208 Po'e't.
2222 1187 2289 1214 447,
2310 1182 2328 1205 i.
2345 1181 2372 1205 ni

1597 1217 1664 1242 Tac.
1681 1217 1715 1242 H.
1739 1225 1770 1249 z,
1789 1225 1825 1250 49
1846 1217 1874 1243 de
1890 1219 2002 1249 Othone,
2024 1218 2111 1243 Funus
2132 1222 2310 1243 maturatum:
2330 1215 2352 1241 A
2369 1229 2389 1246 ,·
2417 1220 2437 1244 t*

1377 1252 1449 1278 tiofis
1469 1252 1591 1286 precibus
1612 1252 1639 1278 id
1659 1252 1785 1287 petierat,
1806 1261 1839 1278 ne
1858 1259 2041 1288 amputaretur
2061 1258 2138 1288 caput
2151 1252 2272 1279 ludibrio
2292 1251 2366 1277 futur

1378 1289 1429 1314 Hic
1440 1288 1600 1324 modostrias
1614 1296 1684 1314 notat
1702 1287 1940 1322 κατεσπεδασμένας.
1975 1289 2059 1315 Paullo
2077 1291 2152 1315 aliter
2163 1288 2272 1324 jamtum
2291 1285 2348 1312 vide
2374 1301 2377 1307 ν

1375 1327 1403 1350 in
1418 1325 1578 1358 Rogationes
1599 1331 1621 1350 et
1635 1324 1776 1350 Sententia.
1813 1325 1944 1358 Qiinotil.
1956 1333 1988 1357 2,
2003 1334 2037 1358 4,
2053 1333 2087 1357 29
2107 1324 2184 1359 Apud
2197 1324 2325 1358 Pauperes
2339 1331 2390 1358 arn
2412 1323 2415 1328 '
2434 1338 2435 1341 =

1375 1360 1457 1386 tiosos
1472 1359 1562 1386 eadem
1577 1360 1710 1395 suppellex
1729 1360 1851 1395 pluribus
1866 1367 1891 1386 et
1905 1360 2012 1387 diuertis
2027 1359 2123 1387 officiis
2143 1360 2298 1386 conteritur.
2338 1358 2388 1385 Ro
2406 1370 2407 1373 ¹
2432 1367 2436 1392 ξ

1376 1439 1400 1458 et
1412 1435 1523 1462 aratiam
1536 1431 1656 1458 ostentare
1669 1434 1772 1461 volunt;
1792 1439 1948 1467 opponuntur
1961 1433 2123 1465 necessariis,
2140 1431 2183 1458 vbi
2197 1434 2252 1468 quis
2264 1433 2329 1466 petit
2341 1433 2380 1467 ⁰⁶.
2397 1441 2398 1446 ¹
2430 1426 2434 1435 '¹

1375 1462 1502 1501 affin-ium
1519 1465 1633 1502 officium.
1675 1470 1683 1494 1
1690 1468 1734 1494 sid.
1748 1477 1803 1494 mox
1817 1469 1963 1500 Sententia,
1983 1476 2006 1494 et
2061 1478 2085 1495 a.
2102 1469 2199 1494 Preces.
2235 1465 2384 1499 Sententia,
2403 1475 2412 1495 j

1393 1506 1473 1530 ratius
1486 1508 1557 1540 causo
1572 1505 1634 1530 lata.
1671 1504 1739 1530 Suet.
1755 1504 1857 1530 Domit.
1873 1509 1894 1534 8.
1931 1504 2006 1537 Qun
2035 1503 2064 1530 il.
2079 1506 2095 1530 6
2113 1505 2155 1530 Pr.
2175 1511 2192 1538 7
2215 1503 2280 1530 Non
2298 1502 2359 1535 sum¹
2373 1520 2376 1524 .
2390 1502 2414 1526 -νῑῖ
2430 1498 2432 1502 ’

1375 1514 1488 1566 {itiosus
1508 1539 1536 1565 in
1554 1539 1644 1571 malis,
1672 1549 1718 1565 nec
1740 1540 1915 1572 lacrymarum
1934 1549 2029 1574 augere
2050 1540 2137 1566 causas
2157 1539 2230 1566 volo.
2268 1571 2270 1573 .
2286 1536 2368 1565 Ouid.
2380 1538 2422 1574 ''25

2432 1578 2435 1590 l

2431 1651 2433 1666 l

1378 1682 1519 1718 Exprobrat
1531 1682 1776 1719 lepor-ifiiperbiam,
1795 1683 1914 1719 qulfssga
1924 1685 1973 1719 fita
1991 1683 2099 1718 prodat,
2109 1684 2138 1719 se
2155 1681 2202 1716 fibi
2220 1682 2302 1708 videri
2321 1678 2393 1718 dig..
2414 1679 2435 1714 ,⁴⁸

1377 1720 1468 1745 Leonis
1487 1718 1607 1744 dentibus.
1657 1719 1712 1744 Cic.
1732 1719 1767 1751 Q
1782 1719 1864 1745 Fratr.
1882 1727 1907 1752 1,
1926 1728 1942 1745 2
1976 1719 2019 1745 Ne
2039 1719 2110 1745 forte
2127 1727 2170 1744 me
2188 1719 2217 1745 in
2236 1718 2349 1744 Graecos

1378 1754 1550 1780 ambitiosum
1569 1753 1670 1780 sactum
1683 1755 1747 1786 effe,
1762 1754 1869 1780 mirere.
2008 1752 2028 1792 ἢ
2049 1763 2062 1787 3
2088 1753 2268 1780 Ambitiosum
2277 1760 2327 1788 pro
2339 1762 2372 1790 φῖ

1377 1791 1430 1826 ajo,
1444 1799 1473 1815 ac
1480 1788 1573 1824 paffiue
1585 1790 1643 1815 adeo
1652 1793 1715 1824 poni
1727 1790 1823 1816 volunt.
1859 1789 1951 1815 lustin.
1960 1797 1998 1824 17,
2013 1799 2038 1822 2,
2052 1792 2069 1816 6
2089 1789 2175 1825 Igitur
2188 1789 2350 1822 Ptolemaeus
2361 1797 2374 1817 ε

1378 1833 1403 1852 et
1418 1826 1446 1851 in
1460 1826 1572 1859 gratiam
1586 1825 1733 1851 memoriae
1747 1825 1836 1859 magni
1850 1824 1993 1851 Ptolemaei
2007 1826 2105 1860 patris,
2123 1832 2150 1852 et
2163 1826 2192 1852 in
2209 1826 2329 1852 fauorem
2341 1818 2367 1852 vl

1376 1862 1417 1887 nis
1437 1860 1585 1893 Lysimachi
1603 1860 1760 1887 ambitiofiis
1779 1860 1811 1887 acl
1832 1861 1970 1895 populares
1989 1862 2064 1894 esset,
2085 1861 2174 1896 primo
2187 1859 2334 1894 Lysimachi
2355 1891 2359 1894 .

1378 1896 1427 1921 fibi
1442 1897 1585 1922 conciliare
1605 1896 1703 1922 statuit.
1741 1896 1789 1923 Sed
1801 1897 1901 1923 uidetur
1913 1898 1955 1923 hic
1969 1900 2042 1923 etiam
2055 1897 2137 1924 ac‘l'iue
2149 1896 2212 1932 posto
2225 1897 2333 1933 intelligi

1378 1931 1490 1957 bitiosus
1511 1932 1539 1956 in
1557 1932 1685 1965 gratiam,
1704 1935 1746 1967 qui
1764 1932 1832 1958 illam
1846 1936 1921 1967 petit.
1959 1934 2000 1959 lta
2017 1936 2092 1959 etiam
2109 1942 2155 1966 30,
2169 1942 2201 1966 2,
2223 1941 2238 1959 2
2259 1934 2327 1960 Amb

1378 1966 1584 2001 pulchritudinis
1598 1968 1728 1999 scortum,
1745 1975 1809 2002 puer
1821 1971 1973 1998 meritoriur,
1987 1972 2029 2004 qui
2041 1972 2132 1996 aetatis
2140 1975 2230 2006 florem
2247 1978 2288 1994 no>

1962 2001 1983 2041 ff
2005 2014 2023 2038 4
2057 2005 2169 2040 Compar.
2201 2004 2282 2030 Anibi

1375 2039 1528 2064 existimans
1549 2039 1618 2065 Suet.
1634 2040 1700 2073 Aug.
1721 2048 1742 2065 c.
1755 2047 1797 2071 25,
1822 2041 1841 2065 i.
1854 2038 1947 2075 fauori
1965 2040 2108 2075 aucupanda
2129 2039 2245 2076 magiss

1504 2073 1635 2105 Quinctil.
1652 2083 1692 2106 11,
1714 2083 1739 2106 1,
1757 2083 1791 2100 22
1819 2074 2063 2102 Ambitiosissimum
2077 2074 2210 2110 gloriandi
2222 2084 2237 2109 g

1415 2112 1437 2132 A
1447 2112 1471 2131 M
1481 2112 1516 2145 13¹1
1526 2114 1547 2132 T
1557 2114 1566 2132 1
1575 2114 1594 2133 o
1604 2115 1616 2133 s
1627 2115 1642 2133 ε
1653 2126 1659 2136 ,
1685 2109 1753 2134 Adu.
1786 2111 1799 2141 [
1805 2112 1961 2144 φιλπιῑιιως]
1999 2113 2046 2140 Per
2065 2112 2230 2138 ambitionem.
2265 2109 2324 2141 Lm·

1378 2142 1455 2176 Isque
1469 2150 1570 2175 prunus
1587 2147 1613 2167 et
1628 2142 1728 2175 petiiss'e
1746 2143 1888 2168 ambitiose
1907 2153 2036 2178 regnum,
2055 2154 2082 2173 et
2099 2147 2251 2174 orationem
2267 2142 2330 2171 dicit

1376 2177 1459 2203 buiffe
1474 2177 1505 2203 ad
1520 2177 1698 2203 conciliandos
1713 2176 1797 2211 plebis
1811 2177 1913 2202 animos
1929 2180 2110 2212 compositam.
2130 2180 2160 2206 de
2171 2182 2312 2215 Tarquinio
2408 2192 2416 2205 ·.

1378 2214 1434 2239 Cic.
1450 2214 1502 2239 Att.
1516 2221 1542 2247 7,
1559 2221 1571 2245 3
1591 2214 1740 2247 Vtrumque
1755 2221 1820 2238 vero
1842 2212 1915 2238 11111111
1937 2221 1980 2246 agi
1999 2222 2054 2239 non
2075 2215 2173 2247 potest,
2191 2221 2218 2240 et
2236 2214 2268 2239 de
2286 2213 2424 2247 triump

1377 2249 1533 2281 ambitiose,
1552 2254 1578 2275 et
1595 2248 1627 2274 de
1646 2248 1791 2283 Republica
1808 2247 1900 2274 libere.
1947 2248 2002 2274 Cic.
2025 2249 2096 2275 Fam.
2114 2258 2142 2281 3,
2163 2257 2181 2283 7
2211 2249 2304 2282 Quum
2325 2248 2353 2273 in
2372 2250 2410 2274 μ’

1851 1613 1881 1638 111
1896 1611 2046 1638 honoribus
2066 1610 2186 1646 petendis
2199 1606 2385 1645 Pseudo-eie,

1378 1611 1467 1643 adeat,
1481 1611 1599 1646 prenset,
1621 1619 1690 1647 roget
1702 1619 1752 1646 pro
1759 1612 1795 1647 fi.

1563 1647 1680 1672 Martial.
1702 1655 1728 1679 1,
1748 1656 1778 1680 52
1801 1647 1875 1680 Qiid
1895 1648 1965 1682 fugis
1986 1647 2033 1674 hos
2056 1647 2161 1680 dentes,
2184 1646 2325 1673 ambitiose
2342 1645 2399 1680 lep

1378 1647 1478 1673 Sallust.
1493 1649 1519 1673 6.

1377 2321 1491 2355 dignitas
1505 2320 1631 2355 postulat,
1652 2323 1669 2346 i.
1684 2321 1817 2352 humilius,
1838 2319 2004 2352 indecentius,
2026 2322 2079 2346 vid.
2096 2322 2186 2346 Graeu.
2223 2320 2279 2346 Cic.
2293 2320 2346 2345 Att.
2362 2310 2424 2350 11.)

1378 2357 1474 2383 Brutus
1486 2356 1574 2382 noster
1589 2355 1659 2382 misit
1673 2356 1704 2382 ad
1720 2364 1762 2382 me
1776 2354 1925 2382 orationem
1940 2356 2010 2382 suam
2026 2355 2144 2382 habitam
2161 2356 2189 2381 in
2204 2355 2332 2381 concione
2354 2365 2357 2370 ¹
2388 2360 2413 2373 '¹⁷¹⁴

1379 2392 1479 2424 tolina,
1498 2392 1646 2427 petiuitque
1658 2401 1673 2418 a
1686 2401 1743 2424 me,
1759 2398 1788 2418 vt
1801 2400 1857 2418 eam
1870 2399 1917 2417 nec
1931 2391 2072 2418 ambitiose
2087 2391 2258 2425 corrigerem,
2268 2396 2326 2416 ante
2333 2385 2358 2426 ‘q
2398 2404 2399 2407 =

1379 2428 1477 2455 ederet.
1521 2428 1670 2454 Ambitiose
1688 2435 1767 2454 autem
1787 2427 1920 2461 corrigere
1939 2427 2032 2454 dicitur
2056 2431 2096 2460 is,
2134 2430 2159 2453 ui
2179 2430 2206 2453 in
2227 2429 2302 2453 amici
2315 2425 2389 2462 scri
2403 2426 2429 2454 :³¹

1377 2471 1458 2499 pauca
1473 2470 1568 2496 mutat,
1588 2463 1653 2500 quod
1665 2471 1795 2496 vereatur,
1814 2472 1843 2488 nc
1860 2472 1911 2489 eum
1930 2463 2055 2496 offendat,
2072 2437 2216 2498 amssitiofiaes
2230 2465 2256 2488 in
2275 2464 2326 2488 eius
2399 2454 2414 2477 μ

1378 2499 1516 2526 retinenda.
1551 2501 1607 2526 Alii
1622 2501 1711 2529 aliter,
1730 2507 1813 2534 nempe
1829 2498 1968 2525 ambitiose
1986 2498 2029 2532 esti·
2042 2501 2119 2524 nimis
2132 2498 2282 2535 diligenter:
2312 2497 2318 2502 '

1378 2536 1478 2562 videtur
1497 2538 1589 2571 aptius.
1646 2535 1818 2563 Ambitiosius
1831 2544 1909 2569 quam
1931 2535 2064 2561 honestius
2081 2534 2225 2561 defendere
2245 2534 2288 2560 Ta

1380 2581 1413 2605 4,
1433 2581 1477 2605 40.
1535 2571 1683 2598 Ambitiose
1700 2572 1794 2597 fouere
1815 2570 1931 2605 aliquem
1953 2571 2013 2596 Liu.
2035 2576 2077 2603 38,
2101 2590 2108 2596 .
2131 2590 2138 2597 .
2161 2589 2167 2596 .
2211 2569 2292 2596 Ambi

1380 2608 1491 2634 comitia
1509 2607 1575 2633 fiunt
1600 2607 1648 2634 Iul.
1663 2606 1759 2641 Obseq.
1785 2616 1807 2632 c.
1823 2614 1861 2640 71.
1913 2606 2128 2632 Ambitioliflime
2148 2611 2236 2641 petere
2256 2614 2287 2640 pr

2035 2641 2184 2669 Ambitiose
2197 2650 2246 2677 pro
2258 2641 2331 2676 aliqu

1379 2680 1442 2706 bere
1458 2679 1513 2706 Cic.
1531 2680 1661 2711 Fam-13,
1681 2681 1723 2711 69.
1772 2678 1887 2704 Martial.
1910 2677 1956 2704 lib.
1974 2685 1983 2704 1
2005 2678 2115 2712 praefat.
2142 2678 2170 2704 Si
2184 2678 2244 2713 quis
2263 2684 2349 2711 tamen

1379 2715 1520 2742 ambitiose
1534 2714 1613 2742 tristis
1628 2714 1678 2746 est,
1700 2721 1728 2740 vt
1747 2714 1815 2748 apud
1831 2711 1906 2740 illum
1928 2714 1956 2740 in
1969 2714 2043 2740 nulla
2064 2714 2159 2749 pagina
2173 2713 2267 2741 Latine
2285 2713 2333 2748 lo'q
2385 2716 2387 2718 ’

1380 2751 1426 2783 fit,
1447 2754 1464 2777 i.
1479 2749 1609 2783 tristitiam
1621 2748 1774 2786 itajludiose
1788 2747 1904 2783 afficiat,
1918 2756 2012 2785 αρν-αι’
2021 2750 2124 2786 fifert.
2356 2755 2362 2760 '¹
2412 2751 2414 2755 ’

1417 2793 1473 2813 ΑΜ
1484 2793 1499 2813 Β
1510 2785 1617 2818 fTvs,
1638 2784 1676 2812 fis.
1697 2795 1733 2812 nl.
1761 2786 1924 2821 [περίβολος]
1961 2786 2048 2811 Varro
2062 2785 2095 2812 de
2110 2785 2138 2811 L.
2153 2785 2182 2812 L.
2199 2793 2234 2818 4,
2249 2793 2268 2818 4
2289 2784 2351 2811 Am·
2363 2781 2368 2815 J

1382 2859 1482 2884 cuitum
1505 2859 1553 2884 ess'e
1571 2857 1729 2884 describunt.
1776 2857 1881 2891 Festus,
1903 2856 2025 2883 Ambitus
2044 2857 2153 2892 proprie
2172 2856 2270 2883 dieitur
2290 2856 2337 2882 Cir
2368 2866 2369 2870 ¹

1381 2894 1580 2926 aedificiorum,
1599 2900 1687 2928 patens
1708 2893 1735 2919 in
1761 2892 1930 2919 latitudinem
1946 2892 2023 2927 pedes
2037 2893 2103 2919 duos
2121 2898 2147 2919 et
2161 2892 2305 2925 semissem,
2325 2891 2364 2921 in·¹

1383 2930 1531 2965 gitudinem
1551 2929 1621 2956 idem
1636 2928 1707 2964 quod
1728 2928 1888 2955 aedificium.
1926 2927 1974 2954 Sed
1994 2935 2019 2954 et
2039 2928 2134 2955 eodem
2153 2927 2302 2961 vocabulo,
2323 2930 2362 2955 cr

1381 2966 1519 2998 auaritiae,
1534 2965 1576 2992 vel
1590 2964 1709 2992 Affectati
1725 2964 1835 2990 honoris
1849 2963 2002 2998 appellatur.
2031 2961 2159 2990 Hat‘icnus
2173 2963 2269 2991 Festus.
2307 2963 2364 2995 Ae-

1381 3038 1482 3063 cuitum
1500 3045 1573 3064 vocat
1587 3036 1651 3064 ibid.
1665 3045 1687 3062 c.
1701 3045 1721 3069 5.
1758 3036 1815 3062 Cic.
1830 3037 1858 3062 in
1872 3036 1972 3070 Topie.
1989 3044 2019 3068 14
2037 3045 2058 3061 c.
2073 3045 2092 3069 4
2109 3036 2244 3069 Quoniam
2261 3036 2286 3062 P.
2302 3035 2358 3062 Sca

1383 3073 1411 3099 id
1431 3073 1515 3100 solum
1536 3074 1583 3099 effe
1604 3073 1716 3099 ambitus
1737 3071 1841 3098 aedium
1860 3071 1975 3104 dixerit,
2002 3078 2130 3106 quantum
2151 3071 2259 3106 parietis
2278 3079 2318 3097 coi
2342 3083 2364 3102 ,υ

1383 3109 1488 3143 tegendi
1509 3110 1584 3135 causa
1601 3108 1698 3135 tedium
1719 3108 1905 3142 proiiceretur.
1960 3108 2050 3142 Aquae
2070 3108 2164 3134 Horat.
2179 3107 2210 3134 de
2223 3108 2288 3134 Arte
2301 3106 2365 3134 Po'·

1383 3145 1463 3171 Molli
1479 3145 1581 3172 ambitu
1597 3150 1701 3171 omenta
1714 3143 1822 3178 pingues
1836 3144 1967 3170 viscerum
1984 3143 2132 3169 obtendunt
2145 3143 2221 3170 finus.
2258 3143 2316 3169 Sen.
2333 3145 2346 3164 ⁸
2358 3158 2365 3170 -.-

1686 3178 1815 3213 Quinfikil.
1833 3187 1859 3211 1,
1876 3187 1919 3211 10,
1935 3187 1973 3211 39.
2016 3179 2112 3213 Operis
2126 3179 2208 3205 totius
2221 3177 2335 3205 ambitus
2354 3181 2367 3204 (ἦ

1386 3224 1414 3249 5,
1431 3224 1455 3248 1,
1476 3219 1514 3242 26.
1553 3217 1626 3253 Cous.
1642 3221 1719 3251 4‚·8‚
1739 3223 1763 3241 2.
1812 3215 1868 3241 Cic.
1881 3214 1913 3241 de
1928 3215 2048 3241 Vniuers.
2063 3222 2093 3246 23
2118 3214 2159 3241 Sic
2178 3215 2281 3241 animus
2301 3221 2316 3240 a
2350 3235 2361 3244 ,.

1385 3251 1520 3286 11101εᾶ1115
1529 3272 1537 3285 ,
1557 3252 1750 3279 extremitatem
1765 3249 1834 3276 coeli
1848 3259 1862 3276 a
1879 3252 1998 3285 suprema
2011 3251 2121 3285 regione
2135 3250 2251 3277 rotundo
2262 3249 2347 3276 ambi
2362 3271 2364 3273 .

1385 3288 1517 3314 cumiecit.
1555 3288 1692 3315 Stellarum
1706 3285 1815 3314 rotundi
1828 3285 1941 3313 ambitus
1955 3288 2149 3321 cognoscuntur
2161 3286 2217 3313 Cic.
2232 3285 2264 3312 de
2272 3285 2334 3312 Nat.
2349 3287 2364 3305 Γ

1385 3330 1418 3355 2,
1436 3331 1480 3357 49.
1518 3323 1628 3351 Ambitu
1647 3323 1695 3350 suo
1715 3322 1876 3356 adstringere
1897 3323 1954 3349 Sen.
1969 3322 2048 3357 Epist.
2069 3331 2105 3348 12.
2260 3319 2280 3358 ff
2301 3329 2318 3348 z
2345 3350 2348 3352 ,

1379 3359 1483 3394 phot-tce
1497 3359 1525 3385 dc
1538 3360 1620 3386 verbis
1631 3358 1760 3385 adhibetur
1780 3368 1828 3383 non
1843 3367 1893 3384 ona
1905 3361 2011 3384 ratione.
2050 3359 2117 3384 Nam
2134 3357 2175 3382 vel
2185 3354 2358 3392 simpliciter.

1383 3397 1450 3420 inter
1457 3395 1486 3430 se
1498 3393 1602 3428 iunt‘ia,
1613 3395 1657 3431 fin
1670 3395 1854 3429 complexionem
1867 3393 2007 3425 uerborum,
2021 3399 2107 3425 notat,
2126 3399 2157 3418 vt
2169 3391 2228 3418 Col.
2242 3401 2273 3424 2,
2287 3396 2330 3424 2,'
2342 3408 2352 3415 .,

1384 3439 1436 3464 que
1456 3429 1527 3457 enim
1546 3431 1609 3457 artis
1627 3427 1746 3456 officium
1768 3429 1820 3462 est,
1842 3438 1888 3464 per
1906 3429 2018 3464 species,
2037 3428 2104 3463 quae
2124 3428 2183 3454 sunt
2203 3427 2360 3459 innumera¹

1385 3467 1506 3500 euagari;
1534 3466 1577 3493 sed
1587 3465 1689 3501 ingredi
1701 3474 1747 3500 per
1755 3474 1858 3500 genera,
1866 3474 1933 3500 quae
1941 3463 2211 3500 poffiintcogitatione
2224 3463 2319 3490 mentis
2335 3471 2358 3484 ν·

1384 3500 1443 3528 bitu
1454 3501 1598 3529 verborum
1606 3501 1683 3528 facile
1691 3501 1818 3536 copulari.
1842 3500 1936 3527 Deinde
1941 3499 2062 3533 ambages
2070 3506 2093 3525 et
2100 3499 2282 3526 multitudinem
2288 3497 2359 3537 verb..

1385 3569 1493 3608 exsequi
1506 3574 1598 3600 velim.
1638 3574 1693 3599 Huc
1706 3574 1830 3599 retulerim
1846 3570 1975 3606 QuinGtiI.
1990 3578 2034 3603 10,
2052 3578 2077 3600 1,
2092 3572 2121 3596 16
2143 3570 2263 3603 Excitat,
2300 3567 2360 3596 ui
2401 3582 2403 3585 ¹

1386 3608 1480 3643 spiritu
1495 3609 1567 3644 ipso,
1582 3617 1630 3635 nec
1644 3609 1759 3643 imagine
1775 3615 1805 3636 et
1815 3607 1917 3635 ambitu
1930 3614 2036 3638 rerum,
2056 3605 2100 3632 sed
2111 3605 2189 3633 rebus
2204 3606 2280 3632 incen
2299 3605 2328 3632 it.
2350 3623 2354 3630 ,

1386 3643 1458 3670 bitus
1470 3653 1561 3671 rerum
1576 3643 1609 3678 est
1620 3643 1754 3680 descriptio
1768 3642 1868 3679 copiofis
1881 3641 1962 3668 verbis
1975 3641 2153 3677 comprehenja.
2191 3641 2257 3668 plin.-
2266 3648 2290 3674 15

1386 3679 1416 3706 Id
1430 3689 1546 3715 quoque,
1562 3680 1633 3715 quod
1646 3679 1809 3715 daphnoides
1821 3683 1939 3709 vocatur,
1954 3676 2024 3703 lauri
2036 3685 2116 3711 genus
2130 3677 2157 3703 in
2171 3677 2282 3709 nominis

1481 3716 1536 3743 Alii
1557 3716 1628 3742 enim
1648 3716 1799 3750 Pelasgum,
1818 3712 1865 3740 alii
1883 3711 2038 3747 eupetalon,
2058 3712 2106 3739 alii
2124 3712 2267 3748 stephanon

1387 3757 1491 3778 vocant.
1538 3753 1649 3787 Denique
1668 3751 1761 3777 dicitnr
1781 3747 1903 3775 Ambitus
1922 3746 2084 3780 verborum,
2099 3755 2148 3783 pro
2168 3747 2285 3775 Periodo.

1387 3786 1470 3813 Bruto
1484 3789 1527 3813 162
1554 3785 1783 3822 Comprehenfio9
1795 3789 1821 3810 et
1832 3782 1947 3809 ambitus
1962 3783 2008 3809 ille
2027 3783 2173 3811 verborum
2193 3783 2228 3817 (fi
2241 3783 2274 3818 sic
2285 3782 2304 3809 Ρ

1387 3822 1514 3857 appellari
1528 3823 1629 3857 placet)
1645 3827 1701 3848 erat
1713 3819 1782 3855 apud
1795 3818 1872 3845 illum
1886 3817 2035 3845 contraditis
2047 3825 2074 3845 ct
2087 3819 2186 3846 breuis.
2223 3818 2295 3846 Idem

1389 3866 1422 3890 2,
1436 3863 1481 3891 184
1502 3858 1578 3892 Quae
1593 3857 1611 3884 fi
1625 3857 1654 3884 in
1668 3861 1786 3883 extremo
1806 3853 1932 3882 breuiora
1951 3855 2026 3886 sunt,
2046 3855 2204 3890 infringitur
2223 3854 2269 3881 ille
2281 3862 2298 3888 q

296 3883 392 3914 tiosus,
412 3889 441 3910 vt
453 3892 542 3912 omnen
555 3896 618 3919 von,
638 3895 738 3922 nosque
753 3887 874 3921 quotidie
888 3891 1033 3922 persalutet.
1071 3893 1165 3919 Horat.
1178 3889 1260 3916 Serm.
1273 3897 1299 3922 2,
1307 3897 1330 3921 3,
1337 3901 1380 3928 ιος
1391 3892 1489 3920 borum
1501 3890 1629 3920 ambitus:
1649 3890 1684 3919 sie
1694 3890 1766 3917 enim
1779 3888 1825 3916 has
1839 3889 1970 3917 orationis
1983 3889 2166 3918 conuerflones
2179 3888 2272 3918 Graeci
2283 3895 2329 3918 ιιο,
2354 3918 2364 3923 ..
