2474 4182
270 144 339 188 387
675 130 715 169 A
789 123 928 165 PH
1826 121 2030 162 APl
2349 131 2419 177 388

307 231 352 251 ΑΡ
362 229 451 251 icvi.
460 228 505 250 vs
514 241 522 254 ‚
541 221 558 247 i.
578 229 612 246 m.
632 217 732 245 Dimin.
753 214 874 250 [κεραῖαι]
912 214 1011 241 Paruus
1027 220 1104 250 apex,
1124 212 1191 250 quod
1209 218 1233 239 et
1256 210 1319 246 Api·
1409 215 1431 237 Α
1440 216 1456 236 P
1465 215 1513 237 HR
1522 216 1542 238 o
1551 217 1564 237 s
1573 215 1642 238 coa
1653 208 1671 237 o
1681 216 1699 237 n
1709 215 1728 238 o
1737 217 1769 238 N.
1796 207 2007 246 [οἶφροσκόρηδον]
2045 210 2126 237 Genu:
2133 212 2205 245 allii,
2218 211 2247 238 de
2260 220 2305 247 quo
2318 212 2418 244 Colum,

272 260 362 287 culum
376 259 486 291 dicitur,
506 256 609 287 Festus,
630 251 788 287 Apiculum,
810 249 885 277 filum
906 250 953 283 est,
969 260 1023 286 quo
1047 250 1179 277 flamines
1202 247 1320 275 velatum
1375 252 1414 277 11,
1436 254 1463 277 3,
1481 254 1518 272 20
1548 246 1688 281 leicum,
1710 246 1782 281 quod
1807 245 1916 282 quidam
1938 245 2032 272 allium
2052 245 2180 273 Punicum
2198 253 2309 279 vocant,
2330 249 2420 279 Graeci
2444 262 2446 265 ¹

270 297 374 331 apicem
394 299 496 330 gerunt·
734 294 738 296 ἡ
1375 287 1463 321 autem
1483 281 1823 318 iwani-podorappellant,
1851 281 1930 316 longe
1957 281 2068 308 maioris
2088 281 2125 307 est
2148 282 2322 315 incrementi,
2344 278 2419 319 quai-n
2446 287 2449 294 ¹

308 339 353 359 Ap
364 339 372 358 1
382 338 398 358 C
408 332 431 357 Ᾱ
441 336 462 356 's
474 336 494 354 v
504 335 532 358 ς,
553 335 581 356 a,
602 332 655 350 um.
694 322 790 356 Apice,
811 325 829 348 i.
843 323 910 348 Pileo
925 320 1014 348 tebius.
1050 321 1131 347 Ouid.
1146 320 1213 347 Fast.
1229 328 1258 351 3,
1272 325 1322 353 397
1375 317 1478 343 alllum.

268 367 320 396 His
333 367 413 393 etiam
427 365 524 391 coniux
536 360 631 395 apicati
645 357 732 385 sancia
748 357 833 384 Dialis
869 357 986 384 Lucibus
1000 358 1116 392 impexas
1133 356 1211 382 debet
1223 355 1322 382 habere
1340 354 1355 381 5
1377 388 1383 393 ·
1413 357 1620 385 ΑΡΗΤΗΑΕ,
1640 361 1725 380 arum.
1756 353 1776 379 f.
1815 350 1939 387 [ἅφθαι]
1995 351 2090 379 Vlcera
2111 351 2241 386 serpentia
2260 354 2332 386 oris,
2358 364 2419 390 qune

270 412 366 430 comas,
1376 389 1489 414 infantes
1512 396 1669 428 puerosque.
1682 394 1803 416 exercent
1822 388 1889 415 Cels.
1908 397 1939 420 2,
1959 397 1967 414 1
1989 387 2018 413 dc
2038 387 2126 424 quibus
2143 388 2213 414 idem
2233 391 2266 422 6,
2285 398 2307 416 ii
2330 399 2419 424 puer-00

307 446 328 465 A
341 446 354 464 P
363 444 379 463 13
389 444 406 462 x
416 433 437 461 A‘
446 440 488 460 ΒΟ
497 452 505 464 ,
525 431 594 457 onis.
615 430 636 456 f.
674 430 755 456 Genus
769 429 931 467 farciminis.
973 428 998 454 h.
1022 437 1041 453 e.
1074 427 1176 454 Furtum
1200 425 1322 461 quoddam
1377 425 1452 458 saepe
1468 424 1640 456 consumunt,
1661 433 1690 450 in
1703 425 1770 451 viris
1784 431 1809 451 et
1823 423 1983 450 mulieribus
1996 423 2067 450 idem
2080 423 2228 458 periculum
2242 433 2295 450 non
2309 425 2353 452 est,

269 472 419 501 wastinam.
493 468 580 493 Varro
594 466 626 492 de
641 466 670 492 L.
686 467 715 492 L.
730 476 764 500 4,
785 474 818 492 22.
837 475 862 500 p.
878 474 928 497 29,
943 473 963 497 4
981 462 1061 496 Qiod
1075 463 1103 488 in
1117 462 1167 488 hoc
1181 462 1322 488 sarcimine
1412 467 1457 486 ΑΡ
1467 464 1486 485 H
1499 464 1522 485 Τ
1533 465 1553 484 Η
1564 465 1625 485 ΙΡΗ
1636 467 1692 491 VS,
1714 460 1732 486 i.
1753 470 1789 487 m.
1816 459 1964 494 [ἅφθιφος]
1995 460 2071 495 Qum
2086 462 2138 485 oris
2150 466 2227 485 vexat
2241 457 2343 493 affl-‘iio
2350 468 2419 497 prag.

268 503 379 544 loqs'ntnr
401 504 430 529 de
452 504 505 529 hila
527 503 658 529 summum
682 502 809 537 quiddam
831 502 947 531 eminet,
965 499 998 525 ab
1018 507 1050 524 co
1070 497 1142 532 quod
1155 503 1183 524 vt
1197 498 1322 532 incapite
1376 494 1456 521 dista.
1494 495 1535 521 Sic
1548 494 1612 520 Cael.
1627 494 1708 521 Rhod.
1726 504 1770 528 20,
1791 504 1816 529 9.
1838 504 1870 522 ex
1890 496 1908 522 1.
1926 504 1955 522 io
1979 493 2030 533 §.5
2059 494 2087 521 ff.
2115 495 2148 521 de
2161 494 2250 521 Aedil.
2263 495 2343 522 ediet.
2378 492 2421 527 sed

269 552 333 578 apex
343 562 350 573 ‚
373 538 499 574 Apcxabo
512 538 592 564 dieta.
636 537 735 564 Arnob.
749 538 765 563 l.
779 545 796 572 7
811 547 835 572 p.
847 545 897 569 229
911 543 974 562 extr.
996 534 1070 567 Quid
1083 534 1146 560 haec
1160 533 1323 565 sibivolunt,
1335 537 1364 555 10
1374 532 1460 557 melius
1476 530 1511 556 ibi
1525 529 1642 565 Gothofr.
1658 530 1708 562 Aty
1727 539 1765 557 us.
2410 533 2412 537 ’

270 577 451 613 apexabone5‚
470 574 588 606 hirciae,
608 573 753 606 silicernia,
774 573 882 607 longaui
897 570 1009 607 (quidst
1026 570 1168 604 longani3>
1189 570 1321 604 quaesunt
1411 572 1486 594 ΑΡΗ
1497 572 1562 598 YA,
1584 574 1623 592 ae.
1651 565 1671 591 f.
1722 565 1810 601 ἀφύη]
1847 566 1928 604 mstis
1941 575 2027 603 genus,
2070 565 2128 593 VM,
2149 573 2266 593 APVA.
2303 567 2357 593 Cic·
2368 569 2420 598 Aa·
2454 577 2460 582 ,

271 613 381 639 nomina
395 616 419 637 ct
437 611 610 637 farciminum
619 619 724 645 genera,
739 609 868 644 hirquino
882 608 933 634 alia
947 606 1081 640 sanguine,
1089 605 1260 631 comminutis
1271 605 1322 630 alia
1373 613 1408 637 4,
1429 611 1451 628 11
1485 601 1603 636 Aphyain
1628 601 1722 636 populi
1746 603 1830 638 legunt
1854 602 1964 638 quidam,
1979 610 2003 628 et
2025 605 2226 639 interpretantur
2253 603 2377 630 Sentinum
2398 600 2421 637 ἐς
2441 598 2450 613 ⁸

271 649 400 675 inculcata
415 646 595 682 pulmonibus.
618 647 824 682 Loquiturautem
831 642 1008 680 ‹Ie-sacrificiis
1020 648 1044 668 et
1054 639 1179 676 mysteriis
1187 650 1322 677 magorum.
1370 638 1461 674 sordes
1477 639 1572 673 populi.
1610 636 1658 664 Sed
1676 638 1769 673 legitur
1786 637 1857 664 hodie
1876 639 1999 673 Apuleia.
2416 659 2421 666 ,
2463 664 2465 668 ‚

1415 681 1437 700 A
1448 681 1462 699 1’
1473 680 1492 699 H
1504 680 1551 699 ΥΤ
1560 680 1580 699 Η
1590 679 1611 699 A
1621 679 1664 699 co
1674 679 1692 698 R
1702 679 1721 699 A
1732 679 1755 698 S.
1791 672 1902 706 Ctesias,
1917 674 2040 710 referente
2053 673 2141 700 Plinio
2154 681 2193 708 37,
2206 681 2222 699 2
2238 673 2257 699 s.
2272 682 2302 705 ii,
2318 682 2328 700 i
2347 674 2420 703 arbo.
2442 669 2445 674 ’

691 709 719 740 Α
797 707 818 738 P
896 705 930 736 H
1337 716 1362 742 15
1377 718 1417 735 res
1431 708 1556 743 quasdam
1571 709 1618 735 esse
1633 707 1744 735 tradidit
1757 710 1829 734 iuxta
1843 709 2018 744 Hypobarum
2032 709 2123 736 Indiae
2144 709 2275 741 fluuium,
2299 709 2451 740 elefflumqw

304 763 485 788 AriiACA,
504 763 543 782 ac.
566 754 587 781 f.
607 753 736 788 [οἷφοέκη]
775 751 868 784 Herba,
882 751 972 779 tenuia
986 750 1130 778 admodum
1150 749 1216 776 folia
1230 747 1323 774 habet:
1377 744 1512 770 ferentes:
1540 753 1642 780 voceque
1663 744 1710 770 hac
1729 742 1895 783 praedulcem
1916 745 2071 772 suauitatem
2089 744 2239 779 significari.
2285 745 2326 771 Sic
2346 752 2422 783 nempe

266 793 363 828 pusillo
377 793 459 819 altior
473 785 598 818 lenticula
611 790 656 817 est.
708 789 821 824 Siliquas
845 789 961 814 maiores
986 788 1054 820 fert,
1074 787 1102 812 in
1128 785 1225 820 quibus
1247 790 1321 809 terna
1376 780 1517 822 legebatur,
1533 780 1581 816 ,βλ
1596 779 1758 812 Harduinus,
1773 779 1931 822 ,siptachora
1950 790 1980 808 ex
1993 780 2083 816 Ctefiae
2101 787 2214 817 excerpto
2234 780 2301 816 apud
2313 767 2438 811 Photimf·

265 836 311 855 aut
325 835 452 864 quaterna
464 827 563 854 semina
577 825 772 860 sunt,nigi·iora
784 831 810 851 et
823 824 974 851 madidiora
991 822 1124 849 lenticula.
1196 819 1322 846 Nascitur
1376 826 1535 851 σιπταχοροι,
1557 815 1623 852 quod
1639 816 1748 852 explicat
1766 812 1824 848 ndu,
1841 815 1931 849 γλυκύ.
2399 821 2413 842 χ
2429 808 2435 834 l

267 866 296 891 iii
308 865 379 891 aruis
393 871 437 891 etc.
477 864 546 890 Haec
561 863 626 888 Plin.
642 870 690 896 27,
705 869 718 894 5
732 862 751 888 s.
767 870 801 887 21.

304 908 322 927 A
334 907 348 927 i>
357 908 377 926 H
386 907 407 926 A
417 907 434 927 c
443 906 475 931 E,
494 900 536 925 vel
552 905 573 925 A
582 906 596 924 r
607 905 627 925 Η
637 905 658 924 Α
667 904 683 924 c
692 904 730 929 A,
752 900 838 923 orum.
858 905 884 922 n.
907 895 942 930 pl.
973 892 1119 928 [Ἂφακα]
1155 892 1235 918 Locus
1253 894 1320 917 inter
1328 897 1363 917 20
1778 889 1807 922 A
1889 889 1912 920 P
1984 891 2000 922 1

268 937 408 972 Heliopolim
421 942 444 962 et
458 934 576 969 Hyblam,
593 934 667 960 vrbcs
679 935 805 971 Aegypti.
841 933 910 958 Hinc
1225 963 1227 966 ι
2380 954 2383 958 ⁴

302 977 540 1003 Ai’HAci'rls,
565 969 624 996 i'dis.
650 969 670 995 f.
698 968 867 1002 [Ἀφωατις]
911 963 1063 995 1‘s›1us‚ibi
1084 964 1200 999 templum
1221 962 1320 990 habens.
1413 966 1611 994 AP1Ast,
1651 965 1676 988 et
1706 965 1934 993 AP1AR1VM,
1969 966 2284 995 APiAs'rELLVM,
2318 967 2381 990 Ari
2446 959 2461 988 ε,

271 1007 329 1036 Via.
341 1006 428 1042 Zcfim.
444 1017 470 1038 ι,
488 1013 520 1041 58
538 1015 591 1032 cum
606 1007 666 1032 Not.
681 1004 769 1030 Cellar.
782 1010 804 1029 ct
820 1001 929 1028 Caffiod.
944 1001 973 1026 in
986 999 1111 1034 Tripart.
1128 1008 1140 1025 2
1149 1019 1157 1032 ‚
1176 1008 1220 1027 20.
1258 999 1321 1025 adde
1377 1003 1390 1023 s
1401 1002 1422 1022 T
1432 1004 1451 1023 R
1461 1004 1481 1023 v
1490 1004 1529 1028 M,
1567 1004 1588 1023 A
1598 1004 1612 1023 r
1623 1004 1632 1023 i
1642 1004 1663 1024 A
1673 1003 1696 1024 'r
1706 1004 1726 1024 v
1736 1005 1749 1024 s
1758 1017 1767 1029 ‚
1799 996 1852 1023 vid.
1883 1003 1905 1023 A
1914 1003 1954 1023 PE
1964 1003 1986 1023 s.
2392 1008 2395 1011 v
2415 1003 2417 1007 ·

264 1043 362 1071 selden.
387 1043 415 1069 de
441 1045 501 1069 Diis
526 1043 598 1076 Syris
616 1051 645 1071 2,
663 1049 678 1072 3
701 1040 745 1066 ubi
757 1042 831 1064 ctiam
846 1037 912 1072 apud
925 1035 1046 1063 Macrob.
1064 1036 1166 1062 Saturn.
1183 1044 1209 1067 1,
1229 1043 1256 1061 21
1269 1041 1320 1072 pro
1413 1034 1482 1058 API'
1489 1039 1552 1067 CA,
1571 1041 1610 1059 ae.
1631 1033 1650 1059 f.
1688 1032 1729 1059 Ab
1750 1032 1852 1058 ἄκακος.
1889 1032 1995 1059 Dicitur
2007 1032 2159 1068 Ouis,quae
2173 1038 2294 1060 ventrem
2307 1031 2366 1067 glab
2382 1065 2383 1070 1

266 1078 404 1106 Architide
416 1079 467 1115 legi
480 1079 534 1104 vult
547 1075 720 1111 Aphacitida,
740 1081 763 1100 et
777 1074 824 1100 huc
835 1073 917 1109 refert
929 1071 1055 1099 Phacetin
1066 1071 1153 1108 filiam
1170 1073 1283 1098 Veneris.
1329 1079 1361 1105 25
1374 1065 1469 1100 habet,
1489 1075 1518 1095 vt
1533 1071 1571 1094 ait
1585 1068 1682 1095 Festus.
1719 1068 1786 1095 Plin.
1803 1073 1824 1099 8,
1839 1072 1873 1101 48
1894 1068 1912 1094 s.
1928 1075 1959 1103 75
1980 1069 2011 1095 In
2029 1069 2083 1103 ipsa
2103 1078 2154 1095 oue
2168 1069 2228 1095 satis
2248 1067 2376 1103 generosit
2438 1065 2464 1094 ².

304 1122 325 1142 Α
337 1122 411 1141 PHA
421 1121 438 1141 E
447 1121 485 1146 Α,
506 1122 544 1140 ae·
564 1114 583 1139 fl
624 1114 718 1138 Nomen
734 1111 899 1136 Britomartis
907 1108 933 1145 s
947 1106 1108 1142 DiHynnae,
1140 1107 1169 1134 ub
1190 1117 1236 1144 quo
1254 1106 1321 1142 apud
1375 1104 1522 1130 ostenditur
1535 1103 1668 1130 breuitate
1684 1113 1807 1137 crurum,
1821 1104 1922 1130 ventris
1937 1104 2044 1130 vestitu.
2072 1104 2168 1139 quibus
2181 1104 2267 1131 nudus
2282 1105 2358 1137 esset,
2372 1100 2394 1132 a'

264 1152 403 1188 Aeginetas
417 1151 483 1177 culta
492 1150 559 1185 suit.
614 1146 743 1181 Virgilius
758 1145 786 1171 in
801 1144 860 1172 Ciri
872 1153 898 1171 v.
915 1153 959 1176 303
981 1144 1015 1170 ad
1026 1145 1153 1175 Dianam,
1190 1158 1235 1163 -—
1272 1151 1319 1168 no·
1374 1149 1416 1166 cas
1429 1139 1576 1172 vocabant,
1592 1140 1811 1176 damnabantque.
1851 1139 1917 1166 [clem
1931 1141 2018 1166 Varro
2032 1139 2064 1166 de
2080 1141 2111 1166 R.
2126 1140 2156 1166 R.
2172 1149 2203 1173 2,
2218 1149 2250 1173 2,
2265 1148 2277 1173 3
2299 1141 2381 1167 Ventr

264 1195 327 1213 men
341 1186 462 1221 Aphaeae
506 1183 626 1219 Virginis
639 1181 786 1216 adsignant,
807 1188 851 1207 cte.
912 1182 1004 1216 Nempe
1009 1178 1050 1214 fic
1063 1179 1200 1216 legendum,
1201 1178 1227 1213 fi
1241 1179 1319 1206 Scali-
1375 1185 1483 1210 quoque
1505 1182 1534 1202 vt
1554 1175 1649 1202 habeat
1669 1176 1792 1210 pilosum.
1833 1176 1925 1210 Itaque
1945 1184 2012 1211 quae
2034 1175 2063 1202 id
2081 1185 2135 1202 non
2148 1175 2293 1209 haberent,
2312 1176 2384 1203 maio

264 1232 348 1259 gerum
360 1221 487 1253 audimus,
502 1226 551 1255 pro
565 1221 666 1255 vulgato
679 1218 790 1244 numina
803 1216 913 1244 Phocae.
1373 1211 1458 1237 nostri
1477 1212 1563 1246 apicas
1584 1211 1765 1247 appellabant,
1786 1220 1814 1238 ac
1833 1211 2001 1238 reiiciebant.
2053 1211 2112 1238 Vid.
2134 1212 2254 1248 Gesnerus
2270 1211 2305 1238 ad
2321 1211 2346 1239 h.
2365 1211 2384 1239 Ι.
2464 1208 2469 1222 ²

304 1263 524 1285 APHAEREM
535 1263 574 1288 A,
595 1255 652 1281 atis.
691 1255 796 1288 Proprie
811 1252 930 1283 ΑὸΙαιίο,
952 1248 1087 1277 Βειναέὶίο
1101 1260 1108 1274 .·
1137 1249 1226 1275 Plinio
1238 1251 1360 1283 auten130
1373 1247 1466 1284 Scalig.
1486 1247 1521 1273 ad
1537 1256 1568 1280 2,
1590 1256 1622 1280 2,
1641 1249 1667 1274 6.
1724 1249 1794 1274 Hinc
1811 1246 1908 1282 Apicae
1922 1247 2012 1275 Vestes
2025 1246 2082 1282 Jine
2101 1247 2172 1274 villis
2190 1248 2307 1284 Calcagn.
2328 1248 2363 1284 Q
2388 1242 2393 1246 ’
2416 1250 2422 1264 >“
2465 1250 2469 1253 “

264 1300 308 1324 15³,
328 1303 352 1319 11
365 1292 405 1327 stc
417 1292 556 1327 appellatur
568 1289 764 1325 grandissimum
780 1288 863 1315 alicae
877 1295 978 1322 genum
1014 1289 1074 1322 quia
1092 1287 1212 1312 nimirum
1233 1292 1318 1312 cortex
1374 1281 1451 1324 Epist.
1470 1292 1501 1316 3,
1522 1291 1542 1309 ι.

255 1329 282 1366 s.
297 1332 383 1355 tunica
395 1337 451 1354 εσσε
463 1327 547 1353 ablata
566 1326 623 1353 inde
636 1324 679 1359 est.
1410 1326 1455 1345 ΑΡ
1467 1320 1481 1345 f
1490 1326 1506 1346 C
1519 1327 1528 1345 1
1537 1326 1580 1345 vs
1589 1339 1597 1351 ,
1617 1317 1634 1344 i.
1661 1328 1698 1346 m.
1734 1319 1768 1345 Eo
1781 1321 1878 1345 nomine
1897 1326 1949 1346 tres
1963 1324 2191 1351 commemorantur,
2199 1327 2281 1345 omncs
2295 1319 2366 1356 gulae

300 1371 375 1391 ΑΡΗ
386 1370 460 1391 AER
471 1361 559 1389 ἕως.
586 1363 605 1389 f.
627 1360 793 1396 [οἷφκίρεσις]
835 1360 911 1386 Verri
926 1355 1007 1394 potest
1026 1357 1146 1389 Ammo,
1167 1352 1318 1383 Detrab'lio:
1373 1354 1414 1381 dio
1432 1355 1557 1391 infames,
1583 1360 1606 1381 et
1625 1358 1693 1381 artis
1710 1358 1869 1391 coquinariae
1878 1353 1994 1390 studiofi.
2068 1355 2139 1381 Hinc
2151 1355 2261 1389 Apicius
2270 1361 2320 1390 pro
2341 1363 2371 1391 qu
2416 1352 2433 1361 ’

265 1401 359 1441 Figura
373 1398 406 1433 Ψ
419 1397 553 1430 diflionis,
574 1398 602 1424 de
615 1407 663 1434 qua
677 1396 717 1431 fic
736 1395 897 1427 Diomedes,
917 1393 1087 1429 AphaeresiS,
1109 1393 1145 1419 est
1164 1391 1264 1419 ablatio
1285 1390 1317 1418 de
1371 1390 1463 1427 guloso,
1504 1391 1596 1417 quen.
1613 1399 1650 1422 ii,
1669 1399 1681 1423 3
1710 1390 1784 1425 Qid
1807 1391 1879 1417 enim
1902 1391 2005 1418 maiore
2026 1389 2158 1418 cachinno
2180 1390 2317 1425 Excipitur
2335 1389 2422 1428 vulgi,

263 1436 397 1471 principio
412 1434 554 1466 diflionis,
574 1433 707 1461 contraria
720 1431 854 1464 Prothcsi,
874 1440 958 1466 quum
981 1435 1026 1456 aut
1049 1429 1127 1455 litera
1151 1433 1316 1462 amputatur:
1330 1436 1359 1462 35
1373 1434 1452 1461 quam
1471 1435 1572 1462 pauper
1586 1426 1694 1461 Apicius
1707 1427 1717 1453 3
1749 1428 1780 1453 Et
1793 1427 1911 1454 Martial.
1927 1436 1966 1460 10,
1979 1435 2010 1462 73
2032 1426 2061 1452 de
2076 1433 2136 1463 toga
2151 1425 2276 1459 delicata,
2297 1427 2358 1460 Qla

262 1478 308 1498 aut
322 1472 419 1504 syllaba
434 1470 562 1497 aufertur.
598 1469 689 1496 Litera
702 1478 710 1500 3
746 1473 791 1499 vt,
809 1467 874 1494 Ruit
887 1466 979 1493 omnia
992 1466 1061 1498 late,
1082 1473 1131 1499 pro
1140 1465 1224 1490 Eruit.
1262 1463 1317 1496 Syl·
1372 1461 1509 1489 Fabricius
1528 1461 1572 1489 sed
1590 1462 1671 1489 vellet
1684 1462 1794 1497 Apicius
1806 1463 1855 1489 vti.

263 1507 323 1534 laba
339 1518 346 1539 ;
383 1513 411 1533 vt
425 1507 564 1532 Teinnere
586 1504 679 1538 dium,
697 1512 747 1538 pro
770 1504 948 1530 Contemnere
963 1512 971 1532 3
1007 1507 1048 1533 et,
1069 1501 1203 1535 Linquere
1226 1500 1317 1533 castra,
1410 1505 1472 1525 A1’1
1483 1505 1500 1526 c
1510 1506 1519 1525 1
1530 1505 1573 1525 vs
1583 1518 1591 1531 ,
1607 1507 1638 1531 a,
1661 1507 1715 1525 um.
1753 1498 1813 1525 Adi.
1857 1499 1908 1531 Vt,
1927 1498 2003 1524 Vuae
2012 1498 2122 1532 Apiciae
2136 1498 2193 1525 Cat.
2209 1497 2242 1524 de
2255 1497 2287 1525 R.
2300 1498 2332 1525 R.
2344 1506 2409 1532 24,

263 1553 313 1578 pro
327 1543 497 1577 Relinquere.
647 1537 668 1578 ff
691 1548 704 1565 2
724 1539 879 1565 Medicorum
890 1538 991 1565 verbum
1004 1535 1044 1570 Ψ.
1087 1537 1144 1564 Cic.
1160 1536 1193 1562 ad
1207 1537 1314 1568 Att.6‚i
1371 1534 1473 1561 Vinum
1487 1534 1629 1569 Apicium,
1650 1534 1724 1560 Idem
1738 1543 1760 1562 c.
1775 1536 1802 1567 6,
1815 1541 1837 1568 5.
1857 1542 1884 1570 7,
1899 1543 1921 1560 2.
1940 1542 1986 1567 24,
1999 1542 2020 1560 2.
2041 1540 2065 1560 et
2072 1535 2150 1561 Varr.
2159 1534 2191 1560 de
2205 1534 2236 1560 R.
2246 1534 2277 1560 R.
2290 1541 2333 1567 125
2357 1535 2404 1561 ν’

262 1581 299 1606 Vt
316 1579 333 1605 si
348 1578 481 1611 medicus,
499 1585 560 1603 cum
575 1582 697 1611 aegrotus
717 1575 765 1602 alii
784 1574 888 1601 medico
906 1573 1017 1600 traditus
1039 1572 1084 1605 sit,
1106 1572 1183 1599 irasci
1204 1572 1270 1598 velit
1290 1572 1317 1598 ei
1370 1570 1484 1606 colligas,
1496 1573 1545 1596 iam
1558 1577 1616 1596 ante
1629 1570 1738 1597 Catonis
1750 1577 1856 1597 aetatem
1875 1570 2007 1596 delicatum
2024 1571 2130 1605 aliquem
2143 1570 2268 1604 Apicium
2304 1568 2370 1604 uffi.
2386 1561 2410 1594 .’

262 1614 384 1646 medico,
403 1614 449 1649 qui
474 1613 523 1639 sibi
543 1612 704 1643 successerit,
723 1610 759 1643 fi,
779 1619 846 1645 quae
869 1610 923 1645 ipse
946 1609 975 1635 in
996 1608 1114 1635 curando
1137 1607 1359 1642 constituerit,40
1409 1612 1650 1638 APICIANVS,
1670 1614 1700 1637 a,
1719 1615 1773 1632 um.
1809 1606 1892 1633 Idem.
1934 1606 1985 1638 Vr,
2004 1605 2132 1640 Apiciana
2144 1605 2252 1634 coelura
2265 1605 2333 1633 Pin.
2347 1601 2419 1643 123*

262 1656 348 1677 mutet
363 1650 410 1676 ille
425 1661 429 1675 :
466 1649 499 1675 fic
513 1648 612 1682 Appius
622 1667 630 1679 ,
650 1656 710 1673 cum
724 1655 755 1672 ex
769 1646 913 1681 ἐφαιρέσεως
933 1645 1101 1680 prouinciam
1121 1644 1242 1676 curauit,
1261 1644 1317 1670 san·
1372 1641 1500 1676 Apiciana
1517 1641 1687 1668 condimenta
1699 1641 1818 1668 Tertull.
1836 1642 1868 1668 de.
1881 1641 1978 1668 Anima
1997 1650 2051 1676 cap.
2065 1649 2101 1674 33.
2397 1646 2418 1665 ae

262 1687 372 1721 guinem
384 1685 486 1711 miserit
495 1704 503 1717 ,
523 1682 655 1719 quidquid
669 1682 758 1716 potuit
769 1682 928 1714 detraxerit,
950 1680 1019 1707 mihi
1031 1679 1173 1707 tradiderit
1186 1679 1316 1712 enceiani,
1408 1684 1432 1706 A
1440 1685 1456 1704 P
1465 1685 1475 1704 1
1484 1684 1530 1705 CV
1540 1684 1556 1703 L
1565 1684 1604 1710 A,
1639 1677 1693 1704 vid.
1723 1684 1794 1706 APE
1803 1685 1825 1704 s.

262 1721 512 1758 προσανατρεφσΙαένθΙν
533 1728 591 1745 eam
609 1727 622 1744 a
636 1726 679 1744 me
698 1726 753 1743 non
774 1717 889 1744 libenter
906 1716 990 1744 Videt.
1408 1719 1431 1739 A
1440 1721 1455 1739 P
1465 1721 1474 1739 I
1484 1720 1501 1740 C
1511 1720 1532 1740 V
1542 1720 1559 1739 L
1568 1721 1590 1740 V
1599 1720 1611 1739 S
1619 1732 1629 1746 ,
1665 1713 1719 1740 vid.
1751 1720 1773 1740 A
1783 1721 1798 1740 P
1807 1720 1824 1740 E
1834 1721 1862 1741 X.

296 1765 319 1785 A
328 1765 343 1784 P
353 1764 374 1784 ii
384 1755 406 1783 A
416 1763 433 1782 R
442 1763 459 1782 E
468 1763 488 1782 v
499 1762 521 1782 s.
539 1753 653 1786 Trisyll.
676 1752 834 1791 [Ἀφαρεῠς]
873 1754 949 1779 Pater
961 1753 1071 1786 Lyncei,
1090 1759 1106 1777 a
1122 1758 1167 1787 quo
1180 1749 1221 1777 ille
1409 1750 1454 1775 Ar
1465 1747 1479 1775 f
1486 1746 1566 1775 DAN
1576 1755 1598 1775 v
1607 1756 1619 1775 s
1629 1768 1637 1780 ‚
1657 1749 1676 1775 i.
1697 1758 1734 1775 m.
1769 1747 1932 1784 [Ἀπιδανδς]
1972 1749 2074 1776 Flauius
2088 1758 2153 1776 unus
2167 1758 2179 1776 e
2187 1752 2334 1786 praecipitis
2348 1747 2426 1786 The-120

298 1801 321 1820 A
330 1801 346 1820 P
355 1800 375 1819 Η
386 1798 435 1818 AR
446 1791 462 1817 i:
472 1789 482 1817 i
493 1797 551 1822 VS,
566 1789 611 1826 seu
626 1787 759 1823 Aphareia
772 1789 859 1822 proles
885 1786 967 1813 Ouid.
983 1787 1048 1812 Met.
1070 1791 1099 1818 8,
1119 1795 1178 1820 304.
1325 1791 1360 1818 45
1365 1783 1455 1820 saliae.
1494 1783 1577 1811 Ouid.
1585 1784 1652 1810 Met.
1666 1792 1692 1818 7,
1707 1789 1755 1814 228
1779 1784 1865 1810 Multa
1883 1793 1991 1819 quoque
2006 1785 2122 1819 Apidani
2136 1785 2292 1819 placuerunt
2305 1785 2426 1821 gramina»

298 1836 342 1855 ΑΡ
352 1836 372 1854 Η
384 1826 400 1854 ἔ
409 1834 421 1854 s
431 1834 452 1854 A
462 1834 475 1853 s
485 1846 493 1858 ‚
509 1831 583 1852 antos
592 1845 600 1857 ,
619 1826 706 1851 melius
719 1830 742 1850 A
751 1829 791 1850 PE
800 1829 873 1849 sAs.
895 1821 1039 1855 [Ἀπέσας]
1060 1823 1160 1847 Montis
1172 1823 1319 1857 nomen‚qui'
1372 1820 1448 1855 ripis.
1486 1819 1555 1847 Add.
1570 1819 1659 1846 Valer.
1674 1819 1759 1846 Flacc.
1775 1827 1795 1852 1,
1811 1827 1865 1854 357.
1887 1826 1910 1845 et
1927 1820 2025 1845 Lucan.
2040 1822 2066 1851 6,
2080 1828 2136 1855 373·

263 1865 368 1892 Nemeae
375 1864 532 1900 superiacet,
552 1861 595 1887 vbi
614 1859 722 1896 Theseus
736 1860 792 1886 Ioui
800 1861 909 1894 primum
924 1863 1040 1894 operatus
1052 1855 1175 1883 creditur.
1212 1858 1318 1891 Eryman
1408 1862 1643 1888 APILASCVS,
1668 1855 1737 1882 sidit.
1774 1855 1911 1892 Legebatur
1930 1854 1997 1890 apud
2015 1854 2082 1881 Plin.
2098 1864 2125 1888 33
2135 1876 2143 1888 ,
2159 1866 2180 1891 4
2199 1857 2218 1884 s,
2234 1866 2260 1884 21
2287 1857 2358 1885 Nam
2377 1865 2419 1884 au.
2432 1863 2434 1867 ’

260 1900 362 1928 videtur
374 1899 488 1926 indicare
499 1898 599 1934 volui'ffie
611 1897 707 1923 Statius
719 1893 812 1921 Theb.
826 1903 838 1926 3
848 1914 856 1926 ,
869 1895 917 1928 46i
1372 1900 1444 1922 rum,
1460 1891 1533 1925 quod
1545 1890 1578 1916 ad
1598 1891 1664 1924 pilas
1685 1891 1800 1924 cudunt,
1827 1890 2011 1925 Apilascudem
2030 1897 2134 1917 vocant.
2171 1892 2220 1919 Sed
2236 1893 2319 1920 Hard.
2341 1892 2418 1928 Qiod

417 1935 496 1961 Mons
508 1939 564 1959 erat
578 1932 671 1958 audaci
685 1930 804 1957 sedu&us
818 1930 846 1956 in
861 1929 967 1956 aethera
987 1927 1084 1960 dorso,
1373 1926 1490 1952 effossum
1504 1925 1540 1952 est
1555 1925 1693 1958 tunditur,
1715 1926 1835 1958 lauatur,
1854 1926 1958 1959 vritur,
1977 1926 2089 1953 molitur
2109 1927 2138 1953 in
2157 1927 2289 1962 farinam,
2309 1937 2345 1958 ac,
2358 1925 2437 1964 pilis
2473 1917 2474 1927 ἵ

417 1969 538 1996 Nomine
552 1967 666 1994 Lernaei
681 1971 831 1992 memorant
845 1964 992 1999 Aphesanta
1011 1963 1120 1995 coloni,
1326 1968 1359 1996 50
1372 1961 1480 1987 cudunt.
1522 1962 1626 1987 Vocant
1643 1967 1783 1996 argentum
1800 1968 1846 1987 etc.
2430 1954 2434 1962 '
2473 1973 2474 1988 1

418 2003 550 2031 Gentibus
566 2002 699 2037 Argolicis
712 2001 779 2027 olim
793 2001 872 2026 sacer.
920 2000 983 2025 Inde
998 1999 1119 2025 ferebant
1408 2005 1430 2024 A
1440 2005 1455 2024 1²
1465 1995 1506 2024 in
1515 2004 1538 2024 A
1549 2017 1558 2030 ,
1577 2005 1622 2029 ae,
1651 1998 1708 2029 (vel
1728 1994 1773 2024 A‘P
1782 2004 1792 2023 i
1801 2003 1822 2022 N
1833 2003 1856 2023 A
1865 2002 1898 2028 E,
1911 2000 1995 2023 arum.
2014 1996 2049 2031 pl.
2071 2001 2189 2031 tantum)
2231 1999 2416 2036 Vrbs-Apuliae.
2472 1995 2474 1999 ’

418 2039 522 2067 Nubila
535 2039 673 2073 suspenso,
694 2036 807 2062 celerem
820 2035 954 2061 temerasse
967 2034 1061 2060 volatu
1215 2033 1316 2058 Persea.
1372 2033 1473 2060 Tricas
1492 2039 1517 2060 et
1529 2033 1629 2067 Apinafl
1646 2034 1721 2069 vulgo
1737 2042 1777 2059 res
1783 2031 1879 2068 fictiles
1893 2041 1922 2058 ac
1942 2035 2090 2069 nugatorias
2108 2033 2227 2061 dicebant.
2261 2035 2378 2063 Martial.
2392 2044 2416 2061 1.

260 2078 370 2113 Ἀφὲσας
381 2079 464 2113 itaque
470 2075 573 2112 fuerit,
593 2076 637 2110 qui
644 2074 757 2109 primum
775 2070 901 2107 dimiserit
915 2079 930 2096 a
938 2069 966 2106 fi
981 2068 1084 2105 Persea,
1104 2076 1119 2093 a
1131 2066 1237 2093 themate
1250 2067 1317 2100 ἆφέω
1373 2076 1417 2100 114
1438 2069 1620 2102 Quaecunque
1632 2068 1680 2094 lusi
1696 2069 1817 2100 iuuenis,
1836 2073 1862 2094 et
1874 2076 1941 2102 puer
1955 2068 2108 2103 quondam,
2143 2070 2292 2104 Apinasque
2310 2063 2415 2096 nostras,

255 2122 306 2152 pro
320 2113 421 2148 ἐφίημι.
1107 2137 1112 2142 .
1281 2135 1286 2140 ι
1371 2101 1446 2127 Idem
1461 2110 1501 2133 14,
1515 2111 1525 2127 1
1545 2103 1615 2140 ¹Sunt
1627 2104 1746 2137 Apinae,
1758 2104 1931 2138 Tricaeque,
1944 2110 1970 2130 et
1985 2104 2003 2130 si
2019 2104 2084 2139 quid
2097 2103 2179 2131 vilius
2191 2104 2254 2130 istis.
2287 2104 2415 2131 Trae'tuir

299 2157 345 2177 ΑΡ
354 2156 373 2175 Η
384 2155 431 2175 OR
440 2155 449 2174 1
458 2155 470 2174 S
479 2153 503 2173 M
514 2153 535 2172 v
543 2153 556 2173 s
564 2165 571 2177 ,
590 2145 609 2171 i.
630 2154 666 2171 rn.
688 2141 862 2179 [ἐφορισμόε]
897 2140 942 2169 Ad
952 2139 1053 2167 verbum
1067 2137 1162 2164 finium
1177 2137 1318 2177 separatio,
1331 2142 1359 2168 55
1372 2136 1409 2163 est
1421 2135 1600 2176 prouerbium
1614 2137 1646 2162 ab
1662 2138 1749 2170 Apina
1760 2138 1828 2164 vrbe
1841 2139 1965 2172 Apuliae.
2001 2140 2067 2166 Plin.
2081 2148 2105 2172 3,
2121 2148 2143 2166 ii
2162 2138 2304 2166 Diomedes
2324 2138 2365 2166 ibi
2379 2138 2418 2167 det

261 2191 335 2222 atque
349 2184 408 2211 adeo
422 2182 544 2209 definitio
559 2179 592 2214 Ψ
601 2201 608 2212 ,
627 2190 673 2217 quo
687 2179 756 2206 modo
770 2179 855 2205 breuia
870 2178 1034 2212 Hippocratis
1047 2173 1125 2208 effata
1134 2193 1142 2205 ,
1168 2179 1192 2198 et
1206 2181 1265 2208 quae
1277 2172 1318 2197 his
1374 2172 1440 2198 lenit
1458 2178 1546 2206 gentes
1559 2172 1740 2198 Monadorum
1754 2172 1975 2207 Dardorumque,
1994 2179 2020 2200 et
2035 2175 2114 2201 vrbes
2132 2175 2212 2207 duas,
2232 2183 2299 2210 quae
2316 2175 2346 2201 in
2370 2188 2375 2197 ι
2398 2188 2403 2197 ·

256 2221 353 2256 fimilia
361 2220 439 2256 sunt,
452 2217 593 2253 fignificat.
751 2212 772 2252 ff
794 2223 807 2240 2
830 2212 1003 2248 Aphorismus
1017 2212 1057 2236 vcl
1064 2208 1214 2236 Diorismus
1224 2227 1232 2239 ,
1246 2206 1317 2241 apud
1372 2207 1462 2235 verbii
1477 2207 1611 2234 ludicrum
1623 2206 1744 2241 vertere,
1759 2207 1873 2242 Apinam
1890 2213 1916 2234 et
1930 2208 2054 2235 Tricam.
2127 2210 2247 2243 Apinae,
2267 2209 2380 2245 οἷμαλογ

262 2256 363 2283 Iulium
371 2251 544 2281 Rufinianum
553 2252 585 2278 de
593 2252 649 2286 Fig.
659 2251 728 2278 Sent.
738 2257 804 2285 p.27
817 2248 962 2283 descriptio
975 2255 1067 2274 rerum
1079 2254 1126 2279 per
1139 2242 1318 2278 reprehensio·
1371 2243 1502 2278 argutiae,
1516 2243 1646 2277 ineptiae,
1661 2243 1828 2278 garrulitates
1842 2245 1903 2270 Vet.
1919 2243 1998 2270 Gloss.
2036 2244 2154 2278 Apim-ie,
2169 2245 2250 2271 adm„
2263 2244 2332 2272 Ibid·
2401 2246 2412 2253 ..

263 2301 342 2324 nem,
362 2299 429 2326 quae
440 2288 567 2324 exprimit
580 2294 606 2313 et
617 2287 729 2321 corrigit
742 2286 799 2311 vim
813 2284 957 2310 sententiae
970 2288 996 2309 et
1008 2281 1171 2316 potestatem.
1226 2280 1318 2311 Qiare
1371 2278 1475 2314 Salmas
1494 2278 1529 2305 ad
1546 2279 1660 2305 Pollion.
1681 2279 1795 2306 Gallien.
1815 2288 1837 2305 c.
1860 2284 1873 2310 8
1904 2282 1948 2315 qui
1968 2289 1997 2306 ex
2016 2280 2108 2306 Graeco
2127 2280 2210 2313 ἐφάνη
2231 2280 2338 2308 der-inat.
2383 2290 2393 2295 ·

264 2327 350 2363 potest
361 2326 451 2354 videri
465 2325 562 2360 species
575 2321 785 2353 emendationis,
806 2329 868 2346 nani
880 2328 948 2354 quae
967 2324 1068 2344 temere
1087 2315 1188 2342 dixeris
1197 2334 1215 2354 ,1
1228 2316 1357 2354 repre-60
1372 2312 1515 2349 Aphannib
1522 2314 1627 2351 ignobili
1634 2316 1734 2342 Siciliae
1740 2314 1828 2350 oppido
1837 2314 1967 2341 deducebat
1978 2316 2070 2352 Scalig.
2077 2315 2112 2342 ad
2118 2315 2185 2343 Fest.
2227 2316 2286 2344 Vid.
2298 2323 2399 2345 BVTT·
2417 2314 2420 2340 ἶ

263 2363 372 2391 hendit:
392 2360 514 2394 Tullius,
528 2357 741 2394 Qianquamilla
749 2365 804 2382 non
811 2354 956 2390 poena,sed
964 2352 1117 2388 prohibitio
1125 2350 1230 2377 sceleris
1237 2350 1300 2375 fuit.
1373 2357 1474 2378 RATA.
1510 2349 1559 2378 Sed
1567 2350 1759 2383 contradicente,
1766 2357 1795 2377 vt
1808 2350 1933 2383 vidimus,
1948 2352 2041 2378 Plinio.
2403 2378 2405 2382 .

301 2403 572 2428 APHRACTVM,
593 2396 611 2421 i.
631 2403 657 2420 n.
678 2391 842 2428 [ἄφρακτον]
862 2392 904 2418 vel
921 2393 1177 2417 APHRACTVS·
1198 2394 1234 2412 m.
1273 2386 1319 2411 Ge·
1409 2393 1618 2419 APINARII,
1637 2395 1731 2419 orum,
1758 2387 1800 2413 vel
1818 2393 1848 2413 vt
1867 2386 1903 2412 ihi
1918 2387 2035 2423 scribunt
2051 2393 2259 2415 APENARII.
2297 2383 2410 2416 Treb''¹.
2458 2407 2460 2410 .

264 2444 312 2461 nus
325 2435 423 2471 nauigii
436 2433 579 2469 oblmigum,
599 2430 707 2466 undique
720 2434 832 2464 apertum
846 2438 853 2452 .-
890 2429 907 2453 i.
924 2434 999 2462 neque
1007 2424 1114 2461 septum,
1127 2430 1203 2458 neque
1216 2419 1319 2461 testum,
1373 2421 1439 2448 Poll.
1455 2422 1485 2448 in
1499 2421 1612 2448 Gallien.
1632 2431 1653 2448 c.
1667 2428 1680 2452 8
1702 2422 1833 2456 Cycoplea
1849 2421 1975 2449 luserunt.
2013 2421 2167 2456 Plaifiarios
2187 2424 2218 2450 ab
2237 2423 2316 2454 &mim
2330 2426 2377 2451 ah.
2396 2416 2412 2446 ¹1,

264 2479 311 2507 quo
325 2473 429 2498 maxime
442 2475 549 2495 utuntur
561 2466 662 2494 Rhodii.
699 2464 756 2491 Cic.
771 2464 824 2490 Att.
838 2465 854 2489 6
863 2483 872 2495 ‚
887 2467 900 2493 8
920 2462 979 2488 Nos
993 2459 1086 2487 etesiae
1093 2456 1320 2498 vehementislinie
1373 2457 1524 2494 expostam-at.
1561 2457 1609 2485 Sed
1615 2457 1744 2491 Salmafius
1747 2458 1854 2494 scurras
1865 2464 1889 2484 et
1900 2458 1982 2485 ludios
1989 2459 2107 2493 explicat,
2121 2465 2144 2485 ct
2155 2460 2242 2486 multis
2256 2459 2375 2487 declarat.
2389 2483 2392 2486 Δ
2405 2459 2407 2462 '

266 2505 413 2533 tardarunt.
456 2503 577 2530 Detraxit
589 2503 635 2530 XX
648 2501 717 2536 ipsos
730 2499 785 2526 dies
798 2499 879 2525 etiam
895 2496 1041 2532 Aphraffiis
1056 2493 1237 2522 Rhodiorum.
1287 2493 1319 2532 'Er
1328 2496 1360 2528 65
1409 2500 1430 2520 A
1440 2500 1455 2520 P
1464 2501 1474 2519 1
1483 2500 1578 2527 NOR,
1600 2494 1648 2520 5ri.
1684 2493 1805 2529 Apinari,
1818 2493 1927 2526 tricari,
1946 2494 1975 2520 in
1989 2494 2078 2528 paruis
2096 2495 2198 2521 morari
2216 2494 2296 2521 Gloff.
2311 2494 2404 2523 Isidori

267 2551 339 2577 mox,
362 2541 422 2568 Nos
432 2534 601 2566 Rhodio'rum
616 2536 755 2573 Aphrae'tis
764 2556 772 2568 ,
792 2532 1049 2568 caeterisquelongis
1062 2529 1176 2557 nauibus
1189 2528 1316 2563 tranquil·
1372 2535 1402 2555 vt
1415 2526 1527 2562 restituit
1540 2529 1641 2566 Cafizub.
1654 2539 1712 2556 nam
1725 2536 1798 2556 antea
1810 2529 1945 2566 legebatur,
1954 2529 2073 2563 Acinari,
2087 2536 2133 2556 etc.
2167 2529 2237 2558 Add.
2252 2530 2410 2558 Bartb.Adu

266 2577 354 2605 litates
368 2575 524 2611 aucupaturi
537 2580 650 2601 eramus.
685 2572 778 2599 Eidem
793 2573 826 2603 6,
847 2578 875 2597 12
896 2569 976 2597 Nosti
990 2566 1115 2602 aphracta
1134 2564 1319 2606 Rhodiogum:
1371 2566 1417 2598 26,
1433 2573 1457 2598 15
1476 2572 1500 2591 et
1507 2565 1588 2602 supra
1596 2571 1754 2593 AGiNARE.

267 2612 340 2641 nihil
352 2611 388 2638 est
401 2610 473 2647 quod
487 2610 575 2636 minus
588 2609 699 2636 fluctum
716 2608 789 2635 ferre
801 2606 884 2641 poffit.
920 2604 1013 2632 Eidem
1027 2611 1055 2636 ς,
1077 2611 1101 2635 13
1122 2601 1319 2635 Nauigauimus
1411 2607 1520 2634 Ario,
1540 2602 1593 2628 ere.
1630 2603 1731 2642 Ligure.
1763 2601 1836 2636 Apex
1851 2601 1883 2628 ab
1899 2600 2012 2635 apiendo
2025 2599 2272 2634 duciturlsidor.i9,
2280 2610 2320 2633 30.
2339 2602 2412 2629 Com-

268 2649 323 2677 fine
335 2648 449 2678 timore»
468 2651 494 2672 et
507 2645 560 2672 fine
573 2646 683 2676 nausea,
699 2643 743 2670 sed
756 2643 857 2670 tardius
868 2647 978 2677 propter
992 2638 1180 2675 aphractorum
1199 2636 1319 2663 Rhodio·
1369 2636 1538 2672 prehendere
1556 2636 1659 2672 antiqui
1674 2636 1784 2663 Vinculo
1797 2645 1876 2671 apere
1890 2636 2029 2669 dicebant,
2048 2635 2118 2662 vnde
2137 2643 2213 2671 aptus
2233 2637 2272 2669 is,
2290 2637 2338 2672 qui
2359 2645 2413 2670 con«

267 2693 329 2714 rum
348 2682 570 2710 imbecillitatem.
1323 2681 1359 2710 70
1372 2673 1513 2699 venienter
1532 2672 1616 2700 alicui>
1630 2671 1737 2699 iunctus
1756 2672 1793 2699 est
1812 2672 1901 2699 Festus
1920 2672 1949 2699 in
1968 2673 2000 2698 V.
2019 2672 2102 2707 Apex.
2142 2672 2212 2699 Add.
2232 2671 2296 2706 Voffi
2314 2672 2411 2708 Εῃιηιρὶ
2464 2694 2474 2711 ἰ

304 2726 408 2748 Arrii<
418 2724 498 2746 ATv
509 2724 551 2749 M,
572 2716 590 2742 i.
608 2724 635 2742 n.
670 2713 751 2748 Qod
763 2713 858 2740 Latine
878 2712 1022 2747 Spumeum
1041 2715 1170 2742 vocatur,
1191 2710 1258 2735 inter
1277 2715 1318 2743 ge·
1367 2715 1431 2745 pag,
1453 2716 1489 2741 35-

267 2765 330 2784 nera
340 2755 475 2782 eduliorum
481 2755 556 2789 ponit
569 2751 661 2778 Isidor.
675 2759 719 2783 20,
732 2759 758 2776 2..
1411 2751 1457 2771 ΑΡ
1467 2751 1543 2777 ios,
1563 2744 1582 2771 i.
1609 2753 1645 2770 m.
1686 2742 1794 2779 [ἄπιος]
1832 2743 1930 2775 Herba,
1955 2742 1984 2769 de
2019 2751 2050 2769 ua
2067 2741 2134 2769 Plin.
2149 2744 2194 2776 26,
2212 2748 2224 2773 8
2249 2744 2268 2770 s,
2281 2745 2319 2778 46
2337 2744 2405 2770 A..

304 2797 407 2820 Arria
417 2797 452 2817 ic
461 2796 482 2816 A
492 2809 500 2822 ,
533 2787 587 2815 vid.
617 2793 690 2814 AFR
699 2793 709 2812 1
718 2792 774 2812 cA.
1374 2779 1460 2806 Ischas
1477 2780 1532 2807 fiue
1546 2779 1674 2815 raphanos
1688 2780 1777 2814 agria,
1797 2780 1889 2806 iuncos
1908 2779 1974 2806 duos
2003 2787 2046 2805 iue
2067 2784 2119 2805 tres
2137 2779 2235 2813 spargit
2251 2779 2280 2805 in
2293 2785 2368 2807 terrav

305 2834 352 2855 ΑΡ
362 2834 382 2853 Η
393 2833 452 2853 Ris
462 2827 521 2857 SA,
541 2832 581 2850 ae.
602 2823 622 2849 s.
642 2823 675 2848 al.
697 2822 852 2848 Dracontea.
888 2818 966 2854 Apul.
980 2817 1012 2844 de
1024 2816 1110 2844 Herb.
1129 2825 1185 2851 cap.
1199 2823 1239 2850 14.
1374 2815 1481 2849 bentes,
1500 2816 1575 2842 foliis
1588 2821 1675 2843 rutae:
1695 2815 1771 2842 radix
1785 2824 1878 2850 cepae,
1893 2814 1937 2841 sed
1950 2814 2079 2849 amplior:
2097 2823 2180 2849 quare
2200 2815 2309 2850 quidam
2326 2824 2367 2843 ra

306 2869 380 2891 APH
390 2868 462 2889 ROD
472 2868 488 2888 F>
497 2868 510 2888 S
519 2880 527 2892 ‚
545 2868 582 2886 ae·
603 2867 638 2885 m·
660 2854 807 2893 [dQevssd‘ns]
845 2855 956 2890 Papauer
964 2851 1158 2890 spumeum,fiue
1166 2851 1361 2890 filuatt'cum·‘7;
1375 2861 1440 2878 num
1454 2851 1596 2879 filuestrem
1606 2856 1710 2879 vocant.
1747 2852 1820 2878 Intus
1833 2851 1912 2878 habet
1926 2859 2068 2877 mammam
2080 2850 2232 2877 candidam:
2253 2856 2326 2878 extra
2339 2860 2352 2878 c
2376 2845 2395 2882 J
2410 2849 2413 2855 “

269 2899 338 2927 Plin.
353 2906 404 2933 27,
425 2904 452 2924 12
471 2895 573 2930 Peplis,
594 2893 650 2929 (sic
675 2892 757 2920 Hard.
772 2893 806 2918 al.
820 2890 930 2925 Peplos)
950 2898 1030 2925 quani
1049 2887 1134 2923 aliqui
1154 2888 1246 2920 sycen,
1270 2886 1319 2912 alii
1373 2896 1415 2914 ces
1429 2888 1520 2922 nigros
1533 2894 1578 2915 etc.
1732 2884 1754 2924 ff
1775 2896 1788 2913 2
1818 2886 1915 2914 Pallad.
1929 2887 1993 2921 Apr.
2007 2895 2031 2919 3,
2045 2894 2061 2913 2
2076 2887 2142 2922 Apii
2157 2886 2254 2913 radices
2266 2886 2366 2914 videtur

270 2935 425 2966 meconion,
437 2932 486 2959 alii
499 2939 609 2958 mecona
630 2928 747 2965 aphrode
766 2932 877 2959 vocant,
899 2934 931 2952 ex
943 2934 995 2952 vna
1008 2924 1096 2951 radice
1109 2923 1185 2963 tenui
1199 2922 1319 2954 fruticat,
1364 2932 1479 2956 vocare,
1499 2933 1552 2950 cum
1566 2925 1628 2950 enim
1642 2921 1670 2948 de
1676 2923 1805 2959 generibus
1811 2925 1876 2958 Apii
1891 2921 1999 2956 dixi-flet,
2007 2921 2099 2957 Apios,
2106 2924 2197 2958 inquit,
2204 2922 2318 2949 maiores
2325 2922 2351 2950 fa

268 2971 346 2998 foliis
360 2975 434 2997 rutae
441 2967 532 3004 paullo
544 2964 698 3000 latioribus,
715 2963 814 2991 semine
821 2961 868 2988 sub
877 2961 951 2988 foliis
964 2959 1098 2992 rotundo,
1118 2967 1223 2985 minore
1238 2966 1319 2993 quam
1374 2959 1393 2985 fi
1408 2959 1513 2992 semen,
1533 2964 1658 2995 quantum
1673 2957 1760 2992 tribus¹
1774 2958 1866 2993 digitis
1885 2957 2077 2993 comprehendi
2095 2958 2195 2992 potest,
2215 2958 2329 2985 linteolo

270 3006 378 3034 candidi
404 3004 550 3041 papaueris.
597 3000 655 3029 vid.
671 3000 749 3036 Apul.
765 2999 798 3025 de
813 2996 897 3024 Hei-b.
918 3004 955 3029 53.
1374 2995 1437 3021 seris
1457 2996 1576 3029 rariore,
1595 3001 1621 3022 et
1638 2993 1716 3022 breui
1738 2994 1803 3021 fossa
1823 2993 1955 3021 obrueris.
2010 2995 2050 3020 Ita
2069 2993 2192 3020 omnium
2211 2994 2340 3022 seminum

306 3050 351 3070 Ar
360 3050 379 3068 Η
389 3049 408 3069 R
418 3049 437 3069 o
447 3047 466 3067 D
476 3048 485 3067 i
494 3047 507 3067 s
516 3045 580 3066 1Αο
589 3044 606 3065 r.
615 3057 624 3070 ‚
641 3046 677 3064 es.
698 3032 891 3072 [οἴφροδισιακῆ]
914 3033 1019 3058 Gemma.
1048 3031 1114 3058 Plin.
1123 3037 1165 3065 37,
1173 3038 1201 3056 io
1214 3029 1319 3064 Aphro·
1327 3040 1359 3066 80
1373 3040 1435 3057 nien
1455 3031 1547 3066 capitis
1560 3031 1638 3059 vnius
1656 3029 1791 3057 soliditate
1808 3029 1938 3057 nect-etur.
1974 3029 2023 3057 Sed
2034 3029 2093 3056 haec
2104 3029 2139 3055 ad
2153 3037 2175 3057 A
2184 3037 2199 3057 P
2209 3036 2283 3057 1VM
2291 3036 2339 3066 per
2356 3022 2406 3065 '‘ij-31

269 3077 363 3105 difiace
376 3086 408 3104 ex
420 3074 529 3104 candida
543 3074 603 3102 rufa
622 3072 667 3099 cst.
1371 3066 1497 3094 videntur.

309 3120 331 3140 A
343 3120 356 3140 1²
367 3120 386 3139 Η
396 3120 414 3140 R
422 3120 441 3140 ο
450 3120 468 3140 D
478 3120 487 3139 i
497 3118 509 3139 s
520 3119 530 3138 i
539 3117 561 3138 A
569 3117 586 3138 c
595 3116 649 3137 vm
658 3129 667 3141 ‚
692 3108 711 3135 i.
741 3116 768 3134 1ι.
805 3104 1029 3133 Medicamentum
1061 3102 1174 3128 Veneris
1201 3101 1319 3129 oestrum
1409 3109 1430 3129 Α
1440 3110 1455 3129 p
1465 3111 1474 3129 1
1483 3110 1502 3130 R
1511 3100 1531 3130 ὅ
1539 3109 1556 3130 0
1565 3100 1585 3129 Α*
1594 3109 1611 3128 L
1621 3109 1642 3129 v
1651 3108 1664 3129 s
1672 3121 1681 3134 ‚
1701 3100 1720 3128 ῑ,
1747 3110 1785 3128 m,
1823 3101 1836 3135 [
1843 3099 2001 3137 dornfo'maos
2007 3100 2021 3134 ]
2062 3101 2113 3129 Ver
2113 3110 2141 3127 ae
2153 3100 2354 3136 pulchritudinis
2374 3103 2383 3109 γ,
2400 3110 2405 3123 2

271 3148 394 3175 excitans.
1368 3141 1485 3174 peritus,
1503 3141 1558 3165 veri
1570 3138 1628 3164 boni
1638 3135 1733 3175 gustum
1745 3145 1794 3164 non
1806 3136 1906 3169 habens,
1920 3139 2026 3173 ineptus.
2063 3136 2200 3172 Gell.ii‚7
2219 3137 2294 3164 Alter
2309 3135 2371 3172 quo'
2402 3133 2409 3154 -’

312 3190 334 3210 A
343 3190 358 3209 r
368 3190 388 3210 Η
398 3190 417 3210 R
427 3190 445 3210 o
454 3190 473 3210 D
481 3183 493 3210 ῖ
501 3190 522 3210 Τ
531 3189 548 3210 E
556 3203 565 3216 ,
585 3189 628 3214 es,
655 3185 679 3207 et
700 3186 721 3206 A
730 3186 746 3206 1³
754 3184 775 3206 Η
784 3184 803 3205 R
811 3183 830 3204 ο
839 3182 857 3203 D
866 3184 877 3203 1
885 3182 907 3202 T
916 3182 938 3203 Α
948 3194 956 3207 ,
977 3182 1015 3200 ae.
1078 3173 1161 3214 lfenus
1179 3171 1250 3199 dil-‘ta
1269 3170 1303 3205 Ψ
1313 3183 1321 3198 .-
1374 3182 1389 3201 a
1399 3173 1559 3201 leciionIbus
1567 3174 1594 3201 id
1603 3182 1682 3209 genus
1689 3172 1777 3208 paucis
1785 3172 1942 3207 Apirocalus
1951 3192 1958 3204 ,
1978 3172 2006 3198 de
2019 3172 2125 3205 homine,
2134 3175 2176 3208 qui
2182 3172 2331 3209 obstruatum
2364 3192 2373 3200 2

294 3218 341 3244 uod
362 3227 373 3243 e
394 3222 472 3245 maris
487 3219 577 3254 spuma
590 3216 629 3252 fit
650 3222 731 3243 enata.
769 3215 859 3240 Graece
873 3208 1012 3251 Ἀφροδίτη.
1048 3208 1115 3235 Ρ1111.
1131 3210 1176 3241 36,
1194 3216 1206 3241 5
1229 3208 1246 3234 s.
1262 3217 1291 3242 4,
1306 3216 1318 3240 3
1332 3221 1361 3250 83
1374 3212 1523 3246 alterumque
1539 3210 1637 3237 verbum
1644 3212 1771 3245 antiquum
1784 3208 1833 3234 sibi
1848 3209 1934 3235 seruat
1948 3208 1981 3234 ad
1993 3209 2124 3236 orationis
2138 3214 2343 3241 ornamentum,
2361 3223 2364 3229 s

274 3227 364 3280 ilem„
378 3259 450 3279 extra
463 3263 569 3286 muros,
587 3261 655 3288 quac
668 3255 778 3278 vocatur
792 3247 940 3284 Aphrodite
955 3246 976 3271 ἒν
990 3244 1077 3274 κήποις.
1113 3244 1209 3284 Auson.
1231 3244 1319 3278 Eclog.
1373 3248 1511 3281 importune
1523 3249 1613 3273 vritur.
1648 3246 1725 3272 Alias
1737 3243 1891 3280 Apirocalos
1911 3246 1984 3270 etiam
2005 3247 2092 3271 vocari
2104 3242 2201 3280 potest,
2212 3243 2238 3278 st
2256 3246 2321 3280 quis,
2333 3253 2349 3270 υ
2362 3253 2364 3256 ’

275 3297 302 3323 9,
316 3294 330 3319 8
351 3298 375 3324 p.
389 3296 430 3321 553
448 3288 526 3315 Toll.
541 3288 692 3316 Aeneadum
707 3285 822 3323 genitrix
841 3283 934 3311 vicino
946 3289 1044 3308 nomen
1058 3280 1146 3315 Aprili
1159 3280 1209 3306 Dat
1221 3281 1319 3306 Venus.
1375 3281 1507 3316 Agesilaus
1521 3281 1589 3316 apud
1606 3281 1674 3316 Nep.
1688 3285 1717 3314 8,
1737 3287 1751 3314 5
1777 3280 1929 3315 Ignorantia
1944 3279 2076 3307 bonarum
2093 3288 2185 3308 rerum
2203 3283 2232 3306 in
2251 3279 2323 3307 vic‘lu
2335 3277 2360 3318 J
2360 3289 2362 3295 ’

275 3324 313 3352 est
323 3324 407 3352 Marti
420 3332 532 3357 namque
546 3324 693 3358 Aphiodita
706 3330 801 3350 comes.
838 3321 907 3347 Hinc
1374 3319 1439 3343 vilia
1450 3317 1570 3354 negleftis
1583 3315 1775 3344 delicatioribus.
2213 3328 2215 3331 -
2338 3334 2341 3339 .
2352 3326 2354 3329 ν

314 3367 338 3387 A
347 3367 361 3387 1¹
372 3366 391 3386 Η
400 3366 419 3385 iz
430 3364 449 3384 o
458 3365 476 3385 n
486 3366 516 3385 is
526 3366 534 3385 1
545 3366 564 3385 v
573 3367 585 3385 s
595 3379 603 3391 ,
622 3369 653 3391 a,
673 3368 728 3386 um.
779 3354 855 3392 Qcafi
869 3361 896 3381 tu
907 3355 1059 3380 Vener-eum
1072 3351 1158 3383 dicas,
1177 3351 1283 3377 locorum
1297 3357 1321 3376 ct
1411 3351 1433 3379 A
1442 3360 1513 3386 1³18,
1532 3353 1553 3380 is
1563 3374 1571 3386 ‚
1606 3351 1659 3380 vid.
1685 3359 1707 3379 A
1716 3358 1756 3378 rr
1767 3358 1790 3379 s.

275 3395 374 3424 vrbium
396 3393 545 3430 quorundam
565 3403 656 3421 nomen.
728 3390 885 3428 Aphrodisia
905 3396 935 3416 vt
959 3387 1084 3428 Dionysia
1100 3393 1146 3414 etc.
1202 3387 1360 3425 Sollemne90
1410 3390 1513 3422 Aris,
1535 3388 1601 3421 idis,
1629 3388 1671 3414 vel
1692 3387 1723 3414 is.
1757 3386 1864 3421 [Ἅπας]
1899 3387 1951 3423 Qai
1964 3388 2039 3414 ctiam
2051 3382 2135 3413 dsilur
2153 3383 2185 3419 Ψ
2200 3386 2316 3422 Serapis,
2331 3394 2348 3413 a
2394 3392 2400 3398 ⁵

281 3432 395 3458 Veneris.
431 3429 513 3455 Plaut.
526 3429 604 3455 Poen.
619 3437 639 3462 i,
654 3439 674 3462 1,
687 3432 717 3462 63
738 3429 792 3464 Ego
806 3428 834 3454 in
852 3425 942 3453 aedem
957 3426 1068 3451 Veneris
1087 3431 1119 3449 eo
1144 3435 1190 3442 —-
1216 3421 1319 3456 Aphro·
1372 3423 1474 3450 busdam
1490 3424 1581 3451 Osiris.
1626 3422 1763 3458 Augustin.
1785 3422 1817 3449 de
1833 3423 1916 3450 Ciuit.
1930 3422 1982 3449 Dei
2002 3427 2044 3455 18,
2063 3429 2077 3455 5
2102 3423 2156 3448 Rex
2171 3423 2334 3457 Argiuorum
2396 3423 2399 3425 ’

277 3467 342 3493 disia
356 3464 436 3492 hodie
450 3464 517 3490 sunt.
555 3465 585 3490 Er
604 3473 623 3495 i,
639 3473 664 3496 2,
678 3473 710 3499 43
735 3465 815 3492 Diem
832 3461 971 3498 pulchrum
993 3466 1019 3486 ct
1033 3458 1178 3499 celebrem,
1199 3464 1225 3497 et
1237 3465 1320 3484 venu-
1373 3459 1486 3486 nauibus
1501 3459 1665 3487 transueQus
1680 3459 1709 3485 in
1724 3459 1889 3493 Aegyptum,
1908 3467 1990 3494 quum
2011 3457 2052 3484 ibi
2070 3464 2191 3484 mortuus
2209 3458 2310 3491 fuisset,
2327 3457 2347 3484 f·
2395 3458 2404 3484 ,ἲ

278 3502 350 3529 statis
364 3501 486 3536 plenum,
506 3499 623 3533 Dignum
638 3501 737 3527 Veneri
756 3500 817 3535 pol,
837 3498 880 3525 cui
900 3497 959 3524 sunt
972 3494 1128 3530 Aphrodisia
1145 3492 1234 3520 hodle·
1374 3494 1410 3521 est
1423 3496 1525 3530 Serapis
1538 3496 1659 3522 omnium
1671 3495 1801 3521 maximus
1812 3495 2003 3529 Aegyptiorum
2015 3492 2087 3519 dens.
2122 3493 2249 3520 Nominis
2264 3500 2361 3521 autem.v
2392 3496 2399 3505 ‘³

316 3545 338 3565 A
347 3544 362 3564 r
370 3544 389 3564 Η
399 3543 417 3563 R
425 3543 445 3563 o
454 3542 490 3562 ni
501 3542 513 3561 s
524 3542 532 3561 1
544 3541 562 3561 A
572 3542 589 3561 c
599 3541 625 3566 r,
633 3543 670 3560 ac.
683 3535 700 3560 f.
718 3536 828 3562 Gemma
838 3542 870 3561 ex
881 3531 993 3560 candido
1003 3531 1064 3557 rufa
1075 3530 1190 3563 Plin.37‚
1200 3537 1227 3555 10
1248 3529 1266 3555 s.
1276 3536 1316 3564 54.
1374 3530 1415 3556 ius
1423 3551 1430 3562 ‚
1444 3541 1489 3558 cur
1503 3541 1557 3558 non
1572 3531 1635 3566 Apis
1648 3530 1728 3557 etiam
1743 3530 1800 3565 post
1812 3537 1926 3557 mortem
1935 3550 1943 3562 ,
1962 3527 2006 3555 sed
2018 3528 2120 3563 Serapis
2133 3529 2278 3563 appellatus
2289 3528 2327 3561 sit,
2384 3531 2411 3562 Ἀ

315 3569 569 3602 APHR6GALA,ae.
589 3569 608 3596 f.
647 3571 734 3604 spuma
740 3569 824 3598 lastis.
846 3571 963 3597 Latinum
977 3564 1101 3593 auctorem
1120 3564 1226 3591 nondum
1236 3565 1315 3590 habet.
1329 3579 1362 3605 95
1375 3566 1465 3593 limam
1477 3568 1609 3594 rationem
1621 3567 1707 3593 Varro
1719 3565 1846 3593 reddidit.
1883 3566 1954 3599 Quia
1965 3563 2037 3590 enim
2049 3572 2117 3596 arca,
2131 3565 2159 3591 in
2173 3574 2224 3599 qua
2235 3570 2352 3598 niortup}
2384 3574 2386 3576 ¹

315 3614 417 3634 Ari-{R
428 3614 496 3639 οΝ,
516 3605 585 3631 onis.
610 3613 646 3630 m.
682 3606 765 3632 Herba
784 3616 813 3632 ex
831 3604 961 3642 generibus
975 3602 1126 3638 papaueris,
1147 3599 1317 3632 siluestribus,
1373 3602 1462 3635 nitur,
1481 3603 1552 3638 quod
1564 3611 1654 3629 omnes
1667 3602 1720 3628 iam
1734 3601 1920 3637 sarcophagum
1934 3606 2042 3631 vocant,
2061 3600 2125 3635 σορὸς
2143 3600 2242 3627 dicitur
2256 3601 2337 3627 Graec
2366 3623 2367 3626 ,
2386 3601 2411 3630 ῑν..

280 3642 415 3669 heraclion
433 3647 543 3669 vocatur
563 3640 596 3667 ab
614 3639 689 3671 aliis,
708 3640 781 3667 foliis
801 3641 835 3673 (si
855 3640 948 3676 procul
967 3637 1112 3668 intuearis)
1133 3635 1246 3670 speciem
1265 3636 1319 3670 pas·
1373 3637 1414 3663 ibi
1428 3646 1488 3665 eum
1501 3638 1624 3666 venerari
1638 3638 1767 3673 sepultum
1787 3641 1944 3672 coeperunt,
1964 3635 2117 3669 priusquam
2137 3633 2413 3670 1ε11ψ111111ε1115;-,.“ὲ’.“

281 3678 368 3704 serum
389 3676 591 3712 praebentibus,
616 3675 702 3701 radice
721 3676 748 3701 in
767 3677 866 3703 summa
884 3681 969 3703 terrae
987 3679 1062 3706 cute,
1085 3672 1184 3698 semine
1203 3671 1318 3710 spumeo.
1374 3673 1544 3708 exstructum,
1558 3674 1631 3701 velut
1651 3674 1800 3708 Sorosapis,
1818 3671 1860 3699 vel
1880 3671 1943 3697 Sora
1963 3671 1984 3696 is
2004 3670 2109 3704 primo,
2134 3671 2230 3698 deinde
2249 3679 2300 3698 vna
2316 3666 2397 3713 ιιϊ,

280 3713 350 3739 Haec
369 3713 434 3740 Plin.
448 3721 498 3745 20,
518 3721 545 3745 ¹9
569 3712 588 3738 s.
604 3718 647 3745 79.
673 3711 700 3737 A
713 3711 855 3746 Dioscoride
868 3718 972 3738 vocatur
985 3709 1065 3744 μήκων
1079 3705 1201 3743 ἀφρώδης,
1222 3707 1268 3734 hoc
1285 3705 1319 3740 <st
1374 3714 1404 3735 vt
1417 3709 1476 3735 fieri
1494 3710 1593 3742 ass'olet,
1607 3715 1782 3741 commutata,
1796 3706 1897 3741 Serapis
1909 3706 1936 3732 di
1965 3714 1995 3731 us
2010 3705 2057 3732 est.
2091 3721 2137 3726 -—-
2172 3707 2222 3733 Ille
2242 3713 2287 3734 aut

280 3748 405 3783 spumeum
413 3755 538 3783 papauer,
552 3756 586 3781 4,
598 3748 640 3773 62.
656 3779 662 3786 .
1323 3752 1452 3786 100quem
1468 3745 1587 3772 mirabili
1600 3745 1715 3772 vanitate
1726 3744 1833 3777 decepta
1844 3744 1976 3776 Aegyptus
2011 3755 2056 3761 —-
2092 3740 2193 3775 alebat,
2213 3742 2296 3777 quoni

314 3783 635 3822 ⁴APt1RONiTRvM‚
653 3789 674 3808 1.
693 3788 719 3806 n.
753 3776 928 3819 [ἐφρόνιτρον]
964 3780 1053 3817 Spuma
1070 3780 1136 3805 nitri
1151 3775 1204 3818 esi:
1220 3775 1258 3817 ‘de
1272 3785 1319 3812 qua
1374 3781 1427 3806 line
1445 3780 1605 3816 sarcophago
1628 3781 1722 3807 viuum
1740 3776 1949 3809 venerabantur,
1970 3775 2050 3810 Apis,
2069 3785 2124 3804 non
2142 3779 2243 3813 Serapis
2261 3786 2310 3804 voc

283 3818 349 3844 le·
363 3826 385 3848 3¹
395 3837 403 3849 ‚
419 3826 446 3844 10
466 3819 588 3845 Proxima
604 3823 672 3844 aetas
691 3814 859 3842 Medicorum
879 3817 1071 3852 Aphronitrum
1090 3813 1200 3841 tradidit
1219 3821 1247 3839 111
1261 3811 1318 3839 Alia
1374 3815 1430 3842 Cic.
1447 3815 1479 3843 dc
1494 3817 1589 3843 Natur.
1603 3817 1682 3842 Deor.
1697 3823 1717 3847 1,
1729 3819 1760 3844 82
1780 3821 1801 3839 c.
1815 3820 1849 3845 29
1869 3811 1943 3845 Quid
1958 3811 2040 3846 igitur
2053 3814 2139 3839 censes
2152 3815 2162 3839 ἓ
2183 3813 2253 3848 Apin
2265 3812 2295 3840 ill

283 3853 376 3887 colligi
390 3853 418 3878 in
431 3853 558 3886 speluncis
569 3852 685 3880 molibus
698 3850 829 3877 destillans
844 3858 888 3877 etc.
923 3859 947 3878 et
962 3850 1078 3879 Martial.
1091 3858 1136 3883 14,
1150 3854 1178 3882 38
1199 3847 1319 3874 Rusticus
1374 3850 1446 3877 &uni
1466 3852 1657 3887 Aegyptiorum
1680 3849 1796 3880 bouem,
1822 3856 1911 3874 nonne
1931 3847 2009 3874 deum
2027 3848 2116 3875 videri
2137 3848 2271 3884 Aegyptiis
2286 3849 2295 3874 Ξ

283 3898 325 3920 es,
344 3887 425 3927 nescis
438 3887 502 3921 quid
516 3889 617 3915 Graeco
636 3887 745 3914 nomine
764 3885 854 3912 dicar:
890 3887 985 3920 Spuma
998 3895 1082 3914 vocor
1096 3885 1179 3917 nitri,
1200 3884 1275 3911 dicor
1293 3889 1320 3910 et
1375 3887 1466 3913 Amor.
1481 3896 1508 3919 2,
1521 3896 1556 3920 13,
1572 3895 1603 3920 ¹4
1627 3887 1658 3912 Et
1676 3892 1761 3911 comcs
1780 3883 1809 3910 in
1830 3891 1928 3918 pompa
1946 3883 2069 3917 corniger
2084 3884 2149 3919 Apis
2169 3890 2233 3911 erat.
2255 3884 2326 3911 'Luc
2339 3893 2364 3912 ις,
2379 3891 2389 3906 3

283 3924 477 3959 aphronitrum.
513 3923 573 3949 Stat.
587 3923 650 3950 Sim,
665 3932 691 3956 4,
705 3930 731 3956 9,
746 3928 775 3956 37
800 3922 852 3947 Aut
866 3930 943 3956 panes
955 3922 1097 3950 viridantis
1115 3919 1276 3955 aphronitri.
1323 3937 1368 3964 105
1375 3923 1421 3948 160
1439 3923 1471 3949 Et
1485 3923 1556 3950 sacer
1568 3922 1596 3948 in
1609 3921 1708 3948 citici-es
1721 3919 1812 3954 magni
1824 3917 1985 3946 matitabitur
1997 3919 2076 3953 Apis..
2110 3918 2169 3948 Vid.
2181 3919 2248 3946 Plin.
2258 3919 2328 3953 &46
2335 3917 2341 3924 ”
2361 3915 2384 3952 ,ζ
