2474 4182
256 157 333 197 1137
622 144 659 186 C
745 143 782 181 O
867 141 912 181 N

256 237 346 272 ficatio
360 234 515 272 cogeioscitur
528 244 556 260 es:
570 239 592 271 9.
606 235 669 260 item
689 232 797 263 finitur,
816 230 848 256 de
866 228 1025 261 Vsufrue'tu,
1041 230 1071 255 in
1090 224 1304 253 Institutionibus

262 271 405 303 ciuilibus,
422 273 487 297 Item
500 271 592 297 finitur
608 268 785 298 vsusfructus,
804 266 821 292 ii
837 266 947 292 domino
960 264 1128 299 proprietatis
1149 262 1180 289 ab
1201 262 1304 288 vsufru-

262 307 367 334 ctum-io
381 307 488 333 cedatur
502 311 578 335 <nari
594 304 709 330 cedendo
723 311 847 329 extraneo
860 301 929 328 nihil
943 301 1045 335 agitur)
1061 300 1102 325 vel
1116 308 1147 324 ex
1160 298 1304 328 contrarie,

263 343 281 369 si
299 342 509 369 vsufruGtuarius
532 340 719 374 proprietatem
744 339 785 365 rei
803 337 967 372 acqnifierit.
986 345 1053 370 quae
1072 344 1112 361 res
1128 333 1302 360 consolidatio

261 379 416 414 appellatur.

261 417 346 442 ratius
367 413 389 451 9.
412 422 464 439 non
485 412 568 437 solum
589 412 620 437 D.
636 411 668 436 de
686 410 814 436 vsufruc‘i.
835 411 940 436 accresc.
963 410 993 434 Iit
1014 407 1078 440 ipse,
1099 405 1195 440 quibus
1215 404 1303 430 modis

265 453 399 478 amitteret
419 455 477 475 ante
491 447 727 473 consolidationem
737 467 745 478 ,
764 446 858 472 iisdem
874 452 897 471 et
912 453 980 470 nunc
995 442 1118 468 amitttet.

300 489 567 514 CONSOHDJJI'OR,
586 484 650 509 oris.
671 491 706 508 in.
748 483 861 508 venant.
879 483 987 507 l‘ortun.
1003 478 1090 504 Carni.
1107 485 1186 509 1,20.·

299 529 344 549 co
354 528 372 546 N
384 528 395 546 s
405 528 423 544 o
433 525 447 543 i.
460 517 471 544 ι’
485 525 503 544 D
515 526 533 543 v
545 525 556 542 s
566 538 575 550 ,
592 527 623 550 a,
646 527 698 544 uni.
738 517 797 543 Adi.
834 517 934 543 Arnob.
954 514 1029 550 4fi11-
1049 523 1073 547 1>-
1089 522 1127 545 153
1148 511 1303 544 Christianos

523 378 553 402 In
569 374 814 411 aliafigmficatione
826 374 883 409 vjin
897 372 928 405 qsi
944 372 1071 406 leianus
1086 371 1113 396 iii
1128 370 1144 396 l.
1159 370 1229 395 idem
1250 369 1303 395 Ne·
1324 378 1338 404 ς

1732 136 2026 180 CON

1366 231 1429 264 n'are
1446 232 1474 250 in
1488 223 1631 264 faciendis,
1649 234 1678 253 ac
1691 235 1746 253 non
1759 226 1887 253 faciendis
1904 227 2035 261 Qunam.
2050 237 2076 262 2,
2088 239 2130 258 zo.
2196 235 2334 262 'Consonat
2346 246 2371 263 m

1365 260 1440 286 ribus
1460 266 1548 285 oratio
1563 261 1727 289 Pseudoeic.
1742 263 1770 288 in
1783 263 1882 289 Sallust.
1898 272 1916 289 1.
1989 265 2093 299 leian.
2113 268 2142 293 in
2153 267 2170 294 l.
2190 270 2207 295 si
2223 271 2353 304 peculium
2366 247 2401 299 Ιί-

1366 301 1443 329 getur
1464 294 1487 331 §.
1502 296 1548 321 vlt.
1578 296 1609 321 D.
1631 296 1662 322 de
1684 298 1765 330 pecul.
1779 298 1828 333 leg.
1849 299 2000 325 Attilicinus
2017 300 2177 329 existimauit
2194 305 2279 339 legato
2291 315 2345 333 tion
2362 289 2401 334 ce-

1366 331 1429 357 dere
1441 341 1446 356 :
1474 330 1546 370 quod
1559 339 1653 357 verum
1667 332 1715 358 est:
1743 335 1808 373 quia
1821 336 1946 362 consonat
1959 336 2094 370 rescripto.
2392 325 2400 331 ·

1405 372 1421 406 (J
1433 373 1452 392 O
1462 373 1483 392 N
1494 374 1506 392 s
1517 372 1562 392 oN
1574 373 1596 392 Α
1607 372 1628 408 N
1640 374 1662 393 s.
1700 367 1760 394 Adi.
1796 369 1915 405 [εἰὶηχος]
1949 372 2055 398 Vitruu.
2071 380 2093 404 5,
2106 381 2122 404 9
2142 380 2205 400 extr.
2226 376 2401 405 Consonantcs

1366 403 1434 442 loci,
1456 411 1522 436 quos
1537 403 1625 441 Graeci
1640 402 1770 436 appellant
1783 408 1932 439 συγηχῐπας
1967 421 2012 426 ——
2047 408 2076 433 in
2095 408 2191 442 quibus
2211 409 2244 436 ab
2257 411 2318 437 imis
2331 415 2399 441 auxi·

1364 439 1425 464 liata
1442 438 1529 472 (vox)
1542 446 1602 463 cum
1617 445 1783 464 incremento
1798 441 1918 468 scandens
1930 442 2078 476 ingreditur
2089 443 2121 469 ad
2135 452 2211 471 aures
2225 445 2333 473 discreta
2345 457 2400 475 vei·-

1366 473 1463 500 borum
1478 473 1605 499 claritate.
1641 473 1781 500 Probantur
1795 478 1876 511 itaque
1889 479 1936 504 Ioci
1947 479 2137 511 ConsonanteS,
2154 489 2207 505 cum
2219 483 2297 507 vitan
2309 482 2402 511 iubean-

1365 516 1407 536 tur
1427 510 1605 540 Desonante5‚
1628 509 1802 542 Resonantes,
1829 511 2064 541 circumsonantes.

2325 158 2402 199 ¹¹88

2137 515 2193 541 Cic.
2215 516 2243 541 in
2263 518 2349 544 Partit.
2365 527 2399 555 17

261 558 341 589 dicit,
361 557 428 581 Cum
446 554 571 580 omnibus
590 553 740 580 consolidae
759 553 937 587 germanitatis
957 549 1139 576 necessitudine
1159 548 1302 582 copulatos.
1318 556 1348 573 ιο
1365 555 1387 571 t·
1403 554 1415 578 5
1440 547 1526 579 Atque
1547 545 1626 571 etiam
1645 544 1681 570 3st
1698 544 1761 571 hae<
1781 546 1916 573 distitiflio
1928 549 1956 575 in
1969 551 2073 582 verbis,
2093 550 2176 577 altera
2188 559 2295 584 natura,
2312 553 2400 582 113613-

257 597 275 619 i.
285 593 403 629 fratrum
417 597 439 615 et
448 591 563 626 sororum
577 590 736 626 appellatione
750 596 771 615 et
786 587 880 622 (istisin
898 584 1034 613 [Ιείιινιὲἶος.

296 634 313 654 C
325 634 344 653 O
355 634 376 652 N
386 634 397 653 S
407 628 425 652 Ο
435 633 450 651 l.
460 632 478 652 Ο
487 633 505 652 R
514 646 523 657 ‚
538 626 585 652 firi.
621 626 773 660 [παρηγορίαι
781 645 788 656 ,
808 622 1001 660 παραμυθὲομαι
1010 641 1017 652 ,
1036 620 1189 654 ψυχαγωγὲω
1197 640 1204 648 ,
1224 628 1301 650 παρκ-

259 664 359 697 καλέω]
402 661 573 694 Vehementer,
595 668 618 687 et
631 660 773 697 conquifitis
794 662 946 697 argumentis
961 658 1052 693 Jblari.
1108 657 1163 682 Cic.
1184 655 1216 680 de
1238 655 1300 680 Nat.

260 700 338 725 Deor.
354 707 377 727 2,
385 702 418 730 48
442 698 496 723 Hac
510 697 680 723 consolamur
693 696 813 723 afflictos.
909 694 1004 721 Nescia
1016 698 1151 727 gratentur
1166 689 1302 715 consolen-

257 740 336 761 turne
350 740 484 767 parentem
505 733 585 759 Ouid.
602 733 664 759 Met.
681 742 700 764 1,
716 737 770 766 578.

258 769 407 804 abstergere
421 768 542 795 dolorem
562 769 618 795 Cic.
633 769 729 802 Qiint.
746 768 830 794 Fratr.
842 775 866 798 2,
881 772 902 796 8.
1007 766 1105 790 Amore
1120 760 1173 786 fido
1187 758 1300 785 alicuius

257 806 310 833 sese
332 804 417 831 Catul.
432 806 530 838 Argon.
546 805 563 830 s.
580 808 623 837 62,
639 810 689 834 182.
795 801 963 829 Conscientia
976 801 1092 833 optimae
1106 796 1217 826 mentis,
1242 800 1300 820 tum

256 842 338 868 etiam
353 841 523 874 vsurpatione
537 846 563 866 et
575 839 751 866 renouatione
765 838 902 864 doetrinae
916 838 944 864 in
960 836 1030 861 malo
1044 834 1067 859 se
1082 831 1213 857 consolari
1240 830 1297 856 Cic.

257 877 289 903 de
303 877 373 904 Clar.
386 877 460 902 Orat.
475 884 529 908 250.
599 875 725 910 Exemplo
739 875 851 901 alicuius
866 875 890 899 se
920 872 957 898 Id.
978 870 1009 895 de
1031 867 1151 894 Prouinc.
1168 867 1244 893 Cons.
1262 867 1298 892 16.

257 913 358 939 Solatio
372 912 463 946 aliquo
477 913 501 938 se
515 912 601 946 ipsum
620 912 675 938 Cic.
689 910 720 937 de
735 911 841 936 Amicit.
860 918 896 934 10.
968 904 1069 930 Solatio
1089 902 1160 928 malo
1188 902 1225 929 Id.
1241 903 1294 928 Att.
1307 912 1324 930 2

257 959 291 982 4,
311 951 335 974 6.
407 948 455 982 Spe
469 947 539 974 bona
551 947 709 982 posteritatis
724 947 840 980 aliquem
862 940 1030 968 Pseudo-Cic.
1044 938 1139 965 061311.
1178 958 1185 964 .
1223 957 1229 963 .
1269 958 1275 963 .

256 986 311 1011 Cic.
328 993 376 1019 pro
391 984 466 1010 Rosc.
481 984 557 1010 Com.
573 992 604 1016 43
641 983 717 1009 Inani
729 989 754 1007 ct
771 979 844 1006 tenui
857 979 899 1011 spe
914 983 939 1003 te
954 975 1107 1002 consolaris.
1198 973 1296 1000 Verbis

253 1020 361 1047 alterius
374 1020 491 1054 aliquem
511 1019 567 1045 Cic.
584 1020 637 1045 Att.
652 1026 674 1051 5,
691 1026 721 1042 11.
792 1016 839 1040 Per
856 1013 945 1039 literas
960 1012 985 1037 se
1005 1010 1043 1038 Id.
1060 1010 1097 1037 ib.
1113 1018 1150 1041 12,
1166 1017 1199 1041 15.
1255 1010 1295 1036 De

252 1065 283 1083 re
297 1056 386 1090 aliqua
405 1056 460 1082 Cic.
476 1056 528 1081 Ati.
544 1063 604 1086 1,13.
673 1053 711 1078 De
725 1056 811 1076 morte
823 1049 936 1076 alieuius
949 1047 1066 1082 aliquem
1086 1045 1124 1073 Id.
1134 1046 1216 1072 Tusc.
1226 1053 1294 1079 3,71.

254 1092 414 1118 Consolatur
425 1100 468 1117 me
482 1090 543 1116 haec
556 1098 596 1115 res
628 1088 683 1113 Cic.
698 1088 769 1112 Fam.
781 1095 809 1118 4,
824 1094 845 1118 3.
916 1084 1029 1110 Animos
1058 1084 1113 1116 spes
1141 1080 1293 1108 consolatur
1308 1091 1323 1109 2

254 1128 310 1154 Cic.
326 1129 399 1154 Verr.
416 1136 435 1159 i,
452 1132 485 1155 18.
523 1127 525 1132 ‘
556 1123 649 1149 Gloria
677 1122 729 1154 est,
750 1131 818 1156 quae
837 1120 998 1147 breuitatem
1018 1118 1090 1145 vitae
1102 1117 1233 1143 memoria
1248 1125 1294 1151 po-

252 1163 375 1190 steritatis
389 1162 537 1190 consolatur
557 1160 612 1185 Cic.
627 1168 675 1192 pro
690 1158 786 1184 Milon.
796 1162 835 1189 98.
908 1157 993 1182 Cicero
1006 1163 1071 1181 more
1079 1154 1126 1189 suo
1144 1163 1194 1179 rsm
1203 1156 1294 1187 ponit:

252 1209 313 1235 quae
320 1199 409 1234 facit,
429 1203 458 1223 vt
471 1197 564 1230 aliquis
583 1193 745 1230 con-[blandus
766 1193 812 1226 fit.
855 1204 858 1210 s
882 1192 925 1219 Sic
951 1190 1093 1218 Consolari
1127 1188 1295 1215 Deflderium

251 1235 363 1261 alicuius
376 1234 418 1266 spe
431 1230 635 1257 commodorum
667 1230 722 1256 Cic.
738 1230 883 1263 Fam.7,ii.
957 1229 1021 1253 Item
1049 1225 1184 1252 Gratulari
1212 1224 1296 1258 tnagis

251 1270 346 1296 virtuti
361 1268 461 1298 debeo,
481 1276 560 1302 quam
573 1265 703 1292 consolari
716 1265 844 1291 Dolorem
856 1272 947 1289 meum
963 1263 1020 1289 Cic.
1035 1262 1105 1288 Fam.
1115 1266 1171 1293 4‚s.

251 1305 317 1331 ibid.
333 1314 360 1337 4,
375 1306 390 1330 6
411 1304 467 1329 Nec
481 1312 540 1328 eum
556 1302 694 1333 Dolorem,
710 1309 789 1335 quem
804 1309 817 1326 a
827 1299 938 1334 Republ.
949 1298 1041 1332 capio,
1061 1297 1154 1324 domus
1167 1297 1221 1322 iam
1234 1305 1296 1322 con-

250 1340 331 1367 solari
345 1339 444 1374 potest,
462 1348 508 1364 nec
523 1337 696 1364 domesticum
711 1336 877 1371 Respublica.
965 1334 1023 1360 Sen.
1042 1333 1073 1360 de
1094 1334 1135 1359 Ira
1148 1341 1171 1364 3,
1209 1352 1216 1358 .
1253 1353 1260 1359 .

250 1377 315 1403 Non
328 1374 526 1402 consolabimur
539 1381 592 1400 tam
607 1373 681 1400 triste
695 1372 867 1407 Ergastulum.
936 1370 1069 1396 Homines
1083 1369 1111 1395 in
1125 1368 1240 1394 miseriis
1257 1368 1297 1394 so-

249 1412 275 1439 la
308 1412 362 1446 spes
387 1410 519 1437 consolari
537 1409 602 1436 solet
639 1409 696 1435 Cic.
718 1409 746 1435 in
758 1408 836 1434 Catil.
851 1416 879 1440 4,
893 1411 915 1437 8.
987 1405 1176 1432 Humilitatem
1194 1403 1231 1430 Id.
1247 1413 1296 1438 pro

250 1449 345 1481 Quint.
361 1455 402 1482 57.
472 1447 603 1472 Iacentem
638 1444 719 1471 Ouid.
740 1452 771 1470 ex
796 1445 871 1470 Pont.
896 1450 920 1474 3,
936 1450 959 1474 3,
973 1449 1017 1476 77.

248 1484 420 1512 consolantur
431 1481 602 1516 quotidianae
615 1480 797 1507 damnationes
811 1478 985 1505 inimicorum
1006 1477 1062 1503 Cic.
1071 1476 1164 1509 Qiint.
1179 1476 1198 1502 F
1200 1482 1262 1501 ratr.
1271 1484 1298 1507 2,

249 1528 276 1555 7.
347 1518 461 1544 Luctum
493 1517 531 1543 Id.
547 1518 618 1544 Fam.
632 1525 667 1549 4,
681 1518 707 1542 6.
776 1516 870 1542 Otium
903 1512 1084 1548 inquirendo,
1103 1511 1296 1545 scribendoque

249 1555 327 1587 talia,
346 1554 514 1580 consolemur
525 1552 645 1579 nostrum
674 1550 786 1584 Qiin&
801 1560 826 1583 2,
841 1559 877 1581 12,
893 1557 926 1576 12.
1016 1547 1186 1575 Consolando
1207 1547 1296 1573 leuare

250 1591 373 1617 dolorem
391 1589 446 1616 Cic.
461 1589 533 1615 Fam.
547 1591 571 1618 6,
583 1597 610 1621 4.
681 1588 711 1614 In
724 1586 882 1613 consolando
896 1583 1035 1610 detrahere
1054 1583 1118 1610 mali
1137 1583 1296 1617 opinionem

249 1626 381 1657 moerenti
402 1625 439 1651 Id.
454 1624 537 1651 Tusc.
552 1633 574 1656 3,
589 1625 632 1657 76.

248 1663 407 1689 solationem
420 1660 552 1686 coniicere
579 1659 635 1684 Cic.
662 1657 745 1684 Tusc.
760 1666 783 1690 3,
795 1660 840 1692 76.

247 1696 459 1725 accommodatus
478 1694 515 1721 Id.
531 1695 602 1722 Fam.
617 1702 645 1726 5,
661 1695 699 1719 16.

284 1740 300 1760 C
312 1738 331 1759 Ο
341 1740 383 1759 NS
393 1733 436 1758 6L
445 1738 468 1758 A
477 1737 498 1756 N
508 1737 522 1756 S
531 1750 540 1763 ,
558 1729 634 1756 antis.
671 1729 737 1754 Part.
774 1726 1020 1760 [παραμνθὲμενος]
1056 1726 1113 1753 Cic.
1129 1726 1211 1752 Tusc.
1222 1734 1250 1757 3,
1264 1731 1296 1760 75

248 1779 270 1795 c.
285 1777 319 1830 311
350 1769 423 1795 Haec
452 1766 536 1801 igitur
563 1763 651 1792 officia
674 1764 732 1790 sunt
750 1762 955 1789 consolantium.
1026 1761 1116 1788 Verba
1134 1762 1298 1789 consolantia

246 1805 301 1831 Oui
322 1824 328 1830 .
342 1804 428 1831 Met.1
452 1822 459 1834 ‚
512 1812 528 1829 1.

284 1847 300 1867 C
310 1847 329 1866 ο
339 1847 360 1866 Ν
373 1847 386 1866 S
396 1841 416 1866 ὁ
426 1811 443 1864 15
453 1811 562 1870 04,9ῑ11·ε.
597 1837 652 1870 [ποι
667 1834 791 1868 αμυθέω]
827 1831 928 1860 Aeliae.
964 1833 1051 1859 Varro
1064 1831 1170 1866 Oedipo
1183 1830 1297 1862 Thyest.

247 1877 295 1904 Per
308 1875 381 1902 idem
394 1881 497 1910 tempus
511 1872 630 1908 Oedipus
643 1847 756 1898 lichenas
769 1869 830 1896 exul
846 1869 939 1896 venire
946 1868 1084 1894 dicebatur
1092 1887 1101 1900 ‚
1122 1867 1169 1901 qui
1180 1865 1299 1893 consola-

245 1919 288 1940 ret
309 1912 415 1938 Nonius
429 1918 454 1945 7,
468 1917 507 1943 50.
622 1907 716 1943 Paffiue
729 1906 846 1937 Asinius,
867 1904 916 1931 Sed
930 1913 1014 1939 quum
1025 1903 1062 1930 ob
1075 1912 1116 1937 ea,
1130 1911 1198 1937 quae
1212 1903 1297 1937 spera-

245 1957 336 1976 veram
346 1968 353 1979 ,
373 1947 511 1978 dolebam,
533 1943 688 1971 consolabar
704 1942 741 1970 ob
755 1949 871 1977 ea,quae
884 1940 965 1967 timui
985 1939 1056 1966 Gell.
1070 1946 1109 1972 15,
1128 1947 1161 1971 13.
1255 1938 1299 1965 Sic

245 1987 319 2011 etiam
333 1982 469 2017 Augustin.
486 1981 598 2008 Confeff.
611 1982 644 2012 6,
659 1988 679 2012 i,
694 1988 712 2006 i.

283 2026 300 2045 c
310 2026 329 2045 0
340 2025 359 2043 N
368 2026 380 2044 s
389 2025 407 2044 0
417 2025 433 2043 L
442 2025 495 2044 AN
507 2023 526 2044 D
538 2024 558 2043 v
569 2023 582 2043 s
591 2035 600 2048 ‚
625 2024 641 2042 a
650 2035 658 2047 ‚
682 2024 736 2041 um.
773 2012 866 2040 Partic.
886 2013 945 2047 pass.
981 2009 1171 2044 Plancssacch.
1185 2018 1214 2043 4,
1232 2017 1256 2041 3,
1271 2016 1297 2034 12

249 2052 434 2080 Consolandus
450 2053 494 2078 hic
507 2051 576 2078 mihi
589 2051 633 2077 est.
670 2050 743 2086 Conf.
764 2049 820 2076 Cic.
834 2049 906 2075 Fam.
919 2057 942 2082 5,
957 2052 991 2078 18.

287 2095 304 2115 c
316 2095 337 2116 o
348 2094 367 2113 N
379 2095 391 2114 s
402 2094 421 2114 0
431 2094 447 2112 1.
458 2089 540 2114 ᾸΤν
551 2093 580 2116 s,
597 2094 628 2116 a,
649 2094 703 2111 um.
741 2085 834 2111 Pax-tic.
848 2085 906 2118 pais.
942 2083 1037 2110 lustin.
1053 2090 1096 2113 22,
1111 2083 1138 2114 6,
1151 2090 1171 2115 4
1195 2080 1296 2107 Conso-

246 2124 306 2151 latis
320 2123 462 2150 militibus.
498 2120 570 2156 Conf.
586 2119 665 2154 Vulg.
680 2119 737 2145 nex.
753 2127 797 2149 20,
811 2127 845 2143 12.

909 1655 951 1682 Ad
976 1655 1166 1689 consolandum
1183 1655 1296 1681 minime

247 2195 360 2223 omnino
385 2194 430 2220 vix
455 2190 625 2219 consolabilis
649 2189 728 2216 dolor
737 2208 744 2220 ‚
774 2194 847 2214 tanta
869 2187 905 2213 est
927 2192 1049 2211 omnium
1072 2193 1163 2210 rerum
1183 2183 1293 2210 amillio.

246 2230 349 2259 Amne.
373 2229 443 2256 Gell.
458 2230 494 2257 16,
508 2235 536 2259 19
558 2227 673 2252 Carmen
687 2223 848 2251 consolabile
868 2222 939 2248 casus
953 2221 994 2246 sui
1007 2228 1110 2246 canere.
1167 2219 1295 2245 Consola-

246 2266 331 2295 bilior
345 2264 466 2292 Ambros.
478 2264 525 2297 Ep.
540 2267 561 2292 8,
575 2263 641 2292 (61)

283 2310 301 2330 C
310 2308 329 2328 Ο
338 2309 359 2328 N
370 2308 382 2328 S
391 2307 411 2327 O
420 2306 466 2326 LA
475 2306 496 2326 T
507 2305 525 2325 Ο
535 2304 554 2324 R
565 2305 573 2324 1
583 2304 603 2323 V
613 2303 642 2329 S,
669 2304 683 2321 a
692 2315 700 2327 ‚
726 2303 780 2320 um.
817 2292 878 2320 Adi.
917 2288 1110 2325 [παρηγορικδς]
1146 2288 1221 2323 Qcod
1238 2298 1295 2314 con.

260 2340 351 2366 alatur.
388 2336 443 2362 Cic.
459 2336 511 2361 Att.
528 2342 563 2366 13,
576 2341 607 2358 20
627 2333 650 2359 A
664 2331 773 2358 Caesare
787 2329 876 2355 literas
889 2327 979 2362 accepi
992 2324 1190 2352 consolatorias.

284 2375 609 2401 coNsoLAToniss.
645 2367 712 2394 Adu.
749 2365 840 2392 Sidon.
856 2365 902 2399 Ep.
918 2366 944 2395 6,
957 2371 982 2395 9.

288 2415 306 2436 C
317 2416 336 2436 Ο
345 2415 367 2435 Ν
375 2415 388 2434 S
398 2415 417 2434 O
426 2414 442 2434 L
451 2414 473 2433 A
483 2412 505 2433 Τ
516 2413 525 2432 1
535 2412 554 2432 O
562 2425 570 2437 ,
590 2403 659 2430 onis.
696 2403 715 2429 f.
753 2401 917 2436 [vi-amylique,
937 2395 1108 2433 παραμυθεὶαι,
1124 2393 1296 2430 παράκλησις]

697 2437 752 2464 Cic.
766 2438 838 2464 Fam.
851 2445 875 2469 3,
889 2444 902 2462 2
928 2435 960 2460 In
973 2433 1065 2460 multis
1080 2438 1104 2458 et
1119 2430 1200 2457 variis
1213 2429 1297 2455 mole-

248 2443 397 2481 Consolandi
416 2445 483 2469 ratio
502 2442 542 2467 vel
558 2439 641 2467 ac‘hs.

706 2473 769 2500 haec
789 2481 841 2499 vna
858 2470 1007 2498 consolatio
1027 2465 1198 2498 occurrebat,
1224 2464 1296 2500 quod

249 2481 321 2511 stiis,
340 2477 603 2513 cogitationibusque
620 2475 687 2502 meis

250 2524 336 2551 neque
348 2515 399 2542 tibi
413 2514 541 2545 amicior,
557 2520 637 2547 quam
651 2519 701 2545 ego
714 2511 787 2541 suni,
804 2508 946 2543 quisquam
961 2506 1041 2541 poffet
1055 2502 1200 2530 succedere.

248 2552 314 2579 haec
328 2551 418 2578 omnia
432 2558 483 2576 vna
496 2547 644 2575 consolatio
658 2546 694 2573 est
709 2545 765 2572 Cic.
780 2546 832 2571 Att.
848 2552 883 2576 15,
904 2551 913 2569 i
937 2549 980 2578 pr.
1052 2539 1126 2566 Idem
1139 2539 1211 2578 Fani.
1226 2539 1261 2576 6,
1276 2545 1295 2569 4

250 2589 362 2620 Fateor,
386 2595 428 2612 me
450 2584 633 2611 communium
653 2581 785 2609 malorum
811 2579 1022 2606 consolationem
1046 2575 1145 2601 nullam
1168 2581 1294 2599 inuenire

287 2638 332 2643 ——
375 2620 572 2648 Conscientiam
584 2618 671 2645 reeiae
691 2616 838 2644 voluntatis
855 2614 998 2641 maximam
1017 2610 1225 2639 consolationem
1247 2609 1295 2634 effe

248 2667 340 2686 rerum
359 2655 598 2684 incommodarum.
633 2667 678 2673 -
740 2658 822 2679 uanto
841 2652 869 2678 in
884 2650 977 2677 dolore
996 2648 1112 2679 fuerim,
1131 2644 1295 2672 meministi:

249 2702 375 2758 iiiilciiuiini³
382 2726 593 2754 consolationem
611 2732 750 2751 commune
763 2729 850 2750 tecum
862 2722 906 2749 est.
979 2721 1060 2747 Grata
1074 2717 1222 2745 consolatio
1235 2716 1292 2742 Cic.

251 2767 306 2793 Att.
321 2774 342 2798 1,
358 2773 397 2798 14.
468 2761 623 2796 Peruulgata
636 2759 782 2786 consolatio
796 2759 848 2791 est,
865 2764 894 2784 vt
907 2757 1030 2784 homines
1045 2764 1093 2781 nos
1106 2754 1154 2779 ess'e
1166 2752 1295 2778 memine-

250 2802 349 2832 rimus,
367 2808 398 2826 ea
414 2799 471 2833 lege
486 2803 576 2830 natos,
593 2802 622 2823 vt
635 2794 761 2822 omnibus
775 2794 833 2821 telis
846 2794 970 2820 fortunae
988 2790 1120 2827 proposita
1134 2789 1163 2815 sit
1176 2788 1232 2814 vita
1247 2796 1295 2813 no-

250 2838 301 2865 itra
315 2848 320 2863 :
348 2843 435 2870 neque
456 2835 504 2860 effe
518 2831 690 2860 recusandum
699 2851 707 2863 ,
727 2839 781 2865 quo
795 2830 884 2856 minus
898 2838 927 2856 ea
935 2849 944 2862 ,
963 2837 1015 2863 qua
1027 2826 1083 2853 nati
1095 2827 1192 2856 sumne,
1202 2823 1292 2850 condi-

249 2873 325 2900 tione
343 2872 479 2902 viuamus,
496 2877 541 2896 etc.
562 2869 617 2895 Cic.
630 2868 701 2894 Fam.
715 2873 737 2899 5,
755 2874 788 2899 13.
859 2864 993 2891 Adhibere
1013 2862 1095 2890 alicui
1113 2861 1198 2887 literis
1220 2859 1292 2886 Idem
1306 2870 1323 2897 7

250 2908 282 2936 de
299 2908 369 2935 Clar.
384 2907 458 2934 Orat.
473 2914 527 2938 330.
562 2903 629 2931 Add.
643 2904 663 2929 F
665 2912 715 2929 ani.
729 2910 752 2935 5,
767 2903 804 2928 16.
859 2901 941 2934 Egere
955 2899 1136 2926 consolatione
1148 2897 1204 2923 Cic.
1220 2896 1292 2922 Fam.

250 2952 274 2978 ς,
289 2946 326 2971 16.
399 2943 463 2969 Non
480 2946 538 2975 eget
550 2939 732 2966 consolatione
745 2937 845 2972 sapiens
858 2936 932 2962 Idem
945 2935 1029 2962 Tusc.
1043 2944 1065 2967 3,
1078 2942 1122 2968 77.
1185 2930 1294 2958 Habent

251 2978 409 3006 nonnullam
416 2979 444 3004 in
450 2978 475 3004 se
482 2976 692 3003 consolationem
699 2982 810 3009 poenae,
818 2980 884 3007 quae
890 2972 990 2998 virtute
997 2971 1176 3005 suscipiuntur
1183 2966 1293 2993 Pseudo-

251 3016 308 3042 Cic.
330 3020 418 3049 anteq.
432 3014 483 3040 iret
499 3013 529 3039 in
542 3011 604 3038 exii.
618 3019 660 3038 22.
732 3009 828 3036 Lenire
846 3009 871 3034 se
890 3006 1070 3036 consolatione
1088 3005 1146 3031 Cic.
1162 3005 1199 3037 Q
1210 3003 1293 3028 Fratr.

249 3059 279 3084 3,
294 3059 314 3083 5.
368 3050 451 3076 Leuat
467 3048 589 3075 dolorem
609 3045 757 3073 consolatio
776 3045 849 3073 Ideni
864 3044 933 3070 Fam.
950 3049 984 3075 15,
1000 3043 1036 3068 16.

251 3094 278 3118 2,
293 3095 305 3119 3
332 3085 403 3112 Nam
424 3084 489 3120 quid
508 3092 558 3119 ego
576 3083 607 3109 de
626 3082 807 3108 consolatione
827 3080 937 3114 (librum
945 3078 1017 3113 suum
1030 3075 1171 3112 intelligit)
1187 3074 1293 3100 dicam?

252 3129 320 3156 quae
338 3120 405 3147 mihi
418 3120 525 3155 quidem
539 3118 585 3154 ipsi
599 3119 658 3145 sane
673 3117 838 3153 aliquantum
852 3113 975 3142 Medetur
989 3124 995 3139 ι
1014 3113 1122 3138 caeteris
1138 3111 1203 3137 item
1222 3108 1291 3135 mul-

251 3163 309 3183 tum
330 3165 386 3182 cam
402 3157 569 3191 profuturam
583 3160 656 3189 puto.
727 3151 891 3179 Permulcere
911 3150 992 3185 poss'ct
1011 3148 1114 3175 stultam
1133 3145 1293 3173 senectutem

251 3192 392 3227 praeterita
406 3197 473 3218 aetas
491 3191 562 3218 nulla
582 3189 762 3216 consolatione
776 3188 833 3214 Cic.
847 3187 879 3213 de
893 3184 992 3212 Sene&
1007 3194 1035 3219 4.
1105 3182 1232 3209 Sustentat
1251 3189 1293 3207 me

251 3236 304 3254 vna
319 3226 391 3253 Idem
404 3236 451 3261 pro
464 3227 560 3253 Milon.
573 3235 620 3253 101.
672 3224 816 3251 Sustentari
831 3223 887 3250 Cic.
901 3221 934 3248 de
947 3220 1017 3248 Clar.
1031 3220 1105 3246 Orat.
1118 3226 1172 3250 330.
1227 3216 1293 3242 Vin·
1310 3223 1323 3249 g

253 3263 290 3290 cit
309 3271 415 3288 omnem
434 3262 639 3289 consolationem
652 3261 732 3288 dolor
751 3260 809 3287 Cic.
823 3259 876 3285 Ait.
890 3266 926 3290 12,
941 3264 975 3290 15.
1046 3254 1094 3281 Vti
1113 3252 1293 3280 consolatione

251 3299 342 3333 aliqua
355 3297 427 3324 Idem
440 3298 471 3323 de
484 3298 603 3324 Prouinc.
612 3296 719 3324 Consul.
734 3304 767 3329 15.

290 3341 307 3361 c
317 3341 336 3361 o
345 3340 367 3360 N
376 3340 389 3360 s
398 3339 417 3359 o
428 3333 528 3359 ιᾸΜΕ
537 3340 559 3359 N
573 3353 581 3364 ‚
602 3333 662 3359 inis.
699 3341 724 3358 n.
762 3330 838 3358 Idem.
875 3328 989 3356 Hieron.
1003 3326 1081 3362 Epist.
1095 3326 1135 3352 62.

289 3375 306 3396 C
315 3376 335 3396 ο
347 3374 368 3395 Ν
381 3376 394 3395 s
404 3375 423 3395 o
432 3368 533 3394 Li'iTo
542 3375 562 3394 R
573 3387 582 3400 ‚
607 3368 670 3394 oris.
706 3376 742 3394 m.
779 3365 969 3401 [παράκληταη
986 3361 1133 3398 καρήγορος]
1169 3359 1219 3394 Qui
1237 3368 1292 3386 con·
1306 3384 1310 3388 ,

246 3405 357 3443 solatur.
409 3403 466 3430 Cic.
479 3403 563 3430 Tute.
580 3411 607 3434 3,
623 3410 653 3437 73
679 3402 865 3429 Consolatores
879 3401 949 3435 ipsos
969 3397 1108 3430 confiteri,
1132 3397 1158 3422 se
1173 3395 1292 3428 miseros,
1304 3407 1322 3431 9

252 3449 336 3477 quum
350 3439 382 3466 ad
395 3448 439 3466 eos
452 3440 580 3472 impetum
595 3438 669 3464 suuni
690 3438 797 3465 fortuna
809 3435 980 3464 conuenerit.
1052 3433 1126 3460 Idem
1143 3432 1214 3458 Fam.
1230 3432 1256 3461 6,
1275 3439 1293 3463 4

254 3478 298 3504 Me
313 3477 414 3511 ipsum,
434 3474 627 3502 consolatorem
640 3479 733 3506 tuum,
768 3487 814 3493 —
849 3471 1032 3507 longinquitas
1049 3467 1176 3504 temporis
1190 3465 1294 3500 mitiga-

253 3586 371 3619 cogitare.
408 3582 489 3610 Plaut.
508 3579 586 3609 Most.
603 3587 627 3612 3,
648 3587 671 3611 2,
691 3586 721 3613 71
748 3579 803 3612 Qui

255 3687 351 3722 Amph.
368 3697 388 3719 1,
402 3697 422 3720 1,
436 3696 467 3723 72
487 3687 626 3722 Postquam
639 3684 666 3712 id
679 3683 766 3710 aetum
779 3683 830 3715 est,
847 3684 927 3710 tubae
944 3684 1072 3718 vtrinque
1092 3685 1188 3708 canunt
1202 3688 1208 3705 z
1234 3687 1294 3705 con-

255 3513 304 3539 vit.
340 3511 408 3539 Add.
423 3511 483 3538 Sen.
497 3509 529 3536 ad
543 3508 622 3536 Helu.
641 3518 662 3534 c.
676 3517 695 3534 1.

806 3544 822 3605 Ξ
852 3543 932 3571 Stulte
948 3548 973 3568 et
986 3542 1055 3568 velut
1064 3547 1111 3577 per
1119 3539 1242 3575 somnium
1256 3545 1295 3562 ex-

253 3626 309 3645 eam
328 3617 389 3644 tibi.

255 3730 298 3751 tra
314 3724 438 3750 consonat
455 3729 540 3755 terra,
565 3722 708 3749 clamorem
725 3719 851 3753 vtrinque
871 3719 992 3746 efferunt.
1064 3718 1124 3745 Liu.
1138 3718 1177 3749 36,
1190 3724 1222 3748 34
1246 3715 1295 3740 lta-

288 3553 415 3574 00Nso
426 3551 544 3575 MNio,
567 3549 620 3571 are.
655 3543 798 3578 [ἐνειρώπω

290 3658 309 3680 c
319 3659 338 3679 ο
349 3659 369 3678 N
382 3660 394 3680 s
405 3651 423 3679 ὅ
432 3659 455 3680 Ν
465 3659 485 3680 o
498 3672 506 3683 ,
537 3655 590 3678 are.
631 3650 644 3684 [
655 3649 800 3682 συμφωνίαι,
824 3650 929 3682 συνηχὲω
941 3651 953 3682 3
1000 3648 1057 3674 Vna
1069 3646 1168 3683 fimare.
1210 3643 1292 3669 Plaut.

256 3767 308 3794 que
323 3760 448 3785 concursu
463 3758 535 3786 faeie
547 3757 666 3792 vndique
677 3755 706 3782 in
717 3762 825 3786 11111103,
845 3762 936 3780 manus
955 3763 1004 3788 pro
1022 3755 1047 3781 se
1064 3753 1176 3789 quisque
1188 3749 1295 3777 tenden-
1303 3758 1350 3776 100
1359 3754 1455 3789 metati
1468 3771 1477 3784 ,
1501 3753 1614 3788 quadam
1639 3752 1773 3779 hilaritate
1795 3753 1988 3787 compeditum,

1875 3786 2018 3822 Conspergi
2037 3787 2124 3815 farina
2137 3789 2246 3823 dicitur,
2264 3799 2317 3817 cum
2329 3787 2403 3826 inquas
2446 3786 2451 3794 ⁸

255 3801 294 3821 tes
310 3795 468 3821 consonante
484 3794 608 3821 Clamore
627 3791 788 3818 nominatim
801 3789 944 3823 Qintinm
963 3798 1054 3821 orare,
1070 3795 1100 3815 vt
1116 3796 1194 3823 opem
1213 3785 1295 3812 ferret

254 3839 285 3857 ac
300 3831 423 3856 seruaret.
494 3829 590 3864 Virgil.
607 3829 672 3855 Aen.
688 3834 716 3860 5,
730 3830 775 3859 148
798 3825 877 3851 Tum
889 3824 994 3858 plausu,
1013 3825 1175 3858 fremituque
1194 3819 1295 3861 virum,

256 3865 402 3899 studiisque
417 3863 552 3891 fauentum
588 3863 722 3891 Consonat
735 3869 814 3888 omne
828 3860 940 3886 Nemus.
997 3860 1069 3892 Ideo,
1086 3863 1170 3895 inquit
1180 3859 1295 3887 Seruius,

257 3901 391 3928 Consonat
399 3920 407 3932 ,
424 3906 530 3934 propter
542 3899 621 3926 Echo.
670 3897 783 3925 Nostrae
795 3895 867 3922 enim
879 3895 952 3921 vocis
964 3895 1001 3920 est
1013 3895 1124 3922 aemula.
1281 3899 1295 3916 2

842 730 981 758 Consolari
997 729 1113 763 aliquem
1125 746 1132 757 ,
1153 731 1177 750 et
1191 732 1299 749 omnem
1319 732 1344 758 ¹5
1357 722 1456 758 perse,
1470 722 1600 757 Jeclfimul
1611 731 1664 749 cum
1677 724 1909 759 vocaltbusfhnent.

1090 1439 1296 1467 Incommodum
1314 1444 1342 1469 35
1361 1440 1425 1466 tur?

1316 1984 1348 2010 50
1362 1979 1415 2005 tes,
1436 1977 1454 2000 i.
1469 1973 1644 2010 corifhnguinei
1659 1980 1682 2000 ct
1689 1976 1828 2009 propinqui
1841 1973 1924 2000 Ouid.
1942 1974 2019 2008 Epist.
2033 1983 2056 2007 3,
2068 1984 2113 2010 47.

1309 2331 1344 2355 60

1255 2499 1295 2526 Ad
1310 2503 1341 2536 65

378 2692 446 2719 rima
461 2691 505 2717 illa
520 2689 666 2716 consolatio
680 2688 726 2720 esi,
745 2688 837 2714 vidisse
851 2695 910 2719 me,
929 2693 975 2713 etc.
1013 2698 1057 2705 ——
1091 2681 1206 2713 Deinde,
1220 2679 1293 2715 quod
1308 2690 1344 2718 70

1107 3041 1138 3066 Et
1155 3039 1186 3066 de
1199 3038 1292 3064 Diuin.
1308 3047 1341 3073 80

834 3578 857 3605 is
869 3577 1082 3605 eonsomniauiti
1109 3581 1130 3602 'r
1140 3581 1169 3602 R.
1189 3581 1238 3607 egO
1255 3572 1293 3598 di·
1309 3582 1341 3608 95
1359 3576 1449 3603 dantes
1471 3575 1582 3602 floribus
1601 3573 1696 3601 herbas
1715 3574 1819 3600 Lucret.
1833 3583 1863 3606 2,
1881 3583 1918 3607 33.

1359 3612 1383 3639 O
1401 3611 1521 3638 acerbam
1540 3610 1609 3638 inihi
1623 3609 1739 3641 Iudices,
1757 3610 1917 3638 memoriam
1935 3612 2062 3646 temporis
2073 3612 2161 3644 illius,
2182 3619 2208 3639 et
2223 3613 2298 3641 loci:-
2311 3620 2408 3650 qui-1112¹
2447 3637 2457 3647 ,,

1366 582 1440 621 tione
1459 582 1550 620 altera.
1572 615 1577 619 .
1613 580 1735 619 Natura:
1763 588 1792 607 vt
1809 581 1858 607 lint
1876 583 1928 609 alia
1947 586 2166 617 consonantiora,
2192 587 2315 620 grauiora
2356 597 2391 616 erc

1365 617 1471 657 ⁴leian.
1484 616 1548 656 in-l.
1569 615 1754 642 inmutandum
1774 623 1800 643 et
1812 617 1845 643 ad
1858 619 1980 652 pecunias
1999 620 2095 658 §.non
2113 622 2214 655 semper
2240 622 2271 648 D.
2290 607 2400 652 de‘iure:

1363 661 1416 678 iur.
1436 652 1500 677 Non
1513 654 1614 685 temper
1629 657 1716 677 autem
1731 653 1875 679 consonans
1888 654 1934 686 est,
1955 664 2000 689 per
2012 658 2101 684 omnia
2113 658 2210 684 referri
2224 657 2402 688 iusiurandum

1363 687 1439 722 quale
1452 687 1579 712 defertur.

1364 758 1496 792 Qiinctil.
1507 767 1526 790 i,
1543 767 1554 788 ς
1579 758 1632 784 Diu
1648 758 1744 785 deinde
1756 759 1937 793 obseruatum,
1955 771 1989 788 ne
2001 765 2204 791 consonantibus
2218 765 2401 802 adspiraretur,

1364 802 1392 820 vt
1407 795 1435 820 in
1450 793 1555 820 Graccis
1568 800 1593 819 et
1607 794 1741 835 triurnpiS.
1760 831 1765 836 ι
1796 796 1870 822 Idem
1885 805 1905 829 1,
1920 807 1947 831 4,
1961 806 1983 824 11
2017 800 2135 833 Qaeret
2147 801 2228 827 etiam
2269 802 2400 835 quomodo

1364 830 1465 856 duabus
1480 829 1586 856 demum
1603 830 1740 857 vocalibus
1758 840 1786 857 111
1808 832 1900 866 seipsas
1915 834 2030 861 co‘e'undi
2046 841 2140 862 natura
2154 836 2184 862 sit
2238 821 2246 832 ⁷

1362 866 1484 892 nantium
1497 867 1572 892 co'eat
1585 865 1673 898 nulla,
1694 866 1742 892 niti
1757 867 1870 893 alterum
1889 868 2001 903 frangat.
2116 892 2119 895 .

1399 907 1416 928 c
1429 907 1448 928 o
1461 908 1483 927 N
1495 909 1507 941 s
1518 908 1537 928 O
1546 908 1566 941 N
1575 908 1595 927 Α
1607 908 1626 926 N
1640 909 1661 928 'r
1670 909 1686 942 ξ
1697 910 1725 928 R.
1762 903 1880 929 Aduerb.
1918 905 2115 940 Vet.1nterpres
2129 907 2232 934 Irenaei
2246 916 2255 934 1
2274 916 2286 939 3
2307 896 2406 937 Conso*

1360 943 1454 978 nanter
1470 936 1574 971 aliquid
1593 937 1753 971 praedicare.
2258 928 2266 940 ²

1358 982 1477 1000 moniam
1492 973 1643 1008 compotita.
2414 991 2415 995 ¹

1375 1045 1380 1050 ι
1396 1015 1413 1048 c:
1425 1016 1444 1036 0
1454 1015 1476 1034 N
1486 1016 1498 1035 s
1509 1015 1527 1034 o
1538 1016 1559 1035 N
1569 1016 1590 1035 A
1601 1015 1625 1048 N
1637 1015 1658 1036 'r
1668 1017 1676 1037 1
1687 1016 1708 1035 A
1719 1030 1727 1042 ,
1740 1018 1796 1050 με..
1815 1010 1834 1036 f.
1871 1010 2038 1046 [συμφωνία]
2080 1013 2170 1040 Vocum
2187 1013 2327 1042 concordia.
2355 1016 2402 1045 Rel-

1358 1050 1460 1086 cipiunt
1474 1045 1672 1084 consonantiam
1685 1054 1758 1072 vocis
1774 1046 1924 1074 citharoedi
1938 1048 2047 1074 Vitruu.
2061 1056 2083 1082 5,
2099 1058 2121 1082 5.
2158 1050 2232 1086 Conf.
2248 1050 2360 1080 Hieron.
2371 1051 2403 1081 de

1326 1090 1339 1116 ς
1356 1080 1557 1120 Μ3111101111).“16
1576 1087 1600 1106 et
1617 1089 1654 1106 22.
2194 1090 2198 1091 ⁷

1394 1123 1411 1143 C
1423 1122 1442 1142 O
1455 1123 1476 1142 N
1487 1124 1499 1142 S
1510 1124 1530 1142 0
1541 1122 1591 1156 NV
1600 1123 1613 1143 S
1623 1136 1631 1147 ,
1651 1125 1680 1147 a,
1707 1125 1761 1143 um.
1786 1117 1847 1144 Adi.
1884 1117 2045 1158 [σῦμφωνος,
2062 1118 2175 1154 εὔλογος]
2217 1122 2251 1148 Vt
2260 1141 2268 1153 ,
2294 1121 2402 1158 PlangOt

1359 1153 1488 1193 consonus
1510 1151 1591 1178 Ouid.
1605 1152 1670 1178 Met.
1686 1161 1726 1192 13,
1746 1155 1803 1179 610.
1875 1154 1921 1180 Sil.
1940 1162 1985 1189 17,
2003 1161 2056 1188 448
2081 1158 2280 1192 Armorumque
2301 1157 2409 1187 habitum

1359 1194 1434 1221 noti,
1454 1194 1479 1214 et
1498 1196 1552 1214 vox
1573 1188 1686 1214 consona
1705 1188 1820 1228 linguae.
2020 1190 2041 1228 fl
2068 1200 2084 1218 2
2120 1193 2288 1225 Conueniens,
2312 1188 2411 1223 decens-‘¹

1365 1225 1417 1256 Vt,
1437 1223 1525 1251 Credo
1538 1223 1673 1250 Platonem
1687 1233 1733 1250 Vix
1748 1225 1843 1258 putasse
1856 1225 1916 1251 satis
1936 1227 2081 1254 consonum
2093 1227 2153 1255 fore
2162 1249 2170 1261 ‚
2190 1228 2208 1255 fi
2222 1229 2360 1258 hominem
2375 1229 2404 1259 id

1328 913 1345 930 0

1825 940 1933 966 Vitruu.
1948 943 1980 973 6,
2000 950 2010 967 1
2042 942 2276 970 Consonantissime
2297 943 2329 970 ad
2347 945 2402 974 har.

1218 1260 1293 1286 Idem
1309 1269 1342 1293 30
1359 1261 1451 1286 aetatis
1463 1261 1492 1286 in
1505 1266 1558 1286 tam
1572 1260 1653 1294 longo
1666 1261 1786 1286 sermone
1803 1260 1903 1287 diutius
1916 1261 2062 1290 retinuisset
2081 1264 2137 1290 Cic.
2151 1265 2204 1291 Att.
2217 1274 2247 1298 4,
2262 1267 2300 1292 16.

1396 1303 1412 1323 c
1422 1303 1441 1322 o
1452 1302 1474 1321 N
1486 1302 1498 1321 s
1508 1294 1527 1335 t}
1536 1302 1556 1321 N
1565 1302 1597 1322 E.
1632 1295 1701 1322 Adu.
1737 1296 1814 1331 Apul.
1829 1298 1894 1323 Met.
1908 1304 1917 1323 1
1944 1306 1968 1332 p.
1984 1300 2037 1324 106.

1396 1338 1442 1358 co
1454 1338 1476 1357 N
1487 1338 1615 1372 sorio,
1632 1332 1688 1364 ini,
1708 1334 1792 1364 itum,
1818 1335 1866 1359 ire.
1906 1333 2107 1368 [κατακοιμάω]
2143 1333 2185 1368 Est
2202 1335 2316 1372 somnum
2333 1336 2402 1364 indu·

1361 1377 1423 1394 cere.
1459 1368 1516 1394 Cic.
1540 1367 1623 1394 Tusc.
1650 1376 1670 1400 1,
1684 1376 1718 1400 92
1740 1377 1761 1394 c.
1776 1372 1803 1400 38
1836 1369 1910 1395 Num
1926 1369 2010 1403 igitur
2021 1379 2083 1396 eum
2096 1379 2189 1398 curare
2204 1373 2304 1405 censes,
2321 1381 2402 1408 quum

1359 1403 1436 1430 Luna
1447 1403 1564 1444 laboret,
1582 1412 1599 1430 a
1610 1412 1662 1444 qua
1674 1404 1824 1438 consopitus
1837 1410 1960 1438 putatur,
1974 1411 2003 1432 vt
2015 1414 2076 1432 euin
2088 1405 2268 1434 dormientem
2279 1408 2403 1436 osculare-

1410 1475 1414 1479 Ι
1494 1438 1568 1480 Qiid
1582 1440 1694 1471 melius,
1713 1448 1793 1473 quam
1807 1440 1835 1466 in
1851 1439 1947 1466 mediis
1961 1442 2031 1468 vitae
2048 1442 2186 1469 laboribus
2199 1443 2393 1472 obdormiscere

1360 1481 1386 1501 et
1407 1481 1444 1501 ita
1463 1482 1650 1501 conniuentem
1670 1476 1762 1502 somno
1783 1476 1918 1510 consopiri
1943 1477 2104 1511 sempiterno
2125 1479 2180 1505 Cic.
2195 1479 2225 1505 T
2227 1480 2279 1506 usc-
2296 1487 2305 1506 1
2325 1464 2405 1514 (2495

1360 1512 1466 1551 Lucret.
1488 1513 1520 1543 6,
1539 1519 1585 1551 791
1616 1510 1842 1546 Nomii-numque
1860 1520 1950 1538 recens
1969 1513 2117 1540 extinctum
2135 1514 2226 1541 lumen
2268 1515 2317 1542 vbi
2334 1524 2401 1544 atre·

1361 1546 1466 1573 Nidore
1477 1546 1589 1572 offendit
1602 1555 1677 1572 nares
1685 1566 1693 1578 ‚
1713 1548 1833 1581 consopit
1845 1546 1955 1581 ibidem.
2234 1535 2243 1548 ⁹

1398 1588 1415 1608 c
1428 1588 1446 1608 o
1456 1589 1477 1608 N
1487 1589 1498 1608 s
1509 1590 1528 1610 o
1538 1590 1552 1608 P
1563 1583 1636 1609 iTv
1646 1590 1658 1608 s
1668 1602 1676 1614 ‚
1697 1590 1728 1614 a,
1748 1591 1804 1609 uin.
1839 1584 1934 1610 Partic.
1971 1583 2027 1611 Cic.
2040 1584 2073 1610 de
2081 1585 2144 1612 Diu.
2158 1594 2175 1612 2
2199 1595 2221 1613 c.
2235 1588 2271 1613 66
2295 1586 2400 1615 Alexan-

705 1623 808 1649 Genera
821 1619 976 1648 consolandi
989 1620 1082 1646 omnia
1096 1619 1124 1645 in
1141 1628 1219 1645 vnam
1233 1628 1294 1645 con·
1304 1626 1341 1651 40
1357 1617 1403 1644 der
1416 1618 1510 1644 somno
1524 1618 1683 1653 consopitus.

1395 1660 1412 1681 C
1422 1661 1441 1681 Ο
1451 1661 1472 1680 Ν
1483 1661 1496 1680 S
1509 1659 1528 1680 0
1540 1661 1558 1680 R
1567 1662 1580 1681 S
1594 1674 1604 1687 ‚
1629 1654 1704 1680 ortis.
1740 1653 1801 1680 Adi.
1840 1653 1970 1687 [miiaiin
1989 1654 2127 1690 ἇμότιμος]
2163 1658 2304 1685 Consortes
2320 1657 2401 1685 dicun.

1359 1695 1418 1722 tur,
1438 1689 1518 1715 eadem
1537 1687 1570 1722 gli
1581 1699 1591 1718 ;
1615 1696 1638 1716 et
1652 1699 1705 1716 cum
1720 1688 1780 1716 Sors
1793 1690 1917 1717 interdum
1932 1691 2116 1724 Hereditatem,
2130 1692 2155 1727 s.
2171 1689 2347 1720 Patm'moiiium
2360 1703 2402 1721 no-

1360 1731 1406 1756 tet,
1427 1725 1568 1750 Consortes
1576 1724 1788 1764 fimtfoheredes.
1823 1725 1879 1752 Cic.
1887 1727 1962 1752 Verr.
1974 1735 1998 1760 3,
2012 1734 2042 1761 57
2065 1727 2194 1755 Sostratus
2206 1736 2231 1756 et
2246 1730 2391 1757 Numenius

1362 1766 1388 1786 et
1402 1759 1612 1794 Nymphodorus
1628 1760 1745 1786 eiusdem
1760 1760 1891 1793 ciuitatis,
1907 1771 1990 1796 quum
2004 1771 2035 1788 ex
2047 1764 2116 1797 agris
2130 1770 2182 1791 tres
2194 1765 2288 1792 fratres
2301 1749 2404 1792 consort

1312 1798 1345 1824 45
1364 1802 1401 1822 tes
1414 1796 1596 1830 profugissent,
1610 1795 1682 1830 quod
1696 1796 1728 1821 iis
1741 1796 1798 1830 plus
1812 1797 1941 1824 frumenti
1954 1798 2143 1832 imperabatur,
2157 1807 2202 1827 etc.
2229 1804 2247 1827 i.
2261 1805 2305 1838 qui
2317 1810 2404 1837 agrum

1361 1831 1540 1873 hereditarium
1552 1831 1687 1873 indiutsssqtcm
1702 1831 2123 1874 pqffiderit,-Vet.Gloss'.noivbssloi,
2142 1835 2280 1872 σύγκληρυι.
2335 1838 2402 1864 Haec

1356 1873 1504 1906 proprietas
1516 1878 1523 1891 .·
1542 1867 1591 1902 fid
1601 1867 1679 1893 lanus
1688 1873 1776 1902 patet,
1792 1874 1814 1893 et
1833 1867 1896 1893 idem
1909 1867 1969 1904 fere
1983 1867 2031 1900 est,
2050 1869 2115 1904 quod
2126 1871 2227 1898 Partice
2244 1882 2265 1899 s.
2336 1872 2403 1900 Plin-

1362 1902 1442 1936 Epist.
1456 1907 1480 1934 8,
1495 1911 1525 1936 14
1550 1901 1614 1928 Inde
1625 1901 1740 1928 honores
1754 1903 1880 1936 petituri,
1900 1903 2043 1930 assistebant
2060 1906 2148 1932 curiae
2163 1879 2285 1940 foriens,
2303 1914 2329 1934 et
2342 1917 2406 1935 con-

1362 1937 1415 1964 filii
1428 1938 1530 1973 publici
1544 1938 1703 1972 spectatores
1716 1944 1775 1964 ante
1788 1947 1868 1972 quam
1883 1940 2014 1965 consortes
2026 1947 2109 1967 erant.
2172 1942 2283 1969 Generis
2299 1945 2406 1971 consor-

1362 2011 1388 2036 H
1587 2010 1591 2014 .
1830 2010 1835 2014 .
1961 2011 1965 2015 η
2165 1977 2256 2005 Claud.
2275 1979 2305 2005 in
2318 1979 2402 2014 Nupt.
2420 1974 2425 1981 ⁷

1391 2019 1435 2050 on.
1451 2017 1504 2050 2377
1529 2010 1553 2036 Ο
1566 2010 1648 2044 digno
1663 2008 1791 2049 nefitenda
1808 2018 1884 2041 vtro,
1901 2014 2021 2045 tantique
2035 2020 2081 2044 per
2092 2010 2187 2039 orbem
2223 2015 2336 2041 Consors
2351 2016 2404 2041 Im-

1361 2053 1430 2080 perii
1437 2066 1446 2078 ,
1459 2054 1512 2071 iam
1526 2051 1552 2072 te
1564 2044 1738 2072 venerabitur
1750 2045 1822 2072 Ister.

1361 2091 1412 2116 que
1424 2081 1497 2116 quod
1512 2090 1582 2114 non,
1601 2087 1630 2108 vt
1643 2081 1764 2115 plerique
1777 2080 1913 2116 putabant,
1926 2081 2124 2114 aduersarium,
2139 2088 2183 2109 aut
2196 2083 2403 2114 obtrefi'tatorem

285 2165 362 2187 ΕΘΝ
374 2165 439 2185 SOL
450 2164 470 2183 Α
481 2163 497 2183 Β
508 2163 601 2187 ηις,
622 2163 645 2181 e,
682 2153 743 2181 Adi·
778 2150 980 2188 [παρηγορητός]
995 2185 1000 2189 .
1017 2151 1072 2176 εἰς.
1085 2151 1158 2176 Fam.
1170 2160 1198 2183 4,
1212 2159 1234 2188 3-
1254 2150 1295 2175 Est
1313 2158 1342 2183 55
1360 2117 1622 2178 iziliiisigrrrgnmearum,
1641 2116 1685 2143 sed
1706 2117 1808 2144 socium
1827 2123 1916 2152 potius
1934 2123 1961 2144 et
1979 2117 2128 2144 consortem
2148 2118 2257 2153 gloriosi
2278 2119 2404 2155 Laboris,
2450 2124 2452 2146 ἵ

1359 2222 1445 2261 Vnius
1459 2221 1509 2247 Dei
1523 2222 1638 2255 parentis
1649 2230 1756 2254 omnes,
1769 2228 1798 2249 vt
1810 2224 1943 2250 consortes
1956 2223 2030 2256 fidei,
2045 2231 2074 2252 vt
2086 2226 2141 2260 spei
2154 2226 2296 2254 coheredes
2303 2227 2360 2255 Min
2387 2223 2395 2233 ’Δ

1359 2257 1433 2283 Felix
1453 2265 1474 2283 c.
1488 2265 1523 2289 31·
1579 2257 1647 2284 Add.
1670 2262 1915 2291 commaritus,
1941 2262 1971 2285 it.
1986 2259 2104 2287 Tertull.
2120 2261 2152 2287 de
2170 2262 2278 2290 Resurr.
2290 2271 2334 2291 car
2352 2258 2375 2280 Ψ

1359 2293 1474 2319 Consors
1490 2298 1515 2318 et
1530 2292 1638 2321 coheres
1653 2293 1756 2320 animae
1770 2303 1840 2320 caro.
1895 2295 2014 2329 Operum
2027 2295 2204 2325 Ouid.Fast.1
2228 2301 2278 2334 67·

1360 2328 1483 2354 culorum
1507 2328 1573 2355 Plin.
1593 2329 1621 2355 in
1642 2329 1734 2370 Paneg.
1753 2332 1797 2356 6ο.
1876 2330 1936 2357 Sen.
1956 2332 2048 2365 Agam.
2073 2341 2099 2359 v.
2119 2338 2179 2367 978.
2207 2318 2217 2331 ’
2249 2315 2406 2385 Siiidioffifilr

1360 2363 1417 2402 Seii.
1436 2364 1481 2397 Ep.
1504 2371 1530 2404 7.
1583 2364 1725 2404 Consortia
1737 2364 1826 2404 jueta
1839 2366 1922 2393 Vrbis
1938 2366 2036 2394 liabent
2049 2376 2109 2403 apes
2123 2369 2302 2405 Virg.Georg.
2313 2381 2331 2406 4
2354 2364 2398 2404 133}

1361 2398 1417 2424 Cic.
1431 2406 1479 2431 pro
1493 2399 1552 2424 Mil.
1566 2408 1607 2431 103
1630 2399 1706 2440 *Qud
1724 2398 1776 2426 nb‘i
1798 2403 1837 2435 Q
1852 2402 1950 2435 frater,
1970 2404 2018 2437 qui
2035 2413 2104 2430 nunc
2123 2404 2200 2437 abes,
2217 2391 2401 2434 consorti’me}

1360 2441 1422 2459 cum
1436 2433 1608 2472 Temporum
1628 2435 1758 2462 illorum?
1787 2438 1835 2462 int.
1854 2437 2030 2471 respondebo.
2101 2440 2183 2466 Ouid.
2197 2442 2254 2468 Met
2287 2451 2315 2469 10
2347 2441 2399 2475 24'6

1361 2467 1491 2508 Thalami
1504 2469 1625 2508 consorte
1640 2471 1757 2509 carebat,
1781 2474 1798 2497 i.
1813 2480 1897 2498 uxore.
1969 2473 2110 2500 Vitiorum
2125 2475 2195 2501 Vell.
2207 2485 2223 2502 2
2238 2462 2274 2512 724
2299 2487 2312 2504 2
2322 2462 2331 2476 ²
2369 2475 2401 2503 11⁴1

1360 2504 1441 2545 lucris
1455 2509 1533 2538 atque
1546 2504 1626 2530 furtis
1644 2504 1701 2531 Cic.
1727 2505 1790 2531 Diu.
1819 2507 1896 2533 Verr.
1929 2513 1967 2539 135
1988 2517 2009 2534 c.
2023 2510 2066 2534 66.
2138 2496 2231 2536 Acciri}
2254 2497 2402 2540 co’nsortem

1360 2539 1405 2566 Sil.
1421 2545 1442 2570 8,
1457 2547 1512 2582 337.
1559 2577 1563 2581 μ
1584 2540 1702 2574 Propert.
1718 2547 1740 2573 1,
1752 2548 1788 2572 21,
1802 2548 1813 2566 1
1838 2541 1888 2567 Tu
1908 2543 1956 2576 qui
1975 2543 2126 2571 consortem
2145 2553 2270 2580 properas
2290 2548 2403 2576 euadere

1358 2577 1460 2607 casum,
1478 2585 1496 2601 1.
1501 2574 1618 2609 similem.

1395 2617 1413 2638 c
1425 2618 1473 2652 015
1483 2617 1682 2644 sowi-ivm,
1700 2611 1719 2638 i.
1755 2620 1782 2638 n.
1819 2611 1971 2647 [namnida]
2008 2612 2125 2640 Societas.
2161 2615 2254 2651 Cels-1
2277 2624 2312 2652 27
2332 2619 2403 2646 Cum

1358 2656 1392 2674 eo
1411 2656 1444 2674 ne
1465 2655 1618 2682 ignoremus
1636 2654 1698 2674 orto
1715 2648 1745 2674 in
1764 2646 1848 2674 vefica
1866 2656 1977 2681 cancro,
1995 2647 2064 2675 affici
2083 2637 2263 2684 stomachum:
2281 2653 2326 2679 cui
2344 2662 2404 2683 cuin

1359 2683 1450 2723 vesica·
1466 2682 1600 2718 quoddam
1623 2683 1786 2710 consortium
1808 2683 1862 2716 est,
1892 2686 1910 2710 i.
1930 2693 2002 2719 quam
2021 2685 2111 2711 Graeci
2129 2684 2232 2719 dicunt,
2250 2688 2402 2723 Sympathiae.

1359 2719 1421 2754 le.
1442 2727 1471 2746 m
1492 2719 1510 2745 l.
1530 2728 1589 2745 cum
1602 2718 1714 2759 'duobus
1741 2717 1765 2756 §.
1784 2718 1861 2758 ⁴idem
1881 2720 2038 2754 Papinianus
2063 2721 2095 2747 D.
2114 2730 2164 2755 pro
2183 2722 2272 2756 socio,
2293 2724 2320 2751 Si
2332 2724 2402 2754 inter

1358 2755 1453 2781 fratres
1467 2754 1656 2795 ,voluntarium
1674 2755 1838 2781 consortium
1859 2755 1959 2782 Initum
1978 2756 2078 2788 fuerit,
2098 2764 2145 2783 etc.
2217 2758 2312 2786 Omnis
2331 2761 2399 2788 vitae

1358 2792 1521 2817 consortium
1540 2790 1557 2816 1.
1580 2799 1590 2817 1
1620 2791 1653 2817 D.
1680 2790 1712 2817 de
1729 2790 1784 2817 ritu
1805 2797 1879 2825 nupt.
1962 2792 2090 2826 Herniog.
2112 2792 2141 2819 in
2166 2793 2184 2820 1.
2205 2795 2309 2822 amissae
2326 2796 2398 2824 naui:

1359 2827 1392 2853 D.
1410 2826 1443 2853 ad
1462 2826 1546 2860 legem
1567 2825 1701 2853 Rhodiam
1718 2826 1750 2853 de
1768 2826 1858 2858 laon,
1885 2827 1998 2854 Amissae
2015 2828 2093 2854 nauis
2110 2828 2235 2856 damnum
2253 2830 2399 2860 collationi·

1356 2898 1525 2925 berauerunt.

1393 2940 1544 2961 CONsoit
1555 2939 1641 2966 Tio,
1660 2933 1729 2960 onis.
1764 2933 1785 2960 f.
1823 2932 1899 2960 idem.
1936 2933 1996 2961 Liu.
2010 2935 2037 2966 6,
2051 2943 2088 2968 40
2113 2936 2250 2969 Quaenam
2261 2937 2310 2965 issa
2322 2937 2401 2966 socie-

1357 2971 1412 2996 tas?
1440 2978 1569 3005 quaenam
1584 2969 1719 3009 consortio
1731 2968 1767 2995 est
1781 2969 1791 2995 3
1845 2969 1900 2995 Cic.
1915 2969 1967 2997 Off.
1981 2979 2005 3002 3,
2017 2971 2052 2996 26
2071 2980 2092 2997 c.
2107 2973 2124 2997 6
2142 2972 2304 3001 Diffoiuemr
2315 2974 2402 3002 ominis

1357 3005 1472 3046 humana
1490 3005 1633 3031 consortio.
1705 3004 1792 3031 Valer.
1804 3004 1915 3031 Maxim.
1930 3014 1958 3038 4,
1977 3008 1994 3031 6
2020 3005 2053 3032 de
2069 3007 2107 3033 M.
2124 3007 2227 3035 Plautio
2263 3009 2323 3038 Fati
2340 3018 2418 3038 com·-

1357 3042 1491 3082 sortione‚
1510 3044 1529 3068 ι’.
1543 3043 1640 3080 mortis.
1676 3041 1755 3068 Simul
1773 3043 1837 3066 enim
1851 3043 1943 3067 mortui
1952 3040 2016 3077 sunt
2030 3042 2146 3069 Plautius
2158 3050 2182 3069 et
2195 3029 2312 3078 Orsssh‘lla
2329 3031 2415 3075 vxor-'l‘

1357 3077 1417 3103 Liu.
1430 3085 1488 3118 ·4o,
1508 3082 1522 3106 8
1554 3075 1673 3117 Meliora.
1687 3084 1796 3111 quoque
1815 3075 1932 3111 exempla
1950 3082 2023 3112 parte
2041 3077 2123 3105 altera
2142 3080 2228 3113 posui,
2247 3076 2415 3112 sociabilem*⁸

1356 3113 1552 3139 consortionem
1565 3118 1636 3139 inter
1648 3111 1726 3138 binos
1738 3111 2009 3139 Lacedaemoniorum
2021 3121 2095 3147 reges
2107 3114 2246 3142 salutarem
2259 3126 2307 3151 per
2317 3111 2372 3144 miii

1357 3148 1457 3189 saecula
1474 3147 1545 3182 ipsis,
1553 3147 1714 3182 patriaeque.
1786 3147 1941 3182 Papinianus
1964 3148 1982 3174 l.
1996 3150 2031 3181 96
2055 3147 2078 3186 §.
2093 3158 2106 3182 3
2131 3150 2163 3176 D.
2183 3150 2215 3177 de
2235 3152 2314 3179 solut.
2340 3148 2396 3180 Νι(
2408 3163 2417 3180 v·
2432 3145 2436 3174 l

1357 3193 1387 3211 in
1407 3183 1522 3225 arbitrio
1540 3183 1603 3224 'eius
1625 3182 1722 3210 eleffio
1744 3183 1814 3214 erit,
1834 3192 1918 3218 quum
1935 3183 2042 3211 debitor
2063 3185 2178 3220 pretium
2199 3187 2319 3222 pignoris
2339 3182 2416 3216 con-⁴2¹.-

1326 3226 1339 3252 5
1355 3221 1471 3282 {omont
1488 3218 1632 3246 subiecerit
1646 3230 1653 3245 :
1679 3222 1698 3246 i.
1704 3219 1845 3256 promiscue
1858 3222 1958 3256 vtrique
1973 3219 2053 3246 debito
2061 3222 2310 3258 pigiiussubiecerit.
2343 3214 2414 3267 Ho-if

1367 3264 1485 3283 omanus.
2381 3268 2405 3281 ⁴¹«

1395 3297 1413 3318 c
1424 3298 1443 3318 0
1451 3299 1472 3318 Ν
1481 3298 1494 3318 s
1504 3297 1523 3318 o
1531 3297 1551 3317 R
1559 3296 1581 3316 'r
1589 3298 1611 3317 A
1620 3296 1636 3316 1.
1645 3297 1655 3316 1
1665 3297 1677 3317 s
1686 3309 1695 3322 ,
1715 3299 1737 3317 e.
1776 3288 1836 3316 Adi.
1873 3290 1970 3318 Lineae
1984 3291 2103 3318 Frontin.
2116 3291 2148 3318 de
2156 3293 2215 3320 Col.
2229 3293 2258 3320 in
2268 3294 2315 3322 Sic.
2330 3303 2354 3330 p.
2361 3285 2417 3338 'mi

1355 3335 1416 3363 quae
1426 3334 1530 3362 paries,
1543 3326 1568 3362 s.
1579 3329 1708 3361 portlones
1721 3328 1796 3352 vuius
1803 3324 1900 3361 streis,
1919 3329 1937 3352 i.
1947 3325 2030 3362 fundi
2042 3327 2191 3355 hereditarii
2204 3329 2327 3357 druidum.
2396 3335 2397 3338 ’

1395 3367 1414 3388 c
1424 3369 1443 3389 o
1455 3369 1477 3388 N
1487 3370 1500 3389 s
1508 3369 1523 3389 Ρ
1532 3369 1554 3389 Α
1566 3368 1588 3388 Τ
1598 3369 1606 3388 1
1617 3368 1636 3388 0
1646 3368 1663 3387 a
1671 3381 1680 3394 ,
1697 3361 1746 3388 ari.
1782 3362 1838 3389 Vna
1849 3361 2008 3389 inambulare.
2044 3362 2130 3390 Video
2141 3365 2293 3393 meretrices
2304 3364 2415 3399 furtim

1324 3408 1342 3425 0
1354 3399 1544 3433 conspatiantes
1559 3398 1662 3423 Petron.
1683 3406 1705 3423 c.
1723 3404 1749 3431 7.
1952 3396 1956 3402 ’
2400 3399 2418 3421 ι’.

1393 3441 1437 3461 co
1447 3440 1469 3459 N
1479 3441 1492 3461 s
1501 3441 1516 3460 1²
1526 3440 1542 3460 E
1551 3439 1600 3460 RG
1610 3440 1629 3459 0
1639 3452 1647 3465 ,
1673 3431 1765 3467 spei-ti,
1785 3432 1917 3466 spersum,
1935 3434 1990 3460 ere.
2010 3433 2199 3470 [xa-ramleram]
2234 3435 2316 3470 Idem,
2333 3428 2420 3474 qaod*

1357 3475 1434 3496 totum
1446 3469 1575 3505 spargere.
1611 3469 1694 3495 Plaut.
1709 3467 1816 3495 Curcul.
1832 3476 1850 3499 1,
1864 3476 1884 3501 1,
1905 3473 1936 3498 80
1961 3469 2015 3496 Vbi
2031 3470 2096 3496 vino
2113 3469 2160 3497 has
2173 3472 2301 3506 conspersi
2318 3471 2408 3500 foi-eu·

1357 3505 1430 3532 Idem
1442 3504 1523 3547 ¹Stich.
1539 3513 1565 3537 2,
1579 3512 1604 3536 2,
1617 3512 1648 3536 30
1675 3504 1730 3538 Age
1745 3509 1775 3530 tu
1788 3503 1862 3529 ocius
1883 3504 1962 3539 pinge
1975 3503 2103 3539 humum,
2122 3507 2263 3541 consperge
2281 3514 2339 3535 ante
2353 3514 2401 3535 aei

1358 3541 1418 3573 des,
1435 3551 1462 3566 m
1475 3546 1600 3576 apparatu
1615 3540 1739 3574 epularum
1759 3544 1782 3564 et
1796 3542 1916 3567 conuiuii.
1985 3540 2126 3576 Tempora
2142 3542 2316 3577 conspergunt
2332 3541 2395 3570 viti·

1999 3576 2055 3604 Cic.
2081 3585 2130 3611 pro
2151 3576 2236 3604 Plane.
2255 3587 2292 3612 99
2320 3587 2342 3606 c.
2358 3584 2394 3612 41
2401 3585 2410 3619 J-

1357 3646 1402 3674 hic
1427 3647 1457 3688 in
1483 3655 1526 3673 me
1544 3645 1666 3678 incidit,
1697 3645 1848 3680 complexus
1872 3645 1930 3678 cst,
1961 3646 2152 3682 conspersitque
2178 3648 2318 3682 lacrimis,
2346 3655 2406 3675 noer

1358 3683 1435 3718 loqui
1454 3691 1516 3717 prae
1533 3690 1657 3709 moerore
1676 3681 1772 3716 potuit.
1859 3681 1916 3708 Cic.
1935 3681 2014 3709 Acad.
2032 3691 2060 3714 1,
2080 3678 2094 3712 8'
2125 3691 2146 3708 c.
2167 3692 2184 3710 2
2210 3685 2243 3711 Et
2261 3688 2346 3712 tamen
2363 3682 2400 3710 im

1359 3718 1413 3745 illis
1431 3717 1566 3745 veteribus
1586 3717 1681 3743 nostris
1695 3737 1704 3750 ‚
2393 3711 2396 3716 '

1527 3788 1532 3793 ⁵
2043 3753 2192 3788 Metaphora
2210 3763 2226 3782 a
2236 3756 2290 3792 sala
2301 3752 2403 3791 petita-r

1360 3791 1425 3816 Aras
1444 3790 1569 3824 sanguine
1586 3789 1690 3815 Lucret.
1702 3799 1731 3822 4,
1745 3795 1803 3819 1231.

1357 3824 1440 3861 affusa
1459 3827 1487 3850 iu
1498 3824 1597 3858 maſjiim
1609 3824 1744 3860 redigitur.
1799 3822 1904 3849 Colum.
1918 3831 1959 3854 12,
1967 3827 2004 3854 38.
2018 3831 2034 3849 2
2064 3823 2160 3851 Baetae
2172 3825 2254 3857 myrti
2273 3840 2318 3846 --
2333 3830 2396 3851 con-r
2425 3841 2432 3846 .

1359 3866 1481 3887 teruntur
1516 3875 1561 3880 ——·
1596 3865 1654 3886 tuin
1668 3859 1792 3893 exiguum
1805 3858 1884 3884 musti
1897 3857 2009 3884 sumitur
2032 3864 2088 3879 '-——
2109 3865 2148 3887 -et
2166 3865 2291 3895 tanquam
2306 3859 2406 3888 faria-‚1⁴

1360 3895 1556 3931 conspergitur,
1572 3893 1705 3930 quidquid
1717 3893 1854 3920 contusum
1865 3891 1910 3918 est.
1946 3893 2004 3919 Post
2010 3892 2074 3921 haec
2086 3895 2233 3930 complures
2247 3905 2279 3926 ex
2291 3903 2321 3922 ea
2327 3887 2400 3928 mast}

255 3936 397 3972 Metaphor.
423 3935 578 3970 Coit-sentire,
598 3935 741 3961 Conui-nire.
775 3932 832 3959 Sen.
846 3930 924 3965 Epist.
936 3939 963 3963 31
983 3931 1017 3956 Vt
1035 3930 1151 3964 perfecta
1163 3929 1249 3955 virtus
1264 3926 1348 3964 fit105
1359 3930 1429 3958 sulae
1440 3930 1517 3958 fiunt,
1553 3932 1586 3958 Eg
1598 3932 1625 3963 6,
1641 3937 1679 3965 17,
1692 3937 1710 3964 7
1729 3929 1805 3964 Aqua
1817 3926 1901 3955 mulsa
1914 3927 2033 3956 triticeae
2047 3929 2151 3959 farinae
2164 3931 2353 3970 conspergit-ur,
2363 3933 2391 3955 et

255 3971 400 4007 aequalitas
418 3979 448 3998 ac
467 3976 545 3999 tenor
556 3970 642 4004 vitae,
665 3977 712 4004 per
727 3968 819 3996 omnia
837 3967 982 3994 consonans
999 3965 1058 3994 fibi.
1128 3964 1185 3991 Sibi
1202 3963 1293 3991 conso-

2306 3971 2390 4000 Impo-

1650 688 1829 715 Consonantes
1843 689 1936 716 literae
1948 700 1963 716 α
1977 693 2152 719 Grammaticis
2165 691 2263 725 (sibiae,
2283 695 2345 729 quod
2355 705 2400 723 rimi
2413 685 2419 693 t
2438 699 2441 702 “

1951 726 2008 753 Vid.
2021 729 2097 755 Varr.
2110 729 2177 764 apud
2189 728 2292 756 Charis.
2303 739 2313 756 1
2333 734 2401 766 p-56.
2440 739 2441 742 ’

1878 2045 1935 2072 Cic.
1949 2046 1982 2072 de
1994 2045 2066 2072 Clas.
2076 2047 2149 2073 Orat.
2165 2056 2181 2074 2
2201 2057 2223 2075 c.
2234 2058 2243 2075 1
2263 2049 2416 2084 Dolebam-¹
2449 2054 2452 2063 ¹

1513 2186 1518 2191 .
1539 2186 1545 2191 .
1580 2153 1654 2191 Idem
1667 2161 1716 2186 pro
1729 2153 1812 2179 Flaec.
1825 2161 1853 2186 35
1873 2162 1895 2180 c.
1910 2160 1935 2186 ις
1957 2153 2029 2180 Nam
2042 2153 2136 2181 fratres
2150 2154 2260 2189 quidem
2272 2155 2410 2186 consorte&
2450 2155 2451 2158 ’

1358 2186 1417 2211 sunt
1429 2186 1625 2218 Mendicitatis,
1644 2196 1698 2212 cum
1711 2186 1821 2222 respeffu
1833 2188 1868 2214 ad
1879 2198 2026 2216 communem
2032 2188 2150 2225 fratrum
2163 2190 2331 2218 hereditatem.
2361 2193 2411 2222 εἶδ’,
2445 2190 2447 2224 ζ

2442 2237 2447 2292 l

1358 2862 1494 2889 consortio
1525 2870 1580 2888 non
1606 2862 1722 2890 sarcitur
1747 2870 1794 2897 per
1817 2870 1862 2889 eos
1876 2882 1886 2895 ,
1917 2863 1965 2899 qui
1990 2871 2089 2891 merces
2119 2864 2176 2892 suas
2204 2867 2344 2903 naufragio
2367 2867 2400 2896 li·
2445 2869 2448 2888 ·'

2191 856 2200 869 ‚
2221 845 2305 871 quum
2315 839 2400 866 conso.
2440 848 2441 851 ¹
2471 855 2474 860 ·

1734 3725 1800 3751 quae
1820 3717 1976 3751 Menippum
1995 3716 2105 3752 quidem
2124 3717 2222 3746 imitati
2242 3729 2296 3747 non
2314 3719 2393 3747 inter-
2410 3724 2412 3730 ’
2453 3713 2457 3719 ’
