2474 4182
301 123 375 160 495
715 111 753 149 Α
815 108 840 146 S
894 107 920 146 S
1821 106 1861 145 A
1930 106 1956 145 S
2022 107 2047 145 S
2360 100 2456 160 496}

305 200 390 226 suetos
423 200 536 236 Sceptris
571 201 668 226 Lucan.
689 203 719 229 8,
736 205 794 230 452-
867 195 965 222 Studiis
996 196 1122 223 mollibus
1161 196 1242 222 Ouid.
1258 194 1345 221 Trist.
1435 199 1458 218 A
1469 198 1502 218 SS
1512 201 1661 227 VMENS,
1683 194 1759 221 entis.
1796 195 1873 229 Vulg.
1887 194 1969 221 Iudic.
1984 203 2012 228 4,
2024 204 2062 221 21.
2081 202 2104 222 et
2116 196 2213 223 Iudith.
2228 204 2254 231 7,
2268 204 2289 230 ς.
2432 221 2441 226 ,

307 244 326 266 ι,
352 244 386 268 4,
407 243 454 270 74.
527 235 622 262 Affiieti
643 235 723 267 longo
747 241 837 258 muros
857 231 998 258 defendere
1024 232 1094 258 bello
1134 232 1208 266 Virg.
1237 232 1299 257 Aen.
1321 238 1348 262 9,
1437 234 1505 267 Α183
1517 236 1600 256 VMT
1612 236 1662 256 vs.
1680 231 1774 257 Partic.
1795 238 1835 263 vt,
1856 231 1970 257 Assumta
1982 229 2039 262 lyra
2050 231 2132 257 Ouid.
2145 232 2177 258 de
2197 233 2260 258 Arte
2274 233 2332 258 Am.
2345 239 2368 264 3,
2381 240 2432 268 ¹4²·
2449 252 2451 262 .

306 280 350 301 ςιι.
388 271 511 298 Graecari
533 271 657 297 atlhetum
681 269 799 293 Romana
817 268 911 303 fatigat
933 268 1033 294 militia
1062 269 1129 294 Hor.
1144 268 1226 294 Serm.
1239 275 1265 297 2,
1279 275 1303 296 2,
1317 274 1348 290 ιι.
1400 263 1566 290 Extrinsecus
1578 266 1686 292 auxiliis
1700 266 1814 293 assumtis
1826 266 1927 293 factum
1939 266 2009 292 tucri
2028 266 2193 302 Qlinffil-7,
2206 276 2235 300 4,
2249 276 2274 302 7.
2329 267 2434 298 Ratione
2449 254 2458 297 5²

305 306 396 333 'sec'io
411 307 546 333 succedere
560 306 668 331 assuetus
682 303 792 329 coluber
816 303 890 338 Virg.
905 304 1003 339 Georg.
1018 312 1040 335 3,
1054 309 1107 336 418.
1165 303 1229 329 Non
1243 301 1348 340 assuetas
1401 299 1601 339 argumentandi
1614 310 1627 326 a
1638 301 1789 329 nial-:eneis
1801 303 1907 329 assumta
1927 301 1965 328 ld.
1980 310 2006 334 z,
2021 310 2050 334 4,
2063 310 2102 334 4¹-
2143 303 2175 328 In
2186 302 2236 329 hoc
2249 303 2354 329 assumta
2365 305 2434 331 ano-
2447 293 2471 336 i,

303 342 335 368 ad
350 343 447 377 sceptra
460 350 550 368 manus
563 339 619 374 post
633 346 704 372 terga
718 338 792 366 dabit
812 339 868 365 Sen.
883 339 988 366 Troad.
1011 348 1060 372 152.
1116 339 1233 365 Assuetus
1246 338 1274 363 in
1289 345 1347 362 iura
1366 344 1379 370 ς
1401 334 1442 360 bis
1456 334 1596 368 subtilitas,
1615 343 1660 364 etc.
1677 337 1716 364 Id.
1730 346 1753 370 3,
1769 347 1803 371 ιι,
1814 347 1852 365 21.
1888 337 2000 364 Viribus
2012 336 2127 365 assumtis
2139 337 2218 371 pleno
2228 338 2282 365 iam
2295 337 2371 364 alueo
2380 339 2435 368 fluit
2447 348 2453 370 ι,

304 378 449 404 familiaria
463 387 476 403 a
490 384 572 410 puero
593 374 652 400 Liu.
668 383 713 407 24,
729 383 750 407 ς.
800 375 886 402 Paruo
899 376 993 402 assueta
1006 375 1128 400 iuuentus
1159 374 1234 408 Virg.
1250 373 1349 406 Georg.
1399 370 1474 396 Idem
1507 379 1522 396 z
1534 390 1542 402 ,
1571 379 1590 396 1.
2448 370 2449 374 ¹
2464 383 2466 386 -

306 431 328 443 .,
344 422 404 447 472.
644 419 659 436 2
681 411 778 442 Etiam,
797 418 827 437 vt
846 411 972 442 diximus,
984 409 1130 446 fignificat,
1150 409 1215 444 quod
1234 411 1290 443 quis
1302 408 1347 444 ufic
1437 413 1458 432 Α
1469 412 1482 432 S
1492 412 1505 432 S
1515 413 1569 432 VM
1577 413 1598 433 T
1607 414 1616 432 1
1625 413 1661 439 Ο,
1682 407 1750 433 onis.
1769 408 1788 435 f.
1808 407 1980 445 [κρέα-λῆψις]
1996 409 2124 443 Acceptio.
2180 407 2236 434 Cic.
2250 407 2281 434 de
2295 408 2352 435 Fin.
2364 409 2432 445 3'0.'5
2452 415 2453 418 ’

305 447 391 474 iloflus
404 445 444 478 est.
490 445 607 471 Assuetus
620 447 704 472 Amor
724 448 799 481 Prop.
813 456 833 478 ι,
851 456 869 479 ι,
884 450 922 479 36,
961 448 991 472 1η
1005 448 1067 472 Arte
1081 446 1174 471 affiieta
1187 451 1288 478 tempus
1302 452 1347 478 po·
1402 443 1477 468 Artes
1493 441 1574 468 etiam
1588 441 1654 476 ipsas
1666 450 1774 477 propter
1795 445 1820 470 se
1833 443 1991 471 assumendas
2006 450 2126 479 putamus
2135 463 2144 476 ‚
2162 449 2218 470 tuni
2233 443 2295 478 quia
2309 443 2339 469 sit
2351 443 2380 469 in
2395 443 2434 473 hu
2446 445 2458 471 si
2471 466 2474 471 .

303 493 365 509 nere
385 480 465 508 Ouid.
479 490 492 506 e
507 481 591 507 Ponto
606 491 626 513 1,
641 484 664 512 6,
675 484 713 513 36.
750 483 788 508 De
802 484 879 509 More
893 483 989 508 assueto
1003 481 1084 512 belli,
1111 481 1145 507 Vt
1157 479 1349 515 bcllofiericon-
1400 477 1504 512 aliquid
1518 477 1629 511 dignum
1642 478 1811 512 assumtione,
1829 486 1895 512 tum,
1913 487 1959 507 etc.
2012 479 2152 511 Assumdo,
2172 478 2299 505 Particula
2312 478 2435 508 oratioifiz
2445 477 2453 508 i]
2467 483 2470 489 “

296 519 380 555 sumit
407 517 451 542 Sil.
466 524 492 550 7,
530 537 536 542 .
572 537 579 541 .
652 518 791 544 (iestarnen
803 519 929 545 assuetum
943 518 1048 544 dextrae
1066 517 1127 542 Stat.
1141 514 1233 542 Theb.
1248 517 1274 547 6,
1286 522 1348 550 707.
1360 525 1389 543 10
1402 516 1412 545 (
1428 520 1458 540 vt
1471 516 1510 539 ait
1531 513 1586 539 Cic.
1599 512 1631 539 de
1645 514 1747 540 Inuent.
1761 523 1781 547 1,
1789 517 1823 549 67
1831 525 1854 543 c.
1868 520 1916 550 37)
1937 525 1983 551 per
1997 524 2077 550 quam
2091 514 2129 547 id,
2142 514 2213 549 quod
2226 522 2257 539 ex
2265 514 2455 563 propofitimff
2468 528 2469 532 ,

302 553 369 579 Solis
384 553 483 578 Feruor
497 561 550 578 non
562 552 672 580 assuetus
689 554 705 579 Ι.
723 562 746 586 ¹5
757 553 780 591 9
796 563 810 580 2
824 554 850 580 ff.
867 555 942 580 locat.
1016 554 1091 586 l'rop.
1106 560 1129 583 2,
1143 560 1168 583 2,
1184 560 1212 577 12.
1239 550 1348 577 Taurus
1401 549 1434 576 ad
1448 548 1636 575 ostendendum
1649 549 1774 583 pertinet,
1792 551 1934 578 assumitur.
1970 552 2043 578 Idem
2058 551 2089 577 de
2101 550 2194 576 Diuin.
2206 558 2232 581 2,
2248 558 2293 582 109
2305 558 2325 576 c.
2339 558 2364 582 53
2382 550 2445 579 laih,

302 590 365 614 Mox
378 589 452 614 venit
465 587 571 614 adsueto
585 589 673 615 mollis
688 589 719 615 ad
731 599 794 616 arua
810 591 883 624 lngo.
927 588 1072 615 Seruitium
1085 588 1211 614 assuetum
1230 588 1348 621 Propert.
1400 585 1555 612 assumtione
1568 593 1623 610 non
1635 585 1757 616 concessa,
1776 585 1849 624 nul·
1862 587 1992 614 conclusio
2008 587 2097 614 cst-Ita
2104 586 2180 623 saepe
2195 593 2301 612 utuntur
2311 585 2356 612 hoc
2365 581 2435 618 vinidi·-
2456 611 2458 614 .

302 633 321 655 ι,
335 633 361 656 4,
377 633 402 657 4.
463 623 572 650 Phaedr.
590 625 680 659 3prol.
696 634 724 658 14
756 626 850 652 Otium
870 626 915 651 des
932 624 1056 658 corpori,
1076 630 1104 649 vt
1115 624 1237 649 assuetam
1251 622 1349 649 fortius
1402 630 1430 646 ne
1451 621 1506 646 Cic.
1521 620 1553 646 de
1567 622 1624 646 Inu.
1640 629 1660 653 1,
1675 629 1705 654 59
1718 630 1739 646 c.
1755 629 1786 653 34
1800 622 1837 656 sq.
1874 623 2004 656 Qunffll.
2019 632 2042 655 ς,
2058 632 2097 657 ¹4>
2113 631 2125 655 5
2138 623 2176 656 sq.
2404 620 2432 653 ΫΪ.
2451 615 2462 652 {i

300 659 412 693 praestes
425 660 528 686 Vicem.
566 660 683 695 Longius
697 661 794 687 assueto
806 661 907 687 lumina
920 660 1006 687 nostra
1019 659 1111 686 vident
1132 658 1214 685 Ouid.
1227 658 1306 693 Epist.
1321 660 1348 690 6,
1437 663 1459 682 A
1469 662 1504 682 SS
1513 663 1567 682 VM
1576 663 1598 683 ‘r
1609 657 1619 682 i
1629 663 1649 683 ν
1659 663 1678 682 v
1689 662 1711 682 S.
1731 656 1791 682 Adi.
1846 658 1940 685 Nomen
1953 659 2087 690 rhetorum,
2106 667 2153 693 quo
2171 654 2346 692 προσληκτικόν
2365 656 2439 689 (ἳνῷ.
2452 668 2453 673 ’

302 704 344 729 72.
382 696 440 721 Cum
454 697 568 721 Geuitiuo
589 697 649 722 Liu.
660 702 730 731 38,i7
750 697 875 723 Romanis
888 696 984 722 Gallici
997 696 1125 722 ttunultus
1139 695 1253 726 assuetis,
1267 694 1349 720 etiam
1362 700 1388 725 ις
1400 700 1484 718 corum
1498 694 1647 727 exprimunt.
1682 691 1816 725 innffll.
1831 697 1857 726 7,
1869 703 1898 727 4,
1911 701 1928 728 7
1946 695 2066 721 Alterum
2077 693 2114 719 est
2127 692 2285 720 defensionis
2304 700 2392 726 genua,
2406 691 2442 726 in,

301 731 432 757 vanitates
444 736 521 757 notae
535 732 601 758 sunt.
638 733 748 767 Compar.
770 733 828 759 Liu.
844 741 886 764 22,
901 738 913 762 8
931 733 966 758 Ea
977 732 1101 758 assuetior
1114 729 1261 761 montibus,
1276 729 1347 755 etad
1402 735 1456 761 quo
1470 726 1569 753 fadium
1591 736 1637 762 per
1654 727 1679 754 se
1693 727 1871 762 improbabile
1885 730 2000 756 assumtis
2020 729 2181 757 extrinsecus
2198 727 2306 754 auxiliis
2325 728 2444 767 tuen-uiis⁴

302 767 511 793 concursandum
525 767 595 794 inter
610 768 682 799 saxa,
703 777 832 803 rupesque
846 769 932 803 aptior
945 777 974 794 ac
993 767 1089 793 leuior.
1401 762 1430 789 id
1443 768 1538 789 vocant
1557 763 1743 799 προσληπτικῆν.
1794 763 1884 790 Latini
1896 765 2098 793 —adverbum
2111 763 2286 792 transferunt:
2307 763 2382 790 assum
2396 763 2431 797 'ns‘

339 810 359 829 Α
368 810 379 828 S
390 810 402 829 s
414 810 432 829 v
443 810 488 829 Εἰ·
498 804 519 828 ν’
529 810 547 829 ι)
556 810 575 829 o
584 824 592 835 ‚
616 803 640 840 Ji
674 811 694 830 A
707 812 723 830 1»
736 812 748 829 s
765 811 783 830 v
798 812 811 830 [ς
825 810 846 831 Τ
860 812 878 829 v
888 812 905 830 ι)
916 811 934 829 o
944 824 952 835 ‚
972 803 1031 829 inis.
1052 802 1070 828 f.
1103 799 1252 834 [συνήθεια]
1287 800 1349 826 Con·
1401 798 1472 824 enim
1486 798 1584 824 dicitur
1597 800 1678 825 causa.
1716 800 1745 825 In
1759 807 1813 833 quo
1826 809 1921 834 genere
1933 801 2102 828 fortissimum
2117 801 2163 833 est,
2184 799 2201 826 si
2215 799 2430 833 ειὶιιιειιωιιίει,.

295 838 408 874 fizeeudo.
478 838 559 865 Ouid.
579 839 610 865 de
631 841 696 865 Arte
716 841 773 865 Am.
790 849 820 871 2,
837 848 883 874 343
919 853 964 858 —
1000 837 1067 864 nihil
1082 834 1242 862 assuetudine
1255 835 1349 861 maius.
1404 833 1442 861 &i
1458 840 1564 860 tuemur
1579 848 1624 854 —
1636 834 1743 861 Occisus
1756 835 1805 861 est:
1826 835 1869 861 sed
1888 836 1965 864 latro.
2002 837 2123 863 Exseelus
2136 836 2186 863 est:
2204 834 2248 861 sed
2259 840 2358 869 raptor.
2399 851 2401 856 -
2422 852 2426 864 :

304 875 361 900 Liu.
378 882 415 906 ες,
430 876 463 900 26
482 874 616 901 Postremo
635 876 670 901 ita
686 876 846 902 affiietudine
861 875 923 901 mali
938 873 1111 900 efferauerant
1123 871 1235 897 animos.
1306 871 1349 898 Sic
1357 880 1393 898 20
1402 870 1457 896 Cic.
1471 869 1503 895 de
1516 871 1618 896 Inuent.
1634 879 1655 903 ι,
1669 878 1694 903 ις
1707 880 1729 897 c.
1743 879 1765 897 ιι
1783 871 1930 898 Assumtiua
1942 872 1987 904 est,
2006 882 2072 908 quae
2086 873 2142 908 ipsa
2154 880 2185 898 ex
2199 871 2224 897 se
2235 870 2306 897 nihil
2322 867 2406 897 firmi,
2432 875 2436 900 ζ

303 909 450 936 Duodecim
476 919 607 936 annorum
631 911 790 937 assuetudine
816 911 914 945 peruiis
937 908 1048 943 Alpibus
1069 906 1145 933 saetis
1173 907 1233 933 Liu.
1246 914 1295 941 27,
1309 915 1347 940 39.
1401 905 1434 932 ad
1446 906 1655 938 recusationem,
1675 907 1743 933 foris
1762 913 1850 933 autem
1862 907 1965 942 aliquid
1984 907 2143 940 defensionis
2160 907 2263 934 assumit
2277 912 2322 932 etc.
2390 906 2393 907 ⁷
2432 899 2444 929 f'

302 945 558 972 l-‘urandiasliietudo
577 947 645 972 Gcll.
662 956 690 975 ιι,
706 956 739 976 13-
777 948 867 972 'l‘acin
884 946 949 971 iliu.
965 953 989 976 2,
1003 947 1036 970 62
1054 942 1237 977 Degenerabat
1249 952 1263 969 a
1276 942 1349 969 labo·
1401 942 1439 968 M.
1455 941 1555 976 Capell.
1568 949 1581 974 ς
1598 951 1623 976 p.
1636 944 1693 975 146.
1714 943 1835 977 Agge-nus
1848 942 1880 969 de
1900 943 1980 970 limit.
1998 953 2113 979 agror.p.
2127 945 2157 976 63
2175 943 2254 969 Goes.
2281 939 2393 975 Inter-1?
2441 931 2444 950 Υ

300 991 329 1007 re
344 990 372 1008 ac
386 982 485 1008 virtute
499 983 574 1008 miles
587 983 747 1008 ailbe-tudine
761 983 925 1015 voluptatum
939 986 964 1006 et
977 985 1112 1006 contemtu
1133 979 1214 1005 ducis.
1401 976 1619 1011 controuersiarum
1632 977 1761 1018 definibus
1775 982 1851 1014 ponit
1870 982 1944 1005 etiam
1962 980 2154 1012 Affumtivum,
2186 978 2218 1005 de
2241 976 2371 1012 positione
2397 992 2399 996 .
2431 969 2450 1015 ‘J

339 1024 359 1044 Α
370 1024 403 1043 ss
413 1024 459 1043 VB
470 1024 485 1044 F
496 1016 541 1044 :ic
553 1026 603 1049 10,
619 1018 643 1053 J:
672 1025 690 1043 n
703 1024 720 1044 n
732 1024 745 1043 s
756 1025 774 1043 v
787 1024 827 1043 111c
838 1024 883 1043 AC
893 1024 901 1042 1
912 1023 946 1047 ι),
967 1016 1022 1047 eci,
1047 1015 1151 1047 aelium,
1173 1016 1226 1041 ere.
1241 1013 1346 1048 [ἐθίζω]
1400 1013 1554 1044 minorum,
1594 1013 1642 1048 qui
1662 1022 1694 1040 in
1715 1014 1833 1049 rigorem
1856 1020 1901 1041 aut
1931 1014 1961 1041 in
1989 1014 2069 1041 finem
2089 1013 2270 1043 transscendit.
2374 1041 2376 1048 .
2389 1010 2395 1034 ἶ
2432 1015 2448 1046 ‘i'

303 1054 391 1079 Facere
405 1059 435 1078 vt
449 1052 581 1088 astulfi-as,
603 1053 651 1089 1st
665 1053 755 1078 docere.
827 1052 881 1078 Cic.
905 1051 937 1077 de
956 1051 1078 1078 Prouinc.
1093 1051 1169 1078 Cous.
1183 1059 1210 1082 33
1230 1050 1347 1084 Imperio
1357 1057 1389 1083 25·
1439 1056 1461 1076 A
1470 1055 1483 1075 s
1492 1055 1504 1075 s
1515 1056 1534 1075 v
1544 1056 1569 1075 Μ
1579 1055 1600 1075 Τ
1610 1056 1620 1075 1
1629 1055 1685 1076 VE.
1705 1049 1774 1076 Adu.
1810 1051 1847 1076 M.
1857 1050 1955 1085 Cap‘ell.
1971 1058 1984 1084 5
2006 1060 2030 1086 p.
2040 1058 2096 1086 147.
2130 1047 2299 1086 Sedpratstat
2312 1049 2362 1085 Iege
2395 1076 2398 1079 ,
2432 1069 2441 1082 z

302 1089 362 1123 Pop.
378 1089 492 1115 Romani
506 1098 595 1123 parcre
609 1089 748 1115 affioefecit.
804 1088 841 1114 Id.
857 1087 966 1114 declar.
980 1088 1054 1114 Orat.
1069 1095 1086 1121 7
1105 1088 1180 1120 Qiae
1194 1085 1349 1118 didiceram,
1401 1084 1436 1112 lic
1450 1084 1610 1111 Assumtiuae
1623 1093 1721 1112 nomen
1733 1086 1843 1121 accepit.

301 1123 451 1159 quibusque
465 1134 507 1150 me
527 1125 716 1151 asliiefcceram.
775 1125 805 1150 Ee
820 1125 891 1150 Fam.
907 1133 939 1156 4,
955 1131 979 1154 ¹3
1020 1124 1112 1157 ltaque
1126 1121 1208 1148 orbus
1223 1122 1256 1148 iis
1270 1121 1350 1148 rebus
1437 1127 1480 1147 AS
1490 1127 1561 1147 svo
1571 1140 1579 1152 ‚
1599 1121 1640 1147 vel
1659 1127 1733 1149 ADS
1743 1129 1763 1148 ν
1774 1128 1811 1154 ο,
1830 1121 1869 1154 ui,
1891 1123 1976 1154 situm,
1992 1123 2045 1149 ἐκ.
2065 1120 2246 1157 [προσράπτω]
2266 1116 2359 1148 Suenda
2440 1124 2441 1127 ’

301 1159 442 1192 omnibus,
463 1159 558 1194 quibus
578 1168 602 1187 et
624 1166 714 1185 natura
735 1168 793 1188 me,
813 1166 838 1186 et
858 1159 980 1185 voluntas
998 1165 1023 1185 et
1037 1157 1200 1185 consuetudo
1213 1157 1350 1184 assuefece-
1402 1154 1477 1183 Here.
1518 1157 1586 1183 Hor.
1601 1156 1630 1183 in
1649 1158 1714 1183 Arte
1727 1157 1799 1184 Po'e't.
1813 1160 1843 1184 16
1862 1159 2009 1193 Purpureus
2021 1158 2074 1184 late
2087 1157 2135 1192 qui
2145 1155 2277 1192 splendeat
2289 1163 2356 1181 vnus
2374 1157 2396 1186 ’ζ

300 1202 355 1227 rat,
374 1205 433 1221 cum
446 1196 572 1228 caeteris,
588 1202 616 1222 vt
630 1195 738 1230 quidem
749 1195 861 1227 videor,
883 1202 938 1221 tum
953 1194 1000 1228 ipsi
1016 1194 1086 1221 mihi
1104 1194 1241 1228 displiceo.
1278 1192 1348 1220 Add.
1401 1198 1452 1224 ter,
1489 1192 1607 1219 Assuitur
1616 1200 1725 1227 pannus.

301 1231 372 1258 Caes.
390 1232 417 1257 B.
433 1232 464 1256 G.
480 1240 507 1263 4,
523 1240 545 1257 2.
617 1231 677 1257 Liu.
690 1240 712 1263 3,
728 1239 757 1264 32
777 1231 834 1257 Nec
847 1232 894 1257 suo
907 1231 1033 1266 sanguine
1047 1230 1079 1257 ad
1092 1229 1221 1265 supplicia
1233 1234 1349 1263 patrum,
1357 1235 1388 1259 30
1437 1234 1460 1255 A
1469 1233 1481 1252 S
1491 1233 1504 1254 S
1515 1235 1568 1254 VM
1576 1235 1592 1254 Ε
1603 1235 1622 1254 N
1632 1235 1653 1255 T
1663 1235 1684 1254 v
1694 1235 1734 1259 M,
1753 1227 1773 1254 i.
1794 1228 1873 1263 Vulg.
1887 1230 1984 1264 Interp.
1996 1230 2083 1256 ‘Marc-
2095 1237 2120 1261 2,
2133 1237 2172 1255 21.

300 1265 403 1301 plebem
417 1266 591 1293 assuefaciant.
1437 1270 1460 1291 A
1469 1269 1482 1288 S
1490 1269 1504 1289 S
1513 1271 1534 1290 v
1541 1271 1561 1290 R
1570 1270 1592 1290 A
1601 1284 1609 1296 ,
1629 1263 1683 1291 vid.
1696 1263 1745 1300 sub
1771 1271 1793 1290 A
1801 1270 1814 1289 S
1822 1271 1836 1291 s
1844 1272 1864 1291 ν
1875 1272 1898 1296 s,
1918 1274 1942 1297 a,
1965 1274 2018 1292 um.

332 1310 375 1329 As-
385 1308 397 1328 s
407 1309 452 1328 νε
463 1309 496 1328 ri
506 1309 542 1333 o,
575 1301 637 1327 unde
1435 1306 1458 1326 A
1468 1305 1481 1325 s
1491 1305 1560 1326 svn
1571 1306 1592 1326 G
1602 1306 1637 1332 o,
1658 1300 1676 1326 s.
1690 1305 1853 1327 ..anszG
1864 1308 1901 1333 o,
1926 1301 2015 1333 rrexi,
2034 1300 2161 1332 rreftum,
2182 1300 2234 1326 ere.
2258 1296 2375 1333 [aepoaeun'

334 1345 354 1364 Α
364 1345 376 1364 s
385 1344 398 1363 s
408 1344 427 1363 v
438 1345 454 1363 Ε
464 1344 481 1364 F
489 1344 509 1364 Α
518 1343 534 1364 c
543 1345 564 1364 T
575 1345 594 1363 ν
606 1345 628 1364 s.
653 1337 745 1363 Partic.
768 1336 898 1371 [ἔθιέᾶεἰς]
936 1336 992 1363 Cic.
1005 1336 1034 1362 in
1048 1335 1127 1362 Catil.
1143 1344 1168 1368 2,
1182 1344 1198 1368 9
1213 1344 1234 1362 c.
1248 1344 1261 1368 ,-
1274 1335 1348 1362 Idem
1399 1335 1598 1371 κροσεγείραμκι]
1615 1334 1768 1371 Adaliquem
1775 1337 1817 1362 vel
1825 1335 1961 1372 adaliquid
1960 1337 2072 1374 surgere.
2094 1336 2150 1363 Cic.
2158 1344 2208 1370 pro
2214 1333 2317 1361 Cluent.
2325 1333 2397 1369 1962.-

297 1373 448 1408 stuprorum
461 1379 486 1399 et
500 1373 627 1400 scelernm
638 1373 830 1400 exercitatione
843 1372 1010 1404 ass'uefaehis,
1024 1371 1127 1406 frigore
1141 1378 1166 1398 et
1177 1371 1250 1398 farne
1262 1376 1289 1397 et
1307 1371 1349 1397 siti
1401 1371 1478 1404 Qiae
1487 1370 1548 1397 dum
1557 1370 1676 1398 laudatio
1690 1371 1826 1404 recitatur,
1841 1381 1888 1398 vos
1903 1374 2009 1407 quaeso,
2023 1373 2072 1408 qui
2084 1381 2143 1399 eam
2157 1370 2297 1402 detulistis,
2315 1368 2354 1395 ass
2364 1379 2368 1391 ·
2385 1380 2392 1397 ’ς

296 1418 327 1435 ac
339 1409 441 1443 vigiliis
454 1409 618 1443 perferendis
627 1430 635 1441 ,
656 1409 735 1435 fortis
748 1408 781 1435 ab
795 1409 829 1435 iis
842 1408 898 1435 istis
910 1409 962 1435 suis
975 1407 1054 1434 sociis
1066 1406 1273 1442 praedicabatur,
1308 1408 1351 1435 Sic
1360 1411 1388 1437 3,·
1400 1407 1461 1433 Liu.
1474 1414 1498 1439 3,
1509 1415 1546 1439 24
1562 1407 1599 1433 Ex
1612 1416 1667 1442 quo
1679 1407 1758 1433 semel
1771 1407 1855 1434 fuerit
1867 1417 1953 1442 aeger,
1972 1417 2089 1443 vnquam
2102 1416 2158 1434 non
2168 1405 2251 1433 modo
2263 1405 2350 1432 visum
2362 1402 2370 1408 “

298 1445 368 1471 Puro
383 1446 504 1472 sermone
517 1445 667 1471 adsuefacta
682 1444 775 1470 domus
794 1445 851 1471 Cic.
866 1445 938 1471 Brut.
954 1453 974 1470 c.
991 1452 1029 1476 39.
1066 1443 1138 1470 Caes.
1149 1443 1211 1469 Bell.
1228 1442 1310 1470 Ciuil.
1327 1452 1348 1475 1,
1400 1441 1483 1475 blico,
1501 1443 1545 1469 sed
1559 1451 1592 1469 ne
1605 1442 1773 1469 Assurrexisse
1787 1443 1896 1478 quidem
1909 1452 1941 1471 ex
1953 1444 2060 1471 morbo.
2116 1444 2177 1470 Liu.
2197 1462 2203 1469 .
2222 1462 2229 1469 .
2247 1461 2253 1468 .
2273 1439 2345 1468 Galli
2356 1448 2374 1466 n

297 1488 336 1513 44
358 1481 426 1507 Cum
441 1480 569 1506 Lusitanis
578 1500 585 1512 ‚
606 1481 772 1515 reliquisque
783 1479 904 1507 barbaris
918 1489 1012 1514 genere
1026 1479 1140 1514 quodam
1153 1488 1255 1513 pugnae
1269 1479 1347 1505 assue-
1400 1478 1526 1505 sustinere
1538 1479 1564 1505 se
1578 1478 1701 1514 prolapsi,
1719 1487 1804 1514 neque
1816 1480 1945 1514 ailiirgere
1958 1489 1990 1506 ex
2004 1478 2178 1514 voraginibus
2189 1482 2320 1514 poterant.
2387 1504 2390 1508 ,

296 1515 371 1543 facti.
406 1515 474 1542 Add.
489 1516 527 1542 id.
542 1517 570 1542 B.
585 1517 616 1542 G.
632 1525 659 1549 4,
673 1525 691 1542 1.
728 1515 794 1542 Plin.
808 1525 847 1549 10,
860 1524 893 1548 43
915 1515 1004 1542 Pullus
1020 1521 1122 1542 mature
1135 1515 1253 1542 sermoni
1267 1515 1345 1542 assue-
1399 1513 1471 1541 libus
1484 1514 1591 1548 assurgit
1610 1514 1695 1541 stratis
1714 1515 1807 1542 Claud.
1817 1516 1847 1542 in
1860 1516 1944 1550 Nupt.
1959 1515 2053 1543 Pallad.
2074 1521 2100 1542 et
2112 1515 2198 1542 Sex-en.
2218 1522 2261 1547 29.
2304 1511 2363 1539 Assu
2384 1517 2399 1540 2⁴(

297 1550 389 1579 factus.
1391 1549 1475 1586 saepe,
1493 1553 1536 1587 qui
1549 1551 1663 1577 honorem
1675 1550 1761 1578 habere
1772 1551 1848 1578 alteri
1859 1553 1962 1584 volunt,
1980 1551 2079 1587 ideoque
2092 1550 2152 1587 fere
2170 1549 2318 1586 adiungitur
2336 1545 2404 1574 dat‘·

335 1594 356 1613 Α
366 1593 378 1612 s
387 1593 399 1613 s
409 1594 429 1612 v
440 1594 455 1612 L
465 1593 485 1612 A
495 1607 503 1618 ‚
525 1593 546 1612 Α
557 1591 572 1612 s
587 1592 598 1611 s
612 1593 631 1611 v
643 1593 658 1611 L
669 1593 689 1612 A
699 1594 720 1613 ‘r
731 1594 738 1612 1
748 1593 772 1613 M
783 1606 792 1618 ,
816 1593 838 1612 Α
847 1592 860 1611 s
869 1592 882 1612 s
892 1593 912 1612 v
922 1594 938 1613 L
948 1594 966 1614 0
976 1592 989 1613 s
999 1593 1025 1614 E.
1057 1586 1127 1614 Vid.
1152 1593 1175 1613 Α
1184 1592 1196 1612 s
1206 1592 1220 1614 s
1230 1594 1239 1612 1
1250 1592 1275 1613 s.
1354 1591 1392 1616 40
1403 1586 1474 1620 Virg.
1491 1585 1542 1612 Ecl.
1554 1588 1581 1617 6,
1595 1587 1630 1612 66
1649 1587 1737 1621 thue
1750 1586 1812 1613 viro
1825 1586 1925 1614 Phoebi
1939 1587 2036 1614 chorus
2055 1586 2221 1614 assurrexerit
2239 1583 2335 1611 omnis.
2406 1586 2408 1588 ’

334 1629 356 1648 Α
367 1628 378 1647 s
388 1629 400 1647 s
409 1629 429 1648 v
438 1629 454 1648 L
463 1629 483 1648 rr
493 1629 513 1648 o
522 1642 529 1653 ‚
549 1629 570 1648 A
579 1628 591 1646 s
601 1628 614 1646 s
624 1629 643 1646 v
655 1628 670 1646 ι,
679 1629 701 1648 T
711 1629 731 1647 v
742 1629 767 1647 s.
808 1621 866 1648 Vns.
893 1629 916 1649 A
925 1629 938 1649 s
949 1629 962 1648 s
971 1631 980 1648 1
989 1629 1006 1648 L
1017 1630 1024 1648 1
1035 1628 1064 1649 ο.
1399 1621 1516 1654 Seruius,
1534 1621 1717 1653 Ass'urrexerit,
1736 1623 1874 1649 Honorem
1886 1623 2048 1657 praebuerit.
2105 1622 2162 1648 Cic.
2176 1622 2206 1649 in
2217 1620 2308 1648 Pisotfl
2319 1623 2341 1646 e.
2357 1625 2387 1646 ιι,

334 1665 356 1684 Α
365 1664 377 1683 s
388 1663 401 1683 s
411 1665 430 1696 ν
440 1665 462 1683 Μ
473 1677 481 1689 ,
501 1657 560 1683 ades
568 1677 575 1688 ,
598 1656 661 1682 affui
672 1677 678 1689 ,
694 1657 785 1683 adesse.
804 1657 944 1693 [πάρειμι]
987 1657 1046 1684 Vid.
1069 1665 1089 1684 Α
1100 1664 1118 1683 D
1128 1664 1142 1684 s
1153 1665 1173 1683 ν
1183 1665 1218 1684 Μ.
1397 1666 1466 1684 vero
1478 1657 1584 1692 reliquo
1596 1661 1716 1692 tempore
1732 1658 1874 1685 Consulem
1886 1665 1911 1685 te
1925 1659 2066 1694 quisquam
2072 1657 2164 1684 duxit}
2183 1657 2326 1693 quisquam
2337 1653 2387 1686 tib,
2412 1659 2427 1676 ’ἲ

332 1700 352 1719 Α
364 1700 376 1720 s
387 1699 398 1718 s
411 1699 509 1724 νΜο,
527 1693 552 1728 s.
578 1698 731 1723 ADSVMO,
758 1692 794 1725 si,
812 1701 884 1723 tum,
911 1696 964 1720 ere.
990 1690 1199 1728 [7‚·oe9ad.='xo,‹a.aa,
1217 1695 1346 1728 προσλαμ-
1396 1693 1471 1720 ruit!
1491 1693 1632 1727 qnisquam
1645 1693 1698 1720 tibi
1711 1693 1740 1720 in
1753 1693 1855 1721 curiam
1874 1695 1995 1722 venienti
2013 1694 2159 1721 affiirrexit.
2210 1691 2318 1720 Honori
2331 1689 2354 1717 al
2396 1680 2435 1740 ψ’

294 1727 377 1761 βαίνω,
395 1725 579 1767 προςδέχομαι]
614 1726 682 1767 quasi
699 1727 740 1766 ad-
747 1728 775 1763 se
795 1728 912 1760 sumere,
933 1732 1058 1764 accipere,
1078 1727 1207 1760 adhibere,
1223 1734 1346 1763 appetere,
1399 1728 1528 1761 assurgere
1546 1728 1609 1754 Stat.
1622 1728 1714 1755 Theb.
1726 1737 1750 1761 2,
1764 1731 1807 1755 60.
1963 1727 1984 1767 fl
2002 1738 2019 1756 2
2039 1729 2152 1765 Metapb.
2172 1731 2246 1755 etiam
2263 1737 2304 1754 res
2321 1729 2359 1753 in
2380 1739 2425 1759 ’,ιι

294 1773 415 1799 arrogare
420 1763 471 1796 eri
489 1770 534 1788 etc.
589 1764 645 1789 Cic.
666 1762 697 1788 de
712 1764 769 1788 Fin.
786 1772 807 1794 3,
821 1768 846 1792 18
859 1772 881 1789 c.
896 1771 908 1795 ς
927 1764 1002 1790 Artes
1017 1765 1098 1790 etiam
1112 1764 1178 1798 ipsas
1191 1770 1300 1798 propter
1319 1763 1346 1789 se
1354 1769 1390 1796 45
1397 1769 1438 1789 tae
1457 1763 1574 1789 diruantur
1584 1763 1725 1797 assurgere.
1745 1773 1771 1789 υ.
1784 1773 1815 1800 g.
1867 1764 1933 1790 Plin.
1948 1773 1994 1797 24,
2008 1775 2027 1799 4
2046 1765 2146 1797 Maior,
2166 1764 2195 1791 in
2208 1763 2341 1796 arborem,
2357 1761 2374 1788 s
2385 1790 2390 1794 ,
2424 1759 2426 1778 t

295 1799 455 1825 assumendas
470 1804 599 1832 putamus.
637 1799 679 1825 Sic
691 1799 825 1833 loquuntur
838 1799 924 1829 Stoici,
943 1796 1178 1834 defuisproduflis
1191 1800 1209 1825 s.
1218 1803 1346 1834 proegme-
1397 1798 1479 1825 modo
1494 1798 1608 1833 assurgit.
1644 1798 1682 1826 Id.
1698 1807 1723 1831 2,
1738 1801 1769 1831 6,-
1785 1798 1858 1826 Mihi
1871 1799 1972 1826 incerta
1986 1800 2048 1826 haec
2063 1799 2225 1827 teuit-&tatio
2237 1798 2355 1830 videtur,
2412 1800 2414 1802 ’
2429 1788 2435 1805 ¹

294 1837 344 1861 nis.
382 1835 423 1862 Sic
435 1834 467 1860 de
481 1835 499 1861 F
502 1833 539 1861 in.
556 1843 576 1865 1,
590 1843 617 1866 33
631 1843 652 1860 c.
667 1843 694 1860 ιο
716 1833 816 1860 Libero
828 1839 962 1868 tempore,
982 1843 1043 1859 cum
1058 1833 1141 1859 soluta
1153 1833 1189 1859 est
1204 1833 1283 1860 nobis
1297 1834 1343 1860 eli·
1395 1835 1489 1869 ignaro
1504 1834 1633 1869 quosdam
1651 1833 1760 1868 Alpium
1776 1834 1887 1861 vertices
1906 1835 1988 1869 longo
2001 1834 2102 1868 transitu,
2121 1844 2169 1862 nee
2187 1835 2312 1862 breuiore
2331 1840 2349 1860 L
2361 1822 2435 1862 fiiffl

294 1870 374 1905 gendi
388 1870 478 1905 optio,
499 1879 612 1905 cunique
625 1869 694 1896 nihil
710 1869 836 1904 impedit,
857 1878 912 1904 quo
924 1870 1012 1895 minus
1026 1868 1068 1900 id,
1090 1868 1285 1903 quodmaxime
1292 1869 1345 1902 pla·
1396 1869 1445 1896 bus
1458 1870 1575 1904 passuum
1588 1870 1727 1904 assurgere.
1763 1872 1802 1897 De
1818 1872 1874 1896 niue
1893 1870 1967 1905 Virg.
1984 1871 2080 1904 Georg.
2095 1878 2119 1902 3,
2132 1878 2175 1903 355
2194 1871 2350 1906 Septemque
2361 1867 2430 1897 affiffl

295 1912 360 1938 ceat,
373 1906 460 1933 facere
475 1906 612 1940 possimus,
632 1906 719 1932 omnis
737 1906 859 1939 voluptas
876 1905 1024 1931 assumenda
1035 1904 1087 1937 est,
1108 1903 1196 1931 omnis
1209 1903 1287 1930 dolor
1301 1903 1344 1929 de-
1397 1904 1436 1939 git
1450 1904 1480 1930 in
1492 1905 1575 1930 vlnas.
1629 1905 1695 1932 Plin.
1711 1914 1745 1936 13,
1757 1913 1791 1931 22
1808 1906 1869 1931 Duo
1888 1905 1991 1932 ferulae
2010 1914 2117 1940 genera:
2141 1905 2266 1933 nartheca
2285 1903 2380 1932 Graeci
2391 1911 2426 1930 vo

296 1942 440 1976 pellendus.
478 1941 663 1976 Temporibus
674 1948 761 1967 autem
783 1941 943 1976 quibusdam
978 1955 1033 1961 —
1067 1940 1217 1974 voluptates
1238 1938 1345 1974 repudi·
1356 1947 1387 1973 50
1396 1946 1466 1972 cant,
1491 1940 1664 1974 affiirgentem
1675 1940 1705 1966 in
1718 1940 1898 1967 altitudinem:
1927 1941 2088 1968 nartheciam
2101 1943 2166 1968 vero
2187 1943 2287 1978 semper
2300 1939 2424 1968 humilem

296 1977 377 2003 andae
393 1978 467 2009 sunt,
487 1982 512 2002 et
527 1976 662 2003 molestiae
680 1986 734 2002 non
747 1976 913 2003 recusandae.
973 1975 1085 2011 Aliquid
1099 1975 1266 2003 auftoritatis
1287 1975 1343 2001 Cic.
1397 1976 1439 2004 Sic
1460 1975 1575 2010 Assurgit
1586 1975 1671 2002 insula
1683 1973 1774 2002 monte
1793 1975 1859 2002 Plin.
1871 1984 1899 2009 4,
1913 1984 1949 2002 12.
2001 1977 2033 2002 Et
2052 1976 2181 2004 Columel.
2199 1986 2222 2011 2,
2235 1987 2252 2005 2
2271 1974 2424 2003 Colleuvele
2438 1989 2439 1993 ι

296 2014 389 2039 Bmto.
445 2013 597 2038 Conuiuam
615 2012 736 2048 intelligit
756 2012 823 2038 i-Ior.
838 2011 915 2045 Epist.
933 2020 951 2042 1,
966 2020 989 2043 ς,
1001 2016 1031 2040 28
1050 2012 1159 2038 Butram
1172 2011 1223 2038 tibi
1237 2011 1347 2046 Septici·
1398 2017 1501 2038 menter
1516 2017 1542 2038 et
1555 2010 1674 2038 molliter
1681 2011 1862 2045 assurgentem.
1898 2011 2002 2038 Turres
2009 2011 2140 2045 assurgunt
2157 2015 2177 2039 ι’.
2189 2009 2423 2048 astruuntur-virg
2438 1996 2442 2025 i

297 2057 412 2083 umque,
430 2049 461 2074 Et
474 2048 501 2073 ni
518 2056 599 2074 coena
615 2047 690 2081 prior
699 2047 843 2082 potiorque
855 2046 941 2081 puella
955 2045 1079 2072 Sabinum
1087 2046 1203 2078 Detinet,
1212 2047 1344 2072 assumam.
1403 2047 1468 2073 Aen.
1476 2056 1505 2079 4,
1520 2049 1561 2077 86.
1597 2047 1664 2073 Cels.
1680 2055 1706 2079 2,
1719 2052 1732 2077 8
1754 2045 1923 2080 Qiibusdam
1934 2047 2049 2073 etiamin
2061 2046 2111 2074 hoe
2117 2047 2212 2076 morbo
2225 2045 2422 2075 tumoresoriur
2437 2035 2441 2053 '

297 2085 410 2119 Copiam
432 2083 539 2110 dicendi
566 2083 622 2110 Cic.
645 2083 677 2109 de
691 2086 766 2109 Orat.
781 2091 799 2115 ι,
814 2090 861 2116 170
876 2091 897 2107 c.
912 2089 943 2117 37
965 2087 1108 2115 comparare
1115 2080 1168 2113 fibi
1186 2081 1220 2106 ad
1235 2081 1344 2115 reliqua,
1397 2087 1453 2112 tur,
1472 2081 1568 2108 deinde
1582 2081 1710 2114 desinunt,
1731 2082 1826 2109 deinde
1838 2083 1929 2109 rursus
1944 2083 2084 2117 assurgunt.
2126 2083 2202 2117 Virg.
2215 2084 2279 2108 Aen.
2295 2090 2317 2113 1,
2331 2086 2372 2113 535
2392 2079 2422 2113 Si:

295 2130 355 2156 quae
368 2123 418 2146 iam
431 2119 552 2146 habemus.
624 2119 671 2146 Sici
684 2119 817 2145 Assumere
831 2117 930 2144 Filium
942 2115 976 2150 2st
989 2117 1107 2151 adoptare
1125 2115 1192 2142 Plin.
1207 2116 1268 2141 Pan.
1278 2122 1309 2149 7,
1324 2121 1345 2147 ς.
1355 2119 1385 2145 55
1395 2114 1457 2141 bito
1470 2115 1599 2150 assurgens
1616 2117 1699 2143 flue-'ku
1713 2118 1849 2144 nimbosus
1856 2117 1953 2144 Orion.
2150 2126 2163 2150 3
2183 2117 2228 2144 Ad
2237 2119 2343 2143 animum
2358 2120 2381 2140 et
2406 2128 2421 2149 ι»,

296 2161 320 2187 8,
333 2164 354 2188 3.
392 2155 527 2181 Generum
546 2153 583 2180 Id.
597 2154 676 2189 Epist.
693 2163 715 2186 3,
730 2163 760 2180 ιι.
833 2154 875 2181 Sic
887 2153 949 2179 idem
964 2153 1031 2178 Plin.
1045 2152 1075 2178 in
1088 2152 1181 2186 Paneg.
1195 2156 1222 2183 83
1239 2151 1292 2176 Aut
1305 2149 1345 2176 in·
1396 2156 1482 2177 tunam
1495 2150 1617 2186 refertur.
1652 2151 1784 2183 Qineul.
1799 2160 1820 2184 ι,
1834 2157 1858 2183 8,
1871 2155 1889 2178 6
1903 2154 2014 2179 Interim
2023 2158 2049 2179 et
2056 2153 2219 2180 subhmitate
2232 2149 2336 2179 heroici
2347 2158 2370 2176 c.
2389 2147 2427 2181 ..1“[

296 2191 442 2217 consultius
455 2191 530 2216 onr
543 2191 648 2216 assumta
658 2210 665 2221 ,
682 2195 727 2216 aut
739 2195 840 2216 retenta
853 2188 1004 2223 patientius.
1056 2188 1121 2214 Aur.
1142 2186 1212 2214 Vidi.
1226 2185 1258 2213 de
1271 2185 1345 2212 Viris
1396 2185 1438 2212 nis
1446 2185 1549 2212 animus
1569 2186 1696 2220 assurgat,
1714 2191 1741 2212 et
1754 2184 1785 2212 ex'
1806 2187 1988 2220 magnitudine
2000 2196 2091 2214 rerum
2105 2188 2229 2223 spiritum
2242 2187 2327 2214 ducat.
2360 2186 2363 2188 ’
2394 2184 2396 2189 ’

295 2226 375 2253 illust.
390 2234 417 2260 7,
430 2234 447 2258 4
469 2226 524 2258 Qu
538 2234 619 2260 quum
638 2225 805 2257 adoleuisset‚
833 2233 915 2258 gener
937 2233 951 2250 a
973 2223 1130 2258 Tarquinio
1154 2223 1277 2249 assumtus
1298 2221 1343 2248 est.
1398 2220 1490 2248 Theb.
1504 2230 1542 2254 10,
1555 2230 1600 2248 221
1621 2221 1725 2248 Gaudet
1739 2221 1768 2248 in
1780 2221 1903 2254 aduersis,
1921 2222 2065 2257 animoque
2086 2224 2194 2256 assurgit
2212 2221 2354 2249 Adrastus.'
2383 2226 2394 2250 ’ῥ’

296 2262 352 2288 Cic.
368 2262 396 2288 in
410 2262 485 2288 Orat.
498 2269 547 2293 209
567 2261 655 2287 Genus
668 2266 757 2286 autem
772 2260 822 2286 hoc
843 2259 986 2290 orationis,
1006 2267 1092 2293 neque
1111 2263 1198 2284 totum
1220 2258 1345 2283 assumen-
1396 2257 1530 2291 asliirgunt
1549 2258 1625 2291 Virg.
1639 2257 1704 2283 Aen.
1719 2266 1757 2290 12,
1775 2266 1841 2290 494.
1896 2257 1965 2283 Vell.
1983 2266 2010 2290 2,
2028 2266 2070 2290 51,
2092 2266 2104 2290 3
2124 2258 2180 2284 Illis
2193 2256 2389 2285 incrementis<

295 2297 360 2324 dum
372 2297 408 2323 est
421 2296 453 2323 ad
467 2297 553 2323 causas
567 2297 699 2328 forenses,
717 2304 803 2331 neque
815 2295 928 2321 omnino
939 2293 1141 2329 repudiandum.
1189 2294 1220 2320 In
1236 2293 1384 2328 discipli-60
1396 2292 1480 2324 viam,
1499 2291 1597 2327 quibus
1611 2292 1753 2327 assurgeret
1767 2293 1796 2318 in
1809 2292 1984 2328 triumphum.
2020 2293 2095 2328 Virg.
2112 2295 2177 2320 Aen.
2192 2303 2229 2327 10,
2242 2301 2273 2327 93
2291 2293 2372 2320 Nune

294 2343 328 2359 na
340 2335 462 2360 Orator-ia
474 2334 551 2359 locum
565 2332 651 2364 habet,
670 2332 714 2358 vbi
726 2331 755 2357 de
766 2333 921 2368 argumentis
933 2329 1129 2391 externisg'rrmo
1143 2326 1183 2362 est.
1240 2329 1296 2355 Cic.
1311 2327 1345 2355 de
1395 2327 1511 2363 querelis
1524 2328 1603 2354 Haud
1616 2327 1690 2354 iustis
1702 2328 1818 2363 assurgis,
1830 2337 1856 2354 et
1868 2329 1946 2355 irrita
1959 2329 2046 2363 iurgia
2059 2329 2148 2356 iaetas.
2186 2327 2317 2364 Qinffll.
2331 2336 2386 2361 1051

295 2370 370 2396 Orat.
384 2377 407 2401 3,
420 2370 466 2395 162
485 2368 558 2402 Qid
571 2368 642 2394 enim
657 2367 701 2400 est,
710 2368 738 2394 in
752 2375 807 2402 quo
821 2366 937 2398 haereat,
955 2366 1002 2401 qni
1014 2366 1042 2391 vi
1062 2365 1114 2391 erit
1126 2373 1205 2391 omne
1217 2363 1290 2399 qnod
1304 2364 1344 2390 su·
1395 2364 1468 2390 Raro
1479 2363 1586 2399 assurgit
1598 2363 1737 2391 Hesiodus.
1774 2366 1805 2390 Et
1818 2373 1856 2397 10,
1872 2373 1897 2397 2,
1912 2373 1942 2390 22
1962 2365 2020 2391 Nec
2031 2365 2178 2392 Comoedia
2198 2366 2228 2392 in
2245 2364 2384 2391 cothurno

295 2411 383 2431 matur
408 2404 437 2430 in
463 2405 601 2437 oratione,
620 2411 665 2430 aut
684 2403 716 2430 ad
734 2402 917 2438 probandum,
937 2410 983 2429 aut
998 2401 1031 2428 ad
1043 2400 1235 2433 refellendum,
1253 2405 1297 2427 aut
1309 2408 1343 2426 ex
1396 2399 1488 2434 surgit.
1634 2396 1637 2406 ⁴
1653 2397 1674 2436 fl
1693 2408 1713 2433 4
1733 2400 1852 2435 Assurgi,
1866 2399 2063 2435 pqffiuum,fiuc
2075 2400 2243 2437 inipcrjbnalc.
2280 2399 2337 2428 Cic.
2350 2399 2390 2426 de‘

297 2441 342 2467 sua
361 2440 429 2467 sumi
447 2440 477 2466 vi
488 2445 566 2475 atque
585 2445 694 2472 natura,
714 2444 758 2465 aut
776 2438 869 2465 assumi
889 2438 979 2464 forisZ
1014 2436 1088 2463 Idem
1101 2437 1130 2462 in
1142 2436 1258 2470 Topicis
1271 2440 1286 2466 8
1306 2436 1343 2462 Ex
1394 2435 1463 2462 ne&
1489 2436 1524 2461 62
1544 2436 1616 2461 Haec
1629 2437 1701 2463 enim
1713 2435 1768 2470 ipsa
1781 2436 1840 2462 sunt
1853 2434 2033 2467 honorabilia,
2052 2445 2120 2470 quae
2135 2436 2259 2464 videntur
2273 2435 2343 2462 leuia
2361 2439 2396 2462 at
2422 2466 2423 2469 .

294 2475 336 2503 his
361 2476 443 2508 locis,
464 2476 493 2502 in
511 2476 607 2511 quibus
629 2480 784 2510 argumenta
798 2474 897 2500 inclusa
915 2475 988 2505 sunt,
1002 2473 1052 2500 alii
1064 2473 1092 2498 in
1104 2481 1137 2499 eo
1150 2473 1218 2507 ipso,
1241 2471 1273 2498 de
1286 2480 1341 2506 quo
1353 2472 1386 2503 65
1396 2471 1557 2504 communia,
1576 2471 1693 2504 salutari,
1718 2471 1820 2506 appeti,
1838 2470 1938 2503 decedi,
1957 2472 2061 2506 assurgi,
2081 2471 2186 2505 deduci,
2204 2471 2311 2504 reduci,
2329 2479 2378 2497 con
2404 2471 2417 2505 ”1

295 2512 398 2546 agitur,
416 2511 544 2538 haerent:
579 2512 628 2538 alii
641 2512 804 2538 assumuntur
816 2510 985 2536 extrinsecus.
1033 2508 1160 2544 Sedpatet
1172 2507 1285 2543 lattffimc
1298 2508 1343 2534 hoc
1394 2507 1465 2534 Suet.
1484 2507 1551 2541 Aug.
1571 2509 1602 2540 56
1628 2507 1732 2533 Eisdem
1752 2507 1918 2542 praetextatis
1936 2507 2020 2533 adhuc
2039 2507 2195 2535 antii-cetum
2213 2507 2246 2534 ab
2262 2505 2407 2535 vniuersisf

296 2547 408 2574 verbum.
452 2547 509 2574 Cic.
522 2549 574 2574 Λα.
589 2557 610 2578 2,
625 2556 652 2580 19
673 2548 728 2581 Ego
743 2545 811 2581 apud
824 2545 962 2580 improbos
975 2553 1062 2571 meam
1073 2544 1251 2574 retinuissem,
1271 2543 1342 2570 Inui·
1393 2542 1509 2574 theatro,
1528 2548 1553 2569 et
1567 2541 1708 2570 astantibus
1721 2542 1838 2577 plausum
1852 2542 1997 2577 grauiffime
2010 2543 2130 2578 quaestus
2143 2543 2188 2571 est.
2221 2544 2312 2577 Quum
2332 2541 2418 2568 conset

297 2583 385 2615 diam,
402 2582 515 2608 alienam
531 2583 691 2609 affiimfiffem
702 2603 709 2614 ,
730 2586 748 2608 i.
762 2581 862 2618 insuper
873 2579 1057 2614 contraxtſjim.
1094 2581 1151 2607 Cic.
1164 2589 1213 2615 pro
1219 2580 1342 2606 Muraen.
1394 2579 1423 2605 su
1437 2577 1572 2605 nobilium
1586 2577 1805 2611 adolescentium,
1823 2578 1872 2614 qui
1884 2577 1926 2606 ibi
1937 2577 2074 2606 affidebant
2083 2599 2092 2612 ‚
2110 2578 2282 2607 assurret‘him
2295 2578 2321 2604 ei
2334 2585 2390 2603 non
2407 2605 2413 2610 1.

295 2627 320 2650 3ι
335 2627 355 2644 c.
372 2627 400 2651 ¹4
420 2619 508 2651 Quam
524 2618 641 2644 Laudem
654 2619 700 2644 ille
714 2618 805 2644 Africa
818 2618 936 2652 oppressa
946 2616 1106 2651 cognomine
1119 2616 1176 2649 ipso
1190 2624 1251 2650 prae
1266 2617 1291 2642 se
1304 2616 1343 2641 fe·
1395 2615 1432 2642 set
1452 2614 1514 2640 Liu.
1533 2623 1549 2647 9
1568 2620 1632 2641 extr.
2385 2628 2393 2647 .'

295 2653 388 2685 rebat,
407 2653 518 2680 eandem
537 2653 580 2680 hie
599 2654 648 2679 tibi
667 2663 699 2680 ex
719 2653 792 2681 Asiae
809 2653 919 2680 nomine
939 2652 1058 2679 assumsit.
1129 2651 1169 2678 Id.
1183 2652 1255 2678 Fam.
1270 2659 1297 2686 7,
1310 2652 1345 2677 26
1351 2652 1387 2681 70
1429 2657 1454 2677 A
1464 2658 1476 2677 s
1485 2658 1498 2678 s
1508 2657 1529 2677 ν
1538 2656 1586 2676 RG
1595 2656 1642 2677 ΕΝ
1651 2655 1679 2682 s,
1701 2649 1778 2676 entis.
1801 2649 1821 2675 Ε
1834 2648 1911 2684 graui
1926 2649 2046 2684 corporis
2058 2649 2156 2677 morbo
2168 2649 2300 2684 assurgens
2318 2647 2388 2674 Tac.
2408 2648 2414 2676 ³?

296 2691 382 2725 Atque
395 2688 520 2723 equidem
533 2689 567 2715 ali
588 2695 697 2715 uantum
708 2689 761 2714 iam
774 2689 854 2715 etiam
867 2688 954 2715 noeiis
972 2689 1078 2715 assumo.
1133 2687 1268 2714 Nonnihil
1293 2686 1343 2713 fibi
1404 2694 1430 2718 2,
1444 2694 1487 2719 99,
1503 2695 1522 2712 1.
1559 2685 1647 2712 Colles
1660 2685 1800 2712 clementer
1814 2685 1969 2720 assurgentes
1988 2684 2026 2711 Id.
2039 2685 2106 2711 Ann.
2127 2694 2161 2718 ι3,
2173 2690 2210 2718 38,
2223 2693 2252 2718 4.
2349 2708 2352 2721 ,

296 2725 392 2752 nitoris
406 2725 532 2751 assumere
547 2698 623 2751 ddiet
638 2724 795 2751 declamatio
815 2724 947 2757 Qxineul.
960 2733 986 2757 2,
1000 2733 1039 2756 10,
1054 2732 1090 2751 12.
1132 2723 1212 2751 Ouid.
1228 2724 1293 2749 Met.
1309 2730 1344 2755 ις,
1431 2729 1475 2748 As
1485 2729 1497 2748 s
1507 2729 1559 2748 vs.
1581 2720 1702 2755 [Ἄσσος]
1728 2721 1793 2747 Vrbs
1812 2721 1930 2748 Troadis.
1968 2722 2020 2747 Hic
2041 2720 2196 2747 memoranda
2210 2726 2240 2746 vt
2258 2718 2305 2754 fit,
2316 2717 2352 2755 sa
2371 2726 2386 2748 ‘2-
2408 2731 2414 2755 ;

296 2769 344 2794 42¹
364 2761 504 2787 Cernimus
538 2775 583 2780 -—
618 2760 675 2787 illas
697 2760 822 2786 assumere
845 2759 945 2787 robora
972 2766 1082 2794 gentes3
1118 2758 1266 2786 Concidere
1287 2757 1341 2784 has.
1432 2764 1572 2784 ASSivs
1593 2757 1666 2791 lapis,
1686 2757 1716 2782 cle
1732 2765 1778 2793 quo
1793 2756 1859 2783 Plin.
1874 2759 1916 2789 36,
1937 2764 1965 2791 ι7
1985 2757 2003 2783 s.
2018 2764 2051 2792 37
2072 2758 2103 2783 In
2133 2757 2193 2783 Asso
2210 2754 2331 2783 Troadis
2354 2758 2379 2778 ”w
2396 2766 2416 2797 -Ὶ

296 2797 352 2824 Cic.
367 2805 416 2831 pro
429 2797 509 2823 Corn.
524 2795 597 2822 Balb.
611 2803 639 2828 53
660 2796 735 2823 Sacra
749 2795 853 2823 Cereris
866 2804 950 2830 quum
965 2796 1043 2821 essent
1055 2795 1087 2821 de
1101 2795 1211 2821 Graecia
1224 2794 1341 2826 assumta,
1395 2792 1495 2828 phagus
1507 2793 1572 2828 lapis
1584 2792 1652 2819 fissili
1662 2801 1729 2819 vena
1741 2792 1878 2820 scinditur.
1913 2793 2033 2827 Corpora
2045 2792 2233 2819 defunetorum
2251 2790 2368 2822 condita
2401 2795 2414 2819 ';.

295 2840 342 2859 etc.
379 2832 469 2859 Tacit.
483 2831 570 2866 Agric.
587 2840 598 2864 3
620 2832 677 2858 Nec
691 2831 761 2865 spem
777 2831 859 2858 modo
871 2839 901 2858 ac
912 2837 1006 2858 votum
1020 2831 1160 2863 securitas,
1174 2829 1289 2865 publica,
1299 2829 1342 2856 sed
1354 2833 1385 2861 75
1394 2829 1499 2855 absumi
1513 2828 1612 2855 constat
1625 2829 1693 2856 intra
1705 2829 1752 2856 XL
1767 2828 1970 2863 dicm‚exceptis
1985 2827 2108 2854 dentibus
2128 2843 2163 2849 --
2173 2827 2252 2854 Affius
2263 2826 2338 2862 gustu
2400 2822 2415 2860 'sl‘

295 2868 375 2903 ipsius
387 2867 447 2895 voti
459 2867 584 2894 fiduciam
597 2876 625 2894 ac
638 2866 723 2894 robur
737 2866 888 2893 assumserit.
958 2867 1037 2894 Vires
1059 2865 1141 2893 Ouid.
1155 2867 1220 2892 Met.
1236 2874 1269 2898 13,
1283 2867 1339 2895 886.
1393 2864 1521 2900 podagras
1535 2865 1600 2892 lenit
1613 2871 1657 2892 etc.
1691 2863 1760 2892 Add.
1772 2873 1798 2896 2,
1812 2866 1855 2897 96.
1892 2867 1922 2891 it.
1934 2869 1976 2897 28,
1989 2873 2006 2897 9
2020 2865 2038 2890 s.
2049 2872 2091 2899 37.
2126 2865 2245 2891 Meminit
2257 2870 2280 2890 et
2294 2861 2378 2903 Cels-g·

295 2905 429 2937 onrem,
447 2903 502 2930 vid.
509 2902 595 2939 paullo
607 2909 664 2930 ante
678 2901 787 2929 Filium.
823 2902 949 2937 Aliquem
960 2903 990 2929 in
1003 2902 1141 2929 consilium
1151 2922 1159 2934 ,
1180 2903 1265 2928 Petere
1275 2901 1306 2928 ab
1314 2910 1339 2927 eo
1390 2900 1510 2927 scribon.
1524 2905 1554 2931 82
1567 2906 1591 2927 et
1611 2902 1671 2936 267.
2328 2910 2332 2922 ι
2358 2930 2360 2934 .
2371 2904 2375 2911 “

294 2938 421 2974 confilium
447 2939 513 2966 Plin.
527 2940 588 2966 Pan.
602 2943 626 2972 8,
640 2946 660 2965 ι.
696 2939 727 2964 In
738 2937 901 2964 consortium
920 2937 957 2964 Id.
971 2945 998 2973 7,
1013 2947 1034 2971 3.
1070 2938 1101 2964 In
1116 2937 1265 2964 societatem
1278 2937 1339 2964 Liu.
1428 2944 1449 2962 Α
1458 2944 1471 2963 s
1480 2944 1492 2963 s
1502 2943 1522 2963 V
1531 2944 1544 2964 S
1553 2956 1561 2969 ,
1581 2945 1607 2969 a,
1627 2945 1680 2963 um.
1706 2934 1805 2970 [146on
1824 2934 1925 2970 οἱα-λῖς]
1948 2937 2035 2962 Prima
2049 2942 2073 2961 ec
2085 2935 2196 2971 generali
2207 2936 2305 2960 notione
2311 2931 2354 2970 sol

295 2985 321 3008 ι,
336 2984 377 3003 22.
412 2975 444 3002 In
465 2975 616 3002 societatem
634 2973 761 3001 facinoris
781 2973 884 3000 assumti
900 2973 995 3000 fratres
1016 2973 1076 3000 Iust.
1093 2982 1131 3005 10,
1146 2982 1167 3005 ι,
1181 2981 1202 3007 3.
1251 2975 1281 3000 In
1293 2982 1341 2999 no-
1393 2981 1483 3004 merus,
1503 2973 1543 2999 vel
1555 2975 1654 3005 unicus,
1673 2971 1799 3007 vtifiapra
1811 2969 1959 3005 qsiendimus
1970 2978 2008 2998 As
2028 2972 2070 2998 vel
2087 2977 2197 2998 ASSis
2213 2978 2295 2996 vnum
2307 2967 2359 3006 sig-i
2376 2979 2379 2986 ι

295 3021 356 3038 men
364 3032 373 3044 ‚
387 3017 436 3047 pro
452 3011 570 3047 Θουρίαν-ι’
582 3013 609 3036 in
617 3009 748 3046 familiam
762 3015 786 3035 et
799 3012 838 3036 ius
851 3011 968 3034 nominis.
1008 3009 1075 3035 Plin.
1089 3009 1168 3043 Epist.
1184 3015 1207 3042 8,
1222 3014 1247 3039 ιε
1267 3009 1342 3042 Qiin
1349 3011 1381 3037 80
1393 3017 1429 3035 re.
1465 3007 1605 3035 Audiamus
1618 3006 1738 3035 Nonium
1752 3015 1777 3039 2,
1793 3015 1829 3041 70
1845 3007 1902 3034 Assa
1914 3016 1989 3040 voce,
2002 3006 2056 3033 sola
2068 3015 2145 3039 voce,
2160 3005 2265 3041 linguae
2278 3010 2376 3040 tantu·

294 3047 374 3074 etiam
397 3047 532 3073 Domitius
546 3046 626 3078 Afer,
647 3045 695 3081 qui
706 3045 768 3071 illos
782 3044 811 3072 in
823 3053 921 3071 nomen
931 3044 1042 3071 assumsit
1051 3065 1059 3077 ,
1077 3044 1190 3080 reliquit
1203 3045 1340 3072 testamen·
1393 3043 1438 3076 do,
1457 3050 1502 3070 aut
1515 3043 1590 3070 vocis
1601 3043 1730 3071 humanae
1741 3051 1796 3068 non
1815 3042 1939 3070 admixtis
1951 3043 2011 3070 aliis
2024 3042 2128 3069 musicis
2139 3043 2187 3069 esse
2199 3041 2351 3068 voluerunt.
2366 3044 2368 3047 “

294 3089 368 3115 tum,
385 3089 445 3109 ante
457 3082 520 3109 0610
535 3088 561 3109 et
574 3081 664 3108 decem
675 3089 758 3107 annos
770 3085 957 3115 nuncupatum.
993 3081 1024 3105 In
1035 3081 1184 3114 exemplum
1199 3081 1286 3115 operis
1294 3080 1341 3107 ali·
1391 3088 1424 3106 ro
1437 3078 1469 3106 dc
1483 3079 1538 3107 vita
1551 3079 1644 3115 populi
1655 3080 1731 3106 Rom.
1745 3077 1792 3105 lib.
1807 3087 1824 3105 2.
1841 3080 1873 3105 ln
1886 3079 2020 3106 conuiuiis
2035 3078 2111 3113 pueri
2124 3077 2236 3104 modesti
2254 3083 2284 3104 vt
2303 3081 2361 3103 cant
2373 3090 2376 3096 v

296 3127 374 3152 quem
382 3117 431 3145 sibi
438 3118 563 3145 assumere
570 3116 702 3152 Qinffli.
711 3124 733 3149 ς,
743 3125 825 3149 12,2i.
844 3117 886 3144 Sic
893 3115 988 3152 [cufim.
996 3114 1044 3151 sed
1074 3114 1148 3148 oslcri
1156 3115 1216 3151 fere
1230 3117 1340 3144 sumere.
1393 3115 1511 3142 carmina
1524 3116 1645 3151 antiqua,
1659 3115 1687 3142 in
1700 3113 1798 3150 quibus
1809 3114 1898 3141 laudes
1912 3122 1986 3142 erant
1992 3115 2136 3146 maiorum,
2155 3120 2182 3140 ct
2193 3113 2242 3140 assa
2249 3121 2330 3150 voce,=
2344 3111 2372 3153 ε..

296 3154 429 3180 Assumcre
446 3161 558 3181 oratores
576 3160 600 3180 et
612 3150 750 3180 Dialefi'ici
763 3151 895 3184 dicuntur,
912 3159 984 3187 quum
1004 3153 1047 3187 qui
1079 3150 1202 3184 affirunt,
1216 3152 1280 3187 quod
1292 3152 1340 3189 sa·
1391 3150 1512 3179 tibicine.
1549 3151 1623 3178 Idem
1638 3153 1704 3178 Cato
1717 3150 1759 3177 vel
1773 3150 1804 3176 de
1823 3150 1916 3177 liberis
1930 3150 2086 3182 educandis,
2105 3149 2192 3177 Melos
2211 3149 2322 3176 alterum
2336 3147 2363 3175 in

292 3192 347 3215 ciat
357 3189 391 3215 ad
402 3187 571 3222 ostendendam
576 3187 775 3225 propositionem.
790 3188 868 3224 Vulgo
879 3187 950 3215 bodie
956 3186 1045 3212 dimne
1056 3185 1216 3219 subsumere,
1236 3190 1254 3213 i.
1264 3192 1341 3216 mino·
1351 3191 1380 3220 85
1389 3187 1462 3214 tibus
1476 3187 1512 3213 est
1528 3187 1697 3222 bipartitum,
1717 3195 1811 3218 vnum,
1824 3186 1896 3221 quod
1910 3186 1946 3213 est
1959 3187 1988 3213 in
1999 3187 2048 3213 assa
2062 3194 2144 3218 voce,
2155 3185 2268 3213 alterum
2276 3203 2285 3218 ,
2304 3191 2371 3219 quot

293 3233 344 3250 rem
356 3227 383 3250 in
398 3224 540 3262 Syllogzsmo
549 3223 739 3261 propositionem
747 3230 849 3259 ponere.
884 3222 940 3249 Cic.
954 3221 986 3249 de
1000 3221 1091 3249 Diuin.
1105 3231 1130 3255 2,
1145 3224 1191 3249 106
1207 3232 1227 3249 c.
1243 3231 1268 3255 ςι
1290 3224 1340 3250 De·
1390 3229 1451 3251 cant
1463 3223 1617 3257 organicon.
1648 3222 1651 3225 ⁴
1671 3222 1759 3250 Assum
1776 3228 1864 3249 autem
1883 3222 2073 3250 aestimandum
2090 3221 2127 3248 est
2144 3227 2174 3248 vt
2191 3220 2220 3247 in
2240 3218 2371 3254 opsonii-

295 3258 357 3287 indc
371 3259 508 3294 assumunt,
527 3262 591 3288 Sunt
604 3266 692 3287 autem
705 3259 759 3287 dii:
778 3258 852 3294 quod
865 3257 950 3293 ipsum
964 3266 1018 3284 non
1030 3257 1062 3284 ab
1076 3257 1200 3285 omnibus
1219 3259 1340 3287 concedi·
1392 3259 1528 3294 pigmento
1540 3259 1639 3294 saporis
1651 3257 1742 3290 alieni,
1761 3257 1986 3292 quemadmodum
1998 3256 2212 3290 merumdichur
2230 3256 2324 3283 solum.
2360 3284 2362 3290 .

295 3303 349 3323 tur.
386 3294 454 3321 ibid.
473 3304 517 3328 109
530 3306 552 3323 c.
567 3304 593 3329 53
609 3295 722 3323 Assumit
734 3300 821 3322 autem
834 3294 974 3329 Cratippus
985 3292 1035 3320 hoc
1049 3293 1144 3320 modo:
1174 3295 1237 3321 Sunt
1250 3301 1340 3323 autem
1392 3294 1513 3321 Nonius:
1533 3298 1603 3322 cuius
1614 3296 1704 3322 ultima
1716 3294 1780 3322 hunc
1793 3293 1891 3330 stnfizm
1912 3294 2017 3321 hahent:
2038 3295 2106 3322 Sicut
2119 3301 2231 3321 merum,
2251 3291 2316 3332 quod
2323 3291 2360 3327 εἰ

295 3329 504 3358 innumerabiles
517 3331 706 3366 praesensiones
719 3339 774 3358 non
785 3330 922 3358 fortuitae.
978 3330 1012 3356 At
1032 3338 1083 3364 ego
1101 3329 1163 3356 dico
1177 3330 1277 3357 nullam
1293 3345 1340 3352 —-
1390 3333 1488 3356 notione
1496 3331 1586 3367 solum,
1600 3338 1708 3367 purum,
1718 3328 1841 3364 sincerum
1856 3329 2002 3366 fignificat,
2014 3330 2178 3365 peculiariter
2195 3326 2230 3354 ad
2241 3329 2361 3363 fignific-

294 3369 351 3395 Iam
363 3365 518 3393 assumtione
529 3375 582 3393 non
594 3367 716 3398 concessa,
736 3366 810 3394 nulla
821 3365 953 3394 conclusio
967 3365 1013 3391 est.
1030 3365 1077 3392 vid
1088 3373 1143 3391 mox
1163 3371 1338 3394 Asva'rro.
1346 3372 1382 3397 90
1391 3368 1478 3392 vinum
1487 3374 1586 3403 purum,
1606 3369 1647 3393 cui
1659 3366 1725 3393 nihil
1737 3365 1874 3392 admixtum
1893 3366 2038 3392 adhibetur:
2057 3367 2096 3391 ita
2107 3363 2187 3390 assum
2199 3364 2323 3400 opsonium
2360 3388 2363 3393 ,

294 3400 561 3443 Arrogarefignificat
581 3402 635 3428 cic.
648 3411 698 3437 pro
704 3402 774 3436 Sylla
786 3407 815 3436 85
834 3402 902 3429 Dico
910 3400 977 3428 illud
991 3400 1072 3436 quod,
1086 3401 1115 3427 in
1128 3400 1169 3427 his
1183 3401 1263 3428 causis
1276 3411 1338 3429 con·
1387 3410 1449 3433 nem,
1459 3401 1618 3437 simpliciter,
1638 3401 1706 3428 ‘trulla
1725 3410 1761 3433 re,
1778 3410 1806 3427 ne
1818 3411 1882 3437 aqua
1895 3401 1989 3437 quidem
2001 3399 2092 3435 affissan
2103 3398 2159 3435 filo
2175 3402 2232 3435 igne
2243 3397 2347 3431 coflam,
2362 3417 2365 3427 „

294 3436 436 3464 iurationis
455 3444 510 3462 non
523 3436 675 3465 alletoritati
689 3439 796 3471 assumo,
816 3437 859 3465 sed
874 3436 972 3473 pudori
983 3445 1053 3463 meo.
1107 3436 1144 3463 Id.
1158 3436 1210 3463 Off.
1225 3446 1245 3470 1,
1258 3446 1275 3465 2
1287 3447 1310 3465 c.
1325 3447 1336 3465 1
1381 3436 1456 3473 ficar.
1494 3436 1534 3472 1:st
1548 3447 1605 3474 ergo
1617 3438 1703 3464 Assum
1710 3436 1800 3473 solum,
1821 3440 1930 3469 vm'cum,
1940 3435 1993 3473 fibi
2004 3433 2134 3463 reliflum:
2151 3443 2177 3461 ea
2197 3443 2223 3461 ue
2236 3436 2302 3461 notio
2313 3443 2340 3460 α
2353 3438 2361 3472 5⁷

295 3473 322 3500 Si
335 3472 363 3500 id
376 3471 447 3499 mihi
460 3471 568 3504 assumo,
588 3473 684 3501 videor
697 3474 726 3501 id
738 3483 800 3501 meo
813 3474 873 3501 iure
885 3471 1084 3509 quodammodo
1097 3471 1242 3500 vindicare.
1296 3472 1336 3501 Id.
1388 3482 1448 3508 quac
1454 3472 1590 3510 fiipcrfimt
1602 3474 1708 3508 exempla
1721 3473 1845 3508 applicari
1854 3470 1943 3508 potest.
1980 3473 2081 3506 Nempe,
2100 3476 2131 3496 vt
2142 3479 2169 3496 or
2187 3473 2227 3496 ine
2233 3471 2348 3496 clement·

293 3509 326 3536 dc
340 3509 404 3536 Nat.
418 3508 498 3534 Deor-
515 3515 569 3547 31σ.
583 3510 613 3539 36
633 3509 708 3536 Τιιιιι
715 3509 768 3537 diis
783 3509 878 3545 gratias
891 3508 1001 3544 agimus,
1018 3513 1075 3534 tuin
1089 3507 1158 3534 nihil
1172 3508 1275 3535 nostrae
1282 3508 1337 3536 lau-
1380 3509 1515 3544 ftquamur
1521 3507 1687 3546 Jicbflantiucn
1707 3509 1794 3544 quibus
1806 3511 1928 3545 iungitur.
1968 3507 2024 3534 Assa
2038 3509 2087 3532 int.
2101 3505 2204 3538 balnea,
2222 3504 2332 3540 eglilocus
2354 3518 2357 3534 τ

292 3545 322 3570 di
334 3544 472 3571 assumtum
485 3542 655 3570 arbitramur.
711 3545 749 3572 ld.
762 3546 816 3573 Off.
835 3554 858 3578 3,
867 3554 893 3578 23
912 3545 943 3572 Et
955 3543 994 3577 id,
1007 3542 1079 3579 quod
1092 3543 1170 3570 alteri
1182 3542 1336 3578 detraxerit,
1343 3551 1376 3577 95
1387 3547 1449 3576 neis,
1468 3545 1510 3571 vbi
1524 3544 1580 3571 solo
1594 3543 1689 3577 calore,
1706 3544 1785 3580 Jicdor
1791 3551 1952 3578 prouocatur,
1971 3551 2019 3568 non
2032 3540 2146 3568 adhibita
2159 3551 2230 3577 aqua.
2256 3541 2306 3574 'Sic
2317 3549 2343 3567 c:¹
2356 3545 2359 3554 ”

293 3579 342 3606 sibi
357 3580 471 3606 assumat.
523 3578 624 3605 Assinni
636 3582 710 3606 etiam
724 3581 827 3614 dicitur,
859 3580 914 3613 uod,
923 3585 1026 3617 praeter
1057 3588 1112 3605 uam
1141 3579 1188 3605 uod
1199 3580 1336 3615 oportebat,
1385 3579 1485 3615 alligas
1504 3581 1561 3607 Cic.
1576 3579 1608 3607 ad
1624 3582 1657 3613 Q
1674 3581 1759 3607 Fratr.
1775 3588 1797 3612 3,
1813 3588 1833 3612 ι,
1850 3588 1859 3605 ι
1876 3580 1908 3606 In
1921 3576 2062 3605 balneariis
2074 3577 2122 3603 assa
2134 3577 2163 3603 in
2177 3577 2290 3604 alterum
2307 3584 2334 3603 a·

293 3614 396 3642 assilitur
409 3622 434 3642 et
458 3616 565 3645 umitur,
581 3620 611 3640 vt
629 3614 767 3650 asc-iticium
782 3623 805 3642 et
822 3627 838 3643 α
849 3620 937 3643 denum.
993 3616 1035 3642 Au
1063 3622 1096 3641 or
1109 3623 1123 3640 a
1156 3615 1309 3648 Hei-emti,
1325 3624 1336 3643 1
1387 3614 1422 3641 rii
1437 3615 1562 3650 angulum
1580 3616 1721 3651 promoui,
1739 3622 1878 3650 propterea
1889 3611 1961 3648 quod
1979 3612 2018 3638 ita
2029 3618 2103 3638 erant
2121 3612 2219 3646 posita,
2240 3619 2268 3639 vt
2280 3620 2312 3638 eo

294 3651 365 3682 Quas
378 3650 414 3677 ob
426 3659 467 3677 res
480 3649 524 3677 illa
534 3670 542 3682 ‚
561 3658 628 3685 quae
643 3651 737 3677 Graeci
756 3652 895 3686 scriptores
913 3651 999 3679 inanis
1010 3649 1176 3685 arrogantiae
1195 3652 1270 3678 causa
1285 3651 1336 3678 fibi
1387 3653 1522 3684 porarium
1537 3655 1587 3683 (cx
1597 3661 1651 3686 quo
1660 3651 1727 3686 ignis
1735 3651 1864 3685 erumpit:
1879 3646 2020 3685 baecglqffiz
2029 3647 2176 3674 uidebantur
2188 3651 2238 3675 iam
2251 3644 2337 3682 Vrfin‘o
2348 3648 2365 3677 ‘1-

292 3685 471 3719 assumserunt,
490 3685 655 3721 reliquimus.
692 3685 761 3712 Nam
777 3687 828 3720 illi,
844 3696 882 3714 ne
894 3696 987 3723 parum
1000 3686 1082 3714 multa
1089 3685 1158 3713 scisse
1170 3685 1335 3719 viderentur,
1387 3686 1535 3713 subiectum
1549 3686 1686 3714 cubiculi&
1728 3686 1842 3714 Incendit*
1856 3686 1937 3720 igitur
1949 3683 2071 3712 metushoc
2090 3684 2190 3710 videtur
2202 3682 2341 3717 νηκτιξίΙὲ·,ι

292 3728 323 3746 ea
335 3722 563 3755 conquissuerunt,
582 3729 648 3757 quae
661 3720 729 3760 nihil
742 3722 897 3756 attinebant,
917 3728 946 3750 vt
960 3731 1001 3750 ars
1021 3720 1159 3749 difficilior
1172 3722 1280 3755 cognitu
1288 3722 1461 3758 pu-iooConf.
1482 3733 1538 3749 mox
1559 3723 1630 3750 Alsus
1649 3723 1702 3750 Sol.
1752 3721 1809 3748 Assa
1822 3716 2006 3779 caroueliffuae
2013 3718 2086 3754 fida,
2099 3718 2155 3752 fine
2174 3719 2337 3755 iusi-ido„

292 3761 400 3795 tutetur.
437 3758 578 3789 Affinnere,
593 3764 643 3793 pro
659 3757 760 3790 &nar-e,
775 3764 798 3782 et
811 3758 890 3784 cibum
897 3758 1002 3794 sumere.
1037 3757 1127 3785 Celsus
1141 3765 1160 3789 ι,
1174 3765 1186 3789 3
1203 3758 1333 3784 quenum
1386 3764 1497 3784 torretur
1516 3768 1546 3784 ac
1559 3759 1677 3785 mollitur.
1733 3758 1817 3792 Neque
1827 3757 1892 3781 enim
1903 3763 1935 3780 au
1953 3754 2040 3780 iondur
2052 3754 2085 3788 2st
2104 3753 2163 3782 md.
2177 3763 2218 3788 20,
2230 3762 2244 3788 a
2270 3754 2274 3760 '
2306 3753 2329 3761 ‘¹‘

292 3799 380 3817 minus
392 3791 497 3830 interest
509 3802 576 3828 qnae
590 3792 724 3824 assumant,
745 3797 771 3818 ct
783 3801 838 3826 quo
861 3794 943 3820 modo
961 3799 1095 3822 curentur.
1131 3793 1162 3819 Et
1170 3792 1253 3828 paullo
1265 3799 1333 3825 ante,
1385 3792 1488 3824 ardeat,
1507 3793 1578 3828 quasi
1598 3793 1705 3830 Arfhm:
1738 3799 1819 3826 neque,
1837 3789 1923 3816 Varro
1935 3787 1969 3815 de
1988 3789 2019 3817 L.
2033 3789 2062 3816 L.
2076 3799 2105 3823 4,
2117 3798 2150 3816 22
2169 3799 2194 3825 p.
2207 3794 2253 3825 28,¹

292 3828 356 3860 Qio
368 3835 455 3852 nunus
468 3828 520 3866 fert
534 3829 612 3855 facile
625 3827 748 3868 quisque,
768 3835 801 3854 eo
813 3828 914 3863 saepius
925 3829 1003 3857 debet
1015 3828 1105 3856 cibum
1118 3828 1251 3854 assmucre.
1288 3828 1333 3854 Ci-
1387 3828 1472 3854 Assum
1481 3848 1489 3861 ,
1508 3828 1581 3863 quod
1601 3829 1634 3856 ab
1647 3829 1710 3863 igne
1727 3824 1870 3855 affindescit.
1925 3825 2019 3851 Melius
2038 3824 2101 3851 iLIud
2115 3825 2181 3861 quod
2191 3832 2253 3861 pra

290 3861 355 3888 bum
374 3867 400 3888 et
421 3867 557 3896 potionem
585 3864 653 3891 Cels.
678 3862 728 3890 lib.
749 3871 767 3890 ι.
792 3863 821 3890 in
840 3872 958 3899 prooem.
1015 3864 1241 3894 Medicamentum
1266 3863 1333 3891 Scri·
1387 3866 1520 3896 (carnem)
1543 3864 1633 3900 primo
1646 3863 1732 3894 assam,
1750 3859 1864 3887 secundo
1877 3859 1991 3893 elixam,
2010 3861 2091 3887 tertio
2104 3869 2118 3887 e
2133 3861 2193 3888 iure
2205 3860 2246 3887 vti
2350 3874 2352 3876 ·

290 3896 352 3924 bon.
375 3906 435 3924 200.
1341 3903 1444 3931 105tura
1457 3899 1543 3927 docet.
1579 3901 1672 3935 Nempe
1681 3894 1888 3932 fimplimffimum
1897 3895 1973 3932 suit,
1991 3901 2022 3922 vt
2034 3903 2128 3933 rapas,
2148 3903 2268 3932 vtpomas
2280 3895 2316 3922 *vl
2324 3915 2326 3917 ·
2339 3896 2358 3923 ‘f;

2196 4042 2211 4049 l
