2474 4182
44 122 102 160 52¹
434 105 471 143 A
526 104 568 143 T
623 103 666 141 T
1488 103 1526 142 A
1593 101 1637 142 T
1712 99 1757 140 Τ
2105 120 2178 157 522

74 199 308 225 ATTONDE‘O,
327 193 371 225 di,
387 175 448 220 *m
458 214 466 226 ,
493 198 544 220 ere.
580 192 721 226 [ἔπικειζρω]
757 191 843 227 Auget
866 190 1075 227 significationem
1129 190 1201 216 &um
1217 188 1249 215 ab
1262 188 1410 227 illisQfore
1424 190 1470 223 qui
1483 190 1600 217 dicerent
1613 200 1707 218 vxores
1722 191 1777 218 suas
1789 199 1805 218 a
1815 199 1898 217 coena
1913 191 2049 220 redeuntes
2057 195 2177 223 attreffta-

44 230 161 267 simplior.
214 229 357 257 Attondere
378 229 409 255 ad
429 237 514 256 cutem
540 229 656 255 scribon.
670 227 765 260 Comp.
783 235 818 252 10.
863 227 944 252 Plaut.
961 229 1034 262 Capt.
1052 236 1074 259 Ξ,
1131 233 1168 252 tas
1183 226 1230 251 ess‘e
1244 233 1258 250 a
1271 224 1373 250 Caelio.
1411 225 1479 251 Suet.
1497 226 1562 252 Ner.
1575 237 1596 253 c.
1613 229 1654 253 26.
1676 227 1705 253 de
1719 227 1770 253 ead.
1783 236 1819 253 rc.

44 276 66 299 2,
80 272 104 297 ¹8
124 266 171 293 Sed
185 272 289 297 Vtrum,
308 265 454 292 strieiimnc
472 265 631 291 attonsurum
644 262 728 288 dicam
742 263 806 294 elie,
828 271 859 288 an
873 272 918 297 per
933 264 1075 297 pct‘tincm,
1167 268 1188 287 Α
1200 267 1222 286 '1'
1236 265 1259 285 Τ
1270 267 1288 285 R
1298 266 1368 286 ECT
1378 267 1398 285 A
1410 266 1430 284 N
1440 268 1451 286 S
1461 280 1469 291 ⁷
1489 261 1564 287 antis.
1604 262 1729 290 [Udecol'e
1759 261 1899 290 attrectans
1930 263 2052 290 cominus
2084 265 2176 294 01ῑηῦἶᾶ

38 303 134 329 *nescia
186 303 284 328 Verum
300 300 317 327 si
331 301 403 335 frugi
418 301 470 333 est,
490 299 652 326 adnubilabit
667 298 760 332 probe.
821 300 901 324 Sermo
915 299 947 331 qli
963 300 990 324 ile
1006 308 1075 330 auro,
1130 296 1207 330 Apul.
1222 295 1254 321 de
1270 294 1371 321 Mundo
1391 304 1414 329 p.
1430 304 1485 328 232.

43 347 85 374 quo
97 336 283 372 defraudandus
296 335 329 369 est
337 337 429 372 fines,
448 343 475 362 vt
488 334 606 362 Bacchid.
621 342 642 366 ς,
658 342 677 365 ι,
692 342 708 366 9
729 335 752 359 ls
766 343 807 360 me
822 335 901 360 seclus
913 332 980 361 auro
994 342 1074 368 vsque
1093 338 1107 363 5
1166 339 1187 357 Α
1198 337 1219 357 Τ
1231 337 1253 357 Τ
1266 338 1285 357 R
1295 338 1311 357 E
1321 338 1337 357 (2
1348 336 1368 356 Τ
1381 338 1401 357 Α
1411 337 1431 356 T
1442 338 1461 357 v
1471 339 1483 357 s
1492 351 1498 361 ‚
1519 340 1532 357 a
1541 352 1548 363 ‚
1569 342 1622 359 um.
1659 334 1709 359 Res
1724 333 1791 360 furti
1804 333 1920 361 faciendi
1935 334 2008 361 causa
2027 334 2179 363 attrectatae

8 380 9 386 ¹
42 372 152 399 attondit
164 372 249 399 doctis
263 373 400 400 indoehun
417 372 493 398 dolis.
564 369 707 396 Attondere
722 370 807 396 vlmos
827 370 908 397 l’laut.
925 370 999 405 Epid.
1013 378 1038 401 2,
1052 377 1075 401 3,
1130 367 1198 393 Gell.
1212 375 1244 398 11,
1258 371 1292 396 18.
1329 367 1439 392 Ferrum
1458 367 1511 393 Sol.
1527 376 1548 392 c.
1566 376 1600 400 33.

5 430 7 432 ,
41 411 66 436 6,
136 409 257 439 Virgulta
277 409 350 443 Virg.
366 408 418 435 Ed,
432 417 468 439 10,
481 414 505 440 7,
1166 410 1187 428 A
1197 408 1218 427 T
1228 409 1250 428 ‘1‘
1261 407 1329 428 κει.-
1340 408 1360 427 T
1370 409 1392 428 A
1404 409 1425 428 T
1438 410 1445 428 1
1458 410 1476 428 o
1486 422 1494 434 ‚
1509 402 1577 428 onis.
1597 403 1615 428 f.
1654 403 1811 430 Attredtatio
1825 404 2010 431 violentissima
2034 405 2092 432 Sen.
2108 406 2178 432 Con-

74 450 96 470 A
107 449 128 470 ‘r
143 450 164 470 'r
175 437 225 471 (ΕΝ
235 452 252 472 1)
262 452 336 472 DNS.
374 443 464 470 Partic.
504 441 663 475 [ἐπικήρων]
717 441 791 476 Virg.
823 442 919 476 Georg.
954 449 986 472 2,
1019 440 1074 472 406
1129 444 1198 478 trou.
1212 446 1240 470 4,
1255 445 1293 470 25.
1351 438 1425 473 Conf.
1439 438 1509 464 Gell.
1524 447 1556 469 ιι,
1569 443 1594 467 18
1615 438 1724 465 Furtum
1739 440 1790 466 sine
1804 440 1856 466 vlla
1872 449 1979 475 quoque
1994 441 2179 469 attrectatione

109 489 192 506 cru-110
206 480 309 507 Saturni
322 480 397 507 deme
411 476 530 504 relit‘iam
566 477 735 511 Persequitur
755 485 837 504 vitem
858 476 1003 503 attondens.
1129 476 1189 500 neri
1203 474 1287 507 posse,
1314 473 1367 499 sola
1380 480 1467 500 mente
1480 480 1558 508 atque
1572 474 1679 506 animo,
1701 481 1728 500 vt
1742 475 1843 501 furtum
1855 476 1910 509 liat,
1925 476 2068 504 annitente.
2123 479 2179 504 Ma-

75 521 97 541 Α
110 521 130 540 T
145 521 166 541 ‘1‘
178 522 196 542 0
206 524 247 543 Ns
257 524 306 547 VS,
324 515 414 542 Panic,
435 513 654 546 [g7f,‚ffm3u.=‘›os]
691 513 757 539 Cels.
772 523 803 546 4,
824 522 834 545 3
870 513 964 547 Neque
979 509 1074 536 inutile
1087 521 1116 539 10
1130 519 1178 535 nus
1196 509 1258 535 Pall.
1273 510 1351 535 Mart.
1366 515 1382 535 t.
1401 518 1435 535 ιι.
1481 509 1639 536 Αιιιοὲἱιιιίο
1652 516 1676 536 et
1692 510 1775 536 taetus
1793 512 1896 546 Lampr.
1912 513 1972 538 Hel.
1987 522 2008 539 c.
2023 522 2059 540 12.
2102 513 2178 549 Conf.

46 550 91 576 rit
105 558 180 584 caput
193 552 321 578 attonsum
341 549 444 576 habere.
494 548 603 574 Attonsa
616 557 679 574 arua
700 550 796 575 Lucan.
810 552 836 580 15,
850 554 890 581 84.
964 545 1075 580 metaph.
1130 545 1207 580 Apul.
1228 545 1332 571 Trism.
1348 555 1372 579 p.
1386 553 1429 580 97.
1501 546 1539 571 De
1553 552 1630 580 parte
1646 548 1767 571 orationis
1777 566 1785 578 ,
1807 547 2015 582 Attrectatione,
2034 548 2087 575 vid.
2110 549 2180 576 modo

65 585 95 612 ic.
113 587 193 613 Tusc.
211 596 232 620 ς,
245 596 281 621 49
292 597 313 612 c.
326 593 343 620 7
361 585 392 610 Et
404 583 439 609 est
452 583 480 609 in
493 584 582 618 aliqua
598 584 650 610 vita
665 585 840 618 praedicabile
855 581 956 618 aliquid
975 587 1000 607 et
1021 581 1075 614 glo·
1130 588 1152 608 A
1162 588 1184 607 T
1198 587 1219 608 T
1229 588 1247 607 R
1258 588 1278 607 Α
1288 587 1304 607 C
1317 587 1338 607 T
1350 587 1396 607 10.

0 615 11 659 '2'
32 644 33 649 ,
56 621 177 655 iandum,
197 631 224 649 ac
239 630 297 656 prae
309 622 334 647 se
347 618 487 645 ferendum
503 630 509 645 ι
530 628 556 645 vt
571 620 778 654 Epaminondas,
796 620 870 658 (fill.
882 620 1006 656 gloriatus
1019 615 1075 651 est)
1166 623 1189 643 A
1200 622 1222 643 T
1236 622 1258 642 Τ
1271 624 1289 642 R
1299 623 1338 642 EC
1349 623 1371 642 Τ
1381 623 1403 643 Α
1415 622 1437 642 Τ
1448 622 1490 642 vs
1500 635 1508 648 ,
1530 613 1568 641 sis.
1590 625 1625 642 m.
1643 614 1820 655 [ψηλοξφησις]
1859 618 1914 644 Cic.
1929 618 2011 646 Tusc.
2027 628 2059 652 2,
2074 628 2104 653 30
2117 630 2138 648 c.
2151 629 2179 648 21

0 673 7 690 ‚¹
30 671 36 687 2
64 657 162 684 onsiliis
177 658 268 684 nostris
280 657 334 683 laus
349 655 384 680 est
398 656 498 681 attonsa
515 656 658 682 Laeonum.
1130 653 1202 680 Nam
1213 652 1352 679 attressatu
1362 671 1368 681 ,
1389 658 1413 678 et
1429 652 1517 686 quassu
1532 653 1636 677 saeuum
1651 651 1816 686 amplificatis
1833 652 1961 679 dolorem.

0 704 8 724 ι,
29 713 32 716 ,
75 700 97 720 Α
109 699 131 719 Τ
144 699 164 719 Τ
173 691 192 719 ὁ
201 700 220 719 Ν
231 700 265 724 ο,
283 692 327 724 ui,
345 691 413 716 itum
422 711 430 723 ,
455 695 507 717 arc.
528 691 687 726 [ἐκπλήσσω]
715 691 816 719 Verbum
827 689 1077 726 rai·iusculum,ctu'us
1091 700 1116 726 ¹3
1166 696 1188 715 A
1201 695 1223 715 'r
1236 695 1257 714 T
1269 696 1288 714 R
1298 686 1314 714 ΙΞ
1324 695 1348 714 Μ
1359 695 1377 714 o
1386 707 1395 720 ,
1414 688 1460 719 ui,
1484 691 1539 713 erc.
1572 688 1745 722 [ἐκ-[τρομέω]
1781 695 1810 713 vt
1819 708 1827 719 ,
1847 689 1994 715 Attremere
2013 691 2116 724 oranti,
2136 691 2182 718 Ad

0 746 2 758 ι
32 721 35 746 l
51 730 284 763 aiimzs’m‘tscipium
291 726 487 762 frequentiffimi
500 729 567 763 ψη,
582 730 658 754 ueluti
672 731 767 754 tonitru
773 725 930 760 stupe-sirene
938 724 1077 760 significat.
1129 733 1210 751 vocem
1223 725 1330 750 alicuius
1343 722 1535 763 contrctnifiere.
1607 723 1670 762 §tan
1686 721 1777 763 'I'llcb-
1794 728 1816 755 8,
1831 728 1857 753 81
1895 724 2020 757 Dixerat,
2041 733 2118 761 atque
2139 727 2181 754 illi

0 782 9 797 Γ
27 759 35 796 ,¹
66 762 117 789 uid.
134 763 208 798 Epist.
221 772 252 795 4,
271 770 301 795 30
328 763 380 788 Aut
402 772 466 797 quas
489 763 619 790 semideae
641 763 771 796 Dryades,
792 762 929 795 Faunique
954 760 1075 786 bicornes
1128 760 1284 787 iamdudum
1296 760 1369 794 regia
1381 759 1462 786 tristis
1500 760 1625 785 Attremtt
1640 764 1744 790 oranti,
1764 759 1875 793 suaque,
1895 766 1921 785 et
1935 769 2000 795 quae
2014 761 2122 796 desuper
2137 772 2180 789 vr.

0 820 2 830 ,
30 802 43 820 ’Ἴ
69 799 155 824 umine
169 797 297 824 contassas
311 804 449 825 attonuere
465 800 519 825 suo.
567 800 634 833 Qlis
648 800 725 826 furor
759 811 804 817 --
840 796 936 822 vestras
952 796 1076 822 Attonuit
1130 802 1187 830 get,
1225 795 1344 823 Nutabat
1376 795 1462 822 tellus.
1534 796 1571 820 De
1605 795 1715 821 Plutone.
1791 796 1863 828 Et3,
1882 804 1928 831 3⁰9
1949 795 1978 822 de
1991 798 2047 823 lonc
2068 799 2181 832 Terras,

30 846 35 850 Ἴ
57 840 134 860 tentes
152 833 231 860 Ouid.
246 835 309 861 Met.
321 843 344 867 3,
361 843 413 867 532.
485 836 542 862 Sen.
564 836 643 869 Epist.
656 844 684 868 ¹9
709 830 803 860 dift‘um
818 834 972 858 Maecenatis
987 832 1077 867 refert,
1130 832 1301 866 caelumque,
1320 832 1489 867 fretumque,
1508 831 1657 857 Attremere
1671 829 1769 856 oranti,

20 869 92 904 ”psa
104 868 215 895 altitudo
229 875 329 896 attonat
343 871 444 897 summa
459 882 464 896 :
501 871 550 898 hoe
565 872 652 900 voluit
667 870 769 900 dicere,
790 869 910 894 Attonita
923 868 1118 900 habctsum-20
1166 875 1187 894 Α
1198 875 1218 894 Τ
1229 875 1249 893 Τ
1259 875 1303 894 RE
1317 875 1331 894 ι’
1344 875 1381 895 1D
1392 874 1422 900 0,
1449 872 1502 893 are.
1541 867 1619 893 Semli
1636 865 1717 902 gradu
1734 865 1854 893 accedere.
1893 864 1990 893 Fretum
2005 870 2097 893 comica
2110 868 2182 904 last-i·

3 936 7 939 ι
47 918 72 929 u„
120 905 199 940 Qaeam
212 906 361 940 improbaret
373 907 436 933 hanc
451 907 557 940 somnam
570 906 683 936 dicendi,
704 902 823 937 ostendit,
844 914 896 930 cum
911 903 1011 936 adiicit,
1034 903 1075 929 fist
1130 906 1173 929 via
1193 914 1208 929 α
1222 903 1312 930 Plauto
1327 905 1406 930 Poen.
1420 912 1443 937 3,
1463 912 1488 936 1,
1503 911 1534 936 41
1558 901 1724 936 Attrepidate
1744 900 1852 934 saltem,
1873 910 1933 928 nam
1946 911 1993 929 vos
2007 912 2182 938 approperare

34 950 95 969 ⁴⁴1·
111 940 176 966 tanti
190 939 241 967 vlla
257 942 392 975 potentia,
412 937 483 969 vt'tit
499 943 550 969 tibi
569 949 621 969 tam
642 941 730 967 ebrius
750 940 836 966 sermo
852 941 860 966 ζ
897 941 928 966 Et
943 941 1076 965 Maecenas
1131 939 1201 965 haud
1218 940 1331 973 postulo.

41 964 90 996 κγ)
99 984 156 1001 neca
168 976 212 1002 hoc
225 979 320 1004 voluere
329 998 336 1010 ‚
350 979 447 1014 flamna
460 983 513 1014 peti
526 981 621 1005 tonitru
635 984 659 1004 et
666 976 785 1012 fulmine.
1168 982 1188 1001 A
1201 982 1222 1001 Τ
1233 981 1253 1000 Τ
1265 982 1283 1001 R
1294 983 1301 1001 l
1312 982 1326 1001 Β
1337 983 1355 1000 V
1367 982 1382 1000 L
1391 982 1413 1001 A
1426 981 1447 1001 Τ
1461 982 1480 1001 V
1491 981 1503 1001 S
1514 994 1524 1007 ,
1545 982 1558 1001 a
1568 994 1576 1006 ‚
1594 982 1648 1000 um.
1685 972 1830 1000 Folliculus
1844 971 1910 999 bene
1925 973 2003 999 tritus
2024 979 2050 1001 et
2069 974 2183 1001 attribu-

70 1013 85 1027 '—
105 1017 126 1036 Τ
139 1017 160 1037 Τ
171 1020 189 1038 O
201 1019 222 1038 N
233 1011 244 1039 s
255 1020 276 1039 Τ
290 1020 310 1039 V
322 1022 344 1040 S.
382 1015 474 1041 l’artir.
512 1014 700 1049 [οἰπᾰπληκτος,
727 1010 902 1045 ἓμβροντητὸς,
932 1008 1075 1044 ἒκςατικόῐ]
1133 1010 1200 1037 latus
1216 1012 1306 1037 Macer
1319 1020 1347 1043 4,
1361 1012 1386 1036 6.

58 1046 108 1081 irg.
124 1047 187 1073 Aen.
200 1056 223 1079 3,
237 1056 282 1083 172
302 1049 418 1076 Talibus
432 1052 558 1077 attonitus
571 1048 646 1080 visis,
666 1056 694 1073 ae
709 1056 774 1073 voce
790 1046 911 1073 deorum.
961 1046 1008 1072 Vbi
1022 1046 1077 1071 Ser·
1091 1060 1122 1086 25
1170 1054 1191 1073 A
1201 1053 1224 1072 T
1238 1053 1259 1072 Τ
1271 1054 1289 1073 R
1300 1054 1307 1072 1
1318 1053 1333 1073 B
1344 1054 1362 1072 v
1373 1053 1409 1077 O,
1429 1045 1474 1077 ui,
1496 1047 1588 1077 utum,
1610 1046 1663 1071 ere.
1699 1041 1860 1079 [προσα’πτω,
1873 1045 2011 1079 προσνέμοι,
2025 1043 2183 1079 ἐπιτίθημι]

56 1081 109 1114 ius,
127 1082 151 1108 h.
165 1092 183 1109 e.
205 1084 322 1111 Talibus
334 1085 445 1112 deorum
468 1085 599 1117 vultibus,
618 1083 686 1110 vnde
711 1082 845 1117 sequitur,
866 1083 902 1108 Ac
925 1090 991 1108 voce
1016 1080 1077 1107 deo·
1137 1082 1273 1113 Tribuere,
1296 1081 1452 1118 adst-ribere,
1472 1081 1609 1116 ziffignare,
1627 1079 1681 1114 siue
1701 1080 1729 1106 id
1749 1080 1831 1106 verbis
1853 1086 1951 1106 tantum
1964 1079 2033 1115 fiat,
2053 1078 2107 1113 siue
2125 1080 2184 1113 effe.

34 1127 37 1149 ξ
59 1127 101 1144 un.
122 1127 182 1145 nam
196 1126 222 1146 et
235 1129 299 1147 voce
312 1122 338 1147 se
349 1121 415 1148 <licit
427 1121 568 1147 attonitum
583 1126 608 1146 et
621 1119 690 1145 vitis.
746 1118 882 1145 Attonitus
897 1126 962 1144 vero
976 1117 1010 1142 cst
1020 1117 1077 1143 Stu-
1132 1116 1199 1144 <sium
1218 1119 1313 1144 habu-at.
1369 1117 1426 1143 Cic.
1442 1116 1473 1142 dc
1488 1117 1584 1143 Natur.
1598 1117 1679 1142 Dcor.
1694 1125 1715 1149 3,
1730 1121 1760 1148 89
1781 1125 1803 1142 c.
1820 1123 1850 1151 37
1874 1117 1908 1142 At
1922 1124 1976 1142 non
1989 1124 2124 1149 nunquam
2138 1116 2186 1141 bo-

2 1168 4 1173 ·
30 1158 37 1171 ¹
53 1153 158 1180 efaetus.
194 1156 265 1182 Nam
280 1159 388 1192 proprie
399 1157 533 1183 Attonitus
545 1156 661 1187 dicitur,
680 1155 723 1181 cui
737 1156 808 1181 casus
822 1154 906 1180 vicini
918 1153 1039 1179 fulminis
1051 1158 1079 1178 et
1133 1163 1181 1180 nos
1195 1154 1279 1180 exitus
1293 1152 1392 1180 habent
1407 1153 1481 1178 boni.
1520 1153 1569 1178 Eos
1584 1152 1693 1187 quidem
1705 1152 1865 1187 arripimus,
1882 1150 2111 1186 attribuimusque
2132 1151 2185 1177 sine

0 1196 24 1222 'r‘
45 1189 132 1216 &litus
145 1192 364 1220 tonitruumdant
376 1193 517 1227 stuporem.
554 1193 622 1219 Haec
637 1193 744 1219 Seruius.
782 1190 909 1226 Distrtius
937 1190 1078 1220 Cels.3‚26
1134 1190 1188 1216 vlla
1202 1190 1307 1217 ratione
1324 1190 1372 1215 DIs
1388 1187 1595 1216 immortalibus.
1650 1189 1680 1215 Et
1700 1189 1771 1214 Fam.
1785 1196 1811 1220 2,
1826 1190 1855 1214 16
1878 1187 1949 1214 Nam
1963 1186 1995 1213 ad
2007 1187 2130 1213 Senatum
2143 1187 2186 1214 Bi-

4 1239 11 1255 t
57 1226 168 1252 ttonitos
191 1237 298 1263 quoque
320 1237 382 1256 raro
404 1228 540 1260 videmus,
566 1237 682 1263 quorum
703 1233 729 1253 et
749 1236 844 1260 corpus
863 1232 887 1252 et
902 1234 973 1252 mens
987 1225 1079 1258 stupet.
1089 1242 1120 1265 30
1134 1225 1211 1252 bulus
1231 1235 1294 1260 quas
1312 1225 1403 1252 literas
1415 1223 1503 1256 milit,
1522 1223 1594 1259 quod
1613 1223 1643 1250 in
1660 1224 1694 1251 iis
1713 1223 1783 1250 mihi
1803 1232 1864 1250 cum
1884 1223 1932 1250 illo
1952 1229 2008 1250 erat
2028 1232 2187 1256 commune,

1 1274 12 1294 ς
22 1275 28 1283 -
54 1261 76 1288 it
88 1261 223 1290 interdum
238 1263 293 1290 ieiu
307 1264 442 1296 fulminis,
463 1263 595 1290 interdum
604 1262 701 1290 morbo
715 1274 721 1289 z
756 1262 907 1294 ἅπαπληξίω
920 1261 989 1287 hunc
998 1261 1078 1286 Grae·
1134 1262 1186 1289 fibi
1200 1262 1250 1288 soli
1264 1260 1396 1289 attribuit.
1427 1270 1434 1277 2
1470 1261 1526 1287 Cic.
1542 1261 1618 1287 Verr.
1633 1268 1656 1292 5,
1671 1268 1713 1292 105
1735 1269 1756 1286 c.
1770 1269 1800 1294 41
1823 1260 1866 1286 Fit
1883 1259 1984 1286 clamor
1998 1265 2023 1285 et
2041 1259 2186 1286 admiratio

0 1301 27 1330 3,-
47 1297 57 1324 i
71 1298 210 1332 appellant.
254 1301 303 1327 His
316 1301 419 1335 sanguis
432 1299 575 1326 mittendus
588 1299 624 1326 est
638 1306 683 1325 etc.
718 1299 823 1324 Animis
838 1298 958 1324 attonitis
974 1297 1078 1322 haesere
1135 1298 1244 1332 populi,
1259 1304 1357 1324 tantam
1373 1292 1426 1323 esse*
1436 1296 1465 1322 in
1479 1296 1589 1323 homine
1609 1295 1801 1330 impudentiam
1818 1301 1898 1330 atque
1918 1295 2071 1328 audaciam,
2090 1301 2119 1321 vt
2140 1301 2187 1322 aut

0 1347 25 1366 ’θ’
59 1341 108 1368 Πὲ-
124 1335 187 1361 Affl-
203 1345 224 1367 5,
240 1343 295 1369 529.
336 1337 421 1363 Aures
433 1337 561 1362 attonitae
581 1336 639 1362 Sen.
652 1336 731 1361 Herc.
747 1334 807 1360 Oet.
824 1342 889 1366 1129.
932 1334 1011 1359 Arces
1034 1332 1079 1358 Sil.
1134 1334 1195 1360 aliis
1209 1335 1312 1360 caulam
1327 1333 1482 1359 calamitatis
1495 1331 1667 1363 attribueret,
1687 1339 1733 1358 etc.
1808 1331 1881 1358 Idem
1895 1332 2009 1364 Vcrr.-5,
2024 1339 2067 1365 134
2094 1333 2147 1358 Aut
2167 1331 2187 1357 si

0 1374 13 1389 ³<
46 1369 90 1396 tal.
104 1379 132 1403 4,
146 1378 171 1404 7.
208 1371 261 1398 vid.
281 1371 357 1398 Vrbs.
394 1373 507 1398 Caterua
526 1372 588 1398 Stat.
602 1371 666 1398 Silu.
682 1378 704 1404 ς,
721 1379 740 1402 1,
754 1375 801 1399 118.
816 1369 953 1406 issurens,
974 1368 1002 1394 dc
1016 1369 1078 1394 Bac·
1133 1370 1181 1396 vni
1194 1369 1363 1396 attribuenda
1375 1368 1449 1403 culpa
1465 1368 1509 1400 sit,
1527 1369 1555 1394 in
1570 1376 1602 1394 eo
1616 1368 1758 1394 maximam
1772 1367 1856 1393 fuisse.
1918 1369 1949 1393 Et
1964 1368 2017 1394 Att.
2032 1376 2057 1400 2,
2073 1375 2082 1394 1
2104 1366 2186 1400 Qiod

2 1404 33 1439 ἧς
46 1404 95 1431 his.
132 1406 187 1433 Cor
204 1407 284 1434 Ouid.
298 1408 364 1434 Met.
379 1417 411 1439 11,
424 1415 485 1442 709.
522 1408 596 1442 Virg.
609 1408 675 1433 Aen.
689 1408 758 1438 6553
793 1420 839 1425 —
873 1414 920 1431 nec
934 1405 1006 1430 enim
1020 1411 1078 1430 ante
1092 1410 1120 1436 33
1135 1406 1255 1438 Sicyonii
1272 1411 1298 1431 te
1320 1404 1442 1436 laedunt,
1470 1404 1567 1431 Catoni
1591 1410 1616 1430 et
1639 1403 1695 1429 eius
1719 1403 1879 1429 aemulatori
1908 1402 2037 1429 attribuas
2060 1402 2187 1429 Seruilio.

40 1440 167 1468 ·ehiscent
220 1438 354 1470 Attonitae
374 1453 466 1477 magna
485 1453 533 1470 ora
553 1444 655 1470 domus.
734 1440 782 1467 Vbi
795 1440 919 1472 Seruius,
941 1441 1078 1466 Attonitae
1135 1441 1192 1468 Cic.
1207 1450 1256 1476 pro
1271 1441 1347 1467 Rosc.
1362 1441 1451 1466 Amer.
1467 1448 1483 1472 9
1504 1449 1525 1465 c.
1540 1449 1557 1472 4
1585 1440 1643 1465 Huc
1657 1439 1756 1466 accedit
1770 1440 1885 1465 summus
1902 1439 2001 1471 timor,
2021 1447 2100 1474 quem
2116 1438 2188 1464 mihi

40 1475 142 1510 Ὅπως,
160 1477 321 1513 stupendae,
342 1489 396 1506 non
408 1480 546 1513 Stupentis.
583 1480 653 1513 Ergo
666 1477 819 1508 Attonitae,
837 1476 968 1503 Facientis
982 1476 1079 1502 attoni-
1132 1483 1227 1503 natura
1243 1476 1384 1511 pudorque
1397 1485 1470 1502 meus
1486 1475 1625 1507 attribuit,
1644 1478 1662 1500 i.
1671 1474 1756 1506 dedit,
1768 1474 1867 1500 tribuit.
1940 1474 2030 1505 Liu.1,
2045 1482 2078 1500 20
2099 1474 2189 1500 Ponti·
2210 1491 2211 1494 ,

42 1519 71 1537 os
87 1522 92 1536 :
127 1519 171 1545 vt,
191 1515 265 1541 Mors
278 1515 390 1549 pallida,
409 1516 489 1542 tristis
504 1514 629 1541 fenefitus.
683 1513 776 1540 Greffu
788 1513 903 1539 attonito
918 1512 1004 1538 fertur
1020 1512 1080 1539 Sen.
1131 1513 1210 1539 ficem
1232 1512 1326 1539 deinde
1341 1512 1431 1539 Numa
1444 1511 1577 1537 Marcium
1597 1511 1684 1537 Marci
1703 1509 1789 1536 silium
1809 1518 1840 1535 ex
1856 1509 1975 1535 Patribus
1994 1509 2059 1542 legit
2076 1520 2081 1535 ι
2108 1510 2189 1544 eique

74 1547 168 1574 Oc'tau.
184 1558 238 1583 435.
284 1552 361 1584 «Quos
374 1552 474 1585 raperis
489 1551 585 1577 laniata
597 1558 684 1576 comas
699 1549 845 1583 similisque
854 1549 973 1575 furenti?
1012 1549 1076 1581 Quo
1133 1549 1225 1575 omnia
1239 1549 1368 1583 exscripta
1381 1547 1566 1581 exsignataque
1580 1545 1721 1578 attribuit,
1740 1544 1840 1580 >quibus
1855 1544 1956 1576 hostiis,
1973 1545 2070 1579 quibus
2083 1544 2189 1578 diebus,

65 1582 85 1608 's
100 1583 108 1608 3
143 1586 256 1611 attonita
269 1587 333 1620 quid
348 1587 413 1619 petis
426 1595 473 1612 ora
486 1587 567 1612 Manu
588 1585 678 1612 Albin.
692 1585 791 1611 adLm.
806 1593 858 1618 317.
899 1584 998 1610 Mentis
1012 1591 1120 1623 atto-40
1134 1585 1169 1612 ad
1183 1594 1249 1620 quae
1264 1584 1379 1619 templa,
1400 1584 1471 1609 sacra
1487 1582 1590 1609 fierent.
1660 1582 1761 1608 Curam
1776 1580 1925 1608 attribuere
1942 1580 2001 1607 Liu.
2017 1582 2064 1613 26,
2103 1601 2109 1607 .
2147 1600 2152 1607 .

20 1642 24 1656 r
51 1617 98 1651 ’με
111 1617 201 1653 stupor
218 1621 275 1649 Sen.
290 1621 317 1647 in
332 1622 436 1648 Troad.
452 1631 516 1655 442.
554 1622 647 1649 Oculis
659 1622 782 1648 attonitis
797 1620 889 1646 metiri
905 1620 1026 1655 aliquid,
1059 1630 1076 1647 1.
1134 1621 1190 1648 Cic.
1207 1621 1238 1647 de
1253 1622 1358 1647 Inuent.
1372 1629 1392 1652 1,
1406 1628 1440 1653 99
1463 1628 1484 1645 c.
1499 1627 1529 1651 52
1550 1619 1601 1645 Res
1615 1623 1703 1644 autem
1724 1616 1878 1658 inducetur,
1897 1616 1915 1643 si
1938 1616 2019 1657 alicui
2038 1617 2078 1643 rei
2097 1616 2189 1643 huius.

20 1667 28 1684 ι
54 1666 64 1675 «ι
79 1657 147 1681 timeo
168 1658 262 1683 intuitu
287 1667 405 1693 nusquam
422 1659 471 1684 alio
488 1657 560 1693 versa
576 1661 628 1684 acie
655 1657 749 1684 Claud.
758 1657 811 1683 Sec.
821 1657 900 1683 Cous.
916 1656 1017 1683 Stilich.
1033 1663 1078 1690 70.
1133 1657 1225 1689 modi,
1247 1657 1316 1691 legi,
1337 1656 1414 1686 loco,
1432 1655 1511 1687 vrbi,
1533 1660 1707 1681 monumento
1729 1653 1892 1680 attribuetur
1904 1659 1994 1679 oratio
2013 1661 2060 1687 per
2081 1661 2190 1679 enume-

41 1688 119 1716 ectus
136 1690 194 1717 Seu.
209 1692 236 1718 in
251 1694 330 1719 Herc.
345 1694 398 1719 fur.
415 1702 469 1725 302.
504 1694 570 1720 Plin.
585 1702 629 1726 29,
639 1702 648 1720 1
669 1693 752 1719 Simul
768 1698 858 1719 contra
874 1693 998 1719 attonitas
1013 1701 1078 1726 quo·
1134 1693 1276 1719 rationein.
1349 1692 1421 1718 Caes.
1439 1691 1502 1717 Bell.
1517 1690 1600 1717 Ciuil.
1619 1699 1638 1722 1,
1650 1699 1687 1725 24
1709 1689 1807 1724 Copias
1824 1688 1942 1724 vndique
1955 1697 2048 1715 omnes
2064 1697 2095 1714 ex
2110 1688 2189 1715 nouis

20 1726 30 1761 ξ
43 1725 138 1752 undam
150 1728 343 1762 persuasiones,
363 1729 411 1764 qui
424 1728 541 1764 prodesse
554 1729 603 1756 nisi
616 1730 732 1764 pretiosa
752 1737 806 1755 non
825 1734 926 1763 putant.
1000 1729 1078 1754 Vates
1132 1728 1296 1759 deleiStibus,
1316 1727 1348 1754 ad
1363 1728 1389 1754 se
1404 1728 1464 1761 cogi
1477 1726 1563 1754 iubet.
1602 1727 1692 1752 seruos
1711 1726 1826 1760 pastores
1845 1730 1945 1757 armat,
1965 1724 2006 1751 his
2019 1733 2101 1760 equos
2115 1725 2192 1751 attri-

26 1784 27 1788 ,
44 1762 171 1796 ttomitus,
190 1765 287 1799 Raptus
311 1766 405 1791 Bacchi
428 1769 524 1792 numine¹
547 1772 570 1792 et
582 1765 726 1801 Appoldmis
766 1766 832 1791 Hor.
847 1766 936 1792 Carm.
952 1773 973 1796 3,
988 1772 1026 1796 19,
1041 1773 1118 1802 ¹445
1135 1764 1203 1792 buit.
1270 1765 1328 1791 Cic.
1343 1764 1396 1790 Att.
1413 1771 1450 1795 12,
1466 1768 1497 1793 28
1517 1762 1662 1789 Lentulum
1677 1770 1790 1796 puerum
1804 1761 1887 1793 visas,
1902 1761 1982 1796 eique
1995 1760 2026 1787 de
2038 1760 2190 1800 mancipiis,

35 1798 146 1825 anatici
161 1799 264 1834 Vigiles
276 1800 341 1827 vino
353 1801 558 1836 strepitibusque
571 1801 680 1828 attoniti
701 1800 762 1828 Liu.
778 1809 860 1833 39,13.
900 1800 984 1827 Vrbes
993 1800 1077 1826 Flacc.
1132 1809 1200 1836 quae
1220 1799 1272 1826 tibi
1291 1799 1448 1830 videbitur,
1467 1798 1606 1824 attribuas.
1679 1797 1751 1822 Caes.
1761 1796 1825 1822 Bell.
1839 1795 1908 1822 Gall.
1923 1803 1950 1829 7,
1965 1801 1991 1826 81
2010 1796 2104 1823 Nostri
2114 1816 2133 1836 ,.
2143 1796 2189 1836 sic-

40 1842 127 1867 rgon.
141 1843 164 1866 3,
175 1843 236 1868 209.
273 1837 422 1863 quen.Sat.
431 1845 509 1871 4,77.
547 1837 718 1864 ctClaudian.
731 1836 762 1862 cle
771 1836 834 1863 Bell.
844 1835 916 1863 Gild.
926 1841 967 1869 84.
1003 1836 1079 1862 Alter
1133 1842 1163 1862 ut
1183 1834 1367 1870 superioribus
1387 1834 1495 1864 diebus,
1514 1839 1543 1859 vt
1558 1833 1655 1866 cuique
1667 1838 1725 1871 erat
1741 1832 1814 1857 locus
1828 1831 1988 1871 attributus,
2008 1830 2048 1871 ad,
2059 1839 2189 1872 munitio-

44 1875 88 1896 nte
107 1869 194 1897 lucem
215 1871 306 1899 similis
325 1873 440 1899 attonito
458 1873 562 1907 patroni
576 1872 729 1899 cubiculum
741 1873 840 1906 irrupit
861 1872 930 1898 Suet.
945 1871 1038 1897 Claud.
1055 1880 1077 1896 c.
1133 1880 1194 1898 nem
1210 1870 1344 1897 accedunt.
1417 1868 1483 1895 Plin.
1495 1870 1531 1900 16,
1540 1876 1572 1902 37
1591 1868 1722 1894 Tertium
1736 1867 1825 1893 locum
1839 1876 1864 1894 ei
1879 1875 1906 1893 in
1919 1867 2104 1894 aestimatione
2116 1876 2189 1894 ruris

43 1912 68 1939 7.
103 1905 170 1933 Add.
181 1907 260 1934 *Cum
274 1913 297 1941 8,
308 1911 338 1941 Ὶ6,
352 1911 377 1935 6.
413 1909 500 1945 HeinJI
515 1907 582 1935 chk.
594 1909 698 1935 Theocr.
712 1918 732 1934 c.
747 1912 771 1935 6.
805 1908 944 1937 Attonitus
959 1907 1079 1932 nouitate
1134 1908 1201 1933 Cato
1216 1905 1350 1932 attribuit.
1375 1920 1377 1923 ·
1423 1904 1484 1930 Liu.
1498 1912 1538 1936 39,
1552 1912 1601 1936 44,
1621 1903 1650 1929 de
1662 1903 1763 1938 cenfiira
1773 1903 1928 1942 Catoniana,
1949 1904 1980 1929 In
1992 1902 2109 1942 cen-sibus
2124 1912 2190 1938 quo-

42 1949 54 1966 c
69 1941 198 1969 miraculo
219 1943 279 1971 Liu.
293 1953 314 1971 1.
357 1945 484 1971 Monstris
505 1945 580 1976 Virg.
594 1945 660 1970 Aen.
676 1952 698 1976 ς,
712 1946 770 1976 659.
827 1943 958 1969 Nouitate
972 1942 1117 1979 attoniti30
1134 1952 1186 1977 que
1200 1940 1361 1976 accipiendis
1375 1940 1457 1966 tristis
1471 1946 1496 1965 et
1509 1940 1599 1973 aspera
1613 1939 1642 1964 in
1654 1947 1748 1977 omncs
1762 1938 1869 1964 ordines
1881 1938 1990 1977 censura
2002 1938 2064 1964 fuit.
2103 1939 2189 1966 Orna-

0 2003 1 2007 ,
44 1983 122 2004 auent
140 1978 224 2006 Ouid.
239 1980 304 2007 Met.
319 1985 342 2012 8,
356 1982 408 2010 681.
462 1981 520 2006 Cum
535 1974 617 2007 (ῐέηίι.
638 1979 684 2006 Sil.
699 1982 725 2012 6,
738 1988 776 2011 231
803 1978 1080 2012 Attonitusserpentis
1134 1985 1238 2009 menta,
1259 1983 1284 2003 et
1304 1976 1403 2003 vestem
1420 1975 1595 2003 muliebrem,
1616 1979 1642 1999 et
1661 1973 1802 2005 velucula,
1820 1972 1993 2012 quae-pluris
2009 1982 2092 2012 'quam
2112 1974 2189 2010 quin-

43 2022 117 2047 quus.
190 2016 272 2042 Etiam
285 2024 324 2048 10,
338 2023 388 2050 370
410 2016 561 2042 Attonitum
577 2015 625 2042 vili
646 2017 718 2041 malit
733 2015 818 2050 Heins.
829 2021 878 2049 pro
891 2014 952 2040 vitis
968 2025 972 2040 :
1008 2014 1079 2040 visus
1134 2014 1220 2040 decim
1235 2012 1355 2038 suillium
1374 2011 1443 2036 aeris
1463 2010 1557 2038 essent,
1578 2010 1607 2034 in
1625 2009 1732 2034 censum
1751 2008 1854 2034 referre
1874 2014 1990 2034 viatores
2006 2008 2082 2034 iussit.
2120 2011 2189 2036 Item

40 2048 239 2085 ederarGryph.
287 2053 320 2078 Et
331 2061 378 2086 14,
401 2055 454 2086 246
471 2051 514 2077 vbi
527 2051 624 2083 editur,
642 2044 778 2077 Attonitos
791 2050 856 2076 caeli
871 2050 929 2076 visu
947 2058 952 2072 ι
989 2051 1079 2074 malint
1133 2048 1265 2080 mancipia
1278 2047 1385 2071 minora
1399 2044 1472 2070 annis
1488 2043 1603 2083 viginti,
1624 2052 1691 2083 quae
1705 2043 1762 2077 post
1774 2044 1929 2078 proximum
1948 2043 2077 2077 lustrum,
2098 2044 2189 2073 decem

6 2087 7 2092 ¹
44 2087 80 2110 iri
89 2083 176 2118 duffii,
195 2087 331 2113 Attonitos
345 2087 412 2113 caeli
426 2087 514 2120 visus,
531 2091 550 2113 ι’.
562 2089 647 2113 oculos
660 2088 723 2113 caeli
738 2085 867 2120 conspet‘iu
889 2087 1020 2110 attonitos.
1133 2082 1253 2108 millibus
1275 2081 1342 2106 aeris
1352 2100 1360 2112 ,
1380 2085 1426 2106 aut
1441 2088 1473 2106 eo
1488 2079 1571 2113 pluris
1585 2080 1743 2119 vaeniss‘ent‚
1761 2080 1801 2105 vti
1814 2088 1845 2106 ea
1864 2088 1972 2114 quoque
1993 2079 2093 2112 decies,
2114 2086 2190 2108 tanto

25 2119 27 2123 ’
61 2127 82 2146 Α
95 2126 117 2146 Τ
131 2127 152 2147 Τ
162 2127 211 2148 ΟΝ
221 2129 231 2149 1
243 2129 264 2149 Τ
278 2130 303 2150 Ε.
329 2122 396 2149 Adu.
418 2124 588 2155 [ἒκςατικῶς]
624 2122 688 2147 Plin.
698 2130 738 2152 30,
753 2129 762 2146 1
784 2119 921 2145 Britannia
941 2117 1076 2150 hodieque
1092 2127 1120 2152 55
1133 2117 1232 2152 pluris,
1248 2125 1328 2152 quam
1343 2116 1437 2150 quanti
1452 2115 1766 2148 effent‚aestunarentur,
1788 2121 1813 2141 et
1827 2115 1868 2142 his
1883 2115 1962 2143 rebus
1977 2116 2103 2143 omnibus
2118 2117 2190 2144 terni

42 2163 82 2181 am
95 2157 208 2183 attonite
219 2158 338 2185 celebrat
351 2159 430 2184 tantu
443 2157 629 2188 caerimoniis,
649 2162 677 2181 vt
690 2155 788 2181 dedisse
800 2153 883 2179 Persis
898 2152 1076 2187 videripollit.
1132 2154 1160 2180 in
1175 2153 1262 2180 millia
1277 2153 1346 2179 aeris
1361 2151 1579 2178 attribuerentur.
1594 2151 1619 2177 h.
1631 2161 1650 2178 e.
1669 2151 1773 2178 Tributi
1786 2155 1882 2178 nomine
1888 2150 2070 2185 statuerentur.
2098 2154 2189 2180 Volens

42 2194 60 2216 le
71 2194 154 2227 magia
166 2194 286 2228 loquitur.
1131 2192 1195 2216 enim
1215 2190 1274 2216 Cato
1296 2189 1406 2215 homines
1425 2198 1441 2214 a
1460 2189 1519 2214 luxu
1532 2187 1671 2219 deterrere,
1692 2188 1779 2223 pluris
1804 2187 1883 2214 decies
1906 2187 2035 2215 delicatam
2056 2187 2144 2222 vestem
2163 2196 2189 2216 et

58 2232 114 2253 ΛΤ
126 2225 302 2259 TORREO',
323 2226 376 2253 &re-
398 2227 553 2253 ,Attorrere
563 2234 646 2252 nuces
667 2224 742 2260 Apic.
760 2233 798 2258 4,
815 2233 840 2251 2.
873 2224 1034 2251 Attorretur
1048 2223 1077 2250 in
1130 2223 1234 2259 venusta
1254 2227 1395 2260 mancipia,
1416 2233 1489 2259 quam
1508 2226 1599 2259 quanti
1620 2222 1694 2250 vendi
1709 2221 1824 2258 poſjent,
1845 2221 2001 2258 aestimauit,
2025 2231 2050 2250 et
2072 2228 2100 2251 in
2119 2228 2188 2252 aeris

35 2260 128 2288 ¹¹'atio
147 2261 186 2289 Id.
200 2269 226 2297 7,
242 2269 264 2296 ς.
1122 2260 1226 2298 singula
1247 2260 1327 2287 millia
1348 2267 1434 2286 ternos
1451 2257 1512 2292 aſjcs
1528 2259 1622 2285 tributi
1641 2257 1779 2292 constituit.
1816 2259 1937 2285 Budaeus.
1974 2260 2006 2285 Et
2018 2259 2127 2295 firmat,
2147 2267 2187 2287 at.

0 2299 3 2316 r
31 2300 73 2333 ,μή
86 2303 139 2335 (ΓΤ
148 2305 168 2324 R
177 2305 226 2325 ΑΗ
236 2305 274 2332 ο,
287 2297 323 2324 ‚xi
331 2318 340 2331 ,
356 2296 444 2330 Qum,
465 2299 520 2324 ere.
548 2297 678 2331 [ἐφέλκω,
699 2296 825 2331 {manaim}
862 2295 908 2322 Ad
920 2295 949 2331 se
967 2295 1116 2327 trahet-250
1130 2307 1174 2333 que
1194 2295 1333 2328 lectionem,
1342 2305 1413 2332 quam
1426 2294 1555 2327 dedimus,
1575 2294 1660 2324 decies
1672 2300 1760 2333 tanto,
1776 2300 1826 2330 pro
1840 2303 1888 2330 qua
1898 2294 1981 2335 editur
1996 2294 2087 2335 deceni
2100 2301 2187 2330 tanto,

96 2351 101 2356 υ
119 2342 170 2361 err.
184 2343 208 2367 3,
222 2337 252 2361 61
273 2333 423 2361 Adducitur
435 2333 600 2365 aVenercis,
620 2339 700 2367 atque
721 2332 786 2359 adeo
807 2331 951 2358 attrahitur
971 2332 1076 2358 Lollius
1128 2333 1245 2368 defendit
1260 2334 1367 2359 Gronou.
1384 2330 1412 2357 de
1427 2332 1482 2357 Pec.
1497 2337 1547 2356 vet.
1562 2340 1588 2364 4,
1602 2339 1622 2356 1.
1701 2329 1768 2356 le.
1782 2338 1811 2361 3,
1826 2338 1857 2356 20
1877 2331 1947 2356 Dein
1960 2331 2090 2364 Camum,
2112 2341 2184 2358 com-

133 2379 169 2398 e.
225 2370 348 2397 Gradatio
360 2368 394 2403 ςΙῗ
408 2379 416 2394 .·
456 2370 513 2396 Vim
526 2369 663 2396 adhibitam
673 2368 782 2395 indicat.
838 2368 899 2394 Liu.
914 2376 958 2400 29,
972 2376 989 2400 9
1009 2368 1076 2393 Tri·
1127 2369 1271 2404 pluresque
1285 2367 1382 2394 ssmiles
1395 2365 1519 2392 finitimis
1530 2364 1655 2404 attributi
1667 2365 1839 2399 municipiis,
1860 2369 1888 2392 in
1907 2365 1993 2402 quibus
2007 2373 2089 2403 nempe
2107 2368 2187 2430 cmg}-

159 2405 218 2433 rahi
228 2405 261 2433 ad
273 2407 299 2434 se
313 2405 390 2432 iussit.
433 2405 489 2432 Cic.
504 2406 533 2432 in
547 2404 647 2431 Sallust.
660 2413 692 2438 14
705 2414 726 2432 c.
743 2413 756 2438 ς
782 2404 828 2431 Bis
843 2403 875 2430 ad
889 2403 1075 2430 iudicumsub-
1126 2411 1232 2435 rentur,
1253 2411 1378 2439 eorumque
1397 2401 1455 2428 adeo
1475 2405 1541 2427 ciues
1560 2400 1641 2434 istent.
1716 2401 1853 2428 Attributa
1872 2401 1956 2428 sidera
1979 2401 2085 2437 singulis
2105 2413 2141 2430 no
2163 2404 2186 2431 is

138 2454 145 2465 ι
157 2438 238 2468 adius.
309 2442 366 2469 Cic.
379 2443 455 2468 Verr.
469 2450 500 2475 2,
520 2450 529 2468 1
557 2442 592 2468 Ea
615 2449 658 2467 me
670 2441 702 2467 ad
716 2440 767 2467 hoc
781 2440 921 2475 negotium
932 2440 1075 2474 prouincia
1127 2440 1196 2466 Plin.
1213 2448 1238 2471 2,
1255 2444 1278 2469 8.
1349 2437 1406 2464 Cic.
1420 2446 1470 2472 pro
1485 2438 1553 2464 Sext.
1567 2439 1602 2463 66
1622 2437 1679 2470 Qri
1693 2437 1766 2465 locus
1780 2436 1854 2464 orbis
1875 2443 1960 2464 terrae
1980 2438 2034 2464 iam
2051 2448 2107 2465 non
2128 2446 2185 2467 erat

172 2478 274 2505 Iudicat
281 2478 311 2514 se
322 2487 370 2505 non
383 2475 518 2510 lubentem,
532 2477 580 2513 sed
592 2475 672 2511 officio
685 2475 797 2503 coafkum
811 2476 934 2511 accusare.
970 2475 1027 2501 Cic.
1042 2475 1074 2500 de
1084 2475 1116 2507 63
1129 2475 1210 2501 alicui
1230 2474 1372 2501 destinatus
1387 2474 1396 2499 ἶ
1427 2473 1502 2500 cuius
1527 2473 1630 2507 negotii
1657 2473 1760 2507 publici
1784 2473 1912 2508 cogitari,
1938 2475 2043 2508 optari,
2064 2475 2185 2510 fingique

61 2517 130 2542 '³⁷¹-·t.
141 2521 173 2546 30
185 2523 208 2540 c.
224 2523 253 2547 ¹4
274 2513 356 2548 Quod
367 2513 386 2540 si
401 2515 481 2540 etiam
497 2513 565 2540 illud
579 2513 716 2544 addimus,
732 2511 804 2547 quod
817 2510 890 2538 ret5te
904 2510 965 2538 addi
979 2510 1073 2544 potest,
1129 2511 1282 2546 procuratio
1299 2509 1405 2544 potuit,
1427 2518 1494 2545 quae
1513 2518 1569 2536 non
1588 2509 1649 2535 esset
1668 2509 1796 2536 attributa
1816 2516 1896 2544 atque
1914 2509 2043 2545 descripta
2059 2512 2068 2538 3
2109 2512 2184 2540 Caes.

46 2547 53 2552 '
73 2547 80 2552 “
105 2549 168 2582 effe,
200 2550 255 2576 uod
273 2551 305 2577 ad
325 2551 350 2577 se
362 2558 420 2577 rem
433 2549 514 2576 vllam
527 2556 581 2576 tam
593 2549 708 2580 alliciat,
728 2555 783 2574 tam
798 2546 926 2579 attrahat,
948 2555 1027 2581 quam
1040 2545 1073 2572 ad
1128 2547 1193 2574 Bell.
1210 2546 1278 2573 Gall.
1292 2555 1315 2578 3,
1328 2554 1358 2579 14
1377 2545 1476 2580 Neque
1490 2545 1551 2572 satis
1564 2546 1662 2577 Bruto,
1680 2546 1729 2580 qui
1750 2545 1816 2572 clasii
1830 2551 1965 2581 praeerat,
1982 2555 2030 2573 nec
2044 2547 2183 2575 Tribunis

31 2588 38 2612 .'
55 2583 169 2611 Seniani
192 2585 347 2618 imilitudo,
367 2585 542 2617 concedatur,
562 2592 607 2612 etc.
642 2584 776 2611 Gradatio.
849 2583 914 2609 Plin.
928 2590 969 2617 37,
983 2591 994 2614 3
1013 2582 1030 2608 s.
1046 2591 1073 2609 12
1125 2583 1263 2615 militum,
1282 2581 1564 2617 Centurionibusque‚
1589 2581 1687 2616 quibus
1700 2580 1815 2616 singulae
1836 2590 1915 2608 naues
1934 2588 2009 2609 erant
2022 2582 2183 2617 attributae,

3 2633 7 2639 ·
27 2597 38 2670 ἒ
65 2617 155 2646 electro
164 2640 172 2652 ,
191 2621 333 2654 Caeterum
346 2621 439 2647 attritu
453 2620 601 2654 digitorum
608 2626 713 2654 accepta
723 2619 822 2646 caloris
836 2620 924 2645 anima
938 2617 1072 2644 attrahunt
1128 2618 1271 2651 constabat,
1285 2617 1350 2653 quid
1363 2623 1479 2651 agerent.
1552 2617 1704 2645 Attributos
1717 2617 1790 2652 quod
1804 2617 1928 2653 appellas,
1936 2617 2014 2644 valde
2029 2618 2113 2653 probe
2126 2620 2183 2647 Cic.

67 2655 92 2681 se
107 2655 210 2689 paleas,
229 2661 255 2682 et
268 2656 338 2683 folia
350 2655 425 2682 arida
434 2675 441 2688 ‚
459 2662 489 2682 vt
500 2664 604 2690 magnes
618 2657 701 2690 lapis,
715 2656 826 2682 ferrum.
865 2656 905 2682 Sic
922 2654 1002 2680 Hard.
1027 2655 1112 2690 Al.70
1124 2656 1181 2682 Art.
1196 2663 1232 2687 13,
1246 2663 1288 2681 22.
1309 2657 1327 2680 i.
1341 2653 1488 2689 Affignatos
1500 2653 1549 2679 tibi
1560 2663 1576 2680 a
1591 2663 1639 2685 me,
1658 2664 1673 2680 a
1687 2654 1774 2689 quibus
1787 2656 1882 2690 exigas.
1952 2654 2039 2680 Varro
2060 2654 2092 2681 de
2105 2656 2135 2682 L.
2149 2656 2181 2683 L.

0 2702 3 2726 ς
29 2701 35 2706 ·
50 2690 60 2716 i
73 2689 170 2717 caloris
182 2691 327 2718 attrahunt.
379 2691 447 2718 Plin.
463 2700 494 2723 11,
508 2700 539 2725 37
557 2691 610 2718 Sub
626 2691 705 2718 corde
718 2691 808 2726 pulmo
828 2691 879 2723 est,
902 2690 1072 2725 spirandique
1125 2699 1149 2725 5,
1164 2693 1196 2724 36
1216 2700 1241 2725 p.
1256 2699 1303 2724 42,
1318 2698 1347 2723 19
1365 2689 1520 2716 Tributum
1542 2688 1645 2715 dietum
1661 2698 1676 2715 a
1695 2688 1830 2722 tribubus,
1845 2688 1918 2724 quod
1933 2698 1963 2716 ea
1976 2691 2098 2725 pecunia,
2113 2701 2182 2727 quae

0 2730 18 2756 ζ.
45 2723 146 2757 (ticina,
165 2726 296 2754 attrahens
311 2736 339 2755 ac
352 2727 463 2754 reddens
476 2728 600 2754 animam.
645 2728 713 2759 Cic.
727 2728 759 2754 ad
774 2728 846 2754 Brut.
864 2735 891 2761 17
912 2728 936 2753 O
949 2735 1071 2760 magnam
1125 2737 1139 2754 a
1151 2727 1252 2762 populo
1266 2728 1395 2760 imperata
1410 2731 1480 2758 erat,
1505 2724 1631 2751 tributim
1646 2734 1661 2751 a
1676 2724 1785 2760 singulis
1804 2734 1854 2760 pro
1872 2725 1997 2760 portione
2016 2728 2106 2753 census
2126 2728 2181 2755 exi-

0 2778 3 2791 .
48 2761 164 2788 ultitiam
178 2763 283 2790 timoris
297 2763 302 2789 !
338 2763 366 2790 id
380 2763 465 2798 ipsum
479 2763 552 2798 quod
565 2763 682 2790 verearis
696 2764 733 2790 ita
750 2772 844 2790 cauere
854 2783 861 2795 ,
884 2769 912 2789 vt
932 2772 1015 2797 quum
1029 2763 1070 2788 vi-
1125 2764 1243 2798 gebatur.
1277 2763 1321 2789 Ab
1335 2761 1386 2788 hoc
1399 2769 1445 2794 ea,
1459 2769 1526 2796 quae
1541 2760 1660 2795 assignata
1674 2767 1744 2794 erat,
1762 2761 1929 2788 Attributum
1943 2761 2054 2789 dietum.
2093 2763 2133 2789 Ab
2146 2772 2180 2791 eo

0 2803 22 2829 ib
42 2809 45 2817 ν
72 2808 74 2810 ·
94 2797 199 2824 fortasse
212 2800 347 2833 potueris,
367 2799 439 2826 vltro
453 2800 565 2826 arcersas
579 2806 605 2826 et
620 2799 742 2826 attrahas.
781 2801 855 2833 Quae
873 2798 947 2825 causa
959 2804 1069 2825 attraxe-
1125 2808 1243 2835 quoque,
1258 2798 1355 2833 quibus
1369 2798 1496 2825 attributa
1509 2802 1565 2824 erat
1578 2797 1705 2832 pecunia,
1717 2803 1745 2824 vt
1758 2797 1841 2823 militi
1853 2797 1979 2829 reddant,
2000 2798 2123 2825 Tribuni
2139 2807 2181 2825 ae-

0 2846 22 2866 1·
51 2838 62 2859 t
92 2834 180 2868 ‘Arpos
218 2835 292 2870 Virg.
315 2836 379 2863 Aen.
399 2843 441 2868 ιι,
464 2844 521 2868 230-
593 2835 734 2863 Attrahere
750 2835 810 2862 lora
849 2834 932 2861 Ouid.
947 2834 980 2861 de
992 2835 1069 2862 Rem.
1080 2841 1111 2870 75
1122 2836 1190 2862 rarii
1205 2834 1280 2862 dieu.
1316 2833 1357 2867 Id,
1371 2833 1445 2869 quod
1458 2832 1619 2860 attributum
1633 2838 1704 2865 erat,
1722 2842 1764 2859 aes
1776 2833 1904 2861 militare.
1943 2834 1998 2860 Cic.
2013 2835 2089 2860 Verr.
2109 2843 2129 2867 1,
2144 2843 2179 2868 34

0 2874 7 2902 i
48 2877 116 2896 mOr-
126 2877 192 2905 v397·
890 2876 892 2878 '
1124 2881 1146 2899 c.
1161 2881 1186 2904 13
1208 2872 1251 2898 Ne
1266 2870 1366 2897 diutius
1380 2875 1502 2901 teneam,
1521 2869 1633 2904 pecunia
1645 2869 1790 2902 attributa,
1807 2875 1944 2896 numerata
1957 2869 2002 2896 est.
2040 2870 2178 2904 profectus

0 2911 6 2938 ff
31 2913 36 2928 ἰ
58 2911 81 2932 Α
91 2910 113 2932 Τ
126 2912 147 2932 Τ
159 2913 238 2933 RAH
248 2913 265 2933 Ε
277 2911 299 2932 N
311 2913 341 2939 S,
360 2907 437 2933 entis.
470 2908 579 2942 Magnes
594 2907 695 2934 ferrum
713 2908 780 2934 Plin.
794 2909 825 2939 36
833 2927 841 2939 ,
855 2907 893 2932 16.
1124 2907 1160 2935 est
1176 2907 1308 2942 Qiacstor
1320 2906 1349 2933 in
1361 2906 1538 2941 prouinciam.
1582 2907 1650 2941 ‚Quae
1664 2905 1740 2932 verba
1759 2912 1880 2941 exponens
1894 2905 2039 2937 Asconius,
2053 2906 2178 2939 Pecunia,

58 2947 113 2968 ΛΤ
125 2948 147 2968 '1'
157 2949 232 2970 ΒΑΕ
242 2948 293 2969 Τν
302 2949 324 2969 s.
344 2943 437 2970 Partic.
464 2943 640 2978 [ἔφελχᾶεὶς]
676 2950 721 2976 vt,
741 2944 816 2977 Virg.
845 2943 943 2976 Georg.
973 2951 986 2974 3
996 2961 1004 2974 ,
1024 2949 1070 2974 303
1123 2947 1223 2980 inquit,
1242 2943 1397 2975 Attributa‚
1417 2942 1452 2968 est
1467 2942 1543 2975 Qiae
1558 2940 1587 2967 in
1599 2941 1760 2976 stipendium
1773 2941 1893 2968 militum
1910 2940 1942 2966 de
1955 2941 2060 2967 aerario
2079 2950 2094 2967 a
2107 2942 2176 2969 Tri-

6 3003 13 3017 ,
51 2984 102 3004 um
123 2986 190 3004 vero
213 2977 333 3005 ardentes
352 2979 427 3005 oculi
434 2999 443 3012 ,
462 2985 541 3013 atque
561 2979 686 3006 attractus
705 2979 737 3006 ab
753 2980 806 3006 alto
841 2978 971 3012 Spiritus,
989 2978 1071 3004 inter«
1124 2980 1203 3007 bunis
1222 2979 1332 3006 aerariis
1349 2978 1519 3010 adnumerari
1533 2977 1676 3011 Qiaestori
1692 2977 1765 3004 solet.
1811 2976 1867 3004 Cic.
1882 2977 1910 3003 in
1924 2976 2009 3003 Pison.
2025 2979 2057 3006 86
2076 2977 2176 3006 Nonne

22 3034 26 3039 .
62 3019 89 3038 n
103 3013 312 3049 gemitugrauis.
350 3015 450 3042 India-at
462 3013 589 3050 difficilem
602 3015 799 3052 respirationrm.
836 3013 905 3040 Add.
925 3013 1021 3041 Catuli.
1035 3022 1070 3047 13,
1083 3013 1273 3046 gosestertium
1289 3015 1387 3041 centies
1407 3020 1435 3041 et
1453 3013 1589 3048 octogies,
1610 3013 1683 3049 quod
1703 3012 1774 3048 quasi
1792 3013 1890 3039 vasarii
1909 3013 2019 3038 nomine
2033 3013 2062 3038 in
2081 3013 2176 3054 vendjf

70 3048 158 3082 Qem
172 3049 290 3076 attraffis
303 3049 429 3085 pedibus,
449 3057 552 3086 patente
565 3058 642 3086 porta
661 3053 816 3078 Percurrent
829 3049 993 3085 raphanique
1011 3059 1068 3076 mu-
1121 3053 1198 3080 tione
1213 3051 1268 3078 mei
1281 3050 1375 3086 capitis
1394 3050 1582 3084 adscripseras,
1602 3059 1634 3076 ex
1655 3049 1759 3076 aerario
1780 3049 1832 3076 tibi
1853 3047 2011 3080 attributum
2026 3049 2126 3076 Romae
2145 3059 2176 3078 m

53 3083 151 3119 lesque.
222 3085 334 3121 Compar.
357 3087 418 3113 Sen.
432 3087 523 3114 Benef.
536 3096 564 3121 4,
575 3096 602 3120 31
640 3089 735 3122 Qunu
742 3086 872 3114 Pollionis
884 3085 1067 3113 attraeiiorem
1122 3088 1231 3124 quaestu
1246 3087 1405 3122 reliquisti3
1440 3086 1514 3113 Idem
1527 3085 1595 3112 Phil.
1610 3095 1641 3119 ¹4
1659 3091 1724 3111 extr.
1749 3084 1908 3118 Qiaestores
1926 3083 2041 3110 vrbanos
2063 3084 2097 3111 ad
2115 3094 2174 3113 eam

52 3119 126 3147 disset
144 3120 270 3147 frontem·
1123 3133 1180 3151 rem
1194 3124 1331 3159 pecuniam
1345 3122 1423 3155 dare,
1442 3121 1605 3152 attribuere,
1624 3121 1742 3153 soluere,
1760 3120 1878 3147 iubeant.
1922 3119 1981 3146 Liu.
1993 3129 2040 3154 40,
2053 3123 2090 3155 46
2106 3122 2174 3150 Cen-

34 3143 140 3184 17ΑΤΤ
150 3164 199 3183 RA
209 3163 284 3184 C'rv
295 3163 326 3188 8,
349 3155 388 3184 sis.
407 3167 443 3184 m.
478 3158 545 3186 Cels.
559 3167 587 3194 7,
600 3168 634 3192 29
652 3159 696 3186 vbi
709 3165 790 3185 tamen
800 3166 874 3194 acque
883 3157 942 3184 bene
957 3161 1067 3194 partici-
1121 3159 1226 3187 soribus
1250 3158 1461 3194 postulantibus,
1485 3164 1514 3184 vt
1532 3157 1660 3193 pecuniae
1679 3158 1780 3184 summa
1821 3170 1865 3176 —
1901 3155 1951 3182 sibi
1971 3155 2174 3186 attribueretur.

35 3193 39 3230 ι’
62 3208 66 3214 -
100 3191 144 3226 effi·
152 3195 256 3228 poterit.
291 3192 385 3219 Cimex
398 3192 522 3221 horridus
536 3195 648 3222 attraCtu
665 3196 768 3222 Samon.
784 3203 836 3226 93¹·
852 3195 868 3220 ι’.
882 3193 961 3220 odore.
1079 3198 1108 3228 85
1127 3198 1216 3223 Verum
1230 3199 1367 3231 priuatas,
1387 3198 1463 3221 etiam
1477 3197 1600 3229 pecunias
1614 3193 1666 3219 dici
1681 3192 1810 3225 attribui,
1829 3191 1897 3218 docet
1915 3191 1979 3219 illud
1996 3192 2052 3219 Cic.
2067 3193 2122 3220 Att.
2136 3202 2173 3228 13,

4 3252 5 3257 ,
37 3238 39 3248 ¹
55 3234 320 3261 ATTRACT10‚
340 3229 409 3255 ‘3¹¹ss-
427 3229 448 3255 f·
465 3231 626 3266 [ἕλκνσμός]
663 3229 1064 3265 AttraffionemapuininEti-
1120 3241 1133 3259 2
1155 3231 1282 3259 Faberius
1301 3230 1319 3257 si
1334 3230 1455 3263 venerit,
1476 3229 1597 3262 videbis,
1619 3235 1647 3256 vt
1660 3234 1761 3255 tantum
1776 3227 1953 3261 attribuatur,
1968 3227 1987 3255 si
2001 3227 2083 3255 modo
2097 3230 2172 3257 attri-

59 3266 61 3271 ’
95 3266 224 3301 m'legunt
245 3263 346 3301 quidam
357 3270 407 3299 pro
425 3273 451 3291 eo
463 3265 583 3302 postiam,
601 3267 666 3303 quod
677 3268 796 3293 Donatus
808 3265 942 3292 Aduerbia
957 3276 1065 3301 congre·
1118 3268 1232 3300 buetur,
1253 3274 1384 3303 quantum
1396 3265 1518 3293 debetur.
1544 3268 1562 3292 i.
1575 3263 1719 3302 affignetur.
1774 3265 1806 3290 Et
1819 3265 1857 3296 16,
1872 3272 1882 3290 1
1906 3263 1953 3291 Ait
1967 3263 2039 3291 enim
2058 3265 2172 3294 attribu-

52 3316 63 3324 v·
76 3314 80 3322 ·
91 3300 98 3306 “
111 3308 200 3333 vocat,
218 3301 304 3338 qualia
310 3299 387 3336 sunt,
409 3300 577 3335 Summatim,
594 3303 717 3336 viritim,
736 3302 868 3333 ostiatim,
885 3308 908 3327 et
922 3302 967 3329 hoc
977 3313 1064 3339 genus.
1118 3304 1220 3331 tionem
1235 3304 1264 3330 in
1275 3303 1353 3336 Idus,
1367 3304 1392 3329 se
1405 3307 1494 3329 autem
1509 3302 1600 3337 vrgeri
1613 3301 1724 3333 acriter,
1743 3302 1761 3327 i.
1769 3302 1889 3335 pecuniae
1893 3298 1946 3334 fibi
1957 3299 2093 3336 affignatae
2105 3301 2172 3328 diem

91 3337 166 3364 verba
172 3337 236 3374 sunt
249 3336 308 3363 hacc
321 3343 341 3368 1,
356 3345 385 3370 4,
398 3344 433 3362 20
456 3336 643 3365 Nihilominus
665 3339 792 3371 fuerunt,
803 3338 850 3373 qui
869 3337 954 3372 ipsum
967 3339 1063 3365 adhuc
1117 3342 1162 3377 effe
1177 3339 1253 3367 Idus:
1273 3339 1322 3376 fid
1334 3339 1367 3375 se
1381 3342 1458 3374 prius
1475 3345 1536 3373 opus·
1550 3338 1648 3364 habere.
1724 3336 1780 3362 Cic.
1794 3334 1908 3370 Philipp.
1920 3344 1952 3369 9,
1971 3337 1990 3362 6
2014 3337 2170 3371 Quantique

48 3380 66 3409 ’,ρ
90 3383 99 3395 ‘s
130 3383 170 3399 um
194 3371 228 3400 ab
248 3372 422 3407 Appellatione
444 3371 600 3400 diducernnt
610 3383 619 3399 :
654 3381 684 3401 vt
699 3375 761 3401 ess'et
787 3373 947 3407 Vocabulum,
967 3384 1062 3410 corpus
1072 3377 1247 3412 9010carint,
1273 3381 1373 3403 tantam
1391 3374 1531 3409 pecuniam
1552 3371 1699 3400 redemtori
1723 3370 1890 3404 soluendam,
1913 3371 2167 3407 attribuendamque

92 3408 94 3410 ’
115 3408 230 3444 ᾱᾶιιφιε
241 3407 427 3440 manifestum,
446 3408 564 3441 Domus,
586 3409 670 3437 {eeius
685 3421 690 3437 ι
725 3409 869 3445 Appellatio
886 3409 929 3436 cui
944 3411 987 3438 vel
1000 3412 1061 3438 alte·
1115 3418 1217 3440 curent.

77 3444 175 3478 deest,
194 3444 238 3472 vel
259 3450 419 3479 Vtrumque,
448 3445 561 3477 Ventus,
578 3446 698 3479 caelum,
718 3446 781 3473 deus
791 3466 797 3477 ,
817 3445 911 3472 virtus.
946 3446 1062 3474 Adiicie-
1153 3455 1208 3475 AT
1221 3454 1290 3475 ΤΗΙ
1300 3453 1374 3474 BVT
1386 3453 1443 3477 vs,
1465 3454 1497 3478 a,
1516 3453 1570 3471 um.
1609 3445 1711 3470 Praeter
1730 3440 1817 3475 dista,
1842 3442 1896 3469 vid·
1911 3444 1983 3470 caes·
2000 3444 2028 3470 Β·
2043 3443 2075 3471 G»
2089 3450 2116 3478 7,
2130 3448 2165 3473 81-

86 3479 88 3484 '
113 3488 140 3508 et
167 3480 392 3515 Alliuerationcm,
412 3480 441 3506 <it
470 3480 531 3506 Heu
544 3488 552 3505 ε
584 3486 613 3507 et
626 3480 821 3514 „Attraffionem
831 3501 840 3514 ,
859 3488 888 3507 vt
907 3481 1061 3510 Fasceatim:
1114 3484 1180 3512 Plin.
1193 3493 1219 3517 2,
1232 3489 1254 3515 8.
1292 3484 1333 3511 Sic
1344 3482 1404 3509 Liu.
1417 3491 1464 3515 40,
1479 3490 1504 3513 51
1529 3480 1646 3517 Censores
1658 3487 1739 3514 opera
1751 3487 1782 3506 ex
1792 3479 1905 3515 pecunia
1917 3478 2056 3512 attributa,
2070 3478 2167 3506 diuisa-

91 3540 93 3542 .
108 3517 168 3544 nihi
179 3526 233 3544 non
245 3515 434 3551 approbantur.
472 3515 518 3543 Sed
529 3513 602 3543 lectio
615 3519 711 3544 ineerta
724 3516 757 3551 est
766 3528 775 3547 ,·
810 3527 866 3543 nam
881 3517 978 3553 quidam
986 3520 1061 3547 MSS.
1114 3529 1166 3556 que
1183 3521 1253 3547 inter
1267 3521 1292 3546 se
1312 3519 1376 3546 haec
1390 3518 1570 3544 confecerunt.
1729 3533 1734 3541 .

129 3553 351 3585 Tradiationem,
365 3553 478 3587 plerique
491 3551 713 3580 Attreffltionem
732 3553 856 3581 exhibent.
927 3553 970 3580 Ne
983 3563 1060 3590 poma
1073 3563 1104 3589 93
1150 3561 1428 3586 ATTRlBVTIO,
1452 3553 1521 3579 onis.
1558 3551 1578 3577 f.
1615 3550 1653 3577 Ex
1672 3548 1714 3576 his
1733 3549 1815 3578 etiam
1833 3549 2072 3582 attributionibus,
2093 3549 2166 3577 sacer

152 3589 284 3616 deformet
297 3587 421 3616 attractio
439 3587 502 3614 Pall-
516 3589 578 3622 AP‘·
593 3598 622 3622 4,
637 3596 658 3620 3-
1116 3601 1148 3620 an
1166 3592 1309 3627 profanus,
1326 3589 1448 3626 publicus
1466 3597 1498 3615 an
1513 3587 1648 3622 priuatus,
1668 3585 1770 3625 alienus
1789 3595 1822 3613 an
1836 3586 1931 3622 ipsius,
1950 3586 1983 3612 de
1995 3593 2050 3621 quo
2065 3585 2164 3619 agitur,

140 3631 217 3652 R'AC
228 3631 250 3651 T
261 3631 388 3652 ORIVS.
409 3623 470 3650 Adi·
506 3624 597 3650 Virtus
612 3623 767 3650 atsl‘a&0¹‘32
785 3625 875 3651 Macer
887 3632 915 3656 42
931 3633 968 3657 19.
1114 3629 1189 3656 locus
1203 3627 1234 3655 fit
1247 3637 1279 3654 an
1293 3627 1376 3654 fuerit
1390 3625 1446 3652 Cic.
1461 3623 1492 3650 de
1506 3625 1609 3649 inuent.
1623 3630 1633 3648 1
1653 3631 1675 3648 c.
1688 3623 1731 3649 26.
1768 3621 1963 3650 Add.1d.ibid.
1976 3630 1992 3648 2
2011 3630 2032 3647 c.
2048 3629 2081 3653 ¹3·
2120 3618 2164 3655 Est

183 3667 255 3688 EC'r
264 3667 284 3687 0
293 3680 301 3693 ,
319 3664 374 3687 are.
399 3659 559 3694 [sumaim.
577 3658 763 3695 μεταχειρίζω]
805 3659 910 3686 Videtur
934 3661 1060 3698 aliquanto
1113 3667 1196 3702 igitur
1208 3663 1352 3690 attributio
1368 3662 1446 3693 idem,
1466 3658 1532 3695 quod
1543 3657 1719 3685 Attributum.
1756 3656 1803 3685 sed
1814 3657 1849 3684 ad
1861 3668 1912 3685 rem
1918 3656 2164 3697 pecuniariam-fere

207 3707 232 3723 m
249 3694 392 3729 Traflare,
411 3703 435 3722 et
447 3699 555 3722 iniuriae
570 3698 690 3722 notionem
704 3694 835 3721 includere.
906 3695 966 3723 Liu.
979 3706 1007 3730 ς,
1026 3707 1060 3725 22
1110 3704 1222 3736 putinet
1240 3701 1313 3726 alias.
1369 3697 1425 3724 Cic.
1439 3697 1492 3722 Att.
1506 3702 1540 3727 ις,
1553 3702 1578 3726 13
1599 3693 1708 3720 Tamen
1721 3693 1754 3720 ad
1766 3703 1809 3720 me
1822 3703 1854 3721 ex
1867 3693 2029 3732 Phormianq
2047 3692 2162 3727 scripsit:

169 3740 340 3771 gnummore
351 3733 499 3764 Hetrusco,
515 3731 563 3758 nisi
576 3738 663 3758 certae
677 3731 762 3765 gentis
775 3730 909 3763 sacerdOS,
923 3731 1177 3772 attrectat-erooquas
1198 3736 1301 3766 literas,
1320 3742 1402 3769 quum
1423 3741 1437 3758 e
1458 3730 1565 3757 balineo
1586 3729 1707 3763 exissem,
1733 3730 1835 3764 accepi,
1859 3730 1911 3755 sese
1931 3727 1963 3754 de
1981 3727 2162 3768 attributione

181 3769 254 3795 litus.
308 3768 350 3795 sic
363 3768 510 3795 Attre&are
524 3768 709 3795 contaminatis
722 3766 844 3793 manibus
862 3767 919 3794 Cic.
927 3767 959 3794 de
966 3769 1059 3805 Arusp.
1113 3773 1204 3799 onmia
1216 3773 1317 3798 sutmna
1332 3769 1426 3796 fecisse.
1483 3765 1557 3793 Idem
1569 3766 1622 3793 Att.
1637 3768 1676 3798 16,
1690 3775 1703 3799 3
1730 3767 1761 3792 Et
1774 3765 1916 3802 attributio
1929 3763 1965 3790 est
1984 3763 2053 3791 mihi
2071 3765 2160 3791 nomi-

187 3811 212 3838 13
231 3803 378 3831 Attredtare
388 3805 458 3831 sacra
478 3804 725 3838 Virg.Aen.2,719.
761 3802 828 3828 Geli.
844 3811 878 3835 ιι,
893 3808 918 3833 18
934 3804 1060 3838 Qialie-
1113 3818 1178 3835 num
1198 3809 1306 3839 ignota,
1345 3809 1362 3831 i.
1390 3802 1535 3830 Debitorum
1557 3802 1699 3839 affi'gnatio.
1755 3802 1787 3828 Et
1801 3801 1924 3831 Fam-16,
1936 3808 1973 3834 24
1992 3800 2034 3827 De
2047 3800 2160 3838 attribu-

172 3839 325 3872 muana,
343 3848 426 3874 quum
440 3839 468 3867 id
482 3841 508 3867 se
521 3840 610 3867 inuito
631 3839 742 3866 domino
761 3838 866 3871 facere,
885 3838 1004 3867 iudicare
1016 3841 1059 3868 de-
1111 3845 1186 3871 tione
1200 3837 1340 3874 c'onficies,
1360 3840 1392 3867 de
1410 3839 1646 3873 repraesentatione
1659 3836 1772 3864 videbis.
2030 3870 2037 3875 Ι

121 3876 192 3903 furti
203 3881 319 3911 tenetur..
351 3896 355 3906 ,
387 3876 476 3903 Sabini
488 3876 545 3903 ICti
557 3876 641 3903 verba.
694 3874 763 3902 Add.
779 3874 861 3901 Plaut.
873 3874 942 3902 Rud.
954 3884 980 3906 2,
988 3884 1017 3911 4,
1029 3885 1056 3912 7.
1149 3888 1170 3908 A
1180 3887 1201 3907 T
1211 3887 1232 3906 T
1241 3887 1260 3905 R
1270 3885 1303 3905 113
1312 3885 1332 3904 v
1341 3883 1363 3903 Τ
1372 3882 1426 3902 VM
1435 3894 1443 3906 ,
1475 3874 1493 3900 i.
1528 3883 1555 3901 n.
1606 3875 1693 3901 Varro
1712 3873 1744 3899 de
1758 3872 1787 3898 L.
1802 3871 1832 3898 L.
1846 3879 1875 3903 4,
1887 3871 1920 3902 36
1939 3870 2070 3904 Pecunia,
2089 3878 2158 3905 quae

118 3925 123 3934 -
147 3911 150 3915 ’
176 3920 202 3945 3,
213 3920 254 3945 32,
267 3920 295 3974 qi.
329 3911 404 3939 Curt-
418 3920 458 3945 10,
471 3920 510 3944 10,
526 3920 560 3944 ¹3·
601 3911 659 3939 Cic.
673 3920 723 3948 pro
736 3910 806 3939 Cael.
821 3919 855 3939 20
874 3910 918 3937 Est
929 3913 1002 3939 enim
1015 3912 1102 3948 tii-{05
1111 3916 1231 3952 assignata
1245 3920 1318 3946 erat,
1335 3910 1496 3973 m'ibssn'm
1510 3909 1621 3938 dietum.
1658 3907 1808 3937 Diszlefflcis
1822 3912 1845 3932 ot
1856 3903 2008 3934 Rhesorsbm
2026 3906 2156 3967 etiarlrifq-

165 3954 243 3974 von.
295 3967 301 3973 .
868 3949 873 3953 ’
1094 3954 1096 3956 ·
1466 3954 1483 3972 ν
1503 3954 1521 3974 ν
2047 3950 2082 3967 ’Μ
2092 3949 2157 3967 ‘am'
