2474 4182
265 185 336 227 559
648 173 911 216 CER
1771 173 2033 217 CER
2285 142 2417 232 ⁷860

270 266 343 300 Virg.
357 265 410 292 Ecl.
424 274 450 298 2,
465 273 496 301 57
520 265 577 294 Nec
598 266 614 293 si
633 264 789 292 muneribus
803 269 902 296 certes,
922 264 1046 291 concedat
1060 263 1136 291 Iolas.
1174 261 1261 289 Eadem
1274 269 1315 288 ra·
1378 262 1476 298 referas
1497 263 1609 291 Veneris
1628 265 1772 292 certamina
1789 272 1881 292 mutua
1907 265 1992 292 Ouid.
2006 266 2097 293 Amor.
2109 274 2136 300 2,
2149 274 2187 302 10,
2199 276 2241 303 29,
2297 270 2337 298 Sic
2352 267 2421 301 mam

268 304 335 327 tione
355 302 446 329 Claud.
461 303 549 337 Epigr.
566 311 597 328 22
620 302 653 326 de
674 299 820 332 Chlamyde
835 308 858 326 11
893 300 926 325 At
946 299 998 326 tibi
1016 300 1124 326 diuersis
1143 299 1264 332 Princeps
1280 297 1314 336 al·
1380 299 1445 325 Vini
1462 305 1609 332 certamen,
1635 302 1794 337 Competatio.
1816 300 1914 328 Tibul.
1930 304 1987 333 3,6,
2002 309 2023 328 ιι
2060 302 2112 328 Aut
2125 303 2143 329 fi
2156 306 2214 338 quis
2222 305 2280 332 vini
2294 313 2421 337 certamen
2456 296 2460 319 l

269 337 378 370 till'uue,
397 345 496 364 certant
508 338 649 370 Obsequiis
663 336 763 368 soceri,
783 339 801 361 i.
817 334 1042 369 certatimstudcnt
1055 336 1102 361 tibi
1112 337 1219 370 placere.
1257 334 1314 359 Cic.
1381 335 1446 361 mite
1460 335 1574 365 recuset,
1611 336 1694 362 Fallat
1705 346 1767 363 eum
1781 337 1851 364 111810
1866 346 1924 363 cara
1939 337 2025 371 puella
2041 336 2112 363 dolo.
2148 340 2179 364 Et
2199 349 2252 366 cnm
2266 340 2420 370 Adiec'tiuis:
2452 364 2454 368 ,
2472 334 2474 339 ⁸

270 373 376 408 Fam.7‚
391 382 418 400 12
440 375 581 407 Reliquum
596 372 645 401 cst,
655 370 794 398 vtOfficiis
808 378 937 397 certemus
952 371 1022 397 inter
1035 381 1081 397 nos
1091 392 1098 403 ,
1120 370 1217 404 quibus
1230 376 1315 402 aequo
1382 371 1458 404 Virg.
1472 371 1536 396 Aen.
1557 378 1579 402 5,
1599 379 1648 404 144
1681 371 1745 398 Non
1757 379 1809 399 tam
1825 373 1996 407 praecipites,
2031 372 2124 407 biiugo
2145 376 2286 401 certamine
2306 371 2422 412 campum

269 410 360 436 animo
376 410 418 435 vel
434 410 537 435 vincam
550 414 590 438 te,
609 407 653 433 vel
674 408 766 433 vincar
781 407 825 433 abs
840 413 873 433 te.
947 408 1021 440 Vitg.
1038 409 1101 433 Aen.
1119 415 1137 438 1,
1153 415 1196 435 532
1217 402 1315 430 Officio
1340 409 1354 436 5
1383 407 1561 440 Corripuere,
1583 411 1716 440 ruuntque
1730 408 1799 434 effusi
1814 418 1916 435 carcere
1929 417 2029 434 currus.
2101 408 2182 434 Ouid.
2197 411 2262 436 Met.
2276 419 2296 443 1,
2309 415 2362 446 446
2377 415 2423 442 *Iu-
2456 439 2459 443 .

270 454 316 471 nec
336 451 362 471 te
382 446 485 471 certatl'e
499 443 616 477 priorem
690 443 834 470 Poeniteat.
877 443 924 470 Vbi
944 444 1065 469 Seruius:
1088 443 1130 468 Ne
1150 441 1201 466 tibi
1221 449 1315 474 parum
1382 442 1468 468 stituit
1488 442 1577 467 Sacros
1597 441 1706 468 Celebri
1727 445 1869 470 certamine
1888 445 1980 476 ludos,
2008 443 2100 476 Pythia
2122 443 2153 469 de
2173 444 2289 472 domitae
2304 445 2437 482 serpentis
2454 448 2468 472 i.

269 480 392 507 videatur
412 480 496 513 prima
518 478 646 504 beneficia
670 479 841 512 praestitisse,
867 488 950 513 quum
971 478 1044 512 pollis
1063 478 1165 503 maiora
1187 476 1315 510 recipere.
1382 478 1491 503 nomine
1504 477 1598 503 (116101.
1636 477 1892 512 Chrysanthianum,
1911 480 1964 507 vid.
1978 480 2002 506 h.
2018 490 2042 505 υ.
2114 479 2186 505 festa
2206 482 2346 509 certamina
2366 484 2423 514 Stat.
2449 480 2474 515 s«

270 517 367 542 Pietate
388 514 479 541 Claud.
495 515 558 540 sext.
574 515 651 541 Cous.
664 515 736 541 Hon.
749 523 791 548 99.
850 516 924 548 Virg.
941 515 993 540 Ecl.
1011 522 1032 545 3,
1048 522 1071 545 31
1094 513 1140 538 Tu
1156 512 1197 538 dic
1213 520 1316 537 mecum
1382 513 1475 540 Theb.
1491 516 1517 545 6,
1530 521 1586 545 921.
1657 513 1738 539 Ouid.
1756 514 1819 540 Met.
1836 523 1868 547 11,
1886 523 1924 549 155
1945 517 1995 542 Pan
2032 531 2076 534 —
2112 515 2195 541 Ausus
2203 516 2353 550 Apollineos
2365 528 2424 554 prae
2438 540 2441 544 ,

270 561 323 587 quo
344 551 454 585 pignore
474 556 564 576 certes.
638 550 698 576 Liu.
720 559 739 583 1,
760 553 794 577 26
823 551 849 577 Si
862 559 876 577 a
889 550 1046 577 Duumuiris
1062 548 1232 583 prouocat-it,
1256 548 1318 573 Pro·
1383 550 1408 576 se
1423 556 1593 575 contemnere
1613 555 1718 581 cantus,
1755 549 1843 575 Iudice
1863 551 1909 576 sub
1924 552 2029 578 Tmolo
2051 557 2183 577 certamen
2204 552 2276 577 venit
2289 552 2321 579 ad
2336 552 2423 592 impar.
2460 571 2464 575 -

270 588 410 614 vocatione
425 593 533 612 certato.
582 586 609 611 Si
622 586 746 619 vincent,
766 594 840 621 caput
857 586 990 612 obnubito
1005 592 1049 611 etc.
1122 584 1195 617 Virg.
1211 585 1274 609 Aen.
1294 591 1317 615 5,
1335 595 1365 613 10
1384 585 1529 613 Ludicrum
1545 585 1602 610 Scn.
1623 585 1715 618 Agam.
1729 593 1781 617 935.
1805 585 1833 611 de
1846 585 1911 611 ludis
1924 588 2070 622 Olympicis.
2127 587 2198 612 Sacri
2212 588 2360 615 certaminis
2371 599 2424 625 per.

270 629 316 656 485
344 621 465 648 Protinus
480 623 578 647 Aeneas
602 622 682 648 celeri
702 629 802 649 certare
822 623 919 656 Sagitta
963 621 1059 647 inuitat
1072 620 1118 655 qui
1134 620 1204 646 forte
1218 620 1318 645 velint:
1384 628 1463 656 petua
1476 620 1585 647 materia
1612 620 1744 653 Quinctil.
1762 629 1784 653 3,
1796 621 1913 655 7,4.‘de
1925 623 1991 648 ludis
2004 624 2162 658 Capitolinis.
2219 624 2311 658 Nempe
2331 625 2424 655 samm
2452 633 2459 655 ,1Ὶ

269 665 294 684 et
313 658 430 692 praemia
449 658 533 691 ponit.
605 658 707 685 Scelere
725 659 800 684 omni
834 658 891 684 Sen.
910 656 1022 688 Thyest.
1042 664 1081 689 25.
1153 656 1213 682 Liu.
1233 664 1273 688 34,
1293 659 1318 684 18
1384 665 1517 683 certamen
1537 662 1559 681 ct
1580 664 1606 688 9,
1621 665 1649 688 4,
1666 664 1687 682 11
1715 657 1789 682 Sacra
1810 657 1953 683 certamina
1968 660 2061 684 Graeca
2075 666 2172 684 rasione
2191 657 2272 688 dixit,
2296 661 2359 694 apud
2370 671 2425 697 quot
2453 659 2456 662 Α

269 700 333 719 extr.
360 693 520 719 Parsimonia
538 699 563 719 et
583 694 686 728 vigiliis
706 700 731 720 et
751 694 843 720 labore
862 702 921 719 cum
944 693 1044 718 vltimis
1066 691 1184 718 militum
1200 697 1319 717 certaret.
1384 693 1440 726 ἱεροὶ
1458 691 1558 724 ἀγῶνες,
1587 694 1604 717 i.
1620 693 1697 727 sacra
1717 692 1858 718 Certamina
1879 700 1951 718 crant
1970 701 2089 728 quatuor,
2114 703 2174 730 quae
2194 693 2239 720 hoc
2253 695 2426 731 Epigramma&
2442 723 2443 726 ,

270 728 419 763 Virgiliana
432 729 532 755 virtute
553 728 618 755 Plin.
630 731 658 756 in
670 730 753 764 praef.
767 740 791 764 p.
802 732 864 762 4,16
886 728 932 755 Sed
940 728 1053 763 ponenda
1061 728 1123 764 sum
1137 728 1226 758 verba,
1248 727 1319 751 Scito
1383 729 1521 762 complexus
1536 724 1569 759 qli
1591 728 1722 753 Ausonius
1737 727 1877 762 Eclogario
1896 737 1919 763 p.
1934 731 1985 762 564
2398 728 2409 737 “·

268 765 341 791 enim
376 779 422 784 --
457 773 500 790 me
521 765 716 799 deprehendisse
737 774 751 792 a
786 780 832 785 ·—-
868 765 998 799 proximis
1019 771 1121 790 veteres
1137 762 1319 794 transscriptos
1339 768 1363 793 15
1491 764 1615 795 Qiatuor
1628 764 1751 798 antiquos
1765 763 1910 790 celebrauit
1923 764 2022 791 Acha'ia
2036 763 2129 797 ludos,
2356 794 2360 796 ,
2436 789 2440 798 s

268 801 301 827 ad
316 800 428 827 verbum
464 815 510 820 -—
525 830 527 832 ,
545 810 600 827 11011
620 801 665 828 illa
679 801 829 835 Virgiliana
843 801 958 832 virtute,
989 806 1017 826 vt
1033 805 1169 825 certarent.
1226 798 1319 830 Nempe
1526 798 1691 825 Caelicolsnn
1706 799 1760 825 duo
1773 800 1832 826 sunt
1850 806 1876 826 et
1890 799 1943 826 duo
1959 800 2022 827 festa
2037 800 2186 826 hominum,
2437 821 2442 846 1
2455 826 2459 831 ,

274 837 399 872 Virgilius
415 837 522 863 Graecos
539 840 720 873 interpretatus
741 836 788 869 cst,
807 837 855 871 fid
873 839 926 868 ita,
941 836 1097 871 utJirperare
1115 834 1171 859 illos
1191 839 1214 858 et
1232 833 1319 871 melius
1492 834 1568 860 Sacra
1582 835 1668 867 Iouis,
1689 834 1860 870 Phoebique,
1885 836 2065 869 Palaemonis,
2082 835 2281 870 Arhemorique
2396 844 2415 866 a«
2449 850 2451 868 ;

262 870 480 908 facere-‚llzcdercn
659 871 678 910 ⁶]
702 882 713 898 2
752 871 951 905 Construfflmm
964 870 1121 906 etjormulae
1133 870 1212 894 aliae:
1257 868 1317 893 Liu.
1529 870 1602 896 Serta
1622 870 1717 905 quibus
1730 872 1822 905 pinus,
1842 871 1940 904 malus,
1961 872 2049 904 oliua,
2069 872 2169 906 apium.
2388 885 2400 907 g
2420 883 2422 888 .
2438 872 2460 902 ςΙ,

268 918 296 942 4,
312 916 343 943 37
364 909 416 934 Aut
433 908 476 942 iis,
492 917 551 934 cum
565 907 664 942 quibus
684 908 715 934 de
729 909 844 942 imperio
864 914 994 936 certetur,
1016 914 1062 930 nec
1077 904 1191 944 virtute,
1207 912 1263 944 ⁸nec
1277 912 1320 938 pa·
1387 904 1490 932 Iudicat
1503 906 1590 932 ordine
1605 906 1745 941 Olympia,
1766 908 1874 940 Pythia,
1900 907 2024 940 Isthmia,
2043 908 2187 934 Nemeaea.
2235 906 2324 934 Videri
2335 912 2382 943 po!
2437 912 2444 938 t

268 944 377 976 nentia,
396 952 443 970 nec
458 944 596 978 disciplina
611 944 650 970 rei
663 944 787 970 militaris
803 943 946 969 cedendum
959 942 1015 966 effe.
1072 941 1128 966 cie.
1143 939 1258 974 Philipp.
1281 948 1319 971 10,
1335 950 1369 968 20
1385 948 1437 967 tum
1458 942 1552 977 reliqua
1573 942 1640 977 apud
1659 943 1824 976 Ausonium,
1852 951 1902 969 tum
1916 944 1984 980 ἰωὴ,
2009 953 2068 979 quae
2088 943 2254 970 indicauimus
2274 946 2372 970 nomina
2386 943 2390 947 “
2417 947 2420 950 ”
2440 952 2445 975 l

269 989 298 1006 10
315 981 377 1006 Erat
397 980 470 1006 enim
491 980 516 1006 ej
528 981 583 1014 spes
596 989 648 1006 vna
661 980 688 1006 in
703 981 733 1006 C,
755 980 889 1009 Antonio,
912 977 959 1011 qui
973 976 1088 1002 duorum
1102 976 1216 1002 fratrum
1229 976 1320 1001 aetati·
1385 978 1446 1003 loco.
1484 978 1640 1014 Nobis-satis
1654 982 1703 1005 erit
1716 979 1757 1005 hic
1769 980 1822 1005 loca
1838 979 1950 1006 indicare
1964 982 2125 1006 certaminum
2139 988 2167 1005 ex
2181 978 2301 1005 Ausonio
2312 978 2330 1005 l.
2341 987 2364 1006 t.
2394 973 2425 1008 ⁸7,-

269 1015 318 1042 bus
336 1015 439 1042 medius
461 1015 614 1042 interiectus
624 1036 631 1048 ‚
657 1016 732 1042 vitiis
753 1024 812 1041 cum
826 1019 941 1046 vtroque
962 1011 1087 1038 certabat.
1159 1011 1226 1052 131111.
1240 1010 1320 1051 Epist.
1493 1014 1580 1040 Prima
1594 1015 1654 1040 Ioui
1668 1023 1764 1049 magno
1778 1015 1945 1042 celebrantur
1957 1015 2083 1050 Olympia
2096 1015 2176 1042 Pisae.

268 1054 293 1083 6,
313 1060 339 1084 33
360 1052 432 1078 Mihi
452 1052 513 1078 satis
528 1052 564 1078 est
583 1058 683 1078 certare
701 1059 813 1076 mecum.
886 1049 941 1075 Cic.
954 1049 1032 1074 Verr.
1046 1055 1069 1080 5,
1082 1056 1113 1080 14
1140 1047 1165 1074 Si
1180 1057 1238 1073 cum
1254 1047 1320 1074 alio·
1493 1050 1623 1076 Parnan'us
1644 1050 1735 1077 Clario
1754 1051 1863 1077 sacrauit
1881 1051 1972 1084 Pythia
1992 1050 2109 1077 Phoebo.
2373 1072 2379 1075 .

268 1096 328 1114 rum
347 1087 519 1123 improbitate
538 1093 634 1119 certet,
654 1087 731 1119 longe
753 1093 860 1116 omnes,
886 1083 1053 1118 multumque
1073 1083 1214 1118 superabit.
1253 1083 1319 1110 Plin.
1493 1084 1602 1111 Isthmia
1622 1086 1740 1113 Portuno
1761 1086 1872 1113 bimaris
1891 1087 1961 1113 dicat
1980 1087 2037 1113 aCta
2055 1086 2191 1113 Corinthi.
2365 1088 2371 1100 ⁵
2438 1095 2442 1123 ἦ

268 1123 296 1150 in
309 1124 403 1159 Paneg.
419 1133 450 1156 3ο
477 1124 507 1150 T
509 1123 576 1149 antis
594 1121 724 1156 segetibus
740 1119 913 1151 induebatur,
933 1126 962 1146 vt
976 1129 1036 1146 cum
1055 1119 1218 1146 feraciffimis
1231 1119 1321 1152 terris,
1337 1124 1380 1159 25¹
1496 1120 1656 1148 Archemori
1674 1122 1810 1149 Nemeaea
1829 1123 1921 1149 colunt
1941 1123 2065 1149 funebria
2085 1122 2209 1149 Thebae.
2369 1147 2373 1150 ,
2393 1136 2402 1154 ·.
2426 1122 2430 1128 ’

267 1159 339 1194 quast
358 1168 494 1194 nunquam
514 1159 625 1188 cess'ura,
655 1162 777 1182 certaret.
867 1156 935 1182 Cum
955 1156 1042 1192 vsuris
1065 1161 1165 1182 certare
1185 1155 1320 1182 frufitibus
1386 1153 1428 1188 Est
1443 1165 1483 1182 res
1499 1158 1608 1187 Graeca,
1633 1162 1738 1185 materia
1750 1161 1855 1185 omnium
1871 1162 2022 1190 carminum,
2046 1158 2263 1194 quaesupersunt,
2284 1155 2365 1183 Pindo
2386 1167 2391 1181 -z

268 1196 440 1231 praediorum
455 1195 587 1223 dicuntur,
607 1201 708 1227 quorum
722 1192 859 1228 vestigalia
875 1195 936 1224 vix,
956 1198 1000 1218 aut
1016 1200 1045 1217 ne
1060 1194 1106 1218 vix
1120 1191 1217 1227 quidem
1233 1191 1320 1226 usuris
1384 1200 1431 1226 quo
1446 1198 1469 1217 et
1484 1193 1666 1228 Interpretibus
1678 1195 1782 1229 petenda
1789 1195 1852 1230 Jicnt
1864 1197 1968 1231 reliqua.
2041 1195 2240 1229 Quadriiugum
2266 1193 2329 1219 Stat.
2343 1192 2391 1220 T„
2409 1189 2420 1211 ¹.
2448 1200 2449 1203 ’

263 1231 435 1267 perfhlucmiis
450 1231 528 1264 paria
548 1227 590 1260 ‘ff'
601 1226 708 1263 pnffimt.
783 1228 838 1255 Cic·
856 1228 885 1254 in
906 1228 984 1254 Catil·
1004 1236 1030 1260 2,
1049 1232 1074 1257 18
1106 1228 1169 1254 Meo
1188 1227 1320 1253 beneficio
1386 1229 1413 1259 6,
1428 1229 1485 1260 369.
1561 1229 1654 1256 Valida
1673 1229 1748 1256 Idem
1763 1230 1854 1257 Theb.
1871 1233 1897 1264 6,
1910 1239 1973 1266 704.
2044 1233 2105 1258 Item
2120 1240 2173 1256 cum
2187 1229 2289 1261 verbis,
2308 1234 2338 1255 vt
2372 1233 2392 1250 =·'*
2425 1222 2449 1266 '3'

267 1266 372 1294 tabulae
390 1273 475 1291 nouae
494 1264 681 1304 proferentur,
707 1264 791 1304 (quas
810 1264 930 1299 optabant
949 1263 1081 1297 obaerati)
1109 1272 1203 1290 verum
1217 1263 1320 1290 autfiio-
1386 1263 1451 1288 Aen.
1466 1272 1489 1296 5,
1503 1266 1552 1297 603
1574 1266 1630 1291 Hac
1645 1265 1776 1292 celebrata
1787 1273 1878 1300 tenus,
1898 1267 1987 1294 sancito
2000 1267 2144 1294 certamina
2156 1266 2235 1301 patri.
2290 1263 2387 1291 Εἰε.Τ”
2425 1264 2428 1271 ’
2446 1270 2449 1302 J

267 1303 366 1328 nariae.
420 1301 518 1334 Neque
532 1308 603 1326 erum
622 1299 675 1332 isti,
691 1307 739 1334 qut
758 1299 920 1334 poffessioites
942 1298 1056 1331 habent,
1076 1298 1127 1325 alia
1147 1300 1252 1325 ratione
1265 1299 1319 1325 vlla
1338 1310 1370 1335 30
1388 1307 1414 1331 2,
1428 1300 1459 1325 62
1473 1309 1494 1326 c.
1509 1303 1543 1326 26
1572 1302 1737 1328 Videmusne
1751 1302 1819 1337 apud
1842 1312 1908 1338 quos
1923 1311 2019 1330 eorum
2037 1303 2182 1335 ludorum,
2202 1301 2250 1336 qui
2262 1295 2388 1335 gymnici
2439 1296 2448 1339 1i

268 1337 333 1363 salui
353 1337 401 1363 esse
414 1337 523 1370 poss'unt.
543 1335 616 1370 quod
629 1335 647 1361 si
659 1336 788 1362 maturius
803 1335 889 1362 facere
903 1335 1060 1367 voluissent,
1081 1344 1167 1370 neque
1187 1335 1233 1367 (id
1247 1334 1320 1369 quod
1387 1341 1496 1367 cantur,
1512 1345 1621 1371 magnus
1636 1337 1720 1364 honos
1740 1337 1784 1371 sit,
1809 1339 1911 1365 nullum
1930 1339 1963 1366 ab
1977 1339 2028 1371 his,
2044 1339 2090 1374 qui
2103 1339 2133 1365 in
2145 1337 2174 1364 id
2187 1343 2322 1364 certamen
2333 1335 2350 1362 d
2371 1340 2412 1375 ³2„
2437 1327 2448 1370 1ῚΙ

267 1372 441 1400 stultiffimum
462 1372 515 1403 est)
542 1377 641 1398 certare
663 1380 723 1397 cum
740 1371 828 1398 vsuris
847 1370 980 1398 fructibus
1001 1370 1187 1405 praediorum:
1208 1377 1233 1397 et
1248 1371 1321 1397 locu·
1388 1370 1461 1402 dant,
1480 1371 1595 1399 deuitari
1609 1374 1751 1400 dolorem?
1823 1375 1895 1402 Inire
1911 1376 2053 1402 certamina
2066 1375 2153 1410 prima
2176 1374 2252 1408 Virg.
2267 1373 2333 1399 Aen.
2346 1371 2418 1406 5,['
2437 1366 2447 1399 l]

267 1408 427 1443 pletioribus
447 1408 504 1441 his,
535 1413 561 1434 et
581 1407 740 1434 melioribus
761 1406 866 1434 ciuibus
892 1413 1037 1433 vteremur.
1121 1405 1321 1440 Cmfiruffionis
1387 1406 1461 1432 Idem
1477 1408 1542 1434 Aen.
1557 1416 1580 1441 5,
1597 1417 1644 1442 545
1675 1411 1709 1436 At
1729 1411 1786 1445 pius
1806 1412 1922 1444 Aeneas,
1941 1411 2060 1438 nondum
2080 1410 2223 1437 certamine
2238 1408 2314 1435 misso
2347 1407 2377 1434 E
2407 1427 2409 1429 -
2439 1405 2447 1435 ,’

265 1455 319 1471 cum
327 1446 421 1471 Datiuo
434 1445 541 1479 exempla
550 1454 557 1468 .·
614 1443 752 1470 Claudiau.
773 1443 856 1470 Laud.
870 1443 958 1470 Seren.
973 1452 999 1475 33
1024 1442 1053 1469 (le
1068 1443 1171 1469 Claudia
1190 1441 1283 1476 Vellali
1298 1449 1322 1469 et
1387 1441 1438 1468 den
1451 1450 1544 1477 vocat,
1564 1447 1582 1471 i.
1597 1444 1708 1479 dimiffiv,
1721 1446 1809 1482 finito.
1864 1448 1976 1474 Mouent
1989 1453 2121 1474 certamen
2135 1445 2252 1481 praemia
2270 1443 2350 1471 Ouid.
2382 1452 2386 1465 1
2399 1445 2409 1463 ’1
2419 1437 2447 1471 .“-

267 1482 398 1516 Penelope,
425 1480 490 1506 Non
511 1486 599 1506 tamen
618 1479 748 1506 audebant
768 1479 874 1506 Titulis
888 1485 989 1505 certare
1002 1479 1129 1511 Serenae,
1154 1486 1198 1505 aut
1213 1478 1320 1505 Titulis
1339 1487 1368 1512 35
1389 1481 1427 1510 16,
1441 1487 1497 1513 372.
1534 1481 1646 1508 Referre
1658 1483 1812 1515 certamina,
1825 1486 1843 1509 i.
1857 1481 1998 1516 instaurare
2018 1483 2094 1518 Virg.
2102 1484 2168 1509 Aen.
2177 1490 2200 1514 5,
2215 1483 2264 1514 596
2284 1479 2312 1506 dc
2319 1470 2426 1517 As&

266 1517 376 1544 Datiuus
390 1514 439 1549 cst,
457 1522 500 1542 aut
515 1516 634 1542 Serenae.
671 1516 713 1542 Sic
722 1515 802 1542 eadem
815 1515 976 1551 ambiguitate
984 1515 1165 1550 Virg.Georg.
1174 1523 1199 1546 2,
1210 1520 1249 1546 138
1270 1514 1320 1541 Sed
1387 1514 1503 1542 Tollere
1516 1515 1585 1542 dona
1597 1517 1673 1544 nullo
1686 1519 1831 1545 certamine
1851 1518 1924 1546 Idem
1938 1520 2004 1546 Aen.
2018 1527 2040 1552 5,
2054 1527 2112 1552 390.
2149 1520 2187 1544 De
2205 1517 2259 1552 luJia
2272 1518 2353 1542 etiam-
2364 1517 2368 1520 ”
2410 1515 2437 1546 in

266 1561 353 1587 neque
365 1550 517 1578 Medorum'
529 1550 610 1577 siluae
645 1565 691 1570 —
727 1550 863 1577 Laudibus
877 1551 970 1577 ltaliae
987 1557 1097 1577 certent.
1169 1550 1320 1585 Imparibus
1379 1549 1537 1586 scriptorum
1545 1553 1631 1588 pofitit
1648 1554 1778 1587 Qtine‘til.
1794 1563 1826 1587 11,
1841 1563 1868 1588 2,
1880 1560 1916 1587 38.
2093 1552 2114 1592 ff
2137 1562 2150 1580 2
2186 1554 2233 1581 Sea
2245 1552 2278 1579 ad
2289 1552 2361 1578 alios·

267 1594 369 1615 certare
390 1589 457 1614 Hor.
479 1587 560 1621 Epod.
582 1595 614 1618 11,
632 1593 674 1620 27.
730 1587 750 1613 F
752 1595 827 1612 orma
840 1592 941 1612 certare
955 1585 1010 1612 deis
1019 1606 1027 1618 ,
1046 1589 1065 1612 i.
1081 1587 1139 1612 Non
1154 1590 1235 1612 minus
1249 1595 1322 1622 quam
1386 1593 1490 1613 conatus
1503 1588 1653 1615 vehementes
1660 1591 1773 1625 plurium
1786 1590 1850 1616 idem
1862 1593 1989 1627 agentium
2002 1597 2026 1617 et
2038 1593 2137 1617 vincere
2150 1596 2201 1616 tum
2209 1589 2239 1625 se
2252 1590 2374 1620 inuicem,
2400 1597 2407 1607 ¹«
2428 1601 2439 1611 =.

267 1624 323 1650 deos
331 1624 471 1659 formoficm
484 1622 527 1655 qll'e
543 1622 588 1648 Sil.
603 1629 626 1655 5,
642 1624 679 1648 16.
751 1622 913 1648 Melioribus
935 1623 1003 1648 Hor.
1024 1622 1106 1648 Serui.
1127 1631 1150 1654 2,
1170 1630 1193 1655 5,
1216 1631 1244 1656 19
1273 1625 1321 1648 τοῖς
1385 1620 1480 1648 obieeta
1494 1623 1844 1658 impedimentastudentium,
1872 1637 1899 1653 νε
1916 1633 1999 1653 crtzcr:
2055 1625 2187 1659 Quintffll.
2203 1630 2226 1658 8,
2239 1632 2263 1658 5,
2277 1632 2296 1657 4
2319 1624 2348 1649 ln
2366 1635 2395 1652 11,

267 1659 384 1695 κρείττοσι
393 1679 400 1690 ,
413 1659 533 1694 superare
540 1656 658 1690 studere,
674 1660 717 1692 qui
725 1656 858 1692 praeliant
870 1667 1011 1693 quacunque
1025 1661 1120 1684 virtute
1133 1659 1201 1684 aliis.
1257 1659 1320 1685 Cer·
1334 1671 1371 1696 40
1384 1657 1532 1685 'certamine
1542 1680 1550 1692 ‚
1575 1661 1622 1695 qui
1635 1661 1791 1695 opulentior
1803 1662 1854 1694 est,
1876 1663 1957 1688 etiam
1971 1662 1989 1688 fi
2003 1662 2099 1697 accipit
2111 1661 2250 1693 iniuriam,
2264 1666 2387 1690 tamen,-

268 1701 324 1722 tare
336 1695 376 1720 de.
392 1702 437 1725 vt,
455 1694 509 1720 Cic.
519 1692 551 1718 de
565 1693 639 1719 Orat.
652 1701 678 1724 2,
691 1695 726 1726 76
741 1702 763 1718 c.
779 1698 803 1723 18
830 1694 904 1726 Qud
919 1694 991 1720 enim
1012 1700 1057 1720 aut
1070 1695 1254 1728 arrogantius,
1275 1700 1320 1721 aut
1386 1693 1443 1728 plus
1463 1695 1563 1728 potest,
1583 1696 1672 1723 facere
1694 1697 1809 1724 videtur.
1880 1698 1955 1732 Virg.
1969 1699 2033 1724 Aen.
2055 1707 2077 1730 3,
2098 1702 2141 1728 ¹28
2167 1697 2299 1724 Nauticus
2317 1703 2360 1721 ex
2378 1710 2379 1713 =
2394 1683 2428 1716 f

267 1731 403 1765 loquacius
424 1729 484 1756 fieri
504 1729 608 1763 potuit,
640 1736 719 1762 quam
740 1728 902 1762 Hannibali,
925 1730 973 1763 qui
994 1735 1034 1756 tot
1052 1738 1134 1756 annos
1154 1730 1185 1756 de
1205 1730 1321 1764 imperio
1386 1729 1464 1755 vario
1478 1731 1622 1757 certamine
1637 1732 1745 1759 clamor.
1801 1733 1901 1760 Sallust.
1916 1735 1973 1760 Cat.
1987 1743 1996 1760 1
2023 1734 2077 1760 Diu
2090 1742 2216 1768 magnum
2229 1733 2299 1758 inter
2312 1740 2339 1757 m
2380 1729 2393 1741 '¹

267 1776 327 1793 cum
342 1767 403 1800 Pop.
418 1766 495 1791 Rom.
511 1772 555 1791 etc.
587 1764 712 1790 certasset.
785 1763 859 1790 Idem
877 1764 957 1790 Acad.
977 1773 1005 1797 4,
1019 1768 1050 1797 65
1069 1775 1090 1791 c.
1106 1773 1139 1791 20
1172 1766 1243 1792 Nam
1257 1765 1275 1791 fi
1292 1765 1322 1790 in
1387 1770 1521 1791 certamen
1541 1766 1611 1798 fuit,
1639 1767 1702 1793 vine
1723 1777 1769 1794 cor
1789 1769 1859 1800 oris,
1885 1778 1919 1795 an
1940 1770 2042 1796 virtute
2061 1770 2145 1797 animi
2163 1777 2204 1796 res
2217 1767 2342 1794 militaris
2399 1793 2403 1796 ,

266 1802 386 1829 minimis
406 1801 484 1828 rebus
505 1800 649 1835 pertinacia
669 1798 888 1833 reprehenditur,
917 1799 1050 1826 calumnia
1068 1801 1149 1826 etiam
1170 1803 1321 1827 cocrcetur:
1386 1799 1551 1833 procederet.
1623 1801 1679 1828 Cic.
1701 1811 1749 1836 pro
1795 1804 1846 1828 osc.
1866 1804 1956 1830 Amer.
1970 1808 2014 1838 136
2045 1807 2108 1839 Quo
2127 1806 2156 1832 in
2176 1805 2320 1831 certamine
2338 1790 2426 1837 pe²1⁷

267 1847 332 1873 ergo
350 1837 382 1864 de
402 1837 477 1863 omni
492 1837 557 1862 statu
572 1835 735 1870 consilioque
748 1835 830 1861 totius
845 1835 917 1861 vitae
933 1841 979 1861 aut
999 1840 1099 1861 certare
1121 1844 1181 1861 cum
1197 1836 1256 1861 aliis
1273 1845 1321 1870 pu·
1336 1843 1370 1870 45
1387 1835 1453 1861 ciuis
1468 1842 1540 1868 erat,
1559 1845 1613 1862 non
1627 1837 1652 1863 se
1666 1837 1699 1864 ad
1715 1846 1760 1864 eos
1780 1837 1908 1872 iungere,
1922 1845 1968 1863 etc.
2039 1842 2114 1874 Virg.
2128 1842 2194 1867 Aen.
2207 1848 2230 1873 5,
2246 1848 2292 1874 197
2313 1837 2430 1866 onice*

266 1874 398 1909 gnaciter,
424 1879 469 1899 aut
488 1872 610 1898 frustrari
624 1880 683 1898 cum
697 1871 764 1897 alios
772 1891 781 1904 ,
801 1877 857 1897 tmn
871 1880 913 1897 me
928 1871 1013 1905 ipsum
1026 1870 1127 1897 veliin?
1197 1872 1228 1896 In
1241 1879 1322 1898 omne
1387 1871 1486 1896 tamine
1500 1872 1603 1898 summo
1615 1873 1803 1906 procumbunt,
1816 1876 1834 1898 i.
1842 1873 1938 1908 summo
1943 1871 2031 1906 studio
2043 1877 2188 1901 incumbunt
2200 1875 2234 1901 ad
2246 1884 2332 1902 remos.
2367 1871 2427 1902 Cim·

266 1911 370 1937 facinus
383 1915 483 1936 certare
492 1929 501 1941 ,
520 1912 538 1934 i.
552 1911 667 1934 certatim
680 1917 750 1934 ruere
763 1910 789 1933 in
805 1916 871 1933 omne
881 1907 963 1943 scelus
979 1907 1037 1933 Sen.
1051 1905 1146 1933 Theb.
1160 1910 1215 1938 298.
1252 1906 1321 1932 Hor.
1387 1906 1473 1931 tentio
1488 1912 1514 1932 et
1527 1913 1660 1933 certamen
1679 1909 1751 1935 Caes.
1766 1908 1832 1935 Bell.
1847 1908 1916 1934 Gall.
1930 1916 1954 1941 5,
1966 1916 2008 1942 43.
2073 1910 2128 1936 Cic.
2141 1910 2174 1936 de
2187 1911 2276 1936 Finib.
2290 1919 2314 1942 2,
2328 1912 2360 1940 68
2375 1917 2397 1935 e.
2409 1916 2422 1934 2

267 1947 350 1973 Serm.
365 1954 391 1978 2,
405 1953 427 1977 5,
444 1952 476 1979 27
495 1945 591 1978 Magna
605 1944 729 1970 minorue
743 1943 815 1969 Foro
837 1942 854 1969 fi
868 1952 909 1969 res
925 1943 1072 1970 certabitur
1087 1942 1170 1974 olim,
1190 1948 1236 1967 etc.
1257 1944 1275 1968 i.
1294 1944 1322 1967 in
1388 1941 1507 1975 Pugnant
1521 1942 1603 1968 Stoici
1617 1951 1677 1969 cum
1689 1943 1886 1977 Peripateticis,
1906 1950 1951 1970 etc.
1973 1951 1999 1970 et
2013 1950 2144 1972 certamen
2159 1945 2298 1971 honestum
2311 1951 2337 1971 et
2350 1945 2424 1979 difpu

261 1982 324 2018 foro
333 1981 358 2018 s.
374 1981 476 2007 iudicio.
547 1980 604 2006 Cic.
617 1981 693 2005 Verr.
708 1987 734 2018 3,
747 1987 778 2010 39
790 1988 811 2005 c.
828 1980 857 2004 16
881 1980 973 2012 Quint
988 1978 1026 2010 id,
1041 1978 1114 2013 quod
1132 1986 1224 2004 omnes
1245 1977 1324 2018 intel·
1388 1978 1455 2017 tatio
1471 1977 1616 2018 splendida.
1631 1979 1719 2005 omnis
1733 1978 1768 2004 est
1781 1979 1852 2004 enim
1866 1978 1899 2005 de
1910 1979 2017 2005 virtutis
2030 1980 2158 2015 dignitate
2169 1980 2314 2007 contentio.
2359 1979 2423 2006 Diui
2438 1976 2445 2018 l

267 2018 401 2052 figebant,
422 2016 523 2043 diceret
533 2015 688 2045 Heraclius,
709 2022 750 2040 ius
764 2014 813 2040 else
827 2020 928 2040 certum
942 2014 1053 2046 Siculis,
1072 2015 1144 2041 Inter
1158 2014 1184 2040 se
1196 2022 1250 2048 quo
1264 2021 1323 2040 iure
1339 2018 1372 2045 50
1387 2018 1488 2039 narum
1500 2020 1644 2040 certamina
1658 2014 1752 2047 mitte,
1769 2017 1786 2040 i.
1800 2014 1895 2040 labores
1907 2017 1934 2040 in
1946 2016 2099 2042 cumulandis
2110 2016 2203 2050 opibus.
2275 2016 2341 2043 Hor.
2356 2015 2423 2049 Episs
2438 2022 2440 2029 '

268 2059 414 2080 certarent:
435 2052 521 2085 legem
535 2052 600 2082 effe,
621 2057 667 2076 etc.
740 2050 808 2076 Hor.
823 2050 886 2075 Arte
900 2050 972 2075 Po‘e‘t.
987 2057 1035 2076 220
1066 2049 1191 2076 Carmine
1206 2049 1253 2084 qui
1271 2055 1324 2075 tra·
1392 2057 1411 2079 1,
1425 2057 1448 2082 5,
1456 2054 1478 2078 8.
1551 2049 1717 2076 Hereditatis
1736 2049 1868 2083 Qinffil.
1885 2058 1922 2082 12,
1937 2058 1976 2083 10,
1990 2057 2034 2084 70.
2106 2051 2175 2078 Tac.
2189 2052 2224 2078 H.
2238 2059 2260 2084 3,
2277 2060 2300 2077 ιι
2321 2052 2356 2077 Vt
2367 2049 2422 2077 oliu

268 2090 328 2124 giro
342 2088 425 2114 vilem
439 2086 551 2113 certauit
565 2086 608 2113 Ob
624 2085 737 2112 hircum.
807 2084 861 2111 Sub
880 2085 937 2120 lege
957 2085 1047 2120 aliqua
1063 2091 1179 2116 certare,
1197 2087 1216 2110 i.
1231 2091 1323 2120 propo·
1388 2084 1504 2111 Virtutis
1518 2085 1731 2121 Modestiaeque,
1746 2095 1816 2112 nunc
1830 2085 2000 2112 Procacitatis
2015 2091 2041 2111 et
2054 2086 2212 2120 petulantiae
2227 2092 2359 2112 certamen
2371 2091 2422 2111 erat

260 2125 314 2161 fita
328 2123 470 2151 conditione
486 2121 578 2150 Claud.
592 2121 625 2147 de
638 2121 721 2147 Laud.
736 2120 825 2147 Seren.
841 2122 892 2152 163.
964 2122 1021 2147 Cum
1035 2120 1136 2157 infinito
1162 2119 1237 2153 Virg.
1255 2121 1322 2146 Aen.
1389 2120 1458 2146 Add.
1472 2129 1499 2147 n.
1512 2129 1533 2153 3.
1592 2122 1686 2156 Aequo
1698 2122 1842 2148 certamine
1855 2121 1956 2147 bellum
1970 2121 2072 2156 geritur
2092 2121 2196 2147 Luci-et.
2211 2129 2232 2151 2,
2245 2128 2300 2155 573.
2344 2119 2424 2149 Alaea

268 2164 295 2194 6,
317 2165 359 2194 178
381 2158 460 2186 Haud
472 2167 547 2184 mora
560 2157 685 2183 festinant
705 2157 812 2189 flentes,
835 2164 962 2190 aramque
982 2156 1096 2190 sepulcri
1108 2156 1261 2189 Congerere
1282 2163 1323 2181 ar·
1388 2154 1432 2180 Sil.
1447 2162 1468 2186 1,
1483 2161 1537 2189 184.
1591 2157 1725 2184 Anhelum
1745 2157 1819 2184 Idem
1834 2165 1860 2189 2,
1873 2165 1933 2190 430.
1988 2157 2116 2191 Asperum
2135 2155 2309 2183 Ouid.T1-ist.
2323 2163 2350 2187 4,
2363 2163 2373 2181 1

268 2196 398 2228 boribus,
420 2194 547 2228 caeloque
565 2193 676 2219 educere
691 2197 809 2225 certant,
829 2195 848 2218 i.
861 2192 982 2218 Certatim
995 2191 1121 2218 elaborant
1134 2191 1242 2217 educere.
1281 2191 1323 2217 Ita
1341 2197 1371 2223 55
1389 2188 1508 2215 Auidum
1527 2190 1572 2215 Sil.
1587 2199 1624 2223 12,
1636 2199 1697 2226 457.
1734 2192 1836 2218 Claffici
1847 2192 1999 2218 certaminis
2014 2191 2158 2219 arbitrium
2170 2191 2334 2218 commissum
2355 2199 2357 2202 ¹
2374 2183 2419 2221 51⁴⁵

262 2233 382 2269 fiammam
402 2233 483 2265 operis
500 2229 598 2255 indicat
614 2230 703 2258 Poeta,
724 2227 810 2254 deinde
826 2233 885 2263 opus
897 2227 976 2263 ipfilm
991 2225 1110 2263 copiosius
1126 2229 1244 2267 exponit,
1265 2226 1323 2252 Itur
1388 2233 1450 2259 pae,
1470 2227 1487 2250 i.
1505 2226 1599 2259 praelii
1616 2228 1716 2252 naualis
1734 2227 1769 2252 ad
1779 2225 1884 2253 Actium
1913 2227 1983 2253 Vell.
1996 2226 2050 2254 Pat.
2071 2236 2096 2259 2,
2110 2232 2150 2260 85.
2221 2225 2345 2253 Forenfia
2362 2231 2369 2244 -“

269 2269 298 2295 in
313 2267 450 2301 antiquam
463 2265 554 2291 filuam
574 2271 620 2289 etc.
678 2264 719 2290 Sic
733 2263 830 2300 quidem
841 2264 942 2295 malim,
967 2272 1040 2298 quam
1053 2272 1108 2290 cum
1121 2263 1216 2289 Seruio
1231 2261 1324 2294 dicere,
1390 2260 1463 2286 mina
1476 2260 1609 2293 Qsinffil.
1622 2270 1648 2294 2,
1657 2270 1678 2294 1,
1687 2270 1718 2288 ιι.
1788 2262 1863 2296 Virg.
1878 2262 1908 2288 in
1920 2262 1981 2290 Cul.
1995 2267 2020 2292 81
2050 2262 2108 2289 Nee
2129 2262 2232 2289 funesta
2246 2262 2324 2288 timet
2335 2265 2364 2288 ν’

269 2305 386 2331 Certare.
398 2300 441 2334 effe
459 2306 548 2326 mente
562 2298 730 2334 pertraetare.
801 2298 842 2326 Sic
857 2298 932 2332 Virg.
952 2299 1016 2324 Aen.
1036 2306 1061 2330 2,
1080 2300 1117 2331 64
1153 2298 1325 2324 Circumfusa
1389 2296 1532 2322 certamina
1550 2296 1638 2323 classis.
1710 2297 1815 2324 Grande
1834 2299 1990 2331 Certamen,
2010 2297 2062 2324 tibi
2081 2297 2177 2333 praeda
2194 2297 2268 2324 cedat
2285 2297 2359 2324 maio

269 2339 341 2371 ruit,
363 2333 516 2371 certantque
532 2335 645 2362 illudere
658 2340 741 2369 capto.
814 2335 846 2360 Et
862 2334 915 2359 Ecl.
930 2341 953 2366 5,
966 2342 983 2366 9
1013 2333 1087 2367 Qiid
1110 2333 1128 2359 fi
1148 2333 1220 2359 idem
1241 2337 1324 2359 certet
1388 2331 1449 2364 illi,
1468 2332 1510 2358 Sic
1524 2332 1591 2358 Hor.
1606 2332 1696 2359 Carm.
1713 2341 1736 2365 3,
1751 2341 1796 2363 20,
1814 2340 1840 2368 7.
1913 2334 1988 2369 Virg.
2002 2333 2054 2360 Ecl.
2073 2341 2100 2368 7,
2116 2335 2145 2360 16
2177 2334 2208 2360 Et
2222 2341 2355 2360 certamen

268 2374 407 2404 Phoebum
426 2373 549 2408 superare
562 2370 697 2397 canendo?
767 2369 809 2397 Sic
821 2369 936 2396 Vincere
949 2375 1022 2396 certo
1052 2369 1126 2403 Virg.
1141 2370 1206 2395 Aen.
1228 2376 1250 2402 5,
1266 2377 1324 2403 194.
1342 2367 1379 2393 60
1390 2366 1518 2399 Corydon
1532 2376 1592 2394 cum
1606 2367 1757 2401 Thyrside,
1775 2369 1912 2404 Magnum.
1984 2370 2085 2396 Verum
2099 2368 2245 2404 fictumque
2266 2370 2372 2403 Qinaf

271 2411 397 2445 Calpurn.
411 2408 463 2435 Ecl.
471 2417 494 2441 3,
508 2410 539 2437 68
555 2406 706 2433 Certauerit
719 2404 766 2432 ille
780 2411 820 2432 tot
833 2404 930 2432 haedos
942 2405 1061 2440 pascere,
1084 2410 1150 2439 quot
1164 2412 1209 2431 etc.
1261 2405 1323 2432 Stat.
1388 2412 1417 2437 4,
1430 2405 1462 2436 36
1481 2403 1510 2429 de
1523 2402 1716 2436 declamatione,
1735 2411 1758 2431 et
1771 2408 1927 2431 contentione
1939 2404 2048 2441 sorensi.
2225 2425 2228 2427 .
2277 2404 2299 2442 ff
2328 2413 2341 2438 3

270 2446 364 2474 Theb.
380 2447 407 2477 6,
421 2446 438 2471 6
462 2443 490 2470 de
502 2443 570 2470 ludis
584 2444 738 2478 Olympicis‚
762 2442 865 2468 Primus
879 2442 966 2468 Pisaea
980 2450 1026 2476 per
1044 2449 1107 2467 arua
1115 2441 1194 2467 Hunc
1207 2441 1264 2475 pius
1276 2440 1322 2467 Al·
1380 2438 1494 2473 strict‘tio
1509 2439 1623 2476 diuersa:
1693 2440 1750 2466 Cic.
1765 2439 1798 2467 de
1811 2440 1904 2475 Legib.
1925 2449 1954 2473 3,
1974 2450 1993 2474 4
2027 2441 2125 2475 Neque
2146 2439 2224 2466 nobis
2241 2441 2310 2468 Cum
2323 2440 2361 2468 ill

270 2482 342 2509 eides
356 2479 446 2515 Pelopi
458 2479 570 2507 certauit
582 2480 732 2505 Honorem.
803 2478 872 2504 Hor.
888 2477 938 2504 Sat.
953 2485 977 2508 2,
991 2485 1062 2510 3‚3t2
1089 2477 1129 2503 An
1145 2477 1323 2511 quodcunque
1389 2475 1458 2509 peste
1472 2481 1605 2502 certamen
1618 2475 1685 2507 fuit,
1702 2476 1746 2502 sed
1759 2477 1826 2503 Cum
1848 2476 1999 2511 grauiffimo
2012 2476 2089 2511 Reip.
2108 2475 2242 2511 tempores
2264 2476 2309 2502 cui
2323 2476 2370 2502 ίὶτ

272 2519 336 2545 facit
350 2518 503 2548 Maecenas,
523 2521 549 2541 te
562 2523 669 2550 quoque
681 2522 776 2541 verum
789 2513 826 2539 est
847 2513 975 2549 (facere)
993 2513 1116 2540 Tantum
1133 2512 1281 2539 diffimilem
1297 2519 1323 2538 et
1388 2511 1458 2544 sem,
1477 2518 1522 2538 etc.
1595 2511 1670 2538 Idem
1683 2511 1714 2538 de
1731 2512 1800 2539 Clar.
1815 2513 1890 2539 Orat.
1903 2521 1947 2546 319
1965 2514 2057 2546 Quum
2073 2512 2156 2547 igitur
2177 2511 2252 2538 essem
2268 2511 2297 2538 in
2309 2507 2423 2546 plurim*

271 2560 347 2581 tanto
361 2558 459 2579 certare
473 2551 621 2583 minorem,
630 2564 632 2566 ·
641 2553 659 2577 i.
673 2553 701 2576 in
714 2549 845 2581 certando,
863 2551 903 2575 uel
914 2552 1055 2576 certamine.
1110 2548 1168 2575 Val.
1182 2548 1221 2575 Fl.
1236 2556 1259 2581 5,
1272 2550 1323 2581 645
1342 2546 1374 2579 65
1388 2547 1484 2580 caum,
1505 2553 1531 2574 et
1543 2547 1571 2574 in
1584 2547 1748 2583 principibus
1768 2548 1886 2583 patronis
1906 2548 2118 2583 quinquennium
2127 2548 2183 2575 fere
2195 2547 2320 2580 versatus,
2332 2545 2418 2574 tum=ii

273 2590 305 2618 Et
325 2589 377 2616 tibi
395 2596 489 2622 magne
507 2593 596 2622 pater,
621 2586 699 2613 terris
721 2585 832 2612 donaria
850 2591 968 2618 certant,
998 2588 1017 2611 i.
1035 2587 1151 2611 certatim
1172 2584 1323 2618 offeruntur,
1388 2583 1539 2618 patrocinio
1552 2583 1680 2611 Siciliensi
1692 2583 1722 2610 in
1735 2590 1867 2611 certamen
1880 2584 1944 2611 veni
1957 2583 2103 2618 designatus
2117 2583 2217 2611 Aedilis
2225 2581 2418 2616 Cumdefiguatt

273 2635 349 2653 vnum
363 2625 441 2651 altero
454 2626 534 2649 maius
548 2629 570 2649 et
581 2623 720 2658 pulchrius.
767 2621 828 2648 Stat.
837 2621 902 2648 Silu.
918 2629 971 2654 1,2,
985 2626 1029 2651 108
1050 2620 1102 2647 Cui
1120 2621 1205 2655 gloria
1218 2625 1324 2655 patrum
1389 2625 1434 2646 co
1444 2625 1466 2645 S.
1490 2620 1642 2647 Hortcnfio.
1714 2621 1747 2647 In
1767 2626 1899 2649 certamen
1917 2629 1974 2647 rem
1995 2620 2111 2655 aliquam
2127 2616 2338 2652 adducere,'vid.
2346 2620 2354 2652 ,⁴
2365 2623 2388 2645 A
2398 2623 2417 2644 D

275 2662 305 2688 Et
320 2660 422 2696 generis
436 2658 552 2685 certabat
565 2657 650 2684 honos
659 2678 668 2690 ,
687 2661 705 2684 i.
720 2657 819 2684 dubium
831 2664 901 2688 erat,
920 2664 1006 2684 utrum
1021 2656 1176 2693 praeferres.
1249 2655 1324 2683 Ideru
1362 2666 1366 2667 ⁷
1390 2661 1410 2682 D
1419 2662 1440 2681 V
1450 2660 1467 2681 C
1479 2661 1508 2682 O.
1579 2656 1636 2683 Cic.
1650 2655 1730 2683 Acad.
1746 2665 1766 2689 1,
1777 2666 1797 2691 4
1816 2656 1894 2683 Tum
1906 2665 1970 2691 ego,
1989 2657 2058 2683 Cum
2071 2657 2193 2688 Zenone,
2211 2655 2332 2690 inquam,
2349 2657 2417 2684 vtae

274 2696 367 2724 Theb.
381 2703 409 2730 7,
422 2697 476 2728 640
511 2694 601 2720 Certat
614 2702 680 2729 opus
693 2693 776 2725 ferri,
793 2693 882 2729 feruet
900 2692 1000 2726 caedes,
1019 2700 1044 2719 et
1056 2695 1171 2719 certatim
1179 2696 1324 2729 peragitur.
1389 2691 1523 2725 cepimus,
1543 2692 1668 2719 Arcesilas
1681 2692 1731 2719 sibi
1746 2701 1826 2719 omne
1838 2697 1971 2719 certamen
1983 2692 2116 2725 instituit,
2141 2700 2196 2718 non
2209 2689 2418 2730 pertinaciayfda·

279 2732 340 2760 Vid.
355 2741 411 2758 mox
430 2735 593 2758 CERTAN
603 2736 625 2756 s.
697 2730 836 2761 Certatur,
854 2737 903 2765 pro
921 2729 1028 2761 certat,
1049 2728 1118 2763 apud
1132 2734 1242 2755 veteres.
1278 2729 1323 2754 Pa·
1339 2736 1375 2764 70
1390 2727 1570 2754 Certamende
1577 2728 1729 2763 principatu
1741 2728 1809 2764 Nep.
1818 2737 1841 2763 2,
1849 2731 1904 2762 6,3.
1953 2728 2055 2755 Sallust.
2113 2727 2162 2756 Sed
2169 2727 2278 2754 Gloriae
2289 2732 2376 2766 max!

274 2769 368 2796 cuuius
383 2768 528 2795 Armorum
548 2764 629 2791 indic.
650 2764 716 2800 apud
735 2764 809 2791 Non.
824 2772 851 2799 7,
865 2773 907 2798 43.
979 2765 1020 2791 An
1033 2765 1092 2799 quis
1113 2764 1149 2790 est
1162 2765 1210 2800 qui
1230 2770 1255 2791 te
1275 2765 1324 2790 effe
1390 2769 1523 2789 certamen
1541 2764 1613 2791 Inter
1631 2764 1701 2799 ipsos
1721 2771 1784 2791 erat.
1856 2765 1912 2792 Cic.
1926 2773 1976 2800 pro
1990 2764 2058 2791 Flac.
2077 2766 2111 2791 62
2136 2763 2237 2790 Adsunt
2255 2760 2351 2790 Atheni

275 2805 385 2839 dignum
404 2802 514 2838 quicum
533 2807 648 2828 certetur
666 2801 758 2835 putet?
811 2801 912 2827 Certati
932 2801 991 2827 sunt
1011 2801 1086 2827 cursu
1105 2800 1218 2832 Nestor,
1245 2799 1324 2826 Hele·
1388 2798 1459 2825 vnde
1473 2798 1636 2831 humanitas,
1655 2807 1701 2826 etc.
1737 2801 1777 2827 De
1793 2810 1909 2836 quorum
1929 2799 2003 2827 vrbis
2021 2800 2152 2834 politione
2165 2819 2174 2833 ,
2194 2804 2310 2835 propter-

274 2847 388 2873 nus‚etc.
425 2837 523 2873 Hygin.
537 2836 592 2863 fab.
605 2844 662 2872 273.
682 2839 701 2862 i.
713 2842 850 2862 certarunt.
890 2837 984 2863 Tuetur
992 2835 1144 2863 Munckerus
1152 2836 1186 2862 ad
1197 2837 1221 2863 h.
1235 2837 1252 2863 I.
1265 2837 1324 2862 Vet.
1390 2834 1511 2861 tudinem
1530 2836 1611 2862 etiam
1627 2837 1700 2862 Inter
1719 2835 1781 2862 deos
1800 2843 1932 2864 certamen
1952 2835 2029 2863 fuisse
2049 2836 2187 2871 proditum
2198 2835 2243 2863 est.
2313 2834 2336 2861 1·

275 2878 325 2904 Int.
342 2876 421 2902 Sirac.
436 2882 469 2907 11,
483 2882 499 2907 9
524 2873 563 2899 De
577 2881 607 2899 ea
620 2881 660 2905 re,
675 2880 743 2907 quae
756 2877 781 2897 te
795 2880 849 2898 non
862 2872 996 2904 molestat,
1011 2881 1044 2899 ne
1058 2872 1182 2904 certeris,
1196 2871 1233 2905 μῆ
1254 2870 1323 2906 ἔριζε.
1391 2870 1456 2898 Nat.
1469 2871 1550 2898 Deor.
1563 2880 1586 2905 3,
1601 2880 1632 2905 95
1657 2871 1698 2898 Est
1717 2872 1789 2898 enim
1803 2873 1874 2900 mihi
1885 2876 1972 2900 tecum
1992 2873 2043 2900 Pro
2056 2872 2108 2900 aris
2122 2878 2147 2898 et
2161 2872 2229 2898 focis
2242 2875 2311 2901 certa
2328 2883 2331 2894 ι
2353 2902 2359 2906 ¹
2389 2895 2400 2907 Q..
2421 2894 2435 2913 ὃ

275 2913 416 2944 Certatur,
444 2909 618 2945 Impersonale.
669 2907 730 2935 Liu.
750 2915 769 2939 1,
785 2915 813 2942 17
840 2908 912 2933 Inter
929 2908 1034 2934 ordines
1048 2908 1206 2934 certabatur.
1262 2907 1324 2934 Sall.
1343 2911 1375 2940 75
1390 2907 1442 2932 Pro
1462 2906 1573 2934 deorum
1593 2907 1699 2943 templi·
1718 2914 1797 2943 atque
1813 2908 1949 2942 delubris,
1969 2909 2073 2944 Proque
2086 2908 2161 2935 vrbis
2174 2907 2276 2939 muris,
2294 2912 2339 2932 etc.
2360 2924 2365 2938 χ
2395 2904 2413 2936 ’,ζ

275 2949 332 2983 lug.
347 2955 384 2983 74
408 2948 468 2980 Qua
489 2945 517 2972 in
531 2950 605 2980 parte
620 2952 667 2971 rex
688 2943 792 2975 adsuit,
813 2941 853 2968 ibi
867 2943 1031 2977 aliquamdiu
1053 2949 1190 2970 certatum.
1247 2943 1324 2977 Virg.
1390 2941 1443 2969 Off.
1459 2950 1478 2974 1,
1491 2947 1518 2975 38
1539 2944 1631 2978 Quum
1643 2943 1761 2971 ciuiliter
1775 2945 1975 2978 contendimus,
1992 2945 2071 2972 aliter
2082 2944 2101 2971 fi
2116 2943 2152 2970 est
2165 2943 2306 2975 inimicus,
2323 2949 2355 2968 a
2407 2964 2428 2979 ,Ι

274 2986 391 3016 Αεηκιο,
405 2990 447 3015 355
468 2981 592 3008 Certatur
605 2980 700 3007 limine
714 2979 743 3005 in
756 2978 813 3013 ipso
828 2979 967 3005 Ausoniae.
1022 2981 1053 3006 Et
1067 2988 1101 3012 11,
1116 2988 1155 3012 313
1178 2979 1257 3006 Toto
1271 2987 1325 3005 cer·
1390 2978 1563 3012 competitor:
1588 2980 1656 3006 Cum
1671 2979 1755 3007 altero
1768 2986 1900 3008 certamen
1912 2981 2032 3007 Honoris
2052 2986 2078 3007 et
2090 2979 2235 3014 Dignitatis
2255 2978 2307 3011 est,
2332 2986 2348 2999 ⁸³
2395 2979 2399 3006 ’.

275 3026 360 3047 tatum
371 3019 407 3045 est
421 3026 533 3052 corpore
547 3016 630 3051 regni.
702 3015 799 3042 Lucan.
822 3022 843 3046 2,
868 3022 911 3047 150
941 3015 1076 3042 Certatum
1097 3015 1150 3048 est,
1168 3015 1260 3041 ceruix
1281 3015 1326 3041 cui
1389 3019 1448 3040 tero
1462 3015 1564 3049 Capitis
1580 3020 1607 3042 et
1621 3016 1723 3042 Famae.
1793 3016 1849 3043 Cic.
1864 3016 1898 3043 de
1910 3016 2003 3043 Diuin.
2018 3025 2039 3049 1,
2052 3023 2083 3049 95
2113 3016 2212 3050 Neque
2226 3014 2312 3041 solum
2331 3027 2359 3043 ..3
2391 3024 2411 3038 f

276 3057 347 3082 caesa
360 3053 476 3090 parentis
489 3053 602 3080 cederet.
656 3051 713 3079 Cic.
727 3050 759 3077 de
772 3051 847 3077 Orat.
862 3058 881 3082 1,
897 3057 943 3085 172.
964 3051 1038 3083 Quid
1051 3051 1122 3086 quod
1136 3051 1201 3078 item
1215 3051 1244 3077 in
1258 3051 1324 3077 Cen·
1389 3049 1433 3076 sed
1444 3049 1472 3076 in
1485 3050 1557 3078 bello
1570 3051 1656 3078 multo
1667 3051 1747 3078 etiam
1759 3052 1856 3087 magis,
1877 3060 1932 3087 quo
1945 3051 2030 3078 maius
2043 3058 2098 3079 erat
2111 3056 2281 3078 certamen-et
2294 3048 2356 3077 dit--
2397 3062 2403 3065 >

276 3090 414 3118 uunuirali
428 3089 530 3118 iudicio
543 3093 672 3115 certatum
686 3087 734 3114 esse
746 3087 911 3121 accepimus?
1340 3091 1373 3118 80
1389 3085 1493 3112 Salutis.
1565 3086 1638 3114 Idem
1652 3087 1684 3114 de
1696 3087 1770 3114 Orat.
1788 3097 1807 3120 1,
1820 3096 1832 3120 3
1850 3097 1871 3114 c.
1888 3096 1897 3114 1
1931 3087 2076 3114 Consulatu
2095 3087 2249 3113 deuenimus
2268 3085 2302 3122 in·
2331 3098 2334 3107 ι

312 3133 329 3153 c
340 3134 353 3153 Ε
363 3133 380 3153 ιι
391 3132 412 3151 Τ
422 3132 442 3152 Λ
453 3132 475 3151 Ν
485 3132 508 3152 s.
545 3124 638 3151 Partic.
674 3121 881 3157 [ἐγωνιξόμενος]
922 3121 974 3154 Vc,
993 3122 1128 3148 Certantes
1146 3121 1256 3155 pugnis,
1273 3121 1323 3148 cal·
1388 3129 1479 3148 rerum
1493 3122 1616 3149 omnium
1628 3128 1760 3150 certamen
1772 3129 1850 3158 atque
1864 3122 2014 3150 discrimen.
2068 3124 2157 3158 Equus
2175 3122 2326 3150 certamine·
2338 3123 2357 3158 :g

279 3161 368 3193 cibus,
388 3161 537 3195 vnguibus,
554 3160 644 3187 morsu
664 3159 722 3186 Cic.
737 3159 820 3185 Tute.
836 3166 848 3191 5
864 3166 885 3183 c.
900 3165 939 3192 27.
1003 3157 1075 3183 Haec
1089 3157 1158 3183 inter
1173 3158 1197 3183 se
1211 3156 1323 3191 agebant
1387 3157 1456 3183 Hor.
1476 3158 1506 3184 A.
1520 3159 1545 3185 P.
1561 3163 1602 3193 84.
1630 3161 1648 3185 i.
1669 3156 1754 3186 vic‘tor
1772 3159 1841 3186 ludis
1861 3159 1994 3186 curulibur.
2065 3159 2148 3186 Plaut.
2164 3159 2220 3186 Cas.
2234 3166 2258 3191 3,
2271 3163 2343 3191 1,·31,

277 3203 405 3224 certantes
425 3197 500 3232 Virg.
515 3198 579 3223 Aen.
595 3204 627 3229 u,
639 3202 701 3229 445.
736 3194 852 3220 Pastores
873 3192 910 3219 Id.
927 3192 979 3219 Ecl.
996 3198 1019 3225 8,
1033 3201 1054 3225 3.
1091 3192 1135 3219 Sil.
1156 3201 1184 3226 4,
1205 3201 1251 3220 201
1386 3193 1519 3228 specimen
1538 3194 1668 3229 specitur,
1684 3203 1753 3221 nunc
1772 3201 1903 3222 certamen
1922 3195 2057 3228 cernitur,
2080 3195 2124 3222 vbi
2135 3194 2170 3222 ad
2181 3201 2276 3229 etymmt
2293 3201 2336 3219 vm
2351 3193 2358 3216 ἐ
2420 3202 2425 3224 ,1

384 3232 528 3259 Occumbit
547 3232 666 3259 Sarmens
676 3251 684 3263 ,
699 3231 796 3257 flauam
810 3229 858 3264 qui
872 3237 971 3263 ponere
982 3227 1072 3255 vidior
1388 3229 1473 3260 ditur,
1506 3236 1530 3256 et
1556 3239 1606 3256 non
1623 3236 1675 3257 tam
1694 3231 1748 3266 ipJa
1774 3233 1914 3264 contentio,
1928 3239 1999 3267 quam
2012 3238 2111 3257 euentus
2123 3237 2148 3257 et
2166 3229 2285 3256 iudicium
2288 3227 2333 3291 lp
2342 3230 2353 3252 ἔ
2421 3230 2423 3238 ’

383 3268 548 3301 Caesariem,
567 3268 721 3302 crinemque
741 3264 794 3292 tibi
806 3265 922 3292 Gradiue
942 3263 1058 3291 vouebat
1341 3268 1371 3299 85
1388 3261 1409 3302 q
1428 3273 1447 3298 4
1482 3265 1596 3292 Maxime
1608 3272 1690 3293 tamen
1705 3267 1844 3294 Certamen
1861 3268 1940 3294 locum
1959 3275 1982 3294 et
1997 3268 2065 3293 velut
2085 3266 2237 3294 domicilium
2255 3265 2287 3292 ha
2303 3261 2353 3303 κέ,
2404 3289 2407 3300 .

385 3303 458 3329 Auro
471 3307 631 3336 cenamem,
650 3308 676 3329 et
690 3301 802 3329 rutilum
817 3300 864 3327 snb
876 3300 974 3327 verlice
993 3300 1103 3327 nodum·
1232 3312 1235 3315 ·
1388 3309 1509 3332 morum,
1530 3301 1680 3333 Bellorum,
1703 3302 1868 3329 Praeliorum
1887 3307 2049 3330 contentione.
2121 3300 2252 3336 Qiintssiil.
2269 3308 2296 3334 9,
2310 3306 2349 3331 n,

279 3337 349 3366 Idem
367 3338 412 3365 Sil.
432 3347 469 3368 ιο,
484 3347 527 3372 303
560 3339 588 3366 de
602 3339 687 3366 Paullo
700 3336 844 3365 moribundo
852 3356 860 3370 ‚
887 3336 1080 3371 Sidoniumque
1100 3333 1194 3361 ducem
1214 3335 1326 3362 circum·
1387 3336 1417 3362 in
1428 3344 1566 3363 armorum
1579 3338 1723 3365 certamine
1736 3338 1859 3365 aduersus
1871 3338 1939 3365 isius
1953 3346 1979 3366 et
1991 3338 2073 3367 rectas
2085 3346 2114 3365 ac
2127 3337 2257 3373 simplices
2267 3345 2307 3376 111.
2334 3342 2344 3355 ⁵*
2384 3346 2386 3349 ’

279 3373 421 3409 spe6labat,
434 3374 462 3400 iu
475 3374 520 3400 illa
535 3375 664 3409 Exoptans
677 3374 801 3401 Animam
816 3378 958 3398 certantem
973 3380 1081 3406 ponere,
1095 3369 1197 3397 dextras
1207 3390 1214 3402 ‚
1233 3374 1251 3397 i.
1262 3374 1326 3398 mori
1388 3371 1480 3399 videre
1493 3378 1550 3399 tum
1563 3374 1645 3400 etiam
1658 3382 1751 3400 cauere
1771 3374 1849 3401 facile
1862 3374 1899 3401 est
1918 3381 1964 3401 etc.
1996 3374 2069 3411 Add.
2088 3382 2114 3409 9,
2133 3383 2162 3407 4,
2181 3378 2204 3404 8.
2275 3372 2298 3399 V
2316 3382 2346 3417 μζ,

278 3419 354 3437 mmm
372 3409 524 3437 Hannibalis
536 3412 563 3435 in
571 3412 676 3445 praelio.
728 3408 833 3436 Animis
848 3407 1007 3434 certantibus
1016 3428 1024 3440 ,
1042 3409 1060 3433 i.
1077 3407 1174 3446 Summa
1187 3409 1325 3447 animorum
1389 3415 1424 3440 11,
1435 3417 1489 3442 434
1513 3408 1594 3442 Quod
1606 3408 1624 3435 fi
1638 3418 1681 3436 me
1693 3409 1779 3436 solum
1793 3409 1898 3437 Teucri
1911 3410 1940 3437 in
1952 3410 2096 3438 certamina
2109 3409 2226 3444 poscunt.
2296 3405 2333 3434 B
2338 3422 2341 3427 =
2394 3430 2406 3442 ,ᾗ

278 3448 441 3474 contentione.
512 3445 587 3479 Virg.
604 3447 669 3472 Aen.
684 3454 717 3477 12,
731 3452 783 3479 574
805 3443 940 3471 Certantia
952 3444 1033 3470 remis
1047 3440 1157 3469 Brachia
1183 3442 1245 3468 Stat.
1260 3442 1323 3469 Silu.
1338 3449 1375 3474 90
1388 3448 1478 3470 tamen
1495 3444 1552 3471 Cic.
1565 3443 1637 3471 Fam.
1652 3453 1690 3477 10,
1703 3449 1738 3475 18.
1791 3445 1896 3472 Lucret.
1909 3454 1929 3478 1,
1944 3448 2000 3481 476
2027 3446 2106 3473 Clara
2125 3443 2276 3472 accendisset
2293 3441 2354 3479 sani¹

282 3491 302 3515 1,
317 3489 338 3513 2,
352 3486 394 3517 87.
466 3480 542 3515 Virg.
556 3481 620 3506 Aen.
636 3489 659 3513 3,
673 3483 722 3511 668
748 3480 888 3508 Verrimus
902 3485 927 3506 et
941 3479 1021 3514 proni
1033 3476 1196 3506 certantibus
1209 3485 1325 3512 aequora
1389 3479 1490 3506 tamina
1503 3478 1579 3507 belli.
1650 3480 1718 3507 Belli
1731 3481 1874 3508 certamina
1888 3482 2011 3509 conferre
2025 3482 2095 3508 inter
2108 3481 2152 3513 se,
2167 3479 2222 3508 vid.
2242 3485 2258 3506 C
2267 3483 2315 3506 ON
2330 3486 2334 3488 ·
2397 3470 2410 3490 ’Ἰ

280 3526 361 3545 remis
370 3537 379 3550 ,
396 3519 414 3543 i.
427 3516 579 3543 vehementer
595 3523 618 3542 et
633 3520 747 3542 certatim
761 3519 877 3552 agitatis.
1389 3515 1493 3549 Pugnae
1507 3521 1639 3542 certamen
1665 3515 1711 3542 Sil.
1725 3523 1762 3552 17,
1776 3524 1835 3551 547.
1908 3517 1964 3545 Cic.
1978 3518 2010 3544 de
2022 3517 2097 3545 Orat.
2116 3524 2142 3548 2,
2155 3523 2198 3551 317
2231 3513 2281 3542 Sed
2290 3511 2310 3540 fi

314 3559 331 3580 C
340 3560 355 3579 Ε
363 3559 382 3579 R
391 3559 412 3580 'r
420 3559 443 3579 A
451 3559 472 3579 N
481 3559 503 3579 T
511 3558 528 3579 E
537 3558 566 3578 R·
600 3551 710 3578 Paullin·
730 3553 864 3579 Petrocor.
879 3552 906 3584 6,
918 3555 970 3586 489
987 3549 1041 3576 Aut
1052 3549 1070 3576 fi
1084 3552 1214 3576 certafltcr
1227 3549 1324 3582 rapuis-
1388 3549 1439 3576 illo
1455 3549 1615 3585 gladiatorio
1628 3552 1700 3578 vitae
1712 3554 1871 3586 certamine,
1896 3562 1951 3588 quo
1971 3553 2045 3580 ferro
2059 3551 2226 3584 decernitur,
2244 3556 2289 3576 etc.

280 3587 334 3614 sent
350 3589 459 3615 flumina
471 3593 570 3615 coetus.
1383 3585 1458 3626 phar.
1473 3586 1502 3612 de
1517 3587 1667 3623 corpusculis
1678 3590 1705 3614 in
1717 3591 1782 3614 aifre.
1851 3589 1995 3622 Lucret.2,
2010 3595 2052 3623 117
2077 3587 2109 3613 Et
2128 3587 2203 3614 velut
2222 3587 2272 3613 Aet

315 3625 475 3651 CERTAT
485 3630 538 3651 vs.
572 3623 668 3649 partic.
679 3621 806 3656 paffiuum.
842 3621 888 3649 Sil.
903 3629 942 3657 17,
955 3628 1005 3654 342
1022 3620 1142 3647 Certatus
1154 3618 1233 3645 nobis
1246 3618 1326 3646 hodie
1342 3629 1374 3656 95
1390 3630 1462 3648 mine
1481 3622 1582 3656 praelia
1616 3631 1750 3657 ugnasque
1771 3622 1854 3650 Edere
1872 3625 2010 3651 turmatim
2029 3623 2166 3657 certantia.
2235 3621 2324 3654 Ati-921

281 3657 420 3686 dominum
435 3659 531 3694 accipit
542 3657 625 3685 orbis.
667 3657 746 3684 Verba
754 3658 817 3693 sunt
831 3657 983 3684 Hannibalis
995 3655 1030 3682 ad
1042 3656 1186 3690 Smpionem.
1205 3654 1230 3680 h.
1243 3664 1261 3680 e.
1275 3657 1324 3682 Pro
1390 3663 1539 3691 certamen,
1557 3661 1586 3684 vi
1604 3677 1611 3684 .
1632 3665 1711 3685 ΛΤΚ
1720 3665 1778 3686 ox.
1849 3659 1987 3687 Clafficnm
2003 3663 2134 3685 certamen
2153 3667 2180 3684 v.
2196 3667 2223 3684 n.
2235 3665 2263 3684 2.-
2293 3663 2295 3667 ¹

279 3702 327 3729 quo
346 3695 483 3730 occupando
500 3692 687 3730 poffidendoque
706 3696 864 3719 certauimus.
934 3693 965 3719 In
983 3691 1067 3718 amnis
1086 3690 1240 3730 transgressu
1257 3691 1324 3718 mul·
1388 3692 1455 3719 tiosa
1474 3694 1619 3720 certamina
1647 3694 1756 3722 Firmic.
1777 3702 1800 3728 5,
1821 3703 1840 3721 1.
1909 3695 2004 3729 Dispar
2017 3699 2150 3720 certamen
2163 3693 2250 3726 inire,
2269 3695 2324 3719 m

281 3735 338 3755 tum
351 3736 450 3757 certato
467 3721 560 3758 Tacit.
574 3731 642 3757 Anu.
660 3736 692 3758 11,
706 3735 744 3754 10.
816 3727 889 3754 Idem
900 3728 969 3754 Hist.
981 3737 1010 3762 4,
1024 3729 1052 3754 16
1084 3725 1142 3753 Nec
1155 3725 1203 3752 diu
1214 3731 1324 3759 certato,
1387 3729 1532 3755 contendere
1561 3729 1642 3756 Ouid.
1665 3733 1757 3757 Amor.
1776 3739 1803 3763 2,
1824 3738 1851 3763 2,
1871 3732 1910 3757 61.
1979 3728 2077 3755 Exafto
2090 3729 2172 3756 laetus
2185 3725 2325 3763 certamin&

280 3764 458 3799 Tungrorum
468 3766 565 3794 cohors
578 3765 648 3800 flgna
663 3762 697 3790 ad
715 3762 834 3790 Ciuilem
846 3763 986 3790 transtulit.
1021 3761 1138 3798 Ahfialute
1150 3767 1254 3796 vtroque
1272 3762 1322 3788 Ioco
1388 3763 1480 3790 Claud.
1495 3765 1575 3791 Cons.
1589 3765 1667 3792 Prob.
1681 3772 1708 3792 et
1719 3765 1797 3798 Olyb.
1811 3773 1858 3798 113.
1893 3780 1901 3783 <
1928 3763 2017 3791 Graue
2039 3764 2084 3790 Sil.
2104 3767 2142 3798 16,
2161 3769 2210 3798 518.
2238 3780 2242 3787 ·

277 3806 325 3836 pro
337 3809 363 3826 eo
377 3801 442 3836 quod
455 3801 507 3835 est,
524 3811 584 3829 eum
597 3805 725 3827 certatum
738 3798 808 3835 ess'ej·
1332 3804 1380 3824 100
1388 3799 1473 3826 Catul.
1487 3801 1531 3833 62,
1545 3808 1606 3834 394.
1677 3801 1798 3835 Longum
1828 3800 1896 3827 Hor.
1908 3799 1987 3835 Epist.
2007 3807 2026 3829 ι,
2045 3807 2082 3832 ιο,
2095 3808 2131 3833 35.
2202 3796 2281 3826 Marti

315 3837 512 3870 (ΖΕΚΤᾸΜΕΝ,
531 3838 591 3864 i'nis.
610 3846 636 3863 n·
661 3833 759 3869 [ἆνῶνω
775 3835 863 3865 ἆθλθῐ,
882 3831 1001 3867 amma,
1020 3832 1123 3866 enimn
1170 3831 1183 3866 ]
1203 3832 1322 3859 Certandt
1388 3835 1511 3868 Carm.4,
1526 3843 1566 3870 14,
1581 3843 1619 3870 17.
1654 3833 1977 3870 MiserandumSil.5,517.
2015 3834 2119 3862 Nauale
2127 3835 2202 3870 Virg.
2214 3833 2305 3864 Δειιϋς

278 3869 360 3904 aaut,
368 3871 487 3898 Certatim
506 3875 546 3899 Ac
553 3875 637 3908 primo
650 3871 679 3897 de
691 3869 758 3897 ludis
771 3875 794 3895 et
802 3867 956 3904 speFtacuIis
961 3869 1085 3905 frequens
1097 3843 1179 3901 cysa-b.
1190 3877 1216 3904 ς.
1251 3867 1323 3894 Disci
1385 3870 1442 3897 ludo
1457 3871 1567 3907 quidem,
1578 3870 1628 3906 sed
1639 3872 1706 3908 nihil
1714 3868 1832 3906 impedit,
1849 3879 1898 3908 quo
1909 3873 1993 3897 minus
2005 3874 2079 3898 etiam
2092 3871 2120 3898 de
2135 3879 2192 3898 uero
2198 3869 2294 3909 praello

279 3913 412 3934 certamen
431 3907 512 3934 Ouid.
527 3909 591 3935 Met.
605 3916 644 3940 10,
661 3913 716 3941 177.
770 3904 844 3932 Idem
854 3904 919 3930 Met.
930 3912 968 3936 10,
983 3912 1031 3939 572.
1047 3904 1076 3931 dc
1089 3905 1228 3935 Atalanta,
1247 3903 1322 3930 Prae·
1385 3915 1447 3932 mus.
1519 3906 1651 3934 Rabidum
1671 3905 1717 3933 sil.
1731 3907 1770 3938 16,
1783 3913 1840 3939 4¹0·
1882 3911 1889 3916 ⁵
1910 3905 1950 3932 Id.
1961 3905 2006 3932 Sil.
2020 3915 2040 3938 1,
2056 3915 2100 3942 ¹43
2119 3903 2260 3934 Oceumbit
2270 3900 2301 3929 Sa

279 3943 334 3969 mia
349 3942 437 3970 veloci
456 3943 570 3976 coniux,
594 3942 758 3977 thalamique
775 3939 924 3972 dabuntur,
960 3940 1034 3967 Mors
1045 3939 1160 3975 pretium
1173 3937 1272 3972 tardis,
1291 3946 1322 3965 ea
1385 3941 1441 3966 rius
1455 3942 1599 3968 certamine
1617 3940 1713 3974 νὶᾷὶοτ.
1785 3938 1876 3967 Claud.
1890 3939 1920 3967 in
1933 3941 2003 3968 Ruff.
2028 3950 2049 3974 1,
2068 3949 2122 3977 297
2151 3942 2287 3968 Certamen

280 3977 320 4004 lex
335 3977 486 4006 certaminis
496 3976 559 4005 esto.
604 3978 722 4006 Pretium
740 3975 892 4004 certaminis
910 3975 983 4002 ferre
1004 3975 1043 4003 Id.
1060 3975 1126 4003 Met.
1142 3983 1176 4008 13,
1190 3982 1226 4008 ¹9·
1263 3974 1320 4001 Huc
1334 3981 1379 4008 105
1386 3975 1449 4009 diu,
1469 3975 1511 4003 sed
1532 3976 1653 4008 moribus
1667 3975 1754 4012 impar
1766 3975 1905 4004 Virtutum
1918 3976 2099 4014 scelerumque
2115 3977 2178 4004 fuit.
2209 3971 2312 4002 *Pulchr

2261 4052 2280 4068 κὴ
