2474 4182
5 1458 6 1481 ἶ
38 1461 131 1488 ricndi.

5 1499 6 1527 J
37 1497 102 1522 Luci
121 1495 168 1522 ibo
186 1495 255 1522 hinc.

6 346 7 350 ,
38 325 171 355 centesima
201 325 278 358 fruge
309 324 433 358 agricolis
460 323 534 348 fenus
560 315 684 357 reddente
716 321 784 355 terra
794 335 801 347 ,
822 315 850 340 d.-
871 316 988 354 Byzacio.

6 387 7 394 ,
39 365 104 390 Cum
119 360 256 386 centessnio
270 360 377 394 quidem
389 365 414 385 et
428 353 549 384 Leontini
562 351 664 378 Siciliae
678 358 763 384 campi
777 350 889 377 fundunt
904 350 968 376 Plin.
981 354 1015 380 18,
1031 357 1067 374 ιο.

6 484 7 500 ;
35 469 125 495 cianus
142 465 400 502 memorat-prodidit,
419 460 548 496 epulatum
569 459 593 484 se
614 459 682 484 intra

6 561 7 592 i
36 574 156 606 obtexit,
173 576 191 599 i.
204 574 244 600 his
256 569 345 601 dian,
359 564 498 599 uelstatim.

6 842 7 850 .
36 821 181 849 inuaderet.

4 883 7 902 ἦ
37 892 133 920 Officio
145 891 184 922 is,
203 890 250 923 qui
264 887 429 920 laudabitur,
444 887 552 918 fecerit,
580 885 604 911 h.
618 893 637 909 c.
649 883 778 918 fideliter,
796 889 841 908 etc.

6 1026 7 1030 ,
35 997 124 1026 Diuin.
137 1006 163 1029 1,
183 999 223 1026 68.

5 1244 7 1280 Ξ
35 1247 142 1282 publico
155 1245 270 1281 Imperio
284 1245 334 1271 fui.

36 111 126 151 1329
412 93 446 132 C
534 90 571 130 V
658 89 707 128 M

36 181 132 215 ofrano
152 185 217 212 bene
236 187 264 210 vt
277 187 387 216 agatur:
411 190 506 208 verum
526 185 554 206 vt
567 184 657 205 omnes
671 174 709 201 dii
722 172 865 212 adiuuent,
883 180 941 213 cuin
955 171 1068 199 decimo.

37 223 142 251 Ibidem,
164 219 327 247 Medimnum
347 224 433 244 autem
453 225 484 242 cx
503 216 592 249 ingere
609 212 750 238 decumano
772 208 829 250 dni-i
850 215 964 243 potent,
984 216 1067 248 quum

36 267 113 289 aver,
132 256 172 286 id,
185 253 256 289 quod
271 262 378 287 perraro
393 253 575 284 euenit„cun1
589 247 699 273 decumo
718 245 854 270 extulisset.
909 246 950 272 Sic
964 245 1028 269 Plin.
1045 251 1067 274 ς,

38 281 68 327 4⁰
78 294 115 319 [ta
135 289 279 324 appellatur
298 289 373 323 regio
391 290 442 314 CI..
458 288 494 313 M.
508 287 533 312 P.
553 282 678 311 circuitu,
697 279 844 306 fertilitatis
859 280 988 311 eximiae,
1007 287 1067 304 cum

1036 314 1108 342 Et5

37 400 117 425 Etiam
131 397 216 422 Van-0
233 396 261 422 R,
278 396 308 421 R,
323 404 342 427 ι,
356 403 403 427 44,
420 402 428 419 1
454 393 517 419 Cum
531 387 633 413 decimo
650 386 718 413 redit
731 388 825 426 semen.
884 387 914 412 In
928 385 1018 411 talibus
1030 393 1068 409 co-

35 435 147 459 miratum
154 431 298 468 'significat-
321 427 504 463 ctstmilisfere
518 426 584 449 ratio
598 430 669 458 atquc
684 426 711 448 in
724 424 766 448 illo
782 422 846 447 Plin.
862 430 894 451 12,
913 429 921 446 1
943 420 959 446 s.
972 427 988 462 ,ς
1008 420 1066 445 Mu-

695 457 794 493 spcczcm
807 466 879 483 cauae
891 455 988 481 arborn
1006 462 1066 480 cum

439 494 564 529 Apuleius
580 495 642 520 Met.
659 501 668 519 1
686 502 712 527 p.
728 500 784 525 104,
798 500 826 523 4¹
852 492 883 516 Et
902 499 962 516 cum
976 489 1065 521 Didio,
1086 493 1115 512 10

37 503 249 530 duodeuicelimo
268 501 372 528 comite.
746 527 751 532 ι

35 539 109 565 sutili
128 537 283 564 centunculo
304 535 397 562 faciem
414 531 486 557 suam
512 529 664 556 iamdudum
690 533 856 562 punicantem
879 533 939 559 prae
961 524 1063 558 pudore

570 566 651 591 l'laut.
665 562 760 597 Amph.
771 569 869 594 2,2‚111
887 560 935 587 Tu
943 559 994 590 dic,
1003 567 1064 592 ego-

39 620 72 636 nc
84 609 128 635 abs
141 617 166 635 tc
177 608 232 635 abii
241 608 301 634 hine
314 602 390 632 hodie
401 611 459 628 cum
468 601 609 627 Diluculo?
645 599 737 626 cit-‚de
746 599 807 624 Nat.
816 598 895 623 Deor.
905 604 928 626 2,
938 597 954 621 6
974 596 1064 627 Quum

7 649 8 655 ¹
36 655 50 671 c
66 644 228 679 praefectura
242 642 345 669 Reatina
358 638 468 664 Romam
489 636 606 663 venienti
625 634 704 661 noeiu
717 634 770 659 duo
790 633 897 659 iuuenes
916 639 974 657 cuin
987 629 1067 664 Equis

5 703 7 708 ,
37 680 102 706 albis
123 680 255 709 ‹lixiss'enn
945 703 949 707 η

6 744 7 747 ,
38 715 143 743 Immuii
157 724 216 741 cum
230 709 346 741 Falcibus
358 709 436 736 multi
449 713 591 743 purgarunt
609 712 634 733 et
648 710 805 740 aperuerunt
817 705 905 730 locum
919 703 975 729 Cic.
983 702 1067 728 Tusc.

281 678 375 708 Regem
391 674 491 699 Persem
514 673 562 699 'illo
585 672 628 698 dic
650 676 769 705 captum,
795 668 900 695 Senatui
925 665 1066 693 nuntiauit.
1089 669 1114 696 15

38 760 50 785 ς
75 754 103 784 6,
176 750 306 782 Idempro
318 745 424 771 Caecin.
438 752 467 778 25
484 752 530 776 c.9
552 744 589 769 De
605 742 730 782 se-autem
744 740 795 767 hoc
809 739 956 780 praedicat,
976 737 1068 778 Antio—

36 771 87 812 cho
101 785 208 812 Aebutii
217 785 294 810 seruo
310 781 452 815 imperaffc,
484 786 512 807 vt
526 780 554 805 in
569 779 708 805 Caecinam
722 776 907 802 aduenientem
921 782 981 813 cum
994 776 1067 812 terro

249 818 305 844 Cic.
319 816 351 843 de
364 818 437 843 Orat.
446 824 469 847 2,
483 823 529 849 345
548 814 604 840 Erit
618 811 800 847 explicandum
814 812 841 837 in
855 808 931 836 laude
944 808 1068 839 iustitiae,

36 857 101 891 quid
115 865 171 883 cum
183 853 263 885 Fide,
284 852 348 887 quid
367 861 427 878 cum
442 850 650 885 Acquabiistate,
665 847 729 882 quid
746 856 806 873 cum
826 844 957 872 eiusmodi
975 844 1067 878 aliquo
1085 851 1120 870 20

896 880 976 907 Plaut.
986 879 1068 906 Trin.

35 938 63 962 4,
75 937 102 960 4,
115 935 126 959 3
149 925 264 958 Qialine
275 924 360 951 amieo
375 931 432 949 nica
450 920 632 948 commendaui
651 920 719 951 hona
735 919 743 944 ἓ
770 924 786 943 C
798 924 827 943 Α.
849 916 934 950 probo
946 923 971 941 ct
983 915 1067 955 fideli,

35 972 61 990 et
74 961 141 994 fido,
160 967 185 987 ct
200 970 259 986 eum
271 968 363 994 inagna
373 958 443 985 Fide.
514 957 581 983 Cum
591 956 660 989 Fuga
671 952 818 980 conscenlio
830 953 858 979 in
871 960 949 977 naues
969 952 1025 977 Cic.
1035 950 1068 976 de

295 997 362 1022 Cum
381 994 463 1029 gratia
476 992 545 1020 boiia
560 991 694 1018 dimittere
707 989 823 1023 aliquem
838 987 911 1014 Idem
925 986 957 1014 de
970 987 1034 1026 Fato
1050 993 1067 1020 7

150 1034 219 1059 Cum
233 1031 359 1058 Hostibus
376 1037 502 1065 pangere,
521 1027 573 1054 vid.
586 1027 609 1053 h.
624 1035 649 1052 v.
722 1026 790 1051 Cum
803 1023 919 1057 Imperio
935 1023 984 1049 esse
998 1023 1066 1048 dice-

33 1043 55 1060 c.
68 1042 95 1067 4.
1089 1029 1116 1056 ες

6 1066 8 1095 ᾗ
34 1068 113 1096 batu'r
129 1067 197 1103 apud
211 1067 349 1101 antiquos,
383 1066 434 1092 Cui
452 1063 609 1091 nominatim
629 1070 644 1088 a
663 1060 761 1096 populo
785 1059 897 1086 dabatur
916 1057 1068 1093 imperium,

31 1112 62 1132 υτ
76 1108 113 1130 ait
128 1103 222 1130 Festus.
260 1103 314 1130 Cic.
327 1102 358 1128 de
373 1100 472 1128 Seneei.
485 1102 521 1132 64
541 1099 635 1132 Neque
652 1098 723 1123 enini
741 1096 827 1124 solum
846 1094 948 1121 honore
968 1099 1068 1120 antece-

5 1153 7 1163 v
34 1139 156 1167 dentibus
165 1159 172 1170 ,
190 1139 232 1165 sed
246 1139 278 1165 iis
291 1138 385 1167 etiam,
401 1136 449 1171 qui
463 1144 520 1162 cuni
533 1134 647 1169 imperio
661 1134 735 1165 sunt,
755 1131 867 1157 maiores
880 1135 943 1156 natu
957 1136 1067 1163 augures

5 1167 7 1217 ᾗ
34 1181 238 1210 anteponuntur.
271 1173 338 1200 ΛΜ.
355 1172 409 1199 Cic.
425 1172 495 1199 Fam.
512 1179 531 1203 1,
546 1178 573 1210 1:.
664 1205 668 1209 Ι
855 1202 859 1206 .

5 1219 7 1236 i
35 1220 84 1246 ego
99 1212 200 1238 Lemno
219 1209 348 1240 aduenio,
371 1208 484 1235 Athenas
511 1205 701 1232 nudiustertius
722 1203 820 1238 legatus
834 1202 912 1233 hinc,
937 1209 992 1235 quo
1009 1209 1070 1226 cum
1093 1211 1103 1219 -ι

633 1169 715 1195 Plaut.
730 1166 843 1194 Trucul.
859 1175 884 1198 1,
898 1174 923 1198 1,
936 1173 973 1199 74
998 1165 1069 1191 Nam

405 1242 473 1270 Illud
490 1242 598 1276 (opium
612 1249 643 1267 ex
655 1240 721 1266 laete
734 1240 791 1274 ipso
805 1237 917 1264 siluatici
932 1236 1070 1271 papaueris

36 1283 168 1317 capitum)
189 1290 247 1308 cum
261 1289 355 1315 magno
369 1279 471 1305 Labore
484 1279 608 1312 exiguum
621 1275 760 1302 coniicitur
772 1273 891 1300 Scribon.
904 1281 945 1299 22.
1000 1272 1070 1298 Cum

36 1318 140 1345 Labore
154 1317 265 1352 operoso
277 1325 304 1342 ac
318 1315 427 1341 molesto
447 1314 539 1340 moliri
553 1311 655 1347 aliquid
676 1312 731 1338 Cic.
744 1310 775 1337 de
788 1310 884 1336 Natur.
898 1309 977 1348 Deor.
990 1317 1020 1340 2,
1040 1315 1072 1341 59

37 1364 60 1380 c.
75 1363 111 1386 23.
181 1353 245 1379 Plin.
260 1351 338 1386 Epist.
351 1360 379 1383 2,
395 1360 421 1383 19
445 1352 520 1383 Qiae
538 1348 682 1382 scriplimus
697 1356 757 1373 cuni
769 1345 889 1377 Labore,
909 1349 989 1371 etiam
1009 1352 1070 1370 cum

38 1390 141 1416 Labore
160 1388 247 1416 audiri
262 1394 390 1422 putamus.
457 1386 513 1413 Cic.
535 1385 566 1411 de
585 1383 676 1417 Legib.
692 1391 716 1413 2,
734 1387 764 1411 28
792 1381 887 1413 Neque
905 1380 989 1420 solum
1010 1388 1070 1406 cum
1091 1384 1120 1411 33

36 1425 148 1452 Laetitia
163 1423 273 1451 viuendi
287 1423 416 1450 rationein
429 1421 590 1455 accepimus,
606 1418 648 1445 sed
662 1418 741 1443 etiam
754 1424 813 1441 cum
828 1416 871 1454 spe
886 1415 998 1441 meliore
1014 1423 1071 1440 mo-

203 1460 270 1486 Ter.
286 1458 395 1493 Adelph.
411 1465 432 1489 5,
447 1466 468 1489 3,
481 1464 508 1489 55
527 1456 665 1482 Caeterum
680 1460 723 1478 rus
737 1460 797 1477 cum
814 1450 887 1482 filio,
907 1458 966 1476 cuin
981 1450 1068 1484 primo

311 1495 357 1522 sea
374 1493 429 1520 Cic.
443 1494 495 1519 Att.
509 1500 536 1523 4,
548 1499 560 1522 3
586 1487 708 1514 Metellus
721 1496 781 1513 cum
792 1487 878 1520 prima
891 1486 960 1512 Luce
972 1485 1085 1512 furtim—⁷

36 1532 65 1559 in
78 1540 198 1565 campum
211 1530 351 1557 itineribus
366 1536 447 1563 prope
462 1526 545 1552 deuiis
558 1523 688 1551 currebat.
741 1522 815 1558 Conf.
831 1521 904 1548 Idem
918 1520 994 1548 offic.
1008 1529 1020 1552 3
1049 1529 1071 1546 c.

35 1575 70 1600 51.
127 1568 194 1594 Cum
209 1566 376 1601 Magistratu,
395 1566 413 1589 i.
426 1572 465 1588 ma
484 1559 574 1594 istrata
582 1559 714 1595 praeditus
732 1556 908 1585 Suet.Tiber.
922 1566 957 1583 12.
1003 1558 1072 1584 Cum
1083 1561 1120 1588 40

36 1611 92 1634 me,
112 1611 171 1629 cum
182 1602 260 1631 nobis
278 1607 322 1627 am
326 1598 407 1633 simili
419 1599 477 1624 iunt'·
492 1606 552 1628 ura,
571 1605 617 1622 cur
629 1596 754 1622 noluerint
767 1594 847 1620 dicere
861 1600 970 1624 veteres,
989 1602 1019 1619 ac
1027 1599 1076 1628 po-·

4 1637 6 1666 ,³
35 1641 87 1664 tius
99 1636 255 1672 transpositis
267 1636 350 1662 verbis
363 1642 482 1665 mecum,
496 1631 637 1658 nobiscum
657 1632 739 1666 (quae
757 1629 843 1656 deinde
860 1630 907 1655 alii
921 1629 1017 1665 secun,
1035 1633 1071 1654 te-

35 1681 94 1699 cum
107 1675 180 1699 etiam
191 1678 215 1698 et
226 1671 376 1700 vobiscum,
389 1677 412 1696 et
424 1668 580 1704 quibuscum
592 1667 717 1700 maluere)
736 1664 972 1700 verbispotiffiniiem
987 1663 1070 1696 Qiin-

4 1706 6 1710 ’
35 1707 138 1735 c‘iiliani
150 1707 258 1734 dicemus
271 1714 296 1740 8,
309 1716 334 1739 3,
347 1716 377 1740 45
401 1705 428 1731 Si
440 1714 493 1731 cum
507 1703 644 1730 hominibus
657 1703 726 1728 nobis
738 1703 807 1737 loqui
815 1709 863 1727 nos
875 1700 1003 1731 dicimus,
1020 1697 1069 1724 nisi

4 1750 6 1768 ἰ

4 1769 6 1787 ὲ

4 1859 6 1875 l

34 1743 86 1771 hoc
102 1744 187 1778 ipsum
200 1743 338 1770 hominibus
350 1740 466 1767 medium
480 1740 523 1771 fit,
545 1739 574 1765 in
593 1737 732 1773 praefanda
750 1738 871 1776 (turpia,
890 1734 975 1775 quibus
993 1734 1071 1774 honor
1087 1741 1121 1768 45

30 1786 94 1815 prae
111 1779 200 1812 andus,
215 1784 238 1804 tt
251 1781 324 1804 venia
333 1776 440 1813 petenda
453 1774 507 1810 cst)
521 1775 644 1802 videmur
656 1772 772 1800 incidere
785 1783 792 1802 ;
816 1779 878 1806 quia
891 1770 983 1797 vltima
997 1777 1070 1804 prio-

29 1816 73 1843 ¹·ris
98 1814 200 1847 yllabae
215 1813 292 1841 litera
301 1834 309 1846 ‚
329 1821 395 1848 quae
409 1811 522 1846 exprimi
535 1810 582 1837 nisi
595 1809 673 1837 labris
686 1806 840 1835 coeuntibus
853 1805 1012 1847 non‘potest,
1026 1810 1071 1832 aut

37 1850 193 1878 intersistere
210 1859 258 1876 nos
274 1847 477 1876 indecentiffime
497 1847 584 1881 cogit,
603 1851 647 1873 aut
665 1845 815 1871 continuata
831 1851 890 1869 cum
909 1842 1071 1876 insequente,

4 1885 7 1904 'v
36 1887 66 1914 in
78 1892 197 1913 naturam
210 1886 266 1912 eius
280 1884 476 1918 corrumpitur,
494 1889 524 1909 vt
533 1883 621 1918 sonet,
642 1879 768 1907 cunnobis
781 1878 871 1905 duabus
878 1878 1009 1914 prioribus
1017 1878 1073 1913 syl-

3 3462 6 3468 ⁴
41 3451 162 3486 dubites,
182 3460 226 3479 εἰς.

4 3707 5 3710 ’
45 3701 173 3728 Pecunia:

12 3860 14 3869 2
43 3842 129 3870 nabis.

12 3880 14 3886 ’
42 3878 120 3918 simui
136 3877 237 3906 videmr
261 3879 386 3907 abundare
412 3883 442 3907 in
467 3883 576 3915 talibus,
610 3882 679 3909 Ter.
695 3882 761 3908 Eun.
779 3890 802 3913 2,
821 3891 844 3914 2,
863 3890 891 3910 ιο
921 3883 1006 3911 Simul
1024 3894 1086 3913 con-

31 3913 133 3957 silium
145 3923 207 3946 cum
215 3923 246 3944 re
256 3913 344 3945 amisti
358 3916 369 3944 Ξ

4 1947 5 1950 ,
36 1922 100 1950 labis
114 1922 236 1957 obst-enum
249 1931 333 1947 nomen
348 1919 522 1955 efficiendus,
540 1925 585 1945 etc.

29 2595 169 2634 postulare,
185 2596 270 2631 vtfibi
282 2606 293 2622 e
306 2594 368 2629 vesti
386 2598 425 2628 io,
444 2601 515 2631 atque
528 2594 605 2620 eodem
616 2596 733 2629 temporis

9 3009 10 3013 ,
39 2989 121 3017 bum
130 2990 249 3019 Scribon.
262 2992 320 3017 206.

7 3027 11 3056 ἕ
40 3024 202 3052 bonaVenia
213 3027 238 3052 se
251 3025 403 3053 auditurum
416 3025 528 3054 dicebat.

639 1916 712 1952 Coris.
725 1916 779 1942 Cic.
793 1916 864 1941 Fam.
879 1923 906 1946 9,
919 1923 957 1940 22.
1003 1915 1073 1940 Cum
1093 1924 1126 1950 50

38 1959 113 1985 Metu
128 1958 216 1984 dicere
228 1957 284 1984 Cic.
299 1965 348 1991 pro
356 1956 459 1983 Cluent.
470 1963 505 1988 51.
577 1954 644 1980 Curn
656 1953 742 1979 Onere
757 1955 858 1977 moram
878 1950 975 1976 offerre
991 1950 1074 1976 alicui

39 1994 121 2021 Plaut.
134 1994 212 2020 Poen.
225 2001 253 2026 4,
266 2001 293 2025 2,
308 2001 346 2024 30.
373 1995 392 2018 i.
406 1998 530 2018 oneratum
541 1991 634 2016 morari
644 1994 668 2014 et
680 1990 791 2014 retinere.
845 1987 914 2012 Cum
927 1987 996 2012 Ortu
1012 1986 1075 2012 solis

38 2029 138 2056 Sallust.
151 2028 270 2064 Iugurth.
286 2030 340 2054 106.
394 2027 449 2054 Cic.
462 2025 571 2053 Tuscul.
581 2032 604 2058 5,
617 2029 643 2056 83
664 2023 720 2050 Nos
733 2021 801 2051 illud
816 2022 924 2057 quidem
937 2031 998 2048 cum
1010 2030 1073 2056 pace

39 2074 162 2100 agemus,
186 2071 215 2091 vt
232 2067 338 2090 neminis
350 2061 498 2098 fintentiam
514 2064 686 2097 impugnemus.
769 2058 858 2085 Fiteos
878 2067 938 2085 cum
959 2058 1074 2084 Pecunia

39 2101 95 2128 Cic.
109 2101 185 2128 Verr.
199 2109 209 2126 1
226 2109 248 2126 c.
263 2105 276 2130 8
300 2107 330 2126 vt
337 2100 418 2136 Jiaepra
430 2097 550 2125 vehicula
567 2105 625 2123 cum
638 2094 733 2122 Culeis.
789 2095 859 2121 Cum
871 2094 992 2121 Periculo
1005 2094 1074 2120 Ter.
1095 2096 1124 2124 55¹

41 2136 121 2165 Andr.
137 2145 161 2168 1,
181 2145 206 2168 1,
225 2144 282 2169 104.
352 2136 420 2162 Cum
432 2133 531 2170 Populo
545 2137 635 2167 agere,
655 2131 684 2164 b.
697 2140 716 2159 e.
734 2131 864 2165 Populum
879 2130 912 2157 ad
926 2130 1074 2169 concilium

39 2178 86 2199 aut
105 2171 212 2199 comitia
225 2179 327 2198 vocare.
362 2171 382 2198 F
384 2170 457 2196 estus.
498 2168 554 2196 Vid.
569 2174 655 2196 AGO.
725 2166 795 2193 Cuin
807 2166 934 2193 Potestate
947 2166 1011 2197 eise,
1028 2171 1072 2190 cui

39 2208 182 2243 opponitur
193 2208 327 2234 Priuatum
346 2207 393 2232 effe
406 2216 412 2231 ε
439 2204 589 2237 dicebatur,
609 2204 691 2239 inquit
704 2202 790 2229 Festus
798 2222 807 2235 ,
826 2201 858 2229 de
872 2210 919 2233 eo,
939 2201 986 2236 qui
999 2209 1014 2227 a
1027 2208 1074 2232 po-

37 2243 101 2277 pulo
118 2243 197 2269 alicui
215 2243 323 2276 negotio
343 2239 549 2275 praeficiebatur.
585 2239 640 2266 Cic.
655 2238 687 2265 de
701 2239 803 2265 [nuent.
819 2247 845 2270 1,
859 2244 886 2271 35
907 2238 928 2264 c.
943 2244 974 2270 25
995 2237 1074 2263 Pecu-

35 2278 125 2305 niosus
137 2286 171 2304 an
183 2278 283 2304 tenuis:
306 2277 440 2312 priuatus,
458 2285 491 2303 an
503 2284 564 2302 cum
576 2273 702 2301 Potestate
717 2273 756 2299 fit.
799 2288 801 2291 .
827 2274 897 2299 Cum
910 2272 1005 2300 Primis
1026 2271 1074 2298 ali·
1093 2279 1128 2304 60

6 2323 7 2327 ¹
37 2312 102 2348 quid
113 2313 214 2347 facere,
232 2316 250 2339 i.
263 2315 391 2353 inprimis
403 2311 682 2342 Plaut.Truc.3,1,1;.
707 2308 966 2336 Vid.CVMi²R1M1s.
1004 2308 1074 2334 Cum

36 2349 131 2376 Primis
142 2348 266 2375 honestus
279 2348 335 2374 Cic.
344 2348 421 2374 Verr.
435 2355 456 2377 1,
469 2353 522 2381 137.
593 2345 661 2372 Ter.
676 2343 757 2372 Andr.
771 2353 792 2377 ς,
804 2353 829 2377 3,
843 2353 871 2371 ιο
888 2344 994 2371 Tamen
1008 2343 1076 2370 hanc

35 2384 135 2412 habere
145 2383 246 2412 studeat
258 2392 319 2410 cuni
332 2383 436 2410 summo
448 2382 559 2409 Probro.
629 2382 696 2407 Cum
707 2380 882 2413 Qierimonia
894 2380 977 2406 Plaut.
985 2378 1074 2406 Pseud.

36 2429 58 2454 1,
71 2429 94 2453 3,
109 2425 150 2456 78.
246 2420 314 2447 Cum
327 2418 424 2454 quibus
436 2417 513 2450 vobis
525 2416 661 2444 videbitur
672 2415 729 2442 Cic.
745 2416 817 2442 Fam.
833 2424 873 2447 14,
888 2423 919 2447 14
939 2421 987 2451 pro
999 2414 1075 2449 vstta—

35 2459 102 2483 tiore
115 2455 281 2492 quibuscum.
336 2456 410 2482 Tera
423 2454 485 2480 cuin
494 2454 516 2479 R
529 2460 581 2479 vno
596 2451 690 2486 scripta
703 2450 733 2476 in
742 2451 881 2490 Augurum
892 2449 984 2478 libreis
998 2452 1074 2478 Varr.
1097 2455 1129 2487 65

37 2492 68 2519 L,
82 2492 113 2519 L,
125 2501 146 2526 4
168 2501 193 2526 p,
207 2500 239 2524 9,
257 2500 293 2518 21.
364 2487 496 2523 Quinctil.
514 2497 547 2521 9,
560 2497 594 2520 4,
613 2494 654 2521 117
677 2484 864 2513 Occafionibus
884 2486 1027 2520 Vtendum,
1047 2492 1074 2514 et

36 2536 96 2554 cum
107 2535 137 2554 re
150 2526 278 2561 praesenti
296 2521 508 2552 deliberandum.
550 2521 616 2548 Add.
630 2529 659 2555 5,
678 2529 718 2553 13,
731 2528 771 2554 59.
843 2521 899 2548 Cic.
916 2521 947 2548 de
960 2522 1017 2549 Sen.
1031 2529 1076 2560 pr.

35 2563 84 2590 Ille
95 2562 140 2590 vir
158 2561 227 2588 haud
240 2570 334 2596 magna
352 2569 411 2586 cum
423 2560 477 2592 Re,
498 2557 541 2585 sed
561 2557 647 2592 plenu’
662 2557 734 2584 fidei.
806 2558 875 2584 Cum
895 2558 973 2584 Sacco
992 2558 1077 2593 adire,

764 2591 838 2620 ιινιέἶο
845 2597 951 2629 pecunia
956 2594 1079 2629 soluatur.

36 2633 140 2660 Paullus
158 2633 176 2660 l.
190 2639 233 2665 105
253 2633 285 2658 D.
300 2631 331 2658 de
344 2632 371 2658 so
383 2636 420 2657 ut.
442 2629 522 2664 Qiod
535 2629 646 2656 dicimus
660 2630 688 2656 in
699 2638 732 2656 eo
742 2599 858 2662 herede,
875 2630 921 2665 qui
935 2629 1081 2657 fideiussori
1097 2643 1133 2672 70

36 2669 183 2701 testatoris,
200 2667 227 2695 id
239 2667 310 2703 quod
323 2673 383 2694 ante
395 2666 492 2694 aditam
506 2665 678 2693 hereditatem
690 2665 723 2692 ab
737 2674 770 2692 co
781 2665 899 2692 solutum
912 2666 948 2692 est
956 2686 965 2699 ,
984 2665 1080 2694 debere

35 2704 123 2732 statim
136 2703 257 2736 soluere,
277 2712 337 2730 cuin
350 2703 443 2737 aliquo
457 2702 556 2729 scilicet
568 2707 777 2738 temperamento
788 2702 916 2737 temporis
929 2702 1081 2737 intelligen-

39 2740 104 2768 dum
118 2739 175 2769 est:
200 2748 248 2766 nee
266 2739 337 2766 enim
355 2748 415 2765 cum
434 2737 511 2765 Saeco
530 2738 604 2765 adire
623 2737 710 2765 debet.
783 2738 852 2765 Ter.
866 2737 979 2773 Adelph.
992 2747 1019 2772 4,
1033 2748 1053 2771 1,
1067 2747 1080 2771 3

36 2776 146 2803 Vtinam
158 2774 266 2811 quidem
283 2775 373 2810 (quod
387 2783 447 2801 cum
459 2774 546 2801 Salute
562 2773 700 2805 eius'fiat)
722 2773 761 2800 ita
778 2774 804 2800 se
819 2773 973 2809 defatigarit
987 2774 1080 2807 velini,

35 2818 81 2845 vt,
102 2818 148 2839 etc.
217 2812 286 2839 Cum
299 2811 442 2838 Seue-ritate
456 2809 548 2837 audire
561 2810 616 2837 Cic.
634 2810 663 2837 in
675 2810 751 2837 Orat.
769 2819 791 2837 c.
804 2817 841 2843 52.
914 2811 983 2837 Cum
996 2810 1080 2837 Silen-
1099 2825 1131 2855 75

36 2848 77 2875 tio
96 2846 304 2874 animaduertere
323 2847 391 2873 Ter.
405 2847 434 2873 in
448 2846 514 2881 prol.
528 2846 590 2873 Eun.
602 2855 649 2881 44.
721 2845 777 2872 Cic.
796 2855 845 2881 pro
864 2846 957 2874 Rabir.
977 2847 1044 2873 Post.
1065 2855 1078 2880 5

37 2883 68 2910 Id
81 2883 118 2910 est
130 2881 254 2915 difficile,
273 2882 346 2918 quod
357 2891 417 2909 cum
430 2882 478 2917 Spe
490 2890 583 2916 magna
595 2882 626 2909 fis
639 2882 780 2917 ingressus,
799 2882 827 2908 id
841 2891 895 2909 non
911 2884 1020 2918 exsequi
1039 2892 1080 2910 vs-

38 2928 90 2954 que
103 2918 136 2946 ad
150 2925 306 2946 extremum.
359 2918 460 2945 Sallust.
473 2917 504 2945 ad
519 2918 590 2945 Caes.
603 2918 636 2944 de
649 2916 762 2953 Republ.
773 2917 832 2945 ord.
850 2919 934 2946 Multi
945 2925 1081 2954 praeterea

39 2954 159 2990 cum'Spe
172 2954 243 2982 bona
255 2953 444 2987 adolescentes,
460 2953 536 2981 sicuti
549 2953 648 2981 hostiae
661 2953 771 2980 mactati
782 2954 849 2981 sunt.
910 2954 980 2982 Cum
993 2956 1082 2983 Tere-

393 2990 453 3016 Liu.
468 2998 509 3023 29,
526 2998 535 3016 1
561 2990 754 3025 expromerent
776 2990 841 3024 quid
860 2990 1001 3023 sentirent,
1019 3000 1082 3018 cuin
1103 2999 1135 3026 80

599 3027 669 3052 Cum
683 3025 791 3052 summis
805 3026 912 3060 Vigiliis
927 3028 1081 3063 summaque

42 3060 210 3095 prouidentia
228 3061 331 3088 confeci
350 3061 445 3088 Institt.
459 3070 577 3097 prooem.
591 3060 614 3099 §.
629 3070 654 3088 2.
746 3062 815 3088 Cum
828 3062 974 3098 Voluptate
988 3064 1081 3090 audire

41 3096 97 3123 Cic.
117 3095 147 3122 in
161 3096 234 3124 Orat.
261 3106 282 3123 c.
301 3105 338 3131 52.
533 3095 554 3136 ff
579 3107 595 3125 2
633 3097 760 3124 formulae
774 3098 923 3133 peculiares.
958 3099 1027 3126 Cum
1047 3109 1088 3127 eo*

40 3131 148 3159 adiicere
158 3131 224 3167 solet
234 3132 331 3168 aliquid
337 3131 516 3168 superioribus.
552 3131 730 3166 Pleonosticum
747 3132 844 3169 quidem
858 3132 891 3167 est
903 3135 989 3162 Varro
1005 3136 1037 3162 R.
1049 3137 1082 3164 R.

41 3176 66 3200 3,
77 3175 100 3200 5,
109 3175 124 3193 2
144 3166 259 3201 Qiidam
274 3177 333 3194 cum
346 3177 379 3195 eo
392 3168 522 3204 adiiciunt
536 3175 670 3203 praeterea
682 3177 743 3195 aues
756 3168 821 3195 alias
832 3178 949 3205 quoque.
985 3172 1026 3199 Sic
1033 3178 1083 3208 pro
1095 3182 1109 3208 8
1118 3183 1129 3192 ··

40 3208 176 3238 praeterea
193 3204 232 3234 uel
246 3203 350 3238 insuper
358 3203 444 3240 posuit
457 3204 574 3231 Scribon.
588 3212 636 3238 135.
697 3203 812 3231 Videtur
830 3210 918 3232 autem
931 3207 1026 3234 vinum
1036 3203 1081 3234 ve·
1115 3194 1128 3211 ³

42 3238 136 3265 iustius
149 3244 319 3274 ventremque
331 3248 390 3266 cum
403 3248 436 3266 eo
448 3240 508 3266 satis
520 3240 617 3268 mollit.
669 3240 743 3268 Idem
757 3239 878 3268 Scribon.
892 3243 922 3270 61
950 3243 1010 3269 Hoc
1023 3252 1083 3270 cum

41 3282 91 3306 eo,
111 3273 183 3309 quod
194 3275 317 3301 candidos
334 3275 398 3301 facit
411 3275 516 3308 dentes,
535 3281 592 3304 tum
610 3277 691 3302 etiam
711 3275 858 3303 confirmat.
914 3278 1083 3306 Conditionem

40 3316 128 3341 notat,
151 3310 191 3336 Sit
210 3310 285 3342 sane,
303 3311 431 3344 quoniam
449 3310 485 3338 ita
503 3317 532 3338 tu
551 3313 608 3344 vis,
628 3311 672 3338 sed
690 3317 779 3339 tamen
799 3321 860 3343 cum
874 3321 923 3346 eo,
943 3314 1015 3349 quod
1028 3314 1082 3342 fine

41 3351 148 3386 peccato
163 3353 223 3372 meo
237 3345 282 3372 fiat
294 3346 351 3372 Cic.
358 3347 410 3372 Att.
423 3349 450 3379 6,
465 3355 475 3374 1
495 3356 520 3382 p.
534 3355 585 3382 574
602 3348 699 3374 Graeu.
753 3347 879 3375 ‚Antium
894 3358 964 3376 noua
978 3350 1085 3378 colonia

40 3383 112 3408 mista
125 3390 186 3408 cum
197 3389 246 3414 eo,
265 3387 294 3408 vt
307 3381 459 3408 Antiatibus
470 3384 668 3418 permitteretur
682 3382 742 3409 Liu.
757 3388 781 3416 8,
793 3392 824 3417 14
841 3384 884 3410 vbi
898 3385 950 3411 uid.
964 3392 988 3412 et
996 3386 1083 3421 paullo

39 3416 220 3452 praecedentia.
291 3416 420 3444 Columel.
434 3425 457 3450 5,
469 3426 490 3451 1,
503 3420 522 3452 4
539 3418 677 3454 Obsequar
690 3418 823 3446 voluntati
835 3425 895 3446 tuae
908 3430 968 3447 cum
982 3430 1031 3454 eo,
1050 3426 1084 3448 ne

74 3487 80 3492 ι
270 3452 338 3479 Cels.
352 3461 375 3485 3,
389 3461 423 3479 22
442 3453 470 3480 de
485 3453 553 3485 tabe,
572 3455 600 3482 Si
611 3454 681 3482 nihil
694 3454 799 3490 reliqua
811 3455 963 3490 proficiunt,
982 3457 1086 3492 sanguis

42 3487 186 3515 mittendus
201 3488 251 3520 est,
269 3488 313 3515 sed
331 3488 484 3522 paullatim,
503 3490 678 3525 quotidieque
695 3490 817 3525 pluribus
831 3491 941 3525 diebus,
962 3502 1023 3519 cum
1042 3501 1086 3526 eo,

42 3529 73 3550 vt
85 3528 187 3550 caeteta
196 3533 304 3559 quoque
318 3523 413 3551 eodem
425 3524 664 3566 modoxseruentur.
702 3527 860 3554 familiarem
872 3528 945 3555 valde
953 3529 1030 3555 Celso
1043 3528 1088 3563 effe

40 3558 108 3589 banc
119 3561 256 3592 rationem,
274 3567 303 3586 vt
315 3567 364 3595 per
374 3559 438 3586 illud
446 3560 519 3596 fisum
535 3570 595 3588 cum
607 3570 657 3595 eo,
677 3567 705 3589 vt
718 3564 758 3589 vel
774 3562 847 3598 quod
861 3563 1026 3591 conditionem
1040 3559 1088 3592 ali-

42 3602 122 3657 gggml
130 3600 174 3656 ‘¹⁶¹⁴'
187 3598 320 3656 οἪιειη
329 3595 501 3635 fiipcrioribus
509 3596 624 3629 adiiciat,
638 3601 689 3624 iam
700 3597 852 3633 obseruatum
864 3599 961 3644 Rhodio
974 3600 1008 3626 ad
1020 3601 1088 3628 Scri-

42 3668 72 3692 a'n
85 3665 126 3693 his
138 3648 207 3692 niodo
212 3640 462 3728 qunassggilirir'ui,
479 3635 603 3695 ir'egi'cui’a
613 3640 676 3695 ineat:
681 3633 1088 3698 251¹leifgnwffiaareenggxiwczog

252 3709 280 3727 1„
327 3712 350 3729 ΙΙ
379 3713 407 3729 uO
426 3713 461 3729 11?-

44 3736 121 3764 Idem
133 3742 170 3772 77
178 3700 255 3778 ‘gum
267 3737 346 3764 melle
356 3712 482 3765 ‹ibliqnitm
554 3739 688 3766 Columel.
701 3738 765 3766 Arb.
779 3748 809 3773 4,
823 3748 836 3774 5
864 3741 933 3769 Cum
946 3742 1087 3770 stercorata

44 3777 116 3799 terea
126 3771 268 3807 completo.
339 3773 430 3808 Veget.
445 3774 558 3802 Mulom.
569 3783 590 3807 1,
608 3784 642 3808 ιι,
654 3781 668 3806 8
686 3776 755 3802 Cum
769 3776 835 3803 vino
855 3783 882 3803 et
898 3777 961 3805 oleo
980 3787 1087 3813 vngere.

45 3806 121 3835 Idem
134 3815 156 3840 1,
169 3815 210 3842 27,
224 3815 242 3834 2
267 3808 336 3834 Cum
348 3808 440 3837 tabula·
449 3810 600 3838 verberare.
672 3812 704 3837 Et
716 3818 738 3843 1,
749 3819 809 3844 34‚1
835 3812 903 3839 Cum
915 3814 984 3848 passo
997 3815 1087 3848 potio-

181 3842 250 3871 Add.
266 3852 287 3876 1,
301 3848 340 3876 38,
352 3852 377 3876 9.
429 3845 503 3874 Idem
522 3855 553 3879 2,
573 3855 598 3879 31
624 3847 694 3873 Cum
707 3845 798 3873 fibulis
809 3848 940 3877 consuito.
993 3850 1087 3877 Contra

441 3916 525 3954 Cum,
538 3925 589 3956 pto
602 3919 633 3948 Et
639 3937 652 3954 ,
676 3917 759 3948 Ouid.
771 3918 838 3949 Fan.
849 3928 880 3956 4,
893 3927 928 3955 54
959 3920 1011 3950 Ilia
1024 3930 1086 3952 cum

1120 3366 1137 3384 0
1155 3354 1344 3389 commigrauit
1363 3353 1446 3381 Plaut.
1465 3355 1534 3380 Pers.
1550 3362 1576 3386 1,
1593 3361 1623 3386 3,
1643 3357 1681 3384 58-

1100 3902 1145 3932 ¹03
1157 3888 1280 3926 deposuit
1297 3888 1390 3924 Nepos
1406 3899 1453 3926 ιο,
1472 3899 1496 3924 3,
1512 3901 1540 3925 4.

1528 81 1562 120 C
1648 81 1684 120 V
1777 83 1824 121 M

2103 97 2181 134 1310

1137 170 1222 197 Lauso
1235 167 1266 196 de
1279 170 1425 197 Numitore
1445 170 1509 201 sati,
1535 169 1559 195 h.
1572 178 1590 195 ι’.
1607 171 1656 196 Ilia
1675 174 1698 194 ct
1712 169 1806 203 Lausus
1824 174 1878 195 nati
1890 170 1918 196 de
1935 173 2071 198 Numitore.
2135 173 2179 197 Mc

1137 214 1195 231 cum
1208 205 1337 232 fimilibus
1355 205 1437 231 nostri
1455 205 1592 238 Rempubl.
1609 204 1762 230 defensuros
1776 204 1832 229 Cic.
1848 206 1918 230 Fani.
1935 215 1973 238 14,
1987 215 2011 240 7.
2084 207 2179 241 Virgil.

1137 241 1201 265 Aen.
1217 250 1242 272 1,
1262 244 1307 273 536
1334 242 1418 267 Remo
1435 250 1494 266 cum
1515 241 1596 266 fratre
1609 240 1740 272 Quirinus
1777 241 1836 265 lura
1856 238 1970 271 dabunt,
2013 245 2030 267 ι’.
2057 244 2181 267 Quirinus

1129 275 1175 312 flu
1189 276 1320 308 Romulus,
1340 282 1363 302 ct
1376 276 1465 302 Rsmus
1477 275 1575 309 frati-r.
1632 274 1749 301 Bocchus
1766 283 1826 301 cum
1843 273 1975 308 peditibus
1990 269 2114 302 inuadunt
2128 278 2180 303 Sal-

1137 310 1195 337 lust.
1211 311 1330 345 Iugurth.
1347 319 1394 338 101.
1422 313 1440 335 i.
1456 311 1564 336 Bocchus
1578 317 1601 335 ct
1611 310 1718 344 pedttcs.
1791 308 1978 335 Demosthenes
1996 320 2054 336 cum
2070 313 2180 338 caeteris

1136 352 1210 372 erant
1221 347 1318 380 expulsi
1333 347 1425 380 Nepos
1440 353 1476 377 19,
1490 353 1514 375 2,
1529 353 1552 370 2.
1589 345 1662 380 Conf.
1678 345 1750 371 Idem
1766 354 1803 376 22,
1819 353 1837 375 1,
1852 353 1873 377 5.
1929 344 1987 370 Dux
2005 354 2063 370 cum
2078 347 2182 380 aliquot

1136 382 1300 416 principibus
1312 382 1455 416 capiuntur
1469 380 1529 406 Liu.
1547 388 1582 412 21,
1596 383 1639 405 60.
1682 381 1739 407 Vni.
1753 382 1859 406 Gronau.
1873 380 1898 406 h.
1911 381 1927 405 l.
1950 385 1973 404 ct
1987 380 2020 404 tid
2034 390 2072 412 22,
2086 391 2119 407 21.
2150 386 2181 408 it.

1134 418 1217 444 Bentl.
1231 417 1265 442 ad
1277 418 1343 443 Hor.
1359 417 1410 442 Sat.
1424 425 1444 448 1,
1457 423 1483 449 7,
1499 424 1538 441 20.
1575 416 1658 441 Burni.
1673 415 1706 441 ad
1717 415 1798 442 Ouid.
1814 416 1877 441 Met.
1893 423 1912 446 ι,
1924 423 1979 446 320.
2128 414 2148 452 ἦ
2169 426 2181 448 3

1135 451 1345 488 Planrflngulare
1363 450 1412 485 est,
1430 450 1495 486 quoil
1514 450 1595 485 refert
1615 449 1717 481 Festus,
1735 450 1863 476 cumalter
1877 450 2001 483 fignificat
2018 458 2076 476 cum
2090 450 2183 482 altero,

1137 486 1237 513 dicium
1251 488 1283 514 ab
1296 488 1412 522 antiquis
1426 487 1463 513 ita
1479 486 1617 512 breuitatis
1630 486 1848 520 cannamomum,
1867 494 1915 519 pro
1927 486 1945 510 si
1960 484 2055 515 audcs3
2075 485 2183 520 scilicet,

1137 531 1185 557 pro
1201 522 1262 547 scias
1276 524 1338 549 licet
1353 533 1360 553 ς
1379 523 1418 556 Jis
1432 532 1480 556 pro
1496 521 1513 547 ii
1529 521 1577 547 vis.
1614 521 1725 556 Scaliger
1739 523 1819 556 magis
1839 520 1945 556 apposite
1957 521 2055 557 confert
2069 522 2183 555 Imprae-

1136 557 1292 588 sentiarum,
1312 559 1470 592 cumpartim
1479 578 1487 589 ,
1508 556 1666 589 cumprime.

1172 599 1267 619 CVM.
1287 593 1320 618 II.
1338 594 1405 619 Adii.
1427 592 1564 627 temporis.
1601 591 1694 625 [ich
1714 589 1800 624 ἡνίκα]
1839 599 1853 615 a
1867 590 1990 616 nonnullis
2006 596 2054 626 qv
2066 598 2085 616 v
2098 598 2138 622 M,
2154 590 2185 615 ab

1135 629 1195 654 aliis
1209 633 1259 664 QV
1270 633 1322 653 OM
1339 628 1480 662 scribitur,
1499 637 1565 654 more
1580 633 1699 653 veterum.
1741 625 1873 658 anffll.
1888 634 1896 650 1
1906 645 1913 657 ,
1928 633 1953 659 7,
1970 634 1981 658 ς
2008 627 2055 651 Illa
2077 634 2185 660 quoque

1138 665 1237 690 seruata
1249 662 1285 688 est
1298 670 1312 688 a
1325 663 1416 688 multis
1430 664 1595 695 differentia,
1618 667 1647 689 vt
1664 668 1707 688 AD
1723 670 1806 695 quum
1822 662 1882 687 eise(
1895 661 2069 695 praepolitio‚
2088 669 2106 688 D
2126 662 2186 688 lite-

1137 708 1194 726 ram
1208 709 1214 725 z
1238 706 1319 733 quum
1332 702 1419 723 autem
1433 699 1588 725 coniunfflio
1598 719 1615 731 ,.
1629 705 1650 724 Τ
1664 696 1803 730 acciperet.
1850 697 1912 722 Item
1933 704 1949 722 (ι
1960 703 1977 721 v
1989 703 2011 721 M
2023 717 2030 728 ‚
2052 698 2069 722 li
2084 705 2186 732 tempus

1138 734 1309 770 significaret,
1327 741 1372 768 per
1386 739 1425 770 Q:
1450 733 1467 758 si
1488 735 1631 767 comitem,
1652 741 1700 767 per
1720 739 1758 760 cz
1787 732 1806 757 fi
1825 740 1892 757 vcro
1911 732 2031 764 causam,
2051 741 2097 766 per
2117 740 2143 770 (ζ
2157 742 2186 759 ae

1139 771 1201 798 duas
1215 770 1350 804 sequentes
1363 775 1384 793 v
1393 775 1430 800 v,
1450 768 1618 796 scriberetur.
1676 767 1724 797 Sed
1736 767 1781 793 hoc
1793 767 1890 802 quidem
1906 771 1934 792 ln
1947 768 2027 797 nullo,
2049 771 2092 803 qui
2111 768 2188 800 etsist

1137 806 1224 838 hodie,
1240 806 1303 832 libro
1316 805 1464 841 obseruatum
1475 809 1600 839 putamus.
1637 805 1760 840 Iungitur
1773 809 1851 828 autem
1863 802 1932 828 modo
1943 804 2084 828 Indicarum
2093 822 2099 831 ‚
2118 804 2187 829 misal.)

1138 839 1306 870 Subinnffiuo.
1377 839 1447 866 Ter.
1462 840 1526 865 Eun.
1539 847 1564 871 2,
1584 847 1605 870 3,
1626 846 1656 870 50
1691 840 1784 872 Qum
1804 837 1854 864 huc
1868 838 1980 871 respicio
1999 838 2031 863 ad
2045 839 2188 872 virginem.

1138 877 1254 904 Martial.
1270 885 1302 909 11,
1315 883 1346 909 57
1374 875 1497 901 Dormiat
1515 879 1541 900 et
1561 879 1666 905 tecum,
1688 875 1753 908 qui,
1775 882 1836 899 cum
1858 877 1941 899 modo
1954 873 2072 900 Caecuba
2088 875 2189 906 mill-ct,

1138 913 1274 940 Conuiuas
1293 912 1376 938 niueo
1395 911 1505 937 torserat
1519 918 1566 936 ore
1580 918 1653 944 puer.
1728 910 1784 935 Cic.
1808 917 1856 943 pro
1870 910 1893 935 S.
1910 910 1985 935 Rosc.
2008 918 2028 935 c.
2044 917 2071 941 3ς
2102 911 2156 943 Qu
2170 910 2188 936 fi

1139 948 1284 983 prodierit,
1303 952 1382 981 atque
1394 946 1461 972 adeo
1475 955 1533 972 cum
1549 944 1681 980 prodierit
1700 944 1774 976 (scio
1787 944 1860 969 enim
1875 945 2045 978 proditurum
2059 945 2125 977 else)
2144 954 2192 972 aii-

1139 984 1202 1010 diet.
1252 983 1301 1009 Hic
1315 985 1447 1017 opponitur
1464 981 1612 1007 conditioni.
1654 980 1783 1008 Interdum
1796 986 1856 1007 vero
1870 980 1995 1007 includere
2016 990 2066 1006 cam
2081 982 2191 1014 videtur,

1138 1026 1167 1046 ut
1182 1020 1263 1046 Plaut.
1280 1019 1358 1045 Poen.
1373 1026 1392 1048 1,
1412 1026 1438 1049 2,
1460 1025 1493 1043 22
1523 1017 1594 1043 Nam
1614 1025 1696 1051 quum
1718 1014 1809 1042 sedulo
1831 1014 1967 1041 munditer
1985 1025 2032 1042 nos
2053 1016 2192 1050 habemus,

1139 1055 1185 1082 vix
1198 1063 1274 1089 aegre
1288 1053 1465 1080 amatorculos
1479 1053 1640 1078 inuenimus.
1714 1052 1810 1084 Nunc,
1827 1056 1922 1084 quum.
1959 1051 2026 1076 Ter.
2035 1052 2115 1078 Andr.
2133 1061 2152 1084 1,
2170 1062 2191 1084 1,

1140 1100 1178 1124 133
1197 1092 1232 1117 Vt
1250 1089 1385 1117 consumat
1403 1098 1489 1121 nunc,
1508 1097 1590 1122 quum
1608 1087 1676 1113 nihil
1691 1087 1778 1113 obsint
1791 1085 1860 1113 doli.
1934 1085 2003 1111 Cum
2032 1100 2076 1106 ——
2103 1095 2193 1114 tamen

1138 1127 1212 1154 Idem
1226 1125 1337 1159 Adelph.
1354 1134 1374 1157 1,
1388 1133 1413 1157 2,
1427 1127 1464 1158 64
1483 1125 1551 1151 Cum
1564 1124 1651 1158 placo,
1670 1122 1795 1149 aduersor
1811 1120 1903 1149 sedulo
1917 1126 1945 1146 et
1958 1120 2089 1152 deterreo,
2104 1128 2193 1150 tamen

1139 1163 1186 1189 vix
1199 1161 1314 1188 humane
1326 1162 1436 1196 patitur.
1633 1157 1653 1195 “j
1673 1166 1689 1184 2
1728 1159 1757 1184 In
1771 1161 1864 1193 primii·
1881 1166 1942 1184 otro
1951 1156 2046 1191 Jiabiici
2057 1157 2123 1192 Jolct
2132 1165 2195 1192 par-

1140 1199 1229 1225 ticulae
1243 1206 1320 1229 cuni,
1339 1198 1444 1224 alterum
1462 1198 1579 1230 temporis
1598 1194 1742 1221 aducrhmm
1755 1200 1810 1219 tum
1827 1204 1832 1219 :
1859 1203 1904 1229 quo
1919 1192 2060 1224 indicatur,
2075 1192 2137 1218 duas
2155 1203 2196 1219 res

1141 1233 1219 1261 eodem
1231 1240 1337 1269 tempore
1344 1232 1407 1268 fieri
1416 1252 1424 1264 ,
1445 1232 1550 1267 quoji't,
1563 1237 1592 1257 vt
1606 1229 1805 1256 conimittionum
1818 1231 2017 1264 copulatinarmn
2033 1237 2100 1254 vices
2109 1228 2198 1264 Jiaebire

1141 1270 1282 1297 videantur.
1341 1270 1452 1305 Iungunt
1463 1275 1542 1293 autem
1555 1268 1595 1293 vel
1605 1269 1720 1301 integras
1733 1267 1926 1298 enwzeiattones‚
1947 1266 1988 1291 orl
2000 1273 2082 1290 earum
2090 1270 2196 1299 partes:

1141 1313 1165 1332 et
1175 1305 1201 1340 fi
1217 1308 1305 1340 prius,
1331 1313 1391 1330 cum
1410 1302 1475 1329 illud
1495 1302 1564 1328 modo
1584 1301 1752 1329 Indicatiuum
1771 1300 1888 1337 adsciscit
1907 1301 1976 1326 modo
1993 1299 2200 1333 Contumeliuum,

1141 1340 1206 1377 quod
1219 1342 1336 1375 exemplis
1349 1339 1524 1365 declarabitur.
1598 1338 1668 1363 Ter.
1681 1336 1785 1363 Phorm.
1803 1345 1822 1369 1,
1837 1346 1865 1369 4,
1880 1345 1909 1362 io
1930 1337 2000 1363 Cum
2016 1335 2085 1362 mihi
2101 1345 2198 1370 pauco,

1142 1377 1319 1410 tumAntipho
1327 1383 1369 1402 me
1375 1373 1507 1400 excruciat
1514 1373 1606 1399 animi.
1615 1374 1714 1399 Eorum
1723 1372 1834 1398 consilio
1842 1379 1867 1398 ct
1876 1373 1995 1406 periculo
2004 1372 2197 1407 quumssepub.

1143 1418 1199 1438 tum
1210 1412 1291 1437 etiam
1299 1411 1378 1436 rebus
1384 1409 1480 1435 nostris
1489 1409 1591 1443 perfrui
1599 1410 1729 1443 poisumus
1737 1409 1843 1443 Cic.pro
1852 1410 2030 1435 Muraencu.
2066 1408 2104 1434 ld.
2115 1407 2198 1440 Offiz,

1141 1455 1183 1477 ¹23
1191 1455 1212 1471 c.
1219 1455 1246 1477 33
1257 1446 1376 1472 Luxuria
1383 1454 1450 1471 vero
1457 1454 1515 1471 cum
1524 1446 1599 1471 omni
1607 1445 1685 1471 aetati
1693 1445 1786 1479 turpis,
1796 1451 1852 1470 tum
1860 1444 1987 1471 senectuti
1996 1443 2143 1470 foediss'una
2151 1443 2201 1474 est}

1141 1481 1180 1509 1d.
1198 1482 1269 1508 Fam.
1280 1490 1303 1512 2,
1311 1490 1335 1513 13
1362 1481 1399 1507 M.
1409 1481 1491 1508 Fabio
1499 1482 1561 1507 viro
1573 1482 1678 1516 optimo
1685 1487 1710 1506 et
1721 1481 1830 1507 homine
1838 1479 1985 1507 doeiiffimo
1993 1479 2198 1506 faniiliarillime

1140 1523 1217 1549 vtor‚
1237 1516 1405 1551 mirificeque
1418 1526 1478 1543 eum
1493 1517 1594 1551 diligo,
1614 1526 1675 1543 cum
1695 1522 1804 1550 propter
1819 1516 1950 1542 summurn
1970 1516 2109 1550 ingenium
2126 1516 2199 1547 eius²

1141 1555 1324 1587 summamque
1341 1552 1491 1580 doeirinain
1500 1573 1509 1585 ,
1528 1562 1588 1579 cum
1608 1556 1717 1586 propter
1730 1551 1887 1585 singularem
1901 1551 2067 1579 modestiam.
2139 1552 2200 1577 Cic.

1141 1589 1213 1615 Fam.
1228 1596 1254 1620 2,
1268 1597 1284 1615 2
1305 1589 1390 1615 Grani
1406 1589 1468 1615 teste
1481 1589 1600 1623 priuatus
1614 1589 1670 1614 sum
1691 1589 1791 1614 amoris
1806 1587 1903 1613 summi
1918 1596 1979 1622 erga
1992 1594 2018 1614 te
2031 1587 2101 1620 mei,
2123 1593 2200 1621 patre

1141 1630 1189 1651 tuo
1203 1624 1342 1651 clarissimo
1354 1624 1432 1655 vim,
1452 1625 1500 1659 qui
1514 1633 1574 1651 cum
1588 1625 1639 1650 suis
1656 1624 1796 1656 laudibus,
1818 1630 1874 1650 tuin
1887 1632 1954 1650 vero
1968 1630 1993 1650 te
2003 1623 2064 1650 filio
2080 1623 2202 1657 superas-

1141 1661 1178 1688 set
1193 1661 1316 1687 omnium
1335 1661 1486 1691 fortunam,
1509 1660 1527 1686 si
1550 1661 1577 1686 ei
1591 1660 1752 1695 contigiss'et‚
1772 1666 1801 1686 vt
1820 1666 1846 1685 te
1866 1665 1926 1685 ante
1939 1659 2061 1692 videret,
2081 1668 2162 1694 quam
2182 1667 2200 1684 e

1141 1697 1198 1723 vita
1216 1696 1371 1723 discederet.
1449 1698 1539 1731 ere
1557 1703 1617 1722 cum
1638 1696 1733 1723 dolore
1753 1694 1896 1727 conficiar,
1917 1701 1973 1721 tuin
1994 1697 2073 1721 etiam
2095 1695 2201 1730 pudore

1141 1733 1215 1759 Idem
1230 1734 1301 1759 Fam.
1317 1741 1357 1766 14,
1368 1740 1390 1765 3.
1463 1734 1493 1759 Et
1508 1732 1539 1758 de
1550 1733 1647 1759 Natur.
1657 1733 1737 1758 Deor.
1754 1739 1764 1757 1
1781 1738 1825 1766 pr.
1846 1732 1913 1757 Cum
1929 1731 2029 1757 multae
2042 1740 2082 1757 res
2097 1733 2124 1757 in
2138 1729 2200 1756 Phi-

1142 1768 1265 1802 losophia
1289 1777 1458 1803 nequaquam
1482 1769 1541 1795 satis
1564 1768 1649 1795 adhuc
1672 1767 1816 1802 explicatae
1840 1767 1899 1793 sunt
1909 1787 1916 1799 ,
1946 1773 2003 1793 tuin
2032 1765 2200 1801 perdifficilis

1142 1805 1224 1831 Brute
1245 1806 1336 1839 (quod
1350 1811 1379 1831 tu
1392 1805 1504 1831 minime
1518 1807 1642 1839 ignoras)
1660 1810 1685 1830 et
1700 1803 1859 1838 perobscura
1872 1802 1992 1837 quaestio
2007 1805 2043 1829 eli
2061 1803 2092 1828 dc
2105 1810 2202 1829 natura

1143 1840 1265 1867 deorum.
1338 1841 1394 1868 Cic.
1411 1841 1480 1867 Fam.
1500 1848 1534 1873 15,
1550 1846 1562 1870 8
1592 1841 1662 1866 Nam
1684 1848 1743 1866 cum
1764 1846 1789 1865 te
1808 1840 1911 1873 semper
1925 1839 2030 1871 amani,
2051 1839 2202 1873 ditemque,

1143 1882 1200 1903 tum
1219 1877 1274 1903 mei
1293 1876 1495 1904 amantillinium
1514 1876 1646 1910 cognoui,
1668 1877 1696 1902 in
1716 1876 1791 1901 omui
1811 1876 1940 1901 varietate
1960 1883 2049 1901 rerum
2068 1883 2205 1907 mearum,

1144 1919 1201 1939 tum
1215 1913 1296 1947 patris
1315 1913 1357 1940 tui
1375 1913 1496 1947 pluribus
1516 1912 1668 1945 beneficiis,
1683 1911 1726 1938 vel
1740 1912 1862 1937 defensus
1883 1910 2002 1937 tristibus
2023 1910 2205 1945 temporibus,

1144 1949 1187 1975 vel
1202 1955 1310 1975 ornatus
1325 1948 1444 1975 secundis
1458 1959 1465 1975 ε
1493 1954 1519 1974 et
1534 1949 1590 1975 sum
1610 1953 1681 1975 totus
1695 1947 1780 1974 vester
1799 1954 1824 1973 et
1843 1947 1891 1973 else
1908 1946 2008 1980 debeo,
2027 1955 2108 1981 quum
2126 1955 2202 1980 prae-

1145 1985 1253 2018 sertim,
1273 1992 1318 2011 etc.
1389 1984 1462 2012 Idem
1478 1993 1526 2019 pro
1541 1985 1630 2011 Domo
1649 1992 1676 2016 32
1703 1983 1752 2009 Sed
1768 1992 1828 2009 cum
1842 1991 1885 2009 me
1898 1989 2039 2017 purgatum
2058 1983 2137 2009 vobis
2153 1982 2204 2008 else

1145 2029 1289 2055 euperem:
1319 2026 1378 2047 tum
1398 2021 1479 2047 etiam
1493 2020 1579 2047 vestra
1594 2020 1623 2046 in
1642 2028 1684 2046 me
1702 2025 1800 2046 attente
1818 2018 1951 2046 audiendo
1974 2018 2122 2052 benignitas
2142 2026 2204 2052 pro-

1145 2057 1220 2083 vexit
1232 2055 1383 2084 orationem
1395 2065 1491 2083 meam.
1564 2056 1630 2083 Plin.
1646 2055 1725 2089 Epist.
1739 2064 1766 2088 2,
1778 2064 1801 2081 11
1821 2055 1944 2088 Princeps
1958 2053 2130 2088 praesidebat,
2145 2058 2204 2080 erat

1146 2094 1219 2119 enini
1232 2093 1341 2119 Consul.
1356 2092 1387 2119 ad
1401 2092 1452 2119 hoc
1467 2093 1607 2120 Ianuarius
1626 2091 1735 2121 mensis,
1755 2099 1815 2116 cum
1836 2096 1954 2123 caetera,
1973 2096 2029 2116 tuin
2044 2090 2205 2116 Senatorum

1145 2129 1299 2162 frequentia
1316 2129 1514 2155 celeberrimus.
1584 2127 1642 2153 Cic.
1656 2126 1749 2152 Diuin.
1763 2126 1792 2152 in
1807 2127 1884 2152 Verr.
1900 2132 1945 2161 pr.
1962 2125 2072 2152 Factum
2087 2125 2142 2158 est,
2162 2125 2207 2152 vti

1145 2172 1206 2190 cum
1220 2165 1351 2190 summum
1365 2165 1394 2189 in
1410 2163 1545 2189 veteribus
1564 2162 1683 2198 patronis
1701 2162 1807 2194 inultis,
1828 2168 1885 2188 tum
1898 2161 2058 2188 nonnullum
2077 2162 2158 2188 etiam
2172 2162 2205 2188 ini

1145 2209 1189 2226 me
1207 2198 1366 2233 praesidium
1378 2199 1431 2225 suis
1450 2198 1566 2225 fortunis
1586 2199 1760 2225 constitutum
1780 2199 1828 2224 else
1850 2197 2055 2224 arbitrarentur.
2129 2197 2208 2224 Idem

1145 2235 1229 2262 Ture.
1243 2243 1270 2267 4,
1282 2235 1314 2264 68
1340 2235 1410 2261 Cum
1423 2234 1514 2261 multis
1529 2235 1558 2261 in
1572 2234 1638 2261 locis
1652 2234 1805 2260 nostrorum
1820 2233 1962 2260 hominum
1976 2233 2100 2268 ingenia,
2119 2233 2208 2260 virtu-

1146 2276 1237 2305 tesque
1254 2270 1333 2296 Brute
1346 2270 1421 2298 soleo
1431 2270 1550 2302 mirari,
1568 2277 1625 2297 tum
1641 2270 1758 2296 maxime
1776 2269 1817 2296 his
1832 2271 1861 2296 in
1876 2269 1984 2302 studiis,
2006 2278 2073 2304 quae
2087 2270 2146 2296 sero
2160 2269 2206 2296 ad-

1146 2306 1258 2333 modum
1277 2306 1393 2340 expetita.
1411 2307 1440 2333 in
1452 2307 1519 2334 hanc
1531 2307 1669 2333 ciuitatem
1691 2315 1705 2332 e
1719 2306 1831 2333 Graecia
1851 2306 2049 2333 transtulerunt.
2122 2304 2207 2338 Quod

1147 2352 1230 2377 quum
1244 2342 1273 2368 in
1288 2342 1349 2369 aliis
1362 2342 1441 2370 rebus
1455 2342 1617 2376 declarauit,
1638 2348 1696 2369 tum
1709 2343 1824 2369 maxime
1836 2343 1864 2367 in
1878 2343 2007 2374 Amyntae
2022 2341 2114 2368 liberis
2129 2348 2209 2368 tuen-

1147 2379 1187 2405 dis
1203 2379 1295 2413 Nepos
1311 2387 1350 2411 11,
1364 2387 1386 2411 3,
1401 2387 1426 2405 2.
1500 2380 1570 2406 Cum
1590 2380 1620 2405 in
1640 2379 1750 2405 cacteris
1769 2377 1942 2410 ciuitatibus,
1965 2383 2020 2404 tuin
2040 2378 2156 2404 maxime
2176 2377 2209 2404 in

1146 2414 1235 2441 nostra
1253 2414 1308 2442 Cic.
1330 2415 1363 2441 de
1383 2415 1453 2443 Clar.
1467 2416 1542 2442 Orat.
1560 2423 1586 2448 9.
1657 2416 1726 2441 Cum
1761 2429 1808 2435 —-
1845 2420 1902 2440 tuin
1921 2413 2062 2448 praecipue
2083 2414 2209 2441 Scribon.

1147 2450 1227 2486 Epist.
1300 2451 1367 2477 Plin.
1381 2453 1442 2478 Pan.
1457 2459 1504 2486 74,
1519 2460 1532 2478 2
1553 2451 1602 2478 Sed
1617 2460 1678 2477 cum
1692 2451 1775 2477 multa
1787 2449 1835 2476 illo
1849 2449 1893 2476 die
1906 2449 1978 2476 dieta
1996 2451 2056 2476 sunt
2074 2450 2209 2484 sapienter

1148 2493 1173 2514 et
1186 2487 1319 2522 grauiter,
1339 2492 1397 2514 tum
1410 2488 1452 2514 vel
1467 2489 1496 2514 in
1509 2488 1604 2523 prim-is
1619 2487 1687 2519 hoc,
1707 2485 1784 2514 crede
1798 2485 1894 2518 nobis,
1914 2487 1991 2513 crede
2006 2485 2065 2512 tibi.
2131 2486 2208 2511 Haec

1149 2533 1210 2550 cum
1223 2524 1324 2550 summe
1338 2524 1463 2557 inutilia,
1484 2530 1542 2550 tum
1557 2523 1643 2550 multo
1656 2522 1801 2557 turpissinia
1814 2522 1873 2549 sunt
1886 2522 1943 2549 Cic.
1957 2521 1988 2548 de
1996 2523 2100 2548 Inuent.
2114 2530 2207 2554 2,134.

1148 2560 1210 2586 Sine
1224 2569 1279 2595 quo
1294 2569 1355 2586 cum
1367 2560 1397 2586 in
1410 2561 1467 2587 vita
1480 2560 1550 2587 nihil
1565 2560 1711 2595 quidquam
1723 2558 1875 2593 egregium,
1890 2564 1947 2584 tum
1964 2564 2034 2584 certe
2047 2558 2114 2590 hoc,
2133 2557 2208 2592 quod

1149 2602 1179 2623 tu
1195 2596 1295 2631 expetis
1304 2616 1313 2628 ,
1332 2604 1413 2622 nemo
1425 2606 1543 2631 vnquam
1555 2596 1704 2630 ali'equetur
1718 2595 1774 2621 Cic.
1790 2594 1822 2620 de
1836 2595 1910 2620 Orat.
1927 2602 1947 2626 1,
1960 2602 2014 2628 134·
2087 2593 2210 2621 Primum.

1149 2632 1218 2665 tibi,
1240 2637 1269 2659 vt
1285 2631 1386 2664 debeo,
1403 2633 1544 2667 gratulor:
1572 2631 1711 2666 laetorque
1733 2639 1793 2657 cuin
1812 2630 1960 2666 praesenti,
1979 2636 2039 2656 tum
2059 2630 2138 2656 etiam
2152 2630 2209 2664 spe*

1150 2674 1207 2695 rata
1226 2673 1272 2695 tua
1290 2668 1436 2702 dignitate,
1461 2675 1507 2694 etc.
1531 2667 1605 2694 Idem
1619 2669 1691 2694 Fam.
1711 2675 1742 2700 2,
1763 2672 1786 2697 8.
1858 2667 1950 2701 Itaque
1970 2674 2052 2701 quum
2072 2674 2146 2692 meus
2163 2674 2208 2692 me

1151 2713 1259 2731 moeror
1274 2705 1449 2739 quotidianus
1463 2704 1559 2730 lacerat
1572 2709 1598 2730 et
1612 2703 1733 2734 conficit,
1754 2708 1812 2729 tum
1825 2711 1892 2729 vero
1904 2703 1968 2729 haec
1981 2701 2072 2729 addita
2086 2710 2148 2728 cura
2159 2701 2210 2728 vix

1151 2739 1221 2766 mihi
1233 2741 1317 2775 vitam
1331 2740 1464 2775 reliquam
1478 2740 1542 2767 facit
1562 2741 1619 2767 Cic.
1636 2740 1689 2766 Ait.
1705 2748 1729 2772 3,
1744 2744 1766 2769 8.
1836 2740 1904 2765 Cum
1919 2739 2004 2773 ipsum
2017 2738 2146 2764 Furnium
2159 2746 2210 2772 pei:

1152 2777 1177 2802 se
1190 2775 1248 2802 vidi
1261 2776 1445 2808 libentissime,
1465 2782 1523 2803 tum
1537 2776 1592 2803 hoc·
1601 2776 1738 2808 libentius,
1756 2774 1828 2810 quod
1842 2774 1920 2801 illuni
1932 2774 2042 2802 audiens
2056 2780 2081 2800 te
2094 2774 2209 2801 videbar

1151 2811 1244 2838 audire
1257 2813 1329 2839 Idem
1345 2813 1416 2840 Fam.
1432 2821 1470 2845 10,
1485 2821 1506 2845 3.
1563 2812 1721 2848 Pleonasmus·
1733 2810 1777 2845 ‘ist'
1794 2810 1863 2837 modo
1878 2820 1927 2837 non
1947 2811 2109 2837 librariorum
2128 2819 2211 2841 error,

1151 2851 1178 2874 in
1192 2848 1234 2874 illo
1248 2849 1381 2876 Columel.
1395 2857 1416 2881 1,
1428 2857 1455 2881 9,
1470 2854 1495 2878 18
1515 2849 1608 2884 Itaque
1623 2849 1736 2883 diligens
1750 2847 1874 2874 dominus
1895 2856 1955 2873 cum
1973 2852 1998 2872 et
2011 2846 2044 2873 ab
2058 2845 2132 2880 ipfis,
2147 2851 2209 2872 tum

1153 2889 1179 2910 et
1205 2883 1332 2911 absolutis
1369 2900 1415 2904 —-
1452 2891 1570 2920 quaerat.
1767 2881 1788 2919 Ἲ
1809 2892 1822 2916 3
1865 2884 1996 2919 Temporis
2009 2882 2150 2908 adusi-bium
2158 2890 2210 2907 ma*-

1151 2923 1180 2946 m'
1196 2919 1243 2953 <sto
1263 2918 1297 2953 est
1316 2924 1344 2947 in
1363 2920 1432 2954 illis,
1455 2922 1548 2954 Quin
1565 2920 1639 2948 ree'oe
1659 2919 1782 2954 nauigari
1802 2919 1918 2954 poterit,
1944 2925 2001 2944 tuin
2020 2917 2130 2952 nauiges
2151 2918 2208 2944 Cic.

1153 2957 1225 2983 Fam.
1245 2958 1273 2983 16
1280 2976 1288 2989 ‚
1306 2965 1332 2983 2.
1405 2957 1495 2990 Quin
1516 2958 1592 2984 venit
1612 2955 1764 2989 calamitas,
1792 2961 1849 2981 tum
1868 2954 2060 2981 detrimentum
2079 2953 2210 2988 accipitur

1153 2992 1227 3019 Idem
1241 3001 1291 3027 pro
1309 2993 1340 3019 L.
1358 2993 1452 3019 Manil.
1472 3002 1493 3020 c.
1508 2995 1533 3019 6.
1589 2992 1657 3020 Add.
1677 2992 1750 3019 Idem
1769 3000 1819 3026 pro
1833 2991 1903 3017 Cael.
1923 3000 1944 3017 c.
1958 2993 2001 3018 26.
2035 2997 2059 3016 et
2081 2990 2152 3016 Fam.
2166 2997 2209 3022 14,

1152 3037 1175 3061 3.
1212 3029 1253 3056 Sic
1271 3032 1299 3054 in
1316 3028 1378 3061 illis,
1391 3027 1508 3056 Difficile
1521 3028 1557 3055 est
1571 3033 1676 3061 tacere,
1697 3036 1781 3063 quum
1794 3027 1891 3053 ‘doleas
1911 3027 1968 3053 Cic.
1982 3035 2030 3061 pro
2044 3025 2116 3052 Sulla
2133 3034 2154 3051 c.
2169 3033 2209 3051 10.

1154 3064 1228 3101 Conf.
1244 3065 1316 3091 Seru.
1338 3065 1372 3091 ad
1382 3066 1447 3091 Aen.
1461 3074 1496 3098 2,
1510 3071 1558 3099 455
1579 3065 1622 3091 υΙνιΙ
1641 3066 1688 3091 alii
1701 3073 1785 3099 quum
1798 3064 1900 3099 legunt,
1922 3064 1970 3089 alii
1977 3063 2050 3088 dum.
2124 3060 2211 3089 Multi

1154 3101 1218 3127 anni
1230 3101 1305 3134 sunt,
1326 3109 1408 3136 quum
1420 3101 1467 3128 ille
1482 3101 1511 3127 in
1524 3109 1586 3129 aere
1598 3109 1660 3127 meo
1674 3100 1710 3127 est
1724 3100 1779 3126 Cic.
1795 3100 1867 3126 Fam.
1882 3107 1917 3132 15,
1928 3107 1967 3133 ¹4·
2039 3097 2210 3124 Triennium

1153 3137 1204 3169 est,
1221 3146 1304 3172 quum
1322 3137 1420 3164 virtuti
1441 3137 1568 3164 nuntium
1588 3136 1711 3164 remisisti
1726 3135 1796 3163 Ibid.
1810 3136 1857 3170 Ep.
1870 3137 1907 3161 16.
1980 3132 2057 3166 Quid.
2068 3132 2210 3165 habuiss'ct‚

1154 3181 1238 3208 quum
1253 3171 1323 3208 perit
1336 3173 1405 3200 Ter.
1412 3174 1479 3200 Eun.
1492 3181 1516 3206 3,
1529 3182 1552 3206 3,
1567 3175 1596 3199 16
1616 3173 1681 3209 quod
1692 3173 1810 3199 Donatus
1823 3178 1869 3206 per
1883 3168 1990 3205 quando
2003 3171 2113 3205 exponit.
2150 3169 2209 3196 Cic.

1153 3210 1209 3236 Att.
1223 3217 1257 3242 13,
1273 3217 1302 3236 12
1326 3209 1468 3236 Biennium
1483 3209 1639 3244 praeteriit,
1657 3217 1717 3235 cum
1730 3208 1778 3234 ille
1796 3204 1944 3235 καλλιπίδης
1961 3205 2058 3232 asliduo
2074 3206 2150 3232 cursu
2165 3213 2209 3231 cii-

1153 3244 1240 3272 bitum
1259 3245 1365 3272 nullum
1383 3245 1544 3281 processerit.
1615 3244 1689 3272 Idem
1702 3245 1780 3271 Verr.
1788 3252 1811 3275 2,
1818 3247 1850 3275 89
1870 3243 1928 3268 Vna
1942 3250 1996 3268 nox
2015 3242 2211 3273 intercesserat,

1155 3289 1214 3308 cum
1228 3281 1275 3308 iste
1289 3281 1459 3309 Dorotheum
1474 3281 1506 3308 sic
1520 3280 1665 3316 diligebat,
1681 3285 1727 3312 vt,
1747 3285 1792 3305 etc.
1865 3277 1921 3304 Diu
1934 3278 1971 3305 est
1989 3286 2049 3304 cum
2062 3277 2151 3304 dentes
2164 3285 2210 3302 cx-

1154 3316 1275 3344 ciderunt
1290 3318 1371 3345 Plaut.
1385 3317 1502 3345 Trucul.
1515 3325 1539 3351 ς,
1552 3326 1586 3350 51.
1658 3315 1790 3344 Nondum
1806 3315 1850 3341 sex
1868 3314 1969 3341 menses
1987 3314 2063 3346 sunt,
2083 3323 2141 3340 cuni
2156 3312 2209 3338 huc

1753 3350 1809 3377 Cic.
1824 3359 1874 3385 pro
1888 3351 2002 3377 Cluent!
2009 3355 2037 3380 28
2064 3359 2085 3375 c.
2100 3358 2117 3381 9
2144 3348 2210 3373 Dies

1155 3389 1275 3416 nonduin
1297 3389 1388 3415 decem
1407 3390 1621 3421 intercesserant,
1647 3396 1708 3414 cuin
1731 3386 1780 3413 ille
1800 3386 1867 3414 alter
1886 3386 1958 3413 filIus
1982 3386 2070 3412 infans
2089 3390 2208 3410 necatur.

1155 3425 1307 3457 Dimidium
1325 3424 1383 3451 fere
1402 3425 1516 3459 spatium
1536 3425 1707 3456 confecerat,
1729 3431 1812 3458 quum
1829 3423 1908 3450 allata
1926 3422 1962 3448 est
1981 3421 2094 3455 suspicio
2114 3420 2210 3454 Nepos
2239 3448 2244 3453 ἱ

1150 3464 1194 3493 18,
1207 3470 1234 3494 9,
1249 3470 1268 3487 1.
1321 3461 1354 3486 Et
1368 3461 1416 3487 tali
1430 3459 1621 3497 transpositione
1639 3460 1714 3486 Curt.
1736 3461 1856 3495 inprimis
1868 3465 1892 3485 ct
1906 3457 2074 3492 Poetacſszepe
2088 3462 2208 3483 utuntur-

1156 3497 1256 3533 Inuerfi’
1273 3494 1407 3523 ordinatur
1420 3498 1500 3529 alias,
1520 3503 1564 3529 vt,
1584 3497 1676 3529 Qium
1695 3496 1853 3522 Artaxerxes
1873 3493 2005 3528 Aegyptio
2026 3491 2084 3526 regi
2105 3490 2210 3518 bellum

1156 3531 1257 3560 inferre
1271 3531 1377 3564 voluit,
1395 3531 1557 3567 Iphicratem
1569 3531 1602 3559 ab
1617 3530 1819 3558 Atheniensibus
1836 3530 1934 3566 petiuit
1953 3528 2046 3555 ducein
2066 3527 2157 3562 Nepos
2174 3535 2211 3559 11,

1156 3575 1182 3601 2,
1194 3577 1221 3602 4.
1257 3567 1305 3595 Sed
1315 3570 1443 3603 pergimus
1457 3570 1565 3605 exempla
1578 3568 1648 3600 dare,
1663 3567 1707 3594 vbi
1719 3576 1780 3593 cum
1794 3565 1827 3600 est
1843 3570 1871 3593 in
1884 3563 1989 3601 aposloli.
2027 3563 2094 3590 Ter.
2109 3563 2208 3590 Heaut.

1156 3611 1180 3637 ς,
1191 3613 1219 3638 4,
1231 3613 1242 3630 1
1266 3603 1293 3629 Si
1306 3612 1425 3638 vnquam
1438 3604 1523 3631 vllum
1539 3604 1593 3631 fuit
1605 3603 1730 3639 Tempus
1745 3609 1844 3635 mater,
1867 3609 1926 3628 cum
1939 3608 1989 3635 ego
2003 3598 2136 3639 voluptati
2154 3598 2209 3626 tibi

1157 3638 1266 3667 flierim.
1344 3639 1401 3666 Cic.
1415 3641 1469 3667 Ate.
1489 3649 1521 3674 2,
1541 3648 1570 3674 19
1601 3640 1717 3667 Eandem
1735 3639 1810 3665 istam
1830 3639 1958 3664 virtutem
1976 3641 2066 3661 vemet
2084 3635 2209 3670 Tempus

1157 3684 1240 3710 quum
1260 3674 1378 3708 grauiter
1398 3684 1494 3710 gemes.
1580 3677 1670 3703 Vnum
1689 3682 1770 3710 atque
1788 3674 1860 3701 idem
1878 3678 1935 3699 erat
1953 3678 2071 3705 tempus,
2096 3679 2157 3697 cum
2176 3671 2209 3697 L.

514 3703 556 3732 εἰς
568 3704 635 3731 (3³²⁰
651 3712 716 3737 ¹0³²
739 3705 808 3731 Cum
821 3705 888 3732 ¹⁰¹*ss
906 3714 999 3733 0¹⁰³OE
1015 3707 1087 3742 iuga·
1098 3721 1146 3741 100
1156 3711 1250 3738 Flacco
1268 3710 1381 3736 Consuli
1394 3717 1484 3745 portas
1504 3717 1560 3738 tota
1580 3711 1639 3738 Asia
1658 3711 1795 3738 claudebat
1815 3709 1887 3736 Idem
1907 3715 1956 3741 pro
1969 3706 2053 3733 Flacc.
2071 3708 2106 3733 61
2132 3715 2153 3733 c.
2167 3715 2210 3738 25-

1156 3747 1237 3782 Saepe
1254 3745 1327 3772 enim
1347 3745 1379 3772 de
1394 3747 1425 3781 L.
1440 3748 1529 3774 Craffo
1545 3747 1679 3775 familiari
1698 3745 1747 3773 illo
1766 3753 1814 3772 tuo
1831 3744 1927 3771 videor
1947 3739 2061 3775 audiffe,
2079 3751 2162 3777 quum
2181 3748 2208 3768 te

1156 3783 1253 3817 togatis
1281 3781 1408 3808 omnibus
1431 3783 1484 3810 fine
1504 3783 1589 3810 dubio
1614 3783 1759 3810 anteferret
1782 3780 1838 3807 Cic.
1859 3779 1892 3805 de
1912 3779 2009 3805 Natur.
2023 3779 2104 3806 Deor.
2126 3787 2153 3810 1,
2171 3781 2208 3809 58.

1157 3817 1179 3856 ᾖ
1200 3828 1219 3852 4
1255 3818 1376 3852 Iungitur
1389 3819 1450 3846 aliis
1462 3828 1553 3856 quoque
1567 3819 1720 3851 Aduerbiis,
1739 3824 1784 3849 vt,
1804 3817 1895 3849 Quum
1908 3815 2026 3849 primum
2041 3814 2125 3840 nostri
2137 3812 2209 3839 arbi—

1157 3854 1206 3882 trii
1219 3854 1268 3880 effe
1280 3853 1416 3887 coepimus
1430 3855 1491 3882 Liu.
1504 3864 1552 3889 23,
1567 3864 1610 3889 29.
1682 3855 1776 3887 Qium
1795 3852 1913 3886 prin-ium
1933 3850 2038 3885 potuit,
2064 3848 2209 3882 imperium

1613 3890 1744 3920 Hercule·
1761 3896 1822 3916 cuin
1843 3887 1961 3923 primurn
1977 3883 2207 3946 pubesceretoffic·

2185 3927 2207 3945 e.

1474 3927 1589 3959 802
