2474 4182
93 149 172 191 1213
188 158 193 162 ³
457 133 495 176 C
581 133 618 175 O
705 132 752 172 N

91 228 171 255 Deor.
186 234 209 259 2,
223 231 273 259 117.
343 223 508 252 continuare
527 222 606 250 noete
623 227 649 249 et
662 221 704 248 die
717 221 769 248 iter
786 221 858 248 Caes.
873 221 936 249 Bell.
951 222 1034 250 Ciuil.
1050 231 1077 255 3,
1097 231 1129 250 11.

89 262 252 292 Continuare
265 260 336 287 diem
351 267 377 287 et
389 260 496 287 ηοᾶειῑι
508 268 573 294 opus
587 256 694 292 aliquod
709 256 780 282 Idem
791 258 854 284 Bell.
864 259 922 284 Ciu.
933 262 1000 291 1‚62.
1036 259 1130 285 Hiems

92 298 259 325 continuatur
277 296 359 323 Ouid.
373 305 404 322 ex
416 297 490 322 Pont.
505 304 526 327 1,
542 303 562 326 1,
575 296 617 319 26.
677 292 793 319 roffeffio
808 294 938 321 retinetur
956 300 981 320 et
994 295 1129 320 continua-

91 339 135 360 tur
148 332 230 359 Afric.
245 332 272 358 in
287 332 304 359 l.
322 332 339 358 ii
354 332 385 358 de
399 339 431 358 eo
456 332 488 357 D.
501 330 532 356 de
547 327 648 363 acquir.
665 327 708 353 vel
727 329 811 355 amitt.
827 330 923 364 posseis-

89 368 141 396 teri
154 367 235 394 Ouid.
249 367 280 393 de
294 369 356 394 Arte
370 368 428 393 Am.
445 375 464 399 1,
476 367 539 399 496.

89 409 208 440 apponere
224 404 319 430 Horat.
333 404 413 429 Serm.
428 410 451 434 2,
463 404 490 434 6,
502 404 554 429 108-
597 434 602 438 -
1072 401 1128 427 Fle-

88 446 130 466 tus
144 439 293 465 continuati
307 439 375 466 Cels.
383 440 411 470 6,
423 440 449 463 6.
524 435 715 461 continuatum
735 442 760 462 et
773 437 953 470 interruptum
963 456 971 467 ,
990 439 1127 462 contraria.

88 474 238 507 Laudatur,
257 484 305 500 non
323 480 436 500 accurate
456 469 550 497 Cic.de
558 471 669 503 Orat.3,
687 479 743 506 147.
814 471 922 505 Singula
937 471 1035 503 verba,
1058 472 1128 498 Con-

87 510 197 537 tinuatis
209 517 235 537 et
249 509 396 536 coniunctis
409 512 561 543 opponuntur
575 506 646 532 Idem
660 506 692 533 de
705 508 778 534 Orat.
786 515 809 540 3,
823 516 869 540 149
889 516 910 532 c.
920 514 959 540 37.
995 506 1064 532 Add.
1082 509 1128 532 166

88 554 110 572 c.
146 554 165 572 1.

88 555 186 609 mcii-ib.
200 589 243 615 45,
259 588 280 608 ιι
305 577 465 607 Siffionibus
479 576 600 604 Sitonum
616 586 677 613 gens
692 579 869 605 continuatur.

126 621 413 645 CONTINVANS‚
445 612 510 639 vnde

123 657 141 679 c
151 659 170 679 o
180 658 200 677 N
209 658 230 679 T
239 658 249 679 1
259 658 280 677 N
290 658 311 678 v
319 657 341 677 Λ
350 655 370 676 Ν
378 655 426 674 TE
434 655 462 675 R.
499 648 566 675 Adu.
601 649 738 684 Augustin.
753 650 826 675 Retr.
843 658 862 680 ι,
870 656 914 682 24.

123 693 198 715 coN
209 695 230 714 T
241 695 250 714 i
262 690 441 716 NVATVS,
462 693 492 717 a,
517 693 571 711 um.
609 686 662 712 Iter
681 686 752 712 Caes.
767 685 829 711 Bell.
845 686 875 710 C.
889 693 911 716 3,
926 685 965 715 36·

86 723 161 750 Curt.
176 730 202 758 7,
218 731 248 754 11,
262 729 297 756 17.
352 721 513 747 Continuata
527 721 587 747 loco
600 721 651 747 tria
664 720 746 748 sidera
759 719 841 747 Ouid.
850 720 914 746 Fast.
924 728 947 750 2,
957 727 1013 752 243.

85 758 268 786 tinuatiffimae
280 764 358 783 curae
377 756 465 782 Sidon.
480 757 525 791 Ep.
541 760 565 788 8,
578 764 600 787 3.

121 801 167 822 co
176 801 198 820 N
208 801 245 820 'ri
254 799 275 818 N
284 799 303 818 v
315 793 334 817 Ᾱ
342 797 362 817 T
372 799 388 818 E
398 811 404 818 .
439 791 506 818 Adu.
543 792 631 818 Festus
644 791 673 818 in
688 790 793 825 striges.
831 791 933 818 Fronto
945 789 1013 824 apud
1027 789 1126 824 Persi-h.

80 835 108 867 p.
121 839 188 865 ⁶¹95,
201 828 225 865 [ζ
238 830 265 854 in
279 827 356 854 Auci.
370 828 400 853 L.
414 827 444 853 L.
461 837 486 862 p.
500 836 565 859 1330.

121 871 139 893 c
151 871 228 892 οΝΤ
237 870 277 890 1N
286 871 306 890 v
317 863 339 889 Ᾰ
349 869 371 890 Τ
382 871 391 889 1
402 869 426 889 Μ
436 882 443 889 .
478 863 559 890 AEiud
570 862 637 889 Adii.
673 861 809 896 Augustin.
829 861 875 896 Ep.
890 869 942 893 112,
960 868 1003 886 20.
1038 871 1125 893 συνημ-

82 902 164 935 μίνωε,
179 900 297 932 συνεχῶς,
316 900 375 925 Vet.
391 898 471 925 Gloffi
997 931 1002 936 ι

118 942 136 963 C
147 942 166 962 Ο
177 940 200 962 Ν
212 941 234 961 T
248 943 255 961 1
269 942 289 961 N
301 942 321 961 V
330 942 350 961 A
360 941 382 961 Τ
393 942 400 961 1
413 940 432 960 0
443 954 451 966 ,
476 934 543 960 (mis.
581 933 601 959 f.
637 931 783 966 [oure'xuon
801 931 935 966 συνάφεια]
971 932 1027 958 Cic.
1045 930 1122 957 Acad-

83 980 104 1005 1,
117 979 151 1004 29
174 971 244 997 Intra
258 970 327 1005 quasi
344 970 450 996 fatalem
462 976 487 996 et
500 968 691 995 immutabilem
704 968 933 994 continuationem
946 967 1048 994 ordinis
1062 968 1125 992 sem-

79 1007 186 1043 piterni.
258 1007 377 1033 Naturae
398 1005 579 1036 continuatio,
603 1004 827 1038 coniunctioque,
847 1012 928 1038 quam
941 1010 1041 1032 gvocant
1061 1013 1123 1042 etsu-

79 1041 186 1069 παέθειαν
198 1041 271 1068 Idem
285 1042 317 1068 de
330 1042 393 1068 Diu.
406 1049 431 1074 2,
446 1050 495 1074 119.
566 1042 596 1067 Et
610 1040 642 1066 dc
656 1040 752 1066 Natur.
767 1041 847 1066 Deor.
863 1047 883 1072 1,
895 1047 912 1072 9
932 1038 973 1065 Est
992 1037 1124 1064 mirabilis

995 331 1073 356 Latus
1093 330 1129 355 la-

609 398 720 426 Somnos
737 400 816 427 Ouid.
829 400 908 434 Epist.
924 409 959 433 15,
971 410 1014 434 90.

1037 681 1127 709 Labor

607 363 691 397 Dapes
708 364 880 397 continuare,
898 365 994 392 Ordine
1012 369 1128 392 continuo
1155 369 1168 395 ς

237 544 408 575 Continuari,
423 549 471 577 pro
486 541 631 577 Contiguum
644 541 814 578 etfinitimum
831 541 874 576 effe
886 541 978 569 Tacit.
991 541 1023 568 de
1036 542 1126 568 Germ.
1145 549 1174 566 10

1058 719 1127 745 Con·
1146 728 1172 754 15

1567 138 1839 181 CON

1192 220 1268 262 adire
1288 221 1449 251 Corinthum
1470 225 1566 253 Horat.
1582 227 1660 262 Epist.
1680 238 1706 262 1,
1727 236 1770 264 17,
1789 231 1828 262 36.

1193 258 1262 284 nasci
1300 260 1357 286 Sen.
1383 260 1414 286 ad
1436 261 1517 287 Marc.
1546 270 1579 294 15.

1193 293 1267 320 Pont.
1286 303 1312 327 2,
1335 305 1356 328 1,
1377 303 1403 329 7.

2151 161 2236 203 1214

1742 266 1746 270 ι
1866 265 1871 270 -
1900 230 1979 260 Nulli
1998 235 2109 272 contigit
2127 237 2236 274 impune

1662 265 1765 291 Gaudia
1801 271 1958 301 contingunt
1988 271 2055 297 mihi
2091 274 2172 300 Ouid.
2203 283 2236 302 ex

1254 329 1260 331 .
1475 297 1571 323 Honor
1588 299 1699 334 contigit
1719 300 1769 326 tibi
1789 310 1820 327 ex
1842 303 1939 329 merito
1959 304 2039 330 Ouid.
2059 314 2090 332 ex
2111 309 2194 336 Ponto
2207 318 2224 342 4

1194 336 1219 362 7,
1235 331 1271 354 16.
1346 329 1458 357 Abunde
1476 333 1605 371 contingit
1626 336 1663 360 ιἨι
1683 335 1822 369 valetudo,
1841 338 1923 368 fama,
1944 339 2028 372 gratia
2050 341 2143 368 Horat.
2156 329 2238 378 Epistf

1196 372 1217 396 1,
1231 374 1259 397 4,
1272 373 1309 390 10.
1381 366 1473 406 Plan-c..
1483 367 1514 405 ad
1529 367 1585 393 Cic.
1597 369 1667 395 Fam.
1684 379 1727 403 10,
1741 379 1775 404 24
1801 374 1879 405 ond
1895 374 1921 399 Si
1934 374 2002 400 inihi
2015 375 2071 401 vita
2085 378 2237 412 contigerit,

1194 407 1285 439 omnes
1297 406 1383 440 gratas
1395 408 1542 434 amicitiaS,
1563 410 1640 437 atque
1653 406 1733 431 ctiam
1745 408 1799 440 pias
1814 409 2040 444 propinquitates,
2053 410 2082 436 in
2096 412 2135 437 tui
2149 413 2237 441 obser-

1194 442 1301 467 vantia,
1327 437 1513 476 indulgentia,
1529 437 1672 466 assiduitate
1686 441 1798 467 vincam.
1845 444 1902 470 Sen.
1916 446 1961 479 Ep.
1976 454 2016 472 110
2043 446 2073 471 Et
2087 446 2150 472 scies
2164 449 2238 481 plura

1195 471 1263 496 mala
1280 478 1434 506 contingere
1450 472 1546 505 nobis,
1569 482 1647 507 quam
1664 477 1796 508 accidere,
1817 480 1834 504 i.
1854 478 1913 505 bono
1932 479 2013 513 nostro
2032 484 2128 508 euenire
2142 486 2239 517 potius,

1193 514 1267 541 quam
1280 508 1351 533 malo.
1367 543 1371 547 .
1388 509 1456 534 Nam
1467 507 1555 539 addit,
1569 510 1682 542 Qioties
1695 512 1765 537 enim
1779 513 1915 541 felicitatis
1929 517 2003 543 causa
2015 522 2041 543 et
2054 517 2163 544 initium
2176 518 2238 550 fuit,

1194 540 1266 576 quod
1281 541 1413 582 calamitas
1426 543 1572 570 vocabatur
1588 546 1596 570 Ξ
1667 547 1783 573 Martial.
1799 557 1842 580 12,
1857 552 1873 575 6
1899 551 2019 586 Contigit
2033 553 2165 579 Ausoniae
2179 562 2238 587 pro-

1193 585 1284 603 cerum
1297 578 1444 604 mitissimus
1456 579 1530 605 aulae
1546 579 1647 606 Nerua.
1718 583 1804 609 Valer.
1819 585 1889 610 Max.
1903 593 1926 620 5,
1940 596 1969 620 4,
1982 595 1998 613 2
2018 595 2084 614 extr.
2109 589 2179 615 Nam
2194 589 2237 615 etti

1193 612 1312 638 maximo
1327 613 1379 638 tibi
1392 613 1480 652 postea
1495 620 1521 640 et
1536 615 1592 641 ciui
1611 621 1635 642 et
1649 615 1710 642 duci
1725 617 1836 644 euadere
1855 622 1974 656 contigit.
2046 623 2128 650 Ouid.
2144 625 2202 650 Am.
2216 633 2238 656 3,

1193 656 1265 689 7,.43
1290 648 1361 674 Haec
1375 648 1445 674 inihi
1457 650 1619 684 contigerat,
1636 651 1679 677 sed
1693 652 1735 678 vir
1749 662 1805 679 non
1824 656 1936 690 contigit
1950 657 2006 691 ipsi.
2061 661 2167 686 Pulchre
2181 669 2238 696 ergo

1193 684 1260 724 Plin.
1278 684 1337 710 Pan.
1351 692 1393 724 24,
1407 692 1419 715 3
1446 685 1571 712 Ambulas
1584 687 1655 713 inter
1667 696 1732 720 nos,
1752 697 1806 714 non
1827 691 1897 724 quasi
1919 693 2073 727 contingas,
2092 701 2117 721 et
2133 696 2238 730 copiam

1193 725 1234 746 tui
1250 728 1305 745 non
1319 725 1347 746 vt
1360 725 1474 753 imputes
1489 720 1562 747 facis.
1633 723 1714 757 Quod
1729 724 1774 750 vix
1788 725 1892 758 euenit,
1913 727 2056 762 Contigiss'e
2068 729 2184 763 dicitur,
2199 738 2237 757 ait

1193 755 1312 781 Donatus
1324 754 1357 781 ad
1368 755 1437 782 Ter.
1451 754 1534 795 Andr·
1547 765 1576 789 4,
1591 765 1612 788 2,
1626 767 1650 790 13
1677 760 1751 785 Hanc
1771 760 1840 786 mihi
1854 762 1971 795 expetiui
1985 774 1990 789 z
2016 765 2129 800 contigit
2143 777 2148 791 ε
2175 776 2236 792 con·

1192 791 1304 831 veniunt
1317 799 1414 817 mores.
1486 790 1544 831 Cic.
1558 791 1670 827 Philipp.
1685 802 1706 827 5,
1720 804 1755 828 49
1775 796 1884 822 Vtinam
1899 798 1929 823 C.
1944 799 2063 831 Caesari,
2081 802 2149 834 patri
2165 802 2238 833 dico,

1193 827 1340 861 contigisset
1353 825 1529 866 adolescenti,
1548 832 1577 853 vt
1591 828 1650 853 ess'et
1663 829 1769 856 Senatui
1789 831 1938 859 catiss'nnus.
2011 835 2084 871 Conf.
2101 838 2238 863 Burmann.

1191 862 1226 888 ad
1238 862 1348 896 Qun&
1363 862 1436 888 Deci.
1450 869 1489 893 10,
1501 869 1518 888 2
1546 871 1572 896 p.
1585 870 1637 895 213.
1674 864 1708 889 It.
1723 867 1790 891 Nou.
1803 867 1893 893 Comm.
1910 868 1943 894 ad
1955 868 2048 896 Phaed.
2065 879 2093 904 4,
2109 880 2147 903 23,
2160 882 2184 905 9.
2212 879 2237 898 et

1190 898 1225 923 od
1246 898 1327 924 Ouid.
1347 900 1406 924 Am.
1427 905 1496 937 3,.7,
1509 905 1550 938 43..
1631 932 1638 939 .
1709 933 1716 938 ·
1747 898 1806 939 Ἳ.4
1843 903 1931 937 Paffiu.
1968 905 2133 940 Liu.40,14
2155 908 2235 934 Recte

1189 942 1222 960 an
1235 941 1373 968 perperam
1386 934 1516 965 fecerint,
1537 931 1584 967 ipsi
1599 933 1639 959 sui
1653 933 1717 960 facti
1731 942 1862 962 rationem
1875 939 1985 966 reddent
1997 951 2002 966 :
2025 950 2110 968 meam
2125 945 2237 974 causam,

1189 977 1257 1003 quae
1273 969 1353 995 Nihil
1366 978 1398 995 eo
1413 968 1485 994 facto
1501 970 1682 1003 contingitur,
1698 978 1731 995 ne
1743 971 1889 997 miscueris.
1960 975 2020 1009 le.
2036 977 2063 1002 in
2082 977 2099 1003 l.
2116 987 2124 1004 1
2149 977 2172 1015 §.
2186 979 2236 1006 hoc

1189 1011 1277 1030 autem
1292 1004 1550 1031 Senatusconsultum
1576 1005 1608 1030 D.
1623 1005 1654 1031 de
1667 1006 1749 1032 seruis
1770 1006 1912 1041 fugitiuis,
1932 1009 1963 1034 Et
1981 1018 2009 1036 vt
2023 1012 2059 1043 ii,
2080 1014 2147 1047 apud
2169 1023 2236 1048 quos

1189 1040 1358 1073 delitescant,
1377 1040 1537 1075 puniantur,
1558 1040 1576 1066 si
1591 1041 1714 1067 Crimine
1728 1042 1924 1077 contingantur.
1996 1045 2191 1080 Tryplioninus
2207 1050 2236 1076 in

80 1078 208 1113 quaedam
228 1077 394 1105 continuatio
418 1077 548 1111 seriesque
567 1085 675 1108 rerum,
703 1081 731 1102 vt
752 1075 804 1102 alia
824 1083 855 1101 ex
876 1075 928 1101 alia
949 1082 1066 1104 annexa,
1097 1078 1123 1098 et
1138 1081 1168 1106 23
1189 1076 1207 1102 l.
1222 1076 1293 1102 bona
1306 1075 1370 1102 fides
1398 1074 1422 1112 §.
1441 1075 1554 1102 incurrit
1581 1076 1613 1102 D.
1634 1075 1741 1111 deposit.
1762 1077 1789 1104 Si
1808 1078 1889 1104 totius
1912 1078 1953 1105 rei
1974 1082 2149 1116 aequitatem,
2170 1094 2237 1118 quae

78 1123 171 1141 omnes
185 1114 255 1140 inter
268 1115 292 1140 se
303 1119 377 1148 aptae
390 1113 580 1147 colligataeque
593 1111 741 1138 videantur.
818 1110 970 1138 Verborum
988 1109 1124 1135 continua-

78 1150 118 1177 tio
132 1150 188 1176 Cic.
203 1150 235 1176 dc
248 1151 322 1176 Orat.
336 1158 361 1181 2,
375 1151 429 1175 261.
502 1147 654 1174 Verborum
671 1147 751 1174 nimis
769 1147 847 1181 longa
866 1145 1032 1172 continuatio
1050 1144 1123 1170 Idem

79 1185 112 1213 de
125 1186 199 1212 Orat.
214 1194 236 1218 3,
250 1187 286 1218 46
311 1195 333 1211 c.
349 1193 380 1217 13.
435 1183 566 1210 Imbriuin
581 1183 747 1210 continuatio
765 1184 837 1210 Caes.
852 1181 915 1208 Bell.
924 1181 992 1207 Gall.
1007 1189 1029 1212 3,
1042 1188 1085 1212 29.

115 1227 132 1247 C
141 1228 160 1248 0
169 1228 190 1247 N
201 1229 222 1248 T
231 1229 240 1248 1
250 1229 270 1247 N
282 1228 302 1247 v
312 1227 345 1247 0.
382 1219 450 1246 Adu.
486 1221 499 1253 [
511 1220 669 1255 παρκχρῆμσι
682 1220 695 1254 ]
738 1222 757 1245 ι’.
780 1215 914 1280 Ουιέίςίῖίηι
927 1236 936 1249 ,
965 1217 1006 1242 vel
1018 1214 1120 1248 statim.

79 1257 176 1292 Virgil.
191 1257 287 1292 Georg.
302 1267 329 1291 4,
342 1261 389 1289 548
412 1256 550 1282 Continuo
564 1256 655 1282 matris
670 1260 806 1289 praecepta
831 1252 922 1293 ace'ffit.
1008 1288 1024 1292 ..
1092 1288 1099 1293 ³

80 1302 118 1326 14,
132 1301 143 1325 3
165 1293 200 1319 Vt
211 1293 242 1319 ad
255 1301 297 1319 mc
310 1292 437 1318 continuo
452 1292 530 1318 initia
541 1300 631 1318 reruni
645 1297 670 1317 et
683 1291 816 1317 rationem
829 1294 911 1314 totius
923 1294 1032 1329 11050111.
1040 1289 1121 1322 posles

77 1328 201 1355 scribere.
271 1329 408 1355 Continuo
421 1336 487 1353 exeo
501 1327 570 1353 Ter.
585 1327 651 1353 Eun.
665 1336 688 1359 3,
702 1335 724 1360 2,
739 1334 779 1359 50.
849 1325 986 1364 Continuo
1006 1323 1048 1350 hic
1063 1332 1121 1356 ero,

78 1365 122 1391 vel
136 1364 216 1391 adero
234 1363 306 1390 Ideni
320 1365 415 1391 Heaut.
430 1371 452 1395 3,
473 1372 500 1395 1,
520 1365 563 1395 96.
633 1362 711 1389 Hand
729 1369 820 1391 mora,
844 1365 975 1386 continuo
994 1359 1120 1394 perfectis

78 1400 203 1435 sanguine
222 1400 307 1433 votis,
329 1404 376 1426 etc.
404 1399 502 1433 Virgil.
522 1399 585 1424 Aen.
606 1406 632 1429 3,
652 1402 708 1430 548.
768 1395 835 1436 Adai.
856 1395 929 1421 Idem
944 1396 1008 1421 Aen.
1025 1404 1050 1427 3,
1065 1397 1119 1427 196.

79 1437 176 1470 Georg.
190 1444 215 1468 1,
233 1438 275 1462 60.
322 1436 489 1462 Pleonasmus
507 1434 557 1465 est,
583 1439 612 1459 vt
629 1438 734 1458 annotat
754 1431 870 1457 Seruius.

77 1471 145 1506 apud
159 1471 293 1498 Aufidium
319 1472 351 1498 D.
365 1471 397 1497 de
412 1476 466 1505 opt.
479 1471 529 1503 leg.
552 1469 625 1502 Qiin
644 1468 724 1494 etiam
743 1475 784 1493 res
804 1466 933 1493 continuo
952 1467 1009 1493 eius
1024 1466 1068 1498 fit,
1089 1465 1119 1492 fi-

78 1508 134 1534 mul
148 1516 177 1534 ac
192 1507 289 1534 dixerit
304 1515 360 1533 eam
374 1508 397 1533 se
411 1507 521 1532 sumere.
578 1505 707 1539 Eleganter
720 1502 869 1535 adhibetur,
883 1506 911 1528 in
931 1502 1044 1539 negantia
1063 1511 1119 1528 con-

68 1542 199 1578 sequentia
211 1543 236 1579 s
249 1546 409 1573 connexione,
426 1550 451 1566 υ.
463 1550 489 1576 g.
508 1540 564 1566 Cic.
574 1539 605 1565 de
616 1541 692 1566 Orat.
705 1547 731 1571 2,
745 1547 791 1571 199
811 1547 832 1564 c.
845 1543 879 1571 48
900 1538 965 1564 Non
978 1538 1119 1570 continuo,

75 1577 94 1604 si
107 1578 166 1612 quis
181 1585 268 1605 motus
285 1577 377 1612 populi
391 1575 474 1602 faetus
489 1576 565 1607 esset,
592 1574 620 1601 id
657 1589 701 1594 --
738 1574 766 1600 in
784 1574 877 1600 fraude
892 1574 998 1608 capitali
1012 1574 1060 1600 effe
1074 1583 1119 1608 po-

73 1613 199 1640 nendum.

73 1657 133 1683 gem
146 1648 299 1675 ficariorum
316 1647 432 1678 contuli,
451 1647 509 1673 sum
521 1646 635 1673 sicarius.
691 1646 747 1672 Cic.
760 1645 792 1672 de
807 1646 865 1672 Fin.
880 1656 908 1680 4,
922 1653 953 1680 75
973 1656 994 1672 c.
1010 1653 1044 1679 27
1067 1646 1118 1671 Hic

70 1683 197 1718 ambiguo
210 1683 338 1710 ludimur.
375 1683 466 1717 Aeque
480 1682 552 1708 enim
564 1682 697 1716 contingit
715 1681 841 1708 omnibus
854 1681 967 1713 fidibus,
985 1688 1013 1707 vt
1026 1682 1117 1707 incon-

69 1723 158 1746 tentae
171 1719 220 1746 fint
235 1730 240 1746 :
266 1719 333 1746 illud
347 1728 402 1746 non
415 1718 557 1749 contii-ium
572 1724 601 1745 vt
622 1726 705 1752 aeque
724 1718 900 1744 incontentae.
956 1718 1021 1743 Non
1034 1717 1117 1743 conti-

69 1763 125 1782 nuo
145 1755 292 1790 contingit,
328 1758 347 1782 i.
361 1764 411 1783 non
429 1763 493 1781 nexu
513 1754 615 1790 quodam
635 1760 680 1780 aut
697 1754 866 1790 consequentia
879 1772 888 1786 ,
916 1759 940 1779 et
959 1752 1117 1778 cohaerentia

64 1798 334 1858 παΐέἓιΙΞΤῐΝνΕ,
363 1832 412 1861 pro
433 1824 543 1852 Affidue.
578 1823 749 1851 stillicidium
768 1823 888 1850 stillatim
907 1823 991 1856 cadit,
1017 1823 1115 1850 flumen

70 1863 130 1889 fluit
142 1862 268 1889 continue
280 1862 366 1888 Varro
374 1862 402 1887 L.
411 1862 442 1888 L.
455 1868 483 1895 4,
498 1869 519 1894 5.
592 1860 723 1894 Qiinffil.
739 1869 761 1893 2,
774 1869 817 1890 20,
831 1868 844 1892 3
865 1860 921 1894 Qii
932 1868 1011 1894 grana
1025 1859 1117 1886 ciceris

69 1907 103 1925 ex
117 1898 201 1933 spatio
216 1897 326 1924 distante
338 1897 410 1924 missa
423 1897 452 1924 in
465 1906 541 1924 acum
554 1897 680 1923 continue
692 1901 718 1923 et
729 1896 782 1923 fine
794 1895 962 1922 frustratione
976 1895 1115 1922 inserebat.

69 1935 114 1962 ΑΙ.
127 1934 272 1961 Continuo.
344 1933 418 1960 Idem
430 1942 457 1967 9,
472 1942 492 1966 1,
506 1941 529 1959 ιι
556 1933 626 1959 Cum
645 1933 674 1958 in
686 1931 790 1958 eosdem
810 1933 895 1964 casim,
914 1938 958 1958 aut
977 1938 1113 1966 tempora,

1180 1218 1321 1254 fignificat.

978 1252 1035 1279 Cic.
1050 1253 1120 1278 Fam.
1136 1262 1167 1285 30
1187 1255 1281 1287 illitis,
1307 1257 1326 1280 i.
1339 1253 1470 1291 spargere.

940 1431 1031 1457 Labeo
1051 1431 1080 1456 in
1101 1430 1119 1456 l.
1137 1442 1166 1468 ὃς

1183 1754 1268 1781 Docet
1282 1756 1354 1782 enim
1370 1755 1441 1781 ratio
1454 1755 1707 1782 Mathematicorum
1716 1777 1725 1789 ,
1745 1764 1792 1784 etc.

1131 1797 1165 1824 45
1183 1795 1273 1822 ratur,
1293 1797 1392 1817 terram
1406 1799 1488 1825 paene
1500 1791 1664 1826 contingens.

1182 1834 1209 1858 4²
1222 1831 1282 1858 408·

1182 1861 1280 1887 Catull.
1294 1864 1347 1897 67,
1364 1865 1404 1896 65.

1181 1897 1265 1924 Pretii
1279 1904 1368 1924 autem
1382 1903 1483 1933 partem
1501 1898 1552 1925 fibi
1571 1900 1767 1934 contingentem
1782 1901 1884 1927 socium
1903 1902 2029 1937 consequi
2048 1907 2163 1936 oportet.
2185 1900 2232 1936 [τό

1182 1930 1318 1960 {medam
1329 1935 1419 1970 μέρος]

1189 1119 1220 1137 ex
1234 1111 1360 1138 omnibus
1375 1111 1511 1145 personis,
1525 1120 1592 1147 quae
1605 1112 1726 1147 Negotio
1738 1113 1788 1140 isto
1803 1114 2002 1148 continguntur,
2023 1115 2155 1151 impletur,
2168 1121 2236 1147 mihi

1188 1147 1322 1173 reddenda
1334 1148 1407 1179 sunt,
1428 1154 1473 1173 etc.
1672 1145 1693 1185 ff
1715 1155 1727 1181 5
1764 1150 1916 1184 Contingo,
1935 1150 2060 1177 interdum
2076 1155 2114 1178 ita
2124 1160 2236 1188 ponitur,

1187 1182 1254 1218 quast
1268 1182 1323 1216 effic
1338 1192 1367 1209 ex
1379 1183 1475 1216 Tingo
1495 1182 1667 1218 compofitum,
1687 1191 1752 1210 certe
1772 1186 1835 1212 idem
1851 1186 1927 1222 fere,
1953 1186 2018 1222 quod
2022 1186 2128 1223 Jimplcx
2143 1189 2172 1215 T
2176 1190 2237 1223 ingo

1394 1218 1527 1244 Columel.
1542 1228 1569 1251 9,
1584 1223 1606 1250 8,
1621 1223 1634 1249 8
1655 1220 1818 1255 Continget-e
1832 1230 1910 1256 apum
1924 1227 1997 1257 terga
2008 1222 2115 1250 festucis
2129 1224 2239 1255 rubrica

1543 1255 1717 1289 Contingitur
1737 1257 1788 1283 sale
1804 1259 1890 1284 caseus
1910 1257 1984 1284 Idem
1998 1265 2025 1293 7,
2043 1264 2067 1291 8,
2086 1270 2113 1294 4.
2167 1260 2236 1286 Add.

1188 1291 1286 1325 Virgil.
1301 1291 1399 1324 Georg.
1413 1299 1437 1322 3,
1450 1298 1500 1323 403
1525 1290 1590 1316 vnde
1607 1290 1706 1325 hausistb
1724 1293 1826 1320 videtur
1841 1294 1979 1320 Columella.
2052 1295 2124 1322 Idem
2139 1296 2236 1331 Georg.

1186 1335 1214 1359 3,
1233 1332 1286 1360 448
1313 1326 1479 1361 Contingunt
1501 1334 1597 1360 corpus
1617 1335 1731 1353 amurca.
1804 1328 1887 1356 Scrib.
1909 1336 1959 1364 237
1982 1330 2047 1356 Inde
2068 1332 2236 1368 (unguento)

1186 1362 1299 1389 linteosa
1315 1368 1404 1396 carpta
1420 1361 1620 1396 continguntur.
1674 1363 1748 1399 Saepe
1764 1367 1803 1391 ita
1822 1365 1971 1391 Lucretius.
2013 1367 2043 1392 V.
2057 1376 2083 1402 g.
2105 1375 2124 1400 1,
2140 1369 2190 1400 936

1343 1397 1393 1423 Sed
1412 1398 1497 1424 veluti
1517 1397 1606 1432 pueris
1625 1397 1755 1425 absinthia
1778 1406 1845 1427 tetra
1866 1400 2001 1427 medentes

1342 1434 1435 1466 Quom
1454 1433 1515 1460 dare
1535 1439 1680 1465 conantur,
1700 1436 1772 1470 prius
1790 1445 1849 1462 oras
1864 1437 1960 1470 pocula
1979 1437 2080 1464 circum

1342 1469 1508 1503 Contingunt
1528 1469 1616 1495 mellis
1636 1469 1708 1497 dulci
1724 1472 1849 1506 flauoque
1871 1472 1986 1506 liquore.

1185 1501 1270 1529 deinde
1283 1504 1411 1538 applicat,
1431 1514 1460 1530 ac
1474 1505 1537 1530 dicit
1545 1523 1553 1536 ,
1565 1506 1594 1540 se
1609 1505 1708 1538 voluzffe
1721 1507 1854 1533 rationem
1865 1509 2023 1542 Epicuream,
2043 1508 2113 1542 quali
2127 1509 2235 1536 Musaeo

1185 1538 1257 1565 dulci
1272 1540 1427 1574 contingere
1441 1539 1528 1566 melle.
1566 1541 1666 1574 Repetit
1679 1550 1707 1573 4,
1723 1550 1746 1569 ιι
1767 1543 1804 1577 sq.
1842 1543 1873 1569 Et
1885 1543 1992 1579 metaph.
2007 1552 2033 1575 2,
2046 1551 2097 1578 754
2121 1545 2235 1571 Proinde

1186 1574 1276 1601 colore
1289 1583 1353 1602 caue
1367 1576 1504 1610 contingas
1516 1575 1615 1601 semina
1627 1585 1734 1608 rerum,
1768 1578 1812 1605 Ne
1831 1577 1884 1605 tibi
1905 1587 1945 1606 res
1967 1578 2076 1606 redeant
2098 1580 2129 1606 ad
2149 1580 2235 1607 nilum

269 1614 340 1639 Idem
354 1620 403 1647 pro
417 1612 492 1638 Rosc.
506 1612 595 1637 Amer.
615 1616 637 1636 c'.
653 1619 678 1642 33
706 1610 772 1637 Non
790 1610 919 1636 continuo
933 1610 951 1636 si
965 1619 1007 1636 ine
1022 1611 1049 1636 in
1063 1618 1118 1644 gre·
1128 1623 1165 1648 40
1184 1610 1304 1637 funditus
1321 1621 1422 1638 omnes.
1456 1615 1475 1638 i.
1494 1621 1565 1647 quum
1585 1615 1668 1638 omnia
1688 1614 1798 1640 colorata
1810 1613 1866 1648 Jint
1886 1615 2036 1647 mutabilia,
2061 1625 2119 1642 caue
2139 1616 2236 1642 dixeris

1177 1649 1310 1682 principia
1331 1657 1413 1674 rerum
1435 1646 1478 1681 ‘Zffi'
1496 1648 1615 1674 colorata.

1182 1682 1316 1709 contineta
1324 1683 1424 1710 colore.
1456 1683 1504 1711 Sed
1510 1683 1622 1710 Lambin.
1631 1692 1660 1709 ex
1667 1685 1742 1711 MSS.
1752 1685 1889 1718 Contacta,
1897 1686 2019 1721 vbiplura
2028 1696 2083 1713 mox
2089 1687 2234 1714 videbimus.

1678 1649 1806 1684 Adfertur
1819 1653 1892 1676 etiam
1907 1650 2011 1677 Lucret.
2026 1659 2057 1683 2,
2072 1658 2125 1685 742
2150 1651 2235 1679 Nullo

1220 1724 1237 1745 c
1246 1724 1265 1745 ο
1275 1726 1295 1744 N
1305 1727 1327 1746 T
1337 1727 1348 1746 1
1356 1727 1378 1746 N
1387 1726 1408 1746 G
1417 1726 1434 1746 E
1443 1726 1465 1745 N
1474 1726 1497 1750 s,
1504 1719 1580 1744 entis.
1595 1718 1688 1746 Partic.
1715 1719 1889 1756 [ἁπτόμενος]
1925 1723 1982 1748 Cic.
1991 1721 2023 1748 de
2031 1723 2092 1748 Diu.
2101 1731 2163 1755 2,91
2172 1733 2193 1750 c.
2200 1733 2233 1757 43

1820 1763 1918 1792 quanta
1937 1757 2089 1784 humilitate
2102 1759 2177 1785 Luna
2195 1760 2234 1786 fe-

1727 1792 1771 1819 Sol
1784 1793 1938 1828 contingens
1952 1794 2071 1820 feruidus
2083 1794 2141 1829 igni
2154 1795 2232 1822 Lucr.

1354 1827 1487 1853 Aethereo
1501 1827 1656 1862 contingens
1673 1828 1773 1855 vertice
1793 1829 1876 1856 nubes
1889 1829 1998 1856 Tibull.
2013 1838 2033 1862 1,
2047 1837 2074 1864 7,
2091 1838 2125 1863 ις.
2163 1830 2231 1857 Add.
2263 1837 2264 1841 ¹

1475 1863 1616 1890 Marcellus
1637 1863 1664 1889 in
1684 1864 1701 1890 l.
1716 1864 1828 1894 domino
1853 1866 1886 1892 D.
1907 1866 1939 1892 de
1953 1866 2131 1892 Senatiiscons.
2151 1866 2231 1893 Silan.

1475 1935 1654 1969 Contingens,
1675 1935 1868 1976 [evaCanno's]
1895 1938 2086 1972 Contingentia
2104 1937 2233 1971 dicuntur,

56 1969 115 1996 'aut
128 1978 267 2001 numeros,
287 1974 332 1996 aut
345 1969 427 1996 etiam
440 1969 535 2004 pedes,
553 1968 679 2001 continue
693 1968 752 2003 quis
761 1988 770 2002 ‚
788 1974 833 1995 aut
846 1973 915 1995 certe
931 1968 1046 1994 nimium
1063 1968 1115 1994 fre·
1131 1977 1163 2003 50
1181 1978 1241 2005 quae
1255 1972 1283 1996 in
1296 1976 1426 2006 vtramque
1434 1977 1534 2006 partem
1542 1991 1550 2003 ,
1566 1971 1676 1998 accidere
1684 1971 1799 2007 postam,
1820 1979 1843 1999 et
1855 1983 1916 2009 quae
1928 1974 2038 2000 accidere
2052 1983 2124 2009 aeque
2143 1983 2171 2000 ac
2183 1984 2231 2000 non

68 2011 180 2041 quenter
194 2005 316 2032 incurrit.

106 2048 124 2068 C
134 2047 154 2067 O
164 2047 186 2066 N
195 2048 217 2068 T
227 2047 237 2066 1
247 2047 269 2067 N
279 2047 300 2066 V
311 2037 380 2067 iTA
391 2047 421 2072 S,
450 2040 507 2066 itis.
543 2040 563 2066 f.
606 2040 750 2074 [σννέχεισι,
770 2039 904 2076 συνάφεια]
948 2039 1029 2071 Idem,
1051 2039 1116 2075 quod

70 2077 254 2103 Continuatio.
292 2076 356 2101 Plin.
373 2081 437 2108 8‚30
458 2076 596 2102 Collumet
605 2075 668 2103 iuba
676 2076 848 2102 continuitate
856 2077 943 2111 spinae
958 2076 1114 2110 porrigitur,

71 2112 196 2147 flec‘hque
210 2111 258 2138 nisi
269 2111 430 2138 circumactu
443 2111 524 2138 totius
539 2112 659 2146 corporis
671 2113 774 2146 nequit.
810 2113 882 2147 Conf.
898 2114 982 2139 Varro
996 2112 1025 2138 L.
1040 2112 1070 2138 L.
1086 2113 1112 2143 6,

71 2149 89 2173 6
103 2156 128 2182 p.
136 2152 178 2180 82,
191 2156 220 2180 30
241 2147 375 2174 Protinam
388 2156 402 2173 a
413 2148 534 2174 Protinus
543 2167 551 2179 ,
570 2147 777 2174 Continuitatein
791 2147 943 2180 significans.

110 2189 126 2209 C
136 2190 187 2210 οΝ
197 2190 234 2210 Ti
244 2190 294 2209 NG
304 2190 339 2215 Ο,
357 2183 421 2216 t'i'gi,
445 2183 559 2214 tactum,
580 2185 632 2209 ere.
668 2181 817 2215 [Hm-mou,
835 2183 945 2216 ἔχομαι]
983 2182 1019 2206 Ex
1033 2180 1108 2206 Tan-

71 2227 122 2252 go,
143 2222 211 2244 cm'us
228 2221 274 2244 vix
292 2225 364 2253 auget
375 2217 592 2253 significationem.
630 2217 728 2251 Virgil.
748 2217 814 2243 Aen.
833 2225 863 2252 2,
884 2225 931 2249 239
957 2216 1111 2250 Funenique

68 2262 148 2279 manu
161 2253 313 2287 contingere
326 2252 446 2287 gaudent.
518 2253 589 2279 Caes.
605 2252 668 2279 Bell.
682 2254 712 2279 C.
727 2261 748 2286 1,
761 2261 786 2279 21
807 2252 908 2279 Milites
923 2252 1039 2286 disponit
1056 2260 1111 2278 non

68 2288 146 2314 certis
159 2288 248 2323 spatiis
268 2287 432 2321 intermistis,
452 2293 482 2315 vt
495 2294 550 2315 erat
567 2288 732 2323 superiorum
749 2287 854 2314 dierum
871 2288 1050 2320 consuetudo,
1067 2287 1110 2314 sed

67 2324 199 2358 perpetuis
207 2323 309 2358 vigiliis
322 2323 577 2359 stationibusque,vt
590 2325 744 2358 contingant
762 2324 833 2350 inter
846 2324 870 2350 se
878 2344 887 2357 ,
905 2330 983 2358 atque
1001 2332 1109 2350 omnem
1120 2332 1155 2356 60
1175 2324 1294 2357 Propert.
1307 2331 1327 2353 1,
1344 2331 1365 2355 1,
1378 2331 1403 2349 2.

136 2359 142 2364 ·
159 2359 164 2364 ·
1174 2357 1249 2384 velut
1267 2358 1388 2385 contaeta
1411 2358 1521 2386 ciuitate
1539 2360 1615 2386 rabie
1633 2360 1750 2388 duorum
1770 2363 1914 2394 iuuenum,
1938 2364 2050 2390 funestas
2069 2366 2173 2399 nuptias
2195 2374 2228 2392 ex

1176 2394 1269 2420 occasu
1283 2394 1384 2428 patriae
1397 2395 1555 2429 petentium.

1175 2429 1247 2456 tibus
1258 2430 1350 2457 Punici
1362 2429 1430 2457 belli
1445 2431 1583 2458 Societate.

1080 2500 1096 2505 ..
1174 2470 1227 2491 tate
1240 2466 1375 2500 peculatus
1392 2466 1565 2500 viderentur,
1592 2470 1610 2494 i.
1628 2470 1697 2495 velut
1714 2472 1861 2507 contagione
1881 2469 1989 2507 infesta.

1004 2500 1109 2532 Heluii,
1124 2502 1155 2534 65
1173 2501 1279 2529 Etenim
1293 2501 1312 2528 fi
1326 2501 1398 2529 diem
1418 2503 1570 2530 contactum
1585 2503 1741 2539 Religione,
1762 2505 1944 2541 insignemque
1964 2507 2074 2534 nomine
2094 2507 2152 2534 eius
2171 2508 2227 2535 loci

1174 2539 1287 2565 timeant
1299 2538 1432 2572 Romani,
1447 2545 1547 2574 quanto
1565 2540 1648 2574 magis
1662 2541 1770 2568 Allienfi
1790 2541 1833 2568 die
1847 2542 1944 2569 Alliam
1958 2543 2057 2577 ipsam,
2077 2544 2226 2570 monimen-

1172 2577 1230 2615 tum
1244 2581 1331 2636 tatlitae
1345 2574 1426 2601 cladis
1437 2575 1662 2603 reformidaturos
1674 2578 1683 2603 Ξ
1730 2577 1876 2613 Sacrilegio
1889 2578 2023 2605 contaetos
2036 2578 2136 2606 milites
2148 2580 2226 2608 furor

1170 2616 1255 2645 agitat
1297 2619 1334 2636 iu.
1350 2619 1394 2644 29,
1409 2616 1432 2641 8.
1949 2625 1953 2627 ⁷

458 2359 588 2386 Columel.
605 2367 627 2393 5,
641 2361 667 2392 6,
683 2368 712 2393 14
740 2361 808 2386 Cum
828 2359 925 2386 deinde
945 2359 1028 2386 arbor
1047 2367 1109 2383 eon-

67 2366 246 2386 munitionem
259 2359 388 2394 expleant.
1051 2391 1082 2418 C.

1075 2400 1108 2418 ic.

67 2394 198 2428 valuerit,
223 2395 355 2430 quidquid
376 2394 443 2422 falce
463 2395 581 2430 contingi
600 2395 715 2430 poterit,
737 2395 916 2430 exputandum
936 2396 981 2420 est.

18 2428 21 2465 ‘g
65 2439 116 2466 pro
130 2431 159 2457 L.
171 2431 264 2458 Manil.
275 2437 321 2466 pr.
342 2432 410 2457 Cum
447 2445 482 2451 —
516 2430 634 2457 nonduin
649 2430 729 2457 huius
742 2431 928 2457 auctoritatem
942 2428 994 2454 loci
1008 2427 1109 2454 contin.

66 2474 129 2501 gere
142 2466 281 2498 auderem,
301 2469 320 2492 i.
334 2470 361 2492 in
376 2464 457 2499 rostra
466 2466 580 2500 prodire.
650 2466 716 2493 Plin.
731 2474 767 2500 17,
777 2474 807 2492 10
829 2466 873 2491 Ne
887 2466 912 2490 se
926 2464 995 2490 inter
1008 2463 1033 2490 se
1047 2472 1108 2490 con-

65 2502 177 2537 tingant.
231 2501 360 2528 Columel.
374 2510 397 2535 5,
411 2510 439 2528 10
458 2502 558 2528 Curato
570 2511 602 2528 ne
616 2502 685 2527 inter
699 2502 752 2526 sese
771 2500 933 2534 contingant.

66 2537 129 2564 fines
141 2539 324 2565 Aruernorum
345 2537 502 2571 contingunt
521 2538 593 2563 Caes.
607 2536 672 2562 Bell.
687 2535 754 2561 Gall.
766 2542 793 2570 7,
813 2543 830 2570 7
911 2535 1022 2562 Infamia
1043 2541 1107 2562 tem-

64 2574 137 2609 poris
149 2573 295 2608 contigerat
308 2573 407 2599 nostras
422 2581 497 2598 aures
511 2571 665 2598 Ouid.Met.
677 2580 697 2603 1,
711 2579 758 2598 211.
790 2570 869 2598 Verba
884 2572 960 2598 Iouis.
1009 2572 1108 2599 Cibum

62 2608 155 2636 rostris
167 2609 247 2636 facile
260 2610 417 2642 contingunt
431 2607 556 2634 animalia
571 2607 699 2642 quaedam
713 2606 769 2633 Cic.
783 2606 815 2633 de
829 2607 925 2634 Natur.
939 2608 1019 2633 Deor.
1029 2616 1051 2639 2,
1060 2616 1108 2634 122.

63 2645 225 2679 Contingere
237 2644 340 2670 dextras
359 2643 482 2669 victrices
497 2643 641 2670 Consulum
653 2643 786 2678 cupientes
800 2643 860 2669 Liu.
873 2648 919 2676 28,
931 2651 957 2676 9.
1029 2643 1109 2670 Colu-

63 2680 126 2708 mel.
140 2683 172 2713 6,
190 2689 223 2712 2,
237 2687 254 2714 7
277 2680 299 2705 A
318 2679 399 2705 latere
416 2678 499 2705 buculi
513 2678 633 2706 domitor
652 2679 718 2705 stare
738 2679 831 2709 debet,
849 2688 882 2705 ne
901 2678 970 2705 calce
989 2679 1108 2713 contingi
1118 2687 1154 2714 70
1170 2680 1197 2715 fi
1216 2681 1282 2717 quod
1298 2682 1356 2708 inde
1374 2683 1551 2715 contrahitur,
1571 2687 1722 2720 contagium.

1171 2717 1340 2751 languescunt
1365 2717 1527 2745 incrementa
1551 2719 1708 2747 virentium.

1171 2754 1256 2780 vrtica
1276 2753 1399 2781 conta&u
1417 2755 1565 2781 mortifera.

938 2715 1033 2741 Limen
1045 2724 1108 2742 con·

63 2715 146 2752 poffit.
217 2716 303 2755 Auem
317 2715 406 2748 ferro,
424 2718 443 2741 i.
457 2716 505 2741 telo
510 2715 598 2751 ferreo
611 2715 704 2749 Virgil.
714 2715 777 2741 Aen.
788 2722 812 2748 5,
825 2723 883 2748 509.
1049 2751 1079 2778 M

1081 2760 1107 2778 e-

63 2752 167 2786 tingere
181 2751 308 2783 alicuius,
330 2754 347 2777 i.
355 2753 486 2786 peruenire
500 2751 534 2777 ad
546 2751 640 2777 domum
655 2750 737 2777 Ouid.
751 2759 782 2777 ex
796 2752 871 2777 Pont.
884 2759 912 2784 4,
927 2759 947 2783 5,
960 2752 996 2777 16.

63 2792 118 2815 tam
139 2793 256 2822 optatam
274 2787 350 2813 cursu
369 2787 463 2813 Horat.
483 2786 512 2812 in
524 2788 589 2813 Arte
607 2788 678 2814 Poet.
691 2795 748 2820 412.
821 2787 884 2814 Nox
906 2786 1021 2813 mediam
1040 2787 1107 2814 'caeli

62 2829 161 2851 metam
174 2823 321 2858 contigerat
336 2822 430 2857 Virgil.
445 2822 510 2849 Aen.
525 2830 548 2856 5,
564 2825 618 2855 836.
688 2824 729 2850 Sic
748 2822 829 2849 Ouid.
848 2831 880 2849 ex
891 2824 964 2850 Pont.
983 2832 1016 2856 4,
1036 2828 1065 2855 8,
1078 2828 1106 2856 38

61 2859 96 2886 Et
110 2859 189 2885 finem
202 2859 285 2886 Pietas
298 2859 409 2893 contigit
422 2858 468 2885 illa
482 2859 567 2885 suum.
627 2858 735 2886 Portum
748 2858 786 2884 Id.
799 2859 864 2886 Met.
878 2867 902 2892 3,
915 2861 974 2892 634.

63 2894 130 2922 Bell.
144 2894 212 2921 Gall.
227 2903 248 2928 1,
259 2900 287 2927 38
307 2895 336 2921 in
348 2894 518 2921 Vesontionis
537 2894 630 2929 oppidi
648 2894 842 2929 descriptione,
869 2896 924 2928 Ita,
946 2901 975 2922 vt
995 2894 1104 2921 Radices

63 2930 163 2958 montis
178 2939 210 2957 ex
222 2937 333 2965 vtraque
346 2936 419 2965 parte
426 2931 500 2966 ripae
513 2931 629 2957 fluminis
642 2931 803 2965 contingant.
837 2931 920 2966 Ripae
929 2932 1107 2957 Nominatiuus

62 2964 107 2998 est,
118 2966 228 2993 Radices
235 2967 407 3002 Accifiitiuus.
476 2967 570 2993 Sortiti
582 2967 650 2999 sunt,
671 2966 791 3001 Contigit
807 2968 930 2994 cumsors
941 2965 1011 2993 Vell.
1021 2976 1041 3000 1,
1052 2976 1106 3001 ¹³4*

63 3000 181 3028 Terram
193 3002 259 3028 saltu
277 3002 339 3029 Stat.
353 3000 445 3029 Theb.
461 3010 490 3035 5,
508 3010 557 3038 171.

64 3044 88 3070 1,
101 3039 141 3070 56.
154 3051 158 3057 ·
193 3038 259 3064 Visu
272 3038 376 3073 aliquid
394 3037 439 3065 Sil.
455 3045 490 3071 13,
504 3040 562 3071 506.

64 3071 94 3098 in
107 3072 124 3099 l.
137 3071 270 3100 absentem
300 3072 462 3111 §.aduersus
489 3073 520 3100 D.
535 3074 567 3101 de
582 3075 682 3109 poenis.

63 3116 116 3143 que
135 3114 179 3135 aut
192 3109 406 3144 propinquitate,
445 3114 490 3136 aut
502 3109 645 3143 affinitate,
666 3116 710 3137 aut
723 3109 858 3145 aliquibus
876 3110 1048 3143 ministeriis,
1063 3120 1104 3138 re-

62 3143 134 3179 giam
147 3144 328 3179 contigissent,
346 3145 446 3172 alienae
465 3145 555 3180 culpae
574 3147 615 3173 rei
632 3145 836 3173 trucidarentur.
908 3147 977 3173 Suet.
994 3147 1022 3173 in
1036 3147 1104 3174 Ner.

62 3187 95 3212 32
113 3180 181 3206 Ante
194 3180 284 3207 omnia
297 3181 426 3212 instituit,
446 3186 475 3207 vt
491 3190 506 3207 e
519 3181 677 3210 libertorum
691 3181 879 3209 defime'torum
891 3181 985 3215 bonis,
1003 3191 1052 3217 pro
1067 3183 1104 3209 se-

628 3003 746 3029 Terram
766 3003 919 3037 contingere
933 3002 1022 3029 osculo
1044 3003 1104 3030 Liu.

755 3074 815 3100 Liu.
827 3083 873 3108 24,
885 3083 920 3102 22.
939 3075 980 3101 An
994 3076 1105 3115 quicun-

1170 2797 1264 2816 vorem
1272 2809 1281 2822 ,
1300 2790 1461 2817 contaetum.
1503 2790 1562 2816 Vid.
1574 2792 1635 2818 Mor
1653 2801 1711 2829 agn.
1721 2793 1765 2828 Ep.
1773 2802 1786 2826 3
1809 2803 1834 2828 p.
1844 2794 1898 2826 586.

1170 2825 1294 2859 refugere
1308 2825 1432 2853 dicuntur
1447 2826 1562 2853 feminae
1576 2827 1631 2854 Oui
1652 2847 1658 2854 .
1673 2829 1738 2855 Met.
1753 2836 1780 2864 7,
1794 2838 1847 2862 241.

1031 2859 1104 2886 Caes.
1120 2867 1153 2896 75
1170 2869 1202 2893 30
1743 2864 1748 2870 '

633 3039 796 3074 Contingere
809 3039 1031 3066 existimationem
1045 3039 1104 3073 le.
1119 3045 1152 3073 80

1169 3155 1215 3176 cit.

1170 3185 1268 3220 Virgil.
1284 3185 1336 3212 Ecl.
1350 3194 1371 3219 1,
1391 3193 1422 3219 51
1446 3185 1488 3212 Ne
1508 3184 1577 3210 mala
1590 3183 1675 3211 vicini
1689 3184 1792 3219 pecoris
1806 3183 1927 3218 contagia
1941 3183 2044 3210 laedant
2057 3195 2063 3210 ι
2099 3185 2217 3218 Seruius,

1181 2004 1291 2032 accidere
1305 2013 1397 2033 natura
1410 2013 1552 2042 comparata
1562 2008 1641 2044 Jiaent,
1655 2017 1715 2043 quae
1721 2011 1786 2045 Junt
1797 2012 1918 2045 ancipitis
1930 2016 2039 2036 euentus.
2076 2009 2197 2035 Budaeus.

1219 2046 1237 2066 C
1250 2047 1270 2067 0
1280 2048 1303 2067 N
1311 2047 1333 2067 Τ
1343 2048 1390 2069 AC
1399 2048 1421 2068 Τ
1430 2049 1450 2068 V
1461 2050 1490 2077 s,
1513 2051 1541 2075 a,
1566 2052 1619 2069 uin.
1655 2045 1748 2070 Partic.
1784 2044 1916 2079 [φκυςός]
1966 2046 2016 2076 Vt,
2041 2044 2141 2070 Colore
2161 2045 2232 2070 croci

1179 2076 1301 2138 {olntlatsta
1322 2078 1396 2113 sputa
1419 2078 1525 2104 Lucrct.
1540 2080 1570 2110 6,
1592 2081 1648 2108 1186
1675 2080 1740 2114 quod
1755 2080 1849 2114 probat
1868 2086 1957 2105 contra
1971 2078 2114 2105 Contine&
2126 2081 2233 2106 aliorum

1217 2122 1240 2137 m
1257 2122 1322 2139 Inus‘-

1131 2152 1160 2177 55
1178 2147 1306 2179 aptissima
1320 2148 1389 2179 sunt,
1405 2156 1578 2181 quaecunque
1593 2147 1694 2175 austera
1708 2149 1782 2175 sunt:
1806 2150 1886 2177 etiam
1902 2159 1969 2184 quae
1983 2150 2058 2176 acida
2070 2152 2138 2182 sunt,
2153 2159 2232 2185 quae-

1177 2189 1230 2216 que
1243 2182 1364 2208 contacta
1377 2183 1429 2209 sale
1447 2182 1555 2209 modico
1572 2183 1640 2209 sunt.

1177 2217 1313 2279 pon-tactos
1329 2217 1440 2252 perdere
1453 2219 1524 2244 viro.

1175 2261 1251 2315 fligi}
1258 2288 1344 2314 halitu
1357 2288 1413 2313 eius
1422 2307 1430 2320 ,
1451 2287 1523 2314 nulla
1537 2288 1594 2314 fera
1611 2289 1726 2324 attingit.

1375 2113 1464 2139 Eadem
1483 2117 1596 2139 varietas
1614 2122 1639 2144 2,
1652 2121 1714 2146 742.
1787 2113 1854 2140 Cels.
1868 2122 1900 2146 2,
1920 2123 1956 2148 24
1981 2114 2123 2141 Stomacho
2143 2122 2231 2142 autem

1712 2185 1818 2211 Lucret.
1839 2193 1872 2216 2,
1891 2190 1936 2218 852
1963 2185 2067 2212 Odores
2102 2200 2148 2205 —
2183 2187 2231 2213 suo

1555 2251 1561 2257 .
1597 2219 1671 2243 Idem
1685 2227 1713 2251 4,
1727 2221 1780 2251 642
1800 2220 1910 2254 Serpens
1926 2220 2043 2247 hominis
2058 2221 2179 2248 contacta
2193 2223 2230 2248 sa·

1334 2253 1402 2279 Plin.
1418 2262 1448 2284 11,
1464 2261 1491 2285 53
1510 2253 1622 2279 Animae
1635 2253 1720 2280 lconis
1734 2255 1807 2281 virus
1820 2264 1916 2289 graue,
1935 2256 1987 2282 vrsi
2000 2256 2140 2291 pestilens:
2168 2267 2230 2284 con—

1799 2291 1977 2325 Cupidinibus
1996 2292 2076 2319 nullis
2092 2293 2229 2320 contaetus

1476 2323 1536 2349 Liu.
1558 2332 1593 2356 4,
1612 2333 1629 2357 9
1659 2325 1717 2352 Nec
1730 2326 1784 2353 vlla
1800 2327 1895 2361 species
1911 2326 2050 2362 cladesque
2063 2327 2128 2355 belli
2147 2329 2229 2362 abest,

1628 2397 1688 2423 Liu.
1703 2406 1739 2431 3ι,
1754 2403 1767 2428 8
1784 2399 1878 2425 Multis
1894 2399 1921 2425 in
1935 2399 2012 2426 Italia
2025 2400 2152 2427 conmotis
2166 2410 2228 2435 gen-

1649 2433 1730 2460 Idem
1743 2439 1781 2469 38,
1794 2442 1822 2467 ς,-
1847 2435 1881 2461 Vt
1902 2436 1993 2462 omnia
2006 2435 2126 2462 contacta
2139 2437 2227 2463 Socie-

2059 2472 2120 2498 Liu.
2143 2474 2176 2504 6,
2195 2478 2227 2502 28

1208 2651 1226 2672 C
1234 2652 1254 2673 Ο
1263 2653 1284 2672 Ν
1293 2652 1370 2673 TAC
1381 2653 1403 2673 Τ
1415 2652 1457 2674 vs
1466 2667 1475 2680 ,
1495 2645 1535 2673 sis.
1571 2656 1609 2674 ru.
1648 2648 1662 2682 [
1669 2647 1783 2684 συναφῆ]
1818 2646 1901 2676 Astus
1909 2649 2075 2686 ‘contingendi
2088 2657 2112 2677 et
2124 2654 2225 2684 vitium,

1779 2685 1911 2712 Columel.
1926 2694 1961 2719 ιι,
1976 2695 1989 2718 3
2015 2686 2147 2713 (30111εᾶ11
2166 2687 2233 2713 eiusx

1779 2721 1847 2748 Plin.
1868 2730 1911 2754 10,
1933 2729 1964 2755 59
1999 2722 2081 2748 Pullis
2101 2723 2222 2748 anserum

1638 2756 1707 2783 Cels.
1726 2765 1737 2783 1
1752 2763 1796 2793 pr.
1822 2758 1974 2789 Duritiem,
1993 2757 2152 2789 mollitiem,
2170 2757 2221 2784 lae·-

1970 2792 2070 2819 Viriles
2085 2792 2220 2819 contaetus

1917 2827 2008 2854 Tacit.
2024 2828 2053 2854 in
2060 2828 2120 2854 Vita
2130 2828 2221 2862 Agric-

1242 2861 1342 2888 Oculos
1364 2871 1471 2897 quoque
1493 2871 1509 2889 a
1527 2863 1649 2890 contactu
1668 2860 1868 2891 Dominationis
1886 2863 2030 2890 inuiolatos
2049 2863 2219 2890 habebamur.

1170 2898 1285 2924 Puerum
1298 2898 1391 2932 procul
1404 2907 1419 2925 a
1431 2898 1554 2926 contactu
1573 2899 1738 2927 Deliciarum
1751 2899 1926 2926 retinebimus
1941 2898 2030 2927 Senec.
2044 2898 2076 2924 de
2089 2900 2132 2925 Ira
2144 2908 2171 2932 2,
2183 2908 2220 2926 21.

1171 2932 1314 2960 Immundo
1330 2934 1453 2961 contactu
1467 2934 1576 2961 foedare
1590 2935 1692 2970 aliquid
1707 2935 1782 2970 Virg.
1797 2936 1861 2961 Aen.
1876 2943 1898 2967 3,
1913 2942 1973 2969 227.

1169 2969 1323 2996 valetudine
1337 2975 1364 2996 ct
1375 2970 1498 2997 contaetu
1511 2970 1580 2998 Tac.
1592 2972 1660 2997 Ann.
1674 2972 1699 3001 6,
1711 2978 1737 3005 7.

1170 3005 1293 3031 contactu
1306 3005 1379 3031 Idem
1392 3016 1422 3041 4,
1435 3015 1480 3040 49,
1493 3015 1521 3040 4.

2035 2934 2134 2961 infecti
2147 2934 2219 2970 quafl

1810 2970 1898 2997 Pollui
1911 2969 2004 2996 cuneta
2016 2970 2104 3003 sanie,
2123 2970 2219 3004 odore,

1565 3006 1633 3033 Add.
1647 3006 1716 3032 Hist.
1731 3014 1750 3037 1,
1767 3014 1799 3033 11.
1826 3013 1850 3031 et
1863 3014 1889 3037 2,
1902 3007 1945 3032 60.
2187 3009 2194 3016 '

1207 3046 1224 3067 c
1236 3047 1255 3067 ο
1266 3048 1289 3068 Ν
1299 3048 1380 3068 TAG
1390 3049 1481 3075 IVM,
1507 3042 1527 3068 i.
1564 3051 1591 3068 n.
1627 3040 1771 3068 CorztaHus.
1806 3041 1874 3067 Plin.
1888 3040 1967 3075 Epist.
1982 3050 2010 3075 4,
2025 3049 2050 3072 31
2072 3042 2218 3078 Quinque

1170 3075 1197 3104 ei
1211 3077 1331 3103 carnifex
1349 3086 1458 3104 manum
1471 3078 1561 3109 daret,
1579 3078 1697 3103 auersata
1715 3077 1767 3110 est,
1789 3083 1815 3103 et
1831 3076 1948 3104 resiluit:
1977 3076 2142 3112 foedumque
2155 3086 2218 3105 con—

1169 3113 1272 3153 tagium
1290 3113 1361 3148 quafi
1373 3114 1450 3148 plane
1470 3123 1484 3140 a
1495 3112 1564 3139 casto
1577 3121 1698 3147 puroque
1713 3121 1825 3147 corpore
1842 3112 1980 3138 nouissima
1997 3112 2133 3140 sanctitate
2150 3114 2218 3141 reie-

1270 3149 1386 3176 Martial.
1400 3159 1440 3182 11,
1458 3154 1491 3182 48
1518 3149 1573 3175 Cur
1595 3147 1628 3175 fic
1650 3149 1762 3175 feminei
1785 3149 1888 3183 generis
1911 3148 2040 3182 Contagia
2063 3149 2147 3182 vitet,
2169 3156 2216 3177 etc.

62 3215 136 3242 misse
151 3215 257 3243 dextans
269 3223 407 3251 cogeretur
418 3216 534 3252 ei‚fiqui
550 3217 602 3244 fine
615 3217 751 3253 probabili
764 3219 837 3245 causa
850 3227 883 3244 eo
895 3219 1005 3245 nomine
1018 3220 1105 3250 essent,
1122 3227 1151 3256 85
1170 3220 1213 3247 Ne
1225 3221 1317 3248 morbi
1330 3222 1373 3248 vel
1386 3219 1549 3256 pestilentiae
1563 3226 1743 3255 corrumpant.
1779 3219 1848 3246 vnde
1862 3219 2003 3255 contingit,
2017 3225 2046 3246 vt
2059 3228 2110 3248 vna
2123 3221 2216 3256 aliquo

62 3260 118 3287 quo
130 3251 236 3278 fuiss‘ent
247 3251 316 3279 vllae
330 3252 457 3284 familiae,
465 3261 528 3287 quas
536 3253 589 3288 ipse
603 3255 777 3294 contingeret.
847 3254 916 3281 Suet.
931 3255 960 3281 in
973 3254 1048 3281 Galb.
1057 3264 1078 3281 c.
1087 3263 1104 3282 2

0 3283 16 3318 ’,
63 3286 170 3314 Neroni
187 3286 272 3315 Galba
290 3288 416 3321 succeffit‚
448 3288 534 3315 Nullo
552 3289 634 3324 gradu
652 3296 806 3325 contingens
826 3290 966 3317 Caesarum
984 3290 1103 3317 domum.

28 3330 31 3331 ⁷
62 3323 158 3350 Horat.
179 3323 261 3350 Serm.
281 3332 311 3355 2,
331 3326 361 3356 6,
380 3332 410 3357 52
435 3324 482 3351 Te
502 3324 584 3359 scire,
603 3325 666 3352 deos
684 3326 812 3360 quoniam
831 3327 940 3362 propius
956 3323 1105 3361 contiflgis,

61 3365 183 3394 oportet,
207 3362 225 3385 i.
245 3362 304 3395 quia
320 3358 426 3393 acceffics·
437 3359 486 3386 tibi
497 3358 532 3393 est
550 3361 584 3387 ad
600 3361 693 3388 domum
705 3360 851 3399 Augustam.
902 3362 1028 3389 Animum
1043 3371 1106 3389 cura

61 3395 231 3430 contingere,
251 3393 347 3430 afficere
377 3394 520 3422 olicitudine
537 3396 624 3423 Valer.
639 3399 738 3431 Argon.
751 3405 778 3432 7,
799 3404 850 3432 173.

60 3429 201 3466 Contingit
215 3430 316 3466 ailquid
325 3450 334 3463 ,
380 3429 522 3463 annatim,
538 3432 646 3466 γίνεται]
669 3440 714 3468 pro
727 3432 840 3460 Accidit.
876 3433 932 3460 Cic.
946 3433 1014 3469 apud
1026 3434 1100 3460 Non.

62 3475 99 3500 4,
115 3473 150 3499 90
177 3466 258 3500 Qiod
276 3475 330 3493 non
349 3465 430 3493 modo
449 3465 554 3501 singulis
571 3467 740 3501 hominibus,
760 3468 804 3496 sed
825 3469 977 3504 potentibus
997 3469 1102 3504 populis

62 3501 138 3536 saepe
149 3503 268 3538 contigit.
325 3502 399 3529 Idem
413 3501 445 3528 de
458 3502 533 3529 Orat.
545 3510 570 3534 2,
585 3512 609 3536 15
629 3512 651 3530 c.
665 3514 684 3538 4
703 3505 758 3539 Ego
772 3513 908 3540 nunquam
920 3504 989 3532 mihi
1003 3514 1102 3537 nunus,

5 3550 8 3554 ·
42 3566 45 3567 .
61 3545 143 3571 quam
155 3537 274 3565 hesterno
290 3538 333 3564 die
353 3537 460 3573 placui:
484 3537 567 3572 magis
585 3538 652 3566 adeo
671 3539 700 3567 id
711 3540 856 3574 facilitate,
877 3549 957 3575 qnam
976 3540 1028 3568 alia
1048 3540 1102 3567 vlla

61 3572 138 3608 culpa
150 3581 208 3600 mea
220 3574 342 3610 contigit.

60 3616 92 3635 m
99 3615 227 3644 putemus,
239 3612 314 3646 plane
327 3607 370 3644 effi
384 3616 528 3645 perpetuam
543 3610 763 3637 Grammaticorum
782 3611 986 3647 obseruationem,
1007 3612 1036 3638 de
1055 3620 1103 3647 qua

55 3641 147 3677 statim
166 3643 291 3680 dicemus,
309 3653 397 3673 contra
415 3654 486 3681 quam
503 3647 577 3671 etiam
589 3645 663 3680 facit
681 3645 737 3672 Cic.
751 3646 804 3673 Off.
818 3654 845 3678 1,
858 3653 896 3681 74
921 3656 944 3673 c.
958 3655 992 3674 22
1018 3647 1101 3674 Multi

61 3677 131 3706 bella
145 3679 220 3714 saepe
237 3681 400 3714 quaesierunt
413 3687 521 3716 propter
534 3679 634 3715 gloriae
652 3681 821 3716 cupiditatem
835 3692 841 3708 :
869 3688 948 3716 atque
960 3682 988 3709 id
1003 3683 1032 3709 in
1047 3691 1101 3709 ma-

63 3714 121 3749 gnis
134 3715 230 3742 animis
243 3717 407 3753 ingeniisque
421 3716 577 3752 plerumque
590 3716 729 3751 contingit.
904 3715 926 3756 ff
946 3726 960 3750 3
997 3720 1102 3745 Interim

64 3786 230 3821 Contingunt
251 3785 339 3820 bona,
366 3788 493 3815 Accidunt
511 3788 596 3818 mala,
625 3789 757 3814 Eueniunt
776 3794 896 3822 vtraque.
965 3790 1051 3823 Caper
1068 3789 1102 3815 de

65 3821 191 3856 Orthogr.
200 3831 224 3857 p.
232 3823 352 3859 2242fin.
369 3823 494 3851 Accidere
501 3823 601 3851 aduersi
609 3823 712 3859 aliquid
719 3823 804 3850 dicito
812 3834 819 3855 ς
830 3824 983 3858 contingere
990 3824 1102 3859 aliquid,

64 3856 203 3891 pulchrum
222 3857 266 3885 est.
337 3859 393 3885 Cic.
409 3860 481 3886 Fani.
500 3868 529 3893 ς,
549 3868 576 3886 21
605 3861 644 3886 Ita
661 3859 729 3885 mihi
749 3859 889 3886 commoda
906 3860 1011 3890 omnia,
1033 3869 1102 3894 quae

61 3898 145 3957 31Ξέ
144 3894 340 3958 {dinting'iaii'o
363 3930 389 3957 ‘d
402 3894 542 3957 (litpnnubia
554 3897 718 3930 contigerant
737 3895 777 3922 illi
800 3901 860 3922 tuae
879 3895 984 3925 matris,
1011 3894 1102 3928 Nestor

191 3939 226 3956 em
238 3937 270 3967 ap
343 3938 372 3957 ui
391 3949 397 3956 .
440 3937 474 3958 et.
488 3937 524 3964 12,
537 3939 592 3967 194.

132 3991 144 4004 ἡ

1168 3256 1268 3284 morbo
1278 3258 1428 3290 moriente,
1449 3264 1539 3282 omnes
1553 3255 1626 3282 idem
1639 3256 1748 3282 morbus
1766 3261 1903 3290 corruptas
1917 3255 2063 3283 interimat.

1168 3293 1291 3328 contagia
1311 3293 1404 3320 Claud.
1425 3292 1454 3318 in
1465 3291 1572 3326 Eutrop.
1589 3299 1614 3324 1,
1633 3296 1693 3324 489.

1169 3328 1216 3354 Sil.
1236 3337 1279 3362 11,
1300 3337 1324 3361 13
1356 3329 1413 3355 Ceu
1432 3327 1490 3353 dira
1507 3335 1555 3361 per
1572 3335 1664 3353 omnes
1706 3326 1845 3353 Mariarent
1866 3327 1980 3362 populos
1998 3328 2072 3354 foedi
2092 3327 2213 3361 contagia

1168 3363 1270 3391 Morbi.

1046 3395 1066 3435 Ἴ
1088 3406 1149 3431 290
1169 3407 1195 3434 7,
1209 3407 1257 3434 ⁵51-
1462 3434 1467 3438 ,

1168 3443 1248 3470 quein
1261 3435 1351 3462 morbi
1365 3440 1486 3468 contagia
1499 3434 1604 3460 Lucret.
1616 3441 1640 3466 3,
1652 3440 1715 3468 472.

1167 3472 1259 3499 Amor.
1273 3473 1326 3503 613.

1168 3514 1197 3533 12
1236 3527 1243 3534 .

1166 3516 1268 3570 an'iiiiai·
1302 3542 1396 3569 Mutua
1409 3540 1498 3567 vitalis
1512 3539 1615 3567 discunt
1629 3541 1750 3575 contagia
1763 3547 1867 3576 motus,
1885 3542 1954 3568 illam
1966 3538 2168 3570 commistionem,
2181 3540 2210 3565 vi

381 3575 432 3609 „Qui
444 3574 512 3600 locus
529 3582 555 3600 eo
572 3578 652 3611 magis
664 3575 787 3602 notandus
805 3574 837 3609 est
856 3585 910 3602 cum
923 3579 1014 3612 paucis
1032 3577 1102 3609 aliis,
1117 3583 1149 3611 95
1166 3581 1236 3605 cuius
1248 3581 1275 3605 in
1281 3578 1311 3614 fi
1321 3583 1403 3603 mutuo
1415 3582 1503 3613 agunt.

1165 3613 1208 3641 CI
1216 3615 1239 3640 D
1247 3615 1260 3641 Ι
1266 3614 1297 3641 Τ
1303 3632 1313 3646 ,
1331 3612 1392 3638 Vet.
1404 3611 1525 3645 Inscript.

667 3931 731 3958 Non
747 3930 832 3958 cuiuis
850 3930 956 3958 homini
972 3932 1103 3967 contingit
1111 3942 1156 3970 ¹05
1166 3905 1324 3969 {qq-ngiiffip
1339 3896 1526 3965 ἰξιῖιιὲιιιῗιῐιιευῗῆ,
1546 3933 1595 3968 qui
1613 3941 1668 3960 non
1681 3931 1865 3965 contagionem
1877 3927 2012 3964 adspectus
2023 3928 2133 3962 fugeret,
2147 3924 2198 3949 h-t-

2118 3258 2215 3291 Ignaua

1766 3291 1847 3318 Lucri
1867 3292 1962 3318 Horat.
1975 3292 2054 3326 Epist.
2076 3301 2103 3325 1,
2122 3300 2162 3324 12,
2176 3299 2213 3318 12.

1341 3363 1472 3391 Scelerum
1486 3362 1584 3388 Lucan.
1597 3370 1620 3394 3,
1632 3371 1685 3395 322.
1759 3363 1848 3397 Agunt
1859 3363 1980 3398 contagia
1994 3364 2045 3390 late
2058 3362 2137 3390 Ouid.
2147 3363 2211 3388 Met.

1331 3401 1433 3433 Fugere
1446 3398 1567 3432 contagia
1585 3398 1659 3425 Idem
1672 3397 1759 3425 Trist.
1772 3406 1796 3432 5,
1810 3408 1839 3432 4,
1852 3407 1889 3431 33.
1960 3400 2099 3425 Penetrant
2117 3398 2146 3424 in
2164 3397 2212 3423 ali.

1789 3435 1883 3461 Vitare
1901 3435 2022 3469 contagia
2042 3433 2122 3460 Ouid.
2135 3433 2210 3459 Rem.

1405 3469 1566 3503 Contagium
1578 3469 1720 3496 vocabulum
1733 3468 1777 3503 effi
1788 3473 1816 3496 in
1827 3470 1906 3497 medio
1916 3470 2031 3506 pofitum,
2046 3468 2126 3495 tradit
2139 3467 2208 3494 Geli.

1291 3508 1323 3533 Et
1329 3504 1368 3539 fic
1378 3508 1462 3531 vritur
1475 3505 1580 3531 Lucret.
1594 3513 1617 3537 3,
1633 3513 1680 3539 345
1699 3505 1737 3531 Ex
1751 3505 1859 3533 ineunte
1871 3515 1939 3533 aeuo
1953 3504 1985 3532 fic
1998 3504 2117 3538 corporis
2129 3510 2208 3541 atque

1573 3575 1692 3603 MALO
1722 3577 1850 3605 CAELI
1880 3572 2115 3604 CONTAGIO
2142 3574 2208 3600 CE-

1465 3647 1533 3673 onis.
1568 3646 1590 3673 f.
1626 3647 1703 3675 Idem.
1745 3648 1827 3676 Plaut.
1847 3646 1941 3681 Amph.
1960 3643 2027 3679 prol.
2045 3651 2078 3676 31
2109 3643 2206 3670 Conta-

1180 3654 1438 3680 ἐοΝΤΑῡιο,

1165 3684 1246 3720 gione
1263 3683 1318 3711 mei
1330 3683 1411 3718 patris
1429 3688 1520 3709 metuo
1531 3683 1648 3716 malum,
1677 3687 1696 3711 i.
1709 3687 1768 3720 quia
1785 3687 1837 3710 eius
1849 3684 1925 3718 plane
1938 3687 2039 3705 naturae
2046 3679 2117 3715 fiam,
2136 3682 2207 3706 cuius

1238 3730 1278 3747 eus
1305 3726 1368 3746 ater.

62 3758 148 3777 verum
161 3749 209 3784 est,
223 3753 364 3788 plerumque
380 3761 455 3785 certe,
474 3753 537 3788 quod
549 3755 587 3778 ait
600 3753 709 3786 Agroet.
723 3751 755 3778 de
768 3750 896 3787 Orthogr.
918 3763 943 3788 p.
957 3756 1021 3787 2269
1037 3753 1100 3780 med.
1109 3763 1157 3782 100
1165 3718 1358 3791 {gr'prorisPCia
1371 3753 1403 3780 de
1417 3753 1479 3781 Diu.
1495 3763 1513 3785 1,
1525 3756 1565 3787 63.
1969 3786 1974 3790 -
1998 3785 2003 3790 ·

1166 3791 1284 3826 integros
1302 3789 1437 3824 castosque
1457 3790 1640 3822 seruauissent,
1667 3790 1816 3826 quibusque
1832 3788 1918 3815 fuiffet
1938 3794 2048 3811 minima
2068 3794 2127 3812 cum
2147 3793 2204 3812 cor·

1165 3828 1278 3862 poribus
1291 3825 1424 3860 contagio,
1437 3831 1483 3852 etc.
1898 3856 1904 3862 .
1997 3857 2002 3861 .
2022 3857 2027 3861 ”
2143 3856 2148 3860 ¹

1167 3871 1258 3890 mones
1277 3861 1366 3888 anima
1385 3860 1504 3893 ducitur,
1531 3870 1561 3888 ea
1583 3862 1686 3889 calescit
1705 3861 1820 3895 primum
1841 3857 1874 3884 ab
1895 3857 1952 3891 ipso
1965 3857 2059 3891 spiritu
2075 3867 2081 3882 ε
2108 3854 2202 3882 deinde

1440 3718 1539 3745 Somno
1557 3719 1692 3747 seuocatus
1711 3720 1814 3746 animus
1830 3727 1846 3745 a
1863 3717 1985 3743 societate
2003 3720 2030 3740 et
2047 3715 2206 3749 contagione

1635 3755 1709 3782 Idem
1722 3755 1805 3781 Tusc.
1818 3762 1838 3786 1,
1851 3760 1882 3787 72
1903 3761 1924 3777 c.
1939 3759 1969 3782 30
1997 3750 2054 3783 Qui
2072 3756 2160 3777 autem
2179 3750 2205 3776 se

1531 3826 1588 3853 Cic.
1602 3825 1634 3853 de
1647 3827 1710 3854 Nat.
1723 3826 1803 3851 Deor.
1817 3832 1840 3856 2,
1853 3828 1892 3854 138
1912 3822 1988 3854 Quae
2003 3820 2097 3855 spiritu
2107 3821 2135 3847 in
2147 3820 2202 3855 pul-

1581 3898 1636 3924 Cic.
1655 3906 1705 3932 pro
1719 3896 1823 3922 Cluent.
1837 3900 1878 3926 193
1902 3901 1924 3917 c.
1938 3894 1970 3922 68
2001 3891 2090 3919 Nemo
2112 3898 2142 3916 ex
2162 3895 2200 3915 tot

2117 3966 2198 3986 conta·

1472 3969 1588 4005 702
