2474 4182
29 172 125 234 1161χ
392 168 546 249 011
626 179 658 222 R
1153 204 1155 206 -
1517 182 1551 221 C
1639 176 1673 220 E
1762 179 1793 219 R
2101 185 2180 228 862

28 276 125 307 theton,
141 273 249 310 sumtum
266 281 282 299 a
299 271 368 309 gestie
390 276 553 303 certantium,
561 271 619 332 dqui
637 274 754 306 quantum
768 267 867 303 poffimt
887 273 987 306 frigunt
997 269 1027 306 s?
1047 271 1071 295 et
1131 267 1212 294 batus.
1268 266 1367 293 Ennius
1384 268 1451 301 aput]
1470 270 1525 296 Cic,
1541 270 1612 298 Lacr
1627 273 1663 304 64
1693 269 1800 297 Amicus
1819 273 1904 294 certus
1920 268 1947 293 in
1966 277 1993 294 rc
2015 271 2112 297 incerta
2126 280 2180 297 cer.

30 312 58 338 ab
69 311 119 336 alto
132 311 198 335 velut
219 312 334 345 ingruere
353 306 559 345 ati1ieifar1'i5stu
579 312 634 337 ent,
661 311 690 330 vt
721 305 796 338 Virg.
812 306 876 331 Aen.
892 315 913 337 ς,
927 308 978 338 426
1000 306 1070 332 Con·
1133 304 1214 331 nitur.
1287 302 1368 329 Plaut.
1384 304 1466 329 Trin.
1483 314 1501 337 1,
1515 315 1539 337 2,
1554 315 1585 340 57
1622 307 1671 332 Tu
1693 315 1724 332 ex
1738 305 1836 332 Amicis
1855 305 1933 329 certis
1948 304 2013 329 mibi
2034 315 2059 330 es
2078 307 2181 333 εει-11111-

31 346 95 373 stitit
108 346 136 371 in
148 344 245 378 digitos
269 345 403 380 extemplo
421 343 536 371 arrectus
554 348 665 374 vterque
680 340 843 375 Brachiaque
863 341 894 367 ad
911 342 1015 375 superas
1031 341 1069 367 in.
1134 347 1199 365 mus.
1400 337 1420 376 Ἴ
1442 348 1457 364 9.
1493 340 1540 366 Sed
1554 349 1686 377 pergamus
1701 339 1859 377 Jizlzllantiua
1878 347 2079 372 commemorare,
2096 343 2183 376 quibus

31 382 134 409 territus
152 380 245 406 extulit
258 389 343 408 auras.
381 380 447 408 Idem
460 378 543 406 videas
555 380 582 402 in
594 375 714 412 gallorum
727 377 934 412 gallinaceorum,
952 379 1069 403 aliorum-
1134 375 1228 400 Certus
1241 374 1364 400 alterutra
1383 381 1481 399 notione
1500 378 1622 411 iungitur.
1660 379 1744 404 Amor
1761 382 1860 407 certus,
1873 378 1891 401 i.
1900 373 2040 411 spaciatus.
2054 376 2134 402 Ouid.
2149 378 2181 403 de

48 425 73 443 ue
98 417 240 442 animalium
262 416 445 443 certaminibut.
525 411 680 445 Trepidum
714 413 781 440 Hor.
800 412 878 446 Epist.
905 421 932 444 1,
953 421 1004 445 20,
1025 417 1068 445 48-
1093 414 1106 441 5
1135 409 1270 448 ΑΙἚΕᾈΠΙ-
1285 417 1310 441 22
1325 415 1375 442 248
1405 409 1484 436 Laeta
1497 411 1564 442 erit,
1578 418 1606 437 vt
1625 414 1725 439 causam
1740 412 1791 439 tibi
1804 413 1829 438 sc
1843 412 1904 437 sciet
1924 411 1972 436 esse
1987 411 2090 444 pericli,
2124 413 2182 438 Hoc

18 427 103 485 ¹glirg-
127 451 192 478 Aen.
225 460 269 484 12,
296 460 337 485 553
380 452 436 478 Nec
462 456 552 480 mora,
575 456 623 473 uec
649 448 768 482 requies,
807 448 886 474 Vallo
926 448 1069 474 certamine
1136 445 1260 471 dominae
1274 445 1340 471 certi
1354 445 1447 480 pignus
1461 446 1560 472 amoris
1575 447 1635 472 erit.
1706 450 1788 474 Amor
1801 447 1900 473 certior
1914 446 1987 473 Idem
2001 445 2034 472 de
2047 446 2110 472 Arte
2124 447 2184 472 Am.

19 487 147 514 nendum.
240 488 367 514 Horatius
385 485 461 520 Epist.
486 492 511 516 1,
529 492 571 514 10,
591 491 618 516 35
665 484 757 510 Minor
777 484 805 510 in
826 485 969 510 certamine
990 483 1070 516 longo
1136 489 1158 513 3,
1173 488 1227 514 575.
1264 480 1312 507 Sed
1331 480 1360 507 dt'
1373 481 1454 516 puella
1467 489 1550 507 amata
1566 481 1689 517 cademque
1707 484 1773 517 fideli
1789 485 1905 517 Propert.
1922 490 1941 514 1,
1955 487 1978 514 8,
1992 490 2023 515 43
2044 482 2100 507 Nec
2115 482 2185 508 mihi

29 522 186 557 Implorauit
199 531 262 557 opes
279 522 408 554 hominis,
425 523 444 546 ι’.
465 519 590 554 inferior,
606 518 697 546 uiftus.
770 520 864 546 Studio
878 519 1026 546 certaminis
1041 519 1070 544 in
1136 517 1229 542 riualis
1252 523 1336 542 certos
1355 516 1482 543 subducet
1496 517 1615 543 Amores.
1674 514 1728 544 Cic.
1743 528 1791 552 pro
1804 519 1897 552 Quint.
1915 527 1942 552 ¹7
1970 516 2127 544 Diffidebam
2141 526 2185 543 me

30 559 104 585 litem
118 559 158 585 ire
172 559 251 586 Ouid.
265 559 329 585 fast.
338 560 363 589 6,
375 562 414 588 89.
427 558 445 581 i.
459 557 662 591 rix-‹zs,p11g›1as.
841 554 861 618 Ξ
881 563 893 588 ς
934 554 1069 581 Verborum
1135 551 1256 583 hercule,
1276 553 1307 578 C.
1322 552 1431 586 Aquili,
1452 553 1512 579 satis
1531 553 1622 579 animo
1638 560 1711 579 certo
1726 562 1751 580 et
1768 555 1924 580 confirmato
1945 563 1986 580 me
2004 554 2071 587 pone
2090 553 2118 579 in
2138 553 2186 579 bae

20 593 167 630 ‹fornivlcuu'
198 594 319 620 Abnucre
339 597 467 619 certamen
488 590 548 616 Liu.
572 599 598 623 1,
635 609 641 617 .
680 608 687 617 .
759 591 843 618 Accen
863 599 907 617 ere
926 590 1069 616 certamina
1087 598 1116 617 10
1136 588 1210 614 causa
1224 587 1371 613 consistere.
1392 586 1492 614 Actum.
1548 588 1699 614 Arboribus
1719 590 1796 615 certis
1815 591 1903 623 grauis
1916 590 2010 615 vmbra
2023 588 2124 616 tributa
2138 588 2185 620 est,

19 622 134 656 'Luc-ret.
150 638 169 662 1,
183 632 245 664 476.
258 627 387 665 fignificat
403 626 499 661 cqufilm
512 627 631 662 praebere
648 626 727 653 bellis.
801 626 915 653 Accendi
929 625 1069 660 impenfius
1136 624 1240 650 Lucret.
1261 625 1287 654 6,
1307 628 1352 656 783
1380 624 1482 657 Certis,
1495 634 1556 660 quas
1573 624 1629 649 lime
1651 628 1777 657 nouimus,
1791 627 1848 650 licat
1869 634 1916 651 non
1935 629 2093 651 nominemus.
2143 625 2186 652 Si:

30 665 172 692 certamina
181 684 189 697 ,
207 665 260 691 vid.
278 672 298 690 Α
309 670 325 689 C
336 669 376 690 CE
386 669 407 688 N
416 669 434 689 D
443 668 472 688 O.
544 662 659 689 Act-endi
673 663 706 689 ad
718 668 849 689 certamen
861 662 935 689 Liuii
948 660 991 695 effi
1008 661 1070 687 diciL
1137 660 1231 686 Certae
1251 659 1348 684 Causae
1358 679 1366 690 ,
1380 660 1453 685 Certi
1469 660 1599 686 Homines
1612 659 1730 685 dicuntur
1739 671 1745 684 .·
1769 664 1798 685 it.
1820 661 1876 692 Dii,
1892 660 1954 686 Dies
1968 661 2010 686 ubi
2025 661 2097 686 habri·
2110 664 2186 687 etiam

28 708 70 727 tur
84 701 112 727 B.
127 701 189 726 Pun.
260 698 357 726 Cadere
371 697 439 724 duro
453 699 596 724 certamine
611 698 704 725 Claud.
724 698 755 724 de
769 700 830 725 sext.
846 698 923 725 Cons.
938 699 1009 724 Hon.
1023 705 1069 729 311.
1136 696 1227 722 Baccas
1242 700 1267 720 et
1280 694 1378 728 Fruges
1392 702 1435 720 etc.
1473 696 1554 721 Arcus
1568 701 1671 726 certus,
1685 698 1729 730 qui
1740 695 1826 731 ferit,
1847 696 1910 730 quod
1928 695 2034 729 destimu
2047 697 2105 722 Scn.
2118 697 2187 730 Hip⁶

29 736 170 762 Celebrare
184 735 322 762 certamina
336 733 382 760 sub
397 734 507 760 nominc
520 735 648 767 alicuius,
661 735 786 761 Scaeuola
800 734 828 760 in
842 734 858 760 l.
872 743 898 760 21
913 733 1032 760 Liberto.
1047 731 1070 769 §.
1138 730 1190 766 pol.
1202 735 1258 765 278.
1285 731 1343 756 lsid.
1362 730 1459 756 Dextra
1471 751 1478 762 ,
1494 732 1588 763 Hasta,
1604 730 1683 762 lehis,
1698 732 1805 761 Manus,
1819 731 1923 765 Sagitta.
1992 733 2186 766 Argumentum

16 742 17 746 „
16 687 25 731 -2—

16 775 42 805 '43
57 772 86 798 L.
100 771 202 798 Titius.
216 772 246 797 D.
258 770 290 796 de
309 770 403 796 annuis
421 770 527 804 legatis,
548 773 566 796 i.
588 770 658 796 ludos
667 771 789 806 publicos.
848 770 978 796 conferre
992 777 1072 795 manu
1092 774 1118 803 ις’
1137 767 1234 794 certius
1248 765 1304 792 odii
1318 766 1374 792 Cic.
1388 775 1438 800 pro
1454 766 1528 792 Rosc.
1543 775 1572 797 52
1585 776 1606 793 c.
1618 775 1654 799 19.
1726 766 1830 792 Auctor
1849 766 2018 799 ceruffimus,
2033 779 2049 793 ι.
2059 768 2186 804 probaris-

23 807 172 837 {certamina
185 808 284 833 Lucret.
298 814 326 838 4,
341 810 395 838 841.
453 806 614 838 conserere,
633 809 662 832 it.
682 805 855 838 Contrahere,
870 805 989 840 vid.suis
1001 807 1071 831 Iocis.
1137 802 1211 837 fimus
1230 809 1253 828 et
1271 801 1409 836 vcrtffimus
1426 802 1502 836 Virg.
1523 803 1621 836 Georg.
1643 811 1669 833 1,
1690 810 1749 835 432.
1807 802 1863 828 Cic.
1885 812 1933 836 pro
1953 804 2047 835 Qiint.
2068 812 2101 835 29
2127 814 2147 829 c.
2168 811 2187 839 7

21 843 159 876 ¹Cooritur
177 847 305 868 cci-tamen
318 841 378 868 Liu.
395 851 415 875 1,
451 861 457 868 .
497 862 502 867 .
557 842 670 868 Differre
684 841 765 868 Ouid.
779 842 842 867 Met.
861 843 893 873 6,
907 848 946 874 52.
1000 841 1072 867 Diri·
1140 837 1312 873 Appellantur
1325 837 1465 864 Tribuni:
1484 847 1499 864 a
1514 837 1611 872 quibus
1626 846 1708 871 quum
1724 838 1782 864 ess'et
1796 844 1897 863 certum
1912 839 2048 865 Auxilium
2064 840 2188 873 petitum,

17 874 101 916 ¹'iniere
115 878 184 905 Ideni
196 877 259 902 Met.
278 884 300 910 ς,
315 885 368 910 314.
440 877 602 910 Excludere,
616 879 748 903 Rctnutere
761 878 898 911 praelium,
911 883 983 912 atquc
995 880 1073 902 inter·
1140 875 1176 900 ita
1192 881 1279 900 tamen
1294 873 1446 906 disceditur,
1462 880 1507 899 etc.
1543 873 1615 899 Idem
1633 873 1704 898 Fam.
1721 879 1743 904 ε,
1758 883 1770 905 3
1798 874 1943 906 Qiomodo
1959 874 2033 900 illum
2048 882 2120 909 putas
2134 877 2186 902 Au-

18 905 233 950 {panemquiatem
252 912 309 939 bello
328 913 374 939 Sil.
388 920 429 945 15,
446 916 495 943 826
520 914 596 940 Tum
615 912 702 939 castris
721 912 813 946 procul
835 913 948 943 amotis,
964 912 1071 938 aduersa
1139 916 1245 944 guratus
1266 916 1340 936 tuum
1362 910 1565 944 competitorem
1584 908 1698 934 dolere?
1736 915 1761 934 et
1788 909 1947 935 dillimulare
1967 918 2009 935 ine
2036 912 2188 942 certiorem,

26 950 118 985 lquiete
151 947 316 975 Dissimulans
349 949 429 975 dubia
464 949 570 976 exclusit
592 948 735 975 certamina
754 948 857 974 Martis.
929 947 1073 974 Extrahere
1089 953 1123 971 20
1139 955 1218 980 quam
1234 945 1257 971 se
1266 945 1461 972 Candidatum3
1481 949 1498 971 i.
1514 949 1540 971 in
1549 943 1802 980 petendaAcdslsmte
1815 945 2068 980 gratt‘ajilpei-iorem,
2080 951 2190 973 omnium

20 985 88 1014 ¹Liu.
99 993 128 1018 4,
164 1003 171 1010 .
208 1003 214 1010 .
287 985 410 1019 Experiri
431 985 504 1011 Idem
526 984 557 1010 de
574 985 638 1011 Bell.
652 984 715 1010 Pun.
755 1003 761 1009 .
799 1003 804 1008 .
877 984 972 1009 Facere
986 984 1024 1009 Id.
1040 983 1072 1009 de
1139 984 1254 1016 opinione
1267 982 1387 1016 futurum
1406 981 1518 1008 Aedilem
1535 984 1637 1016 potius,
1665 989 1735 1015 quam
1749 980 1864 1005 Hirrum.
1918 982 1947 1005 [it
1967 981 1999 1006 de
2016 982 2089 1008 Orat.
2105 991 2125 1014 1,
2140 990 2188 1017 254

25 1019 92 1050 fflell.
106 1021 168 1046 Pun.
206 1038 212 1046 .
251 1039 258 1046 .
328 1020 464 1047 imbibere
479 1027 610 1046 certamen
630 1020 740 1052 animis,
759 1019 813 1045 vid.
836 1025 957 1046 1MBlBO.
1030 1020 1072 1045 ln-
1140 1016 1220 1050 Qlod
1235 1017 1343 1050 quidem
1358 1018 1435 1043 certis
1449 1017 1481 1043 de
1495 1017 1582 1044 Cauiis
1594 1025 1608 1043 a
1622 1015 1755 1050 plerisque
1770 1014 1847 1041 aliter
1859 1014 2031 1042 existimatur.
2069 1018 2187 1044 Cic.Att.

9 1055 94 1090 ’lccffit
107 1061 252 1088 certamen,
262 1063 311 1091 pro
327 1057 408 1083 Subiit
419 1057 509 1083 Tacit.
519 1058 585 1082 Arm.
603 1065 628 1088 2,
644 1064 678 1088 51Δ
750 1055 895 1081 Increscere
910 1054 1006 1081 dicitur
1019 1063 1073 1081 cer·
1140 1060 1159 1084 1,
1174 1061 1182 1078 1
1204 1053 1232 1077 ln
1248 1062 1340 1086 campo
1355 1053 1473 1079 comitiis
1486 1052 1660 1080 Tribuniciis
1679 1051 1711 1078 ad
1731 1058 1786 1078 XVI
1807 1050 1864 1077 Cal.
1879 1050 1970 1076 Sextil.
1992 1052 2189 1086 competitores

41 1127 97 1154 nire
111 1127 254 1154 certamina
268 1128 332 1154 disci
341 1128 492 1155 Ouid.Met.
503 1135 603 1162 10,177.
650 1127 722 1154 Inire
737 1136 797 1153 cum
809 1126 901 1161 aliquo
914 1126 957 1152 Sil.
967 1134 1000 1157 13,
1027 1146 1032 1151 .
1066 1145 1071 1151 .
1090 1128 1121 1153 25
1138 1124 1176 1155 ti,
1189 1127 1207 1149 ι’.
1221 1125 1291 1150 Certo
1300 1128 1424 1159 petituri,
1438 1134 1466 1150 ne
1474 1125 1548 1161 forte
1561 1124 1704 1160 intelligas,
1720 1122 1828 1156 Gratioji
1845 1122 1879 1148 ad
1888 1123 2014 1157 populum.
2051 1124 2112 1149 Mox
2127 1128 2192 1149 enim

40 1099 130 1124 amen,
151 1090 204 1117 vid.
224 1099 361 1120 INGREs
372 1098 388 1118 c
398 1099 427 1119 ο.
498 1092 618 1124 Inferi-e,
639 1095 668 1117 it.
696 1091 823 1121 Iniicere,
846 1090 899 1117 vid.
920 1091 961 1117 his
980 1090 1072 1116 verbis.
1138 1088 1186 1122 qui
1200 1089 1264 1114 certi
1279 1090 1327 1114 effe
1342 1089 1517 1121 videbantur,
1538 1089 1621 1115 Galba
1636 1094 1662 1114 et
1676 1088 1824 1120 Antonius,
1837 1092 1862 1112 et
1875 1087 1911 1119 Q
1925 1086 2094 1113 Cornificius.
2125 1089 2190 1115 Cer-

24 1097 107 1190 Enstat
128 1169 260 1190 certamen
281 1164 342 1191 Liu.
357 1163 389 1190 de
402 1164 467 1190 Bell.
485 1164 546 1189 Pun.
567 1183 574 1189 .
597 1183 603 1189 .
675 1163 814 1189 Instituere
834 1162 883 1188 fibi
900 1171 960 1188 cum
980 1161 1072 1195 aliquo
1139 1159 1238 1195 infert,
1257 1160 1320 1186 Sunt
1334 1161 1381 1195 qui
1399 1161 1480 1186 ctiam
1494 1160 1652 1186 Caesonium
1666 1158 1906 1195 putent‚sz‹baudi,
1919 1158 2074 1192 petiturum.
2121 1160 2192 1185 Con-

13 1219 19 1225 .
53 1199 84 1226 ic.
99 1199 177 1226 Acad.
195 1208 204 1226 1
223 1209 244 1226 c.
259 1208 293 1226 12.
370 1199 498 1226 Inuadere
524 1199 570 1225 Sil.
587 1206 629 1233 17,
647 1206 706 1234 473.
727 1202 745 1225 i.
767 1201 794 1224 in
812 1200 948 1224 certamina
973 1197 1071 1223 vadere.
1140 1196 1209 1222 ditio
1223 1202 1305 1228 certa,
1319 1197 1372 1222 vui.
1382 1196 1469 1232 paullo
1483 1194 1539 1231 post
1548 1197 1625 1222 Fines
1640 1196 1714 1222 certi.
1752 1196 1808 1222 Cic.
1822 1203 1870 1229 pro
1878 1194 1975 1220 Milon.
1990 1202 2020 1227 25
2047 1194 2100 1220 Vbi
2121 1195 2193 1221 vidit

35 1248 38 1254 ι
59 1235 155 1267 iscere,
173 1235 226 1261 vid.
246 1241 371 1263 MISCEO.
443 1234 539 1262 Moliri
548 1235 592 1262 Sil.
608 1236 645 1267 16,
658 1237 683 1261 6.
753 1235 865 1260 Monere
879 1234 976 1259 Lucan.
991 1241 1012 1264 3,
1024 1241 1072 1259 121.
1139 1231 1223 1258 homo
1243 1232 1275 1258 ad
1300 1241 1380 1258 omne
1400 1233 1503 1258 facinus
1524 1232 1710 1267 paratissimus,
1729 1230 1898 1257 fortiffimum
1918 1230 2024 1262 virum,
2046 1230 2194 1256 inimicissi-

33 1271 191 1298 occumbere
211 1271 354 1298 certamine
368 1270 414 1298 Sil.
427 1279 448 1303 1,
462 1279 515 1304 143.
587 1270 737 1297 Certamini
749 1270 827 1297 auide
843 1269 867 1295 se
880 1268 999 1301 Offerre,
1021 1269 1073 1294 vid.
1140 1277 1213 1294 mum
1236 1268 1326 1300 suum,
1347 1268 1516 1294 cei-tillimum
1530 1268 1690 1301 Consulem,
1711 1267 1792 1301 idque
1811 1266 1942 1293 intellexit
1961 1275 2015 1292 non
2036 1266 2122 1292 solum
2142 1267 2195 1292 sera

39 1313 158 1334 V1Dvs.
216 1307 290 1342 Virg.
306 1308 370 1333 Aen.
379 1312 403 1339 8,
418 1308 467 1339 639
487 1306 544 1333 Post
556 1306 639 1332 iidem
653 1306 724 1333 inter
738 1307 763 1332 se
776 1305 861 1332 Pofito
874 1305 1018 1330 certamine
1032 1314 1073 1331 re·
1094 1314 1125 1338 30
1140 1303 1277 1336 monibus,
1292 1311 1337 1330 etc.
1411 1305 1521 1331 Crimen
1542 1304 1615 1331 Idem
1630 1313 1679 1339 pro
1697 1304 1773 1330 Rosc.
1790 1304 1880 1329 Amer.
1896 1307 1932 1334 83.
1989 1304 2019 1328 Et
2032 1311 2080 1336 pro
2094 1302 2194 1328 Milon.

33 1351 71 1369 es
89 1343 193 1369 Armati
209 1344 280 1369 Iouis
293 1350 352 1369 ante
365 1351 452 1375 aram,
464 1349 509 1369 etc.
547 1342 593 1370 Sed
605 1343 670 1369 Aen.
684 1349 707 1375 5,
719 1344 754 1368 66
775 1341 862 1368 Prima
875 1340 943 1366 citae
956 1341 1073 1366 Teucris
1140 1349 1169 1371 23
1192 1342 1367 1376 Inter-rogatur
1383 1340 1488 1376 seruus,
1507 1341 1619 1367 Clodius
1644 1340 1748 1366 infidias
1770 1340 1835 1365 fecit
1854 1338 1971 1365 Miloni?
2006 1339 2032 1365 St
2049 1338 2195 1374 respondeat

47 1387 126 1405 onam
150 1379 292 1405 certamina
312 1378 406 1410 claffis,
432 1381 451 1404 i.
464 1381 577 1413 praemia
602 1381 747 1405 certaminis
769 1376 872 1403 ludicri.
945 1376 1074 1403 Praebere
1140 1376 1218 1402 feeit:
1239 1382 1309 1402 certa
1323 1377 1395 1402 Crux
1414 1385 1507 1409 parata
1521 1379 1543 1402 ci
1555 1375 1603 1409 est:
1616 1375 1641 1410 fi
1659 1376 1743 1408 dicat,
1757 1375 1841 1401 nullas
1863 1374 1942 1405 fecit3
1962 1375 2064 1408 sperata
2076 1374 2195 1400 libertas.

32 1433 34 1437 .
55 1414 91 1441 iu.
105 1414 138 1441 de
150 1414 213 1441 Bell.
223 1415 285 1441 Pun.
307 1435 314 1442 .
335 1434 341 1441 .
378 1415 534 1448 Praeparare
548 1414 673 1440 athletam
689 1413 720 1439 ad
735 1412 879 1438 certamina
888 1412 1019 1446 Quinctil.
1036 1420 1074 1444 10,
1141 1412 1194 1438 Cic.
1210 1411 1241 1437 de
1256 1412 1319 1437 Nat.
1332 1413 1413 1438 Deor.
1430 1421 1452 1444 3,
1468 1421 1500 1446 24
1520 1412 1568 1438 Sed
1582 1421 1637 1438 non
1649 1412 1741 1438 omnia
1755 1411 1849 1437 Balbe:
1874 1419 1941 1445 quae
1954 1411 2052 1436 Cursus
2069 1418 2153 1436 certos
2167 1415 2197 1436 et

43 1470 51 1483 ,
64 1459 91 1484 4.
129 1449 202 1477 Idem
215 1455 270 1483 2.‚8‚
279 1459 291 1483 3
312 1450 364 1477 Cui
377 1450 489 1485 quisque
503 1450 640 1476 certamini
653 1449 682 1475 fit
696 1447 895 1483 praeparandus.
933 1449 993 1475 Liu.
1026 1468 1032 1474 .
1067 1468 1073 1475 .
1140 1447 1285 1473 constantes
1300 1447 1412 1479 habent,
1427 1457 1455 1474 ea
1472 1448 1523 1474 deo
1538 1448 1626 1482 potius
1639 1447 1781 1474 tribuenda
1795 1448 1867 1478 sunt,
1882 1455 1961 1481 quam
1974 1452 2091 1472 naturae.
2145 1446 2196 1472 Da-

55 1485 130 1512 onsul
141 1492 260 1513 metuens
273 1495 306 1512 ne
317 1487 406 1513 minus
420 1485 540 1513 instando
552 1490 691 1512 renouaret
703 1489 844 1516 certarnen,
859 1490 905 1510 ete.
978 1483 1074 1510 Sedare
1094 1494 1123 1520 33
1139 1491 1233 1509 mnum
1247 1483 1344 1508 certius
1364 1484 1527 1518 propiusque
1540 1483 1663 1510 medullis
1676 1484 1743 1509 Hor.
1758 1482 1837 1516 Epist.
1853 1491 1872 1513 1,
1888 1491 1926 1513 10,
1941 1487 1978 1511 28.
2014 1482 2070 1508 Cic.
2085 1481 2117 1507 de
2131 1482 2197 1509 Nat.

56 1522 93 1548 111.
107 1521 140 1548 de
154 1522 218 1549 Bell.
233 1523 296 1549 Pun.
334 1542 340 1549 .
378 1543 384 1548 .
441 1522 530 1548 Serere
543 1521 615 1548 Idem
627 1529 653 1553 2,
689 1540 695 1546 .
733 1539 739 1546 .
799 1520 919 1547 Tentare
929 1519 967 1546 Id.
978 1527 1000 1552 5,
1025 1539 1031 1545 .
1067 1538 1073 1546 .
1141 1519 1222 1545 Deor.
1238 1527 1257 1550 1,
1272 1526 1302 1552 37
1324 1518 1464 1545 Cleanthes
1479 1525 1566 1545 autem
1580 1520 1638 1554 qui,
1653 1526 1698 1545 etc.
1719 1525 1776 1544 tum
1792 1518 1877 1552 ipsum
1893 1517 2022 1543 mundum
2036 1518 2116 1543 deum
2131 1517 2198 1544 dicit

58 1556 125 1584 iaus
141 1558 283 1585 certamine
297 1557 379 1585 Ouid.
393 1559 458 1584 Met.
472 1559 498 1589 6,
513 1565 550 1589 91.
747 1552 768 1594 ff
789 1558 806 1582 6
842 1557 983 1582 Certamen
998 1558 1076 1582 inter·
1141 1555 1203 1585 effe,
1216 1560 1274 1580 tum
1288 1554 1371 1581 totius
1391 1561 1500 1581 naturae
1519 1556 1604 1581 menti
1624 1561 1702 1589 atque
1723 1554 1813 1580 animo
1831 1553 1928 1579 tribuit
1942 1552 1993 1578 hoc
2008 1561 2122 1584 nomen,
2140 1559 2198 1579 tum

0 1614 2 1624 .
36 1602 91 1619 ¹um
104 1592 138 1619 cst
152 1602 192 1620 res
206 1594 274 1628 ipsa,
287 1593 318 1620 de
333 1602 384 1628 qua
398 1599 526 1624 certatur,
541 1591 676 1626 [Vet.Gl.]
690 1596 749 1618 vter
762 1591 915 1618 columbam
929 1592 1023 1626 sagitta
1037 1592 1075 1617 fe·
1140 1591 1267 1617 vltimum
1290 1596 1316 1616 ct
1334 1590 1486 1617 altiffimum
1507 1596 1586 1625 atque
1605 1590 1725 1625 Vndique
1746 1589 1936 1616 circumfusum
1952 1594 1977 1614 et
1992 1594 2157 1620 extremuni,
2170 1597 2199 1614 o-

45 1628 95 1660 iat,
114 1635 173 1655 vter
185 1629 261 1663 prior
272 1629 392 1654 decurrat
405 1628 437 1654 ad
449 1633 538 1654 metas.
575 1627 646 1654 Nam
661 1627 694 1653 fic
707 1627 804 1661 Virgil.
819 1628 848 1654 in
861 1627 991 1654 Bucolicis
1000 1628 1076 1663 (quin
1141 1627 1214 1653 mnia
1228 1626 1395 1660 cingentem,
1406 1632 1486 1661 atque
1501 1626 1670 1662 complexum
1689 1625 1831 1657 ardorem,
1855 1626 1903 1659 qui
1922 1623 2013 1651 aether
2032 1625 2199 1657 nominetur,

56 1672 126 1698 eorg.
140 1672 163 1696 2,
176 1667 232 1696 530)
254 1663 359 1690 Velocis
372 1663 451 1690 iaculi
466 1663 609 1691 certamina
622 1662 697 1697 ponit
712 1663 741 1689 in
753 1663 837 1689 vlmo.
876 1665 945 1689 Haec
957 1664 1078 1690 Donatus
1087 1670 1124 1698 40
1142 1661 1311 1689 certiffimum
1324 1663 1409 1688 Deum
1430 1662 1546 1695 iudicat,
1567 1666 1583 1688 i.
1607 1665 1649 1698 qui
1665 1665 1732 1688 citra
1750 1660 1939 1694 controuersiam
1958 1661 2025 1686 Deus
2036 1660 2082 1694 stt.
2138 1661 2200 1687 Alto

0 1716 1 1719 =
35 1699 232 1729 ἀ,Το1.“ΑάςΙ.
246 1708 271 1732 2,
285 1708 305 1730 2,
320 1710 346 1734 4.
385 1701 426 1727 Sic
440 1700 515 1734 Virg.
531 1701 595 1725 Aen.
611 1706 634 1730 5,
649 1700 684 1724 66
709 1699 796 1725 Prima
813 1699 880 1726 citae
894 1699 1011 1726 Teucris
1030 1708 1076 1733 po·
1136 1698 1211 1735 sensu
1226 1698 1390 1734 capiendum,
1407 1698 1505 1734 Neque
1526 1699 1599 1725 enim
1618 1698 1722 1725 duobus
1739 1697 1788 1723 nisi
1808 1697 1886 1723 certis
1902 1696 1966 1722 Deis
1980 1696 2032 1722 rite
2047 1703 2098 1722 vna
2113 1695 2200 1722 hostia

48 1743 89 1762 am
107 1735 250 1762 certamina
269 1735 363 1768 classis,
382 1738 401 1761 i.
414 1738 529 1770 praemia
551 1732 698 1767 constituam
719 1735 863 1771 nauigando
882 1735 1036 1761 certantibus
1058 1734 1076 1761 s.
1143 1734 1202 1761 fieri
1222 1735 1282 1761 Liu.
1304 1743 1345 1769 27,
1353 1743 1390 1768 25,
1399 1743 1424 1768 9.
1440 1738 1458 1761 i.
1475 1734 1602 1771 definitis,
1617 1742 1639 1760 ct
1656 1736 1707 1770 Iege
1720 1736 1873 1765 nominatis,
1890 1732 1945 1758 vid.
1959 1732 2054 1759 Certae
2073 1731 2192 1758 Arbores

0 1795 5 1802 ,
45 1771 180 1807 emigando.
215 1770 297 1798 Ouid.
310 1772 375 1798 Met.
392 1778 428 1802 13,
445 1779 490 1803 129
515 1770 574 1797 Nec
590 1770 661 1796 foret
680 1770 819 1804 ambiguus
840 1771 907 1796 tanti
925 1770 1076 1797 certaminis
1142 1771 1258 1797 Dextera
1273 1778 1359 1803 certa,
1372 1781 1420 1797 non
1439 1770 1559 1797 aberrans
1579 1771 1695 1797 Martias.
1714 1769 1800 1804 8110191.
1815 1778 1848 1801 13.
1863 1768 1891 1794 de
1904 1768 1961 1804 fite,
1975 1777 2035 1803 quae
2049 1777 2078 1794 ex
2098 1769 2202 1795 vulnere

48 1815 118 1838 ereS,
131 1809 149 1832 i.
162 1805 416 1838 armorumAchiHis‚
431 1806 459 1833 de
471 1806 559 1842 quibus
571 1805 720 1832 certabatur.
757 1807 800 1833 Sic
812 1807 961 1833 Graecorum
977 1802 1078 1833 ’Ἃθλον
1137 1810 1255 1842 peperit,
1280 1807 1304 1832 O
1320 1815 1399 1841 quam
1414 1813 1485 1833 certa
1502 1807 1555 1833 fuit
1571 1807 1670 1833 librato
1679 1807 1794 1832 Dextera
1808 1804 1872 1830 telo.
1929 1805 1986 1830 Cic.
1999 1804 2053 1829 Att.
2068 1805 2118 1836 6,9.
2146 1804 2201 1830 Sta-

0 1855 6 1863 »
47 1849 158 1878 tramque
170 1852 222 1869 rem
237 1841 362 1869 interdum
373 1840 514 1878 fignificat.
1095 1848 1128 1874 45
1143 1843 1193 1868 tim
1214 1841 1276 1868 dedi
1292 1842 1399 1874 literas,
1415 1847 1445 1868 vt
1464 1851 1496 1868 ex
1517 1843 1607 1876 Cypro
1626 1842 1730 1875 equites
1750 1845 1810 1866 ante
1830 1845 1927 1866 certam
1942 1839 2020 1865 Diem
2033 1838 2201 1872 decederent,

0 1902 2 1907 .
67 1884 294 1910 CERTATIO,
314 1877 381 1903 anis.
411 1876 432 1902 f.
469 1874 626 1910 [asydum]
662 1876 718 1912 Ipfi’
735 1874 824 1910 acius,
839 1881 1009 1913 contentioque
1027 1888 1078 1904 cer·
1144 1881 1162 1904 i.
1184 1877 1218 1903 ad
1236 1884 1331 1912 tempus
1349 1875 1518 1910 constitutum.
1556 1882 1597 1904 stc
1618 1878 1647 1902 In
1661 1877 1739 1903 Diem
1758 1882 1855 1902 certam
1877 1876 2023 1901 conuenire
2042 1875 2102 1902 Liu.
2118 1884 2139 1908 1,
2158 1883 2201 1908 50.

0 1931 3 1934 -
44 1917 146 1940 antium.
183 1914 336 1940 Exercenfes
350 1911 458 1946 ingenia
470 1912 677 1944 certationibus,
694 1912 779 1939 indies
797 1913 955 1940 melioribus
970 1913 1077 1940 iudiciis
1144 1913 1273 1947 leianus
1289 1914 1317 1939 in
1331 1913 1349 1939 l.
1366 1913 1509 1947 Stipulatio
1521 1912 1578 1939 ista.
1591 1911 1704 1949 §.Inter
1716 1918 1823 1938 certam.
1839 1911 1871 1937 D.
1885 1911 1918 1937 de
1932 1911 2084 1937 Verborum
2097 1911 2200 1946 obliga·

49 1948 183 1981 fficiuntur
196 1949 301 1974 Vitruu.
321 1956 347 1980 2,
362 1957 380 1974 1.
436 1948 494 1974 Cic.
510 1947 541 1973 de
555 1947 618 1974 Nat.
630 1947 711 1974 Deor.
724 1956 745 1979 3,
760 1950 791 1980 65
804 1958 826 1974 c.
839 1956 868 1981 25
898 1949 1077 1984 Nequaquam
1144 1949 1281 1982 tionibus,
1302 1950 1375 1975 Inter
1393 1954 1491 1975 certam
1512 1948 1694 1983 incertamque
1713 1947 1792 1974 Diem
1813 1947 1955 1972 discrimen
1974 1947 2023 1972 esl'e
2042 1955 2074 1973 ex
2090 1956 2122 1973 eo
2135 1955 2202 1982 quo-

0 1997 2 2003 r
44 1985 97 2011 stuc
111 1984 173 2011 istac
186 1983 251 2011 ibit:
268 1992 361 2019 magna
376 1983 442 2010 inest
457 1983 577 2010 certatio.
615 1982 689 2009 Idem
704 1983 736 2009 de
749 1983 842 2017 Legib.
857 1993 880 2016 2,
895 1993 926 2011 22
946 1994 967 2011 c.
982 1994 999 2017 9
1028 1986 1079 2012 Lu·
1145 1992 1196 2019 que
1209 1991 1332 2019 apparet,
1353 1984 1426 2019 quod
1439 1990 1509 2011 certa
1522 1985 1572 2010 Die
1586 1984 1741 2018 protiiiffiiixi
1756 1982 1800 2008 vel
1814 1982 1901 2007 statim
1916 1982 1975 2008 dari
1994 1983 2091 2017 potest:
2112 1988 2201 2011 totum

38 2020 70 2047 is
92 2019 221 2055 publicis,
240 2019 313 2054 quod
331 2019 383 2046 fine
400 2019 553 2051 curriculo,
573 2023 600 2044 et
617 2018 670 2044 line
689 2019 836 2046 certatione
855 2029 999 2055 corporum
1016 2021 1079 2054 fiat,
1096 2025 1128 2051 50
1145 2021 1218 2046 enim
1232 2020 1353 2047 medium
1367 2027 1470 2054 tempus
1489 2019 1522 2045 ad
1535 2018 1707 2050 soluendum,
1721 2017 1839 2043 liberum
1859 2019 2010 2052 promissori
2026 2019 2202 2053 relinquitur.

39 2055 184 2092 epularem
204 2055 332 2082 laetitiam
352 2056 383 2082 in
402 2060 497 2087 cantu,
510 2059 536 2081 et
556 2053 654 2080 fidibus
674 2063 701 2081 et
719 2054 795 2081 tibiis
814 2056 978 2083 moderanto.
1017 2057 1078 2084 Liu.
1146 2057 1220 2090 Virg.
1237 2057 1335 2089 Georg.
1352 2065 1378 2087 2,
1392 2063 1440 2086 329
1459 2055 1490 2079 Et
1504 2055 1636 2079 Venerem
1649 2054 1727 2080 certis
1741 2059 1864 2088 repetunt
1876 2060 1996 2079 armenta
2007 2054 2116 2080 Diebus.
2145 2054 2202 2080 Ser-

49 2099 71 2125 5,
84 2100 103 2125 4
126 2089 275 2124 Confestim
286 2090 402 2117 Caruilii
414 2089 624 2125 Tribuniplebis
643 2090 734 2117 omiss'a
748 2091 850 2118 Multae
864 2093 1023 2126 certatione,
1038 2093 1079 2120 rei
1145 2093 1205 2118 vius
1226 2091 1312 2116 Certis
1327 2092 1428 2124 exponit
1442 2089 1548 2115 Statutis
1556 2111 1564 2123 ,
1578 2089 1724 2124 legitimis,
1736 2098 1751 2115 a
1764 2095 1858 2115 natura
1878 2097 1971 2115 arcana
1985 2089 2099 2124 quadam
2119 2089 2204 2116 ratio-

41 2127 152 2163 ·apitalis
170 2127 242 2153 diem
261 2126 397 2154 Postumio
416 2125 548 2154 dixerunt.
583 2127 621 2153 De
642 2126 722 2153 eadem
738 2137 765 2153 re
783 2128 837 2154 Cic.
859 2128 890 2154 dc
910 2128 1002 2163 Legib.
1022 2137 1044 2160 3,
1062 2131 1080 2154 6
1111 2133 1114 2136 ·
1145 2135 1178 2152 ne
1195 2125 1335 2159 dispositis.
1379 2125 1436 2151 Cic.
1446 2124 1485 2151 tle
1500 2125 1593 2155 Leaib.
1608 2134 1634 2158 2,
1651 2134 1679 2159 19
1706 2126 1852 2159 Certasque
1871 2125 1976 2159 fruges,
1990 2132 2125 2161 certasque
2143 2125 2204 2152 bac·

44 2165 126 2197 Qum
150 2162 314 2197 magistratus
335 2161 476 2195 iudicaffit,
501 2161 724 2196 interrogaffitue‚
753 2171 800 2196 per
826 2164 954 2197 populum
975 2164 1078 2188 Multae
1145 2170 1204 2193 cas,
1223 2161 1370 2187 sacerdotes
1390 2160 1497 2196 publice
1522 2155 1643 2194 libanto,
1661 2161 1741 2188 certis
1759 2160 1895 2187 sacrificiis
1915 2170 1943 2187 ac
1951 2161 2061 2188 Diebus.
2079 2193 2083 2196 ι
2132 2162 2204 2188 Hor.

43 2202 135 2225 ’oenae
155 2199 267 2225 certatio
287 2198 351 2225 esto.
407 2198 474 2224 Ter.
491 2197 567 2223 Adel.
582 2205 606 2229 ε,
621 2206 644 2229 2,
659 2205 678 2230 4
706 2197 852 2231 Nunquam
874 2197 933 2223 vidi
955 2197 1077 2231 iniquius
1098 2198 1127 2224 55
1145 2196 1228 2231 Epod.
1243 2204 1278 2229 15,
1294 2199 1322 2223 16
1345 2197 1402 2223 Nec
1423 2196 1502 2223 semel
1524 2197 1638 2224 offensae
1660 2197 1735 2224 cedet
1755 2197 1901 2223 constantia
1915 2197 2036 2230 formae,
2074 2196 2100 2224 Si
2116 2203 2204 2224 certus

44 2234 215 2262 tertationem
227 2238 417 2268 comparatam,
434 2241 513 2267 quam
525 2231 607 2259 hodie
621 2232 752 2258 internos
764 2232 830 2258 fuit:
857 2232 912 2267 Ego
924 2232 1077 2267 vapulando
1145 2232 1252 2259 intrarit
1259 2232 1360 2264 Dolor,
1381 2235 1398 2259 ι’.
1416 2243 1442 2259 νε
1454 2232 1608 2267 considerata
1621 2240 1700 2261 ortus.
1747 2234 1823 2268 Virg.
1838 2234 1905 2259 Aen.
1919 2235 1945 2266 6,
1959 2236 2007 2268 673
2034 2233 2114 2260 Nulli
2132 2239 2204 2260 certa

45 2270 81 2296 lle
94 2268 260 2296 verberando
271 2269 354 2303 vsque
366 2267 447 2294 ambo
460 2267 546 2294 defeffi
561 2267 658 2294 sumus.
693 2267 749 2294 Cic.
764 2277 813 2302 pro
827 2267 937 2303 Quintil.
953 2271 984 2298 68
1005 2270 1079 2295 Haec
1145 2270 1263 2296 Domus:
1281 2269 1348 2295 lucis
1371 2268 1523 2296 habitamus
1541 2270 1640 2304 opacis.
1711 2269 1865 2301 Exercitus,
1878 2268 1932 2295 vid.
1944 2268 2030 2308 pqullo
2039 2268 2112 2303 post,
2125 2269 2204 2295 Fines

0 2315 1 2318 ¹
46 2304 69 2331 ¹st
82 2304 174 2339 iniqua
185 2304 308 2331 certatio:
327 2312 383 2330 non
390 2303 446 2336 illa,
458 2312 511 2338 qua
523 2309 552 2330 tu
567 2309 659 2330 contra
671 2302 824 2338 Alphenum
837 2304 1001 2331 velitabaris.
1037 2304 1078 2332 Id.
1144 2305 1219 2332 certi.
1258 2305 1314 2331 Cic.
1329 2304 1361 2331 de
1375 2305 1468 2331 Diuin.
1483 2313 1503 2337 1,
1517 2313 1546 2337 91
1562 2314 1584 2331 c.
1599 2313 1630 2338 41
1649 2305 1770 2339 Itemque
1782 2305 1836 2330 Elis
1847 2304 1877 2330 in
1888 2304 2069 2340 Peloponneso
2077 2304 2203 2331 Familias

32 2349 33 2353 ¹
45 2343 65 2367 le
77 2339 165 2367 Finib.
176 2348 203 2373 2,
215 2348 254 2374 44
267 2349 289 2366 c.
304 2347 335 2373 14
353 2339 420 2366 Non
436 2338 507 2366 mihi
527 2348 588 2366 cum
599 2339 762 2374 Torquate,
776 2339 818 2366 sed
840 2340 938 2367 virtuti
958 2350 1019 2367 cum
1031 2350 1079 2368 vo·
1145 2341 1207 2368 duas
1220 2346 1302 2367 certas
1318 2340 1398 2366 habet
1412 2340 1594 2374 haruspicinae
1611 2339 1755 2365 nobilitate
1768 2339 1935 2374 praestantes.
2008 2339 2085 2366 Fides
2104 2340 2203 2367 animis

22 2381 37 2409 ς’
46 2381 131 2411 uptate
144 2375 265 2403 certatio.
301 2377 333 2402 Et
352 2384 401 2410 pro
415 2375 509 2409 Quint.
525 2377 557 2406 68
583 2375 625 2402 An
636 2383 703 2402 vcro
716 2375 745 2401 id
758 2375 830 2410 quod
838 2375 1020 2410 Hortensium,
1033 2384 1079 2404 etc.
1102 2379 1137 2405 60
1146 2382 1231 2407 certa,
1251 2379 1270 2402 i.
1295 2375 1398 2402 Fiducia
1416 2378 1515 2401 minime
1528 2382 1619 2415 anceps
1632 2374 1721 2401 Valer.
1734 2376 1834 2410 Argon.
1851 2384 1885 2409 4,
1904 2383 1969 2410 744.
2042 2375 2118 2402 Facti
2131 2382 2203 2403 certa

23 2410 30 2436 l
46 2421 88 2439 1011
99 2411 176 2438 ῐιΐιίΐε
189 2411 299 2439 Naeuio
312 2420 402 2446 parem
414 2412 587 2438 certationem
600 2420 661 2438 cum
673 2410 810 2446 Alpheno,
824 2411 873 2438 illo
887 2417 1008 2447 tempore
1024 2413 1080 2439 illis
1147 2411 1223 2439 Fides
1240 2410 1318 2443 est,'i.
1336 2417 1430 2437 certum
1451 2409 1484 2444 est
1502 2411 1547 2438 hoc
1558 2412 1599 2445 ch
1617 2410 1745 2447 contigzffi‘
1765 2411 1846 2438 Ouid.
1862 2411 1928 2437 Fast.
1950 2412 1976 2443 6,
1990 2412 2052 2444 609.
2124 2411 2203 2438 Fides

24 2445 26 2450 '
46 2447 252 2475 lominantibus?
285 2447 343 2475 Cic.
357 2446 389 2474 de
401 2447 509 2474 Amicit.
522 2454 554 2480 32.
570 2457 592 2474 c.
604 2456 621 2481 9
654 2448 742 2482 Atque
759 2447 824 2475 haec
843 2448 914 2475 inter
928 2457 973 2475 eos
989 2449 1019 2476 fit
1032 2448 1080 2475 ho·
1146 2453 1216 2473 certa
1230 2446 1322 2481 segetis
1339 2447 1406 2473 Hor.
1423 2447 1512 2474 Carm.
1527 2455 1548 2479 3,
1563 2449 1600 2478 16,
1612 2455 1653 2479 30.
1667 2456 1727 2482 quae
1739 2447 1824 2474 reddit
1837 2456 1890 2473 cum
1900 2447 2007 2483 foenore
2023 2447 2145 2474 creditum
2149 2447 2204 2481 fibi

52 2483 104 2511 esta
115 2483 236 2511 certatio.
394 2502 396 2505 ψ
973 2484 977 2490 '
1140 2483 1233 2519 J‘emtn.
1283 2481 1350 2508 Plin.
1366 2482 1446 2517 Epist.
1459 2492 1498 2516 10,
1511 2490 1540 2518 71
1572 2484 1649 2516 Qlae
1668 2483 1730 2509 ideo
1748 2483 1802 2510 tibi
1819 2492 1874 2509 non
1886 2482 1962 2516 111111,
1987 2483 2051 2517 quia
2068 2489 2094 2510 et
2107 2492 2203 2518 parum

29 2527 34 2546 t
69 2520 205 2553 CERTAS
213 2526 296 2547 ΤΙΜ.
328 2518 396 2546 Adu.
437 2519 450 2553 [
462 2518 584 2555 οἷγωνιςῖ]
627 2520 688 2546 Cum
704 2521 875 2545 contentione:
899 2518 997 2554 quando
1017 2519 1083 2545 alius
1148 2517 1301 2550 emendata,
1314 2523 1340 2544 et
1354 2517 1482 2553 quaedam
1498 2528 1553 2545 non
1564 2525 1650 2546 certae
1664 2519 1741 2545 Fidei
1753 2519 1928 2550 videbantur,
1939 2521 1957 2544 i.
1965 2517 2084 2555 suspecta
2096 2518 2203 2556 saffira-

52 2557 111 2583 Iium
119 2558 221 2591 praeire
234 2562 258 2582 et
268 2555 389 2591 superare
400 2561 506 2582 conatur
519 2558 546 2582 in
559 2565 586 2582 re
597 2556 690 2591 aliqua.
726 2554 793 2581 Plin.
807 2553 886 2588 Epist.
898 2561 924 2586 2,
939 2562 956 2587 9
982 2554 1082 2581 Omnes
1100 2555 1132 2587 65
1146 2557 1182 2581 tis
1196 2554 1341 2590 etfraudis.
1384 2554 1458 2581 Finis
1471 2560 1556 2586 certa,
1569 2558 1586 2581 i.
1599 2558 1721 2581 terminus
1732 2554 1883 2588 corfiitutus
1896 2555 2002 2581 Lucret.
2013 2564 2034 2588 1,
2046 2557 2100 2588 562.
2143 2555 2202 2582 Cic.

48 2600 80 2618 ne
93 2591 228 2628 certatim,
243 2596 269 2618 et
283 2597 372 2618 tamen
387 2591 534 2626 aequaliter
549 2597 646 2618 amant.
682 2589 743 2616 Liu.
758 2591 802 2621 26,
838 2608 844 2614 .
881 2609 888 2615 .
926 2608 932 2615 .
989 2591 1083 2625 Itaque
1147 2589 1261 2625 Philipp.
1277 2599 1316 2622 10,
1331 2598 1354 2616 11
1381 2591 1456 2617 Certi
1463 2591 1541 2617 Fines
1556 2590 1746 2624 Macedoniae,
1759 2597 1830 2618 certa
1844 2591 1981 2623 conditio,
1995 2597 2083 2617 certus
2096 2597 2153 2618 erat
2170 2591 2204 2618 ilfi

23 2632 30 2641 ¹
50 2637 68 2654 n
78 2627 189 2655 vulnera
203 2636 232 2654 ac
250 2627 304 2654 tela
317 2633 404 2653 ruunt
416 2635 503 2661 neque
515 2626 575 2654 illos
589 2627 677 2658 muri,
695 2633 782 2659 neque
796 2624 967 2659 superstantes
985 2626 1083 2653 armati
1147 2626 1198 2653 lius
1219 2627 1365 2658 exercitus,
1377 2629 1395 2652 i.
1409 2626 1624 2663 dgfi⁷1itus‚lege,
1640 2627 1701 2654 SCto
1711 2627 1815 2663 finitus.
1852 2629 1894 2655 Sic
1914 2628 2007 2653 Finem
2027 2633 2093 2653 voto
2112 2633 2204 2662 petere

53 2671 126 2690 rcere
138 2663 331 2698 queunt,quin
342 2661 464 2688 certatim
476 2661 639 2688 adscendant.
711 2661 824 2687 eantare
837 2661 958 2687 certatim
970 2662 1084 2688 amicam
1147 2670 1249 2689 certum
1280 2662 1371 2688 ubaudi
1389 2662 1515 2689 Habendi
1538 2664 1606 2690 Hor.
1621 2663 1700 2698 Epist.
1720 2672 1741 2696 1,
1754 2672 1780 2695 2,
1794 2665 1836 2696 56.
1892 2662 1967 2689 Idem
1987 2663 2070 2689 Serm.
2087 2672 2106 2696 1,
2120 2672 2139 2696 1,
2155 2665 2203 2690 106

53 2698 170 2725 brentem
181 2699 250 2725 Hor.
262 2698 344 2725 Serm.
359 2705 378 2729 1,
392 2704 415 2730 5,
429 2704 467 2731 17.
520 2697 595 2732 Virg.
610 2698 676 2724 Aen.
689 2703 716 2731 7,
730 2701 773 2729 585
804 2697 934 2723 Certatim
947 2698 1017 2732 regis
1025 2699 1083 2724 Cir·
1148 2698 1190 2725 Est
1203 2707 1248 2725 mo
1269 2707 1300 2724 us
1314 2698 1343 2724 111
1355 2697 1451 2731 rebus,
1468 2700 1527 2725 sunt
1541 2699 1608 2726 certi
1622 2699 1739 2734 denique
1746 2700 1837 2726 Fines:
1857 2699 1932 2732 Q1os
1942 2698 2010 2725 vltra
2023 2699 2142 2734 citraque
2156 2708 2202 2726 nea

54 2733 253 2760 umstant-teaa
263 2732 362 2765 Latini.
417 2732 474 2759 Cic.
487 2732 559 2759 Fam.
574 2742 613 2765 10,
626 2740 656 2766 25
681 2732 731 2759 Etsi
750 2732 826 2758 omni
844 2738 964 2768 tempore
983 2734 1085 2760 summa
1102 2740 1138 2768 70
1146 2735 1206 2769 quit
1219 2733 1357 2761 consistere
1368 2734 1480 2761 rectum.
1516 2735 1572 2762 Cic.
1593 2744 1642 2770 pro
1663 2735 1757 2769 Qint.
1780 2743 1808 2769 35
1838 2734 1933 2761 Certos
1953 2734 2024 2761 mihi
2045 2736 2137 2767 Fines,
2150 2742 2203 2761 tera

32 2769 125 2799 ..udia
145 2767 232 2796 officii
256 2775 350 2796 mutuo
367 2768 438 2795 inter
455 2777 503 2795 nos
523 2769 643 2796 certatim
656 2768 838 2795 Constiterunt
856 2778 905 2803 pro
923 2769 1027 2803 nostra,
1040 2777 1085 2796 etc.
1147 2771 1289 2805 minosque
1308 2770 1482 2803 constituam,
1502 2777 1576 2797 extra
1599 2779 1665 2806 quos
1690 2770 1782 2805 egredi
1800 2779 1855 2797 non
1873 2770 1981 2806 possim,
1995 2770 2014 2796 fi
2028 2771 2144 2797 maxime
2158 2780 2206 2797 ve-

65 2805 101 2831 111.
117 2812 142 2838 1,
158 2811 191 2838 54
217 2805 344 2832 Certatim
362 2805 474 2837 summi,
489 2804 631 2840 infimique
651 2804 818 2832 Gabinorum
839 2804 946 2831 Sextum
965 2805 1095 2841 Tarqui-7
1147 2806 1206 2832 lirn.
1276 2806 1422 2833 Fluitantia
1433 2806 1545 2835 reddere
1563 2815 1649 2839 certa,
1662 2810 1679 2833 i.
1692 2810 1790 2834 incerta
1802 2814 1871 2834 certa
1883 2806 1983 2833 reddere
1995 2807 2064 2832 Hor.
2079 2807 2161 2833 Serm.
2175 2815 2203 2839 2,

50 2840 116 2867 ium
133 2839 205 2881 dono
221 2840 300 2868 deum
319 2840 368 2867 fibi
385 2840 488 2880 missum
501 2839 595 2867 ducem
608 2840 731 2868 Credere.
768 2841 823 2867 Cic.
837 2840 950 2876 Philipp.
966 2850 991 2875 2,
1008 2847 1045 2872 118
1062 2852 1084 2869 c.
1149 2851 1172 2875 3,
1185 2844 1245 2875 269.
1282 2842 1357 2877 Virg.
1372 2843 1437 2869 Aen.
1454 2851 1474 2876 1,
1488 2844 1524 2869 66
1549 2844 1703 2878 Regemque
1716 2842 1800 2876 dedit,
1814 2843 1860 2878 qui
1869 2842 1987 2869 Foedere
2002 2848 2075 2868 certo
2098 2843 2130 2868 Et
2142 2851 2201 2876 pre-

59 2878 76 2903 6
97 2875 225 2903 certatim
240 2876 358 2912 posthac,
373 2875 442 2902 mihi
456 2876 549 2909 crede,
563 2876 596 2904 ad
611 2876 661 2903 hoc
676 2885 741 2912 opus
755 2878 893 2903 Curretur.
949 2877 1022 2904 Idem
1034 2887 1084 2913 pro
1148 2887 1237 2911 mere,
1250 2883 1277 2904 et
1289 2878 1358 2906 laxas
1373 2879 1452 2905 sciret
1465 2879 1528 2905 dare
1546 2879 1626 2906 iussus
1640 2879 1764 2906 habenas.
1837 2878 1948 2905 Fructus
1962 2884 2048 2904 certos
2061 2886 2092 2904 ac
2111 2878 2201 2904 defor-

56 2917 107 2953 exc.
120 2919 158 2947 74
172 2921 194 2943 c.
202 2921 233 2946 3⁴
260 2914 351 2947 Quum
365 2921 456 2953 omnes
469 2913 606 2946 certatim,
621 2912 740 2948 aliusque
760 2912 814 2939 alio
830 2912 936 2947 grauius
948 2919 1027 2949 atque
1041 2923 1084 2941 or·
1103 2917 1135 2945 75
1149 2920 1233 2941 matos
1255 2914 1392 2941 ostendere
1407 2915 1540 2948 Quinctil.
1554 2917 1571 2942 6
1587 2924 1708 2950 prooem.
1727 2924 1753 2948 9.
1775 2916 1886 2950 opponit
1901 2913 2037 2949 Floribus.
2112 2914 2201 2940 Genus

17 2959 19 2962 ⁴
31 2964 35 2968 -
57 2954 128 2975 atius*
137 2947 169 2974 de
181 2957 240 2975 mea
253 2949 334 2975 salute
349 2948 473 2981 Dixiss‘et,
486 2956 532 2976 etc.
606 2949 734 2976 Certatim
748 2948 857 2976 Feriunt
869 2949 934 2975 socii
946 2959 1019 2976 mare
1028 2971 1037 2984 ,
1057 2956 1083 2977 et
1149 2950 1332 2986 quaestionum
1345 2956 1446 2978 certum
1459 2951 1515 2978 Cic.
1530 2951 1562 2978 de
1574 2952 1649 2979 Orat.
1663 2960 1689 2984 2,
1701 2960 1742 2984 41.
1778 2952 1852 2977 Idem
1864 2949 1917 2976 Off.
1933 2958 1951 2982 1,
1967 2957 2007 2984 117
2033 2950 2127 2984 Itaque
2139 2956 2201 2976 ante

69 2991 153 3020 quota
163 2990 275 3011 verrunt
286 2984 360 3020 Virg.
375 2984 439 3011 Aen.
452 2993 476 3017 3,
490 2993 551 3019 290.
623 2985 770 3012 Instaurant
783 2985 904 3011 certatim
923 2986 1021 3020 epulas,
1036 2994 1083 3013 etc.
1148 2987 1301 3021 implicatur
1315 2986 1408 3022 aliquo
1421 2993 1494 3014 certo
1501 2988 1616 3020 Genere,
1629 2988 1761 3021 cursuque
1779 2985 1907 3017 viuendi,
1920 2993 2001 3019 quam
2014 2986 2119 3019 potuit,
2132 2984 2201 3020 quid

55 3017 190 3060 dem-Aen.
206 3026 234 3054 7,
249 3022 306 3054 146.
357 3021 389 3046 Et
401 3021 499 3055 Georg.
512 3029 541 3054 4,
554 3026 590 3054 38.
605 3021 634 3048 de
649 3021 736 3057 apibus
756 3020 948 3055 Nequidquam
961 3022 989 3048 in
1004 3022 1082 3049 tediis
1149 3023 1282 3058 optimum
1293 3024 1353 3050 ess'et
1367 3022 1496 3050 iudicare.
1568 3025 1653 3050 Heres
1666 3029 1751 3049 certus
1759 3022 1817 3048 Sen.
1830 3020 1942 3056 Hippoi.
1957 3028 2019 3047 1112.
2092 3022 2202 3049 Hastam

55 3058 159 3081 ertatlm
170 3056 262 3083 tenuia
273 3064 332 3083 cera
351 3056 513 3091 Spiramcnta
520 3057 630 3084 Linunt.
700 3057 789 3092 Loqui
802 3057 922 3084 certatim
929 3058 1009 3085 Ouid.
1019 3059 1083 3085 Met.
1148 3065 1248 3086 certam
1268 3065 1394 3094 quatere,
1406 3062 1424 3085 i.
1438 3059 1605 3086 ineuitabilem
1625 3059 1700 3093 Virg.
1715 3059 1779 3084 Aen.
1795 3065 1829 3090 11,
1844 3059 1907 3092 767.
1979 3057 2111 3084 Homines
2123 3057 2202 3090 certi,

55 3097 81 3122 2,
92 3097 150 3130 ²⁴2¹·
219 3091 376 3132 Obstrepere
396 3092 516 3119 certatim
535 3093 602 3120 alter
619 3093 697 3120 alteri
717 3093 777 3120 Liu.
798 3101 818 3124 1,
838 3101 883 3126 40.
954 3094 1082 3121 Tradunt
1097 3093 1130 3131 89
1149 3094 1292 3130 Notiffimi,
1306 3094 1374 3132 quast
1384 3095 1529 3136 quipoffint
1541 3097 1686 3122 nominatim
1705 3092 1808 3129 referri.
1831 3094 1888 3120 Cic.
1904 3101 1954 3127 pro
1968 3093 2058 3119 Domo
2072 3098 2102 3123 28
2124 3094 2200 3120 Hane

55 3124 211 3166 ertatimde
229 3125 271 3153 his
291 3127 488 3167 autitores‘plin.
503 3137 540 3161 32,
552 3136 574 3162 5.
647 3128 691 3156 Vfi
711 3130 771 3155 sunt
789 3127 840 3155 hoe
853 3129 974 3157 certatim
986 3131 1083 3158 Cicero
1146 3130 1356 3158 iueundissimam
1369 3138 1442 3158 Vitae
1455 3138 1534 3166 atque
1547 3129 1700 3156 officiorum
1712 3129 1835 3155 omnium
1848 3129 2014 3161 societatem,
2029 3129 2201 3156 certiHomi-

68 3169 119 3196 que
140 3159 241 3201 Asin—ms
254 3161 383 3203 Qiine’til.
397 3165 424 3195 6,
439 3172 458 3190 1.
592 3186 597 3188 .
793 3176 795 3179 ¹
1104 3164 1109 3167 ’
1146 3175 1192 3193 nes
1205 3166 1274 3194 fietis
1286 3167 1454 3194 sermonibus
1468 3174 1493 3193 et
1508 3166 1576 3192 fallis
1593 3164 1753 3192 criminibus
1770 3164 1944 3192 diremerunt.
1981 3164 2055 3200 Conf.
2067 3164 2107 3191 Id.
2125 3165 2199 3192 Fam.

70 3203 98 3237 ‘c'
105 3203 148 3224 ER
158 3203 264 3224 ΤΛΤῡ
273 3204 309 3230 R,
321 3201 392 3238 §ri-⁵·
407 3207 444 3225 m.
479 3198 623 3233 [Ἀγωνιςῆς
636 3201 696 3227 Vet.
706 3199 803 3234 Gloffi]
828 3201 958 3236 ¹Agrestes
966 3207 992 3229 et
1006 3201 1083 3230 indo.
1148 3211 1168 3236 1,
1183 3211 1209 3236 9,
1223 3212 1261 3236 29.
1277 3206 1342 3238 et·4‚
1355 3211 1383 3237 9,
1396 3212 1418 3236 ς.
1462 3203 1531 3237 Nep.
1547 3209 1574 3236 7,
1587 3210 1625 3234 10,
1638 3211 1655 3228 1.
1669 3207 1693 3227 et
1708 3209 1746 3233 10,
1759 3209 1787 3234 9,
1802 3209 1819 3226 1.
1891 3201 1984 3227 Homo
1998 3206 2094 3233 certus,
2109 3204 2126 3227 i.
2141 3211 2200 3238 gra*

56 3238 105 3275 ¹¹⁸¹.
118 3237 330 3268 certatores‚qm
347 3232 396 3260 nisi
414 3233 618 3286 aiissoritatibus
638 3235 768 3263 adhibitis
786 3244 849 3262 non
861 3238 1084 3273 comprimuntur,
1146 3241 1198 3265 vis.
1217 3240 1259 3266 Sic
1277 3239 1375 3275 quidem
1392 3241 1492 3274 exponit
1507 3239 1600 3264 Paulus
1612 3238 1748 3264 Manutius
1764 3235 1831 3271 apud
1844 3235 1902 3262 Cic.
1916 3236 1969 3262 Att.
1983 3243 2007 3269 5,
2018 3244 2045 3263 21
2066 3238 2103 3270 Q
2116 3237 2200 3263 Vola-

13 3306 16 3310 .
76 3267 244 3305 disputatores
264 3268 333 3296 Geli.
353 3277 389 3302 12,
407 3277 458 3297 ιο.Δ
479 3271 645 3299 Certatorem
666 3273 692 3299 se
711 3271 835 3307 profiteri
853 3273 930 3308 Apul.
947 3273 982 3301 de
995 3274 1083 3309 dogm.
1099 3272 1129 3302 83
1148 3274 1213 3301 smm
1226 3275 1266 3302 tui
1280 3274 1396 3302 Tiberii
1413 3283 1557 3310 generum,
1571 3279 1672 3300 certum
1684 3272 1848 3304 Hominem,
1862 3271 1906 3298 sed
1925 3272 2040 3299 mirifice
2054 3274 2136 3299 etiam
2153 3273 2200 3300 ab·

56 3307 100 3331 ιῖ-
113 3313 139 3340 P·
151 3311 197 3339 47·
437 3315 453 3346 ζ
1148 3310 1287 3338 stinentem
1296 3331 1304 3344 ,
1317 3311 1376 3338 misi
1391 3311 1420 3337 in
1432 3311 1567 3344 Cyprum,
1581 3315 1609 3336 vt
1622 3309 1662 3335 ibi
1674 3308 1800 3344 pauculos
1812 3307 1868 3334 dies
1881 3308 1955 3334 effet:
1974 3317 2009 3334 ne
2022 3309 2093 3335 ciues
2102 3310 2199 3335 Roma-

75 3346 118 3381 ci?
126 3347 146 3367 R
154 3346 176 3367 'r
185 3347 206 3367 A
215 3345 231 3366 Β
241 3345 262 3366 ν
271 3345 295 3365 Ν
303 3345 352 3367 DV
360 3347 384 3368 s.
402 3339 464 3368 Adi.
489 3342 568 3377 Apul.
579 3343 657 3378 Apol.
671 3353 696 3379 p.
713 3348 766 3376 288,
778 3352 809 3376 23
830 3344 962 3379 Diogenes
974 3345 1084 3381 quidem
1147 3346 1176 3372 ni
1190 3347 1276 3381 pauci,
1294 3348 1342 3383 qui
1356 3347 1413 3373 illic
1429 3346 1610 3380 negotiantur,
1623 3345 1663 3371 ius
1677 3344 1728 3370 fibi
1740 3343 1843 3370 dictum
1853 3350 1988 3378 negarent.
2024 3345 2079 3380 Qu
2095 3348 2122 3370 in
2135 3345 2197 3376 loco,

34 3398 36 3402 .
65 3384 155 3417 ymrus
169 3384 229 3416 cnm
243 3374 394 3416 Alexandro
406 3385 502 3412 magno
514 3377 546 3404 de
558 3381 670 3407 veritate
683 3380 761 3415 regni
779 3379 970 3415 certabundus,
987 3382 1083 3410 baculo
1147 3382 1211 3416 Sed,
1223 3382 1308 3418 accipe
1327 3381 1422 3409 dietum
1441 3382 1475 3408 ad
1492 3381 1628 3418 aagendam
1647 3380 1757 3407 laudem:
1777 3386 1807 3406 vt
1814 3378 1841 3413 fi
1860 3379 1944 3412 dicar,
1963 3381 2055 3407 Homo
2069 3379 2197 3410 eruditus,

59 3417 136 3448 'epm
154 3420 214 3453 νίς-Ε
232 3410 406 3454 glonabflfflf·
699 3439 701 3443 .
926 3440 929 3441 .
1148 3417 1193 3444 sed
1206 3419 1333 3454 eloquens
1347 3418 1375 3445 in
1389 3418 1492 3453 primis.
1527 3418 1654 3444 Caeterum
1663 3424 1712 3451 pro
1727 3415 1813 3451 ftucro
1827 3415 1923 3442 Certus
1939 3419 2014 3442 etiam
2031 3414 2064 3448 ist
2077 3406 2198 3446 Mai-rial.

37 3477 39 3486 .
51 3475 66 3489 ·..
77 3454 208 3476 CERTA
217 3453 239 3473 T
248 3454 308 3488 η’
331 3456 369 3474 ¹¹⁵·
395 3457 433 3474 ¹¹¹·
466 3448 480 3482 [
492 3447 640 3485 dydimum]
676 3451 743 3479 Idem
761 3451 829 3487 quod
849 3452 983 3481 Certamen.
1020 3455 1082 3482 Stat.
1097 3461 1133 3486 90
1149 3462 1172 3487 5,
1185 3456 1219 3481 62
1238 3455 1302 3482 Sane
1317 3460 1402 3481 certus
1416 3460 1442 3480 et
1453 3454 1528 3488 asper
1541 3453 1632 3479 Homo
1649 3451 1693 3478 est.
1714 3451 1807 3486 Nempe
1820 3451 1932 3485 Certus,
1947 3455 1991 3488 qui
2004 3451 2121 3482 decreuit,
2135 3448 2197 3485 quid

30 3486 39 3519 i
59 3483 105 3511 Ν·
116 3491 142 3525 3?
155 3492 176 3517 ¹2
189 3490 229 3516 ¹53
257 3483 389 3519 R¹detq¹¹²
409 3483 523 3518 befflgna
547 3485 710 3522 Parthenope
731 3487 838 3514 Gentile
856 3488 973 3523 sacrum,
985 3490 1083 3518 nudos·
1139 3489 1191 3524 sthi
1203 3485 1328 3527 agendum=
1330 3490 1377 3525 fit.
1423 3489 1471 3517 sed
1488 3489 1544 3515 Cic.
1563 3489 1634 3515 Fam.
1657 3495 1678 3519 1,
1691 3495 1709 3522 7
1736 3487 1850 3521 Quoties
1864 3487 1935 3515 mihi
1946 3494 2080 3514 certorum
2101 3485 2197 3511 Homi-

70 3529 74 3541 ·
90 3524 231 3557 gvii-orum
244 3520 388 3561 certatus,
401 3526 427 3546 et
441 3527 522 3555 parua
535 3520 745 3557 suaefiunulacra
756 3531 880 3550 coronae.
1146 3535 1211 3552 1111111
1232 3526 1343 3561 potestas
1356 3525 1408 3552 erit
1417 3545 1425 3558 ,
1439 3525 1537 3560 quibus
1555 3524 1627 3550 reete
1646 3523 1705 3549 dem
1713 3542 1722 3556 ‚
1740 3532 1794 3549 non
1814 3524 2032 3558 praetermittam.
2103 3521 2195 3547 Homo

39 3562 42 3571 ⁴
64 3560 212 3588 ..OERTVQ
220 3563 244 3588 a,
251 3563 305 3582 11111.
325 3555 386 3598 Adi.
405 3553 606 3590 [dvoemiCoM5,
618 3556 850 3593 α’ναμφισβῆτητος,
861 3559 990 3594 domabis,
1007 3562 1082 3594 ἒυιξέ-
1146 3560 1335 3589 honestiffimus
1355 3568 1381 3588 et
1400 3560 1552 3587 certiffimus
1571 3559 1627 3586 Cic.
1643 3560 1720 3586 Verr.
1733 3567 1750 3585 2.
1762 3568 1784 3586 e.
1797 3561 1842 3593 64.
1862 3559 1897 3586 ad
1908 3559 1986 3595 fidem
2006 3564 2030 3584 et
2049 3557 2195 3591 religionem

39 3609 41 3614 2
124 3608 127 3611 ι
147 3590 162 3627 ]
195 3591 298 3622 Clarus,
316 3598 342 3617 et
360 3591 533 3624 indubitatus,
547 3601 562 3618 a
581 3593 683 3625 Cerno,
700 3594 792 3627 Video,
804 3597 863 3631 quia
878 3604 915 3628 ea,
930 3605 991 3632 quae
1003 3601 1083 3624 cerni·
1146 3598 1260 3625 mandati
1266 3601 1387 3634 pertinet.
1422 3597 1498 3631 Virg.
1513 3597 1577 3622 Aen.
1593 3603 1629 3627 12,
1641 3603 1696 3628 490
1716 3595 1824 3622 Horum
1837 3604 1919 3622 vnum
1932 3600 2004 3620 certo
2016 3598 2195 3626 contorquens

66 3641 69 3646 .
100 3645 110 3660 ‚
121 3626 190 3654 clara
210 3633 234 3653 et
251 3627 393 3654 indubitata
406 3627 478 3663 fiant.
515 3627 584 3654 Hinc
594 3637 652 3655 vero
665 3629 760 3657 Certus
773 3633 847 3658 etiam
863 3629 1084 3666 firnms‚stabilir‚
1097 3637 1129 3663 95
1147 3633 1242 3669 dirigit
1261 3634 1329 3661 Ictu.
1369 3632 1430 3660 Vid.
1456 3634 1541 3659 Burm.
1560 3629 1594 3656 ad
1607 3629 1716 3664 Qiinet.
1732 3631 1805 3658 Decl.
1826 3640 1847 3664 1,
1861 3640 1889 3657 10
1910 3640 1935 3665 p.
1948 3626 1989 3663 22⁴⁷.
2015 3626 2089 3662 Conf-
2110 3629 2194 3654 Arcus

41 3665 46 3672 '
72 3661 165 3698 'fidem
176 3661 354 3699 baberepqffis.
392 3665 484 3699 Nempe
504 3664 545 3690 vel
556 3663 650 3699 paffiue
663 3667 770 3699 ponitur
788 3666 833 3693 hoc
847 3675 949 3693 nomen:
971 3670 1010 3695 ita
1027 3678 1083 3696 cer.
1147 3675 1241 3697 certus.
1312 3669 1440 3697 Inimicus
1453 3672 1555 3699 certus,
1573 3667 1642 3702 quast
1661 3676 1691 3693 ex
1703 3666 1815 3703 profesto
1835 3670 1966 3696 inimicus,
1978 3672 2044 3699 quem
2063 3665 2194 3690 inimicum

26 3729 29 3737 .
42 3726 44 3730 ,
64 3707 67 3718 ⁸
90 3711 98 3740 ¹,
112 3695 162 3731 fi,
173 3695 326 3737 ‘1⁸¹'41‘0-”9'1
343 3698 484 3726 adstamus
491 3719 500 3732 ⁵
516 3705 546 3725 ⁷0³
558 3708 593 3730 Μ»
609 3708 670 3740 2¹⁴⁰?
687 3701 764 3727 oculis
780 3699 875 3734 nostris
885 3701 1025 3734 credimus-5
1043 3706 1086 3732 vel
1147 3703 1190 3738 ff
1207 3715 1256 3733 non
1275 3706 1333 3732 licet
1350 3704 1465 3731 dubitare
1483 3703 1565 3729 Plaut.
1579 3702 1646 3729 Pers.
1661 3712 1689 3737 4,
1703 3713 1733 3736 4,
1746 3711 1783 3735 33.
1855 3703 1910 3728 Lex
1923 3706 1992 3726 certa
2006 3704 2032 3724 et
2042 3697 2152 3725 definita
2164 3699 2194 3725 in

2 3763 4 3766 .
62 3753 63 3756 ¹
87 3737 140 3774 3¹⁴²:
155 3736 194 3761 ’Μ
205 3739 290 3760 cem!-
302 3732 350 3768 est,
361 3738 405 3772 qui
416 3738 499 3762 omnia
509 3737 700 3772 circumspexit,
713 3738 787 3762 etiam
799 3736 914 3764 dubitare
925 3745 1085 3771 aueKmeeuere
1148 3741 1310 3768 carminibus
1324 3741 1381 3767 Cic.
1396 3740 1424 3766 in
1438 3739 1513 3765 Orat.
1527 3743 1580 3771 198.
1651 3738 1722 3773 Lege
1733 3744 1803 3764 certa
1818 3735 1919 3771 aliquid
1933 3735 2020 3760 facere
2033 3733 2115 3760 Ouid.
2126 3734 2192 3761 Fast.

36 3776 45 3789 '³
66 3780 70 3788 ¹
93 3767 199 3803 steJiit,
217 3771 257 3795 oti
269 3769 458 3802 consideratus,
472 3777 502 3798 vt
516 3777 587 3798 tutus
606 3781 622 3797 a
636 3770 726 3798 tumido
745 3774 763 3797 i.
783 3771 890 3799 videndo
903 3779 948 3800 etc.
1001 3777 1084 3803 Etiam
1148 3784 1171 3810 5,
1185 3779 1225 3811 65.
1238 3781 1257 3804 i.
1273 3775 1422 3803 conditione.
1459 3774 1500 3801 Sic
1518 3773 1623 3801 Paullus
1639 3774 1669 3800 in
1687 3775 1706 3800 l.
1726 3774 1783 3807 Qui
1803 3774 1832 3799 in
1851 3771 2006 3798 testamento
2025 3768 2139 3806 domini>
2159 3770 2192 3796 D.

6 3832 14 3842 ἲ
40 3809 46 3816 “
69 3805 222 3847 manaimus
239 3804 353 3832 Cernere
372 3806 416 3841 effe
428 3805 558 3840 statuere,
577 3807 720 3839 decernere,
737 3806 857 3834 iudicare.
910 3810 966 3836 Iam
977 3808 1086 3838 Atliuae
1093 3819 1141 3839 100
1149 3813 1181 3840 de
1193 3813 1313 3840 Testam.
1333 3811 1404 3838 Nam
1422 3810 1469 3845 qui
1486 3810 1604 3837 incertus
1623 3810 1660 3836 est
1683 3810 1716 3836 de
1736 3810 1801 3835 statu
1815 3809 1878 3838 suc,
1898 3811 1996 3832 certam
2008 3804 2105 3839 Legem
2118 3805 2193 3832 testa-

71 3851 75 3857 ¹
99 3838 234 3874 ,stantionis
251 3842 383 3876 ‘’⁸um
398 3842 516 3870 laudatur
532 3852 562 3869 α
581 3843 668 3870 Plauti
679 3843 762 3870 Merc.
775 3851 795 3876 1,
809 3851 836 3876 2,
848 3851 877 3876 ¹9
900 3845 988 3873 Lubet
1009 3847 1103 3881 seire‚.
1149 3855 1240 3876 mento
1259 3848 1346 3875 dicere
1361 3854 1415 3873 non
1430 3845 1522 3880 potest.
1569 3846 1625 3873 Cic.
1647 3845 1680 3872 de
1699 3846 1800 3872 liment.
1814 3851 1833 3874 ι,
1848 3850 1863 3867 2
1891 3840 2019 3867 Nondum
2033 3840 2140 3867 diuinae
2153 3849 2193 3867 re-

64 3884 68 3894 *
90 3873 141 3912 hoc
151 3880 224 3915 metu
237 3881 268 3902 vt
286 3875 334 3903 fini
351 3877 465 3912 certior,
482 3881 500 3905 i.
514 3888 544 3906 ne
555 3879 617 3915 quid
627 3880 697 3906 vltra
710 3881 818 3906 timeam.
854 3879 902 3906 sed
913 3882 1024 3908 meliores
1037 3884 1087 3916 ita,
1149 3885 1274 3920 ligionis,
1287 3892 1342 3910 non
1359 3881 1470 3908 humani
1488 3880 1573 3908 officii
1586 3882 1658 3909 ratio
1671 3879 1821 3906 colebatur:
1847 3885 1926 3903 nemo
1945 3876 2076 3910 legitimas
2090 3877 2193 3902 viderat

6 3935 7 3938 =
31 3941 34 3944 .
80 3908 132 3948 ¹¹³²!
147 3911 213 3941 ‘'⁰¹1'ss
226 3919 258 3937 ⁸¹
271 3910 321 3938 ¹¹0⁰
333 3920 391 3946 ΜΕ,
402 3915 432 3940 Ἦ
450 3913 497 3941 fim
510 3915 620 3942 certior.
656 3916 699 3941 Ita
717 3914 851 3951 capienda:
864 3915 920 3942 Cit-
933 3925 982 3951 pro
993 3917 1018 3944 S.
1032 3919 1086 3945 Ro·
1149 3920 1267 3955 nuptias:
1286 3927 1342 3945 non
1361 3923 1446 3944 certos
1466 3918 1604 3953 quisquam
1615 3917 1761 3952 inspexerat
1775 3913 1899 3940 Liberos:
1923 3920 1978 3938 non
1996 3912 2037 3938 iiis
2053 3909 2192 3950 aequabile

61 3942 141 3988 '5⁰53
154 3955 177 3972 ⁴²·
193 3954 223 3979 ¹9
238 3947 381 3984 ,Αἷωῗῧῑοῗ
392 3955 500 3983 (ΜΗ,
513 3954 556 3987 qui
568 3950 748 3988 circumspexit
764 3953 861 3984 omnia,
873 3958 904 3978 vt
916 3961 980 3979 nunc
991 3953 1086 3989 firmus
1150 3955 1216 3992 quid
1229 3953 1353 3982 vtiIitatis
1365 3952 1492 3986 haberet,
1504 3959 1648 3988 acceperat.
1683 3953 1774 3978 Certos
1786 3947 1902 3979 liberos,
1917 3957 1976 3984 quos
1989 3947 2051 3987 [uos
2064 3945 2107 3979 effe
2119 3943 2190 3970 indu-

65 3979 194 4030 :fonstans
206 3979 250 4016 ςθε
256 3981 342 4020 poffit.
374 3983 423 4013 Sed
437 3985 546 4023 Amicus
563 3991 650 4015 cernis
657 3986 754 4025 Μαίας
764 3987 877 4022 dicitur,
887 3987 1018 4025 cognitus,
1023 3996 1087 4027 pro.
1096 3996 1141 4025 105
1148 3992 1187 4020 bie
1191 3992 1274 4027 sciret
1282 3991 1454 4059 Iegig-nwsque
1465 3989 1524 4023 adeo
1531 4009 1542 4024 ‚
1548 3990 1589 4025 Jic
1599 3988 1674 4025 infra
1685 3984 1825 4021 Progenies
1837 3989 1916 4011 certa.
1971 3984 2045 4017 Vug.
2059 3982 2191 4041 (ἐξοιέὁὲ.

1303 4033 1318 4061 5
1397 4033 1414 4052 ²
2179 4031 2189 4045 “·

2 2649 19 2749 -υι“
