2474 4182
298 155 363 204 671
678 152 712 191 C
793 152 833 191 A
900 149 939 190 D
1809 150 1844 189 C
1905 151 1948 191 A
2008 150 2046 188 D
2357 160 2436 207 ‚672

300 250 352 276 que
366 241 454 270 nostra
467 241 588 269 celeriter
603 242 633 268 de
648 240 768 267 manibus
782 238 1008 267 audacissimorum
1030 240 1130 267 ciuium
1143 241 1245 276 delapsa
1261 240 1341 266 Arma
1407 238 1477 265 Ter.
1492 238 1603 273 Adelph.
1616 249 1644 273 4,
1656 248 1682 275 7,
1695 249 1724 273 23
1743 241 1782 267 Ita
1796 239 1852 266 vita
1868 238 1903 264 est
1918 237 2078 271 hominum,
2091 240 2161 273 quasi
2181 250 2240 268 cum
2253 241 2326 268 ludas
2338 244 2449 273 tefferisff

299 278 355 312 ipsa
366 277 525 305 ceciderunt.
561 279 615 312 Qu
627 283 730 311 utroque
744 277 795 302 Ioco
807 276 924 301 voluntas
936 283 960 302 et
969 276 1118 312 propqsitum
1127 276 1259 313 pugnandi
1272 276 1344 300 iutcl-
1407 275 1435 300 Si
1449 274 1614 309 illud,qu0d
1625 277 1741 302 maxime
1752 285 1818 310 opus
1838 274 1890 306 cst,
1904 273 1974 300 iaetu
1992 283 2048 300 non
2068 275 2152 306 cadit;
2177 277 2257 309 Illud,
2267 277 2337 312 quod
2355 279 2448 311 cecidity

299 316 400 351 ligitur.
471 315 545 347 Virg.
567 314 662 345 Georg.
686 320 705 343 1,
724 319 770 344 334
806 312 868 344 Qio
883 311 955 346 signo
967 312 1089 339 caderent
1108 313 1206 340 Austri.
1242 314 1260 337 i.
1274 310 1343 345 flare
1409 310 1494 341 forte,
1509 310 1537 336 id
1550 316 1605 336 arte
1619 317 1648 336 vt
1661 312 1793 347 corrigas:
1813 320 1883 347 quem
1897 312 1975 336 locum
1994 309 2147 336 declaramus·
2159 312 2233 348 infra
2249 316 2277 338 in
2290 313 2443 348 Scriptorum

300 349 429 384 rufinam,
450 356 479 375 vs
486 349 589 385 jin-gere
603 347 721 373 dicuntur
735 357 788 372 cum
801 349 935 382 incipiunt.
1005 348 1171 375 Λιιᾶοῑίεειῑε
1194 347 1345 383 principum
1409 346 1465 382 lusu
1474 346 1523 382 sub
1540 353 1624 373 serzi
1635 352 1692 372 110:
1709 350 1740 373 it.
1760 351 1788 373 in
1803 355 1849 374 AL
1859 353 1913 373 EA.
1952 345 2007 372 Cic.
2025 346 2079 372 Att.
2093 354 2115 378 3,
2130 353 2148 380 7
2167 347 2232 373 Sane
2245 348 2282 374 ita
2300 348 2444 382 cadebanvu

301 386 398 413 cecidit
418 385 473 411 Cic.
488 383 702 417 deArusp.Resp.
717 385 759 409 60.
818 383 899 410 Causa
912 386 942 410 it.
957 384 1081 410 Formula
1094 384 1201 416 cadere,
1221 382 1275 408 vid.
1288 391 1344 408 max
1369 382 1383 409 5
1411 381 1516 408 vellem.
1589 381 1669 408 Nihil
1686 382 1756 409 mihi
1774 383 1889 417 optatius
1908 381 2001 408 cadere
2020 381 2107 416 potuit
2119 381 2158 407 ld.
2173 383 2226 408 Att.
2245 391 2269 415 3,
2283 391 2302 415 1,
2310 394 2337 418 4.
2371 381 2443 414 Vei-e..

300 430 326 448 1-1.
342 431 369 455 4.
405 419 502 447 Fabula
524 418 607 449 cadit,
632 428 686 445 cum
714 417 857 452 eafibilatur
892 421 960 446 Hor.
981 419 1060 453 Epist.
1081 428 1105 451 2,
1125 429 1144 451 1,
1164 427 1209 453 172
1236 418 1346 444 Securus
1412 417 1475 448 bar,
1488 426 1521 443 ne
1535 417 1571 444 ita
1585 416 1689 443 caderet
1701 417 1740 443 Id.
1753 418 1824 445 Fam.
1839 427 1862 450 2,
1877 427 1913 451 19.
1951 418 2007 444 Cic.
2022 426 2071 451 pro
2084 417 2213 447 Milon.81
2227 427 2248 444 c.
2256 427 2286 450 30
2306 418 2353 446 Sed
2364 425 2449 454 tamen¹

301 458 390 489 cadat,
416 464 448 481 an
462 453 536 481 resto
549 454 596 480 stet
611 453 701 480 sabula
715 455 778 481 talo.
848 455 1033 482 Ouid.eP0nt.
1048 464 1073 487 2,
1088 464 1110 486 3,
1125 464 1153 481 10
1175 456 1205 481 Et
1218 463 1278 481 cum
1291 454 1346 480 for·
1412 454 1430 480 fi
1446 454 1533 480 minus
1553 452 1686 479 fortiffimi
1704 453 1758 478 viri
1775 454 1859 480 virtus
1878 453 1982 480 ciuibus
2000 460 2072 488 grata
2091 452 2234 486 cecidisset,
2251 463 2345 488 magno
2362 452 2445 486 aubin·
2459 471 2467 480 «Α

301 500 364 520 tuna
377 492 492 525 statque,
511 489 634 524 caditque
647 489 732 516 Fides.
802 491 918 526 Impetus
938 500 1027 517 amens
1045 490 1113 516 cadit
1133 492 1230 517 Lucan.
1244 499 1272 523 4,
1287 497 1346 523 279.
1411 489 1593 523 constantique
1613 488 1716 515 cederet
1740 496 1771 514 ex
1790 489 1891 522 ingrata
1910 490 2028 516 ciuitate.
2075 488 2150 515 Idem
2170 498 2218 524 pro
2239 489 2332 522 Qiint.
2347 492 2443 523 ssede]
2462 504 2472 525 3

299 531 343 556 Ira
358 526 452 553 cecidit
466 526 518 552 tibi
539 526 598 552 Liu.
614 534 638 559 2,
673 545 680 552 .
717 546 723 552 .
760 526 802 553 Ira
817 527 955 562 paullatim
965 526 1034 552 cadit
1054 527 1151 553 Lucan.
1161 537 1189 561 4,
1204 531 1264 559 284.
1303 526 1347 551 lra
1411 527 1447 552 Vt
1461 534 1522 552 cum
1536 524 1584 559 ipsi
1603 523 1672 550 nihil
1691 524 1769 550 alteri
1787 525 1896 551 scientes
1911 524 2154 557 incommodarint,
2173 525 2243 551 nihil
2262 525 2320 559 ipsis
2336 525 2433 556 iure—in

301 570 373 590 metu
386 562 454 588 cadit
475 561 555 588 Ouid.
572 562 664 588 Amor.
678 570 703 594 2,
719 570 753 594 13,
766 571 792 595 4.
865 564 932 589 Laus
953 568 998 588 tua
1018 561 1115 589 cecidit
1132 572 1192 589 cum
1210 561 1347 597 republica
1365 565 1394 583 10
1412 560 1548 588 commodi
1567 560 1659 587 cadere
1679 559 1761 594 possit.
1797 560 1887 588 Tacit.
1907 562 1974 588 Ann.
1991 569 2027 594 ις,
2040 569 2066 594 51
2092 561 2164 587 Dum
2182 561 2278 587 merita
2296 569 2354 596 erga
2366 559 2454 592 Nema

299 599 355 626 Cic.
369 598 420 625 Off.
434 607 458 628 2,
473 606 506 631 45
520 607 541 623 c.
556 606 589 630 13.
660 597 781 624 Maiestas
795 598 890 625 cecidit
911 599 978 632 Nep.
995 600 1033 630 16,
1047 607 1069 630 2,
1083 607 1110 631 4.
1179 597 1228 625 Sed
1243 597 1294 623 tibi
1309 602 1346 622 ta-
1412 607 1473 624 nem
1487 598 1546 629 sua,
1562 603 1586 622 et
1601 605 1682 631 quam
1694 596 1802 622 irritum
1816 596 1976 630 cecidissent,
1990 597 2084 632 aperit.
2104 596 2436 633 Subauditurpraqpqlitioh
2450 595 2452 600 ’
2468 619 2471 627 ,

299 643 362 662 men
374 634 468 664 Oculi,
487 634 592 665 vultus,
612 633 694 660 verba
708 634 856 660 cecidissent
876 634 932 661 Cic.
955 642 1004 668 pro
1023 634 1114 660 Domo
1135 634 1180 661 sua
1200 641 1248 665 135.
1285 633 1347 659 Pro·
1412 632 1529 659 Honesta
1542 638 1567 658 et
1582 631 1696 658 iucunda
1710 631 1861 657 ceciderunt
1873 631 1942 658 mihi
1953 638 2002 661 ate
2011 633 2189 666 Cic.QFrat.
2199 640 2248 664 1,3.
2319 627 2465 664 Midtaim*

300 671 374 697 missa
392 670 483 696 omnia
501 674 547 696 tua
566 669 595 696 in
609 670 702 696 cassum
721 670 816 696 cadunt
837 670 918 697 Plaut.
933 670 1011 696 Poen.
1050 689 1057 696 .
1096 690 1103 696 .
1140 690 1146 696 .
1203 670 1264 704 Spes
1278 668 1348 693 cadit
1412 668 1579 694 credibiliter
1591 676 1653 694 vera
1666 676 1795 702 augurum
1808 667 1950 702 praedietis
1962 669 2079 695 cecidisse
2094 669 2132 695 ld.
2146 668 2179 694 de
2186 667 2278 702 Legib.
2288 676 2309 699 2,
2318 676 2352 700 33.
2384 665 2436 699 ,ξω

299 705 381 733 Ouid.
396 705 482 732 Trist.
496 713 517 736 2,
532 710 586 738 148.
656 706 715 740 Spes
729 706 761 733 ad
776 706 884 732 irritum
899 705 969 732 cadit
989 705 1049 732 Liu.
1062 714 1087 738 2,
1101 707 1119 731 6
1129 712 1173 740 pr.
1245 704 1349 730 Timor
1412 704 1486 730 missa
1500 713 1554 739 quo
1569 703 1677 736 cadant,
1690 712 1745 729 non
1766 709 1839 730 curat
1857 704 1924 730 Hor.
1940 704 2017 738 Epist.
2031 714 2057 736 2,
2071 713 2091 737 1,
2108 713 2144 738 52.
2166 707 2184 730 i.
2202 713 2269 739 quem
2287 706 2446 741 ειιεφιιιιιιιρᾖιηρΧ

299 742 370 768 cadit
389 740 471 768 Ouid.
494 741 571 775 Epist.
593 749 620 774 9,
634 749 678 775 42.
751 741 839 768 Verba
859 741 955 768 cadunt
971 741 1084 776 singultu
1101 742 1220 775 Propert.
1236 748 1254 770 1,
1269 746 1292 771 5,
1308 747 1346 772 14.
1367 738 1398 770 ¹3,
1411 739 1485 766 beant
1498 742 1631 766 vaticinia.
1679 740 1784 766 Praeter
1794 739 1952 773 opinionem
1964 740 2094 767 ceciderat
2108 749 2148 766 res
2163 740 2230 774 Nep.
2244 746 2326 772 1,2.,;.
2384 746 2410 770 ο
2423 747 2436 765 ³

298 777 391 805 Verba
407 786 466 803 mea
481 776 602 811 Zephyro
614 777 710 803 cadunt
728 778 922 811 Propert.1‚16,
937 786 977 812 34.
1044 777 1121 803 Vires
1135 777 1240 802 Lucret.
1255 783 1275 806 1,
1289 782 1347 807 410.
1413 784 1467 810 quo
1486 775 1569 803 modo
1582 776 1632 802 Res
1655 774 1749 801 cecidit
1767 774 1824 801 Cic.
1835 775 1888 801 Att.
1904 780 1927 808 8,
1937 784 1958 807 3.
2029 776 2080 803 Res
2093 783 2255 811 quocunque
2273 774 2362 802 cadent

297 811 321 851 q
340 822 359 847 4
394 812 497 850 Insoro
511 812 612 840 Cadere
624 814 714 845 causa,
728 811 760 846 cst
773 815 840 839 litem
858 816 984 843 amineo-v,
1004 812 1129 838 damnari.
1170 811 1212 838 Sic
1226 813 1348 845 interpre-
1413 813 1478 838 Aen.
1495 820 1521 844 2,
1535 819 1598 846 709.
1641 812 1709 838 Hor.
1732 811 1783 837 Sat.
1799 819 1820 843 1,
1832 819 1858 843 2,
1871 820 1908 845 40
1932 812 2020 846 thue
2039 811 2094 839 illis
2118 811 2203 838 multo
2224 816 2349 845 corrupta
2369 822 2396 834 »¹
2407 813 2443 836 Ψ·

298 856 370 876 tatur
387 848 439 885 ipſse
453 850 592 884 Imperator
612 847 635 885 §.
653 857 686 881 33.
712 847 745 875 de
761 848 935 881 fictionibus,
956 849 983 874 Si
1001 848 1060 882 quis
1080 856 1157 881 agens
1177 846 1242 878 (in)
1264 846 1350 872 inten-
1412 848 1536 881 voluptas
1572 848 1659 881 Atque
1680 847 1743 873 haec
1764 855 1839 878 rara,
1853 846 1926 873 cadat
1944 846 2009 874 dura
2030 847 2100 874 inter
2120 849 2194 882 saepe
2212 846 2318 882 pericla.
2373 852 2394 882 Αἰ)
2420 849 2448 884 bf

299 885 374 912 tione
387 886 431 912 sua
447 884 503 919 plus
517 884 668 918 complexus
682 884 779 915 fuerit,
795 894 874 919 quam
887 884 920 911 ad
939 892 1000 909 eum
1018 884 1164 916 pertineat,
1184 882 1259 908 causa
1274 881 1348 908 cade·
1412 883 1511 910 cecidit
1524 883 1580 910 Cic.
1594 884 1648 909 Att.
1663 891 1697 915 13,
1710 891 1744 915 13.
1779 881 1853 909 Idem
1871 881 1904 908 de
1917 882 2007 909 Diuin.
2025 892 2048 916 2,
2064 891 2111 918 107
2132 893 2153 909 c.
2169 891 2197 916 5²
2225 881 2341 909 Satis'est
2372 883 2382 904 ·¹
2424 873 2448 915 ii?

299 921 346 948 bat
364 920 480 957 (quidam
493 929 507 946 a
519 921 594 947 causa
607 920 732 952 cadebat)
755 920 781 946 id
796 921 847 951 est,
864 929 921 947 rem
934 917 1084 945 amltthat:
1108 927 1155 944 nec
1176 918 1254 944 facile
1265 918 1294 944 in
1310 918 1348 943 in·
1362 923 1397 941 20
1413 918 1570 946 firmandam
1588 919 1800 951 diuinationem,
1820 918 1899 945 semel
1918 918 2022 954 aliquid
2039 919 2076 945 ita
2095 919 2144 945 esse
2163 918 2330 951 diuinarum,
2341 910 2383 945 ni
2427 918 2446 934 ¹²⁴

2425 947 2448 1046 «ι,

298 1073 354 1092 vno
367 1063 454 1091 verbo
467 1064 496 1090 sit
510 1070 641 1095 erratum,
659 1070 713 1089 tota
731 1062 804 1088 causa
819 1061 937 1087 cecidisse
951 1061 1100 1088 videamur.
1166 1063 1273 1089 Sueton.
1290 1061 1347 1089 Cal.
1413 1063 1452 1090 Id.
1466 1062 1499 1089 de
1512 1063 1587 1089 Orat.
1603 1071 1626 1095 2,
1640 1070 1674 1096 ις.
1742 1063 1871 1097 Perquam
1884 1061 1992 1088 venuste
2002 1061 2098 1089 cecidit
2111 1062 2166 1088 Cic.
2181 1063 2252 1088 Fam.
2261 1067 2285 1094 8,
2292 1069 2319 1094 4.
2333 1061 2363 1097 f
2427 1065 2439 1093 'j

299 1109 331 1134 39
352 1101 384 1127 Et
395 1100 561 1134 litigatorum
579 1100 699 1134 plerique
718 1097 789 1132 quod
809 1106 950 1124 occurrere
970 1097 1087 1124 absentes
1109 1097 1142 1124 ad
1162 1098 1349 1124 vadimonium
1368 1101 1399 1128 25
1414 1100 1568 1126 Venereum
1593 1098 1695 1125 iactum
1715 1098 1814 1125 alludit.
1849 1098 1923 1124 Idem
1943 1097 1976 1124 de
1989 1098 2065 1124 Orat.
2084 1106 2105 1130 1,
2124 1100 2160 1131 96
2177 1099 2236 1124 Hoc
2249 1098 2310 1124 loco
2321 1095 2382 1124 Sul

298 1145 354 1164 non
372 1137 487 1171 possent,
515 1137 598 1162 Causa
619 1135 748 1161 caderent.
822 1133 878 1160 Cic.
898 1133 930 1160 de
948 1135 1053 1160 Inuent.
1072 1142 1098 1166 2,
1118 1141 1150 1169 57
1168 1144 1190 1160 c.
1206 1142 1234 1167 19
1252 1135 1292 1160 Ita
1306 1134 1348 1160 ius
1413 1135 1561 1169 Insperanti
1574 1133 1660 1166 mihi,
1675 1134 1779 1169 inquit,
1793 1140 1818 1160 et
1831 1135 1940 1167 Cottae,
1956 1133 1999 1160 sed
2018 1133 2094 1160 valde
2106 1134 2210 1168 optanti
2222 1134 2330 1169 vtrique
2342 1138 2386 1160 ne*v
2427 1138 2429 1144 ¹

297 963 403 991 tegrum
416 956 606 983 restituebatur
618 965 633 983 a
646 963 775 991 praetore.
789 964 834 981 ar.
889 955 944 981 Cic.
959 955 1030 980 Fam.
1044 962 1071 988 7,
1084 962 1114 987 14
1140 954 1186 980 Ad
1203 953 1350 981 Trebatium
1412 955 1528 982 fortuito
1542 955 1659 981 cecidiffe
1675 954 1808 982 videatur.
1869 954 1952 981 ·Male
1973 953 2080 987 cadere,
2097 954 2151 982 vicl,
2174 961 2198 980 Μ
2208 961 2254 981 AL
2263 961 2284 981 v
2293 961 2316 981 s.

298 993 402 1025 Istum,
419 991 500 1026 Qod
514 992 533 1019 si
546 992 661 1019 scribere
674 992 773 1018 oblitus
784 1000 820 1022 ες,
833 990 921 1016 minus
936 990 1015 1016 multi
1028 989 1081 1016 iam
1091 997 1117 1016 te
1129 990 1258 1017 aduocato
1273 990 1349 1016 causa
1413 991 1487 1026 quod
1521 991 1641 1022 caderet,
1674 990 1744 1017 nihil
1764 989 1824 1016 vidi
1846 990 1902 1017 Cic.
1921 991 1993 1017 Fam.
2009 995 2033 1022 8,
2054 998 2091 1017 12.
2162 988 2351 1017 Percommode
2368 1007 2369 1010 Α

297 1028 400 1056 cadent.
471 1028 601 1062 Quinetil.
616 1036 642 1062 7,
662 1037 681 1059 3,
697 1035 725 1061 17
746 1027 816 1052 Nam
832 1025 867 1051 est
887 1026 967 1052 etiam
980 1026 1175 1060 periculosum,
1196 1035 1270 1057 cum,
1287 1025 1304 1052 si
1319 1025 1348 1052 in
1413 1027 1488 1054 Idem
1522 1026 1599 1053 Acri
1625 1027 1655 1053 in
1676 1028 1752 1054 Verr.
1776 1034 1789 1059 ς
1810 1035 1832 1052 c.
1852 1034 1878 1052 2..
1928 1050 1931 1056 ,
1949 1027 2150 1060 Peropportune
2188 1025 2284 1053 cecidit
2307 1024 2374 1053 mih‘

298 1172 380 1200 ciuile
394 1171 520 1198 habemus
532 1171 718 1201 constitutum,
737 1175 766 1195 vt
780 1170 855 1195 causa
870 1169 984 1202 cadatis,
1005 1170 1053 1205 qui
1067 1179 1137 1201 non,
1153 1179 1233 1205 quem
1246 1169 1279 1196 ad
1292 1178 1350 1195 1110*
1413 1171 1526 1203 cecidit,
1541 1176 1570 1197 vt
1588 1170 1617 1196 in
1636 1170 1714 1196 istum
1734 1171 1882 1196 sermonem
1901 1171 1987 1196 Crasse
2004 1169 2205 1196 delaberemini.
2250 1169 2277 1196 Si
2296 1177 2351 1196 non
2425 1168 2429 1174 ’

299 1208 364 1235 dum
376 1213 481 1242 oportet
494 1207 586 1240 egerit.
622 1206 690 1232 Idem
705 1203 738 1238 est
751 1206 877 1232 Formula
889 1205 999 1232 Cadere.
1053 1206 1110 1232 Sen.
1125 1206 1205 1240 Epist.
1220 1211 1254 1240 48
1275 1205 1350 1239 Q1id
1415 1207 1538 1234 caderent
1553 1206 1823 1238 secunda,fortunam
1835 1207 1883 1232 esse
1896 1205 2026 1233 industria
2039 1205 2228 1233 subleuandam
2235 1206 2309 1233 Caes.
2316 1205 2345 1232 B.
2376 1209 2377 1212 ’

298 1245 372 1271 enim
386 1242 458 1269 aliud
472 1243 566 1275 agitis,
589 1250 672 1276 quum
687 1250 765 1273 eum,
787 1251 868 1276 quem
882 1242 1070 1276 interrogatis,
1089 1242 1214 1269 scientem
1235 1242 1264 1268 in
1277 1242 1350 1268 frau-
1415 1243 1473 1270 Cic.
1490 1243 1544 1270 Att.
1560 1250 1595 1276 15,
1610 1251 1644 1269 20
1661 1242 1794 1277 Equidem
1806 1241 1887 1269 video
1902 1241 1972 1268 mihi
1988 1250 2096 1276 quoque
2109 1242 2158 1268 effe
2169 1250 2186 1268 ο
2206 1250 2236 1269 us
2254 1241 2383 1271 viaticum

298 1280 361 1306 dem
375 1278 528 1312 impellitis,
545 1287 625 1312 quam
639 1284 667 1304 vt
682 1277 799 1303 formula
813 1277 932 1304 cecidisse
946 1278 1079 1305 videatur.
1124 1277 1192 1305 Add.
1211 1277 1243 1304 de
1263 1277 1348 1305 Clem.
1367 1283 1400 1308 30
1416 1279 1445 1306 id
1479 1287 1511 1305 ex
1535 1278 1669 1314 praediis,
1701 1283 1731 1304 vt
1756 1277 1844 1309 cadet,
1873 1278 1911 1304 ita
1935 1277 2071 1309 soluetur,
2098 1277 2126 1303 de
2149 1287 2176 1304 re
2195 1277 2273 1304 itibus
2296 1284 2356 1312 prae
2385 1297 2387 1299 .

297 1324 325 1348 2,
342 1324 364 1347 3-
400 1313 530 1348 Qiinetil.
543 1322 567 1346 3>
579 1316 606 1348 6,
620 1316 652 1343 68
672 1315 703 1339 In
717 1313 849 1340 Omnibus
868 1314 925 1341 fere
944 1313 1041 1347 cariffi,
1067 1314 1096 1340 in
1115 1313 1212 1348 quibus
1229 1313 1350 1340 cecidiffe
1416 1313 1437 1354 ἦ
1457 1319 1471 1345 8
1508 1316 1582 1342 Aliae
1599 1315 1740 1340 Formulae:
1759 1313 1868 1345 Cadere,
1880 1320 1927 1349 pro
1940 1312 2055 1347 Dffnere
2066 1319 2090 1339 et
2105 1315 2248 1341 terminari.
2283 1312 2384 1342 Cieinz
2422 1306 2428 1321 ³

297 1351 358 1386 quis
373 1349 490 1377 formula
502 1349 618 1382 dicitur,
645 1349 693 1376 hae
713 1350 770 1376 sunt
790 1349 974 1384 quaestiones,
998 1352 1042 1376 An
1062 1350 1138 1376 huic?
1162 1360 1194 1376 an
1213 1359 1269 1376 cum
1285 1350 1352 1377 hoc?
1416 1359 1464 1385 194
1489 1350 1570 1384 Qiod
1593 1350 1676 1377 verba
1693 1349 1790 1376 melius
1810 1350 1839 1376 in
1862 1348 1974 1382 syllabas
1994 1349 2130 1384 longiores
2149 1348 2253 1376 cadunt.
2282 1352 2302 1376 ι’.
2315 1347 2387 1412 dfi
2422 1350 2428 1361 ³

295 1396 330 1414 an
344 1386 411 1422 apud
423 1386 509 1413 hunc?
529 1395 561 1412 an
575 1386 620 1413 hoc
632 1392 739 1421 tempore
757 1387 831 1412 liceat
850 1389 943 1422 agere?
962 1386 994 1412 Et
1007 1386 1025 1412 fi
1040 1395 1092 1420 qua
1105 1386 1164 1412 sunt
1181 1386 1254 1413 talia.
1290 1384 1350 1412 Vid.
1415 1387 1549 1421 anffll.
1567 1395 1587 1418 1,
1601 1395 1628 1422 7,
1642 1395 1672 1418 23
1693 1385 1867 1420 Eandemque
1883 1386 1912 1412 in
1924 1385 2049 1419 caeteris,
2063 1394 2131 1420 quae
2148 1385 2270 1412 similiter
2285 1393 2314 1412 ca
2332 1393 2364 1412 an
2384 1401 2390 1411 ν,
2416 1380 2430 1397 ’”

297 1428 542 1450 TRANSFERO
568 1428 592 1447 et
619 1428 895 1448 TRANSLA'rio.
951 1423 1034 1448 Etiam
1047 1421 1199 1457 simpliciter
1241 1421 1298 1448 Cic.
1317 1421 1350 1447 de
1416 1423 1480 1450 dum
1500 1423 1603 1450 tenuit?
1631 1421 1707 1449 Idem
1720 1431 1747 1455 9,
1760 1431 1787 1455 4,
1800 1431 1837 1455 42
1856 1421 1905 1448 Illa
1923 1430 2032 1457 quoque
2050 1421 2118 1448 vitia
2137 1422 2197 1449 sunt
2216 1421 2336 1449 eiusdem
2370 1433 2390 1443 ··-
2407 1414 2428 1434 ·⁴

298 1460 373 1486 Orat.
388 1467 409 1490 1,
423 1459 470 1484 166
489 1457 587 1484 Ridens
607 1464 633 1485 et
647 1457 809 1484 stomachans
830 1457 971 1490 Scaeuola,
992 1466 1074 1492 quum
1095 1458 1213 1493 Hypseus
1233 1457 1349 1484 maxima
1368 1460 1397 1486 35
1415 1459 1535 1486 cadentia
1553 1458 1676 1485 similiter
1694 1464 1720 1484 et
1741 1457 1865 1489 similiter
1882 1457 2041 1489 desinentia,
2065 1463 2090 1484 et
2110 1456 2205 1484 eodem
2224 1457 2307 1484 modo
2323 1456 2388 1501 decl.v
2406 1450 2440 1488 ⁴⁴}

297 1503 364 1522 voce
382 1492 505 1528 plurimis
524 1492 614 1519 verbis
627 1502 642 1519 a
656 1494 693 1519 M.
708 1494 796 1520 Crasso
809 1494 933 1520 Praetore
953 1493 1141 1525 contenderet,
1161 1500 1190 1520 vt
1211 1494 1247 1525 ei,
1268 1503 1349 1528 quem
1414 1495 1499 1522 multa
1512 1495 1664 1529 iungantur.
1700 1494 1832 1521 Similiter
1844 1494 1965 1520 cadentia
1977 1500 2064 1525 vocat,
2082 1493 2124 1520 hic
2137 1499 2161 1520 et
2173 1502 2201 1526 9,
2216 1503 2246 1528 4,
2259 1498 2284 1524 18
2304 1492 2368 1528 ὅμοια
2410 1508 2422 1519 ¹‹

2442 1459 2444 1466 1

2434 1525 2444 1542 ἱ1

299 1528 475 1561 defendebat,
495 1529 570 1554 causa
582 1528 674 1555 cadere
688 1528 795 1555 liceret:
816 1530 864 1555 Cn.
879 1535 968 1555 autem
982 1529 1111 1556 oetauius
1126 1530 1208 1556 homo
1223 1529 1350 1556 Consula-
1409 1532 1435 1569 s
1474 1534 1542 1558 otius
1561 1530 1750 1564 ἇμσιοτέλεντα,
1775 1539 1836 1566 quae
1850 1530 1914 1566 finit
1931 1529 2039 1556 eiusdem
2064 1532 2259 1556 terminationis.
2329 1528 2351 1556 A
2377 1518 2427 1566 ‘'J-‘⁹1¹

298 1566 336 1593 ris
350 1574 405 1592 non
417 1564 506 1591 minus
518 1564 598 1598 longa
611 1564 734 1591 oratione
752 1565 896 1597 recusaret,
917 1574 950 1591 ne
965 1565 1130 1592 aduersarius
1149 1566 1222 1593 causa
1236 1566 1350 1592 caderet.
1414 1538 1508 1594 caesius
1521 1566 1553 1593 ad
1566 1574 1707 1592 numerum
1720 1566 1776 1593 Cic.
1791 1567 1820 1592 in
1833 1566 1908 1593 Orat.
1925 1574 1956 1599 59
1981 1566 2076 1592 Vitium
2089 1564 2138 1599 est,
2150 1575 2204 1592 cum
2223 1565 2275 1602 ipse
2293 1556 2435 1599 orator-'¹52'

298 1602 383 1629 Causa
396 1600 478 1627 simili
498 1600 590 1626 cadere
615 1600 712 1640 Lucan.
737 1608 765 1640 2,
778 1607 833 1640 554.
894 1601 995 1627 Cadere
1010 1602 1038 1627 in
1053 1601 1165 1629 iudicio.
1220 1602 1276 1629 Cic.
1299 1610 1350 1636 pro
1413 1605 1478 1630 culis
1491 1601 1641 1630 micantibus
1655 1601 1706 1637 ipJ'e
1721 1601 1789 1638 quast
1801 1605 1903 1629 metitur
1916 1611 2028 1628 numeros
2040 1604 2163 1628 orationis
2171 1601 2246 1637 fitne,
2259 1601 2325 1637 quod
2341 1601 2356 1630 s
2376 1590 2426 1623 {⁴

298 1638 419 1665 Muraen.
435 1641 464 1668 58
484 1635 639 1662 Noluerunt
648 1635 825 1670 sapientissinu
839 1635 972 1670 homines,
988 1638 1035 1672 qui
1049 1643 1106 1664 tum
1119 1647 1178 1664 rem
1191 1638 1266 1664 illam
1279 1637 1350 1668 itidi-
1362 1643 1400 1669 40
1413 1641 1505 1676 vulgus
1522 1642 1550 1666 in
1564 1638 1659 1674 scholis
1674 1645 1756 1665 vocat.
1828 1637 1931 1664 Cadere
1949 1637 1979 1664 in
1990 1636 2077 1663 media
2090 1646 2163 1664 arma
2182 1637 2244 1665 Stat.
2257 1636 2360 1665 Theb.:
2412 1628 2426 1673 ζ

299 1673 393 1699 cabant
402 1692 409 1703 ‚
428 1672 465 1711 ita
477 1679 638 1705 quemquam
651 1670 743 1697 cadere
757 1671 786 1696 in
799 1671 918 1705 iudicio,
937 1679 966 1699 vt
980 1673 1073 1699 nimiis
1086 1673 1231 1700 aduersarii
1244 1673 1351 1700 viribus
1413 1673 1448 1708 cst
1461 1683 1548 1706 ruere,
1562 1673 1705 1710 inflrrefi.
1779 1672 1868 1700 Verba
1881 1673 2010 1708 quaedam
2023 1673 2099 1700 fonte
2114 1674 2217 1701 Graeco
2238 1673 2334 1700 cadunt
2396 1667 2418 1707 ..r

298 1707 418 1735 abieaus
431 1706 580 1733 videretur.
742 1703 763 1743 ff
779 1713 800 1747 5¹
817 1707 877 1732 Cum
886 1708 1067 1743 praepositione
1080 1710 1111 1737 In
1125 1712 1213 1735 varias
1219 1709 1351 1744 formulas
1414 1711 1480 1737 Arte
1493 1710 1565 1735 Po'e't.
1575 1717 1612 1741 53.
1630 1709 1655 1736 h.
1664 1718 1684 1735 e.
1704 1718 1720 1735 a
1733 1709 1836 1735 Graeco
1850 1710 1878 1735 in
1891 1709 2016 1736 Latinum
2027 1708 2163 1742 deriuata,
2177 1709 2346 1744 Porphyrius.
2363 1714 2377 1723 ⁴·
2392 1712 2393 1715 ’
2409 1724 2414 1730 Α

292 1746 378 1780 parit,
390 1746 417 1769 in
426 1741 584 1782 quiburidem
592 1739 652 1776 fere
665 1740 730 1775 quod
743 1750 837 1773 ventre,
850 1747 990 1781 conuenire,
1001 1754 1136 1780 congruere
1141 1744 1282 1781 fignificat.
1318 1745 1350 1770 In
1414 1744 1595 1772 Achaemenio
1618 1743 1736 1769 cecidisti
1752 1744 1837 1775 Lydia
1856 1746 1929 1777 Cyro
1949 1746 2024 1772 Grat.
2041 1752 2090 1778 315.
2115 1748 2134 1771 i.
2153 1754 2169 1771 a
2188 1746 2252 1780 Cyro
2271 1744 2342 1772 vista
2399 1729 2434 1766 ‘5³¹'

296 1779 381 1807 alium
394 1787 449 1805 non
462 1777 531 1804 cadit
545 1783 598 1803 tam
611 1775 761 1803 absolutum
775 1785 840 1811 opus
861 1777 928 1802 le.
943 1785 981 1809 33,
995 1787 1030 1804 10.
1049 1783 1069 1806 i.
1086 1782 1144 1805 Non
1161 1778 1243 1815 potest
1257 1780 1287 1805 ab
1299 1781 1350 1806 alio
1414 1783 1500 1808 Burm.
1520 1779 1607 1806 laudat
1621 1779 1689 1804 core.
1710 1778 1738 1804 dc
1753 1779 1875 1813 Orthogr.
1894 1780 1980 1806 Latin.
1996 1789 2019 1812 3,
2034 1789 2054 1807 1.
2089 1781 2121 1808 Et
2134 1781 2271 1809 claudian.
2285 1780 2317 1808 de
2331 1781 2367 1808 1v
2386 1766 2425 1799 ’μ’

297 1823 350 1842 tam
363 1814 499 1851 absolutum
514 1820 574 1848 opus
584 1811 681 1848 perfici.
754 1813 785 1839 In
805 1813 891 1839 causas
911 1812 981 1839 cadit
994 1813 1153 1848 frequenter
1172 1816 1227 1848 ipsa
1242 1816 1350 1841 linearis
1364 1820 1397 1846 45
1413 1818 1486 1843 Hon.
1500 1821 1513 1846 8
1532 1816 1597 1842 Non
1612 1813 1697 1841 hostes
1709 1812 1813 1840 vietore
1828 1813 1938 1845 cadunt,
1952 1814 1996 1840 sed
2011 1815 2101 1842 iudice
2121 1817 2217 1845 sontes.
2252 1817 2290 1845 Id.
2305 1816 2362 1844 Stil.
2376 1815 2427 1850 ς’ῇτπ
2440 1815 2444 1847 ’,

297 1851 387 1884 ratio,
414 1857 460 1877 etc.
481 1848 613 1883 Qiinffil.
635 1857 655 1880 1,
678 1856 717 1880 10,
737 1856 774 1882 35.
845 1849 877 1874 In
896 1849 1089 1882 cogitationem
1108 1849 1180 1884 qnod
1193 1859 1226 1876 ne
1240 1850 1351 1884 quidem
1413 1852 1505 1886 Fregit
1524 1852 1663 1885 Spartanus
1681 1849 1805 1876 Athenas.
1826 1849 1914 1884 Atque
1927 1849 1999 1876 idem
2014 1849 2122 1876 Thebis
2135 1853 2240 1880 cecidit.
2265 1853 2314 1882 Sed
2330 1853 2442 1881 me-

297 1887 368 1914 cadit
386 1886 442 1913 Cic.
457 1885 489 1912 de
503 1886 566 1912 Nat.
580 1885 660 1911 Deor.
676 1892 699 1916 2,
715 1893 752 1910 21.
825 1884 898 1911 Idem
912 1884 994 1911 Tusc.
1006 1893 1026 1917 1,
1047 1892 1078 1918 50
1099 1894 1120 1911 c.
1135 1894 1169 1912 22
1201 1886 1351 1912 Casurusne
1413 1886 1448 1920 gs}
1460 1886 1525 1914 illud
1544 1886 1627 1911 Plaut.
1641 1886 1710 1912 Pers.
1729 1895 1757 1918 4,
1775 1894 1803 1918 4,
1818 1893 1866 1918 104
1891 1885 1989 1912 Libera
2006 1884 2059 1912 eris
2072 1885 2206 1921 aetrnum,
2226 1889 2254 1917 Si
2267 1888 2363 1916 crebro
2373 1887 2427 1916 tad„
2440 1911 2442 1916 ,

297 1925 328 1950 in
340 1921 509 1958 conspe&um
519 1920 644 1948 videatur
662 1920 784 1952 animus,
809 1929 843 1946 an
861 1925 933 1947 tanta
950 1920 981 1947 sit
995 1921 1052 1948 eius
1064 1921 1195 1953 tenuitas,
1215 1927 1245 1948 vt
1263 1921 1351 1955 fugiat
1414 1925 1433 1949 i.
1444 1921 1586 1958 succumbes
1600 1920 1722 1956 hospitum
1733 1919 1844 1946 libidini.
2037 1917 2059 1957 q
2079 1930 2096 1954 9
2131 1924 2280 1960 maestam-m
2294 1933 2351 1951 vm,
2358 1923 2425 1952 cade
2446 1920 2447 1923 ’

296 1959 393 1986 aciem.
464 1958 496 1983 In
510 1955 727 1983 consuetudinem
745 1964 801 1981 non
820 1955 891 1982 cadit
910 1956 937 1983 id
951 1956 1066 1983 verbum
1084 1956 1124 1983 Id.
1139 1957 1223 1984 Tusc.
1237 1965 1261 1990 3,
1297 1977 1304 1983 .
1342 1976 1349 1983 .
1414 1956 1448 1992 ‘st
1463 1959 1549 1989 Mori,
1563 1959 1668 1982 maxime
1689 1964 1744 1981 cum
1763 1954 1792 1980 de
1804 1955 1902 1990 praelio
1916 1954 1999 1990 sermo
2013 1953 2060 1988 esi,
2072 1964 2115 1984 aut
2126 1957 2213 1994 fiibita
2231 1959 2318 1992 caede,
2326 1959 2424 1995 subrufi

297 1998 318 2022 τ’.
331 1996 391 2021 Non
401 1995 519 2030 cong-ruit
537 1991 716 2028 consuetudini.
788 1992 818 2017 In
833 1990 1055 2018 deliberationem
1071 1992 1165 2020 cadere
1188 1994 1246 2020 Cic.
1262 1992 1315 2019 Off.
1331 2001 1350 2023 1,
1367 2002 1399 2028 50
1415 1997 1475 2020 item
1487 1999 1534 2020 etc.
1573 1992 1645 2018 Caes.
1653 1990 1718 2017 Bell.
1728 1990 1810 2017 Ciuil.
1825 1999 1848 2023 3,
1857 1997 1883 2023 53
1903 1989 1945 2016 Ad
1958 1990 2072 2018 duorum
2083 1993 2199 2022 millium
2211 2000 2323 2022 numero
2334 2003 2366 2022 ex
2379 1995 2423 2022 Po!

299 2039 318 2064 9
329 2039 352 2056 c.
369 2037 390 2062 3.
462 2030 494 2055 In
513 2027 584 2054 diem
602 2026 711 2053 Calend.
729 2025 799 2052 cadit
814 2026 914 2053 solutio
933 2025 1008 2053 Idem
1021 2028 1076 2053 Att.
1085 2035 1120 2060 ις,
1128 2037 1168 2054 20.
1187 2031 1205 2054 i.
1219 2038 1245 2055 eo
1253 2029 1351 2063 stilum-
1413 2029 1516 2065 peianis
1537 2027 1656 2055 cecidiffe
1676 2025 1885 2061 reperiebamus.
1920 2025 2004 2052 Plaut.
2021 2027 2116 2062 Amph.
2136 2038 2156 2061 1,
2171 2039 2192 2062 1,
2203 2036 2231 2062 83
2254 2030 2351 2057 Crebri
2369 2029 2422 2057 hosi

299 2066 356 2092 dum
368 2062 411 2098 est.
450 2096 452 2098 ‚
482 2064 514 2090 In
525 2061 742 2097 disceptationem
760 2070 932 2097 quaecunque
947 2061 1040 2088 cadere
1053 2063 1155 2097 possunt
1175 2063 1214 2088 Id.
1228 2063 1260 2088 de
1276 2064 1350 2089 Orat.
1415 2066 1520 2092 cadunt.
1556 2063 1635 2091 Cadit
1649 2069 1675 2089 et
1688 2061 1806 2097 Ripheus
1817 2063 1892 2096 Virg.
1906 2061 1971 2088 Aen.
1985 2070 2011 2094 2,
2023 2065 2084 2095 426.
2145 2064 2238 2091 Hostia
2249 2065 2318 2091 cadit
2330 2070 2389 2091 ante
2402 2073 2422 2090 ax

300 2110 328 2134 2,
340 2108 354 2135 ς
366 2110 388 2127 c.
403 2109 428 2127 2.
484 2100 515 2125 In
528 2099 604 2125 cursu
618 2097 710 2124 cadere
730 2098 785 2124 Cic.
800 2097 832 2124 de
845 2098 916 2125 Clar.
932 2099 1007 2125 Orat.
1016 2105 1066 2133 pro
1082 2099 1199 2133 Expctita
1210 2097 1282 2124 laude
1288 2098 1352 2133 fru-
1414 2101 1491 2133 Virg.
1499 2101 1564 2125 Aen.
1574 2108 1594 2131 1,
1601 2107 1656 2131 334.
1672 2102 1691 2125 i.
1710 2098 1851 2131 Occiditur,
1858 2095 1992 2129 mactatur,
2005 2099 2156 2124 immolatur.
2193 2099 2235 2125 Sic
2247 2099 2313 2126 Ouis
2327 2099 2396 2126 cadit
2407 2099 2422 2126 d

292 2135 388 2172 strari.
458 2135 533 2162 Idem
547 2143 596 2169 pro
615 2133 687 2161 Cael.
703 2136 737 2166 69
764 2133 844 2160 Nihil
858 2133 908 2165 est,
922 2134 996 2168 quod
1009 2134 1039 2160 in
1058 2132 1190 2160 eiusmodi
1207 2133 1353 2160 mulierem
1415 2135 1515 2160 Somno
1534 2133 1616 2159 Ouid.
1635 2134 1701 2159 Fast.
1723 2142 1757 2166 4,
1771 2138 1827 2166 895.
1898 2133 1967 2159 Ante
1986 2133 2058 2160 diem
2076 2133 2169 2160 cadere
2189 2134 2265 2169 Virg.
2280 2135 2344 2160 Aen.
2361 2142 2381 2168 4
2399 2143 2420 2166 μ·

300 2182 357 2199 non
368 2170 460 2198 cadere
474 2170 608 2197 videatur.
664 2170 739 2204 Virg.
755 2169 807 2196 Ecl.
821 2178 848 2202 9,
860 2178 889 2204 17
926 2170 987 2196 Heu
994 2169 1064 2196 cadit
1078 2169 1107 2195 in
1120 2177 1282 2204 quemquam
1296 2174 1351 2194 tan·
1368 2174 1397 2200 53
1414 2172 1433 2196 i.
1447 2170 1516 2195 Ante
1530 2168 1580 2194 fati
1591 2167 1780 2199 neceffitatem,
1792 2171 1832 2194 aie
1848 2168 1969 2194 Seruius:
1986 2169 2163 2200 ver-homone
2175 2179 2225 2196 non
2245 2170 2365 2196 naturali.

302 2213 361 2236 tum
374 2206 465 2233 scelus.
537 2206 595 2233 Cic.
608 2206 753 2237 Att.13,10
771 2206 801 2231 In
813 2214 909 2239 quem,
927 2214 960 2231 ne
974 2205 991 2232 li
1006 2205 1108 2232 insidiis
1128 2204 1238 2240 quidem
1251 2204 1298 2230 ille
1311 2205 1351 2230 in·
1413 2212 1457 2232 tra
1475 2214 1503 2231 ea
1521 2203 1604 2230 Ouid.
1620 2203 1685 2229 Met.
1708 2210 1745 2233 12,
1764 2204 1797 2231 68
1831 2215 1877 2222 —
1911 2208 1938 2229 et
1959 2202 2095 2230 Hec’mrea
2118 2205 2221 2238 primus
2242 2204 2362 2232 fataliter

301 2243 427 2272 terrenus
447 2241 523 2274 esset,
552 2241 656 2267 caderet
676 2240 730 2267 vlla
749 2241 870 2275 suspicio.
946 2242 976 2267 In
997 2250 1059 2267 eum
1078 2240 1148 2267 cadit
1166 2241 1217 2267 hoc
1237 2240 1352 2266 verbum
1415 2240 1555 2267 Protesilae
1575 2238 1652 2265 cadis.
1687 2237 1762 2264 Idem
1781 2238 1846 2264 Met.
1867 2244 1895 2272 7,
1914 2246 1962 2272 142
1989 2238 2129 2274 Ciuilique
2149 2239 2244 2266 cadunt
2264 2241 2330 2267 acie.
2371 2245 2375 2264 ¹

302 2279 433 2311 maxime,
455 2277 519 2312 qui,
540 2283 586 2303 etc.
606 2279 625 2302 i.
642 2278 757 2302 conuenit
778 2276 852 2302 Idem
868 2276 901 2302 de
920 2277 1013 2310 Arusp.
1034 2277 1110 2311 Resp.
1126 2278 1166 2309 36.
1237 2277 1269 2302 In
1287 2284 1351 2301 eun·
1416 2277 1492 2303 Curt.
1507 2286 1536 2310 4,
1547 2284 1568 2307 1,
1583 2279 1620 2304 28-
1655 2274 1686 2300 In
1700 2273 1772 2300 bello
1786 2273 1855 2308 Nep.
1870 2282 1910 2306 14,
1926 2282 1947 2306 1,
1963 2282 1990 2307 4.
2060 2274 2175 2309 Bipenni
2189 2275 2271 2303 Ouid.
2286 2277 2352 2304 Met.

303 2315 363 2342 dem
375 2322 431 2341 non
442 2313 551 2340 videtur
563 2311 656 2338 cadere
669 2317 695 2337 et
708 2317 872 2346 contemptus
885 2312 1028 2346 pecuniae,
1052 2317 1078 2338 et
1092 2311 1222 2346 cupiditas
1240 2310 1351 2345 Qun&-
1418 2313 1483 2338 Ense
1494 2311 1583 2338 Valer.
1598 2311 1696 2344 Argon.
1711 2318 1731 2342 1,
1745 2314 1794 2340 81²·
1831 2309 1933 2336 Fraude
1947 2308 2076 2337 muliebri
2084 2310 2175 2337 Tacit.
2185 2312 2252 2338 Ann.
2265 2320 2291 2345 2,
2305 2320 2344 2348 71.

302 2359 332 2386 7,
345 2359 371 2384 2,
386 2359 429 2384 29.
483 2349 557 2375 Idem
570 2348 634 2374 6Pr.
647 2355 661 2380 ς
676 2347 759 2373 Omni
773 2347 964 2382 virtute,quae
979 2348 1008 2374 in
1020 2347 1133 2374 feminas
1146 2346 1232 2379 cadit,
1251 2346 1352 2373 funeta.
1367 2348 1402 2373 60
1416 2349 1481 2375 Met.
1502 2355 1532 2380 3,
1550 2355 1592 2379 119
1628 2345 1758 2373 Cominus
1779 2345 1840 2372 ense
1857 2345 1936 2376 ferit,
1950 2345 2038 2372 iaculo
2055 2345 2126 2372 cadit
2145 2348 2250 2374 eminus
2263 2347 2327 2383 ipse.
2369 2371 2375 2381 ,

302 2386 343 2414 Id.
351 2394 378 2422 7,
386 2394 409 2419 2,
418 2394 443 2418 31
457 2385 488 2411 In
502 2384 586 2411 malos
598 2383 694 2410 cadunt
707 2383 800 2409 omnia
812 2383 916 2410 scelera.
930 2384 1065 2410 Contraria
1077 2384 1119 2410 his
1126 2383 1242 2420 formula
1252 2380 1293 2415 cst.
1306 2391 1355 2419 qua
1416 2385 1474 2411 Sen.
1488 2384 1553 2410 Her.
1567 2383 1619 2409 fur.
1634 2388 1688 2415 253.
1763 2382 1847 2408 Manu
1865 2381 1980 2408 feminea
1998 2381 2056 2407 Sen.
2069 2382 2149 2408 Herc.
2164 2383 2224 2409 Oet.
2239 2391 2308 2419 1179.
2333 2416 2336 2418 Ὗ
2350 2399 2353 2402 -
2373 2401 2375 2405 .

303 2425 387 2449 vritur
406 2420 526 2448 Scribon.
541 2429 563 2456 c.
577 2427 605 2455 17
626 2419 731 2446 Cadunt
745 2426 820 2446 extra
835 2419 985 2446 medicinae
1000 2419 1195 2454 profeslionem.
1223 2421 1241 2445 i.
1254 2418 1289 2445 ad
1302 2428 1354 2444 eam
1417 2421 1463 2447 sna
1476 2419 1568 2446 cadere
1581 2418 1672 2454 Tacit.
1689 2418 1756 2443 Ann.
1771 2425 1805 2450 ις,
1818 2425 1858 2452 71,
1872 2426 1893 2450 3.
1931 2417 2012 2444 Ouid.
2027 2417 2092 2445 Met.
2109 2426 2145 2450 12,
2160 2420 2217 2445 610.
2251 2420 2287 2446 At
2303 2419 2323 2447 si
2339 2419 2399 2450 f-ffij

304 2467 353 2484 non
361 2460 509 2493 pertinent,
534 2458 590 2493 agit
610 2455 639 2482 dc
651 2455 756 2481 remedio
775 2465 804 2481 ex
819 2455 936 2482 iecinore
950 2455 1114 2490 gladiatoris.
1186 2455 1217 2481 In
1237 2454 1355 2481 formam
1416 2457 1505 2483 fuerat
1522 2454 1574 2481 tibi
1594 2455 1681 2481 Marte
1700 2453 1854 2480 cadendum.
1923 2453 2010 2480 Marte
2027 2454 2075 2480 suo
2095 2453 2191 2481 cadunt
2207 2453 2287 2482 subiti
2299 2455 2350 2490 per'
2371 2452 2410 2480 {¹151
2423 2451 2426 2464 '

305 2502 385 2520 vnam
397 2502 483 2527 neque
497 2492 592 2519 cadunt
605 2492 696 2518 onmia
715 2491 807 2518 Cic.in
821 2492 896 2518 Orat.
934 2511 941 2518 .
981 2512 987 2518 .
1043 2493 1074 2518 In
1088 2490 1293 2525 intelligentiam
1306 2499 1354 2516 no-
1417 2492 1529 2519 vulnera
1546 2490 1640 2517 fratres
1655 2489 1737 2517 Ouid.
1750 2490 1814 2516 Met.
1829 2498 1852 2522 3,
1868 2498 1919 2522 123.
1989 2489 2108 2523 Praelio,
2121 2491 2164 2517 vel
2179 2491 2209 2517 in
2223 2490 2373 2525 praelio¹N
2405 2510 2412 2519 .

304 2530 384 2556 stram
397 2529 466 2556 cadit
484 2529 541 2556 Cic.
561 2527 651 2559 Offi3,
665 2535 702 2562 17.
773 2528 804 2554 In
824 2527 909 2562 legem
927 2528 985 2557 Sen.
1006 2527 1038 2554 de
1056 2527 1146 2554 Benef.
1160 2535 1183 2559 3,
1197 2534 1222 2561 7.
1296 2526 1353 2553 Cic.
1369 2532 1401 2564 65
1420 2537 1440 2560 1,
1448 2536 1470 2555 2.
1484 2534 1508 2554 et
1529 2535 1569 2560 14,
1577 2528 1604 2560 6,
1613 2535 1631 2553 1.
1668 2525 1792 2553 Vulneris
1808 2525 1838 2552 vi
1860 2532 1886 2552 et
1906 2525 2006 2552 virium
2025 2526 2108 2552 Plaut.
2128 2525 2224 2562 Amph:
2241 2534 2263 2561 1,
2274 2535 2295 2560 1,
2305 2524 2379 2562 79.'·-·‚'
2414 2540 2420 2549 ⁴

305 2565 389 2592 Tusc.
409 2568 432 2596 ’1,
451 2572 487 2599 79
513 2563 593 2598 Qiod
612 2569 701 2590 autem
719 2563 747 2589 in
766 2563 893 2590 morbum
911 2563 1001 2596 cadat,
1027 2563 1056 2590 id
1068 2563 1150 2590 etiam
1171 2562 1355 2589 interiturum.
1419 2565 1508 2591 Carm.
1522 2572 1545 2596 3,
1560 2567 1622 2595 18‚;
1646 2562 1673 2588 Si
1687 2567 1762 2588 tener
1773 2561 1852 2596 pleno
1865 2561 1934 2588 cadit
1949 2561 2050 2589 hoedus
2062 2570 2132 2588 anno
2143 2582 2151 2595 ,
2169 2565 2188 2589 i.
2206 2563 2350 2590 immolatur.
2401 2562 2420 2588 C

304 2601 337 2628 In
349 2599 529 2627 narrationem
543 2599 635 2626 cadere
648 2608 702 2626 non
714 2599 842 2634 abrupte,
865 2600 999 2634 optimum
1019 2599 1056 2626 est
1075 2598 1208 2633 Qiine‘til.
1228 2609 1257 2633 4,
1271 2607 1292 2631 1,
1309 2606 1353 2633 79.
1419 2599 1481 2626 dere
1497 2608 1543 2635 per
1555 2599 1632 2630 acies,
1641 2597 1695 2624 vid.
1713 2604 1759 2624 AC
1770 2604 1780 2624 1
1789 2604 1806 2624 Ε
1815 2605 1837 2624 s.
1909 2597 2010 2624 Cadere
2023 2607 2072 2633 pro
2086 2599 2171 2633 patria
2185 2596 2352 2632 Qunfflrz,
2366 2603 2400 2631 Ις,
2410 2605 2420 2624 a

305 2637 339 2663 In
355 2641 477 2662 naturam
496 2643 587 2661 rerum
600 2635 669 2661 cadit
683 2635 733 2661 hoc
747 2644 870 2671 quoque,
882 2643 911 2662 vt
925 2635 991 2662 duos
1010 2636 1138 2670 sapientes
1156 2633 1301 2670 aliquando
1314 2635 1354 2661 iu·
1418 2635 1499 2663 Oculi
1518 2635 1636 2661 cadentes
1657 2634 1718 2660 Stat.
1731 2633 1823 2660 Theb.
1839 2642 1871 2665 11,
1891 2636 1952 2661 620.
1989 2635 2112 2671 Loquitur
2132 2634 2242 2670 Oedipus
2252 2633 2288 2660 de
2299 2633 2355 2670 suis
2370 2633 2422 2667 aens

306 2672 360 2699 stae
378 2671 468 2698 causae
488 2670 516 2696 in
537 2670 672 2696 diuersum
699 2670 804 2698 trahant
835 2671 909 2699 Idem
927 2679 959 2704 2,
980 2679 1025 2706 17,
1043 2680 1083 2704 32.
1155 2671 1211 2698 Cic.
1238 2670 1270 2697 de
1292 2670 1354 2697 Nat.
1417 2681 1479 2708 quos
1492 2670 1621 2705 effoderat.
1655 2668 1738 2695 Oculi
1750 2676 1837 2696 morte
1849 2669 1967 2696 cadentes
1975 2670 2037 2696 Stat.
2050 2670 2114 2696 Silu.
2128 2678 2233 2703 3,3,39.
2331 2665 2352 2706 fl
2376 2670 2416 2694 ·-'-i²

308 2708 389 2735 Deor.
412 2716 439 2739 1,
465 2708 496 2736 86
534 2707 702 2740 Q1amquam
716 2706 797 2733 video
821 2707 956 2734 nonnullis
977 2707 1067 2734 videri
1090 2707 1250 2742 Epicurum,
1273 2715 1306 2732 ne
1326 2707 1355 2732 in
1364 2716 1400 2744 70
1417 2711 1491 2743 nique
1511 2706 1598 2734 Stellae
1612 2704 1712 2733 Cadere
1731 2704 1847 2732 dicuntur
1866 2715 1919 2732 cum
1942 2706 2058 2732 occidunt
2087 2705 2170 2733 Ouid.
2185 2705 2250 2733 Fast.
2270 2713 2290 2738 1,
2301 2711 2351 2738 293

307 2742 479 2771 offensionem
494 2741 693 2768 Atheniensium
709 2742 821 2775 caderet,
839 2743 929 2770 verbis
943 2743 1077 2778 reliquisse
1089 2743 1164 2776 deos,
1177 2751 1207 2769 re
1220 2742 1354 2769 sustulisse.
1419 2749 1490 2771 vetat
1504 2748 1530 2769 et
1544 2742 1643 2774 stellas,
1657 2747 1686 2767 vt
1696 2749 1816 2775 quaeque
1829 2741 1971 2777 oriturque
1986 2741 2109 2776 caditque
2121 2742 2226 2768 Dicere.
2282 2741 2337 2768 Ar*

307 2781 339 2807 ln
351 2778 504 2806 orationem
518 2782 546 2804 vt
559 2777 607 2812 qui
619 2777 734 2804 maxime
752 2778 859 2811 cadant,
874 2782 892 2805 i.
913 2779 1075 2812 Conueniant,
1088 2779 1117 2805 de
1133 2778 1236 2814 pedibus
1244 2781 1355 2813 poeticis
1419 2779 1482 2806 dens
1498 2779 1566 2805 Hor.
1579 2779 1665 2805 Carm.
1677 2785 1697 2809 3,
1711 2785 1732 2808 1,
1744 2784 1787 2811 27.
1807 2780 1825 2803 i.
1847 2779 1877 2804 In
1892 2777 2000 2812 occasum
2013 2778 2123 2804 tendens.
2173 2777 2247 2804 Astra
2260 2776 2350 2803 cadent

308 2815 367 2842 Cic.
382 2815 411 2841 in
425 2815 499 2841 Orat.
515 2818 555 2843 188
571 2822 593 2839 c.
602 2816 642 2846 56.
661 2813 698 2839 Id.
713 2814 766 2840 Att.
782 2819 805 2846 8,
820 2823 831 2846 3
851 2814 959 2841 Accedit
974 2814 1056 2848 illud,
1069 2815 1087 2841 si
1107 2823 1218 2846 maneo,
1231 2820 1257 2840 et
1277 2814 1355 2841 illum
1420 2817 1485 2843 Aen.
1501 2819 1524 2846 8,
1539 2822 1578 2847 59.
1614 2813 1688 2847 Virg.
1702 2812 1800 2847 Georg.
1815 2821 1834 2846 1,
1846 2821 1898 2846 229
1923 2812 2002 2840 Haud
2023 2812 2135 2840 obscura
2154 2813 2248 2839 cadens
2267 2811 2355 2839 mittet
2379 2838 2390 2840 ..
2411 2834 2417 2851 2

309 2850 466 2878 comitatum
480 2849 646 2884 optimorum
662 2856 688 2875 et
702 2849 901 2876 clarissimorum
914 2851 1016 2877 ciuium
1036 2850 1140 2877 desero:
1158 2849 1303 2877 cadendum
1319 2849 1355 2876 est
1418 2860 1469 2886 gna
1481 2851 1585 2877 Bootes.
1657 2848 1718 2875 Dies
1732 2847 1824 2876 cadens
1843 2848 1926 2876 Ouid.
1938 2850 2002 2876 Met.
2015 2857 2043 2882 4,
2064 2851 2125 2875 626.
2197 2848 2286 2875 Orion
2303 2846 2375 2879 ca'·
2413 2863 2417 2875 ι
2431 2852 2432 2855 ’

308 2887 338 2914 in
353 2886 431 2913 vnius
443 2884 607 2920 potestatem.
627 2886 658 2911 Et
673 2884 751 2911 Acad.
766 2893 786 2917 1,
824 2905 830 2911 .
869 2905 875 2911 .
911 2886 976 2913 Non
990 2886 1062 2922 quod
1074 2887 1257 2921 omnia,quae
1277 2886 1355 2912 essent
1373 2894 1404 2921 73
1419 2886 1501 2922 Epod.
1514 2895 1552 2918 10,
1568 2894 1605 2912 10.
1675 2883 1797 2910 Phoebus
1808 2885 1915 2918 oriens,
1928 2884 2032 2912 medius
2047 2891 2073 2911 et
2087 2884 2179 2911 cadens
2193 2884 2275 2912 Ouid.
2287 2884 2351 2911 Met-¹
2366 2899 2368 2905 .
2414 2882 2417 2916 j

309 2923 339 2950 in
349 2930 394 2955 re,
407 2920 659 2956 comprehenderet,
673 2920 716 2947 sed
729 2920 792 2955 quia
805 2920 873 2947 nihil
887 2921 959 2956 quod
976 2922 1070 2949 cadere
1085 2922 1114 2949 in
1134 2931 1191 2948 eam
1205 2922 1302 2956 posset,
1315 2930 1355 2948 re·
1418 2923 1510 2950 Sidera
1522 2922 1592 2956 lapsa
1604 2919 1822 2954 caduntPropert.
1834 2929 1862 2953 4,
1874 2929 1902 2954 4,
1916 2923 1960 2954 64.
1997 2921 2073 2955 Virg.
2087 2921 2153 2947 Aen.
2167 2929 2196 2954 4,
2209 2925 2234 2950 81
2271 2934 2308 2942 —·
2340 2919 2366 2947 s*
2415 2920 2417 2922 ’

310 2959 454 2993 linqueret,
466 2964 513 2984 etc.
582 2957 614 2983 In
627 2957 771 2992 sapientem
784 2955 802 2982 fi
816 2956 886 2982 cadit
899 2956 983 2984 animi
996 2958 1089 2984 dolor:
1112 2958 1160 2992 qui
1173 2957 1296 2992 profecto
1315 2967 1356 2984 ca·
1419 2967 1471 2994 que
1484 2957 1603 2985 cadentia
1616 2955 1697 2983 sidera
1711 2956 1824 2983 somnoS.
1874 2956 1918 2982 Sol
1933 2956 2026 2983 cadens
2040 2956 2114 2983 Idem
2126 2956 2191 2982 Aen.
2206 2966 2235 2990 4,
2247 2964 2306 2990 401.

311 2995 360 3021 dit.
398 2993 454 3020 Cic.
468 2992 500 3020 de
513 2992 622 3019 Amicit.
641 2995 660 3019 i.
682 2993 711 3020 Si
719 2992 846 3028 fizpicntis
859 2987 891 3025 ²3st
904 2992 991 3019 dolere.
1026 2994 1065 3020 Id.
1079 2993 1111 3020 de
1120 2994 1282 3027 Diuin.1,34
1295 3002 1316 3019 c.
1325 3002 1356 3027 14
1455 3001 1472 3022 C
1481 3001 1502 3020 Α
1511 3000 1530 3020 D
1540 3000 1556 3020 Ε
1566 3000 1587 3019 Ν
1595 2999 1617 3019 s.
1643 2992 1736 3019 Partic.
1771 2992 1899 3026 [πίπτων]
1934 2993 2038 3018 Praeter
2055 2993 2163 3027 exempla
2181 2994 2210 3018 in
2226 2994 2253 3027 ip
2266 2991 2279 3018 'o
2298 2993 2351 3018 ver

311 3031 388 3064 Qae
400 3035 488 3056 tamen
502 3027 612 3061 duone,
625 3033 655 3054 vt
668 3028 697 3055 in
710 3037 767 3054 rem
781 3034 840 3062 apte
853 3027 954 3061 cadant,
969 3028 1029 3054 fieri
1041 3029 1120 3056 credo
1133 3030 1202 3064 posse
1216 3029 1355 3056 diuinitus.
1418 3030 1506 3065 cipere
1527 3028 1662 3056 cadentem
1678 3027 1740 3054 Stat.
1758 3026 1823 3053 Silu.
1844 3035 1862 3058 1,
1883 3035 1909 3060 2,
1932 3035 1988 3060 ¹09·
2058 3027 2210 3062 Supponere
2236 3035 2251 3054 a
2263 3025 2363 3062 iquid=¹

310 3066 339 3092 dc
370 3065 474 3092 ortibus.
496 3065 528 3090 Et
542 3063 574 3090 de
587 3064 711 3092 Vniuers.
725 3071 742 3099 7
754 3063 894 3098 Qudquid
906 3069 971 3096 erat,
983 3064 1056 3098 quod
1073 3065 1101 3091 in
1116 3065 1240 3092 cernendi
1255 3065 1356 3092 sensum
1371 3068 1404 3094 80
1419 3065 1500 3094 Ouid.
1516 3064 1593 3100 Epist.
1608 3072 1644 3097 ις,
1659 3070 1715 3099 179.
1785 3061 1915 3089 Sustinere
1927 3063 2061 3090 cadentem
2074 3063 2155 3090 Ouid.
2169 3064 2234 3090 Met.
2247 3068 2272 3096 8,
2284 3067 2329 3096 148
2342 3069 2351 3097 ¹,
2358 3061 2361 3065 ’

312 3111 341 3128 ca
361 3105 431 3133 eret,
444 3100 472 3127 id
490 3099 540 3127 sibi
557 3099 677 3127 assumsit.
745 3101 777 3126 111
796 3100 907 3134 speciem
929 3099 1077 3126 soloecismi
1096 3100 1226 3134 Quinctil.
1241 3109 1261 3133 1,
1276 3108 1298 3134 ς,
1313 3108 1355 3134 4ς.
1455 3108 1523 3129 cAs
1533 3102 1646 3131 1711113,
1664 3107 1695 3133 a,
1712 3107 1765 3125 um.
1785 3099 1878 3125 Partic.
1893 3108 1908 3125 a
1921 3099 2002 3126 Cado.
2017 3099 2072 3125 Cic.
2087 3099 2159 3126 Fam.
2173 3106 2208 3132 ις,
2225 3107 2234 3125 1
2251 3096 2327 3132 Quid
2345 3108 2367 3120 ψ

312 3137 370 3164 Cic.
385 3145 433 3171 pro
448 3136 546 3163 Milon.
581 3155 588 3162 .
622 3154 630 3162 .
667 3156 674 3162 .
711 3135 793 3162 Multi
813 3136 893 3162 etiam
912 3134 976 3162 haec
993 3136 1116 3162 timentes
1135 3136 1164 3163 in
1181 3136 1356 3171 suspicionem
1419 3137 1465 3169 sit,
1485 3138 1618 3164 incertum
1637 3135 1673 3162 est
1686 3155 1695 3168 ,
1717 3137 1736 3161 i.
1755 3135 1912 3161 Euenturum.
1985 3136 2076 3170 Aquae
2095 3136 2200 3162 casurae
2221 3128 2374 3161 Martiam

313 3172 444 3199 caderent.
513 3173 544 3198 In
557 3171 731 3207 suspicionem
747 3171 1019 3199 Lacedaemoniorum
1034 3171 1138 3198 cadere:
1151 3178 1201 3207 pro
1215 3171 1355 3207 Suspec'ium
1419 3175 1500 3200 Arces
1519 3174 1623 3199 casurae
1644 3170 1724 3198 Ouid.
1737 3170 1799 3198 Met.
1817 3179 1851 3203 12,
1868 3176 1919 3204 588.
1991 3171 2087 3198 Fontes
2095 3171 2180 3198 casuri
2193 3171 2222 3197 in
2234 3177 2371 3205 aequor

314 3206 358 3242 effe
372 3207 578 3234 lacedaemoniis.
607 3207 677 3243 Nep.
695 3207 724 3234 in
743 3207 868 3234 Pausania
886 3216 918 3240 2,
938 3209 963 3233 6.
1005 3207 1081 3234 Aetas
1094 3207 1151 3234 eius
1171 3208 1266 3234 cecidit
1283 3208 1311 3234 in
1324 3217 1354 3235 ea
1419 3218 1446 3242 2,
1462 3217 1520 3243 419.
1589 3208 1698 3234 Moenia
1708 3206 1797 3234 casura
1810 3206 1891 3233 Ouid.
1900 3207 1964 3234 Met.
1977 3215 2010 3240 13,
2022 3214 2076 3242 375.
2147 3207 2257 3234 Nomen
2270 3205 2316 3232 cas
2351 3218 2363 3226 -Α

314 3248 434 3277 tempora
453 3243 522 3278 Nep.
544 3243 580 3276 1‘8‚
599 3252 621 3276 1,
640 3252 666 3270 2.
702 3242 750 3270 Sed
768 3242 878 3277 Qninft.
891 3250 917 3278 7,
932 3251 953 3273 2,
967 3245 984 3270 6
1006 3244 1038 3269 In
1050 3243 1141 3270 omnia
1153 3248 1273 3278 tempora
1287 3244 1356 3270 cadit
1372 3252 1400 3280 ες
1418 3245 1446 3271 lo
1458 3251 1588 3280 tempore,
1605 3246 1623 3270 i.
1631 3249 1775 3279 perpetuum
1787 3242 1869 3269 Ouid.
1881 3244 1974 3270 Amor.
1989 3253 2006 3274 1,
2019 3250 2056 3276 15,
2063 3251 2107 3270 20.
2177 3242 2265 3269 Ruina
2277 3241 2366 3271 casula

315 3277 468 3305 coniec’tura
485 3279 578 3306 animi.
646 3280 677 3306 In
694 3278 876 3306 alieniffimum
894 3284 995 3313 tempus
1007 3287 1041 3305 ne
1059 3278 1133 3305 cadat
1148 3278 1276 3306 aduentus
1295 3286 1355 3306 tuus
1419 3289 1450 3307 ex
1465 3281 1539 3307 Pont.
1554 3288 1581 3312 2,
1593 3288 1617 3312 3,
1631 3287 1671 3312 59.
1686 3294 1694 3299 -
2117 3294 2121 3297 «
2329 3300 2332 3302 ,
2349 3287 2355 3294 “

315 3315 372 3342 Cic.
388 3314 459 3340 Fam.
473 3321 507 3346 15,
523 3323 560 3348 14.
585 3317 604 3341 i.
624 3316 664 3342 Ne
682 3314 818 3347 aduentus,
832 3323 904 3350 quum
916 3317 1015 3341 minime
1033 3317 1082 3341 erit
1100 3321 1168 3349 θρῖα.
1221 3316 1251 3342 111
1265 3315 1356 3343 virum
1452 3322 1572 3344 CASVS
1582 3335 1590 3348 ‚
1616 3313 1654 3341 fis.
1679 3323 1715 3341 m.
1749 3311 1866 3347 [κ7ῶσις,
1884 3311 2041 3347 mimi-hux,
2059 3311 2239 3346 οἷντυμοιτία,]
2274 3313 2311 3340 Ex

315 3350 418 3378 bonum
430 3358 483 3375 non
497 3349 564 3376 cadit
578 3350 688 3378 mentiri
702 3350 876 3378 emolumenti
890 3350 930 3377 sui
948 3350 1022 3376 causa
1035 3349 1132 3377 1d.0ff.
1147 3358 1159 3382 3
1168 3370 1176 3382 ‚
1191 3355 1215 3380 81
1229 3360 1250 3377 c.
1259 3359 1301 3378 20.
1323 3352 1356 3378 Et
1418 3354 1485 3378 tione
1498 3351 1569 3378 verbi
1581 3350 1706 3386 lapsurus.
1720 3348 1885 3385 delapsionem,
1905 3356 1949 3376 aut
1963 3347 2129 3411 collapfiovzem
2139 3347 2280 3385 fignificat.
2315 3346 2366 3379 Li,

316 3387 370 3413 Att.
386 3393 425 3418 14,
441 3392 469 3411 12
488 3384 536 3410 Sed
557 3386 660 3413 casurus
680 3387 710 3413 in
729 3387 856 3422 aliquam
865 3385 1088 3421 vituperationem
1097 3405 1106 3419 ,
1126 3385 1198 3421 quod
1214 3386 1290 3422 Reip.
1312 3387 1356 3414 de·
1418 3388 1498 3415 Casus
1517 3386 1597 3414 niuis.
1625 3387 1692 3413 Hor.
1707 3385 1795 3412 carm.
1810 3393 1836 3417 2,
1851 3394 1890 3418 10,
1904 3393 1933 3411 10
1958 3385 2026 3411 Exce
2040 3385 2080 3412 sae
2099 3386 2225 3419 grauiore
2242 3382 2310 3410 Ca'su
2326 3386 2360 3419 191,-

316 3421 417 3449 suerim
437 3426 490 3447 tam
509 3421 583 3454 graui
602 3426 729 3457 tempore.
799 3423 830 3449 In
851 3430 929 3448 vnam
950 3421 1042 3449 cadere
1061 3421 1164 3456 possunt
1177 3421 1264 3462 plures
1279 3431 1356 3458 quae·
1367 3434 1403 3460 90
1418 3429 1511 3450 turres.
1547 3423 1651 3449 Lucret.
1667 3429 1692 3453 2,
1705 3428 1743 3453 231
1764 3422 1836 3447 Haec
1848 3430 1898 3456 pro
1911 3419 2074 3456 ponderibus
2087 3420 2158 3447 casus
2170 3419 2284 3447 celerare
2302 3424 2353 3454 υθέ,

317 3458 429 3488 stiones,
448 3464 515 3490 quae
527 3455 601 3482 velut
614 3457 775 3485 subiacentes
787 3457 820 3485 ad
830 3457 914 3490 illud,
929 3465 984 3493 quo
996 3456 1127 3484 iudicium
1138 3464 1302 3489 continetur,
1315 3467 1356 3486 re·
1417 3459 1601 3487 quena-Sat.
1617 3466 1655 3490 10,
1671 3463 1718 3491 107
1730 3455 1758 3482 de
1771 3457 1866 3488 Seiano,
2245 3479 2248 3481 .
2338 3474 2352 3498 s
2410 3465 2419 3485 ·.

315 3495 439 3521 s‘rssnffll‘
452 3489 583 3525 Qfiuffll·
598 3500 621 3524 3,
634 3495 659 3519 6.
854 3491 875 3531 fl
896 3495 914 3520 6
946 3492 1035 3520 Eadem
1042 3492 1102 3529 fere
1115 3490 1149 3527 est
1160 3496 1226 3519 ratio
1234 3495 1297 3520 Prae
1315 3493 1358 3528 efi—
1574 3494 1645 3521 Nam
1660 3492 1707 3528 qui
1726 3492 1824 3519 nimios
1840 3491 1948 3527 optabat
1962 3490 2078 3519 honores
2323 3490 2329 3507 i
2351 3486 2355 3499 ¹

316 3532 395 3556 tionis
412 3526 474 3555 Sub.
495 3527 550 3553 Cic.
570 3526 601 3553 dc
621 3528 742 3555 Vniuers.
757 3537 772 3561 9
792 3530 824 3556 Et
837 3529 945 3562 onmia,
960 3537 1028 3564 quae
1042 3527 1090 3555 sub
1106 3527 1239 3563 aspeCmm
1252 3500 1357 3562 cadiint,
1572 3529 1605 3556 Et
1622 3528 1718 3555 nimias
1730 3528 1852 3562 poscebat
1863 3536 1943 3563 opes,
1962 3526 2102 3554 numerosa
2118 3523 2227 3560 parabat

317 3562 587 3599 comprehenduntur.
623 3563 662 3590 1d.
682 3573 731 3598 pro
746 3565 822 3591 Font.
836 3573 853 3592 2
870 3564 1010 3599 Multoque
1027 3564 1084 3591 eius
1103 3563 1197 3590 sudore
1216 3573 1245 3590 ae
1265 3564 1357 3592 labore
1573 3564 1693 3592 Excelsae
1705 3564 1786 3590 turris
1797 3564 1931 3597 tabulata,
1942 3562 2012 3590 vnde
2025 3561 2105 3589 altior
2117 3561 2177 3587 esset

319 3599 366 3626 sub
380 3609 440 3634 pop.
459 3599 536 3626 Rom.
556 3598 698 3633 imperium
715 3599 899 3636 ditionemque
916 3599 1076 3628 ceciderunt.
1110 3601 1142 3626 Et
1160 3599 1192 3625 de
1206 3599 1263 3626 Fin.
1285 3609 1308 3633 3,
1322 3603 1358 3628 60
1371 3610 1404 3637 95
1574 3601 1668 3633 Casus,
1682 3605 1708 3626 et
1719 3599 1846 3634 impulsae
1859 3607 1980 3637 praeceps
1991 3597 2108 3624 immane
2124 3596 2226 3623 ruinae.

320 3635 406 3662 Prima
420 3641 507 3662 autem
523 3633 568 3660 illa
581 3640 706 3666 naturae,
721 3635 773 3661 siue
787 3636 912 3669 secunda,
925 3636 979 3663 siue
998 3634 1147 3668 contraria,
1160 3634 1207 3662 sub
1227 3635 1358 3664 iudicium
1418 3636 1512 3663 Accius
1524 3635 1592 3672 apud
1602 3636 1657 3663 Cic.
1673 3635 1705 3662 de
1718 3635 1780 3662 Diu.
1795 3644 1814 3668 1,
1826 3643 1865 3670 44
1883 3642 1952 3661 cau.
1975 3632 2005 3659 de
2014 3635 2108 3665 ariete,
2126 3631 2261 3659 Cornibus
2277 3638 2303 3656 c·
2325 3639 2327 3652 1
2341 3642 2371 3666 *7

319 3671 441 3704 sapientis
458 3676 484 3696 et
503 3668 634 3697 delectum
653 3669 756 3696 cadunt.
792 3672 847 3698 Cic.
869 3672 898 3699 in
914 3672 988 3699 Orat.
1007 3673 1042 3706 67
1066 3669 1207 3706 Qudquid
1221 3670 1257 3697 est
1275 3671 1357 3704 enim,
1420 3681 1462 3698 me
1476 3673 1603 3705 arietare,
1617 3679 1702 3707 eoque
1717 3670 1773 3698 iou
1790 3679 1833 3698 rne
1843 3669 1876 3697 ad
1888 3669 1974 3696 casum
1990 3667 2056 3694 dari.
2108 3667 2163 3694 Cic.
2176 3676 2225 3703 pro
2238 3664 2365 3705 Cael-,431

320 3705 393 3740 quod
412 3705 458 3732 sub
476 3706 582 3732 aurium
600 3706 748 3732 mensuram
772 3705 887 3740 aliquam
910 3707 996 3740 cadit,
1014 3707 1095 3734 etiam
1114 3705 1132 3732 fi
1153 3705 1223 3732 abest
1243 3714 1258 3732 a
1279 3708 1356 3734 versu
1419 3707 1482 3734 dum
1495 3708 1590 3734 multas
1605 3707 1661 3734 vias
1678 3704 1867 3734 adolescentiae
1879 3703 1993 3743 lubricas
2010 3703 2141 3736 ostendit,
2159 3702 2257 3738 quibus
2275 3700 2365 3741 ὼγ]

321 3745 399 3772 (nam
417 3740 445 3766 id
465 3741 574 3775 quidem
591 3741 721 3768 orationis
737 3740 773 3766 cst
793 3741 908 3775 vitium)
921 3752 1046 3770 numerus
1059 3747 1179 3769 vocatur.
1250 3741 1302 3768 Sub
1317 3751 1357 3769 ra·
1419 3750 1464 3770 aut
1477 3742 1580 3778 ingredi
1593 3742 1646 3771 fine
1658 3743 1716 3769 casu
1730 3742 1821 3777 aliquo
1838 3745 1883 3767 aut
1899 3738 2064 3774 prolapsione
2077 3739 2123 3766 vix
2137 3737 2362 3776 poslit.Q1-1nsfi

321 3776 422 3802 tionem
435 3777 543 3803 eandem
563 3777 654 3804 cadere
666 3777 722 3803 Cic.
739 3775 770 3802 de
783 3777 884 3804 lnnent.
899 3786 920 3811 1,
933 3786 970 3814 47
986 3779 1104 3806 dicuntur
1117 3777 1205 3804 locare
1223 3782 1248 3803 et
1261 3777 1357 3804 conclu-
1364 3786 1448 3805 10010
1466 3780 1502 3806 Vt
1515 3787 1626 3814 corpora
1647 3777 1791 3805 infantium
1810 3784 1858 3802 nec
1874 3775 1959 3807 casus,
1971 3783 2026 3810 quo
2039 3775 2067 3801 in
2085 3781 2183 3802 terram
2200 3772 2280 3801 toties
2357 3782 2363 3792 τ

322 3819 391 3838 cere.
460 3811 512 3838 Sub
532 3812 651 3848 regulam
669 3812 726 3839 Scn.
746 3811 778 3838 de
798 3812 887 3839 Benef.
907 3821 930 3845 3,
950 3823 983 3841 11.
1019 3814 1076 3842 Cic.
1096 3812 1175 3840 Acad.
1193 3820 1222 3846 4,
1259 3831 1266 3838 .
1303 3832 1310 3839 .
1349 3833 1355 3840 .
1418 3821 1472 3841 tam
1485 3814 1604 3849 grauiter
1614 3814 1708 3848 affligit
1720 3818 1778 3839 eta<
1801 3810 1919 3837 Martial.
1929 3818 1963 3842 12,
1977 3817 2009 3844 75
2028 3813 2055 3836 in
2067 3810 2295 3838 commendatione:

321 3846 419 3874 Iisdem
439 3845 551 3873 sensibus
571 3849 691 3883 reliqua,
705 3856 772 3882 quae
787 3847 833 3874 snb
848 3856 979 3884 quemque
1004 3851 1106 3877 sensum
1124 3848 1234 3880 cadunt,
1254 3847 1355 3874 sentiet.
1417 3851 1480 3876 vilis
1486 3852 1581 3886 pretii,
1595 3849 1686 3883 Qud?
1705 3845 1776 3883 quod
1789 3846 1880 3872 securo
1892 3851 1965 3881 potat
1976 3846 2091 3873 conuiua
2104 3845 2240 3876 ministro,
2262 3842 2294 3871 Et

322 3884 355 3909 Ee
384 3881 417 3908 de
445 3882 501 3907 lnu.
529 3891 555 3914 1,
581 3889 614 3918 4ss
653 3884 761 3918 Signum
783 3883 835 3915 est,
861 3883 932 3918 quod
958 3884 1005 3912 sub
1024 3886 1126 3912 sensum
1142 3884 1258 3919 aliquem
1278 3882 1356 3910 cadit.
1418 3885 1505 3912 nullae
1517 3894 1571 3912 non
1586 3885 1697 3912 timuere
1709 3882 1818 3909 manus?
2012 3878 2033 3919 ff
2054 3890 2070 3908 2
2105 3880 2269 3916 metaphoras

319 3916 347 3956 ff
363 3925 382 3953 7
415 3915 526 3948 Cadere,
533 3924 582 3952 pro
595 3920 697 3945 Euenire
703 3919 777 3954 saepe
785 3921 900 3953 ponitur,
912 3919 1007 3952 ιναᾶα,
1020 3927 1051 3948 vt
1061 3919 1177 3947 credibile
1189 3916 1232 3952 est,
1241 3917 1357 3955 formula
1418 3928 1445 3946 υ.
1451 3929 1477 3956 g.
1485 3920 1663 3954 Virg.Georg.
1671 3925 1748 3952 1,340
1766 3917 1903 3943 Extremae
1909 3915 1957 3943 sub
1970 3917 2056 3944 casum
2069 3916 2175 3950 hiemis,
2185 3913 2291 3950 istum·

321 3963 337 3981 11
350 3953 456 3980 talorum
474 3957 498 3977 et
514 3951 654 3985 effrarum
675 3954 748 3985 ludo,
760 3954 803 3980 vbi
822 3962 852 3980 ex
870 3954 926 3990 casu
935 3959 1039 3992 proprie
1051 3953 1119 3984 dic-To
1130 3955 1242 3993 fortuna
1254 3953 1355 3990 pendet.
1368 3963 1442 3996 κ351,
1456 3957 1502 3988 623
1523 3955 1602 3983 Casu·
1619 3952 1694 3980 vrbis
1711 3950 1745 3985 est
1761 3954 1888 3978 imeritus.
1924 3953 1998 3981 Caes.
2016 3953 2047 3980 B.
2071 3953 2133 3980 Ciu.
2150 3960 2172 3984 1,
2183 3958 2201 3986 7
2225 3949 2297 3979 Haec
2309 3945 2326 3972 s

2357 3981 2412 4016 jeta?
