2474 4182
41 95 133 140 1017*
400 81 436 122 C
522 82 559 122 O
651 80 687 121 L
1498 80 1533 120 C
1623 80 1659 120 Ο
1752 79 1788 121 L
2105 92 2188 131 ¹0¹8

75 184 129 203 aces
154 173 258 202 tendant
270 171 371 198 Cren‘ae
391 170 473 198 fortia
493 171 558 198 trito
576 169 682 197 vincula
695 168 775 195 collo.
795 169 833 194 De
843 168 945 195 canibus
959 168 1076 204 Cretensi.
1138 150 1270 194 itfnumis
1289 169 1388 198 aureis,
1412 176 1471 203 quos
1489 169 1519 195 ab
1542 179 1566 196 eo
1587 172 1706 205 recipiam
1727 175 1776 204 pro
1803 169 1884 202 aliis)
1909 170 1962 203 Ego
1984 171 2031 199 ista
2048 181 2102 199 non
2123 173 2187 200 noui

38 185 90 241 gs,
161 208 309 243 'surgentia
322 207 391 233 colla
408 207 519 234 alicuius
533 206 650 241 diripere
663 205 722 230 cnse
743 203 788 230 Sil.
807 212 841 237 15,
858 212 918 239 729.
981 206 1076 232 Velant
1139 203 1245 238 (itaque
1259 202 1324 237 falli
1341 202 1433 237 poffiim
1446 207 1548 239 jacite)
1578 206 1626 232 Sed
1646 212 1715 232 certe
1731 206 1758 231 in
1772 204 1890 231 Collubo
1905 206 1939 230 cst
1955 206 2106 234 detrimenti
2127 210 2187 235 sati,

22 247 119 274 iubae
138 245 204 272 colla
227 243 307 270 Ouid.
328 243 392 269 Met.
412 252 455 275 10,
475 245 536 275 699.
731 236 752 276 fl
772 248 785 271 3
822 241 915 273 Colla,
935 241 1028 275 abuJiue
1046 242 1075 268 de
1139 246 1185 265 etc.
1218 237 1295 266 ,11113111
1311 239 1367 264 Cic.
1385 241 1458 264 Vei-r.
1476 249 1497 270 3,
1515 248 1549 269 151
1568 250 1587 266 c.
1603 247 1634 274 78
1661 242 1696 267 Ex
1717 242 1792 267 omni
1809 241 1919 275 pecunia
1940 249 2016 274 quam
2037 245 2187 270 aratoribus

12 272 24 293 '³
38 281 158 310 montibus
176 280 309 308 dicuntur,
329 280 417 305 Partes
435 278 506 311 illae,
527 275 677 313 quaerinfra
689 274 812 310 summum
830 281 946 303 verticem
959 285 982 303 et
995 279 1076 314 Jilpra
1140 274 1246 300 soluere
1265 273 1397 306 debuisti,
1419 276 1496 300 certis
1517 277 1671 302 nominibus
1691 276 1864 303 deductiones
1884 275 1942 303 fieri
1962 276 2087 303 solebant.
2134 281 2188 305 Pri.

37 317 138 346 medium
158 319 249 341 monn-5
272 318 372 351 jugum,
391 313 456 350 quod
475 313 571 348 dorsum
594 314 668 337 etiam
689 311 829 346 appellant,
848 320 977 348 apparent,
1014 315 1075 340 Stat.
1100 313 1114 340 ς
1140 318 1212 335 11111111
1236 317 1285 343 pro
1310 310 1472 343 speciatione
1501 317 1526 336 et
1547 311 1664 343 collybo.
1690 312 1788 339 deinde
1813 322 1862 346 pro
1884 311 1974 337 nescio
1997 321 2051 345 quo
2076 316 2187 340 cerario.

39 351 127 384 Theb,
141 359 168 384 9,
182 353 231 384 643
251 352 358 385 Iamque
370 350 426 376 fere
446 348 562 375 medium
577 345 685 372 Parnassi
699 347 810 374 frondea
822 355 927 383 praeter
947 349 1024 376 Colla
1039 356 1076 376 ge-
1140 345 1213 371 Haec
1228 345 1319 371 onmia
1333 345 1450 377 Iudices,
1470 354 1525 371 non
1544 355 1633 372 rerum
1653 355 1801 380 certarum,
1821 348 1863 374 sed
1880 348 2016 374 furtorum
2032 348 2189 381 nupt-obilli>

22 413 23 421 ¹
37 387 114 417 nebat
127 387 186 413 iter.
256 386 363 413 Collum
377 385 483 419 lagenae
496 381 603 410 phaedr.
618 390 638 414 t,
653 385 691 412 26,
707 391 743 409 10.
1139 389 1246 407 morum
1268 381 1326 406 sunt
1347 381 1482 407 vocabula.
1521 382 1590 407 Nam
1605 383 1724 414 collybus
1739 385 1786 410 efl'e
1799 385 1845 418 qui
1867 383 1967 418 potest,
1980 391 2062 417 quum
2082 390 2189 410 vtautur

73 428 90 449 c
101 429 119 448 0
130 429 170 449 [L
180 428 240 454 VS,
262 422 280 448 i,
302 431 336 447 m,
355 422 444 455 Antiq.
468 418 536 446 Idem
550 417 614 453 quod
626 418 726 444 Collum.
763 418 845 446 Fiant.
858 420 934 454 Cape,
949 431 972 452 2,
987 429 1013 453 2,
1027 428 1074 456 ¹07
1141 425 1234 442 omnes
1248 426 1301 442 vno
1317 425 1412 450 genere
1425 418 1586 443 munorum?
1607 417 1713 444 Sueton.
1728 421 1825 454 Augm.
1835 429 1853 452 4
1868 418 1965 445 <Lamus
1977 418 2119 445 Parmensis
2129 428 2190 453 qua-

36 458 126 497 Qllus
141 457 250 484 collaria
266 462 342 483 caret.
380 457 410 482 Et
424 465 452 489 4,
466 462 487 486 3,
501 462 516 480 2
536 454 591 480 Iam
606 458 698 488 vt'ego
714 454 798 480 collos
811 456 1002 490 praetruncabo
1023 463 1074 482 ter·
1141 452 1201 478 dam
1224 452 1335 485 epistola
1352 462 1406 478 non
1431 459 1531 479 tantum
1556 459 1583 478 vt
1602 453 1725 486 pistoris,
1744 456 1786 481 sed
1806 456 1887 481 etiam
1901 462 1929 481 vt
1948 454 2095 480 numularii
2111 463 2190 488 nepo-

34 491 152 528 goribu's.
190 494 302 529 Pluscula
315 489 616 527 huiusgenerist·uau1·t
630 490 703 516 Nou.
719 498 739 522 3,
754 492 799 524 64.
930 491 950 528 ἤ
964 501 980 518 2
999 493 1074 519 Tor.
1092 498 1122 517 10
1140 493 1210 517 tem,
1231 488 1262 513 fic
1282 494 1352 514 taxat
1373 488 1536 522 Augustum,
1556 490 1676 514 Materna
1695 490 1745 515 tibi
1765 491 1851 516 farina
1868 499 1900 516 ex
1921 490 2070 516 crudiffimo
2086 490 2191 516 Ariciae

34 529 117 557 menti
132 538 210 564 genus
230 528 265 554 est
283 529 361 554 etiam
374 536 388 553 e
402 524 494 556 coriO,
516 525 611 552 Festus.
659 525 707 552 Sed
717 526 862 562 suspicatur
876 527 1001 564 Scaliger,
1025 537 1073 554 non
1139 524 1268 558 pistrino:
1306 524 1371 549 hanc
1384 524 1461 550 finxit
1473 524 1596 550 manibus
1611 524 1717 556 collybo
1732 525 1891 552 decoloratis
1909 526 2107 562 (adhaerescunt
2127 529 2191 551 enim

18 584 20 589 ψ
35 565 133 592 collum
147 566 189 591 hic
200 565 321 600 intelligi,
334 561 381 598 fid
393 560 522 593 culleum,
536 560 725 597 parricidarum
737 564 898 599 simplicium.
1140 559 1233 586 liuidae
1254 558 1370 594 quaedam
1382 559 1471 595 jot-des
1488 561 1600 586 titanibus
1618 570 1709 592 corum,
1725 564 1768 596 qui
1780 559 1894 588 translam
1902 563 2060 597 pecuniam)
2075 561 2192 588 Nerulo-

73 606 280 631 COLLARE,
319 603 540 630 comnotus,
576 597 675 632 v.s.l.
964 609 967 611 ¹
1140 594 1393 622 ncnsismensarius.

13 643 25 669 4«1
70 642 87 662 c
96 641 116 663 0
126 642 141 661 L
151 642 168 661 1.
177 634 199 662 xi
208 642 223 661 L
233 641 252 661 v
261 641 300 666 M,
320 633 338 659 i.
366 640 392 658 n.
428 632 649 659 Di'mi›1.Cathol.
1177 637 1222 658 co
1231 637 1246 656 L
1256 638 1273 656 L
1283 637 1301 656 γ
1311 636 1326 656 1³
1338 638 1343 655 1
1354 637 1366 656 s
1375 637 1396 656 T
1406 636 1421 655 F.
1431 636 1443 654 s
1459 650 1467 662 ,
1504 638 1529 656 et
1560 638 1576 658 c
1585 637 1604 657 o
1613 637 1629 657 L
1639 637 1655 656 L
1666 638 1683 656 Y
1694 636 1710 657 B
1720 638 1726 655 1
1737 638 1749 658 s
1758 638 1779 658 T
1789 638 1827 663 A,
1856 641 1894 658 ae.
1927 641 1963 659 m.
2001 631 2192 666 [κολλυίῖυςὴς]

70 678 87 698 C
96 677 115 698 0
124 677 140 697 L
151 677 166 696 1.
175 677 197 697 v
206 677 231 697 M
242 668 254 696 f
264 675 286 696 N
295 675 313 695 O
326 687 333 699 ,
361 671 414 693 fise.
457 669 491 695 Vt
507 668 666 701 collustrare,
686 669 738 695 luce
751 669 912 704 perfundere.
949 669 1077 704 Apuleius
1097 675 1122 702 ις
1145 668 1324 698 Numularius,
1343 668 1386 702 qui
1398 663 1492 691 diHam
1504 666 1572 692 modo
1586 670 1623 692 rei
1641 669 1768 692 numnriae
1786 670 1975 703 negotiationem
1989 676 2099 695 exercet:
2120 672 2193 703 quiet

34 706 66 734 de
74 707 131 733 Deo
146 705 243 733 Socrat.
260 714 282 739 p.
297 712 344 737 45,
360 712 390 735 39
411 703 516 730 Seruius
535 704 647 731 Tullius
668 704 774 731 flamma
794 705 986 731 colluminctur
1003 715 1017 732 a
1038 715 1078 732 ca·
1143 705 1268 738 trapezita
1285 700 1326 734 est.
1363 701 1386 727 S.
1402 701 1514 727 Hieron.
1529 703 1559 727 ad
1574 701 1668 728 Matth.
1689 711 1724 734 21,
1745 711 1772 728 12
1803 704 1990 737 Excogitarunt
2007 704 2148 731 Sacerdotes
2167 709 2194 730 et

33 743 97 777 pite.
135 738 280 775 Paulloposl
295 739 323 764 id
334 747 472 774 exponent,
493 740 586 766 Seruio
608 741 772 766 inflammare
793 741 934 769 verticem.
948 750 996 767 nec
1016 751 1077 768 exu-
1144 739 1223 765 aliam
1245 736 1383 769 technam,
1404 745 1432 763 Vt
1453 746 1501 771 pio
1523 738 1679 764 numulariis
1700 738 1840 770 colybistas
1856 739 1984 765 facerent:
2020 741 2094 766 cuius
2115 740 2193 766 verbi

19 809 21 812 ι
34 787 100 805 rere.
137 777 254 804 Prudent.
271 774 330 801 adu.
349 775 495 807 Synunach.
514 784 538 807 2,
551 781 598 809 830
620 775 688 802 Solis
703 776 794 802 radius
813 776 970 803 colluminat
984 786 1076 804 omnes
1144 775 1334 809 proprietatem
1349 773 1442 799 Latina
1453 774 1543 807 lingua
1557 782 1612 798 non
1625 774 1760 807 exprimit.
1798 774 1902 806 Colyba
1917 776 2039 801 dicuntur
2052 775 2121 810 apud
2137 784 2194 805 eos>

16 814 19 829 ⁵
34 813 137 840 Diffuso
150 811 286 847 splendore
300 811 380 837 locos.
1145 820 1212 845 quae
1226 820 1274 836 nos
1289 809 1449 844 appellamus
1463 816 1624 843 tragemata,
1637 809 1679 834 vel
1694 810 1759 835 vilia
1779 810 1932 836 munuscula
1942 831 1950 842 ,
1966 820 1991 836 υ.
2007 821 2032 845 g.
2048 811 2113 837 frixi
2127 811 2195 837 cice-

68 853 236 877 COLLVO,
263 846 309 879 ui,
343 850 436 879 utum,
462 848 516 874 erc.
552 846 727 882 [συμπλύνω,
753 846 928 881 καταπλύνω]
965 849 1076 874 Lauare:
1094 851 1129 870 20
1144 847 1197 877 ris,
1211 854 1377 880 vuar-umque
1396 846 1539 879 pass'arum,
1554 850 1580 871 et
1600 853 1679 879 poma
1698 845 1792 871 diuersi
1814 847 1925 879 generis.
1947 841 2021 879 (vid.
2040 848 2118 873 Schol.
2132 849 2195 874 Ari-

18 884 75 919 :sed
88 884 147 920 fere
165 881 198 919 od
216 892 257 915 ος,
272 889 296 908 ει
314 892 356 914 ea,
371 891 430 918 quae
444 886 470 909 in
484 883 738 919 orefimt‚pertinet.
775 882 842 908 Plin.
857 891 898 912 20,
911 886 926 908 6
949 883 1077 909 Dentium
1136 880 1221 916 floph-
1237 883 1302 907 Plut.
1319 892 1343 907 v·
1358 881 1440 915 768·)
1464 881 1563 915 Igitur,
1579 882 1642 915 quia
1656 880 1746 906 vsuras
1769 884 1885 914 accipere
1904 891 1959 908 non
1979 889 2099 916 poterant
2114 883 2196 915 Coly-

33 920 152 947 dolorem
165 917 250 944 tribus
265 918 395 952 capitibus
412 919 439 944 in
457 925 532 945 aceto
545 919 615 945 tritis
629 917 780 948 imminuit,
802 918 843 943 vel
858 918 875 943 li
891 918 997 945 decocssla
1011 928 1077 954 aqua
1146 917 1243 949 bistae,
1261 918 1308 951 qui
1328 918 1464 951 pecuniam
1480 916 1613 943 foenerati
1626 921 1714 949 erant,
1743 924 1792 949 pro
1812 917 1897 942 vsuris
1920 917 2084 952 accipiebant
2106 919 2193 945 varias

31 955 196 986 colluantur,
216 953 379 989 addaturque
395 955 480 989 ipsum
493 955 522 980 in
534 963 596 981 caua
610 953 738 980 dentium.
775 953 848 989 Conf.
863 953 901 979 Id.
917 963 961 987 24,
976 962 1000 989 7.
1039 956 1077 982 Os
1145 953 1242 987 species
1252 972 1260 985 ‚
1280 960 1307 978 vt
1326 954 1398 987 quod
1420 953 1447 978 in
1465 961 1548 979 numo
1564 961 1619 978 non
1640 951 1752 984 licebat,
1766 952 1794 977 in
1808 950 1849 977 his
1870 952 1948 978 rebus
1963 954 2114 987 exigerent,
2127 962 2194 988 quae

7 996 20 1019 i*
30 990 146 1018 colluere
159 998 226 1024 aqua
242 990 324 1016 calida
338 990 459 1017 Scribon.
474 999 515 1023 54.
588 989 685 1016 Radice
699 988 796 1015 herbae
817 989 1020 1024 quinquefoliae
1039 992 1078 1016 in·
1144 989 1232 1014 numis
1246 991 1406 1021 coemuntur
1419 995 1464 1013 etc.
1503 987 1583 1021 Potest
1598 997 1657 1014 uera
1669 986 1712 1021 eſjc
1723 985 1838 1020 historia.
1873 988 1911 1013 De
1928 992 2073 1024 etymologia
2088 992 2139 1015 alia
2157 992 2196 1015 vi-

18 1025 119 1053 'coCtae
134 1026 161 1051 in
175 1026 240 1052 vino
248 1033 293 1053 etc.
308 1034 344 1059 53.
386 1027 461 1061 Aqua
475 1025 581 1052 oleastri
595 1025 699 1052 decocti
717 1031 762 1051 aut
776 1025 882 1052 corticis
898 1027 960 1052 mali
975 1026 1077 1060 granati
1095 1026 1126 1052 25
1144 1024 1232 1049 dimus.
1277 1025 1329 1049 l'no
1350 1024 1498 1059 lscribitur
1518 1024 1585 1058 apud
1611 1024 1788 1058 Hieronymum
1810 1022 1870 1049 edit.
1896 1023 1998 1049 Froben.
2029 1025 2074 1050 Sed
2097 1026 2196 1057 Graeci,

18 1064 72 1090 v¹62..
128 1062 237 1089 Tamen
251 1062 331 1088 etiam
345 1062 411 1088 Cato
426 1063 457 1088 R.
471 1063 502 1088 R.
515 1067 542 1092 88
565 1061 728 1096 Amphoram
749 1059 895 1091 defricato,
910 1063 1076 1096 colluitoque
1145 1059 1211 1095 quod
1229 1059 1359 1095 objerncm,
1371 1060 1468 1094 simper
1485 1059 1609 1090 κόλλιιβος
1624 1066 1650 1085 et
1670 1058 1789 1090 κόλλυβοι
1807 1062 1891 1085 etiam.
1930 1057 2106 1085 Numularios
2125 1061 2197 1087 habet

19 1096 123 1134 lpuram
139 1098 250 1132 impleto
264 1106 332 1133 aqua
344 1107 419 1132 pura.
456 1097 525 1124 Add.
539 1097 607 1124 Cato
620 1106 667 1124 100
687 1103 710 1123 et
724 1097 742 1124 l.
756 1105 787 1128 30
800 1095 824 1134 §.
839 1106 854 1123 2
876 1098 907 1123 D.
929 1097 960 1123 de
975 1098 1076 1132 acquir.
1143 1103 1165 1121 et
1181 1098 1299 1130 antiquus
1317 1098 1442 1130 interpres
1454 1095 1521 1128 apud
1536 1097 1728 1129 llxtvmysmum,
1743 1102 1767 1120 et
1786 1096 1908 1131 l'ulgatus
1921 1093 1999 1120 hodie.

20 1141 80 1161 *ren
102 1134 174 1160 dom.
1182 1137 1244 1157 COI
1262 1139 1277 1157 1.
1290 1132 1383 1163 v'RA,
1402 1139 1441 1156 ac.
1462 1131 1482 1156 f.
1520 1130 1668 1165 [κολλύρα]
1707 1132 1789 1156 Genus
1799 1133 1892 1165 panis,
1910 1129 2014 1155 Polluci
2033 1128 2115 1155 Plaut.
2130 1129 2198 1156 Pers.

65 1168 446 1202 cortvrvs‚a‚um.1*mic.
468 1167 585 1199 Plin.zo,
595 1176 618 1200 13
638 1167 954 1196 Sicetcollutisdentibus
963 1168 1078 1202 prodest.
1146 1176 1166 1199 1,
1180 1175 1204 1199 3,
1218 1175 1243 1192 12
1275 1166 1400 1198 Collyrae
1421 1166 1502 1192 facite
1515 1173 1544 1192 vt
1562 1166 1692 1192 madeant.
1729 1166 1870 1198 Collyrae,
1892 1168 1976 1201 inquit
1998 1165 2039 1191 hic
2059 1165 2199 1196 Turnebus,

65 1210 285 1237 COLLVTIO,
305 1205 373 1231 onis.
401 1204 420 1230 f.
457 1205 530 1231 Cael.
552 1204 641 1230 Aurel.
662 1205 737 1232 Acut.
758 1214 781 1235 2,
795 1207 820 1237 6,
834 1209 864 1234 28
892 1205 1002 1230 Vtemur
1022 1205 1078 1230 oris
1097 1212 1129 1236 30
1144 1204 1248 1229 Paruuli
1258 1209 1337 1238 pones
1354 1202 1439 1228 mundi
1451 1207 1530 1237 Junt,
1542 1202 1590 1238 fid
1603 1211 1625 1228 ει
1643 1211 1720 1238 genus
1731 1201 1853 1237 „sistorum
1870 1202 2077 1237 ftzrmaceorum,
2099 1209 2158 1236 quac
2172 1206 2200 1225 ut

4 1041 14 1074 :-

18 1040 25 1073 a

30 1240 186 1268 collutionc.
259 1241 327 1267 Cum
341 1240 420 1267 dolor
434 1240 589 1272 (dentium)
602 1240 725 1275 vrgebit‚
743 1240 818 1268 varie
830 1239 955 1266 sedandus
969 1240 1004 1266 est
1019 1249 1077 1275 par·
1144 1241 1251 1275 lagana,
1272 1238 1397 1264 interdum
1410 1241 1437 1263 in
1446 1238 1581 1274 Jizrtagine
1594 1239 1734 1274 jrigontur
1743 1257 1749 1268 ,
1763 1237 1886 1263 interdum
1903 1235 1973 1263 coc‘la
1981 1244 2029 1272 per
2041 1243 2071 1271 Je
2084 1237 2199 1267 edantur,

30 1277 80 1304 tim
92 1277 240 1304 collutione
253 1276 421 1311 quorundam
435 1276 557 1302 Scribon.
573 1285 609 1309 53.
1144 1275 1269 1301 interdum
1289 1284 1319 1300 ex
1339 1277 1393 1300 iure
1412 1273 1590 1307 comedantur,
1613 1281 1641 1300 vt
1661 1273 1766 1300 tabellas
1781 1280 1900 1308 pomceas
1914 1276 1940 1298 in
1953 1273 2136 1308 sorbitiuncula
2147 1273 2201 1307 ple-

67 1318 85 1339 C
95 1319 116 1339 Ο
126 1319 166 1340 LL
176 1319 255 1338 VRA
269 1332 278 1344 ‚
314 1312 368 1338 vid.
405 1319 422 1338 C
433 1318 475 1338 01.
486 1319 501 1339 L
512 1319 598 1339 YRA.
1144 1320 1244 1346 rumque
1262 1309 1384 1344 esttamus.
1422 1311 1490 1335 Hinc
1667 1308 1687 1344 ⁴]
1707 1317 1723 1335 z
1760 1309 1870 1341 Collyra
1891 1309 1909 1334 s.
1929 1308 2040 1335 Collura
2059 1311 2087 1333 in
2106 1310 2201 1342 capitis

67 1354 86 1375 C
97 1354 141 1376 OL
150 1354 263 1375 LVRCI
274 1355 296 1374 N
305 1355 326 1374 A
336 1354 358 1374 Τ
368 1353 404 1374 10
414 1368 422 1380 ,
441 1348 508 1374 otiis.
531 1348 550 1374 f.
588 1347 655 1374 Idem
668 1347 735 1382 quod
746 1348 871 1374 Heluatio.
909 1346 985 1381 Apul.
998 1346 1076 1381 Apol.
1137 1348 1248 1382 fcminri
1261 1348 1413 1372 ornamentis
1426 1351 1575 1371 memoratur
1588 1344 1763 1371 Tertulliano
1776 1345 1807 1371 de
1817 1346 1897 1371 Cultu
1913 1345 1985 1371 Fem.
1999 1353 2022 1376 2,
2036 1352 2053 1378 7
2073 1342 2113 1370 Ad
2128 1352 2202 1369 men·

31 1393 56 1418 p.
70 1392 122 1417 322,
138 1392 164 1417 33
186 1384 261 1418 Qtae
278 1383 370 1410 omnia
383 1384 411 1409 in
430 1384 516 1418 paucis
535 1384 609 1410 anuis
623 1383 665 1408 hic
685 1382 824 1416 degulator
837 1381 951 1408 studiose
968 1383 996 1409 in
1015 1393 1076 1409 vcn-
1097 1393 1126 1418 33
1145 1383 1230 1408 suram
1243 1382 1378 1407 neminem
1395 1380 1442 1406 libi
1458 1381 1574 1407 adiicere
1593 1381 1661 1415 poss‘e
1677 1382 1878 1415 pronuntiatum
1893 1381 1938 1407 est.
1976 1381 2030 1406 Vos
2050 1388 2116 1405 vero
2135 1378 2201 1405 adii·

32 1425 100 1447 trem
123 1419 258 1452 condidit,
283 1427 309 1446 et
328 1419 492 1446 omnimodis
515 1417 783 1446 collurcinationibus
804 1418 973 1453 dilapidauit.
1017 1419 1076 1446 ls'id.
1145 1418 1204 1443 citis
1220 1417 1252 1442 ad
1267 1417 1384 1451 pondus,
1402 1417 1525 1442 Colluras
1539 1417 1663 1451 quasdam
1681 1417 1723 1443 vel
1744 1418 1878 1443 scutorum
1892 1415 2035 1442 vmbilicos
2049 1415 2201 1444 ceruicibus

32 1461 101 1484 coL
110 1462 126 1481 L
137 1462 155 1480 v
167 1461 184 1481 C
193 1462 236 1482 ER
245 1463 267 1482 N
276 1463 298 1482 A
307 1461 328 1481 T
338 1463 345 1481 1
357 1461 385 1482 O.
1145 1453 1315 1480 adstrueneo.
1351 1452 1377 1478 Si
1394 1461 1446 1477 non
1462 1453 1542 1486 pudet
1555 1452 1740 1485 enormitatis,
1761 1453 1857 1486 pudeat
1872 1452 2080 1485 inquinamenti,
2094 1460 2126 1477 ne
2139 1459 2201 1477 exu-

66 1497 139 1518 COL
152 1496 306 1518 LVSTRO
317 1511 326 1523 ,
343 1495 395 1517 are.
433 1486 657 1524 [κερισκένῖἴομαι]
694 1488 896 1524 Circum-spicere.
917 1490 992 1524 Virg.
1013 1491 1078 1517 Aen.
1144 1490 1202 1515 vias
1223 1488 1305 1515 alieni
1325 1488 1434 1522 capitis,
1452 1489 1540 1514 forsan
1554 1488 1687 1514 immundi
1723 1503 1769 1507 --
1805 1488 1885 1522 capiti
1899 1487 2051 1521 supparetis.
2124 1487 2202 1512 Debet

30 1532 59 1565 39
73 1528 116 1559 651
140 1526 239 1553 Omnia
256 1526 425 1557 collustrans,
445 1525 511 1551 hanc
531 1524 650 1559 primum
669 1524 697 1550 in
716 1525 797 1551 litore
817 1525 917 1551 classem
945 1527 1079 1560 Conspexi
1143 1528 1224 1562 igitur
1237 1525 1317 1560 ,ll‘lllt'
1331 1530 1435 1550 ornatus
1448 1533 1476 1549 ex
1489 1524 1661 1558 capillamento
1681 1524 1761 1549 alieno
1781 1526 1861 1558 capiti
1881 1525 2010 1549 mulierum
2025 1532 2039 1547 a
2052 1528 2122 1558 tergo
2135 1522 2160 1556 s.
2176 1525 2203 1547 in

28 1555 190 1588 venientem.
226 1562 299 1597 Conf.
310 1561 378 1588 Tac.
393 1561 461 1587 Ann.
477 1568 500 1592 2,
513 1568 556 1593 43,
569 1569 597 1594 4.
651 1561 816 1586 Collustrare
831 1561 914 1587 oculis
930 1562 1078 1588 Cir-,Tuscu
1089 1570 1126 1596 40
1144 1563 1248 1596 occipite
1268 1562 1407 1595 appositus,
1428 1568 1443 1585 a
1455 1560 1547 1595 ‚torma
1560 1559 1635 1594 forte
1649 1562 1742 1594 panis,
1761 1568 1862 1594 quocum
1882 1561 1957 1584 etiam
1975 1557 2040 1584 scuti
2060 1557 2204 1584 vmbilicus

0 1615 7 1633 ⁵,
28 1602 51 1629 ς,
63 1598 95 1629 65
107 1606 129 1623 c.
144 1604 183 1628 23.
380 1593 401 1634 fl
422 1604 438 1622 2
474 1596 639 1623 Collustrarc
655 1596 758 1622 lumine
779 1596 990 1629 [καταλάμπειμ
1009 1601 1067 1631 λαμ
1144 1600 1274 1628 conuenit,
1290 1606 1326 1622 im
1345 1594 1439 1620 alffius.
1477 1594 1589 1621 Collura
1608 1602 1690 1621 autem
1710 1596 1793 1622 editur
1812 1605 1828 1622 a
1846 1596 1961 1631 Rigaltio
1975 1601 1999 1620 ec
2012 1594 2123 1620 Priorio.
2159 1594 2203 1621 Al.

3 1635 13 1649 ⁴'
26 1631 133 1667 nenium]
148 1640 198 1667 pro
212 1628 339 1664 illustrare
352 1638 376 1658 et
394 1633 489 1658 clarum
508 1633 597 1658 lumine
611 1631 721 1658 reddere.
764 1633 820 1658 Cic.
837 1631 869 1658 de
883 1633 944 1659 Nat.
958 1634 1039 1660 Deor.
1053 1642 1080 1666 2,
1146 1632 1312 1664 Collyridas,
1325 1632 1354 1658 de
1368 1629 1522 1666 quostatim.

27 1674 62 1701 92
76 1677 98 1693 c.
113 1669 145 1699 36
167 1668 205 1694 Ex
225 1666 331 1694 aethere
351 1667 436 1701 igitur
455 1666 662 1693 innumerabiles
682 1668 802 1694 flammae
822 1667 935 1694 siderum
949 1669 1077 1695 existunt:
1184 1675 1199 1695 c
1209 1675 1228 1695 o
1238 1676 1252 1694 L
1263 1675 1278 1694 L
1288 1674 1334 1694 ΥΡ.
1345 1666 1356 1693 i
1366 1674 1383 1694 c
1394 1674 1412 1692 v
1422 1674 1452 1699 s,
1472 1676 1503 1699 a,
1522 1675 1576 1693 um.
1598 1665 1657 1692 Adi.
1694 1665 1775 1691 Plaut.
1790 1665 1857 1691 Pers.
1871 1672 1891 1697 1,
1905 1673 1928 1698 3,
1943 1672 1968 1698 1⁵
1993 1664 2070 1692 Tum
2084 1664 2133 1691 nifi
2150 1673 2204 1691 cre-

9 1706 142 1738 ‘quorum
161 1703 198 1729 est
219 1703 340 1738 princeps
352 1702 414 1735 Sol,
438 1703 530 1728 omnia
544 1702 679 1729 clariffima
695 1703 753 1729 luce
767 1703 929 1730 collustrans.
1005 1705 1080 1730 Luna
1146 1713 1222 1730 more
1238 1705 1318 1730 crass‘o
1331 1703 1367 1730 cst
1380 1703 1419 1729 ius
1433 1702 1599 1734 collyricum.
1637 1702 1668 1726 Et
1681 1709 1707 1726 v.
1722 1708 1750 1735 17
1775 1700 1856 1734 Qiafi
1874 1701 1980 1728 iuream
1999 1701 2048 1727 effe
2069 1701 2110 1727 ius
2130 1700 2204 1727 decet

38 1738 89 1765 olis
103 1738 204 1765 lumine
215 1738 366 1765 collustrari
380 1744 487 1772 putatur
502 1739 557 1764 Cic.
571 1738 604 1764 de
614 1738 706 1764 Diuin.
724 1747 745 1771 2,
759 1747 788 1771 91
803 1748 825 1764 c.
840 1747 881 1773 43.
945 1740 1006 1766 Vias
1025 1740 1078 1767 col·
1096 1744 1130 1771 45
1145 1740 1312 1772 collyricum.
1355 1739 1412 1764 Vid.
1427 1738 1474 1774 jub
1497 1745 1535 1763 tv
1545 1745 1574 1769 s,
1600 1743 1720 1763 IVREV
1730 1744 1752 1763 s.

0 1800 1 1803 ,
38 1774 137 1801 usti-are
151 1774 232 1801 Ouid.
247 1774 312 1800 Fast.
327 1782 348 1807 ς,
363 1782 417 1800 102.
455 1773 503 1801 Sed
515 1775 588 1800 varia
601 1772 634 1805 est
647 1773 729 1800 lectio.
1185 1781 1203 1802 c
1215 1783 1233 1802 O
1243 1783 1259 1801 L
1269 1782 1284 1801 L
1295 1783 1313 1801 Y
1323 1782 1342 1801 R
1353 1781 1362 1800 1
1372 1782 1384 1800 s
1394 1793 1403 1805 ,
1421 1774 1482 1799 idis.
1503 1773 1523 1799 f.
1562 1772 1649 1799 Eadem
1664 1781 1723 1808 quae
1737 1771 1856 1804 Collyra.
1893 1771 2059 1798 Tertullian.
2073 1770 2106 1798 de
2121 1771 2204 1798 Cultu

63 1815 80 1836 c
90 1815 134 1836 OL
145 1816 162 1835 L
172 1811 402 1841 vsTRKTVs,
422 1817 453 1841 a,
474 1818 528 1836 um.
548 1809 642 1835 Partic.
679 1808 886 1844 [λαμπρυνθᾰς]
925 1808 1079 1842 Illustratus.
1148 1811 1249 1837 Femin.
1265 1819 1289 1841 2,
1303 1818 1320 1844 7
1341 1811 1394 1836 Vos
1412 1809 1488 1844 plane
1503 1808 1620 1835 adiicitis
1633 1807 1664 1834 ad
1680 1808 1797 1842 pondus,
1812 1807 1953 1839 collyridas
1966 1808 2101 1843 quasdam.
2125 1808 2204 1843 Quem

0 1864 1 1870 .
27 1845 86 1873 Cic.
107 1845 137 1873 in
154 1845 228 1872 Orat.
244 1847 277 1878 36
297 1854 318 1871 c.
334 1852 356 1871 11
378 1845 408 1870 In
427 1844 539 1879 pic‘turis
557 1845 624 1871 alios
644 1844 771 1877 horrida,
795 1845 908 1878 inculta,
927 1846 1034 1879 abdita,
1053 1853 1079 1873 et
1145 1850 1173 1873 in
1188 1849 1266 1873 locum
1286 1846 1435 1878 Rhenanus,
1448 1845 1566 1877 Collyris
1581 1855 1595 1870 a
1609 1844 1719 1876 Collyra
1729 1851 1775 1879 per
1787 1844 1975 1870 illiminationem
1987 1842 2206 1879 didm‘hmfflar—

27 1889 123 1916 opaca:
143 1888 234 1908 contra
246 1881 314 1907 alios
327 1880 428 1913 nitida,
442 1879 526 1913 laeta«,
538 1880 691 1907 collustrata
711 1880 833 1907 delectat.
1145 1892 1192 1909 vus
1200 1885 1278 1918 panis
1294 1880 1327 1914 est
1346 1881 1375 1907 de
1390 1881 1486 1917 farina
1500 1884 1614 1916 puriore.
1652 1880 1761 1915 Qadam
1784 1881 1885 1906 Fris-am
1900 1880 2019 1914 farinam
2040 1879 2082 1913 esth
2102 1886 2205 1914 putant.

63 1922 134 1944 COL
145 1923 160 1942 L
170 1922 299 1944 VSTRV
311 1923 335 1942 M
350 1935 358 1947 ,
395 1916 449 1942 vid.
485 1923 581 1943 COLL
591 1923 662 1943 03‘1·
673 1923 722 1942 RV
731 1924 765 1942 M.
1096 1923 1128 1948 50
1150 1920 1218 1944 Haec
1237 1919 1285 1943 ille.
1308 1917 1355 1944 Sed
1372 1918 1456 1943 editur
1477 1926 1543 1942 nunc
1558 1915 1688 1947 colluras,
1707 1916 1735 1940 de
1754 1924 1802 1950 quo
1822 1914 1891 1941 modo
1910 1915 2015 1942 dic'lzcm.
2053 1915 2138 1947 Colly.
2148 1915 2205 1942 idas

62 1958 186 1981 COLLV
196 1950 247 1979 Tv⁹
258 1959 273 1977 L
283 1958 302 1979 o
312 1971 321 1985 ‚
348 1955 401 1978 are.
437 1951 451 1986 [
464 1951 548 1981 πηλᾰω
562 1953 575 1986 ]
618 1952 717 1978 Veteres
734 1959 782 1987 pro
802 1952 954 1979 Dedecorare
977 1953 1081 1989 vfizrpa-
1146 1955 1219 1981 habet
1232 1952 1371 1987 Augustin.
1387 1951 1519 1980 deGencfi
1540 1952 1571 1978 ad
1587 1952 1627 1977 lit.
1643 1956 1666 1983 8,
1681 1961 1702 1983 ς.
1740 1951 1818 1985 Vulg.
1842 1951 1930 1977 Leuit.
1950 1959 1983 1984 7,
1998 1960 2026 1978 12
2054 1950 2206 1983 Collytidas

8 1989 13 1992 '
41 1994 94 2014 unt.
130 1988 214 2015 Plaut.
226 1987 310 2015 Trin.
323 1996 354 2021 3,
367 1996 397 2021 2,
411 1989 446 2014 66
476 1988 550 2014 Haec
572 1987 744 2022 famigeratio
763 1994 789 2015 te
805 1988 940 2022 honestet,
964 1998 1007 2016 me
1026 1989 1080 2015 col·
1147 1990 1202 2016 olei
1225 1989 1384 2016 admistione
1406 1989 1562 2022 conspersas.
1601 1988 1642 2014 Sic
1661 1992 1691 2019 8,
1710 1989 1754 2013 26.
1792 1986 1839 2013 Sed
1857 1995 1873 2012 2
1888 1987 1952 2021 Reg.
1968 1996 2001 2020 13,
2016 1988 2038 2012 '6
2061 1984 2206 2021 nomopld‘m

27 2023 133 2051 lutulet.
1140 2026 1305 2061 septuaginta
1320 2028 1483 2059 interpretum
1493 2024 1620 2058 Vulgatus
1634 2022 1746 2049 reddidit
1762 2022 1978 2048 torbitiunculas.
2013 2023 2105 2047 Contra
2116 2031 2131 2048 2
2141 2022 2205 2055 Reg-

66 2064 297 2091 COLLVTVS,
331 2057 386 2085 vid.
422 2064 590 2086 COLLVO·
1150 2064 1176 2094 6,
1192 2070 1220 2093 19
1232 2057 1355 2096 *Singulis
1380 2060 1536 2093 collyridam
1563 2059 1636 2093 panis
1660 2067 1755 2089 vnani,
1775 2056 1842 2092 quast
1864 2067 1879 2082 a
1902 2059 2033 2083 Nominat.
2057 2057 2206 2089 Collyrida.

63 2099 108 2122 co
119 2101 191 2124 μιν
201 2100 222 2119 v
233 2101 268 2120 113
280 2100 310 2127 s,
329 2094 363 2120 ei.
391 2094 411 2121 f.
447 2092 573 2129 [χλίδας]
615 2093 706 2125 Labes,
720 2101 766 2120 aut
783 2095 958 2126 immunditici,
975 2105 1035 2130 quae
1053 2105 1082 2122 ex
1102 2099 1130 2125 55
1154 2097 1280 2123 Videntur
1293 2100 1391 2122 omnino
1404 2096 1529 2126 Collyrae
1545 2103 1564 2120 ει
1581 2093 1732 2124 collyrides
1746 2091 1833 2125 maſjize
1846 2092 1998 2128 farinaceae
2006 2091 2102 2129 fuiffe,
2115 2093 2149 2119 ad
2162 2093 2208 2120 hoc

29 2129 146 2166 confluxu
157 2138 240 2156 rerum
251 2130 431 2156 immundarum
444 2131 611 2156 contrahitur.
648 2129 765 2162 Plin.24,
775 2137 803 2162 19
823 2130 947 2155 Medetur
956 2137 981 2154 et
990 2130 1080 2155 suibus
1140 2130 1249 2166 faciae,
1263 2137 1294 2155 vt
1313 2129 1395 2164 [fftsss
1414 2130 1507 2164 iusculo
1526 2128 1658 2160 mideant,
1672 2135 1696 2154 et
1715 2135 1787 2154 tanto
1807 2128 1941 2154 iucundius
1958 2129 2114 2163 descendant.
2151 2130 2208 2156 Hoc

29 2163 94 2192 haec
105 2164 193 2192 effossa
206 2164 260 2191 fine
277 2165 367 2198 ferro,
388 2171 415 2191 et
428 2165 517 2192 addita
530 2167 559 2190 in
571 2164 716 2190 colluuiem
730 2165 852 2198 poturis,
867 2164 908 2190 vel
925 2172 957 2189 ex
971 2164 1039 2189 lacle
1055 2170 1081 2190 et
1146 2169 1222 2192 etiam
1234 2169 1356 2191 notionem
1371 2164 1487 2197 Collyrii
1501 2171 1572 2190 iuuat
1585 2171 1608 2190 et
1621 2164 1651 2190 ab
1665 2173 1692 2190 ea
1705 2164 1948 2199 viciffimjirmuiur.
1981 2167 2073 2199 Nempe
2153 2162 2174 2202 fl
2189 2173 2206 2191 2,

29 2201 104 2228 vino.
157 2199 296 2227 Colluuies
316 2199 350 2232 est
369 2203 452 2236 itaque
469 2201 556 2226 humor
567 2199 699 2232 turbidus,
717 2202 745 2225 in
761 2201 844 2226 culina
858 2197 989 2232 callesius,
1011 2209 1080 2235 quem
1148 2201 1265 2233 Collyris
1281 2201 1361 2227 etiam
1376 2200 1474 2232 herba,
1489 2200 1553 2226 alias
1566 2200 1656 2226 Malua
1669 2200 1789 2226 erratica.
1812 2199 1890 2233 Apul.
1904 2199 1936 2226 de
1952 2199 2051 2226 Herbis
2067 2209 2089 2227 c.
2103 2209 2148 2233 40.

0 2256 1 2259 ,
16 2233 160 2271 potandum
196 2235 296 2261 roobent
316 2235 413 2271 sitibus.
455 2235 514 2262 Vid.
543 2242 560 2262 C
570 2241 589 2262 Ο
600 2241 616 2261 L
625 2242 642 2262 L
653 2242 673 2262 V
682 2242 704 2261 V
713 2242 798 2262 1AR1
807 2243 830 2262 s.
911 2236 1080 2262 Fermentata
1185 2243 1202 2263 c
1214 2244 1233 2264 0
1244 2244 1251 2262 1
1270 2244 1285 2263 L
1295 2238 1344 2264 Y'R
1353 2244 1362 2263 1
1371 2244 1391 2263 v
1402 2244 1444 2268 M,
1465 2237 1484 2262 i.
1513 2245 1540 2262 n.
1575 2234 1739 2269 [κολλύριον]
1776 2236 1864 2260 Forma
1887 2235 2012 2261 diminuta
2025 2244 2036 2261 e
2049 2235 2159 2268 collyra,
2173 2232 2206 2268 est

0 2275 7 2299 b
29 2270 154 2298 eolluuies
171 2269 306 2298 columel.
326 2278 348 2304 1,
366 2278 389 2304 ς,
403 2273 429 2298 6.
449 2270 478 2298 de
486 2271 593 2307 palude..
659 2271 810 2297 Stercorata
821 2270 953 2297 colluuies
967 2273 1079 2304 (1101115,
1101 2277 1136 2301 60
1147 2272 1221 2306 maffii
1235 2271 1438 2307 medicamentofiz
1452 2281 1463 2297 e
1474 2271 1547 2297 rebus
1557 2271 1652 2303 siccis,
1667 2273 1757 2301 tritis,
1770 2268 1878 2296 adieflis
1889 2273 2041 2306 gummatis,
2053 2278 2077 2296 et
2091 2280 2155 2307 aqua
2168 2280 2206 2297 co-

0 2307 9 2342 Ι
29 2306 250 2343 δᾱιὶηεοςιιιιτψιε
272 2306 347 2333 Idem
363 2315 384 2339 1,
397 2309 422 2337 6,
436 2316 478 2342 ²4·
551 2306 691 2333 Colluuies
710 2306 811 2334 chortis
830 2316 856 2333 et
869 2307 986 2333 aedificii
1005 2308 1043 2334 ld.
1057 2317 1080 2341 2,
1146 2307 1220 2337 ablu,
1235 2316 1296 2342 quoe
1314 2310 1341 2332 in
1355 2307 1470 2341 formam
1483 2305 1608 2337 Collyrae
1622 2305 1687 2331 edati
1700 2304 1806 2339 similem
1811 2303 1895 2341 fifflb
1906 2307 1946 2332 vel
1963 2313 2017 2332 tota
2031 2313 2104 2343 atque
2119 2306 2206 2342 solida

29 2349 63 2377 Ις,
75 2347 99 2374 8.
169 2341 298 2369 Turbida
316 2342 447 2369 colluuies
465 2342 545 2377 nigro
564 2343 632 2369 limo
656 2343 754 2369 Lucan.
769 2352 797 2376 4,
812 2352 862 2375 311.
935 2344 1078 2378 Metaphor.
1146 2347 1172 2369 in
1187 2352 1247 2368 cauo
1261 2345 1374 2376 corporis
1391 2342 1430 2368 uel
1442 2342 1586 2373 naturalia,
1600 2347 1630 2367 vt
1642 2349 1733 2373 anum,
1749 2343 1789 2367 Lol
1799 2343 2045 2376 praeternaturalia,
2058 2349 2088 2369 vt
2091 2341 2206 2378 fistulas,

29 2379 70 2406 Ab
83 2378 160 2405 omni
171 2377 291 2404 colluuie
307 2378 442 2413 peregrini
456 2387 485 2405 ac
498 2378 603 2405 seruilis
620 2379 753 2413 sanguinis
766 2379 954 2413 incorruptum
975 2380 1080 2405 seruare
1146 2378 1305 2404 demittitur:
1343 2379 1383 2403 vel
1396 2379 1490 2413 liquore
1503 2376 1587 2412 affuso
1599 2375 1740 2412 liquefacio
1754 2374 1862 2410 offefflae
1870 2378 1946 2412 parti
1958 2381 2108 2414 inungitur,
2129 2381 2206 2414 impo-

29 2413 156 2450 populum
171 2414 242 2441 Suet.
256 2414 362 2448 August.
376 2423 421 2447 40.
492 2415 549 2441 Cic.
565 2414 620 2441 Att.
634 2423 659 2447 9,
674 2422 702 2441 12
720 2415 752 2441 Et
766 2421 791 2441 te
803 2415 832 2441 in
847 2415 992 2440 certamine
1005 2413 1079 2439 vmci
1147 2417 1254 2439 nimi-ue.
1290 2411 1341 2446 Effe
1361 2416 1442 2449 igitur
1458 2413 1568 2448 solidum
1588 2411 1650 2448 quid
1668 2411 1836 2445 Collyrium,
1856 2411 1965 2446 ostendit
1981 2423 2005 2440 υ.
2024 2423 2050 2451 g.
2072 2413 2163 2441 Celsus
2182 2422 2206 2447 ς,

43 2459 90 2477 um
101 2449 154 2476 illo
164 2449 269 2476 facilius
281 2450 405 2484 patiaris,
424 2459 502 2485 quam
518 2459 577 2477 cum
594 2449 644 2477 hoc
658 2450 687 2476 in
699 2459 747 2483 ea,
766 2459 834 2484 quae
848 2450 1021 2483 perspicitur,
1038 2449 1078 2474 fu-
1097 2447 1129 2476 ὅς
1145 2455 1177 2479 28
1190 2450 1233 2475 vbi
1246 2448 1400 2481 Collyrium
1422 2448 1481 2475 fieri
1502 2448 1581 2474 debet
1599 2448 1681 2475 altera
1701 2455 1774 2483 parte
1796 2450 1904 2475 tenuius
1917 2469 1926 2482 ,
1944 2449 2027 2476 altera
2040 2450 2131 2485 paullo
2151 2450 2206 2485 ple-

50 2493 89 2513 113
101 2485 218 2514 eolluuie
231 2494 356 2520 regnare,
376 2489 394 2511 i.
407 2486 584 2522 sceleratorum
600 2486 689 2517 turba,
703 2489 747 2520 qui
762 2485 796 2510 od
814 2485 940 2519 Caesarem
957 2486 1079 2519 confluxe-
1146 2485 1220 2511 nius:
1262 2484 1346 2519 idque
1365 2493 1395 2511 ea
1414 2491 1504 2519 parte,
1518 2492 1571 2519 qua
1590 2484 1696 2510 tenuius
1719 2484 1770 2517 est,
1784 2485 1954 2512 antecedente
1971 2485 2080 2513 demitti
2099 2491 2206 2521 oportet

28 2528 96 2550 rant.
166 2521 258 2548 Tacit.
277 2521 344 2548 Hist.
367 2529 390 2555 ς,
407 2530 435 2548 12
456 2522 552 2557 Magna
574 2521 709 2554 colluuie,
738 2525 764 2546 et
784 2526 949 2546 caeterarum
969 2520 1079 2546 vrbiuni
1146 2522 1175 2548 in
1190 2519 1312 2547 fistulam.
1352 2521 1392 2547 Sic
1405 2531 1461 2547 mox
1475 2530 1504 2547 ex
1518 2520 1655 2555 papaueris
1670 2520 1795 2553 lacrima,
1807 2521 1928 2555 gummi,
1944 2521 2061 2555 cadmia,
2075 2527 2205 2549 atramen-

43 2557 101 2585 lade
118 2555 200 2584 audii.
271 2557 363 2583 lustin.
377 2565 404 2589 2,
419 2559 437 2583 6
476 2558 574 2592 Neque
597 2555 684 2591 thnm
705 2555 817 2582 collecta
834 2555 926 2590 populi
947 2555 1078 2582 colluuies
1147 2563 1176 2584 to
1197 2557 1301 2583 sutorio
1322 2565 1390 2591 aqua
1410 2556 1508 2583 conclis
1530 2556 1673 2588 collyrium
1696 2555 1735 2583 fit.
1773 2558 1804 2583 Et
1824 2564 1851 2591 7,
1865 2566 1884 2590 4
1904 2564 1969 2584 extr.
1991 2558 2018 2584 Si
2031 2558 2102 2585 intus
2114 2558 2205 2593 aliqua

29 2594 163 2628 originem
181 2592 244 2619 vrbi
265 2592 348 2618 dedit.
394 2626 399 2631 -
420 2592 512 2620 Tacit.
526 2592 594 2619 Hist.
610 2600 635 2624 2,
650 2592 679 2617 16
709 2592 740 2618 In
758 2591 843 2618 multa
858 2592 976 2618 colluuie
989 2601 1079 2619 rerum
1147 2592 1251 2626 (fistula
1263 2593 1324 2625 ani)
1339 2592 1479 2627 procedet,
1494 2601 1548 2628 quo
1566 2593 1669 2619 ferrum
1687 2598 1746 2619 tuto
1761 2595 1905 2628 peruenire
1925 2602 1979 2620 non
1994 2595 2109 2628 poterit,
2124 2594 2205 2627 colly-
2221 2602 2222 2606 ¹

30 2627 180 2656 maioribus
194 2627 302 2661 flagitiis
315 2633 472 2660 permixtos.
1101 2633 1137 2661 70
1146 2630 1219 2656 rium
1245 2628 1438 2655 demittendum
1461 2629 1522 2655 erit.
1577 2629 1641 2656 Sunt
1671 2638 1729 2665 ergo
1762 2628 1899 2662 collyria,
1917 2638 1978 2665 quae
2005 2631 2071 2657 alias
2094 2630 2205 2657 Medicis

65 2669 142 2690 col.
152 2669 197 2689 Lv
206 2670 227 2688 v
237 2670 247 2688 1
257 2669 352 2689 ARIA
361 2681 369 2694 ,
390 2670 478 2689 orum.
505 2664 532 2688 n.
569 2661 686 2696 [sixt-tol]
723 2660 803 2689 Diffi
816 2663 904 2689 volunt
915 2673 968 2690 cum
982 2664 1082 2690 Beroal-
1147 2664 1271 2697 Glandes,
1284 2665 1446 2698 Turundae,
1458 2663 1581 2691 Globuli.
1618 2666 1698 2691 Etiam
1711 2668 1738 2690 in
1750 2666 1895 2692 animalium
1909 2665 2048 2698 medicina,
2065 2676 2090 2692 υ.
2098 2676 2123 2702 g.
2144 2665 2204 2692 Col.

32 2697 63 2725 do
82 2701 110 2724 in
127 2694 242 2738 duflihuf
262 2706 394 2734 aquarum,
418 2705 466 2733 per
485 2707 545 2734 quae
571 2699 686 2725 colluuics
707 2705 731 2724 et
753 2699 924 2725 immunditiae
942 2697 1082 2726 iactantur.
1148 2704 1175 2734 6,
1190 2703 1216 2733 6,
1230 2709 1243 2734 ς
1263 2700 1384 2733 Collyria
1405 2702 1590 2727 immittuntur
1610 2700 1672 2727 aluo
1692 2701 1762 2728 bouis
1783 2710 1813 2727 ex
1825 2701 1896 2736 cepis
1915 2710 1974 2728 cum
1989 2702 2054 2728 vino
2077 2701 2204 2728 decoc'tis.

35 2730 180 2775 [midiuest
200 2734 306 2760 Viti-uu.
319 2738 344 2774 ¹8,
361 2740 389 2774 7.
402 2743 427 2774 p.
445 2742 493 2769 170
521 2734 609 2761 Etiam
627 2735 656 2761 in
674 2740 766 2760 ventre
785 2734 946 2762 colluuiaria
965 2736 1024 2762 sunt
1044 2735 1082 2762 fa·
1148 2739 1179 2764 Et
1192 2739 1218 2769 6,
1231 2745 1272 2769 30,
1286 2742 1300 2766 8
1325 2737 1446 2770 Collyria
1466 2736 1646 2764 subiiciuntur
1664 2737 1767 2773 (equo)
1787 2746 1855 2772 quae
1875 2744 1994 2764 ventrem
2015 2741 2133 2763 mouent.
2171 2737 2204 2763 Ee

33 2769 140 2800 cienda,
157 2778 205 2810 per
217 2778 286 2805 quae
298 2778 339 2796 Vis
353 2770 460 2804 spiritus
474 2770 616 2798 relaxetur.
652 2770 698 2797 Sed
710 2770 886 2797 Columnaria
902 2772 1028 2804 meliores,
1043 2772 1083 2798 uel
1148 2776 1174 2806 6,
1191 2782 1232 2805 30,
1246 2782 1264 2805 4
1284 2773 1436 2806 Collyrium
1457 2774 1564 2800 vrinarn
1588 2772 1693 2800 ducens.
1731 2774 1771 2800 sic
1788 2773 1939 2806 Collyrium
1957 2772 1989 2799 ad
2009 2772 2057 2799 oui
2071 2773 2203 2806 magnitu-

30 2804 217 2834 Columbana:
258 2806 366 2842 Vtroque
385 2812 468 2832 autem
492 2809 590 2833 nomine
611 2808 758 2843 intelligunt
776 2805 901 2839 aestuaria
916 2807 1034 2843 quaedam
1059 2814 1083 2834 et
1101 2811 1134 2839 75
1149 2809 1238 2835 dinem
1253 2809 1345 2843 Veget.
1360 2817 1380 2842 1,
1398 2811 1440 2840 62,
1454 2818 1479 2836 2.
1517 2810 1548 2836 Et
1561 2818 1616 2836 mox
1629 2810 1717 2836 Prono
1732 2809 1841 2836 animali
1861 2810 1889 2835 in
1908 2808 2063 2835 intestinum
2082 2809 2203 2843 quinque

60 2844 192 2868 tramenta.
348 2875 354 2882 ·
1147 2860 1194 2866 —
1212 2844 1324 2877 collyria
1345 2845 1463 2872 inserere
1484 2845 1599 2872 curabis.
1638 2846 1706 2872 Haec
1724 2845 1830 2880 collyria
1851 2848 1889 2870 ita
1900 2845 1988 2880 fiunt,
2014 2843 2068 2870 Mel
2095 2844 2202 2870 coelum

67 2882 284 2910 COLLVV10,
309 2878 378 2918 5⁰2⁵·
399 2876 420 2903 f-
440 2875 562 2913 [κλίδος]
583 2877 650 2906 Idem
667 2877 732 2915 quod
739 2877 867 2905 Colluuies.
880 2878 1082 2915 Accipiturfere
1147 2890 1207 2908 cum
1222 2881 1299 2907 tertia
1321 2887 1395 2916 parte
1415 2881 1474 2908 salis
1493 2881 1553 2909 triti
1570 2880 1643 2916 cogis
1663 2881 1692 2908 in
1712 2881 1816 2915 pilulas.
1864 2880 1922 2906 Vid.
1939 2879 1968 2906 de
1980 2879 2026 2906 hoc
2036 2888 2125 2916 genere
2137 2880 2203 2907 Rbo-

59 2914 283 2954 rframlotionem.
318 2914 375 2941 Cic.
388 2912 420 2940 de
434 2913 535 2941 Sene&
550 2919 578 2944 85
592 2923 614 2941 c.
627 2915 676 2941 vlt.
695 2915 720 2941 O
735 2913 899 2949 praeclarum
907 2914 989 2948 diem,
997 2924 1081 2950 quum
1146 2917 1204 2944 dius
1218 2917 1251 2943 ad
1265 2917 1386 2944 Scribon.
1399 2918 1494 2953 Comp.
1509 2926 1558 2950 142
1572 2927 1596 2952 p.
1610 2925 1663 2951 215.
1699 2916 1833 2943 Scribonii
1851 2915 1927 2951 ipfius
1950 2924 2024 2941 vnum
2046 2923 2146 2941 tantum
2167 2917 2202 2942 Io-

0 2958 3 2972 »
46 2947 63 2975 d
77 2947 145 2976 iliud
159 2947 281 2975 diuinum
295 2950 448 2976 animorum
461 2950 625 2983 concilium,
634 2957 793 2984 coetumque
807 2950 973 2984 proficiscar,
984 2960 1080 2986 quum·
1146 2963 1201 2980 cum
1209 2955 1327 2989 ponimus
1340 2955 1435 2989 Comp.
1449 2963 1484 2987 1¹3
1516 2954 1624 2980 Acaciae
1647 2968 1693 2973 —
1718 2952 1873 2982 tunduntur,
1892 2956 2031 2983 teruntur,
2050 2951 2203 2981 cribrantur

31 2991 129 3046 gueex
140 2983 188 3025 bac
199 2984 279 3011 turba
291 2990 317 3012 et
329 2985 487 3012 colluuione
501 2986 648 3021 discedant!
721 2987 777 3013 Cic.
791 2986 820 3012 in
835 2987 923 3013 Vatin.
938 2995 967 3020 23
998 2988 1080 3014 Dein·
1095 2988 1128 3014 80
1147 2998 1179 3016 ex
1199 2990 1274 3016 succo
1298 2989 1492 3017 cauliculorum
1514 2989 1594 3022 rubi,
1621 2989 1665 3015 vel
1681 2995 1713 3014 ex
1730 2988 1796 3014 vino
1816 2987 1926 3021 Signino
1949 2986 2066 3020 Collyrii
2088 2987 2202 3019 tritura,

49 3027 64 3045 e
76 3018 241 3061 sanfiiffimaf
255 3019 326 3055 leges
339 3021 444 3062 Aeliam
458 3027 484 3049 et
499 3020 600 3049 Fufiam
622 3023 700 3055 dico,
719 3031 786 3058 quae
800 3022 828 3048 in
841 3021 1023 3050 Gracchorum
1043 3024 1081 3051 fe·
1145 3029 1165 3052 i.
1189 3035 1214 3052 eo
1228 3025 1306 3059 modo,
1323 3036 1368 3063 quo
1381 3033 1497 3054 teruntur
1522 3029 1605 3062 peries
1622 3024 1656 3050 od
1673 3025 1788 3058 collyria.
1824 3022 1892 3049 Add.
1914 3023 2015 3058 Salmas.
2029 3023 2064 3049 od
2081 3023 2159 3050 Solin.
2175 3032 2201 3058 p.

17 3060 159 3096 «rocitate,
178 3060 206 3082 et
225 3064 255 3096 ¹.¹¹
271 3056 380 3083 audacia
392 3057 542 3089 Saturnini,
556 3065 582 3086 et
599 3059 628 3086 in
647 3058 802 3085 colluuione
816 3058 909 3092 Drufi,
924 3065 950 3086 et
970 3060 999 3086 in
1020 3068 1081 3086 con·
1147 3067 1190 3092 182
1203 3068 1226 3088 et
1238 3064 1295 3095 936.
1533 3070 1550 3088 2
1587 3061 1719 3095 Propriam
1735 3059 1794 3095 sere
1813 3058 1896 3095 sedem
1918 3058 2009 3085 habent
2029 3058 2152 3092 Collyria
2172 3062 2201 3085 in

5 3086 17 3130 ξ
32 3096 154 3118 tentione
166 3090 293 3126 Sulpicii,
305 3097 332 3133 et
349 3093 379 3119 in
399 3101 495 3134 cruore
507 3094 645 3127 Cinnano,
665 3101 691 3121 et
711 3095 780 3121 inter
792 3094 897 3121 Sullana
916 3104 988 3122 arma
1007 3096 1080 3122 vixe-
1147 3099 1271 3125 oculorum
1284 3097 1392 3130 morbis,
1411 3097 1456 3124 vbi
1474 3097 1650 3133 intelliguntur
1669 3094 1768 3130 pastilli
1781 3094 1896 3130 quidam,
1910 3096 1938 3120 in
1951 3093 1997 3130 vsu
2013 3094 2089 3121 denuo
2103 3094 2202 3122 terendi

31 3132 104 3155 runt.
173 3126 224 3153 Ille
237 3128 355 3167 nefarius
369 3136 401 3155 ex
414 3136 537 3156 omnium
548 3131 679 3158 scelerum
695 3130 851 3157 colluuione
866 3136 941 3158 natus
959 3132 1016 3158 Cic.
1030 3141 1079 3167 pro
1145 3140 1170 3159 et
1183 3135 1203 3160 li
1221 3133 1313 3166 nandi,
1332 3140 1362 3160 vt
1381 3135 1435 3160 illis
1452 3135 1543 3169 inungi
1561 3133 1625 3159 oculi
1639 3130 1742 3166 poffint.
1781 3131 1836 3157 Hoc
1855 3139 1932 3166 genus
1945 3131 2059 3165 plurima
2079 3137 2202 3158 enarrant

9 3183 12 3200 3
33 3163 102 3205 Sext.
118 3168 153 3195 13.
223 3161 284 3203 lgm.
300 3172 329 3197 4,
341 3171 358 3191 2
388 3163 578 3204 Colluuionem
598 3168 734 3202 gentium,
746 3166 975 3201 perturbationem
995 3168 1080 3203 auspi·
1097 3166 1127 3196 ΒΞ
1147 3143 1297 3203 Medioga
1311 3180 1336 3206 g.
1356 3169 1448 3196 Celsus
1468 3171 1500 3201 6,
1519 3169 1544 3194 6.
1581 3166 1701 3194 Scribon.
1721 3175 1758 3200 19.
1779 3175 1820 3192 20.
1856 3165 1924 3192 Plin.
1946 3167 1986 3198 26,
2005 3174 2041 3192 12.
2055 3169 2085 3192 it.
2106 3174 2155 3202 27,
2174 3175 2200 3200 9.

33 3207 140 3227 ciorum
166 3196 344 3240 publicorum.
360 3206 583 3237 priuatorumque
611 3203 714 3230 afferre.
785 3203 934 3230 Hominum
959 3204 1080 3231 colluuio
1146 3206 1214 3232 Hor.
1227 3206 1310 3233 Serm.
1326 3214 1348 3238 1,
1362 3214 1382 3239 ς,
1395 3214 1427 3238 30
1449 3205 1501 3231 Hic
1515 3203 1602 3230 oculis
1616 3211 1666 3238 ego
1683 3202 1758 3237 nigra
1770 3202 1837 3228 meis
1849 3201 1962 3234 collyria
1982 3201 2069 3237 lippus
2082 3202 2200 3229 Illinere.

11 3239 15 3256 Γ
33 3235 109 3276 Curt.
127 3241 168 3266 ιο,
181 3242 204 3266 2,
216 3235 242 3260 6.
312 3235 374 3262 Liu.
388 3243 410 3268 3,
423 3244 441 3269 9
469 3236 557 3264 Necui
578 3238 606 3265 in
627 3239 785 3266 colluuione
797 3247 887 3265 rerum
903 3241 1082 3267 contumeliae
1148 3241 1246 3268 Alanus
1270 3241 1390 3268 Parabol.
1410 3250 1433 3273 3,
1456 3249 1484 3266 12
1513 3240 1618 3274 Lippo,
1643 3247 1698 3265 non
1723 3238 1794 3264 lusco
1817 3237 1929 3270 collyria
1955 3237 2032 3272 nigra
2052 3239 2200 3265 medentur.

33 3269 286 3311 maiestatem-suam
304 3270 439 3312 offerrent.
513 3273 543 3300 In
557 3283 636 3310 quem
651 3275 791 3310 spurcitiae
811 3275 947 3302 sc·omnes
967 3277 1081 3303 sentina·
1192 3287 1204 3311 3
1241 3276 1472 3305 Architeclonicum
1485 3279 1560 3302 etiam
1574 3275 1715 3302 vocabulum
1728 3272 1760 3306 est
1769 3293 1778 3306 ,
1790 3272 1816 3307 fi
1829 3271 1896 3300 reste
1903 3277 1933 3310 je
1945 3274 2017 3301 habet
2029 3275 2095 3301 locus
2109 3274 2199 3300 Sidon.

10 3324 17 3339 ,
34 3315 95 3337 rum
108 3305 311 3348 colluutombuff
328 3306 450 3334 ‹let-mant
463 3307 565 3336 Arnob.
581 3318 593 3344 ς
609 3320 632 3346 p.
649 3319 703 3346 172.
761 3311 804 3337 Ne
821 3317 890 3338 tanta
909 3312 980 3347 quali
998 3313 1082 3339 collu-
1172 3313 1235 3348 poll.
1253 3313 1332 3348 Epist.
1348 3321 1379 3340 22
1406 3311 1448 3338 Ab
1468 3318 1531 3338 ortu
1551 3311 1637 3337 lacurn
1653 3309 1770 3344 porticus
1788 3310 1925 3342 intuetur,
1945 3309 2029 3344 magis
2048 3308 2199 3336 rotundatis

33 3342 116 3371 vione
129 3341 250 3369 turbatus
264 3341 313 3385 lbi.
325 3343 375 3376 (in
390 3341 657 3382 hisloriafiribozda)
675 3347 789 3380 faciam,
810 3347 884 3383 quod
903 3346 947 3375 hic
964 3348 1014 3383 (in
1027 3358 1082 3376 ora·
1097 3353 1134 3378 90
1148 3349 1216 3376 fulta
1234 3349 1369 3383 collyriis,
1395 3356 1474 3382 quam
1494 3347 1625 3374 columnis
1647 3345 1781 3372 inuidiosa
1801 3345 1997 3372 monubilibus.
2047 3348 2086 3372 Sic
2107 3346 2199 3371 §auaro

34 3379 144 3406 ‘finibus
154 3377 347 3413 00'7'P0'1‘7’d‘5)
366 3377 452 3406 debeo
468 3378 534 3408 Pun-
548 3381 624 3416 Epist·
641 3391 664 3416 ἱ,
679 3388 702 3413 8·
1148 3385 1244 3419 edidit,
1265 3393 1290 3412 et
1303 3391 1386 3411 tuetur
1398 3393 1427 3410 ex
1443 3384 1502 3409 Vet.
1514 3382 1626 3409 historia
1645 3388 1761 3416 quatuor
1775 3388 1982 3413 coronatorum,
2004 3382 2034 3408 Et
2055 3384 2199 3414 coeperunt

71 3419 195 3456 §OPLV
204 3420 224 3440 V
234 3420 301 3454 lAR
310 3421 356 3445 ts,
369 3423 393 3441 e·
412 3415 472 3442 Adi.
492 3414 670 3454 [χλιδοφιίγος]
691 3419 790 3445 Porcus
804 3417 959 3446 colluuiaris
974 3419 1085 3452 dicitur,
1149 3421 1263 3448 artifices
1277 3419 1442 3456 quadratarii
1460 3419 1579 3445 incidere
1593 3417 1709 3452 lapidem
1723 3417 1754 3444 ad
1769 3417 1911 3450 collyrium
1934 3417 2080 3444 columnae.
2116 3417 2198 3441 Inter-

38 3457 88 3486 qm
103 3449 166 3477 'cibo
179 3449 305 3484 permisto
318 3457 344 3476 et
361 3450 516 3478 colluuione
529 3454 660 3487 nutritur,
681 3454 779 3481 Festus.
800 3456 834 3481 at.
855 3455 1028 3482 Colluuialis.
1141 3463 1261 3492 pretatur
1273 3455 1406 3492 Cylindria
1420 3462 1443 3481 et
1457 3456 1655 3482 Semicolumnas.
1694 3455 1785 3489 Nempe
1796 3453 1948 3480 Turundae
1956 3453 2046 3489 forma
2064 3449 2198 3486 cogitanda

71 3491 198 3514 (ζου-ν
207 3493 227 3513 x
236 3492 273 3528 o,
291 3489 344 3513 are.
380 3486 460 3523 Apud
479 3488 570 3522 Veget.
585 3489 701 3517 Mulot'n.
713 3499 737 3523 3,
753 3499 783 3524 4,
797 3498 844 3524 44.
865 3492 912 3528 leg.
931 3491 1011 3528 censet
1027 3490 1085 3527 Gqsl
1148 3493 1190 3520 bic
1203 3492 1253 3526 est,
1266 3500 1339 3524 teres,
1346 3490 1394 3528 fi’d
1406 3500 1454 3517 non
1463 3491 1641 3526 parallela,vt
1651 3489 1788 3524 Cylindrus
1801 3496 1847 3516 etc.
1876 3489 1935 3516 Vid.
1948 3496 2028 3515 tamen
2042 3492 2197 3513 COLVR1A.

36 3530 90 3549 ner.
104 3528 153 3557 pro
168 3522 270 3563 vulgari
283 3528 407 3549 conuxet.
1099 3529 1132 3555 93
1185 3534 1204 3554 C
1219 3535 1238 3555 o
1251 3536 1267 3556 1.
1277 3535 1321 3555 [Υ
1330 3534 1350 3553 R
1360 3534 1368 3552 1
1379 3524 1422 3553 6L
1431 3533 1452 3552 v
1462 3533 1505 3558 M,
1525 3526 1545 3552 i.
1564 3534 1590 3551 n.
1626 3524 1729 3552 Dimin.
1766 3525 1864 3552 Macer.
1877 3534 1907 3558 4,
1920 3533 1944 3551 12
1964 3523 2012 3549 Vel
2025 3521 2198 3554 collyriolum

72 3562 144 3585 (201.
153 3562 197 3585 ΒΥ
206 3563 223 3584 B
231 3565 253 3585 v
261 3564 293 3591 S,
308 3558 334 3595 s
355 3565 372 3586 c
381 3565 400 3586 0
410 3565 426 3584 L
435 3565 452 3585 L
460 3565 481 3585 v
491 3564 536 3586 BV
545 3565 558 3586 s
566 3578 576 3592 ,
596 3558 615 3586 1.
639 3569 676 3587 111.
711 3559 872 3596 [κᾶλλυέοε]
911 3562 992 3588 Genus
1004 3564 1084 3594 numi,
1149 3562 1168 3591 fi
1183 3564 1343 3599 supponatur
1357 3562 1386 3588 in
1401 3571 1490 3590 anum.

86 3591 105 3619 d
116 3593 236 3624 Graecos,
253 3596 296 3621 cui
313 3594 357 3621 bos
373 3595 488 3631 incusas,
517 3593 526 3620 ἱ
545 3595 683 3628 credimus,
696 3604 721 3622 et
731 3597 794 3633 quid
810 3601 839 3624 ni
850 3596 997 3624 credamus?
1036 3599 1084 3624 He·
1185 3606 1202 3627 c
1212 3602 1232 3628 ό
1243 3607 1258 3626 L
1270 3606 1290 3627 ο
1305 3619 1314 3632 ‚
1340 3602 1393 3625 are.
1431 3595 1544 3631 [ἤθε’ω]
1577 3595 1740 3623 Pauxillatim
1757 3597 1877 3631 liquorem
1896 3596 2016 3628 aliquem,
2029 3589 2197 3631 stillatimqut

67 3628 130 3656 ebio.
151 3628 248 3655 Nimius
264 3637 331 3658 certe
355 3633 458 3668 enguus
477 3639 490 3656 e
531 3629 660 3666 Aristoph.
680 3633 742 3658 Pace
761 3641 786 3659 v.
805 3642 872 3667 1199.
908 3632 1003 3660 Deinde
1022 3631 1086 3660 illud
1143 3639 1193 3671 per
1212 3634 1314 3672 aliquod
1325 3643 1372 3661 vas
1389 3634 1430 3659 vel
1448 3634 1575 3659 linteolum
1595 3635 1739 3668 exprimere.
1776 3631 1886 3658 Colatur
1904 3630 1995 3663 liquor
2009 3626 2196 3659 Scribon.134.

15 3659 22 3663 ⁵
37 3663 104 3700 {uod
118 3664 269 3698 Trapeztae
278 3666 304 3702 J:
316 3666 454 3704 menfizrio,
474 3669 519 3706 qui
536 3665 685 3697 κολλυβιςῆς
698 3667 723 3702 J:
742 3667 889 3700 Collybista
902 3669 959 3695 inde
971 3675 1086 3702 uocatur,
1149 3670 1279 3699 Colantur
1295 3670 1436 3705 (liquorem
1454 3668 1576 3704 intelligit
1591 3677 1621 3694 ex
1635 3668 1752 3704 pluribus
1770 3662 1974 3696 medicameneolis
1986 3663 2064 3702 rebus·
2076 3662 2197 3698 coquendo

34 3706 85 3735 pro
98 3702 280 3735 permutatione
295 3700 378 3730 datur.
420 3704 454 3729 Vt
466 3706 491 3737 st
505 3710 622 3740 argentm
637 3709 748 3735 moneto,
762 3712 837 3729 aurea
849 3710 957 3731 mutetur
966 3724 974 3736 ,
990 3712 1034 3732 aut
1044 3713 1084 3741 ge·
1094 3708 1286 3743 100paratum)
1300 3714 1346 3741 per
1359 3704 1471 3731 linteum
1487 3711 1542 3739 271.
1612 3703 1746 3731 Columel.
1761 3712 1798 3735 12,
1816 3711 1849 3734 11,
1863 3709 1871 3726 1
1892 3699 2011 3733 Expreffa
2023 3697 2118 3724 deinde
2129 3705 2196 3731 aqua

39 3742 100 3777 nfra
111 3733 228 3772 quaedam
238 3740 354 3770 Pecuniae
364 3738 485 3776 abrogata
498 3746 522 3765 rt
539 3741 671 3774 antiquata
681 3757 690 3770 ‚
711 3745 754 3764 aut
767 3741 852 3774 quouis
866 3739 934 3766 modo
946 3739 1086 3776 repudiaoi-
1149 3743 1268 3775 coletur,
1287 3749 1313 3768 et
1333 3740 1361 3767 in
1380 3748 1425 3766 vas
1438 3739 1593 3774 plumbeum
1614 3739 1705 3767 defusa
1726 3739 1897 3771 decoquatur.
1933 3733 2046 3774 Idem'92
2060 3735 2098 3765 ¹6,
2114 3742 2123 3759 1
2144 3734 2195 3759 CO·

0 3759 16 3838 *
38 3771 77 3797 lm
95 3772 124 3796 in
143 3778 194 3796 vna
206 3774 356 3805 prouincia,
371 3776 422 3802 alio
438 3783 486 3811 quo
497 3783 585 3812 genere
596 3773 765 3810 permutanda
776 3773 847 3808 sint,
860 3781 932 3808 rato,
944 3785 997 3802 rece
1015 3782 1086 3812 toque
1150 3778 1221 3806 latur
1234 3786 1293 3805 cera
1306 3785 1353 3811 per
1367 3775 1506 3802 stramenta
1517 3775 1618 3802 defusa.
1655 3774 1750 3802 Pallad.
1767 3772 1842 3800 Febr.
1858 3778 1891 3805 27
1923 3769 2032 3796 Colabis
2045 3769 2131 3804 sporta
2144 3767 2194 3803 pal-

41 3812 67 3832 ot
79 3807 240 3841 promulgato
257 3809 286 3832 in
305 3816 333 3835 ea
343 3813 485 3845 prouincia.
524 3812 592 3837 Hinc
611 3810 665 3846 ipsa
684 3819 774 3846 quoque
789 3813 942 3845 permutatio
955 3811 995 3837 Co
1009 3811 1085 3844 lybus
1130 3809 1135 3813 ’
1149 3823 1218 3842 mea.
1254 3814 1346 3847 Veget.
1361 3819 1382 3844 1,
1394 3813 1436 3844 56,
1451 3819 1480 3845 19
1510 3810 1713 3846 Diligentiffime
1733 3807 1832 3835 celabis
1847 3807 1878 3832 ad
1890 3805 1992 3845 colum.
2026 3804 2071 3831 Ad
2089 3808 2196 3843 cribrum

0 3842 13 3859 '⁵
42 3841 136 3868 Panaca
148 3843 221 3874 teste,
247 3849 359 3871 vocatur.
393 3846 450 3873 Cic.
463 3847 518 3874 Att.
533 3855 572 3879 12,
585 3848 601 3873 6
612 3855 655 3882 pr.
683 3846 722 3872 De
736 3846 829 3873 Caelio
848 3846 868 3879 (
871 3847 1032 3882 immulatio)
1046 3847 1086 3874 vi·
1150 3853 1225 3877 etiam
1238 3849 1334 3885 referri
1341 3853 1415 3882 patet
1428 3857 1457 3874 ex
1471 3848 1579 3875 Colum.
1594 3855 1623 3882 7,
1636 3852 1660 3879 8,
1676 3855 1694 3881 7
1720 3843 1844 3871 colatum
1858 3841 1949 3868 cr1b1'0
1965 3840 2094 3872 thymum.
2128 3839 2193 3872 Qun

39 3875 256 3941 ‘quaesssgi
263 3886 317 3942 ςυῗ
329 3879 422 3910 lacum
439 3881 470 3911 tit
487 3882 518 3911 in
531 3891 598 3910 auro
610 3882 631 3916 (
632 3891 660 3909 ne
667 3881 800 3918 subdolum
805 3881 967 3918 subaeratum
981 3881 1043 3919 quid
1058 3886 1087 3910 in
1099 3893 1144 3920 ¹03
1149 3888 1287 3923 generatim
1294 3890 1409 3946 purggo
1421 3881 1464 3916 cll.
1502 3883 1568 3911 Non
1582 3883 1625 3910 illi
1638 3886 1738 3909 norunt
1750 3886 1846 3906 aratum
1859 3877 1958 3909 colere,
1965 3876 2007 3903 vel
2020 3883 2114 3937 aui-1212
2118 3872 2192 3941 Ᾰζιιῆ
