2474 4182
2455 0 2458 45 l

290 118 357 155 47¹
694 109 733 146 A
787 107 818 144 R
873 105 911 143 X
1847 114 1887 153 A
1997 112 2024 153 S
2258 152 2261 155 ,
2366 90 2457 171 47χῆ

288 193 393 220 tathem
408 193 427 220 οἵ
441 206 455 220 κ
485 206 491 212 ·
672 198 676 202 ”
705 201 727 220 et
757 197 805 220 rim
823 196 863 220 ria
876 197 913 220 eiu
990 198 995 203 '
1078 194 1092 206 ''
1415 203 1430 220 9
1457 213 1480 219 .-
1860 215 1883 223 -
2327 196 2332 200 ’

288 237 314 256 et
327 191 1343 268 cxlilsuflifclaesimm13:323.-nfmenamontibiisniiisszziiinznwilgg&sugg
1416 201 1519 242 53-{)
1547 212 1629 240 altera
1652 213 1782 249 quadum
1801 205 1918 247 (}E*÷)
1944 218 1989 240 ³¹¹²
2011 213 2092 241 asten
2113 214 2186 243 ben-¹⁵
2216 205 2337 253 (÷E:÷)
2360 220 2436 254 alstra
2451 255 2458 268 ¹1

291 273 313 297 1,
329 273 381 299 240
402 267 517 293 Mundus
532 274 559 293 vt
572 267 603 293 ad
619 265 750 297 Scythiam
773 265 957 301 Riphaeasque
975 267 1071 294 arduus
1086 277 1157 296 arces
1217 269 1340 302 Assurgit.
1395 260 1479 287 ‘rien'
1498 253 1605 293 (÷5='}
1634 253 1650 293 )
1666 269 1710 289 ὃῑῑῐ
1723 263 1804 289 altera
1812 265 1920 299 septunx
1940 251 2014 295 (Ξῖ)
2033 262 2115 290 altera
2134 265 2268 299 qninfflnx
2285 258 2341 299 (37
2368 279 2374 296 ἓ
2395 262 2436 301 alit
2451 271 2456 308 “,

290 302 321 328 Et
334 301 430 337 Georg.
445 312 471 335 2,
485 311 531 335 534
542 303 707 344 'Septemque
719 309 770 327 vna
785 301 834 328 sibi
846 310 925 329 muro
944 303 1120 344 circumdedit
1143 313 1222 346 arces.
1259 311 1341 339 nempe
1395 315 1523 344 vtraeque
1531 315 1616 344 partes
1623 317 1700 338 emm
1708 313 1785 339 semi,
1805 300 1937 346 (33:2⁴).
1960 310 2118 347 Persequitur
2131 312 2218 341 deinde
2230 317 2325 351 reliqua
2339 318 2425 347 Balbus
2450 326 2467 342 ¹.

288 338 376 369 Roma,
397 348 455 373 quac
467 338 589 363 montibus
595 336 688 371 septem
697 335 870 376 fiipcrstruHa
883 336 924 372 est.
980 339 1060 366 Silius
1078 340 1106 366 de
1119 341 1226 375 Alpibus
1245 348 1266 372 3,
1286 341 1341 372 496
1359 342 1373 369 5
1396 345 1461 373 vnde
1474 344 1521 379 ista
1540 347 1567 370 in
1575 347 1670 380 primis
1681 347 1728 375 huc
1740 352 1881 384 pertinent,
1902 355 1961 383 quae
1978 346 2065 373 itidem
2083 352 2192 376 numeris
2205 350 2350 387 vulgaribus
2362 341 2437 390 expri:

289 373 392 399 Primus
409 375 554 407 inexpertas
569 372 635 398 adiit
649 372 814 404 Tyrinthius
828 382 907 400 arces.
965 375 1006 402 Sic
1020 375 1173 409 Impositum
1187 374 1241 402 arci
1259 374 1339 401 subli-
1650 394 1655 399 .
1806 397 1811 401 .
1939 395 1945 400 .
2072 395 2077 400 ,
2135 392 2145 405 1
2280 395 2289 407 1
2418 396 2434 405 .,

290 409 328 434 mi
342 410 468 443 oppidum
483 408 616 433 cernimus
637 408 741 434 Petron.
755 418 777 435 c.
792 411 840 435 116.
884 409 953 436 Add.
968 410 1025 436 Val.
1043 411 1126 437 Flace.
1141 421 1169 445 4,
1182 413 1237 437 261.
1287 411 1338 436 Lu·
1395 404 1500 422 'nemun
1534 393 1674 421 &munem
1686 395 1723 422 est
1741 396 1867 423 medoe‘ffl
1886 404 1980 422 V¹¹C¹³e
2001 387 2111 428 <vnc¹²e
2130 407 2150 425 ’Ξ
2162 415 2171 428 ⁵
2196 396 2249 423 &ffis
2274 388 2334 430 Ξῖ)
2356 398 2449 436 ’Νῶϊ

290 453 344 470 can.
366 453 388 475 3,
401 452 450 474 23¹·
471 449 494 468 ct
509 452 567 478 quos
576 450 707 478 praeterea
720 444 806 470 laudat
819 445 944 471 Drakenb.
966 445 1000 471 ad
1011 446 1055 471 Sil.
1071 454 1105 478 13,
1118 454 1173 479 305.
1280 443 1301 483 fl
1321 455 1338 473 2
1393 443 1472 470 tertia
1491 450 1549 477 {³³¹⁵
1575 434 1685 475 (VUCifle
1702 440 1742 477 ᾗ,
1772 444 1826 471 ὃΠῖῧ
1850 433 1910 476 ἼΞἛ)
1938 443 2050 471 fitilicus
2081 450 2175 480 quarta
2199 437 2307 479 (vnciae
2325 442 2365 482 ἦ,
2386 449 2436 480 assi·
2452 455 2456 461 ⁷

289 481 446 540 3:2²3.ssssss
459 479 557 546 tsssg'
566 489 579 505 ⁰
591 481 666 542 0ῗὲἕῖ
682 482 914 542 Bfflieailagiidf
922 481 1338 550 ἕῗτῐζὲῖἶᾶζῘὲζῐὶῗᾟξῃὲὲᾯῗίῗ
1350 524 1379 543 10
1392 485 1453 528 ὲῑ)
1471 492 1570 521 sextula
1585 493 1657 520 sexta
1676 485 1783 528 (vnciae
1802 493 1824 527 -ἒ-
1835 516 1843 529 ,
1864 496 1918 523 affis
1939 485 2002 528 ἦῑ)
2027 495 2152 522 drachma
2168 497 2263 525 oritana
2285 491 2392 532 (vneiae
2403 499 2435 542 ᾗ,

289 558 385 576 nouan.
400 558 423 575 v.
440 551 477 575 61.
658 548 679 589 ff
697 560 709 583 3
730 553 795 584 Arx,
816 550 849 585 esi
864 552 955 578 Editus
970 552 998 578 in
1010 552 1119 579 ciuitate
1133 559 1158 580 et
1172 554 1290 579 munitus
1303 553 1336 579 ad
1393 545 1448 573 affis
1466 531 1527 575 ’ξ’-δ’)
1544 542 1706 576 hemisesda’
1725 552 1750 580 q*
1770 544 1794 571 d·
1814 545 1983 582 fimlfi'x‘ulffi
2009 544 2169 572 du⁰deffl¹¹a
2187 538 2297 580 (vnciae
2318 544 2369 578 {⁴55
2387 548 2474 580 affin*

289 586 397 611 salutem
408 585 531 612 omnium
545 585 632 613 loeus:
653 587 779 614 Asconius
794 588 821 613 in
835 588 891 614 Cic.
914 588 1155 616 Diuinat.inVerr.
1169 599 1190 616 c.
1207 597 1220 622 ς
1239 592 1281 625 qui
1295 589 1338 615 ad·
1392 586 1474 629 553)
1492 594 1611 622 tremiffis
1625 595 1695 622 sexta
1716 595 1818 623 decima
1836 588 1943 630 (vnciae
1970 594 2022 628 -ζ-ῒ,
2050 597 2103 624 affis
2131 590 2209 631 Tit)
2233 601 2368 637 scrupulus
2383 603 2438 637 (ἡ.
2448 609 2474 639 ’,θ

288 621 327 646 dit
348 621 423 670 Virg.
442 621 506 675 Aen.
527 630 549 654 2,
564 631 588 654 3,
596 631 628 663 ²12
645 625 708 656 Qio
727 632 768 664 res
786 624 886 662 sumnia
906 623 965 650 loco
985 624 1111 665 Panthu?
1140 634 1219 660 quam
1234 624 1338 665 prendi·
1393 644 1460 672 aim
1473 645 1523 672 scri
1544 644 1630 672 tulum
1646 646 1688 672 vel
1699 645 1748 671 scri
1789 645 1796 671 ι
2067 647 2072 652 .
2106 647 2123 674 s
2188 638 2203 681 (
2260 648 2266 652 -
2323 645 2360 666 ι-
2446 643 2455 662 ι,

288 664 346 682 mus
359 666 381 682 ai
389 666 460 683 cem.
493 658 561 692 Ergo
577 668 662 693 pruna
676 660 730 693 spes
745 668 772 685 111
785 668 868 685 muris
882 659 926 691 est,
946 660 1056 687 secunda
1068 670 1097 687 111
1115 669 1184 693 arce,
1205 661 1221 687 si
1240 670 1268 687 m
1282 670 1337 686 mu-
1526 655 1542 680 Ρ
1751 654 1785 680 ΡΠ
1799 649 1861 679 um)
1883 653 1976 682 quarm
2001 652 2027 674 et
2045 656 2104 674 *²¹⁶⁶
2116 656 2169 674 ¹⁸²³
2206 656 2300 675 ‘’⁰⁰¹³“
2318 661 2369 682 54,
2387 651 2440 684 affl*

287 700 331 718 ros
344 692 425 718 hostis
439 693 575 728 irruperit.
613 693 740 721 Haftcnus
764 695 900 721 Asconius.
937 696 1044 722 Seruius
1057 697 1090 724 ad
1103 697 1168 723 Aen.
1182 706 1203 729 3,
1219 705 1262 729 ¹34
1284 697 1338 722 Arx
1352 699 1377 724 15
1393 683 1472 725 ῖέ-ῑ)
1494 695 1558 726 Iam,
1579 692 1644 729 quod
1656 692 1776 726 diximus,
1797 694 1881 721 Assem
1892 694 2137 732 vvzumfigmficare,
2158 699 2233 723 etiam
2240 694 2369 730 constatex
2381 699 2426 729 Col

288 727 324 753 est
340 728 490 768 inciuitate
503 730 624 756 Munitus
637 731 724 756 locus:
742 730 775 757 ab
788 731 908 763 Arcan0,
929 734 946 757 i.
961 732 1076 764 Secreto,
1095 733 1174 759 diffisa.
1216 732 1339 766 Tarpeia
1393 737 1417 763 5,
1438 737 1462 761 3,
1477 737 1489 755 2
1507 729 1582 756 Duco
1598 729 1719 764 quintam
1731 735 1833 764 partem
1852 730 2044 765 longitudinis,
2072 731 2138 758 fiunt
2162 739 2250 765 cch,
2276 738 2302 759 et
2323 720 2447 768 quintahss'

287 771 334 789 arx
347 765 421 799 Virg.
435 766 498 791 Aen.
514 771 536 798 8,
557 768 614 799 652.
649 767 758 793 Minora
772 766 852 794 castra
867 767 965 794 inclusa
983 768 1131 795 maioribus
1147 767 1245 794 castelli
1260 773 1339 801 atque
1393 771 1494 799 partem
1509 764 1669 797 latitudinis,
1689 764 1739 791 hoc
1753 765 1789 791 est
1809 773 1912 792 XXIIII.
1953 767 2004 793 His
2022 768 2144 803 vtrisque
2163 768 2272 795 summis
2285 767 2445 803 singulum

286 799 354 826 arcis
369 800 457 826 locum
469 801 628 828 obtinebant
641 802 713 828 Caes.
728 803 756 828 B.
773 803 802 829 C.
816 811 839 835 3,
853 805 897 829 66.
955 805 1009 830 Arx
1031 803 1194 830 Athenarum
1207 803 1298 837 Nepos
1312 811 1338 835 2,
1393 801 1432 827 ses
1446 800 1546 827 adiicio
1565 815 1610 821 —
1630 801 1674 828 Fit
1687 809 1750 836 ergo
1763 800 1844 828 altera
1859 802 1958 829 summa
1971 802 2146 830 ducentorum
2167 804 2340 839 quadraginta
2354 806 2400 834 vni

288 844 312 868 2,
326 841 347 866 8.
382 836 456 872 Cons.
472 837 562 863 Ifidor.
579 846 614 870 15,
629 846 645 864 2
667 839 746 865 Arees
766 840 826 865 sunt
843 845 929 873 partes
952 839 1027 865 vrbis
1044 839 1159 865 excelsae
1183 844 1261 873 atque
1280 847 1338 865 mu-
1393 836 1476 863 altera
1487 836 1587 872 viginti
1602 837 1720 872 quinque
1734 836 1921 864 —Totidem
1934 837 2003 865 dices
2017 847 2082 874 opus
2090 840 2137 866 esse
2153 839 2308 873 seminibus,
2319 839 2359 874 fic
2370 851 2381 868 e
2400 836 2425 862 ,ἵ

288 871 368 898 uitae.
405 871 454 899 Sed
469 872 548 899 eadem
562 874 615 899 Arx
637 877 647 905 (
656 881 684 899 ut
696 877 734 900 ait
747 875 764 900 l.
779 884 800 901 c.
814 875 957 906 Asconius)
980 874 1113 900 interdum
1128 873 1204 900 Sedes
1222 874 1337 906 tyranni,
1347 882 1381 901 20
1394 873 1412 898 s.
1426 881 1439 904 3
1453 878 1480 899 et
1494 879 1516 905 ς.
1551 873 1633 898 Etiam
1646 873 1753 899 Vitruu.
1767 881 1789 905 3,
1805 881 1814 899 1
1836 872 1949 899 Adiee'to
1963 875 2012 900 asse
2032 878 2050 901 i.
2064 883 2121 901 vno.
2157 876 2198 903 Sic
2210 875 2330 902 Scribon.
2342 865 2445 910 1561

288 907 317 933 id
330 907 366 933 est
378 908 457 942 regis,
473 908 578 935 dicitur.
616 910 691 944 Virg.
710 911 775 936 Aen.
796 921 823 943 4,
843 919 892 944 4¹0
915 924 959 929 —
973 919 1057 944 quum
1071 910 1151 936 litora
1167 910 1273 936 feruere
1285 910 1337 936 late
1393 908 1463 943 peris
1477 907 1533 934 albi
1550 907 1566 924 *
1585 908 1611 934 P.
1627 917 1663 935 as.
1699 909 1730 935 Et
1742 917 1781 940 231
1802 907 1932 935 Chalcitis
1951 909 1966 926 *
1985 909 2012 936 P.
2032 919 2059 937 as
2073 910 2158 937 semis.
2196 909 2239 945 Est
2251 920 2310 949 ergo
2323 912 2357 938 As
2403 941 2406 944 ⁴
2426 900 2445 937 1.

287 944 450 978 Prospiceres
464 953 522 971 arce
536 954 567 971 ex
580 945 680 972 summa
693 956 697 971 :
722 946 770 972 Vbi
781 947 897 976 Seruius,
917 946 1017 979 Regum
1030 946 1101 971 enim
1115 946 1168 972 fuit
1179 945 1301 972 habitare
1310 946 1338 972 in
1391 943 1507 980 aliquid,-
1527 943 1593 979 quod
1606 946 1633 970 in
1649 943 1774 970 duodecim
1783 951 1871 979 partes
1890 945 2001 980 aequales
2019 945 2124 982 diuifism
2137 944 2196 981 effi,
2214 954 2259 974 aut
2280 947 2369 974 diuidi*
2383 947 2396 975 '1
2432 940 2449 975 ⁴1

287 978 391 1005 arcibus
399 987 508 1015 propter
515 981 633 1007 tutelam.
672 983 712 1008 Sic
720 982 813 1007 Arcem
823 980 959 1013 Syracusis,
969 989 1047 1015 quam
1055 982 1188 1008 munierat
1197 981 1337 1014 Dionysius
1390 980 1559 1016 intelligitur:
1580 988 1611 1006 ac
1621 989 1670 1005 non
1682 986 1780 1007 tantum
1794 979 1823 1006 de
1834 989 1882 1006 vna
1896 989 1977 1013 numo,
1995 983 2048 1017 qui,
2060 989 2090 1008 vt
2094 980 2186 1015 statim
2205 982 2358 1016 videbimus,
2370 985 2382 991 “’

287 1015 319 1041 ad
326 1015 419 1042 vrbem
428 1015 597 1043 obsidendam
607 1017 675 1051 Nep.
692 1025 733 1045 20,
748 1026 769 1048 3,
785 1025 806 1047 3.
842 1016 907 1042 Plin.
922 1025 950 1049 4,
961 1025 983 1042 11
1005 1017 1079 1043 Intus
1094 1018 1173 1050 Byzia
1186 1026 1232 1044 arx
1243 1027 1337 1052 regum
1386 1023 1435 1052 pet·
1454 1017 1610 1042 eminentiam
1624 1015 1658 1042 AS
1675 1023 1790 1048 vocatur,
1804 1015 1853 1052 sed
1865 1015 1893 1042 dt·
1906 1017 1966 1042 aliis
1977 1020 2054 1046 ttiam
2065 1018 2145 1051 rebus,
2164 1021 2191 1044 in
2223 1018 2369 1053 uantumfic
2433 1013 2450 1051 fff³

286 1050 432 1078 Thraciae.
587 1050 607 1087 q
629 1063 646 1085 4
666 1053 732 1078 Hinc
746 1061 812 1077 amne
820 1051 978 1088 perfugium,
997 1059 1020 1079 et
1034 1052 1157 1089 quidquid
1167 1052 1210 1087 est,
1231 1063 1277 1090 quo
1290 1055 1336 1080 ali·
1349 1060 1380 1086 ις
1391 1051 1419 1078 di
1427 1050 1529 1087 poffimt
1541 1060 1570 1076 ac
1584 1050 1684 1084 debent,
1703 1051 1843 1078 adhibetur.
1878 1053 1917 1079 De
1937 1054 2027 1088 agnis,
2044 1058 2070 1079 et
2089 1056 2171 1089 iugeri
2183 1028 2242 1081 adeo
2262 1054 2378 1089 diuisione
2433 1053 2449 1081 s,

286 1090 343 1123 quis
361 1087 480 1123 cmx-fidit,
512 1088 566 1114 Arx
584 1094 695 1113 vocatur.
753 1088 794 1115 Sic
809 1088 862 1113 Arx
876 1088 999 1114 omnium
1013 1089 1225 1124 prouinciarum,
1246 1090 1337 1117 Africa
1393 1088 1500 1114 Colum.
1514 1094 1538 1120 ς,
1551 1095 1572 1118 1,
1586 1091 1599 1116 8
1613 1087 1651 1122 sq.
1669 1086 1713 1113 vbi
1725 1090 1751 1113 in
1766 1088 1880 1115 tabellam
1897 1097 1923 1113 ea
1937 1097 1953 1114 a
1969 1088 2040 1114 nobis
2058 1088 2161 1116 redafla
2180 1088 2223 1124 est.
2259 1090 2369 1118 Libram
2375 1089 2400 1125 ,³
2432 1084 2435 1106 ἶ

287 1123 343 1149 Cic.
359 1132 407 1157 pro
421 1124 508 1158 Ligar.
524 1133 558 1150 22
570 1132 590 1149 c.
604 1132 629 1158 7.
676 1124 730 1148 Arx
750 1123 873 1149 omnium
892 1124 1028 1158 gentium,
1048 1124 1111 1152 vrbs
1130 1125 1216 1152 Roma
1237 1125 1293 1152 Cic.
1308 1126 1338 1152 in
1393 1123 1469 1156 dem,
1484 1130 1533 1158 pro
1554 1122 1603 1149 asse
1615 1122 1719 1155 haberi,
1746 1129 1770 1149 et
1784 1132 1825 1150 eas
1837 1122 1968 1157 diuffiorzes
1982 1123 2068 1160 subire
2081 1134 2125 1151 con
2149 1133 2184 1152 at.
2201 1130 2225 1153 υ.
2239 1135 2265 1162 g.
2287 1126 2397 1159 Colum
2429 1125 2435 1146 ῗ

286 1158 365 1185 Catil.
380 1169 406 1192 4,
428 1167 449 1185 11
464 1169 485 1185 c.
498 1162 523 1186 6.
579 1160 632 1185 Arx
639 1159 757 1193 gentium
766 1159 887 1185 omnium
909 1160 1006 1186 Nazar.
1020 1162 1112 1196 Paneg.
1131 1161 1299 1188 Constantini
1315 1171 1336 1188 c.
1392 1168 1432 1191 12,
1445 1168 1461 1185 2
1485 1158 1635 1185 Sextarium
1654 1167 1738 1193 aquae
1756 1168 1816 1185 cum
1835 1159 1964 1185 dodrante
1976 1159 2066 1193 pondo
2081 1160 2167 1188 mellis
2183 1161 2290 1189 diluunt
2303 1169 2349 1190 etc.
2379 1158 2384 1186 '.
2431 1162 2434 1170 ⁴

286 1203 322 1227 35.
359 1195 511 1230 Simpliciter
523 1204 613 1230 quoque
626 1204 673 1220 arx
686 1194 780 1222 dicitur
794 1195 880 1226 Roma,
902 1196 1040 1230 Postquam
1054 1197 1188 1224 medicina
1208 1198 1337 1232 Principis
1390 1195 1523 1222 sextarius
1536 1192 1617 1228 inslar
1630 1193 1684 1221 aslis
1702 1192 1751 1227 esi,
1773 1195 1816 1220 vbi
1829 1195 1939 1221 nomina
1954 1195 2100 1228 bibuntur,
2118 1196 2148 1224 de
2160 1206 2241 1233 quare
2253 1197 2307 1224 vid.
2334 1204 2377 1225 m
2391 1210 2393 1213 -
2431 1215 2433 1218 ¹

286 1230 445 1257 immodicos
461 1231 560 1257 sedarat
569 1232 663 1256 inaree
678 1229 783 1257 dolores
791 1230 1012 1258 Prudent.contra
1023 1233 1168 1265 Symmach.
1183 1242 1241 1267 ipr.
1280 1234 1334 1260 Arx
1348 1241 1380 1265 30
1393 1237 1520 1257 NOMEN.
1557 1230 1624 1257 Plin.
1640 1239 1675 1263 13,
1690 1238 1715 1263 15
1740 1231 1859 1257 Mensam
1877 1230 2011 1258 cedrinam
2023 1239 2148 1264 memorat,
2168 1239 2284 1268 quatuor
2301 1230 2389 1269 pedess-
2429 1238 2433 1251 -’

287 1267 376 1292 causae
386 1266 441 1292 Cic.
450 1267 520 1292 Fam.
533 1274 553 1298 1,
563 1274 587 1297 9.
609 1267 639 1291 In
647 1275 705 1292 arce
713 1266 778 1301 legis
789 1266 917 1301 praesidia
925 1267 1084 1295 constituere
1096 1268 1255 1295 defensionis
1262 1277 1336 1295 meae
1392 1273 1463 1294 tante
1477 1272 1503 1292 et
1516 1265 1616 1293 sicilico
1636 1265 1814 1292 excedentem.
1871 1268 1993 1302 Inprimis
2004 1276 2074 1300 vcro,
2096 1268 2247 1302 Hereditas,
2266 1277 2296 1296 vt
2310 1273 2349 1297 ait
2360 1270 2397 1299 1·*
2427 1261 2433 1270 ¹

286 1302 408 1328 nonlicet
425 1302 480 1328 Cic.
489 1311 538 1337 pro
547 1302 650 1328 Cluent.
664 1304 733 1334 156c.
746 1310 777 1337 57
798 1303 893 1329 Arcem
901 1310 929 1329 tu
938 1303 1046 1338 quidem
1054 1304 1207 1332 Stoicorum
1216 1304 1337 1331 defendis
1391 1308 1466 1330 rator
1479 1302 1563 1329 Instit.
1583 1302 1601 1328 l.
1616 1310 1628 1335 ς
1649 1301 1681 1328 de
1693 1301 1836 1328 heredibus
1851 1302 1934 1329 instit.
1951 1303 2109 1338 plerumque
2120 1303 2253 1332 diuiditur
2267 1306 2296 1332 in
2303 1305 2387 1333 duod'-
2429 1313 2431 1316 ·

284 1337 321 1364 Id.
338 1338 428 1364 Diuin.
444 1346 453 1364 1
467 1347 487 1364 c.
504 1340 528 1364 6.
579 1338 633 1364 Arx
648 1338 782 1365 sociorum
796 1338 833 1364 Id.
848 1339 966 1365 Diuinat.
982 1340 1010 1365 in
1023 1341 1099 1367 Verr.
1113 1350 1133 1366 e.
1148 1348 1169 1373 ς.
1191 1340 1219 1366 de
1233 1342 1285 1377 lege
1298 1350 1336 1367 re-
1390 1339 1490 1371 vnciaS,
1509 1347 1576 1373 quae
1589 1337 1643 1364 assis
1657 1337 1834 1372 appellatione
1848 1338 2028 1366 continentur.
2083 1341 2152 1375 Qae
2165 1340 2222 1368 inde
2234 1341 2296 1368 adl.
2312 1346 2325 1372 8
2338 1341 2377 1378 sr

279 1373 454 1409 pethdarum.
498 1374 553 1400 Cic.
568 1373 596 1399 in
610 1374 695 1400 Pison.
716 1383 736 1400 11
757 1374 907 1409 Templum
924 1375 991 1401 illud
1004 1376 1058 1402 fuit
1073 1384 1120 1403 arx
1132 1376 1234 1404 ciuium
1248 1376 1336 1411 perdi·
1388 1381 1441 1407 tur,
1450 1377 1532 1401 omnia
1545 1373 1579 1400 ad
1589 1375 1654 1401 hanc
1667 1371 1864 1406 distributionem
1873 1377 2012 1409 pertinent.
2040 1401 2041 1404 ,
2056 1376 2114 1402 Via.
2128 1379 2203 1403 etiam
2217 1376 2304 1410 l.13ff.
2319 1375 2342 1415 ᾗ.
2352 1385 2365 1404 1
2383 1381 2390 1389 ”
2429 1380 2431 1385 '

283 1415 389 1441 torum,
409 1409 602 1444 receptaculum
621 1416 741 1436 veterum
763 1410 895 1437 Catilinae
915 1411 1050 1444 militum,
1071 1412 1204 1439 castellum
1225 1412 1335 1439 forensis
1347 1417 1377 1443 35·
1392 1418 1424 1444 50
1436 1410 1487 1446 fin.
1501 1410 1533 1436 de
1541 1409 1774 1436 heredibusinstit.
1810 1411 1884 1436 Hanc
1894 1410 1922 1436 ob
1930 1411 2026 1446 causam
2034 1411 2315 1439 VolufiusMaecianus
2331 1414 2387 1441 1Ct

284 1445 430 1472 latrocinii.
467 1448 508 1474 Sic
523 1446 577 1472 Arx
585 1447 781 1472 commeatuum
794 1446 885 1473 Tacit.
900 1447 967 1474 Hist.
984 1456 1006 1479 3,
1022 1456 1056 1480 13,
1070 1456 1091 1474 2.
1148 1448 1217 1474 Iuris
1236 1449 1334 1475 Lucan.
1387 1447 1475 1473 bellum
1483 1444 1595 1481 scripfit,
1614 1454 1682 1481 quem
1697 1445 1888 1481 Gronouiusfiio
1901 1445 1930 1471 (le
1944 1447 2051 1473 Pecunia
2063 1453 2144 1474 vetere
2159 1451 2228 1483 operi
2233 1448 2341 1485 subiecit
2352 1449 2387 1478 hs

284 1488 312 1515 7,
327 1489 380 1513 593.
614 1490 626 1514 ς
649 1483 730 1508 Etiam
746 1480 802 1516 fine
818 1481 928 1518 respeHu
943 1483 977 1509 ad
988 1487 1139 1510 munimenta
1153 1486 1207 1511 Arx
1220 1491 1334 1517 vocatur,
1389 1484 1456 1508 tulo:
1475 1481 1647 1514 Distributio,
1668 1481 1734 1508 item
1742 1481 1872 1508 vocabula
1884 1490 1912 1508 ac
1920 1487 1999 1509 notae
2012 1483 2129 1516 partium
2144 1484 2172 1510 in
2186 1483 2265 1511 rebus
2272 1485 2377 1520 pecuni
2391 1485 2397 1508 ἔ

283 1517 349 1553 quod
354 1517 475 1552 summum
489 1514 523 1549 esi
536 1519 563 1542 in
587 1526 615 1542 uo
627 1526 722 1553 genere,
742 1524 771 1543 vt
785 1518 867 1552 Apex,
888 1518 1041 1553 fastigium.
1097 1520 1236 1546 Claudian.
1251 1520 1284 1547 de
1299 1527 1334 1546 1v
1388 1518 1514 1554 pondere,
1533 1526 1657 1550 numeru,
1675 1518 1804 1544 mensura.
1842 1517 1917 1544 Balbi
1929 1517 2036 1544 libellum
2048 1518 2117 1546 mado
2131 1522 2181 1546 iam
2193 1519 2362 1554 laudauimus,

285 1554 362 1579 Cons'.
377 1553 481 1578 Honor.
502 1560 546 1584 235
569 1553 725 1579 Prometheus
738 1560 839 1578 mentem
861 1552 926 1580 hanc
944 1555 994 1581 alta
1007 1555 1099 1590 capitis
1113 1555 1238 1582 fundauit
1252 1556 1279 1582 in
1293 1565 1333 1582 ar·
1387 1554 1479 1581 ibidem
1493 1554 1689 1590 νςρναιζῙεηταιιιέ
1710 1554 1858 1580 Gronouius.
1910 1555 2031 1580 Ponemus
2050 1553 2132 1582 adhuc
2148 1556 2235 1592 versus
2259 1557 2298 1591 Q
2315 1555 2391 1584 Rhe·

284 1597 322 1621 ee,
345 1592 363 1614 i.
379 1591 406 1628 in
419 1590 516 1623 capite,
545 1594 663 1623 tanquam
681 1597 744 1615 arce.
788 1589 875 1615 Seren.
891 1589 994 1616 Samon.
1012 1599 1035 1622 13
1059 1592 1194 1627 Principio
1215 1592 1281 1619 celsa
1302 1592 1334 1618 de
1342 1596 1379 1620 40
1391 1589 1487 1617 Fannii
1502 1598 1530 1615 ex
1545 1589 1659 1615 Carmine
1675 1588 1707 1615 de
1720 1589 1883 1624 ponderibus
1895 1595 1922 1616 et
1934 1590 2014 1615 mens.
2028 1599 2058 1623 4¹
2392 1590 2398 1600 ³

284 1632 404 1658 corporis
416 1632 474 1650 arce
487 1623 637 1657 loquamur,
654 1627 672 1650 i.
687 1623 714 1649 de
727 1627 817 1659 capite.
854 1626 931 1651 Dedit
942 1626 984 1652 hic
992 1627 1069 1661 plura
1089 1629 1210 1654 Keuchen.
1238 1635 1262 1655 et
1276 1634 1334 1654 ante
1496 1625 1577 1651 Nunc
1591 1624 1678 1651 dicam
1690 1633 1757 1660 quae
1765 1624 1794 1651 fit
1808 1625 1906 1652 solidae
1920 1625 2016 1652 diuifio
2023 1624 2120 1658 librae,
2385 1639 2390 1655 ·.
2410 1641 2436 1662 ¹,1

283 1669 334 1686 eum
351 1660 439 1686 Barth.
453 1658 487 1684 ad
498 1660 559 1685 Stat.
573 1658 665 1686 Theb.
681 1667 704 1691 3,
719 1661 772 1692 246
790 1661 884 1687 Arcem
899 1661 963 1688 hanc
979 1669 1123 1695 aeternam,
1137 1664 1234 1690 mentis
1253 1665 1335 1691 sacra·
1492 1661 1555 1688 Siue
1569 1660 1645 1687 Affis:
1664 1669 1726 1687 nam
1740 1660 1773 1686 sic
1786 1660 1874 1695 legem
1886 1661 1977 1688 dixere
1995 1661 2086 1696 periti,
2388 1691 2390 1693 ,
2416 1673 2428 1698 ‹-

281 1696 323 1722 ria
337 1695 438 1722 nostrae
454 1694 563 1721 Testor.
620 1695 824 1730 Magnitudinem
836 1700 916 1722 animi
929 1701 967 1724 ita
981 1697 1100 1733 describit
1117 1699 1178 1725 Stat.
1193 1699 1256 1726 Silu.
1269 1708 1295 1732 2,
1308 1708 1334 1732 z,
1491 1697 1529 1723 Ex
1543 1705 1598 1731 quo
1613 1695 1686 1731 quod
1699 1695 1750 1723 soli
1764 1697 1881 1732 capimus
1895 1696 2068 1731 perhibemur
2085 1696 2197 1724 habere:

284 1739 321 1763 131
343 1731 416 1758 Celsa
431 1736 459 1756 tu
473 1731 567 1756 mentis
580 1729 613 1755 ab
632 1738 691 1756 arce
711 1730 829 1764 Despicis
856 1739 988 1766 errantes,
1009 1734 1176 1769 humanaque
1189 1735 1283 1769 gaudia
1297 1735 1333 1761 ri-
1492 1732 1616 1758 Dicimur
1629 1737 1674 1758 aut
1687 1732 1767 1766 partis
1783 1732 1888 1759 domini
1901 1741 1950 1767 pro
1965 1732 2085 1768 partibus
2103 1732 2194 1760 huius.
2381 1728 2394 1753 'l
2402 1746 2405 1754 s
2426 1736 2430 1750 ³

282 1766 336 1793 des.
391 1765 522 1800 Qinffil.
538 1774 575 1797 12,
598 1774 636 1797 11,
658 1770 689 1795 28
711 1766 843 1792 Cicerone
860 1772 921 1793 tunc
935 1777 1022 1794 arcem
1038 1770 1207 1804 eloquentiae
1221 1776 1334 1797 tenente.
1343 1777 1377 1804 43
1491 1767 1576 1794 Vneia
1590 1775 1651 1793 nam
1665 1767 1751 1793 librae
1762 1766 1780 1793 si
1793 1767 1863 1794 deest
1876 1767 1968 1795 dixere
1986 1768 2114 1795 deuncem
2128 1776 2174 1795 etc.
2389 1776 2394 1783 ⁴

282 1803 386 1829 Petron.
402 1810 441 1834 132
461 1802 517 1836 Ipse
533 1802 607 1827 Pater
620 1801 679 1827 veri
691 1799 784 1827 doetus
797 1802 925 1836 Epicurus
939 1803 967 1828 in
980 1812 1047 1830 aree.
1087 1806 1133 1831 Sed
1145 1807 1187 1832 hic
1200 1805 1334 1840 versiculus
1390 1803 1427 1830 Ex
1435 1801 1566 1830 affeheres
1580 1801 1698 1829 Martial.
1709 1811 1733 1835 3,
1748 1811 1786 1828 10.
1805 1806 1836 1829 it.
1857 1802 1966 1836 Quin&
1980 1811 2008 1838 7,
2021 1812 2041 1835 1,
2053 1812 2089 1830 20
2107 1803 2136 1830 de
2143 1803 2367 1840 reliquispartibus

281 1841 357 1864 nimis
370 1841 440 1864 varie
453 1838 554 1874 legitur.
604 1836 649 1863 Sil.
665 1845 698 1868 13,
715 1844 769 1871 770
789 1838 866 1870 Qae
880 1843 905 1864 te
919 1838 979 1870 via,
1001 1839 1067 1871 fare,
1081 1840 1223 1873 superbum
1237 1841 1277 1867 Ad
1291 1841 1334 1868 de·
1388 1839 1486 1866 Vsuras
1507 1842 1582 1865 etiam
1601 1847 1630 1865 ex
1653 1837 1715 1865 Affis
1734 1835 1907 1870 distributione
1927 1838 2110 1874 computabant.
2167 1841 2216 1866 Eae
2227 1850 2280 1867 aim
2291 1839 2363 1874 effent
2380 1841 2400 1874 Δ,

281 1883 337 1907 cus,
359 1880 384 1900 et
397 1874 508 1899 summas
520 1871 629 1899 laudum
641 1872 796 1907 perduxerit
809 1882 889 1899 arces.
908 1875 951 1900 vbi
960 1875 1037 1909 plura
1058 1874 1127 1901 dedit
1148 1876 1335 1902 Drakenborch.
1380 1873 1485 1907 struae,
1506 1874 1654 1910 consequens
1660 1881 1724 1906 erat,
1737 1880 1767 1900 vt
1774 1881 1833 1909 quot
1845 1875 1939 1901 Vncias
1952 1873 1981 1900 de
1993 1877 2102 1901 centenis
2113 1877 2141 1900 in
2153 1875 2332 1911 menfimdaret
2338 1872 2432 1913 aliquis·

282 1911 324 1937 Sic
344 1910 366 1936 A
380 1909 499 1944 paruulis
519 1909 605 1935 initiis
619 1909 650 1934 ad
669 1917 755 1935 arcem
768 1908 952 1936 ostentationis
969 1919 1050 1944 opera
1064 1917 1242 1945 peruenerunt
1256 1911 1335 1944 Iulysi
1389 1915 1428 1935 tot
1438 1908 1511 1942 Affis
1518 1909 1626 1945 fhlueret
1638 1912 1665 1935 in
1678 1918 1776 1935 annum.
1812 1911 1893 1936 Erunt
1911 1918 1969 1945 ergo
1986 1909 2140 1937 centesimae
2152 1912 2257 1944 vsurae,
2275 1921 2328 1938 cum
2341 1911 2370 1938 de
2384 1913 2425 1939 c'eri

282 1946 349 1972 Plin.
366 1953 403 1978 35,
419 1953 447 1971 10
461 1945 478 1970 s.
493 1946 532 1976 36.
569 1944 755 1979 Qodcunque
775 1945 891 1972 Platonis
911 1947 1060 1981 Ingenium,
1082 1947 1154 1981 quod
1168 1947 1196 1973 in
1211 1956 1270 1973 arce
1282 1947 1372 1979 fuit50
1389 1951 1441 1971 tum
1456 1943 1546 1980 affibus
1558 1947 1585 1970 in
1599 1944 1701 1980 mensem
1721 1953 1784 1970 unus
1797 1944 1879 1976 datur,
1899 1944 1962 1971 illud
1974 1944 2046 1971 hodie
2066 1946 2162 1980 Europa
2179 1954 2253 1973 vocat
2263 1954 2308 1975 ΧΠ
2320 1955 2368 1982 per
2378 1956 2424 1974 cen

281 1981 372 2008 Sidon.
394 1981 487 2014 Paneg.
500 1978 623 2006 Anthem.
639 1989 664 2004 v.
680 1987 730 2012 ¹72·
761 1982 778 2005 i.
801 1980 866 2015 quod
876 1981 998 2016 summum
1011 1982 1182 2017 philojbphiae
1196 1981 1335 2019 fastigium
1389 1987 1460 2007 tum:
1482 1979 1604 2011 semisses,
1621 1989 1675 2006 cum
1690 1978 1811 2011 semiffis,
1823 1979 1847 2016 s
1857 1979 1904 2015 fix
1916 1982 2004 2005 unciae
2020 1983 2048 2005 in
2062 1982 2164 2016 ηιετζῙεηι
2177 1981 2206 2007 de
2219 1985 2328 2009 ccntem's
2335 1982 2424 2018 soluun
2438 1979 2441 2011 l

275 2017 335 2054 fuit
347 2016 504 2052 consecutum.
541 2016 583 2041 Ita
603 2014 750 2048 Virgilium
763 2020 788 2041 et
802 2016 951 2041 Homerum
965 2025 1054 2042 arcem
1076 2018 1189 2044 Musicae
1202 2019 1337 2053 possedisse
1389 2023 1442 2048 tur,
1462 2025 1503 2043 eas·
1515 2025 1631 2042 vocamus
1645 2022 1679 2041 VI
1698 2023 1745 2050 pel*
1757 2021 1877 2041 centum:
1896 2014 2061 2049 Qladl'antes
2074 2024 2127 2042 cum
2137 2017 2275 2052 quadrans,
2291 2018 2309 2044 s.
2323 2023 2375 2044 tres
2386 2027 2422 2044 vn
2437 2013 2441 2047 l

282 2053 346 2080 dicit
360 2051 484 2079 Priscian.
497 2050 581 2077 Praef.
597 2050 742 2076 Grainmat.
780 2051 893 2076 Plurima
906 2051 1112 2087 exscriptoribus
1123 2053 1257 2088 inferioris
1271 2061 1338 2080 aeta·
1389 2053 1446 2078 eiae
1458 2054 1486 2078 in
1500 2051 1602 2087 mensem
1615 2051 1644 2077 de
1656 2053 1767 2077 centenis
1779 2050 1882 2082 dantur,
1900 2051 1946 2078 hoc
1959 2048 1993 2083 cst
2005 2057 2058 2077 tres
2071 2059 2118 2085 per
2137 2058 2249 2079 centum.
2304 2053 2335 2080 Et
2341 2052 2381 2086 fic
2389 2060 2420 2087 pe

281 2092 318 2116 tis
330 2085 627 2116 BarthiusadClaudian.
637 2094 661 2120 p.
677 2093 715 2119 71.
872 2083 893 2123 5
915 2087 931 2112 6
951 2088 1005 2113 Iam
1019 2087 1143 2122 Epitheta,
1152 2091 1252 2123 poie'tica
1261 2095 1337 2123 prae-
1389 2095 1471 2112 omnes
1482 2093 1570 2121 partes
1582 2085 1659 2121 Affir,
1679 2086 1755 2113 donec
1766 2086 1801 2113 ad
1811 2085 1928 2113 vncialee
1943 2086 1960 2112 s.
1977 2086 2066 2113 vncias
2077 2087 2166 2113 vsuras
2180 2090 2363 2126 perueniatur‚”
2377 2095 2425 2122 quo

277 2125 368 2162 sertim
383 2123 503 2150 dabimus.
539 2121 614 2155 Virg.
630 2122 695 2148 Aen.
710 2129 732 2153 3,
747 2129 792 2154 291
813 2121 905 2148 Aerias
918 2121 1062 2149 Phaeacum
1077 2130 1148 2149 arces
1167 2123 1235 2149 dixit
1246 2122 1334 2157 altiffi-
1346 2129 1375 2155 55
1388 2127 1440 2147 toto
1455 2120 1550 2146 demum
1563 2130 1628 2147 anno
1639 2130 1715 2146 vnum
1728 2119 1800 2153 affim
1818 2120 1938 2155 efficiunt,
1963 2121 2154 2158 respondentque
2166 2121 2225 2148 adeo
2243 2121 2306 2153 illis,
2324 2130 2387 2157 quas
2414 2126 2417 2129 '

283 2171 323 2187 ma
334 2161 516 2195 promontoria.
553 2158 628 2184 Celsa
642 2165 700 2183 arce
714 2156 786 2183 sedet
805 2158 903 2184 Aeolus
921 2157 959 2184 Id.
978 2158 1042 2184 Aen.
1061 2166 1082 2191 1,
1097 2160 1135 2191 56.
1172 2158 1256 2189 Edita,
1270 2159 1335 2185 Alta
1391 2155 1430 2181 die
1457 2162 1574 2182 vocamus
1589 2160 1673 2181 vnutn
1695 2164 1744 2189 per
1762 2162 1876 2182 centum.
1934 2158 2051 2192 Exempla
2075 2157 2162 2184 damus
2183 2156 2257 2193 infra
2286 2158 2315 2182 in
2346 2150 2421 2184 Vsu*

282 2197 340 2223 Sen.
354 2194 449 2222 Ostau.
462 2199 518 2226 380.
574 2192 662 2219 Festae
683 2192 794 2219 Palladis
809 2201 879 2219 arces
899 2193 980 2220 Ouid.
999 2194 1064 2220 Met.
1079 2203 1104 2226 2,
1120 2202 1172 2229 713.
1200 2196 1335 2230 Acropolis
1389 2189 1411 2227 Ἷ
1432 2199 1445 2217 2
1466 2191 1500 2217 As
1513 2193 1582 2217 numi
1592 2189 1757 2226 antiquissimi
1770 2192 1877 2217 Romani
1890 2200 1984 2221 nomen,
2000 2195 2071 2217 cuius
2080 2195 2189 2227 primum
2200 2195 2322 2220 rationem
2337 2201 2366 2218 ex
2380 2190 2389 2218 {J

282 2231 438 2260 Athenarum
464 2227 511 2262 elio
528 2227 567 2254 die
585 2235 713 2254 exornata.
767 2228 858 2262 Igneas
871 2237 941 2255 arces
966 2230 1061 2256 Caelum
1074 2237 1147 2256 vocat
1164 2231 1231 2257 Hor.
1247 2230 1335 2256 Carm.
1390 2235 1428 2259 33,
1444 2235 1456 2258 3
1471 2227 1488 2253 s.
1505 2234 1530 2257 13
1550 2232 1690 2260 excerptam
1702 2225 1822 2252 dabimus.
1859 2225 1973 2260 Populus
1987 2226 2106 2253 Rom.ne
2117 2233 2227 2261 argento
2235 2226 2346 2262 quidem
2359 2227 2388 2258 si
2416 2227 2417 2230 ’

283 2276 305 2299 3,
326 2274 348 2299 3,
361 2274 398 2292 10.
434 2263 605 2291 Inuifflffima
619 2263 749 2297 Capitolii
761 2264 852 2290 Tacit.
868 2264 935 2290 Hist.
949 2273 972 2297 3,
985 2270 1028 2299 78,
1047 2274 1074 2298 4,
1095 2265 1142 2292 Sed
1149 2266 1219 2292 hodie
1232 2267 1335 2301 legitur,
1388 2268 1417 2287 to
1431 2268 1492 2288 ante
1508 2260 1638 2293 Pyrrhum
1651 2269 1743 2295 regem
1757 2260 1894 2287 deuie'tum
1908 2262 1968 2287 vsus
1982 2261 2027 2288 est.
2063 2261 2185 2289 Librales
2204 2277 2249 2282 —
2260 2263 2389 2297 appende

281 2300 462 2330 Munitiffima.
499 2300 612 2326 Lacerae
631 2298 714 2325 Ouid.
731 2299 795 2325 Met.
811 2308 843 2331 11,
856 2307 905 2332 509
929 2309 991 2335 quas
1004 2300 1071 2326 aries
1090 2299 1228 2326 ballistaue
1241 2309 1335 2327 concu-
1344 2303 1379 2328 60
1389 2303 1432 2323 tur
1445 2297 1514 2323 ass‘ess-
1568 2297 1658 2329 Qlare
1671 2297 1739 2322 aeris
1753 2297 1840 2330 grauis
1855 2305 1939 2330 poena
1956 2296 2036 2323 diditi.
2078 2311 2124 2317 ——
2148 2298 2254 2325 Seruius
2275 2307 2322 2326 rex
2339 2299 2390 2334 pr''¹

282 2339 324 2366 tit.
362 2335 543 2364 Munitislima.
563 2334 615 2362 vid.
629 2334 698 2361 modo
713 2334 893 2361 Inuiffislima.
927 2336 1021 2362 Potens
1034 2335 1130 2370 opibus
1150 2336 1208 2362 Sen.
1227 2336 1333 2363 Troad.
1389 2333 1503 2367 signauit
1516 2340 1567 2358 aeS.
1617 2346 1663 2351 -—-
1682 2332 1818 2366 Signatum
1830 2332 1866 2358 est
1878 2338 1941 2359 nota
1954 2332 2092 2366 pecudum,
2110 2333 2180 2360 vnde
2192 2340 2218 2360 et
2231 2334 2342 2368 pecunia
2354 2344 2387 2362 av

283 2379 346 2408 478,
377 2374 410 2399 al.
431 2371 541 2399 rollens.
583 2370 757 2405 Praecipites,
780 2372 840 2397 Alte
855 2377 878 2397 et
892 2373 918 2396 in
928 2374 1080 2406 praecipitia
1096 2372 1164 2398 velut
1171 2371 1266 2407 positae
1283 2372 1335 2398 Lu·
1388 2368 1449 2396 lata.
1485 2368 1618 2394 Maximus
1631 2368 1720 2394 census
1734 2374 1782 2394 CX·
1796 2374 1830 2395 M·
1845 2367 1933 2395 affium
1946 2368 2000 2394 fuit
2012 2367 2060 2394 illo
2072 2377 2142 2402 rege.
2198 2370 2344 2404 Argentum
2367 2380 2385 2398 1

283 2419 339 2436 ean.
355 2417 375 2440 3,
389 2414 430 2441 84.
466 2408 608 2441 Praerupta
620 2407 676 2433 Sen.
692 2407 783 2441 Agam.
798 2408 854 2439 562.
891 2406 1043 2434 Praelustris
1064 2407 1144 2434 Ouid.
1160 2407 1247 2434 Trist.
1268 2415 1291 2439 3,
1304 2417 1333 2441 4,
1387 2410 1446 2431 tum
1458 2403 1494 2430 est
1507 2412 1577 2430 anno
1590 2402 1671 2430 Vrbis
1691 2410 1765 2430 CCCC
1788 2410 1896 2430 Lxxxv
1915 2404 1952 2437 Q
1966 2403 2050 2430 Fabio
2069 2404 2142 2431 COS.
2158 2405 2368 2440 Qiinqueannis
2383 2412 2387 2436 ζ

284 2448 310 2472 6.
346 2445 436 2471 Sacrae
457 2444 528 2470 Hor.
540 2444 628 2469 Carm.
641 2451 661 2475 1,
675 2451 700 2474 z,
716 2451 728 2474 3
751 2442 909 2477 Capitolium.
952 2442 1058 2469 Summa
1073 2444 1147 2479 Virg.
1161 2444 1226 2471 Aen.
1239 2451 1265 2476 2,
1278 2445 1334 2469 166.
1390 2440 1509 2476 primum
1521 2439 1622 2466 bellum
1635 2439 1773 2465 Punicum.
1809 2439 1839 2465 Et
1853 2439 1952 2474 placuit
1965 2438 2104 2466 denarium
2115 2449 2164 2475 pro
2179 2441 2358 2469 decem'libris
2376 2461 2378 2465 ¹
2391 2461 2397 2464 -

282 2479 414 2515 Superbae
442 2480 510 2506 Hor.
526 2478 609 2513 Epod.
623 2487 646 2510 3,
662 2480 686 2504 6.
742 2478 820 2505 Tuta
839 2478 915 2512 Virg.
928 2479 992 2504 Aen.
1009 2487 1046 2511 10,
1060 2484 1116 2512 8ος.
1273 2476 1294 2516 5
1315 2487 1333 2514 7
1344 2487 1375 2519 53
1390 2476 1435 2507 (hi
1448 2479 1520 2502 etiam
1535 2475 1597 2502 deni
1609 2475 1676 2502 aeris
1694 2478 1743 2515 int.
1756 2475 1817 2501 asses
1836 2477 1977 2507 vocamur)
2002 2476 2156 2510 quinarium
2177 2484 2232 2511 pro
2243 2477 2382 2512 quinque,
2408 2496 2409 2499 ¹
2419 2476 2426 2524 l

286 2517 410 2543 Formulae
423 2525 477 2541 cum
489 2515 582 2542 verbis.
638 2513 769 2541 Attollere
782 2523 869 2540 arcem
882 2513 958 2540 metis
978 2515 1054 2550 Virg.
1064 2517 1129 2541 Aen.
1145 2524 1170 2548 3,
1184 2523 1229 2548 134
1248 2517 1268 2542 i.
1283 2517 1335 2549 Da·
1389 2512 1510 2539 stertium
1525 2520 1574 2547 pro
1589 2510 1727 2545 dupondio
1741 2518 1770 2537 ae
1784 2511 1891 2537 semisse.
1929 2510 2037 2538 Librale
2051 2517 2139 2538 autem
2151 2511 2253 2547 pondus
2266 2513 2334 2540 aeris
2346 2513 2385 2540 im
2404 2518 2407 2536 :

282 2562 334 2578 mos
349 2551 478 2587 aedificare
498 2551 571 2577 Seru.
628 2550 776 2577 Concutere
796 2558 867 2577 arces
887 2549 968 2576 Ouid.
984 2550 1048 2577 Met.
1069 2560 1101 2584 11,
1115 2559 1173 2584 509.
1192 2550 1245 2578 vid.
1265 2550 1335 2577 modo
1388 2554 1484 2574 nutum
1497 2547 1570 2574 bello
1583 2547 1682 2573 Punico
1697 2546 1801 2582 primo,
1821 2556 1880 2573 cum
1901 2546 2012 2582 inpensis
2025 2555 2090 2582 resp.
2105 2555 2160 2574 non
2176 2545 2321 2581 sufficeret,
2340 2548 2425 2576 const

285 2588 408 2614 Lacerae.
447 2586 569 2612 Condere
587 2586 662 2620 Virg.
678 2586 731 2612 Ecl.
746 2594 772 2618 2,
786 2587 825 2612 61.
864 2586 1024 2613 Construere
1038 2587 1084 2613 Sil.
1106 2592 1129 2619 8,
1149 2607 1155 2613 .
1177 2606 1183 2612 .
1226 2587 1335 2621 Erigere
1389 2590 1540 2619 tutumque,
1555 2589 1584 2610 vt
1597 2583 1656 2609 asses
1670 2582 1828 2617 sextantario
1842 2582 1958 2617 pondere
1965 2583 2117 2610 feriremur.
2169 2583 2209 2610 Ita
2220 2583 2340 2618 quinque
2349 2593 2377 2619 p
2391 2598 2425 2630 ef..

284 2624 346 2650 Stat.
362 2622 426 2648 Silu.
440 2630 464 2654 3,
478 2630 496 2651 1,
510 2630 552 2647 20.
597 2622 722 2648 Euertere
742 2621 789 2648 Sil.
804 2629 843 2656 17,
866 2641 872 2647 .
897 2641 903 2648 .
959 2623 1061 2656 Fugere
1081 2622 1109 2649 in
1123 2631 1210 2649 arcem
1232 2623 1288 2649 Cic.
1302 2622 1335 2649 de
1389 2619 1476 2647 sanstae
1491 2619 1570 2651 lucri,
1590 2617 1795 2653 dissolutumque
1807 2627 1849 2645 aes
1869 2619 1995 2645 alienum.
2032 2618 2106 2646 Nota
2120 2619 2188 2645 aeris
2200 2619 2254 2645 fuit
2266 2627 2298 2645 ex
2314 2627 2367 2646 vna

284 2657 385 2686 Seneet.
402 2665 431 2683 11.
489 2656 610 2684 Fundare
629 2657 703 2691 Virg.
719 2657 783 2683 Aen.
804 2666 832 2690 4,
846 2658 906 2684 260.
960 2657 1100 2693 Impositae
1113 2656 1250 2685 montibus
1265 2667 1336 2686 arces
1342 2670 1378 2697 70
1389 2661 1416 2682 te
1430 2657 1506 2682 Ianus
1519 2654 1649 2691 geminus,
1670 2662 1702 2680 ex
1714 2653 1796 2681 altera
1811 2654 1926 2681 rostrum
1940 2654 2028 2682 nauis:
2048 2654 2077 2681 in
2089 2654 2186 2681 triente
2195 2662 2263 2689 Δ11010
2275 2661 2302 2681 et
2309 2663 2395 2691 qum,

284 2695 351 2722 Hor.
365 2692 444 2728 Epist.
459 2700 480 2724 z,
498 2701 518 2724 1,
532 2700 588 2719 2'2.
629 2691 800 2718 lnuadere'in
813 2701 900 2719 arcem
912 2694 1002 2720 causae
1020 2694 1076 2721 Cic.
1093 2695 1165 2721 Fam.
1181 2702 1200 2726 1,
1208 2703 1234 2728 9.
1276 2695 1335 2721 Mo.
1390 2697 1416 2718 te
1429 2697 1505 2718 rates.
1563 2689 1700 2724 Qadrans
1712 2696 1786 2716 antea
1800 2691 1935 2717 teruncius
1948 2696 2058 2717 vocatus
2071 2699 2086 2717 a
2098 2689 2184 2717 tribus
2197 2689 2292 2718 vneiis.
2390 2696 2392 2698 '

284 2730 332 2758 liri
345 2738 442 2761 arcem,
460 2731 477 2755 i.
495 2709 581 2755 Fossis
588 2727 691 2754 molibus
699 2727 812 2753 extollere
832 2729 907 2762 Virg.
925 2730 990 2755 Aen.
1005 2738 1025 2762 1,
1039 2735 1096 2764 428.
1117 2730 1191 2757 Seru.
1227 2730 1337 2757 Munire
1389 2726 1543 2754 Hannibale
1557 2732 1675 2761 vrgente‚
1697 2727 1735 2759 Q
1746 2725 1830 2753 Fabio
1844 2727 1966 2753 Maximo
1979 2726 2133 2758 Die’tatore‚
2154 2726 2215 2752 asses
2233 2725 2373 2759 vnciales¹15
2405 2754 2407 2756 ,

284 2765 340 2793 Cic.
357 2765 385 2791 in
398 2765 428 2791 L.
443 2764 529 2790 Pison.
541 2769 584 2798 84.
605 2769 627 2789 et
641 2771 689 2797 pro
708 2762 771 2795 Syll.
798 2770 842 2798 79.
903 2765 936 2790 lt.
964 2766 992 2791 in
1018 2765 1107 2793 Parad.
1124 2774 1134 2792 1
1154 2767 1215 2792 Hoc
1228 2774 1293 2800 opus
1307 2766 1336 2792 in
1390 2763 1542 2798 placuitque
1555 2762 1693 2789 denarium
1711 2761 1824 2789 sedecim
1844 2762 1936 2789 affibus
1963 2762 2125 2797 permutari,
2149 2761 2302 2796 qninffi'ium
2329 2774 2335 2784 ·
2348 2766 2370 2797 ζ,
2400 2767 2414 2792 .’
2464 2788 2466 2801 ,

283 2806 404 2837 apertum
417 2805 446 2826 vt
457 2800 587 2834 proferas,
607 2798 676 2825 nihil
691 2798 806 2832 postulo:
827 2807 881 2825 non
896 2800 968 2826 enim
980 2799 1016 2827 est
1030 2801 1092 2834 tale,
1111 2807 1140 2828 vt
1154 2801 1183 2828 in
1196 2810 1256 2828 arce
1269 2802 1334 2836 poni
1391 2799 1538 2826 sestertium
1555 2797 1695 2833 quaternis.
1732 2798 1771 2824 Ita
1787 2806 1856 2832 resp.
1870 2797 2014 2824 dimidium
2027 2797 2129 2824 lucrata
2141 2797 2186 2824 est.
2222 2798 2254 2824 In
2273 2797 2370 2825 mium
2405 2789 2415 2828 l

285 2836 369 2873 possit,
381 2835 452 2871 quasi
468 2835 647 2862 illaMinerua
661 2833 785 2860 Phidiae:
806 2834 849 2861 sed
864 2841 965 2862 tantum
979 2842 1008 2862 vt
1022 2845 1053 2862 ex
1066 2836 1159 2863 eadem
1173 2835 1279 2864 officina
1293 2846 1336 2864 ex-
1348 2846 1380 2874 75
1390 2844 1452 2862 men
1464 2834 1594 2870 stipendio
1610 2833 1712 2868 semper
1724 2833 1847 2860 denarius
1860 2842 1910 2868 pro
1925 2832 2016 2860 decem
2035 2831 2127 2860 ambus
2148 2832 2231 2860 datus.
2281 2833 2373 2870 Conf..

284 2874 340 2900 iisse
353 2877 482 2907 appareat.
539 2870 664 2897 Retinere
683 2869 721 2896 Id.
734 2869 766 2895 de
785 2870 859 2896 Orat.
874 2879 899 2903 2,
913 2878 960 2905 273
975 2880 996 2897 c.
1011 2873 1054 2906 67.
1109 2872 1241 2899 Subruere
1253 2873 1335 2901 Ouid.
1383 2871 1464 2908 supra
1476 2871 1504 2897 de
1517 2871 1585 2897 Aere
1601 2870 1676 2905 graui
1693 2868 1810 2895 diximus.
1865 2870 1900 2896 As
1913 2872 1994 2906 igitur
2030 2871 2116 2895 ecunia
2127 2871 2239 2901 minuta,
2252 2878 2300 2906 qua
2313 2872 2345 2896 in‘
2363 2872 2372 2896 ἐ

285 2908 371 2938 Trist.
393 2917 422 2941 3,
445 2916 482 2940 11,
501 2914 541 2940 23.
596 2905 689 2933 Tacit.
714 2904 782 2932 Hist.
801 2913 830 2938 3,
855 2913 890 2941 77
918 2908 1034 2934 Vacuam
1056 2915 1144 2935 arcem
1166 2908 1263 2936 furtim
1284 2914 1335 2936 tra-
1388 2906 1523 2932 utebantur
1535 2908 1609 2933 etiam
1623 2906 1663 2932 vel
1673 2904 1824 2931 collationem
1838 2907 1981 2931 minutatim
1987 2875 2145 2940 ffelendam.
2180 2904 2248 2932 Plin.
2262 2913 2299 2937 21,
2312 2913 2325 2938 3
2338 2904 2360 2932 ss

284 2945 312 2973 di
327 2945 459 2971 futurum.
1388 2942 1502 2977 Scipione
1515 2943 1654 2977 Serapione,
1675 2940 1733 2967 Nec
1753 2940 1778 2966 ei
1792 2940 1846 2967 fuit
1866 2941 1895 2966 in
1915 2939 1992 2968 bonis
2010 2939 2111 2966 funeris
2126 2939 2250 2975 impensa.
2286 2941 2369 2969 Asl'es
2468 2943 2474 2960 l

321 2987 345 3008 A
356 2987 374 3006 R
383 2986 399 3007 C
409 2987 418 3006 1
429 2986 445 3007 c
454 2985 501 3006 vr.
511 2983 533 3005 Α
542 2997 550 3011 ,
571 2985 609 3004 ae.
644 2977 770 3004 Diminut.
797 2975 903 3002 Cathol.
1389 2978 1502 3004 eontulit
1517 2977 1639 3013 populus,
1659 2985 1687 3003 ae
1701 2976 1781 3002 funus
1792 2976 1914 3002 elocauit.
1950 2976 2142 3010 Sueton.'Aug.
2154 2984 2183 3009 91
2206 2976 2243 3003 Ex
2251 2976 2314 3003 11061
2365 2971 2371 2981 ‘

320 3022 422 3045 ARCV
432 3020 521 3043 ΒΙΑΕ
530 3032 540 3047 ,
557 3021 641 3041 arum.
678 3013 730 3048 Qu*
741 3011 855 3038 excubias
864 3011 970 3049 agebant
986 3016 1013 3039 in
1031 3022 1096 3040 arce.
1113 3013 1180 3041 Fest.
1346 3019 1378 3045 80
1390 3014 1418 3040 su
1431 3014 1511 3040 etiam
1525 3013 1616 3048 stipem
1631 3012 1772 3048 quotannis
1785 3011 1828 3038 die
1841 3017 1914 3039 certo
1926 3010 2108 3038 emendicabat
2124 3020 2138 3037 a
2151 3011 2262 3046 populo,
2281 3021 2342 3040 caua
2351 3026 2372 3039 w.
2471 3016 2474 3028 ¹

1389 3057 1454 3076 num
1467 3050 1526 3076 asses
1540 3047 1736 3084 porrigentibus
1749 3046 1884 3082 praebens.
1920 3047 1994 3083 de
2015 3046 2145 3081 Qtine'til.
2167 3049 2193 3080 6,
2214 3055 2235 3079 3,
2249 3054 2280 3080 59
2306 3057 2333 3074 n
2368 3046 2373 3061 Γ

694 3085 722 3117 A
794 3085 823 3117 R
898 3084 924 3116 Y
1389 3084 1510 3121 Augusto,
1528 3085 1614 3112 Militi
1627 3083 1748 3111 libellum
1762 3082 1857 3110 timide
1869 3083 2028 3118 porrigenti,
2042 3083 2119 3116 Noli,
2135 3083 2235 3118 inquit,
2243 3081 2328 3110 dubit
2350 3081 2352 3083 ’

1391 3129 1470 3156 quam
1484 3121 1561 3148 assem
1574 3119 1713 3156 elephanto
1732 3119 1789 3146 des:
1820 3118 1849 3144 id
1860 3119 1966 3146 Sueton.
1986 3128 2008 3146 e.
2029 3127 2055 3152 53
2075 3119 2173 3154 Stipem
2193 3119 2337 3155 porrigere.

324 3165 346 3186 Α
354 3165 373 3186 R
382 3167 401 3186 γ
409 3165 430 3186 τ
438 3166 454 3185 13
462 3165 484 3185 N
494 3165 516 3185 A
524 3164 549 3184 M
557 3177 566 3189 ,
577 3154 632 3191 fine
652 3163 673 3184 Α
681 3162 700 3182 R
708 3161 730 3182 'r
738 3162 755 3182 r.
764 3162 787 3182 N
795 3161 818 3181 A
828 3161 865 3187 M,
901 3155 953 3182 Vas
965 3153 998 3182 ab
1013 3153 1163 3183 hauriendo
1176 3155 1209 3183 sic
1223 3157 1336 3193 appella.
1391 3156 1510 3183 Macrob.
1525 3157 1576 3183 Sat.
1595 3165 1622 3189 2,
1636 3165 1655 3190 4
1674 3156 1750 3182 Putas
1763 3160 1788 3181 te
1802 3154 1878 3181 assem¹
1890 3154 2030 3190 elephanto
2046 3154 2127 3182 daret
2162 3154 2218 3182 Cic.
2232 3154 2285 3185 Offi
2299 3163 2327 3189 2,
2335 3162 2338 3166 ’
2347 3146 2368 3188 ἶ

287 3193 360 3222 bant.
397 3194 492 3221 Festus.
528 3191 571 3228 Est
590 3191 706 3229 &farma
724 3189 859 3225 haustrum.
1348 3196 1378 3226 85
1391 3192 1481 3219 Mario
1499 3192 1607 3227 quidem
1619 3191 1680 3219 Seio
1692 3191 1763 3218 vitio
1776 3189 1867 3216 datum
1880 3190 1926 3223 est,
1941 3190 2013 3226 quod
2021 3191 2050 3217 in
2063 3191 2172 3218 caritate
2186 3198 2306 3218 annonae
2323 3210 2327 3214 ¹
2340 3196 2344 3215 ί
2356 3208 2360 3211 -

1391 3227 1467 3254 dium
1486 3228 1585 3263 populo
1604 3227 1686 3255 dedit.
1737 3225 1802 3253 Plin.
1818 3226 1862 3261 Ep.
1880 3235 1900 3259 1,
1919 3234 1945 3260 ις
1979 3226 2020 3254 Ad
2041 3227 2118 3254 assem
2143 3225 2308 3261 impendium
2352 3244 2360 3249 -
2470 3224 2474 3245 ¹

709 3265 738 3297 A
856 3264 877 3295 S
1391 3264 1488 3291 Catull.
1504 3272 1525 3297 ς,
1539 3273 1555 3291 2
1574 3264 1756 3298 Rumoresque
1771 3262 1862 3288 senum
1882 3262 2047 3290 seueriorum
2061 3270 2151 3289 omnes
2171 3262 2251 3289 vnius
2270 3261 2333 3289 aesti
2350 3276 2363 3289 ι.

1392 3298 1454 3326 aslis.
1489 3300 1551 3326 Stat.
1566 3299 1630 3326 Silu.
1644 3308 1670 3333 4,
1683 3307 1711 3332 9,
1724 3306 1755 3324 22
1774 3298 1803 3324 de
1816 3299 1865 3325 vili
1876 3307 1972 3327 munere
1984 3299 2089 3325 Emtum
2103 3297 2160 3334 plus
2167 3297 2255 3324 mimis
2267 3299 2316 3325 asse
2350 3301 2354 3303 ”

326 3337 356 3363 In
375 3334 452 3361 Notis
471 3343 485 3360 a
504 3334 536 3361 ud
558 3334 675 3371 Vrsatum
695 3334 725 3361 A.
739 3333 762 3361 S.
783 3332 863 3361 Aetio
882 3332 941 3360 Sua.
977 3333 1052 3361 Aelia
1071 3333 1159 3362 Sentia
1183 3336 1234 3368 (sc.
1248 3336 1290 3363 lex
1303 3335 1336 3363 de
1394 3335 1523 3361 Turnebus
1536 3335 1660 3370 referebat
1671 3334 1705 3361 ad
1716 3332 1787 3367 affin:
1801 3334 1869 3360 illum
1887 3335 2038 3369 mzpnalem,
2067 3343 2115 3370 qua
2132 3333 2207 3360 Caius
2227 3333 2311 3360 Caiam
2327 3343 2347 3361 e¹

288 3341 544 3402 manumiffionifius)
562 3371 614 3396 Ara
629 3372 712 3397 Sacra.
746 3369 863 3397 Andium
879 3369 981 3396 Senatu.
1017 3371 1039 3396 A
1059 3370 1126 3397 Suis.
1170 3371 1200 3397 A.
1215 3372 1238 3398 S.
1254 3373 1284 3398 L.
1311 3373 1333 3399 A
1342 3378 1379 3404 90
1389 3372 1475 3397 melius
1489 3372 1611 3398 Barthius
1623 3369 1657 3397 ad
1668 3372 1803 3397 auaritiam
1816 3370 1872 3396 Caii
1886 3370 2020 3407 Caligulae,
2040 3368 2210 3405 quidoceatur
2223 3369 2265 3396 hic
2277 3373 2326 3396 etia
2348 3378 2357 3402 ὁ,

289 3407 376 3442 Signis
390 3405 524 3440 Legionis
561 3406 658 3432 Animo
670 3407 722 3433 Suo
736 3405 850 3433 Lubens.
905 3406 936 3432 A.
950 3405 973 3432 S.
987 3404 1016 3431 L.
1032 3406 1060 3432 F.
1085 3405 1126 3432 Ad
1145 3406 1221 3433 Suam
1236 3408 1334 3442 Legem
1388 3405 1432 3432 hus
1445 3405 1548 3441 demfiffi·
1556 3406 1663 3443 pondus.
1699 3404 1782 3439 Qiod
1794 3414 1849 3432 non
1862 3414 1929 3440 opus
1942 3405 1987 3438 est,
2007 3406 2056 3433 asse
2067 3413 2157 3432 carum
2170 3404 2206 3432 est
2218 3405 2285 3432 Cato
2297 3411 2355 3441 ap.>v

291 3443 370 3470 Fecit.
407 3441 501 3468 Amico
513 3441 565 3467 Suo
585 3441 689 3468 Lubens
704 3441 785 3468 Fecit.
821 3442 852 3468 Α.
865 3440 890 3467 S.
904 3441 928 3468 S.
951 3441 1030 3467 Aram
1044 3441 1096 3468 Suo
1110 3442 1210 3469 Sumtu.
1248 3445 1270 3470 Α
1290 3444 1332 3470 Sa·
1388 3441 1434 3476 Ep.
1448 3450 1492 3476 94.
1530 3443 1562 3469 In
1573 3441 1662 3470 triuiis
1676 3440 1759 3467 fixum
1773 3450 1856 3476 quum
1869 3442 1894 3468 se
1909 3441 2028 3468 dimittat
2039 3439 2074 3467 ob
2081 3441 2157 3467 assem
2170 3441 2240 3467 Hor.
2251 3440 2296 3475 Ep.
2312 3441 2355 3474 ις’.

290 3479 341 3505 cris
354 3477 471 3504 Scriniis.
507 3477 538 3502 A.
554 3476 578 3502 S.
591 3477 630 3503 T.
651 3478 672 3503 A
689 3477 831 3512 Superiore
845 3476 1007 3512 (Supremo)
1027 3476 1126 3504 Teeco.
1387 3477 1481 3505 Licere
1494 3478 1582 3513 pretio
1593 3477 1671 3505 vuius
1683 3476 1737 3504 aslis
1756 3478 1824 3504 Hor.
1838 3477 1919 3504 Serm.
1936 3486 1955 3510 1,
1970 3478 1996 3509 6,
2010 3484 2043 3509 13.
2095 3476 2180 3503 Assem
2192 3482 2271 3511 negat
2289 3477 2346 3503 sese*

327 3521 372 3540 As
398 3514 437 3539 vel
458 3518 580 3542 ASSlS,
604 3511 666 3538 assis.
693 3522 729 3540 m.
760 3513 864 3540 Videtur
876 3514 963 3549 prima
980 3515 1077 3539 notione
1097 3521 1171 3539 vnum
1177 3511 1333 3549 significare.
1386 3521 1446 3540 rum
1465 3514 1521 3541 Cic.
1535 3523 1584 3548 pro
1596 3513 1690 3547 Qiint.
1705 3522 1740 3546 ¹9·
1787 3513 1828 3540 Ad
1848 3514 1924 3540 assem
1943 3511 2034 3539 omnia
2052 3511 2162 3546 perdere
2182 3512 2249 3540 Hor.
2271 3511 2354 3547 Epi-v

290 3548 418 3576 Varronis
432 3547 463 3575 de
477 3547 506 3574 L.
520 3546 549 3573 L.
563 3555 591 3579 4,
606 3549 635 3578 36
655 3557 678 3582 p.
692 3557 728 3580 40
742 3549 778 3583 sq.
797 3548 855 3575 bene
867 3549 955 3585 longus
967 3549 1033 3574 locus
1046 3545 1079 3580 est
1092 3548 1120 3574 de
1132 3548 1188 3574 Asse
1199 3556 1271 3585 atque
1285 3552 1337 3576 eius
1352 3555 1431 3583 9327.
1469 3550 1510 3576 Sic
1522 3550 1589 3576 Plin.
1604 3548 1682 3584 Epist.
1698 3557 1718 3582 1,
1734 3556 1758 3582 ις
1777 3548 1818 3575 Ad
1832 3549 1908 3575 assem
1921 3546 2086 3584 impendium
2105 3546 2207 3574 reddes.
2263 3548 2319 3575 Asse

291 3583 416 3618 diuisione.
453 3585 507 3610 Nos
520 3583 562 3610 hic
572 3589 702 3617 ponemus,
722 3593 780 3618 quae
791 3585 839 3611 reli
856 3586 895 3611 uis
907 3585 1027 3617 clariora,
1046 3590 1070 3610 et
1082 3583 1236 3619 explicandis
1254 3584 1336 3621 obscu-
1388 3590 1415 3610 et
1432 3593 1537 3612 auream
1552 3585 1640 3620 accipe
1653 3583 1772 3611 fabulam
1786 3585 1824 3611 Id.
1836 3583 1916 3619 Epist.
1935 3591 1961 3616 2,
1976 3591 2020 3615 20,
2033 3590 2052 3609 1.
2108 3583 2177 3609 Hor.
2186 3583 2267 3610 Serm-
2276 3591 2295 3615 1,
2309 3590 2342 3619 1,’Δ
2355 3611 2356 3614 ,

291 3620 398 3645 rioribus
411 3622 510 3655 aptiora
523 3617 650 3644 videntur.
705 3620 788 3654 Igitur
812 3620 847 3647 Ba
860 3619 908 3647 bus
921 3619 953 3646 de
967 3619 1015 3646 asse
1028 3625 1073 3655 pr.
1090 3618 1233 3654 Qudquid
1253 3629 1335 3647 vnum
1389 3621 1554 3648 comminuas
1566 3621 1706 3657 immensum
1714 3620 1812 3656 pondus
1823 3622 1881 3647 auri
1895 3625 1967 3654 atque
1979 3620 2090 3654 argenti,
2108 3617 2190 3645 vilem
2203 3618 2306 3653 rediget
2322 3623 2341 3655 ’ᾖ
2353 3637 2355 3639 ·

293 3654 328 3680 est
338 3674 345 3686 ,
374 3661 398 3681 et
410 3653 482 3690 quod
501 3662 533 3680 ex
547 3653 712 3688 integrorum
725 3654 855 3682 diuisione
869 3661 1001 3685 remanet,
1031 3655 1116 3682 Assem
1132 3655 1335 3683 ratiocinatores
1389 3655 1450 3682 sem.
1496 3656 1593 3683 Catull.
1613 3665 1638 3689 31
1657 3659 1684 3682 iu
1703 3655 1828 3683 civtaedum
1843 3653 2022 3689 turpitudinem
2040 3652 2147 3690 hirfiitie
2158 3655 2221 3681 male
2234 3653 2358 3688 diffinita!

294 3696 397 3716 vocant.
432 3691 574 3725 Quotquot
587 3697 652 3723 ergo
665 3688 697 3714 de
718 3689 818 3724 integra
831 3691 962 3718 diuisione
975 3690 1113 3726 singulares
1127 3699 1167 3717 res
1187 3691 1335 3718 vnitatesue
1389 3691 1471 3717 Nates
1486 3692 1581 3727 pilosas
1593 3701 1647 3718 non
1661 3697 1735 3727 potes
1748 3691 1797 3718 asse
1808 3689 1955 3716 venditare.
2137 3686 2159 3727 ff
2180 3697 2193 3722 3
2219 3689 2282 3716 Affis
2297 3686 2339 3751 {ff

294 3724 476 3758 remanebunt,
495 3724 608 3752 totidem
621 3724 684 3751 affcs
697 3731 782 3750 erunt.
816 3726 842 3752 Si
859 3727 944 3754 vnitas
957 3735 1008 3753 vna
1020 3725 1182 3759 remanebit,
1201 3735 1268 3753 vnus
1283 3727 1384 3754 crit100
1390 3727 1588 3761 Nominatiuum,
1606 3727 1690 3754 docuit
1703 3736 1747 3754 nos
1751 3725 1843 3760 statim
1849 3724 1879 3751 ab
1893 3726 1967 3750 initio
1982 3722 2081 3750 Balbus.
2118 3726 2177 3751 Non
2190 3727 2270 3762 igitur
2283 3734 2297 3752 ο
2316 3726 2338 3754 lj-

295 3759 362 3793 offis,
374 3770 446 3790 asue,-
465 3761 482 3786 si
497 3761 573 3793 duae,
587 3759 656 3790 duo;
681 3759 698 3786 si
718 3759 814 3794 plureS,
830 3761 917 3795 plures
936 3768 1013 3789 erunt
1026 3763 1094 3789 asses.
1130 3776 1175 3781 ——
1193 3761 1262 3797 Affis
1275 3763 1333 3796 qui·
1386 3761 1426 3788 bis
1437 3762 1504 3789 dehet
1517 3762 1764 3803 Charisii-sententia,
1784 3769 1856 3796 quam
1860 3757 1952 3792 statim
1963 3758 2048 3785 damus
2062 3762 2090 3786 in
2101 3767 2264 3788 Assmuvs.
2309 3790 2311 3792 ,
2332 3771 2342 3785 κ’

296 3793 356 3821 dem
375 3798 441 3821 Asue
454 3796 482 3822 in
494 3796 556 3823 duas
571 3802 655 3830 partes
668 3794 750 3822 scelus
763 3795 804 3821 sex
820 3797 976 3832 principales
991 3803 1097 3833 generat
1109 3795 1261 3829 diuifiones,
1274 3798 1333 3832 qui·
1424 3804 1446 3824 A
1455 3805 1467 3824 s
1477 3805 1490 3825 s
1499 3805 1547 3826 AR
1558 3807 1567 3825 1
1576 3806 1634 3830 vs,
1652 3807 1673 3825 1.
1694 3796 1760 3825 Idem
1789 3797 1817 3822 ui
1838 3801 1875 3822 As
1889 3796 1931 3821 vel
1943 3801 2036 3821 ASSIS·
2056 3795 2134 3822 Vm·
2146 3796 2179 3823 de
2191 3795 2298 3831 L.L.7,*
2317 3803 2337 3830 g}

296 3829 411 3857 buslibet
423 3829 493 3857 binis
507 3831 624 3865 partibus
636 3831 749 3858 toti-suo
763 3832 881 3866 aequatis
907 3847 951 3853 —
962 3834 1015 3860 Aut
1027 3833 1100 3861 enim
1113 3832 1167 3860 assis
1179 3832 1260 3860 altera
1275 3841 1333 3868 pars
1386 3831 1470 3866 igitur
1477 3833 1567 3861 dieivt
1577 3833 1746 3861 Vatiniorum
1783 3829 1926 3870 anliorufn,
1935 3829 1968 3858 sic
1974 3829 2160 3870 denariorum:
2179 3837 2206 3858 et
2216 3838 2302 3864 none
2333 3844 2344 3851 >-

296 3875 332 3903 est
343 3875 428 3902 deunx
445 3869 521 3910 (ἑὲ)
538 3877 702 3905 alteravncia
710 3867 786 3912 (iz)
806 3884 852 3905 aut
876 3875 958 3904 altera
985 3878 1092 3907 dextans
1121 3873 1239 3915 (ἦξε-ἓ,
1271 3888 1332 3915 quae
1386 3865 1486 3895 blieum
1497 3869 1574 3896 mille
1586 3868 1707 3896 assarium
1719 3867 1778 3898 esse,
1796 3865 1840 3892 sed
1858 3863 1933 3892 mille
1952 3865 2115 3893 assariorum.
2157 3867 2200 3894 Ab
2211 3873 2265 3893 vno
2277 3874 2292 3893 e

294 3923 485 3953 mam-decunx
507 3915 633 3955 vocatur)
653 3923 735 3952 alten
756 3923 855 3951 sextam
880 3913 1006 3961 (}5=÷)
1030 3932 1076 3954 aut
1105 3925 1188 3956 alten
1209 3925 1213 3929 .
1218 3925 1234 3952 d
1236 3924 1331 3955 odram
1340 3902 1527 3937 105rio,multi
1535 3899 1639 3936 Affarii,
1647 3901 1680 3930 ab
1693 3910 1727 3929 00
1740 3900 1911 3929 assariorum.
1948 3900 2141 3951 Charis-tp58
2154 3899 2357 3970 1311311111ιὲιέ
2370 3910 2403 3967 N*
2425 3906 2430 3919 τ
2469 3904 2474 3920 J
