<?xml version="1.0" encoding="UTF-8"?>
<!DOCTYPE html PUBLIC "-//W3C//DTD XHTML 1.0 Transitional//EN"
    "http://www.w3.org/TR/xhtml1/DTD/xhtml1-transitional.dtd">
<html xmlns="http://www.w3.org/1999/xhtml" xml:lang="en" lang="en">
 <head>
  <title>
</title>
<meta http-equiv="Content-Type" content="text/html;charset=utf-8" />
  <meta name='ocr-system' content='tesseract 3.04.00' />
  <meta name='ocr-capabilities' content='ocr_page ocr_carea ocr_par ocr_line ocrx_word'/>
</head>
<body>
  <div class='ocr_page' id='page_1' title='image "./lta-11000/novuslinguaeeter01gesn/novuslinguaeeter01gesn_0635.png"; bbox 0 0 2474 4182; ppageno 0'>
   <div class='ocr_carea' id='block_1_1' title="bbox 27 968 397 1012">
    <p class='ocr_par' dir='ltr' id='par_1_1' title="bbox 27 968 397 1012">
     <span class='ocr_line' id='line_1_1' title="bbox 27 968 397 1012; baseline -0.005 -6"><span class='ocrx_word' id='word_1_1' title='bbox 27 968 34 1012; x_wconf 94' lang='lat' dir='ltr'>J</span> <span class='ocrx_word' id='word_1_2' title='bbox 64 979 145 1006; x_wconf 83' lang='lat' dir='ltr'>Plaut.</span> <span class='ocrx_word' id='word_1_3' title='bbox 160 978 274 1005; x_wconf 81' lang='lat' dir='ltr'>Trucul.</span> <span class='ocrx_word' id='word_1_4' title='bbox 290 987 310 1011; x_wconf 92' lang='lat' dir='ltr'>i,</span> <span class='ocrx_word' id='word_1_5' title='bbox 326 987 346 1010; x_wconf 87' lang='lat'>1,</span> <span class='ocrx_word' id='word_1_6' title='bbox 358 987 397 1010; x_wconf 81' lang='lat'>32.</span> 
     </span>
    </p>
   </div>
   <div class='ocr_carea' id='block_1_2' title="bbox 13 3447 22 3525">
    <p class='ocr_par' dir='ltr' id='par_1_2' title="bbox 13 3447 22 3525">
     <span class='ocr_line' id='line_1_2' title="bbox 13 3447 22 3525; textangle 90"><span class='ocrx_word' id='word_1_7' title='bbox 13 3447 22 3525; x_wconf 43' lang='lat' dir='ltr'>.*.ae;a·</span> 
     </span>
    </p>
   </div>
   <div class='ocr_carea' id='block_1_3' title="bbox 34 349 124 376">
    <p class='ocr_par' dir='ltr' id='par_1_3' title="bbox 34 349 124 376">
     <span class='ocr_line' id='line_1_3' title="bbox 34 349 124 376; baseline -0.011 -2"><span class='ocrx_word' id='word_1_8' title='bbox 34 370 35 374; x_wconf 70' lang='grc'>,</span> <span class='ocrx_word' id='word_1_9' title='bbox 67 349 124 376; x_wconf 79' lang='lat'>973-</span> 
     </span>
    </p>
   </div>
   <div class='ocr_carea' id='block_1_4' title="bbox 33 870 497 909">
    <p class='ocr_par' dir='ltr' id='par_1_4' title="bbox 33 870 497 909">
     <span class='ocr_line' id='line_1_4' title="bbox 33 870 497 909; baseline -0.011 -8"><span class='ocrx_word' id='word_1_10' title='bbox 33 896 34 900; x_wconf 56' lang='lat'>,</span> <span class='ocrx_word' id='word_1_11' title='bbox 67 883 118 909; x_wconf 83' lang='lat' dir='ltr'>qua</span> <span class='ocrx_word' id='word_1_12' title='bbox 131 872 265 903; x_wconf 81' lang='lat' dir='ltr'>aduocati,</span> <span class='ocrx_word' id='word_1_13' title='bbox 279 871 361 898; x_wconf 76' lang='lat' dir='ltr'>libitis</span> <span class='ocrx_word' id='word_1_14' title='bbox 375 870 497 897; x_wconf 78' lang='lat' dir='ltr'>conscilii.</span> 
     </span>
    </p>
   </div>
   <div class='ocr_carea' id='block_1_5' title="bbox 65 105 719 164">
    <p class='ocr_par' dir='ltr' id='par_1_5' title="bbox 65 105 719 164">
     <span class='ocr_line' id='line_1_5' title="bbox 65 105 719 164; baseline -0.009 -13"><span class='ocrx_word' id='word_1_15' title='bbox 65 114 142 164; x_wconf 82' lang='lat'>1165</span> <span class='ocrx_word' id='word_1_16' title='bbox 432 107 466 147; x_wconf 94' lang='lat' dir='ltr'><strong>C</strong></span> <span class='ocrx_word' id='word_1_17' title='bbox 554 107 590 147; x_wconf 92' lang='grc' dir='ltr'>Ο</span> <span class='ocrx_word' id='word_1_18' title='bbox 677 105 719 145; x_wconf 91' lang='grc' dir='ltr'>Ν</span> 
     </span>
    </p>
   </div>
   <div class='ocr_carea' id='block_1_6' title="bbox 66 191 1100 339">
    <p class='ocr_par' dir='ltr' id='par_1_6' title="bbox 66 191 1100 339">
     <span class='ocr_line' id='line_1_6' title="bbox 66 191 1100 234; baseline -0.01 -6"><span class='ocrx_word' id='word_1_19' title='bbox 66 201 96 228; x_wconf 77' lang='lat' dir='ltr'>Et</span> <span class='ocrx_word' id='word_1_20' title='bbox 108 208 161 226; x_wconf 83' lang='lat' dir='ltr'>eum</span> <span class='ocrx_word' id='word_1_21' title='bbox 173 196 284 234; x_wconf 58' lang='lat' dir='ltr'>praepos:</span> <span class='ocrx_word' id='word_1_22' title='bbox 301 196 356 224; x_wconf 85' lang='lat' dir='ltr'>Cic.</span> <span class='ocrx_word' id='word_1_23' title='bbox 371 197 442 224; x_wconf 82' lang='lat' dir='ltr'>Fani.</span> <span class='ocrx_word' id='word_1_24' title='bbox 461 206 500 230; x_wconf 89' lang='lat'>14,</span> <span class='ocrx_word' id='word_1_25' title='bbox 515 204 532 230; x_wconf 90' lang='lat'><strong>7</strong></span> <span class='ocrx_word' id='word_1_26' title='bbox 551 194 650 222; x_wconf 90' lang='lat' dir='ltr'>Nauim</span> <span class='ocrx_word' id='word_1_27' title='bbox 665 194 799 232; x_wconf 32' lang='lat' dir='ltr'>spero-nos</span> <span class='ocrx_word' id='word_1_28' title='bbox 812 192 889 218; x_wconf 85' lang='lat' dir='ltr'>valde</span> <span class='ocrx_word' id='word_1_29' title='bbox 911 192 1006 218; x_wconf 81' lang='lat' dir='ltr'>bonam</span> <span class='ocrx_word' id='word_1_30' title='bbox 1021 191 1100 219; x_wconf 89' lang='lat' dir='ltr'>habe-</span> 
     </span>
     <span class='ocr_line' id='line_1_7' title="bbox 66 228 1099 268; baseline -0.008 -6"><span class='ocrx_word' id='word_1_31' title='bbox 66 244 108 263; x_wconf 85' lang='lat' dir='ltr'>re:</span> <span class='ocrx_word' id='word_1_32' title='bbox 134 236 162 262; x_wconf 90' lang='lat' dir='ltr'>in</span> <span class='ocrx_word' id='word_1_33' title='bbox 180 243 234 260; x_wconf 91' lang='lat' dir='ltr'>eam</span> <span class='ocrx_word' id='word_1_34' title='bbox 253 233 326 260; x_wconf 78' lang='lat' dir='ltr'>simul</span> <span class='ocrx_word' id='word_1_35' title='bbox 346 240 423 268; x_wconf 85' lang='lat' dir='ltr'>atque</span> <span class='ocrx_word' id='word_1_36' title='bbox 444 232 597 262; x_wconf 79' lang='lat' dir='ltr'>conscendi,</span> <span class='ocrx_word' id='word_1_37' title='bbox 621 230 682 255; x_wconf 86' lang='lat' dir='ltr'>haec</span> <span class='ocrx_word' id='word_1_38' title='bbox 700 228 794 262; x_wconf 74' lang='lat' dir='ltr'>scripsi.</span> <span class='ocrx_word' id='word_1_39' title='bbox 866 228 1045 268; x_wconf 77' lang='lat' dir='ltr'>Conscendens</span> <span class='ocrx_word' id='word_1_40' title='bbox 1066 228 1099 254; x_wconf 92' lang='lat' dir='ltr'>ab</span> 
     </span>
     <span class='ocr_line' id='line_1_8' title="bbox 67 263 1098 298; baseline -0.008 -1"><span class='ocrx_word' id='word_1_41' title='bbox 67 271 151 298; x_wconf 85' lang='lat' dir='ltr'>hortis</span> <span class='ocrx_word' id='word_1_42' title='bbox 164 269 300 296; x_wconf 80' lang='lat' dir='ltr'>Cluuianis</span> <span class='ocrx_word' id='word_1_43' title='bbox 321 269 349 295; x_wconf 88' lang='lat' dir='ltr'>in</span> <span class='ocrx_word' id='word_1_44' title='bbox 361 269 495 295; x_wconf 77' lang='lat' dir='ltr'>Phasclum</span> <span class='ocrx_word' id='word_1_45' title='bbox 515 267 570 293; x_wconf 85' lang='lat' dir='ltr'>Cic.</span> <span class='ocrx_word' id='word_1_46' title='bbox 583 266 635 291; x_wconf 86' lang='lat' dir='ltr'>Att.</span> <span class='ocrx_word' id='word_1_47' title='bbox 650 272 689 296; x_wconf 88' lang='lat'>14,</span> <span class='ocrx_word' id='word_1_48' title='bbox 705 265 740 288; x_wconf 90' lang='grc'>16.</span> <span class='ocrx_word' id='word_1_49' title='bbox 813 264 922 298; x_wconf 87' lang='lat' dir='ltr'>Puppim</span> <span class='ocrx_word' id='word_1_50' title='bbox 937 263 1018 290; x_wconf 84' lang='lat' dir='ltr'>Ouid.</span> <span class='ocrx_word' id='word_1_51' title='bbox 1033 263 1098 289; x_wconf 82' lang='lat' dir='ltr'>Fast.</span> 
     </span>
     <span class='ocr_line' id='line_1_9' title="bbox 67 298 1099 339; baseline -0.008 -7"><span class='ocrx_word' id='word_1_52' title='bbox 67 312 91 337; x_wconf 84' lang='lat'>2,</span> <span class='ocrx_word' id='word_1_53' title='bbox 104 313 142 339; x_wconf 76' lang='lat'>95.</span> <span class='ocrx_word' id='word_1_54' title='bbox 210 304 351 339; x_wconf 81' lang='lat' dir='ltr'>Scopulum</span> <span class='ocrx_word' id='word_1_55' title='bbox 373 305 447 338; x_wconf 79' lang='lat' dir='ltr'>Virg.</span> <span class='ocrx_word' id='word_1_56' title='bbox 464 304 528 329; x_wconf 87' lang='lat' dir='ltr'>Acn.</span> <span class='ocrx_word' id='word_1_57' title='bbox 544 310 564 333; x_wconf 90' lang='grc'>1,</span> <span class='ocrx_word' id='word_1_58' title='bbox 578 305 629 329; x_wconf 79' lang='grc'>180.</span> <span class='ocrx_word' id='word_1_59' title='bbox 702 298 789 324; x_wconf 57' lang='lat' dir='ltr'>Testa</span> <span class='ocrx_word' id='word_1_60' title='bbox 809 298 902 326; x_wconf 87' lang='lat' dir='ltr'>domus</span> <span class='ocrx_word' id='word_1_61' title='bbox 920 299 1014 326; x_wconf 84' lang='lat' dir='ltr'>Seneca</span> <span class='ocrx_word' id='word_1_62' title='bbox 1029 298 1099 325; x_wconf 81' lang='lat' dir='ltr'>Med.</span> 
     </span>
    </p>
   </div>
   <div class='ocr_carea' id='block_1_7' title="bbox 104 334 1138 408">
    <p class='ocr_par' dir='ltr' id='par_1_7' title="bbox 104 334 1138 408">
     <span class='ocr_line' id='line_1_10' title="bbox 194 334 1138 372; baseline -0.016 -5"><span class='ocrx_word' id='word_1_63' title='bbox 194 340 329 367; x_wconf 87' lang='lat' dir='ltr'>Tribunal</span> <span class='ocrx_word' id='word_1_64' title='bbox 344 340 435 367; x_wconf 89' lang='lat' dir='ltr'>Claud.</span> <span class='ocrx_word' id='word_1_65' title='bbox 451 339 479 366; x_wconf 90' lang='lat' dir='ltr'>in</span> <span class='ocrx_word' id='word_1_66' title='bbox 492 347 530 372; x_wconf 88' lang='lat' dir='ltr'>pr.</span> <span class='ocrx_word' id='word_1_67' title='bbox 544 334 621 362; x_wconf 89' lang='lat' dir='ltr'>Cons.</span> <span class='ocrx_word' id='word_1_68' title='bbox 635 334 692 360; x_wconf 91' lang='lat' dir='ltr'>Stil.</span> <span class='ocrx_word' id='word_1_69' title='bbox 712 343 732 364; x_wconf 80' lang='lat'>2,</span> <span class='ocrx_word' id='word_1_70' title='bbox 747 337 803 368; x_wconf 85' lang='lat'>267.</span> <span class='ocrx_word' id='word_1_71' title='bbox 1124 337 1138 362; x_wconf 83' lang='grc' dir='ltr'><em>ς</em></span> 
     </span>
     <span class='ocr_line' id='line_1_11' title="bbox 104 369 1099 408; baseline -0.007 -6"><span class='ocrx_word' id='word_1_72' title='bbox 104 381 121 402; x_wconf 89' lang='lat' dir='ltr'>c</span> <span class='ocrx_word' id='word_1_73' title='bbox 134 380 153 402; x_wconf 91' lang='grc' dir='ltr'><strong><em>ο</em></strong></span> <span class='ocrx_word' id='word_1_74' title='bbox 164 380 186 400; x_wconf 90' lang='grc' dir='ltr'><strong>Ν</strong></span> <span class='ocrx_word' id='word_1_75' title='bbox 197 381 260 403; x_wconf 69' lang='lat' dir='ltr'>sci:</span> <span class='ocrx_word' id='word_1_76' title='bbox 270 383 339 403; x_wconf 80' lang='lat' dir='ltr'>Nsv</span> <span class='ocrx_word' id='word_1_77' title='bbox 350 383 362 402; x_wconf 94' lang='lat' dir='ltr'>s</span> <span class='ocrx_word' id='word_1_78' title='bbox 376 396 384 408; x_wconf 92' lang='lat'>,</span> <span class='ocrx_word' id='word_1_79' title='bbox 404 384 434 407; x_wconf 89' lang='lat' dir='ltr'>a,</span> <span class='ocrx_word' id='word_1_80' title='bbox 455 383 508 400; x_wconf 85' lang='lat' dir='ltr'>um.</span> <span class='ocrx_word' id='word_1_81' title='bbox 538 372 604 397; x_wconf 87' lang='lat' dir='ltr'>Part.</span> <span class='ocrx_word' id='word_1_82' title='bbox 643 370 786 396; x_wconf 81' lang='lat' dir='ltr'>Conscensa</span> <span class='ocrx_word' id='word_1_83' title='bbox 806 370 884 397; x_wconf 85' lang='lat' dir='ltr'>Naue</span> <span class='ocrx_word' id='word_1_84' title='bbox 901 369 962 397; x_wconf 87' lang='lat' dir='ltr'>Iust.</span> <span class='ocrx_word' id='word_1_85' title='bbox 981 378 1017 403; x_wconf 81' lang='grc'>31,</span> <span class='ocrx_word' id='word_1_86' title='bbox 1031 379 1059 403; x_wconf 89' lang='lat'>4,</span> <span class='ocrx_word' id='word_1_87' title='bbox 1073 379 1099 404; x_wconf 85' lang='lat'>4.</span> 
     </span>
    </p>
   </div>
   <div class='ocr_carea' id='block_1_8' title="bbox 67 411 1101 478">
    <p class='ocr_par' dir='ltr' id='par_1_8' title="bbox 67 411 1101 478">
     <span class='ocr_line' id='line_1_12' title="bbox 67 411 911 446; baseline -0.006 -7"><span class='ocrx_word' id='word_1_88' title='bbox 67 411 188 439; x_wconf 85' lang='lat' dir='ltr'>Nauibus</span> <span class='ocrx_word' id='word_1_89' title='bbox 204 411 241 438; x_wconf 87' lang='lat' dir='ltr'>Id.</span> <span class='ocrx_word' id='word_1_90' title='bbox 257 421 294 444; x_wconf 86' lang='lat' dir='ltr'>iz,</span> <span class='ocrx_word' id='word_1_91' title='bbox 307 420 344 444; x_wconf 92' lang='lat'>10,</span> <span class='ocrx_word' id='word_1_92' title='bbox 361 420 384 438; x_wconf 89' lang='lat'>2.</span> <span class='ocrx_word' id='word_1_93' title='bbox 398 418 422 437; x_wconf 80' lang='lat' dir='ltr'>et</span> <span class='ocrx_word' id='word_1_94' title='bbox 435 418 470 442; x_wconf 78' lang='lat'>23,</span> <span class='ocrx_word' id='word_1_95' title='bbox 485 416 508 439; x_wconf 84' lang='lat'>2,</span> <span class='ocrx_word' id='word_1_96' title='bbox 522 414 546 432; x_wconf 87' lang='lat'>2-</span> <span class='ocrx_word' id='word_1_97' title='bbox 753 441 758 446; x_wconf 35' lang='lat'>⁸</span> <span class='ocrx_word' id='word_1_98' title='bbox 877 441 881 445; x_wconf 22' lang='grc' dir='ltr'><em>η</em></span> <span class='ocrx_word' id='word_1_99' title='bbox 906 441 911 446; x_wconf 34' lang='lat'>¹</span> 
     </span>
     <span class='ocr_line' id='line_1_13' title="bbox 103 439 1101 478; baseline -0.007 -5"><span class='ocrx_word' id='word_1_100' title='bbox 103 451 121 473; x_wconf 89' lang='lat' dir='ltr'>C</span> <span class='ocrx_word' id='word_1_101' title='bbox 134 453 153 473; x_wconf 93' lang='lat' dir='ltr'>O</span> <span class='ocrx_word' id='word_1_102' title='bbox 166 454 185 472; x_wconf 79' lang='grc' dir='ltr'>Ν</span> <span class='ocrx_word' id='word_1_103' title='bbox 196 455 208 474; x_wconf 84' lang='lat' dir='ltr'>S</span> <span class='ocrx_word' id='word_1_104' title='bbox 218 454 330 474; x_wconf 77' lang='lat' dir='ltr'>CENSi</span> <span class='ocrx_word' id='word_1_105' title='bbox 343 452 362 472; x_wconf 91' lang='grc'>0</span> <span class='ocrx_word' id='word_1_106' title='bbox 373 466 381 478; x_wconf 85' lang='grc'>,</span> <span class='ocrx_word' id='word_1_107' title='bbox 401 446 468 472; x_wconf 75' lang='lat' dir='ltr'>onis.</span> <span class='ocrx_word' id='word_1_108' title='bbox 491 442 509 468; x_wconf 85' lang='lat' dir='ltr'>f.</span> <span class='ocrx_word' id='word_1_109' title='bbox 545 439 691 475; x_wconf 65' lang='lat' dir='ltr'>[in-[Cam]</span> <span class='ocrx_word' id='word_1_110' title='bbox 727 442 783 468; x_wconf 84' lang='lat' dir='ltr'>Cic.</span> <span class='ocrx_word' id='word_1_111' title='bbox 802 440 834 467; x_wconf 89' lang='lat' dir='ltr'>de</span> <span class='ocrx_word' id='word_1_112' title='bbox 850 441 940 467; x_wconf 84' lang='lat' dir='ltr'>Dium.</span> <span class='ocrx_word' id='word_1_113' title='bbox 955 449 973 471; x_wconf 79' lang='lat' dir='ltr'>i,</span> <span class='ocrx_word' id='word_1_114' title='bbox 986 442 1017 469; x_wconf 88' lang='lat'>68</span> <span class='ocrx_word' id='word_1_115' title='bbox 1037 449 1058 466; x_wconf 89' lang='lat' dir='ltr'>c.</span> <span class='ocrx_word' id='word_1_116' title='bbox 1073 447 1101 471; x_wconf 79' lang='lat'>32</span> 
     </span>
    </p>
   </div>
   <div class='ocr_carea' id='block_1_9' title="bbox 65 475 1100 517">
    <p class='ocr_par' dir='ltr' id='par_1_9' title="bbox 65 475 1100 517">
     <span class='ocr_line' id='line_1_14' title="bbox 65 475 1100 517; baseline -0.009 -7"><span class='ocrx_word' id='word_1_117' title='bbox 65 483 184 517; x_wconf 82' lang='lat' dir='ltr'>Eumque</span> <span class='ocrx_word' id='word_1_118' title='bbox 196 482 424 516; x_wconf 72' lang='lat' dir='ltr'>dixifferemigem</span> <span class='ocrx_word' id='word_1_119' title='bbox 438 476 567 514; x_wconf 86' lang='lat' dir='ltr'>quendam</span> <span class='ocrx_word' id='word_1_120' title='bbox 581 485 612 502; x_wconf 80' lang='lat' dir='ltr'>ex</span> <span class='ocrx_word' id='word_1_121' title='bbox 627 477 814 511; x_wconf 78' lang='lat' dir='ltr'>quinqueremi</span> <span class='ocrx_word' id='word_1_122' title='bbox 828 476 995 502; x_wconf 86' lang='lat' dir='ltr'>Rhodiorum</span> <span class='ocrx_word' id='word_1_123' title='bbox 1009 475 1100 501; x_wconf 87' lang='lat' dir='ltr'>vatici·</span> 
     </span>
    </p>
   </div>
   <div class='ocr_carea' id='block_1_10' title="bbox 1555 105 2204 154">
    <p class='ocr_par' dir='ltr' id='par_1_10' title="bbox 1555 105 2204 154">
     <span class='ocr_line' id='line_1_15' title="bbox 1555 105 2204 154; baseline 0 -9"><span class='ocrx_word' id='word_1_124' title='bbox 1555 105 1589 145; x_wconf 95' lang='lat' dir='ltr'>C</span> <span class='ocrx_word' id='word_1_125' title='bbox 1682 107 1718 146; x_wconf 92' lang='grc' dir='ltr'>Ο</span> <span class='ocrx_word' id='word_1_126' title='bbox 1811 106 1854 146; x_wconf 91' lang='lat' dir='ltr'>N</span> <span class='ocrx_word' id='word_1_127' title='bbox 2119 118 2204 154; x_wconf 75' lang='lat'>1166</span> 
     </span>
    </p>
   </div>
   <div class='ocr_carea' id='block_1_11' title="bbox 1164 189 2206 511">
    <p class='ocr_par' dir='ltr' id='par_1_11' title="bbox 1164 189 2206 511">
     <span class='ocr_line' id='line_1_16' title="bbox 1166 189 2203 235; baseline 0.013 -17"><span class='ocrx_word' id='word_1_128' title='bbox 1166 197 1214 218; x_wconf 70' lang='grc' dir='ltr'>ΡΗ.</span> <span class='ocrx_word' id='word_1_129' title='bbox 1234 189 1274 216; x_wconf 83' lang='lat' dir='ltr'>fac</span> <span class='ocrx_word' id='word_1_130' title='bbox 1294 199 1336 218; x_wconf 86' lang='lat' dir='ltr'>me</span> <span class='ocrx_word' id='word_1_131' title='bbox 1356 192 1493 232; x_wconf 71' lang='lat' dir='ltr'>consciam.</span> <span class='ocrx_word' id='word_1_132' title='bbox 1564 194 1620 221; x_wconf 86' lang='lat' dir='ltr'>Cic.</span> <span class='ocrx_word' id='word_1_133' title='bbox 1637 196 1690 222; x_wconf 85' lang='lat' dir='ltr'>Att.</span> <span class='ocrx_word' id='word_1_134' title='bbox 1710 205 1734 227; x_wconf 90' lang='lat'>2,</span> <span class='ocrx_word' id='word_1_135' title='bbox 1756 204 1791 229; x_wconf 79' lang='lat'>24</span> <span class='ocrx_word' id='word_1_136' title='bbox 1829 197 1860 222; x_wconf 85' lang='lat' dir='ltr'>Sc</span> <span class='ocrx_word' id='word_1_137' title='bbox 1876 198 1969 225; x_wconf 74' lang='lat' dir='ltr'>audisse</span> <span class='ocrx_word' id='word_1_138' title='bbox 1982 209 1995 226; x_wconf 90' lang='lat' dir='ltr'>a</span> <span class='ocrx_word' id='word_1_139' title='bbox 2010 202 2141 235; x_wconf 87' lang='lat' dir='ltr'>Curione,</span> <span class='ocrx_word' id='word_1_140' title='bbox 2162 203 2203 231; x_wconf 74' lang='lat' dir='ltr'>liis</span> 
     </span>
     <span class='ocr_line' id='line_1_17' title="bbox 1165 226 2204 273; baseline 0.009 -22"><span class='ocrx_word' id='word_1_141' title='bbox 1165 226 1197 252; x_wconf 91' lang='lat' dir='ltr'>de</span> <span class='ocrx_word' id='word_1_142' title='bbox 1211 226 1289 252; x_wconf 84' lang='lat' dir='ltr'>rebus</span> <span class='ocrx_word' id='word_1_143' title='bbox 1307 228 1439 267; x_wconf 75' lang='lat' dir='ltr'>conscium</span> <span class='ocrx_word' id='word_1_144' title='bbox 1458 229 1506 254; x_wconf 76' lang='lat' dir='ltr'>else</span> <span class='ocrx_word' id='word_1_145' title='bbox 1519 228 1640 256; x_wconf 82' lang='lat' dir='ltr'>Pisonem</span> <span class='ocrx_word' id='word_1_146' title='bbox 1655 241 1780 265; x_wconf 76' lang='lat' dir='ltr'>generum</span> <span class='ocrx_word' id='word_1_147' title='bbox 1801 240 1899 261; x_wconf 87' lang='lat' dir='ltr'>meum,</span> <span class='ocrx_word' id='word_1_148' title='bbox 1914 241 1957 259; x_wconf 67' lang='lat' dir='ltr'>stc.</span> <span class='ocrx_word' id='word_1_149' title='bbox 1995 238 2061 262; x_wconf 69' lang='lat' dir='ltr'>(nme</span> <span class='ocrx_word' id='word_1_150' title='bbox 2078 242 2204 273; x_wconf 59' lang='lat' dir='ltr'>intrrpim.</span> 
     </span>
     <span class='ocr_line' id='line_1_18' title="bbox 1166 259 2204 307; baseline 0.012 -19"><span class='ocrx_word' id='word_1_151' title='bbox 1166 259 1216 288; x_wconf 66' lang='lat' dir='ltr'>flio</span> <span class='ocrx_word' id='word_1_152' title='bbox 1235 271 1281 287; x_wconf 82' lang='lat' dir='ltr'>non</span> <span class='ocrx_word' id='word_1_153' title='bbox 1296 264 1326 295; x_wconf 49' lang='lat' dir='ltr'>ijs</span> <span class='ocrx_word' id='word_1_154' title='bbox 1341 263 1468 289; x_wconf 79' lang='lat' dir='ltr'>mutanda.</span> <span class='ocrx_word' id='word_1_155' title='bbox 1540 264 1630 292; x_wconf 84' lang='lat' dir='ltr'>Tacit.</span> <span class='ocrx_word' id='word_1_156' title='bbox 1640 268 1705 292; x_wconf 89' lang='lat' dir='ltr'>Ann.</span> <span class='ocrx_word' id='word_1_157' title='bbox 1723 275 1757 299; x_wconf 75' lang='lat'>15,</span> <span class='ocrx_word' id='word_1_158' title='bbox 1771 270 1805 293; x_wconf 67' lang='lat'>(26</span> <span class='ocrx_word' id='word_1_159' title='bbox 1827 266 1943 293; x_wconf 78' lang='lat' dir='ltr'>Acceufls</span> <span class='ocrx_word' id='word_1_160' title='bbox 1956 261 2086 298; x_wconf 62' lang='lat' dir='ltr'>iud‘iT-ibus</span> <span class='ocrx_word' id='word_1_161' title='bbox 2098 274 2129 299; x_wconf 89' lang='lat' dir='ltr'>ad</span> <span class='ocrx_word' id='word_1_162' title='bbox 2145 283 2204 307; x_wconf 80' lang='lat' dir='ltr'>pro-</span> 
     </span>
     <span class='ocr_line' id='line_1_19' title="bbox 1166 297 2203 342; baseline 0.012 -19"><span class='ocrx_word' id='word_1_163' title='bbox 1166 297 1280 323; x_wconf 89' lang='lat' dir='ltr'>dendum</span> <span class='ocrx_word' id='word_1_164' title='bbox 1301 299 1386 324; x_wconf 72' lang='lat' dir='ltr'>senem</span> <span class='ocrx_word' id='word_1_165' title='bbox 1409 298 1532 331; x_wconf 61' lang='lat' dir='ltr'>iconum,</span> <span class='ocrx_word' id='word_1_166' title='bbox 1557 309 1636 334; x_wconf 84' lang='lat' dir='ltr'>quem</span> <span class='ocrx_word' id='word_1_167' title='bbox 1658 302 1769 328; x_wconf 84' lang='lat' dir='ltr'>eundem</span> <span class='ocrx_word' id='word_1_168' title='bbox 1794 303 1927 329; x_wconf 84' lang='lat' dir='ltr'>conscium</span> <span class='ocrx_word' id='word_1_169' title='bbox 1946 307 2203 342; x_wconf 76' lang='lat' dir='ltr'>conquifltoreinque</span> 
     </span>
     <span class='ocr_line' id='line_1_20' title="bbox 1165 332 2205 374; baseline 0.012 -17"><span class='ocrx_word' id='word_1_170' title='bbox 1165 341 1218 372; x_wconf 77' lang='lat' dir='ltr'>non</span> <span class='ocrx_word' id='word_1_171' title='bbox 1239 332 1395 360; x_wconf 80' lang='lat' dir='ltr'>tolerabant.</span> <span class='ocrx_word' id='word_1_172' title='bbox 1432 335 1482 360; x_wconf 72' lang='lat' dir='ltr'>Hic</span> <span class='ocrx_word' id='word_1_173' title='bbox 1502 336 1627 361; x_wconf 77' lang='lat' dir='ltr'>Conscius</span> <span class='ocrx_word' id='word_1_174' title='bbox 1649 336 1681 369; x_wconf 68' lang='lat' dir='ltr'>est</span> <span class='ocrx_word' id='word_1_175' title='bbox 1696 344 1825 374; x_wconf 69' lang='lat' dir='ltr'>parttccps</span> <span class='ocrx_word' id='word_1_176' title='bbox 1841 338 1944 372; x_wconf 68' lang='lat' dir='ltr'>consilii.</span> <span class='ocrx_word' id='word_1_177' title='bbox 2017 341 2147 368; x_wconf 82' lang='lat' dir='ltr'>Affiieram</span> <span class='ocrx_word' id='word_1_178' title='bbox 2163 353 2205 370; x_wconf 85' lang='lat' dir='ltr'>vc-</span> 
     </span>
     <span class='ocr_line' id='line_1_21' title="bbox 1165 368 2205 408; baseline 0.01 -15"><span class='ocrx_word' id='word_1_179' title='bbox 1165 368 1223 407; x_wconf 83' lang='lat' dir='ltr'>slris</span> <span class='ocrx_word' id='word_1_180' title='bbox 1236 369 1352 408; x_wconf 79' lang='lat' dir='ltr'>conscius</span> <span class='ocrx_word' id='word_1_181' title='bbox 1365 370 1392 394; x_wconf 89' lang='lat' dir='ltr'>in</span> <span class='ocrx_word' id='word_1_182' title='bbox 1406 369 1522 395; x_wconf 74' lang='lat' dir='ltr'>lacrimis</span> <span class='ocrx_word' id='word_1_183' title='bbox 1535 371 1650 404; x_wconf 81' lang='lat' dir='ltr'>Propert.</span> <span class='ocrx_word' id='word_1_184' title='bbox 1667 380 1686 404; x_wconf 88' lang='lat' dir='ltr'>i,</span> <span class='ocrx_word' id='word_1_185' title='bbox 1700 382 1727 398; x_wconf 87' lang='lat' dir='ltr'>io</span> <span class='ocrx_word' id='word_1_186' title='bbox 1737 380 1779 408; x_wconf 78' lang='lat' dir='ltr'>pr.</span> <span class='ocrx_word' id='word_1_187' title='bbox 1851 375 1906 400; x_wconf 88' lang='lat' dir='ltr'>Cic.</span> <span class='ocrx_word' id='word_1_188' title='bbox 1922 375 1974 400; x_wconf 87' lang='lat' dir='ltr'>Att.</span> <span class='ocrx_word' id='word_1_189' title='bbox 1991 382 2011 407; x_wconf 87' lang='lat'>1,</span> <span class='ocrx_word' id='word_1_190' title='bbox 2026 382 2049 407; x_wconf 70' lang='lat'>15</span> <span class='ocrx_word' id='word_1_191' title='bbox 2069 378 2124 408; x_wconf 69' lang='lat' dir='ltr'>Qui</span> <span class='ocrx_word' id='word_1_192' title='bbox 2137 379 2205 404; x_wconf 78' lang='lat' dir='ltr'>milii</span> 
     </span>
     <span class='ocr_line' id='line_1_22' title="bbox 1164 403 2203 441; baseline 0.009 -13"><span class='ocrx_word' id='word_1_193' title='bbox 1164 409 1190 429; x_wconf 82' lang='lat' dir='ltr'>et</span> <span class='ocrx_word' id='word_1_194' title='bbox 1205 412 1232 428; x_wconf 90' lang='lat' dir='ltr'>in</span> <span class='ocrx_word' id='word_1_195' title='bbox 1247 403 1352 439; x_wconf 82' lang='lat' dir='ltr'>publica</span> <span class='ocrx_word' id='word_1_196' title='bbox 1372 414 1401 431; x_wconf 88' lang='lat' dir='ltr'>re</span> <span class='ocrx_word' id='word_1_197' title='bbox 1421 404 1521 435; x_wconf 77' lang='lat' dir='ltr'>sociuS,</span> <span class='ocrx_word' id='word_1_198' title='bbox 1540 412 1565 430; x_wconf 85' lang='lat' dir='ltr'>ct</span> <span class='ocrx_word' id='word_1_199' title='bbox 1585 407 1612 431; x_wconf 87' lang='lat' dir='ltr'>in</span> <span class='ocrx_word' id='word_1_200' title='bbox 1627 407 1735 439; x_wconf 89' lang='lat' dir='ltr'>priuatis</span> <span class='ocrx_word' id='word_1_201' title='bbox 1755 409 1879 435; x_wconf 87' lang='lat' dir='ltr'>omnibus</span> <span class='ocrx_word' id='word_1_202' title='bbox 1893 410 2027 441; x_wconf 86' lang='lat' dir='ltr'>conscius,</span> <span class='ocrx_word' id='word_1_203' title='bbox 2045 416 2069 436; x_wconf 87' lang='lat' dir='ltr'>ct</span> <span class='ocrx_word' id='word_1_204' title='bbox 2084 413 2203 439; x_wconf 80' lang='lat' dir='ltr'>oninium</span> 
     </span>
     <span class='ocr_line' id='line_1_23' title="bbox 1164 440 2205 479; baseline 0.008 -15"><span class='ocrx_word' id='word_1_205' title='bbox 1164 448 1258 465; x_wconf 85' lang='lat' dir='ltr'>eorum</span> <span class='ocrx_word' id='word_1_206' title='bbox 1289 440 1438 479; x_wconf 81' lang='lat' dir='ltr'>sermonum</span> <span class='ocrx_word' id='word_1_207' title='bbox 1475 446 1500 466; x_wconf 88' lang='lat' dir='ltr'>ct</span> <span class='ocrx_word' id='word_1_208' title='bbox 1530 441 1700 468; x_wconf 78' lang='lat' dir='ltr'>confilioruin</span> <span class='ocrx_word' id='word_1_209' title='bbox 1726 445 1863 478; x_wconf 78' lang='lat' dir='ltr'>particeps.</span> <span class='ocrx_word' id='word_1_210' title='bbox 1934 445 2013 471; x_wconf 85' lang='lat' dir='ltr'>Ouid.</span> <span class='ocrx_word' id='word_1_211' title='bbox 2033 447 2098 472; x_wconf 84' lang='lat' dir='ltr'>Met.</span> <span class='ocrx_word' id='word_1_212' title='bbox 2116 455 2137 477; x_wconf 89' lang='grc'>3,</span> <span class='ocrx_word' id='word_1_213' title='bbox 2158 456 2205 475; x_wconf 61' lang='lat' dir='ltr'>:w</span> 
     </span>
     <span class='ocr_line' id='line_1_24' title="bbox 1165 475 2206 511; baseline 0.01 -13"><span class='ocrx_word' id='word_1_214' title='bbox 1165 475 1280 508; x_wconf 73' lang='lat' dir='ltr'>Quoque</span> <span class='ocrx_word' id='word_1_215' title='bbox 1294 484 1376 508; x_wconf 78' lang='lat' dir='ltr'>magis</span> <span class='ocrx_word' id='word_1_216' title='bbox 1389 475 1491 505; x_wconf 86' lang='lat' dir='ltr'>credas,</span> <span class='ocrx_word' id='word_1_217' title='bbox 1506 475 1588 508; x_wconf 80' lang='lat' dir='ltr'>Stygii</span> <span class='ocrx_word' id='word_1_218' title='bbox 1604 486 1710 511; x_wconf 87' lang='lat' dir='ltr'>quoque</span> <span class='ocrx_word' id='word_1_219' title='bbox 1725 480 1827 505; x_wconf 83' lang='lat' dir='ltr'>conscia</span> <span class='ocrx_word' id='word_1_220' title='bbox 1841 481 1917 506; x_wconf 88' lang='lat' dir='ltr'>sunto</span> <span class='ocrx_word' id='word_1_221' title='bbox 1936 481 2055 507; x_wconf 78' lang='lat' dir='ltr'>Numina</span> <span class='ocrx_word' id='word_1_222' title='bbox 2071 483 2206 508; x_wconf 81' lang='lat' dir='ltr'>torrentis.</span> 
     </span>
    </p>
   </div>
   <div class='ocr_carea' id='block_1_12' title="bbox 65 506 2059 551">
    <p class='ocr_par' dir='ltr' id='par_1_12' title="bbox 65 506 2059 551">
     <span class='ocr_line' id='line_1_25' title="bbox 65 506 2059 551; baseline -0.003 -5"><span class='ocrx_word' id='word_1_223' title='bbox 65 524 171 551; x_wconf 88' lang='lat' dir='ltr'>natum,</span> <span class='ocrx_word' id='word_1_224' title='bbox 192 517 368 545; x_wconf 70' lang='lat' dir='ltr'>madefactum</span> <span class='ocrx_word' id='word_1_225' title='bbox 386 517 421 542; x_wconf 89' lang='lat' dir='ltr'>iri</span> <span class='ocrx_word' id='word_1_226' title='bbox 436 514 520 540; x_wconf 87' lang='lat' dir='ltr'>minus</span> <span class='ocrx_word' id='word_1_227' title='bbox 540 520 600 539; x_wconf 73' lang='lat' dir='ltr'>xxx</span> <span class='ocrx_word' id='word_1_228' title='bbox 621 512 712 538; x_wconf 84' lang='lat' dir='ltr'>diebus</span> <span class='ocrx_word' id='word_1_229' title='bbox 727 511 865 539; x_wconf 75' lang='lat' dir='ltr'>Graeciam</span> <span class='ocrx_word' id='word_1_230' title='bbox 879 510 1019 545; x_wconf 82' lang='lat' dir='ltr'>sanguine,</span> <span class='ocrx_word' id='word_1_231' title='bbox 1030 510 1099 545; x_wconf 86' lang='lat' dir='ltr'>rapi—</span> <span class='ocrx_word' id='word_1_232' title='bbox 1126 517 1155 535; x_wconf 91' lang='lat'>10</span> <span class='ocrx_word' id='word_1_233' title='bbox 1168 511 1229 537; x_wconf 67' lang='lat' dir='ltr'>Tale</span> <span class='ocrx_word' id='word_1_234' title='bbox 1243 506 1275 541; x_wconf 68' lang='lat' dir='ltr'>cst</span> <span class='ocrx_word' id='word_1_235' title='bbox 1288 510 1351 535; x_wconf 74' lang='lat' dir='ltr'>illud</span> <span class='ocrx_word' id='word_1_236' title='bbox 1363 519 1386 541; x_wconf 87' lang='lat'>2,</span> <span class='ocrx_word' id='word_1_237' title='bbox 1404 513 1441 544; x_wconf 86' lang='lat'>46</span> <span class='ocrx_word' id='word_1_238' title='bbox 1461 510 1577 537; x_wconf 79' lang='lat' dir='ltr'>Promisti</span> <span class='ocrx_word' id='word_1_239' title='bbox 1592 511 1662 537; x_wconf 81' lang='lat' dir='ltr'>testis</span> <span class='ocrx_word' id='word_1_240' title='bbox 1677 513 1763 539; x_wconf 83' lang='lat' dir='ltr'>adclto</span> <span class='ocrx_word' id='word_1_241' title='bbox 1784 515 1841 541; x_wconf 82' lang='lat' dir='ltr'>Diis</span> <span class='ocrx_word' id='word_1_242' title='bbox 1856 516 1965 542; x_wconf 70' lang='lat' dir='ltr'>iuranda</span> <span class='ocrx_word' id='word_1_243' title='bbox 1980 517 2059 551; x_wconf 82' lang='lat' dir='ltr'>palus.</span> 
     </span>
    </p>
   </div>
   <div class='ocr_carea' id='block_1_13' title="bbox 64 548 1103 834">
    <p class='ocr_par' dir='ltr' id='par_1_13' title="bbox 64 548 844 586">
     <span class='ocr_line' id='line_1_26' title="bbox 64 548 844 586; baseline -0.01 -5"><span class='ocrx_word' id='word_1_244' title='bbox 64 562 110 580; x_wconf 84' lang='lat' dir='ltr'>nas</span> <span class='ocrx_word' id='word_1_245' title='bbox 124 553 296 586; x_wconf 80' lang='lat' dir='ltr'>Dyrrhachii,</span> <span class='ocrx_word' id='word_1_246' title='bbox 311 559 335 580; x_wconf 87' lang='lat' dir='ltr'>et</span> <span class='ocrx_word' id='word_1_247' title='bbox 349 548 554 579; x_wconf 81' lang='lat' dir='ltr'>conscensionem</span> <span class='ocrx_word' id='word_1_248' title='bbox 568 548 595 574; x_wconf 91' lang='lat' dir='ltr'>in</span> <span class='ocrx_word' id='word_1_249' title='bbox 607 557 686 574; x_wconf 84' lang='lat' dir='ltr'>naues</span> <span class='ocrx_word' id='word_1_250' title='bbox 700 557 758 574; x_wconf 82' lang='lat' dir='ltr'>cum</span> <span class='ocrx_word' id='word_1_251' title='bbox 772 548 844 582; x_wconf 82' lang='lat' dir='ltr'>fuga.</span> 
     </span>
    </p>

    <p class='ocr_par' dir='ltr' id='par_1_14' title="bbox 103 584 729 617">
     <span class='ocr_line' id='line_1_27' title="bbox 103 584 729 617; baseline -0.013 0"><span class='ocrx_word' id='word_1_252' title='bbox 103 596 120 617; x_wconf 89' lang='lat' dir='ltr'>c</span> <span class='ocrx_word' id='word_1_253' title='bbox 133 595 152 616; x_wconf 94' lang='lat' dir='ltr'>o</span> <span class='ocrx_word' id='word_1_254' title='bbox 165 594 388 616; x_wconf 75' lang='lat' dir='ltr'>NsciENTiA</span> <span class='ocrx_word' id='word_1_255' title='bbox 402 605 410 617; x_wconf 88' lang='lat'><em>‚</em></span> <span class='ocrx_word' id='word_1_256' title='bbox 439 584 493 611; x_wconf 76' lang='lat' dir='ltr'>vid.</span> <span class='ocrx_word' id='word_1_257' title='bbox 522 590 538 610; x_wconf 89' lang='lat' dir='ltr'>c</span> <span class='ocrx_word' id='word_1_258' title='bbox 552 589 729 610; x_wconf 70' lang='lat' dir='ltr'>onscws.</span> 
     </span>
    </p>

    <p class='ocr_par' dir='ltr' id='par_1_15' title="bbox 65 616 1103 834">
     <span class='ocr_line' id='line_1_28' title="bbox 101 616 1099 656; baseline -0.011 -3"><span class='ocrx_word' id='word_1_259' title='bbox 101 631 119 652; x_wconf 86' lang='lat' dir='ltr'><strong>c</strong></span> <span class='ocrx_word' id='word_1_260' title='bbox 130 629 150 651; x_wconf 90' lang='lat'><em>0</em></span> <span class='ocrx_word' id='word_1_261' title='bbox 161 632 182 651; x_wconf 88' lang='grc' dir='ltr'>Ν</span> <span class='ocrx_word' id='word_1_262' title='bbox 192 632 205 651; x_wconf 88' lang='lat' dir='ltr'>s</span> <span class='ocrx_word' id='word_1_263' title='bbox 214 631 230 651; x_wconf 92' lang='lat' dir='ltr'>c</span> <span class='ocrx_word' id='word_1_264' title='bbox 240 632 249 651; x_wconf 89' lang='lat' dir='ltr'>i</span> <span class='ocrx_word' id='word_1_265' title='bbox 259 632 279 651; x_wconf 86' lang='lat' dir='ltr'>N</span> <span class='ocrx_word' id='word_1_266' title='bbox 289 631 307 650; x_wconf 87' lang='lat'>1&gt;</span> <span class='ocrx_word' id='word_1_267' title='bbox 317 629 336 649; x_wconf 93' lang='grc' dir='ltr'><strong><em>ο</em></strong></span> <span class='ocrx_word' id='word_1_268' title='bbox 349 642 357 655; x_wconf 92' lang='grc'>,</span> <span class='ocrx_word' id='word_1_269' title='bbox 380 620 445 647; x_wconf 74' lang='lat' dir='ltr'>scidi</span> <span class='ocrx_word' id='word_1_270' title='bbox 460 640 468 651; x_wconf 83' lang='lat'>‚</span> <span class='ocrx_word' id='word_1_271' title='bbox 487 620 587 646; x_wconf 77' lang='lat' dir='ltr'>sciss&#39;um</span> <span class='ocrx_word' id='word_1_272' title='bbox 602 639 609 651; x_wconf 88' lang='lat'>,</span> <span class='ocrx_word' id='word_1_273' title='bbox 637 621 691 645; x_wconf 65' lang='lat' dir='ltr'>ere.</span> <span class='ocrx_word' id='word_1_274' title='bbox 727 616 867 652; x_wconf 64' lang='grc' dir='ltr'>[δικτέμνω</span> <span class='ocrx_word' id='word_1_275' title='bbox 876 638 883 650; x_wconf 94' lang='grc'>,</span> <span class='ocrx_word' id='word_1_276' title='bbox 902 616 1027 654; x_wconf 69' lang='grc' dir='ltr'>δικχίξω]</span> <span class='ocrx_word' id='word_1_277' title='bbox 1069 616 1099 656; x_wconf 68' lang='lat'>[32</span> 
     </span>
     <span class='ocr_line' id='line_1_29' title="bbox 66 651 1102 695; baseline -0.007 -10"><span class='ocrx_word' id='word_1_278' title='bbox 66 661 155 687; x_wconf 73' lang='lat' dir='ltr'>multas</span> <span class='ocrx_word' id='word_1_279' title='bbox 168 666 257 695; x_wconf 80' lang='lat' dir='ltr'>partes</span> <span class='ocrx_word' id='word_1_280' title='bbox 268 657 391 695; x_wconf 72' lang='lat' dir='ltr'>fiindere.</span> <span class='ocrx_word' id='word_1_281' title='bbox 429 656 497 683; x_wconf 82' lang='lat' dir='ltr'>Ter.</span> <span class='ocrx_word' id='word_1_282' title='bbox 510 656 574 682; x_wconf 77' lang='lat' dir='ltr'>Eun.</span> <span class='ocrx_word' id='word_1_283' title='bbox 590 664 617 688; x_wconf 84' lang='lat'>4,</span> <span class='ocrx_word' id='word_1_284' title='bbox 630 663 651 687; x_wconf 87' lang='lat'>3,</span> <span class='ocrx_word' id='word_1_285' title='bbox 665 663 684 687; x_wconf 83' lang='grc'>4</span> <span class='ocrx_word' id='word_1_286' title='bbox 713 655 819 681; x_wconf 74' lang='lat' dir='ltr'>Vestem</span> <span class='ocrx_word' id='word_1_287' title='bbox 834 663 940 680; x_wconf 89' lang='lat' dir='ltr'>omnem</span> <span class='ocrx_word' id='word_1_288' title='bbox 955 653 1050 679; x_wconf 87' lang='lat' dir='ltr'>misere</span> <span class='ocrx_word' id='word_1_289' title='bbox 1063 651 1102 678; x_wconf 84' lang='lat' dir='ltr'>di-</span> 
     </span>
     <span class='ocr_line' id='line_1_30' title="bbox 65 690 834 730; baseline -0.01 -8"><span class='ocrx_word' id='word_1_290' title='bbox 65 695 157 728; x_wconf 86' lang='lat' dir='ltr'>scidit,</span> <span class='ocrx_word' id='word_1_291' title='bbox 171 702 227 722; x_wconf 89' lang='lat' dir='ltr'>tum</span> <span class='ocrx_word' id='word_1_292' title='bbox 240 695 318 729; x_wconf 82' lang='lat' dir='ltr'>ipsam</span> <span class='ocrx_word' id='word_1_293' title='bbox 331 692 427 727; x_wconf 87' lang='lat' dir='ltr'>capillo</span> <span class='ocrx_word' id='word_1_294' title='bbox 440 690 575 718; x_wconf 78' lang='lat' dir='ltr'>conscidit.</span> <span class='ocrx_word' id='word_1_295' title='bbox 829 725 834 730; x_wconf 21' lang='grc' dir='ltr'>ι</span> 
     </span>
     <span class='ocr_line' id='line_1_31' title="bbox 65 725 1102 764; baseline -0.007 -8"><span class='ocrx_word' id='word_1_296' title='bbox 65 731 169 758; x_wconf 88' lang='lat' dir='ltr'>licitum</span> <span class='ocrx_word' id='word_1_297' title='bbox 182 732 282 757; x_wconf 87' lang='lat' dir='ltr'>Lucret.</span> <span class='ocrx_word' id='word_1_298' title='bbox 302 736 326 761; x_wconf 83' lang='lat'>5,</span> <span class='ocrx_word' id='word_1_299' title='bbox 337 731 381 762; x_wconf 88' lang='lat'>46.</span> <span class='ocrx_word' id='word_1_300' title='bbox 453 727 508 754; x_wconf 89' lang='lat' dir='ltr'>Cic.</span> <span class='ocrx_word' id='word_1_301' title='bbox 523 727 594 754; x_wconf 85' lang='lat' dir='ltr'>Fam.</span> <span class='ocrx_word' id='word_1_302' title='bbox 609 734 636 760; x_wconf 85' lang='lat'>7,</span> <span class='ocrx_word' id='word_1_303' title='bbox 651 731 676 755; x_wconf 82' lang='grc'>18</span> <span class='ocrx_word' id='word_1_304' title='bbox 694 733 758 752; x_wconf 76' lang='lat' dir='ltr'>extr.</span> <span class='ocrx_word' id='word_1_305' title='bbox 789 725 930 760; x_wconf 80' lang='lat' dir='ltr'>Epistolam</span> <span class='ocrx_word' id='word_1_306' title='bbox 945 731 1017 751; x_wconf 90' lang='lat' dir='ltr'>tuam</span> <span class='ocrx_word' id='word_1_307' title='bbox 1043 739 1102 764; x_wconf 39' lang='lat'>.—</span> 
     </span>
     <span class='ocr_line' id='line_1_32' title="bbox 65 760 1103 797; baseline -0.007 -5"><span class='ocrx_word' id='word_1_308' title='bbox 65 766 182 794; x_wconf 86' lang='lat' dir='ltr'>eonscidi</span> <span class='ocrx_word' id='word_1_309' title='bbox 195 767 368 792; x_wconf 81' lang='lat' dir='ltr'>innocentem.</span> <span class='ocrx_word' id='word_1_310' title='bbox 405 762 485 790; x_wconf 90' lang='lat' dir='ltr'>Nihil</span> <span class='ocrx_word' id='word_1_311' title='bbox 499 763 570 789; x_wconf 90' lang='lat' dir='ltr'>enim</span> <span class='ocrx_word' id='word_1_312' title='bbox 584 760 712 794; x_wconf 88' lang='lat' dir='ltr'>habebat,</span> <span class='ocrx_word' id='word_1_313' title='bbox 725 761 797 796; x_wconf 88' lang='lat' dir='ltr'>quod</span> <span class='ocrx_word' id='word_1_314' title='bbox 809 769 863 787; x_wconf 86' lang='lat' dir='ltr'>non</span> <span class='ocrx_word' id='word_1_315' title='bbox 875 761 917 786; x_wconf 90' lang='lat' dir='ltr'>vel</span> <span class='ocrx_word' id='word_1_316' title='bbox 932 761 961 786; x_wconf 93' lang='lat' dir='ltr'>in</span> <span class='ocrx_word' id='word_1_317' title='bbox 974 767 1103 797; x_wconf 77' lang='lat' dir='ltr'>concione</span> 
     </span>
     <span class='ocr_line' id='line_1_33' title="bbox 383 796 1102 834; baseline -0.007 -9"><span class='ocrx_word' id='word_1_318' title='bbox 383 798 558 825; x_wconf 87' lang='lat' dir='ltr'>Conscindere</span> <span class='ocrx_word' id='word_1_319' title='bbox 580 797 678 828; x_wconf 83' lang='lat' dir='ltr'>fibiiis,</span> <span class='ocrx_word' id='word_1_320' title='bbox 693 804 737 831; x_wconf 79' lang='lat' dir='ltr'>pe»-</span> <span class='ocrx_word' id='word_1_321' title='bbox 756 798 946 824; x_wconf 74' lang='lat' dir='ltr'>translationem</span> <span class='ocrx_word' id='word_1_322' title='bbox 953 815 961 828; x_wconf 92' lang='lat'>,</span> <span class='ocrx_word' id='word_1_323' title='bbox 992 805 1020 821; x_wconf 87' lang='lat' dir='ltr'>ro</span> <span class='ocrx_word' id='word_1_324' title='bbox 1036 796 1102 834; x_wconf 62' lang='lat' dir='ltr'>[23sz-</span> 
     </span>
    </p>
   </div>
   <div class='ocr_carea' id='block_1_14' title="bbox 65 801 1104 867">
    <p class='ocr_par' dir='ltr' id='par_1_16' title="bbox 65 801 1104 867">
     <span class='ocr_line' id='line_1_34' title="bbox 65 801 837 836; baseline -0.017 -6"><span class='ocrx_word' id='word_1_325' title='bbox 65 801 136 830; x_wconf 71' lang='lat' dir='ltr'>reete</span> <span class='ocrx_word' id='word_1_326' title='bbox 155 802 207 836; x_wconf 86' lang='lat' dir='ltr'>legi</span> <span class='ocrx_word' id='word_1_327' title='bbox 224 801 311 835; x_wconf 82' lang='lat' dir='ltr'>poil&#39;et.</span> <span class='ocrx_word' id='word_1_328' title='bbox 762 832 766 836; x_wconf 41' lang='lat'>·</span> <span class='ocrx_word' id='word_1_329' title='bbox 831 829 837 836; x_wconf 81' lang='lat'>.</span> 
     </span>
     <span class='ocr_line' id='line_1_35' title="bbox 378 831 1104 867; baseline -0.008 -5"><span class='ocrx_word' id='word_1_330' title='bbox 378 835 434 861; x_wconf 82' lang='lat' dir='ltr'>Cic.</span> <span class='ocrx_word' id='word_1_331' title='bbox 450 836 503 861; x_wconf 82' lang='lat' dir='ltr'>Att.</span> <span class='ocrx_word' id='word_1_332' title='bbox 516 843 542 867; x_wconf 81' lang='lat'>2,</span> <span class='ocrx_word' id='word_1_333' title='bbox 558 842 586 866; x_wconf 85' lang='lat'>¹9</span> <span class='ocrx_word' id='word_1_334' title='bbox 612 833 683 859; x_wconf 89' lang='lat' dir='ltr'>Nam</span> <span class='ocrx_word' id='word_1_335' title='bbox 699 831 890 866; x_wconf 72' lang='lat' dir='ltr'>gladiatoribus</span> <span class='ocrx_word' id='word_1_336' title='bbox 903 840 955 866; x_wconf 91' lang='lat' dir='ltr'>qua</span> <span class='ocrx_word' id='word_1_337' title='bbox 987 839 1104 861; x_wconf 84' lang='lat' dir='ltr'>ominus,</span> 
     </span>
    </p>
   </div>
   <div class='ocr_carea' id='block_1_15' title="bbox 64 836 320 871">
    <p class='ocr_par' dir='ltr' id='par_1_17' title="bbox 64 836 320 871">
     <span class='ocr_line' id='line_1_36' title="bbox 64 836 320 871; baseline -0.016 -6"><span class='ocrx_word' id='word_1_338' title='bbox 64 838 142 865; x_wconf 69' lang='lat' dir='ltr'>hilare</span> <span class='ocrx_word' id='word_1_339' title='bbox 155 843 178 864; x_wconf 75' lang='lat' dir='ltr'>et</span> <span class='ocrx_word' id='word_1_340' title='bbox 189 836 320 871; x_wconf 48' lang='lat' dir='ltr'>explodere.</span> 
     </span>
    </p>
   </div>
   <div class='ocr_carea' id='block_1_16' title="bbox 33 901 1084 943">
    <p class='ocr_par' dir='ltr' id='par_1_18' title="bbox 33 901 1084 943">
     <span class='ocr_line' id='line_1_37' title="bbox 33 901 1084 943; baseline -0.008 -8"><span class='ocrx_word' id='word_1_341' title='bbox 33 936 34 943; x_wconf 35' lang='lat' dir='ltr'>J</span> <span class='ocrx_word' id='word_1_342' title='bbox 65 916 88 936; x_wconf 83' lang='lat' dir='ltr'>et</span> <span class='ocrx_word' id='word_1_343' title='bbox 100 910 174 936; x_wconf 81' lang='lat' dir='ltr'>alicui</span> <span class='ocrx_word' id='word_1_344' title='bbox 185 910 321 934; x_wconf 65' lang='lat' dir='ltr'>connium-1*</span> <span class='ocrx_word' id='word_1_345' title='bbox 335 907 391 933; x_wconf 90' lang='lat' dir='ltr'>Cic.</span> <span class='ocrx_word' id='word_1_346' title='bbox 405 907 457 933; x_wconf 89' lang='lat' dir='ltr'>Att.</span> <span class='ocrx_word' id='word_1_347' title='bbox 474 911 495 937; x_wconf 82' lang='grc'>8,</span> <span class='ocrx_word' id='word_1_348' title='bbox 512 907 541 932; x_wconf 89' lang='grc'>16</span> <span class='ocrx_word' id='word_1_349' title='bbox 557 906 583 932; x_wconf 72' lang='lat' dir='ltr'>ia</span> <span class='ocrx_word' id='word_1_350' title='bbox 596 912 638 930; x_wconf 89' lang='lat' dir='ltr'>me</span> <span class='ocrx_word' id='word_1_351' title='bbox 650 903 683 929; x_wconf 87' lang='lat' dir='ltr'>ab</span> <span class='ocrx_word' id='word_1_352' title='bbox 697 902 871 937; x_wconf 72' lang='lat' dir='ltr'>optimatibus</span> <span class='ocrx_word' id='word_1_353' title='bbox 888 903 925 928; x_wconf 90' lang='lat' dir='ltr'>ait</span> <span class='ocrx_word' id='word_1_354' title='bbox 940 901 1084 928; x_wconf 83' lang='lat' dir='ltr'>conscindi.</span> 
     </span>
    </p>
   </div>
   <div class='ocr_carea' id='block_1_17' title="bbox 32 1044 1142 1087">
    <p class='ocr_par' dir='ltr' id='par_1_19' title="bbox 32 1044 1142 1087">
     <span class='ocr_line' id='line_1_38' title="bbox 32 1044 1142 1087; baseline -0.005 -10"><span class='ocrx_word' id='word_1_355' title='bbox 32 1046 34 1050; x_wconf 61' lang='grc'><strong>”</strong></span> <span class='ocrx_word' id='word_1_356' title='bbox 63 1049 176 1077; x_wconf 79' lang='lat' dir='ltr'>calcibus</span> <span class='ocrx_word' id='word_1_357' title='bbox 195 1050 331 1076; x_wconf 76' lang='lat' dir='ltr'>conscissus</span> <span class='ocrx_word' id='word_1_358' title='bbox 350 1050 406 1076; x_wconf 88' lang='lat' dir='ltr'>Cic.</span> <span class='ocrx_word' id='word_1_359' title='bbox 421 1050 497 1075; x_wconf 83' lang='lat' dir='ltr'>Vei-r.</span> <span class='ocrx_word' id='word_1_360' title='bbox 510 1048 587 1087; x_wconf 47' lang='grc'>3,.56.</span> <span class='ocrx_word' id='word_1_361' title='bbox 624 1045 748 1081; x_wconf 74' lang='lat' dir='ltr'>Qaedam</span> <span class='ocrx_word' id='word_1_362' title='bbox 765 1046 914 1079; x_wconf 69' lang='lat' dir='ltr'>exemplaria</span> <span class='ocrx_word' id='word_1_363' title='bbox 932 1045 1017 1080; x_wconf 68' lang='lat' dir='ltr'>legunt</span> <span class='ocrx_word' id='word_1_364' title='bbox 1033 1044 1103 1070; x_wconf 88' lang='lat' dir='ltr'>Con·</span> <span class='ocrx_word' id='word_1_365' title='bbox 1111 1052 1142 1078; x_wconf 81' lang='lat'>25</span> 
     </span>
    </p>
   </div>
   <div class='ocr_carea' id='block_1_18' title="bbox 28 1617 750 1650">
    <p class='ocr_par' dir='ltr' id='par_1_20' title="bbox 28 1617 750 1650">
     <span class='ocr_line' id='line_1_39' title="bbox 28 1617 750 1650; baseline -0.008 -3"><span class='ocrx_word' id='word_1_366' title='bbox 28 1617 30 1628; x_wconf 81' lang='lat'>¹</span> <span class='ocrx_word' id='word_1_367' title='bbox 61 1620 118 1647; x_wconf 85' lang='lat' dir='ltr'>fere</span> <span class='ocrx_word' id='word_1_368' title='bbox 129 1629 220 1647; x_wconf 89' lang='lat' dir='ltr'>omnes</span> <span class='ocrx_word' id='word_1_369' title='bbox 235 1619 416 1646; x_wconf 86' lang='lat' dir='ltr'>consciuerant</span> <span class='ocrx_word' id='word_1_370' title='bbox 427 1618 529 1645; x_wconf 88' lang='lat' dir='ltr'>bellum</span> <span class='ocrx_word' id='word_1_371' title='bbox 542 1617 601 1643; x_wconf 87' lang='lat' dir='ltr'>Liu.</span> <span class='ocrx_word' id='word_1_372' title='bbox 617 1625 656 1649; x_wconf 89' lang='lat' dir='ltr'>io,</span> <span class='ocrx_word' id='word_1_373' title='bbox 670 1621 695 1646; x_wconf 88' lang='grc'>18</span> <span class='ocrx_word' id='word_1_374' title='bbox 711 1625 750 1650; x_wconf 89' lang='lat' dir='ltr'>pr.</span> 
     </span>
    </p>
   </div>
   <div class='ocr_carea' id='block_1_19' title="bbox 24 1760 1100 1830">
    <p class='ocr_par' dir='ltr' id='par_1_21' title="bbox 24 1760 1100 1830">
     <span class='ocr_line' id='line_1_40' title="bbox 28 1760 654 1798; baseline -0.008 -8"><span class='ocrx_word' id='word_1_375' title='bbox 28 1780 29 1798; x_wconf 49' lang='lat' dir='ltr'>J</span> <span class='ocrx_word' id='word_1_376' title='bbox 61 1764 145 1790; x_wconf 88' lang='lat' dir='ltr'>mnati</span> <span class='ocrx_word' id='word_1_377' title='bbox 164 1763 257 1795; x_wconf 84' lang='lat' dir='ltr'>essent,</span> <span class='ocrx_word' id='word_1_378' title='bbox 270 1760 428 1796; x_wconf 84' lang='lat' dir='ltr'>corporibus</span> <span class='ocrx_word' id='word_1_379' title='bbox 450 1760 654 1792; x_wconf 68' lang='lat' dir='ltr'>subtractis,ctc.</span> 
     </span>
     <span class='ocr_line' id='line_1_41' title="bbox 24 1794 1100 1830; baseline -0.006 -2"><span class='ocrx_word' id='word_1_380' title='bbox 24 1804 29 1828; x_wconf 66' lang='grc' dir='ltr'>,ἰ</span> <span class='ocrx_word' id='word_1_381' title='bbox 60 1798 203 1826; x_wconf 87' lang='lat' dir='ltr'>incolumis</span> <span class='ocrx_word' id='word_1_382' title='bbox 223 1799 331 1826; x_wconf 87' lang='lat' dir='ltr'>Caesare</span> <span class='ocrx_word' id='word_1_383' title='bbox 359 1797 425 1823; x_wconf 91' lang='lat' dir='ltr'>viuo</span> <span class='ocrx_word' id='word_1_384' title='bbox 443 1796 484 1823; x_wconf 87' lang='lat' dir='ltr'>fui</span> <span class='ocrx_word' id='word_1_385' title='bbox 497 1815 506 1829; x_wconf 88' lang='lat'>,</span> <span class='ocrx_word' id='word_1_386' title='bbox 530 1795 577 1821; x_wconf 85' lang='lat' dir='ltr'>nisi</span> <span class='ocrx_word' id='word_1_387' title='bbox 599 1795 735 1830; x_wconf 88' lang='lat' dir='ltr'>postquam</span> <span class='ocrx_word' id='word_1_388' title='bbox 757 1794 825 1821; x_wconf 90' lang='lat' dir='ltr'>illud</span> <span class='ocrx_word' id='word_1_389' title='bbox 843 1795 959 1821; x_wconf 86' lang='lat' dir='ltr'>consciui</span> <span class='ocrx_word' id='word_1_390' title='bbox 978 1796 1100 1823; x_wconf 79' lang='lat' dir='ltr'>Facinus.</span> 
     </span>
    </p>
   </div>
   <div class='ocr_carea' id='block_1_20' title="bbox 18 1138 34 3800">
    <p class='ocr_par' dir='ltr' id='par_1_22' title="bbox 18 1138 34 3800">
     <span class='ocr_line' id='line_1_42' title="bbox 18 1138 34 3800; baseline 0 0"><span class='ocrx_word' id='word_1_391' title='bbox 18 1138 34 3800; x_wconf 95' lang='lat' dir='ltr'> </span> 
     </span>
    </p>
   </div>
   <div class='ocr_carea' id='block_1_21' title="bbox 17 3791 856 3828">
    <p class='ocr_par' dir='ltr' id='par_1_23' title="bbox 17 3791 856 3828">
     <span class='ocr_line' id='line_1_43' title="bbox 17 3791 856 3828; baseline 0.006 -13"><span class='ocrx_word' id='word_1_392' title='bbox 17 3805 19 3815; x_wconf 57' lang='grc'>1</span> <span class='ocrx_word' id='word_1_393' title='bbox 63 3799 85 3824; x_wconf 83' lang='lat' dir='ltr'>i,</span> <span class='ocrx_word' id='word_1_394' title='bbox 96 3799 124 3824; x_wconf 93' lang='lat'>9,</span> <span class='ocrx_word' id='word_1_395' title='bbox 137 3791 196 3823; x_wconf 65' lang='grc' dir='ltr'>(ΒΓ.</span> <span class='ocrx_word' id='word_1_396' title='bbox 209 3793 256 3822; x_wconf 86' lang='lat'>10)</span> <span class='ocrx_word' id='word_1_397' title='bbox 270 3799 301 3824; x_wconf 86' lang='lat'>41</span> <span class='ocrx_word' id='word_1_398' title='bbox 328 3793 423 3820; x_wconf 88' lang='lat' dir='ltr'>Verbis</span> <span class='ocrx_word' id='word_1_399' title='bbox 445 3802 478 3819; x_wconf 89' lang='lat' dir='ltr'>ne</span> <span class='ocrx_word' id='word_1_400' title='bbox 497 3794 638 3828; x_wconf 86' lang='lat' dir='ltr'>quisquam</span> <span class='ocrx_word' id='word_1_401' title='bbox 650 3793 769 3820; x_wconf 73' lang='lat' dir='ltr'>conscius</span> <span class='ocrx_word' id='word_1_402' title='bbox 787 3793 856 3820; x_wconf 85' lang='lat' dir='ltr'>ess&#39;et.</span> 
     </span>
    </p>
   </div>
   <div class='ocr_carea' id='block_1_22' title="bbox 30 1372 256 1412">
    <p class='ocr_par' dir='ltr' id='par_1_24' title="bbox 30 1372 256 1412">
     <span class='ocr_line' id='line_1_44' title="bbox 30 1372 256 1412; baseline -0.009 -12"><span class='ocrx_word' id='word_1_403' title='bbox 30 1402 31 1412; x_wconf 23' lang='lat'>¹</span> <span class='ocrx_word' id='word_1_404' title='bbox 64 1373 105 1400; x_wconf 80' lang='lat' dir='ltr'>vel</span> <span class='ocrx_word' id='word_1_405' title='bbox 116 1375 186 1399; x_wconf 82' lang='lat' dir='ltr'>intra</span> <span class='ocrx_word' id='word_1_406' title='bbox 192 1372 221 1409; x_wconf 77' lang='lat' dir='ltr'>se</span> <span class='ocrx_word' id='word_1_407' title='bbox 232 1378 256 1398; x_wconf 79' lang='lat' dir='ltr'>et</span> 
     </span>
    </p>
   </div>
   <div class='ocr_carea' id='block_1_23' title="bbox 64 935 1105 1230">
    <p class='ocr_par' dir='ltr' id='par_1_25' title="bbox 64 935 1105 1230">
     <span class='ocr_line' id='line_1_45' title="bbox 100 935 1104 975; baseline -0.007 -5"><span class='ocrx_word' id='word_1_408' title='bbox 100 949 118 970; x_wconf 90' lang='lat' dir='ltr'>c</span> <span class='ocrx_word' id='word_1_409' title='bbox 127 949 146 970; x_wconf 94' lang='grc' dir='ltr'>ο</span> <span class='ocrx_word' id='word_1_410' title='bbox 154 950 176 969; x_wconf 98' lang='grc' dir='ltr'>Ν</span> <span class='ocrx_word' id='word_1_411' title='bbox 186 951 199 969; x_wconf 78' lang='lat' dir='ltr'>s</span> <span class='ocrx_word' id='word_1_412' title='bbox 208 949 264 969; x_wconf 81' lang='lat' dir='ltr'>Cis</span> <span class='ocrx_word' id='word_1_413' title='bbox 273 950 285 969; x_wconf 83' lang='lat' dir='ltr'>s</span> <span class='ocrx_word' id='word_1_414' title='bbox 295 949 315 967; x_wconf 95' lang='lat' dir='ltr'>v</span> <span class='ocrx_word' id='word_1_415' title='bbox 325 945 384 974; x_wconf 52' lang='lat' dir='ltr'>s,*a‚</span> <span class='ocrx_word' id='word_1_416' title='bbox 401 951 454 969; x_wconf 83' lang='grc'>11111.</span> <span class='ocrx_word' id='word_1_417' title='bbox 473 943 539 968; x_wconf 83' lang='lat' dir='ltr'>Part.</span> <span class='ocrx_word' id='word_1_418' title='bbox 562 937 748 975; x_wconf 64' lang='grc' dir='ltr'>[ὢεχισμένος]</span> <span class='ocrx_word' id='word_1_419' title='bbox 787 939 836 970; x_wconf 79' lang='lat' dir='ltr'>Vt,</span> <span class='ocrx_word' id='word_1_420' title='bbox 858 938 987 964; x_wconf 79' lang='lat' dir='ltr'>Consciffa</span> <span class='ocrx_word' id='word_1_421' title='bbox 1005 935 1104 972; x_wconf 80' lang='lat' dir='ltr'>pallula</span> 
     </span>
     <span class='ocr_line' id='line_1_46' title="bbox 468 973 1103 1011; baseline -0.006 -8"><span class='ocrx_word' id='word_1_422' title='bbox 468 975 582 1011; x_wconf 81' lang='lat' dir='ltr'>Epistola</span> <span class='ocrx_word' id='word_1_423' title='bbox 595 975 714 1001; x_wconf 78' lang='lat' dir='ltr'>consciisa</span> <span class='ocrx_word' id='word_1_424' title='bbox 734 973 789 1000; x_wconf 85' lang='lat' dir='ltr'>Cic.</span> <span class='ocrx_word' id='word_1_425' title='bbox 804 974 875 1000; x_wconf 86' lang='lat' dir='ltr'>Fam.</span> <span class='ocrx_word' id='word_1_426' title='bbox 890 980 918 1009; x_wconf 86' lang='lat'>7,</span> <span class='ocrx_word' id='word_1_427' title='bbox 934 976 973 1000; x_wconf 80' lang='lat'>26.</span> <span class='ocrx_word' id='word_1_428' title='bbox 1045 973 1103 1000; x_wconf 89' lang='lat' dir='ltr'>Nu-</span> 
     </span>
     <span class='ocr_line' id='line_1_47' title="bbox 64 1009 1104 1047; baseline -0.007 -6"><span class='ocrx_word' id='word_1_429' title='bbox 64 1014 142 1041; x_wconf 84' lang='lat' dir='ltr'>bibus</span> <span class='ocrx_word' id='word_1_430' title='bbox 155 1014 280 1040; x_wconf 84' lang='lat' dir='ltr'>conscissis</span> <span class='ocrx_word' id='word_1_431' title='bbox 293 1014 387 1041; x_wconf 88' lang='lat' dir='ltr'>orbem</span> <span class='ocrx_word' id='word_1_432' title='bbox 402 1014 474 1040; x_wconf 90' lang='lat' dir='ltr'>Luna</span> <span class='ocrx_word' id='word_1_433' title='bbox 488 1011 599 1047; x_wconf 83' lang='lat' dir='ltr'>protulit</span> <span class='ocrx_word' id='word_1_434' title='bbox 612 1010 674 1037; x_wconf 88' lang='lat' dir='ltr'>Stat.</span> <span class='ocrx_word' id='word_1_435' title='bbox 682 1009 774 1036; x_wconf 83' lang='lat' dir='ltr'>Theb.</span> <span class='ocrx_word' id='word_1_436' title='bbox 789 1018 827 1041; x_wconf 84' lang='lat'>12,</span> <span class='ocrx_word' id='word_1_437' title='bbox 841 1017 893 1041; x_wconf 82' lang='lat'>310.</span> <span class='ocrx_word' id='word_1_438' title='bbox 964 1009 1060 1042; x_wconf 86' lang='lat' dir='ltr'>Pugnis</span> <span class='ocrx_word' id='word_1_439' title='bbox 1077 1013 1104 1034; x_wconf 83' lang='lat' dir='ltr'>et</span> 
     </span>
     <span class='ocr_line' id='line_1_48' title="bbox 64 1078 1103 1119; baseline -0.009 -5"><span class='ocrx_word' id='word_1_440' title='bbox 64 1086 140 1113; x_wconf 81' lang='lat' dir='ltr'>cisus.</span> <span class='ocrx_word' id='word_1_441' title='bbox 174 1086 216 1113; x_wconf 81' lang='lat' dir='ltr'>Sic</span> <span class='ocrx_word' id='word_1_442' title='bbox 235 1085 308 1113; x_wconf 84' lang='lat' dir='ltr'>Plebs</span> <span class='ocrx_word' id='word_1_443' title='bbox 322 1086 440 1113; x_wconf 81' lang='lat' dir='ltr'>Romana</span> <span class='ocrx_word' id='word_1_444' title='bbox 457 1091 560 1119; x_wconf 84' lang='lat' dir='ltr'>pecoris</span> <span class='ocrx_word' id='word_1_445' title='bbox 578 1082 660 1108; x_wconf 87' lang='lat' dir='ltr'>modo</span> <span class='ocrx_word' id='word_1_446' title='bbox 673 1081 794 1108; x_wconf 73' lang='lat' dir='ltr'>conscissa</span> <span class='ocrx_word' id='word_1_447' title='bbox 809 1080 867 1107; x_wconf 85' lang='lat' dir='ltr'>Sall.</span> <span class='ocrx_word' id='word_1_448' title='bbox 881 1080 913 1107; x_wconf 88' lang='lat' dir='ltr'>de</span> <span class='ocrx_word' id='word_1_449' title='bbox 925 1081 990 1114; x_wconf 85' lang='lat' dir='ltr'>Rep.</span> <span class='ocrx_word' id='word_1_450' title='bbox 1003 1078 1068 1106; x_wconf 82' lang='lat' dir='ltr'>Ord.</span> <span class='ocrx_word' id='word_1_451' title='bbox 1082 1086 1103 1110; x_wconf 84' lang='lat'>1,</span> 
     </span>
     <span class='ocr_line' id='line_1_49' title="bbox 64 1118 820 1159; baseline -0.009 -10"><span class='ocrx_word' id='word_1_452' title='bbox 64 1122 119 1159; x_wconf 80' lang='lat' dir='ltr'>4f.</span> <span class='ocrx_word' id='word_1_453' title='bbox 135 1122 246 1149; x_wconf 85' lang='lat' dir='ltr'>concisa.</span> <span class='ocrx_word' id='word_1_454' title='bbox 319 1121 404 1148; x_wconf 78' lang='lat' dir='ltr'>Vestis</span> <span class='ocrx_word' id='word_1_455' title='bbox 418 1119 539 1147; x_wconf 70' lang='lat' dir='ltr'>conscilia</span> <span class='ocrx_word' id='word_1_456' title='bbox 555 1118 623 1157; x_wconf 70' lang='lat' dir='ltr'>Tei-3</span> <span class='ocrx_word' id='word_1_457' title='bbox 638 1118 704 1144; x_wconf 86' lang='lat' dir='ltr'>Eun.</span> <span class='ocrx_word' id='word_1_458' title='bbox 718 1125 741 1149; x_wconf 79' lang='grc' dir='ltr'>ς,</span> <span class='ocrx_word' id='word_1_459' title='bbox 757 1125 820 1157; x_wconf 39' lang='grc'>1,.4.</span> 
     </span>
     <span class='ocr_line' id='line_1_50' title="bbox 99 1150 1104 1191; baseline -0.009 -6"><span class='ocrx_word' id='word_1_460' title='bbox 99 1164 117 1185; x_wconf 86' lang='lat' dir='ltr'>c</span> <span class='ocrx_word' id='word_1_461' title='bbox 127 1163 147 1185; x_wconf 90' lang='grc' dir='ltr'>Ο</span> <span class='ocrx_word' id='word_1_462' title='bbox 158 1165 225 1186; x_wconf 81' lang='lat' dir='ltr'>Nsc</span> <span class='ocrx_word' id='word_1_463' title='bbox 235 1163 264 1184; x_wconf 80' lang='lat' dir='ltr'>is</span> <span class='ocrx_word' id='word_1_464' title='bbox 274 1163 333 1185; x_wconf 81' lang='lat' dir='ltr'>sto</span> <span class='ocrx_word' id='word_1_465' title='bbox 344 1177 352 1190; x_wconf 92' lang='grc'>,</span> <span class='ocrx_word' id='word_1_466' title='bbox 370 1156 438 1183; x_wconf 75' lang='lat' dir='ltr'>onis.</span> <span class='ocrx_word' id='word_1_467' title='bbox 459 1155 478 1182; x_wconf 86' lang='lat' dir='ltr'>f.</span> <span class='ocrx_word' id='word_1_468' title='bbox 515 1153 652 1188; x_wconf 80' lang='lat' dir='ltr'>Augustin.</span> <span class='ocrx_word' id='word_1_469' title='bbox 672 1152 704 1178; x_wconf 88' lang='lat' dir='ltr'>de</span> <span class='ocrx_word' id='word_1_470' title='bbox 719 1152 821 1179; x_wconf 80' lang='lat' dir='ltr'>Morib.</span> <span class='ocrx_word' id='word_1_471' title='bbox 840 1151 904 1191; x_wconf 62' lang='lat' dir='ltr'>eccl.</span> <span class='ocrx_word' id='word_1_472' title='bbox 917 1150 1012 1177; x_wconf 90' lang='lat' dir='ltr'>cathol.</span> <span class='ocrx_word' id='word_1_473' title='bbox 1027 1158 1048 1176; x_wconf 92' lang='lat' dir='ltr'>c.</span> <span class='ocrx_word' id='word_1_474' title='bbox 1062 1158 1104 1191; x_wconf 76' lang='grc'>34.</span> 
     </span>
     <span class='ocr_line' id='line_1_51' title="bbox 99 1186 1105 1230; baseline -0.01 -9"><span class='ocrx_word' id='word_1_475' title='bbox 99 1200 118 1221; x_wconf 89' lang='lat' dir='ltr'>c</span> <span class='ocrx_word' id='word_1_476' title='bbox 127 1201 145 1220; x_wconf 95' lang='lat' dir='ltr'>o</span> <span class='ocrx_word' id='word_1_477' title='bbox 156 1201 178 1220; x_wconf 89' lang='grc' dir='ltr'>Ν</span> <span class='ocrx_word' id='word_1_478' title='bbox 187 1200 199 1220; x_wconf 83' lang='lat' dir='ltr'>s</span> <span class='ocrx_word' id='word_1_479' title='bbox 208 1200 225 1221; x_wconf 92' lang='lat' dir='ltr'>c</span> <span class='ocrx_word' id='word_1_480' title='bbox 234 1201 244 1220; x_wconf 94' lang='lat'>1</span> <span class='ocrx_word' id='word_1_481' title='bbox 253 1201 266 1220; x_wconf 87' lang='lat' dir='ltr'>s</span> <span class='ocrx_word' id='word_1_482' title='bbox 275 1199 287 1219; x_wconf 84' lang='lat' dir='ltr'>s</span> <span class='ocrx_word' id='word_1_483' title='bbox 297 1193 317 1219; x_wconf 61' lang='lat' dir='ltr'>s*</span> <span class='ocrx_word' id='word_1_484' title='bbox 327 1200 344 1220; x_wconf 73' lang='lat' dir='ltr'>n</span> <span class='ocrx_word' id='word_1_485' title='bbox 354 1199 374 1219; x_wconf 79' lang='grc' dir='ltr'><strong>Α</strong></span> <span class='ocrx_word' id='word_1_486' title='bbox 383 1212 390 1225; x_wconf 94' lang='grc'>,</span> <span class='ocrx_word' id='word_1_487' title='bbox 411 1200 451 1218; x_wconf 81' lang='lat' dir='ltr'>ae.</span> <span class='ocrx_word' id='word_1_488' title='bbox 469 1191 488 1217; x_wconf 87' lang='lat' dir='ltr'>f.</span> <span class='ocrx_word' id='word_1_489' title='bbox 510 1190 523 1224; x_wconf 93' lang='lat'>[</span> <span class='ocrx_word' id='word_1_490' title='bbox 530 1187 663 1230; x_wconf 61' lang='grc' dir='ltr'>ᾇιαρρωγὴ]</span> <span class='ocrx_word' id='word_1_491' title='bbox 684 1188 744 1223; x_wconf 76' lang='lat' dir='ltr'>Ipsa</span> <span class='ocrx_word' id='word_1_492' title='bbox 756 1191 849 1224; x_wconf 72' lang='lat' dir='ltr'>ruptio.</span> <span class='ocrx_word' id='word_1_493' title='bbox 868 1187 933 1213; x_wconf 87' lang='lat' dir='ltr'>Plin.</span> <span class='ocrx_word' id='word_1_494' title='bbox 948 1195 989 1219; x_wconf 82' lang='lat'>34,</span> <span class='ocrx_word' id='word_1_495' title='bbox 1003 1191 1016 1216; x_wconf 75' lang='grc'>8</span> <span class='ocrx_word' id='word_1_496' title='bbox 1035 1186 1105 1212; x_wconf 81' lang='lat' dir='ltr'>Dein</span> 
     </span>
    </p>
   </div>
   <div class='ocr_carea' id='block_1_24' title="bbox 63 1221 1143 1266">
    <p class='ocr_par' dir='ltr' id='par_1_26' title="bbox 63 1221 1143 1266">
     <span class='ocr_line' id='line_1_52' title="bbox 63 1221 1143 1266; baseline -0.009 -9"><span class='ocrx_word' id='word_1_497' title='bbox 63 1237 148 1266; x_wconf 87' lang='lat' dir='ltr'>quum</span> <span class='ocrx_word' id='word_1_498' title='bbox 161 1230 248 1265; x_wconf 90' lang='lat' dir='ltr'>pretio</span> <span class='ocrx_word' id='word_1_499' title='bbox 263 1229 376 1264; x_wconf 80' lang='lat' dir='ltr'>periisset</span> <span class='ocrx_word' id='word_1_500' title='bbox 389 1228 472 1263; x_wconf 78' lang='lat' dir='ltr'>gratia</span> <span class='ocrx_word' id='word_1_501' title='bbox 486 1233 565 1258; x_wconf 69' lang='grc'>31115,</span> <span class='ocrx_word' id='word_1_502' title='bbox 579 1223 725 1252; x_wconf 71' lang='lat' dir='ltr'>detractum</span> <span class='ocrx_word' id='word_1_503' title='bbox 738 1223 773 1250; x_wconf 87' lang='lat' dir='ltr'>est</span> <span class='ocrx_word' id='word_1_504' title='bbox 786 1231 878 1250; x_wconf 88' lang='lat' dir='ltr'>aurum</span> <span class='ocrx_word' id='word_1_505' title='bbox 887 1242 895 1254; x_wconf 94' lang='lat'>‚</span> <span class='ocrx_word' id='word_1_506' title='bbox 910 1221 1104 1256; x_wconf 86' lang='lat' dir='ltr'>pretiosiorque</span> <span class='ocrx_word' id='word_1_507' title='bbox 1111 1227 1143 1254; x_wconf 82' lang='grc' dir='ltr'>3ο</span> 
     </span>
    </p>
   </div>
   <div class='ocr_carea' id='block_1_25' title="bbox 63 1257 1106 1407">
    <p class='ocr_par' dir='ltr' id='par_1_27' title="bbox 63 1257 1106 1332">
     <span class='ocr_line' id='line_1_53' title="bbox 63 1257 1106 1298; baseline -0.009 -5"><span class='ocrx_word' id='word_1_508' title='bbox 63 1265 124 1293; x_wconf 77' lang='lat' dir='ltr'>talis</span> <span class='ocrx_word' id='word_1_509' title='bbox 137 1265 314 1297; x_wconf 82' lang='lat' dir='ltr'>existimatur,</span> <span class='ocrx_word' id='word_1_510' title='bbox 333 1264 413 1291; x_wconf 89' lang='lat' dir='ltr'>etiam</span> <span class='ocrx_word' id='word_1_511' title='bbox 428 1261 595 1290; x_wconf 80' lang='lat' dir='ltr'>cicatricibus</span> <span class='ocrx_word' id='word_1_512' title='bbox 614 1260 702 1295; x_wconf 83' lang='lat' dir='ltr'>operis</span> <span class='ocrx_word' id='word_1_513' title='bbox 715 1266 795 1294; x_wconf 89' lang='lat' dir='ltr'>atque</span> <span class='ocrx_word' id='word_1_514' title='bbox 813 1258 993 1298; x_wconf 76' lang='lat' dir='ltr'>conscissuris,</span> <span class='ocrx_word' id='word_1_515' title='bbox 1006 1257 1035 1284; x_wconf 90' lang='lat' dir='ltr'>in</span> <span class='ocrx_word' id='word_1_516' title='bbox 1047 1257 1106 1293; x_wconf 87' lang='lat' dir='ltr'>qui-</span> 
     </span>
     <span class='ocr_line' id='line_1_54' title="bbox 64 1294 1014 1332; baseline -0.012 -3"><span class='ocrx_word' id='word_1_517' title='bbox 64 1299 114 1328; x_wconf 79' lang='lat' dir='ltr'>bus</span> <span class='ocrx_word' id='word_1_518' title='bbox 126 1309 219 1328; x_wconf 87' lang='lat' dir='ltr'>aurum</span> <span class='ocrx_word' id='word_1_519' title='bbox 232 1300 362 1332; x_wconf 86' lang='lat' dir='ltr'>haeserat,</span> <span class='ocrx_word' id='word_1_520' title='bbox 377 1298 583 1326; x_wconf 77' lang='lat' dir='ltr'>remanentibm.</span> <span class='ocrx_word' id='word_1_521' title='bbox 619 1295 747 1325; x_wconf 83' lang='lat' dir='ltr'>Harduin.</span> <span class='ocrx_word' id='word_1_522' title='bbox 762 1294 926 1322; x_wconf 87' lang='lat' dir='ltr'>Conscisuris</span> <span class='ocrx_word' id='word_1_523' title='bbox 944 1295 1014 1329; x_wconf 77' lang='lat' dir='ltr'>legit.</span> 
     </span>
    </p>

    <p class='ocr_par' dir='ltr' id='par_1_28' title="bbox 102 1327 1105 1407">
     <span class='ocr_line' id='line_1_55' title="bbox 102 1327 1105 1369; baseline -0.01 -6"><span class='ocrx_word' id='word_1_524' title='bbox 102 1342 119 1363; x_wconf 88' lang='lat' dir='ltr'>C</span> <span class='ocrx_word' id='word_1_525' title='bbox 129 1343 148 1364; x_wconf 95' lang='lat'>0</span> <span class='ocrx_word' id='word_1_526' title='bbox 157 1343 178 1362; x_wconf 86' lang='lat' dir='ltr'>N</span> <span class='ocrx_word' id='word_1_527' title='bbox 187 1345 200 1364; x_wconf 89' lang='lat' dir='ltr'>s</span> <span class='ocrx_word' id='word_1_528' title='bbox 209 1343 226 1364; x_wconf 89' lang='lat' dir='ltr'>c</span> <span class='ocrx_word' id='word_1_529' title='bbox 235 1343 245 1363; x_wconf 89' lang='lat'>1</span> <span class='ocrx_word' id='word_1_530' title='bbox 253 1341 272 1363; x_wconf 89' lang='lat' dir='ltr'>O</span> <span class='ocrx_word' id='word_1_531' title='bbox 286 1355 296 1369; x_wconf 87' lang='lat'>,</span> <span class='ocrx_word' id='word_1_532' title='bbox 317 1336 399 1367; x_wconf 81' lang='lat' dir='ltr'>sciui,</span> <span class='ocrx_word' id='word_1_533' title='bbox 425 1335 517 1361; x_wconf 79' lang='lat' dir='ltr'>scitum</span> <span class='ocrx_word' id='word_1_534' title='bbox 526 1354 534 1367; x_wconf 93' lang='lat'>,</span> <span class='ocrx_word' id='word_1_535' title='bbox 558 1337 604 1360; x_wconf 82' lang='lat' dir='ltr'>ire.</span> <span class='ocrx_word' id='word_1_536' title='bbox 647 1331 762 1366; x_wconf 70' lang='grc' dir='ltr'>[συνίημι</span> <span class='ocrx_word' id='word_1_537' title='bbox 769 1350 777 1363; x_wconf 92' lang='grc'>,</span> <span class='ocrx_word' id='word_1_538' title='bbox 796 1327 907 1363; x_wconf 69' lang='grc' dir='ltr'>σύνοιδα]</span> <span class='ocrx_word' id='word_1_539' title='bbox 947 1331 1003 1369; x_wconf 28' lang='grc' dir='ltr'><em>νιηια</em></span> <span class='ocrx_word' id='word_1_540' title='bbox 1021 1328 1090 1365; x_wconf 63' lang='lat' dir='ltr'>seire</span> <span class='ocrx_word' id='word_1_541' title='bbox 1097 1347 1105 1360; x_wconf 82' lang='lat'>,</span> 
     </span>
     <span class='ocr_line' id='line_1_56' title="bbox 301 1365 1105 1407; baseline -0.007 -10"><span class='ocrx_word' id='word_1_542' title='bbox 301 1371 334 1397; x_wconf 86' lang='lat' dir='ltr'>ud</span> <span class='ocrx_word' id='word_1_543' title='bbox 345 1370 531 1407; x_wconf 72' lang='lat' dir='ltr'>animumjimm</span> <span class='ocrx_word' id='word_1_544' title='bbox 538 1369 614 1405; x_wconf 79' lang='lat' dir='ltr'>scire.</span> <span class='ocrx_word' id='word_1_545' title='bbox 648 1368 716 1394; x_wconf 86' lang='lat' dir='ltr'>Hor.</span> <span class='ocrx_word' id='word_1_546' title='bbox 730 1365 808 1400; x_wconf 79' lang='lat' dir='ltr'>Epist.</span> <span class='ocrx_word' id='word_1_547' title='bbox 824 1374 844 1397; x_wconf 90' lang='lat'>1,</span> <span class='ocrx_word' id='word_1_548' title='bbox 859 1374 879 1397; x_wconf 89' lang='grc'>1,</span> <span class='ocrx_word' id='word_1_549' title='bbox 892 1368 927 1391; x_wconf 89' lang='lat'>60</span> <span class='ocrx_word' id='word_1_550' title='bbox 946 1366 998 1392; x_wconf 87' lang='lat' dir='ltr'>Hic</span> <span class='ocrx_word' id='word_1_551' title='bbox 1012 1373 1105 1391; x_wconf 82' lang='lat' dir='ltr'>murus</span> 
     </span>
    </p>
   </div>
   <div class='ocr_carea' id='block_1_26' title="bbox 65 1400 889 1437">
    <p class='ocr_par' dir='ltr' id='par_1_29' title="bbox 65 1400 889 1437">
     <span class='ocr_line' id='line_1_57' title="bbox 65 1400 889 1437; baseline -0.011 -2"><span class='ocrx_word' id='word_1_552' title='bbox 65 1408 178 1435; x_wconf 80' lang='lat' dir='ltr'>aheneus</span> <span class='ocrx_word' id='word_1_553' title='bbox 192 1407 245 1435; x_wconf 82' lang='lat' dir='ltr'>esto</span> <span class='ocrx_word' id='word_1_554' title='bbox 296 1407 315 1434; x_wconf 91' lang='lat' dir='ltr'>il</span> <span class='ocrx_word' id='word_1_555' title='bbox 336 1406 453 1434; x_wconf 84' lang='lat' dir='ltr'>conscire</span> <span class='ocrx_word' id='word_1_556' title='bbox 474 1404 623 1437; x_wconf 86' lang='lat' dir='ltr'>fibi‚nulla</span> <span class='ocrx_word' id='word_1_557' title='bbox 644 1402 786 1437; x_wconf 86' lang='lat' dir='ltr'>pallescere</span> <span class='ocrx_word' id='word_1_558' title='bbox 805 1400 889 1436; x_wconf 89' lang='lat' dir='ltr'>culpa.</span> 
     </span>
    </p>
   </div>
   <div class='ocr_carea' id='block_1_27' title="bbox 30 1437 782 1485">
    <p class='ocr_par' dir='ltr' id='par_1_30' title="bbox 30 1437 782 1485">
     <span class='ocr_line' id='line_1_58' title="bbox 30 1437 782 1485; baseline -0.012 -14"><span class='ocrx_word' id='word_1_559' title='bbox 30 1479 31 1485; x_wconf 14' lang='grc' dir='ltr'>ἵ</span> <span class='ocrx_word' id='word_1_560' title='bbox 65 1443 202 1476; x_wconf 84' lang='lat' dir='ltr'>Christus,</span> <span class='ocrx_word' id='word_1_561' title='bbox 216 1443 282 1478; x_wconf 91' lang='lat' dir='ltr'>quid</span> <span class='ocrx_word' id='word_1_562' title='bbox 296 1443 356 1470; x_wconf 79' lang='lat' dir='ltr'>esset</span> <span class='ocrx_word' id='word_1_563' title='bbox 368 1442 487 1469; x_wconf 87' lang='lat' dir='ltr'>Tertull.</span> <span class='ocrx_word' id='word_1_564' title='bbox 502 1441 534 1467; x_wconf 92' lang='lat' dir='ltr'>de</span> <span class='ocrx_word' id='word_1_565' title='bbox 547 1440 631 1466; x_wconf 88' lang='lat' dir='ltr'>Carne</span> <span class='ocrx_word' id='word_1_566' title='bbox 645 1437 707 1464; x_wconf 89' lang='lat' dir='ltr'>Chr.</span> <span class='ocrx_word' id='word_1_567' title='bbox 722 1447 743 1464; x_wconf 91' lang='lat' dir='ltr'>c.</span> <span class='ocrx_word' id='word_1_568' title='bbox 752 1446 782 1471; x_wconf 76' lang='grc'>,3.</span> 
     </span>
    </p>
   </div>
   <div class='ocr_carea' id='block_1_28' title="bbox 102 1471 1103 1510">
    <p class='ocr_par' dir='ltr' id='par_1_31' title="bbox 102 1471 1103 1510">
     <span class='ocr_line' id='line_1_59' title="bbox 102 1471 1103 1510; baseline -0.009 -4"><span class='ocrx_word' id='word_1_569' title='bbox 102 1485 121 1507; x_wconf 89' lang='lat' dir='ltr'><strong>c</strong></span> <span class='ocrx_word' id='word_1_570' title='bbox 132 1485 151 1506; x_wconf 91' lang='lat' dir='ltr'>O</span> <span class='ocrx_word' id='word_1_571' title='bbox 160 1487 181 1506; x_wconf 86' lang='lat' dir='ltr'>N</span> <span class='ocrx_word' id='word_1_572' title='bbox 190 1486 203 1506; x_wconf 85' lang='lat' dir='ltr'>S</span> <span class='ocrx_word' id='word_1_573' title='bbox 212 1485 228 1505; x_wconf 91' lang='lat' dir='ltr'>C</span> <span class='ocrx_word' id='word_1_574' title='bbox 239 1485 248 1505; x_wconf 91' lang='grc'>1</span> <span class='ocrx_word' id='word_1_575' title='bbox 260 1486 272 1506; x_wconf 87' lang='lat' dir='ltr'>s</span> <span class='ocrx_word' id='word_1_576' title='bbox 283 1484 300 1506; x_wconf 88' lang='lat' dir='ltr'>C</span> <span class='ocrx_word' id='word_1_577' title='bbox 311 1486 330 1506; x_wconf 91' lang='lat' dir='ltr'>O</span> <span class='ocrx_word' id='word_1_578' title='bbox 343 1498 352 1510; x_wconf 90' lang='lat'>,</span> <span class='ocrx_word' id='word_1_579' title='bbox 381 1478 462 1509; x_wconf 82' lang='lat' dir='ltr'>sciui,</span> <span class='ocrx_word' id='word_1_580' title='bbox 491 1477 583 1502; x_wconf 78' lang='lat' dir='ltr'>scitum</span> <span class='ocrx_word' id='word_1_581' title='bbox 592 1494 599 1506; x_wconf 90' lang='lat'>‚</span> <span class='ocrx_word' id='word_1_582' title='bbox 629 1475 682 1500; x_wconf 61' lang='lat' dir='ltr'>ere.</span> <span class='ocrx_word' id='word_1_583' title='bbox 729 1474 741 1506; x_wconf 91' lang='lat'>[</span> <span class='ocrx_word' id='word_1_584' title='bbox 752 1471 908 1509; x_wconf 70' lang='grc' dir='ltr'>ψηφίζομαι,</span> <span class='ocrx_word' id='word_1_585' title='bbox 938 1471 1103 1509; x_wconf 59' lang='lat' dir='ltr'>ufvo-dymni,</span> 
     </span>
    </p>
   </div>
   <div class='ocr_carea' id='block_1_29' title="bbox 29 1506 1103 1553">
    <p class='ocr_par' dir='ltr' id='par_1_32' title="bbox 29 1506 1103 1553">
     <span class='ocr_line' id='line_1_60' title="bbox 29 1506 1103 1553; baseline -0.004 -14"><span class='ocrx_word' id='word_1_586' title='bbox 29 1506 31 1533; x_wconf 60' lang='lat' dir='ltr'>s</span> <span class='ocrx_word' id='word_1_587' title='bbox 63 1516 218 1549; x_wconf 69' lang='grc' dir='ltr'><strong><em>δκισπῶμαι]</em></strong></span> <span class='ocrx_word' id='word_1_588' title='bbox 253 1515 364 1542; x_wconf 67' lang='lat' dir='ltr'>statuere</span> <span class='ocrx_word' id='word_1_589' title='bbox 382 1512 451 1547; x_wconf 75' lang='lat' dir='ltr'>apud</span> <span class='ocrx_word' id='word_1_590' title='bbox 461 1511 506 1553; x_wconf 78' lang='lat' dir='ltr'>se,</span> <span class='ocrx_word' id='word_1_591' title='bbox 521 1517 545 1536; x_wconf 80' lang='lat' dir='ltr'>et</span> <span class='ocrx_word' id='word_1_592' title='bbox 565 1510 709 1538; x_wconf 53' lang='lat' dir='ltr'>decernerG</span> <span class='ocrx_word' id='word_1_593' title='bbox 734 1515 764 1535; x_wconf 68' lang='lat' dir='ltr'>vt</span> <span class='ocrx_word' id='word_1_594' title='bbox 781 1509 904 1542; x_wconf 73' lang='lat' dir='ltr'>sciscere,</span> <span class='ocrx_word' id='word_1_595' title='bbox 919 1509 984 1536; x_wconf 79' lang='lat' dir='ltr'>vnde</span> <span class='ocrx_word' id='word_1_596' title='bbox 1003 1510 1103 1536; x_wconf 89' lang='lat' dir='ltr'>Scitum</span> 
     </span>
    </p>
   </div>
   <div class='ocr_carea' id='block_1_30' title="bbox 60 1545 1104 1757">
    <p class='ocr_par' dir='ltr' id='par_1_33' title="bbox 60 1545 1104 1757">
     <span class='ocr_line' id='line_1_61' title="bbox 62 1545 1104 1581; baseline -0.005 -5"><span class='ocrx_word' id='word_1_597' title='bbox 62 1548 166 1576; x_wconf 57' lang='lat' dir='ltr'>dissum.</span> <span class='ocrx_word' id='word_1_598' title='bbox 201 1549 261 1576; x_wconf 84' lang='lat' dir='ltr'>Liu.</span> <span class='ocrx_word' id='word_1_599' title='bbox 276 1558 295 1581; x_wconf 91' lang='lat' dir='ltr'>i,</span> <span class='ocrx_word' id='word_1_600' title='bbox 309 1557 336 1580; x_wconf 80' lang='lat'>32</span> <span class='ocrx_word' id='word_1_601' title='bbox 361 1547 441 1581; x_wconf 84' lang='lat' dir='ltr'>Qiod</span> <span class='ocrx_word' id='word_1_602' title='bbox 454 1550 560 1573; x_wconf 57' lang='lat' dir='ltr'>senatus</span> <span class='ocrx_word' id='word_1_603' title='bbox 579 1545 673 1580; x_wconf 85' lang='lat' dir='ltr'>Populi</span> <span class='ocrx_word' id='word_1_604' title='bbox 688 1545 803 1571; x_wconf 83' lang='lat' dir='ltr'>Romani</span> <span class='ocrx_word' id='word_1_605' title='bbox 821 1545 972 1579; x_wconf 85' lang='lat' dir='ltr'>Qiiritium</span> <span class='ocrx_word' id='word_1_606' title='bbox 993 1546 1104 1578; x_wconf 86' lang='lat' dir='ltr'>censuit,</span> 
     </span>
     <span class='ocr_line' id='line_1_62' title="bbox 62 1580 961 1616; baseline -0.004 -4"><span class='ocrx_word' id='word_1_607' title='bbox 62 1585 203 1616; x_wconf 76' lang='lat' dir='ltr'>consentit,</span> <span class='ocrx_word' id='word_1_608' title='bbox 216 1584 358 1615; x_wconf 87' lang='lat' dir='ltr'>consciuit,</span> <span class='ocrx_word' id='word_1_609' title='bbox 370 1589 399 1609; x_wconf 91' lang='lat' dir='ltr'>vt</span> <span class='ocrx_word' id='word_1_610' title='bbox 413 1582 514 1609; x_wconf 89' lang='lat' dir='ltr'>bellum</span> <span class='ocrx_word' id='word_1_611' title='bbox 535 1590 594 1608; x_wconf 90' lang='lat' dir='ltr'>eum</span> <span class='ocrx_word' id='word_1_612' title='bbox 607 1580 698 1615; x_wconf 81' lang='lat' dir='ltr'>priscis</span> <span class='ocrx_word' id='word_1_613' title='bbox 707 1581 809 1607; x_wconf 90' lang='lat' dir='ltr'>Latinis</span> <span class='ocrx_word' id='word_1_614' title='bbox 823 1580 905 1611; x_wconf 84' lang='lat' dir='ltr'>fieret,</span> <span class='ocrx_word' id='word_1_615' title='bbox 915 1587 961 1608; x_wconf 78' lang='lat' dir='ltr'>etc.</span> 
     </span>
     <span class='ocr_line' id='line_1_63' title="bbox 817 1616 1102 1652; baseline 0.004 -9"><span class='ocrx_word' id='word_1_616' title='bbox 817 1616 874 1644; x_wconf 92' lang='lat' dir='ltr'>Cic.</span> <span class='ocrx_word' id='word_1_617' title='bbox 887 1616 919 1643; x_wconf 88' lang='lat' dir='ltr'>de</span> <span class='ocrx_word' id='word_1_618' title='bbox 927 1616 1021 1652; x_wconf 84' lang='lat' dir='ltr'>Legib.</span> <span class='ocrx_word' id='word_1_619' title='bbox 1034 1626 1057 1650; x_wconf 88' lang='grc'>3,</span> <span class='ocrx_word' id='word_1_620' title='bbox 1073 1626 1102 1644; x_wconf 88' lang='grc'>10</span> 
     </span>
     <span class='ocr_line' id='line_1_64' title="bbox 62 1652 1101 1690; baseline -0.003 -8"><span class='ocrx_word' id='word_1_621' title='bbox 62 1656 169 1682; x_wconf 68' lang='lat' dir='ltr'>Creatio</span> <span class='ocrx_word' id='word_1_622' title='bbox 188 1655 404 1690; x_wconf 80' lang='lat' dir='ltr'>magistratuum,</span> <span class='ocrx_word' id='word_1_623' title='bbox 425 1653 523 1680; x_wconf 85' lang='lat' dir='ltr'>iudicia</span> <span class='ocrx_word' id='word_1_624' title='bbox 542 1652 650 1687; x_wconf 89' lang='lat' dir='ltr'>populi,</span> <span class='ocrx_word' id='word_1_625' title='bbox 674 1652 751 1684; x_wconf 75' lang='lat' dir='ltr'>iusta,</span> <span class='ocrx_word' id='word_1_626' title='bbox 770 1652 853 1679; x_wconf 75' lang='lat' dir='ltr'>vetita</span> <span class='ocrx_word' id='word_1_627' title='bbox 876 1662 959 1687; x_wconf 88' lang='lat' dir='ltr'>quum</span> <span class='ocrx_word' id='word_1_628' title='bbox 977 1652 1101 1688; x_wconf 65' lang='lat' dir='ltr'>suffiagio</span> 
     </span>
     <span class='ocr_line' id='line_1_65' title="bbox 61 1687 1101 1725; baseline -0.002 -8"><span class='ocrx_word' id='word_1_629' title='bbox 61 1691 266 1723; x_wconf 82' lang='lat' dir='ltr'>consciscentur,</span> <span class='ocrx_word' id='word_1_630' title='bbox 287 1688 461 1725; x_wconf 83' lang='lat' dir='ltr'>optimatibus</span> <span class='ocrx_word' id='word_1_631' title='bbox 476 1693 554 1721; x_wconf 88' lang='lat' dir='ltr'>nota,</span> <span class='ocrx_word' id='word_1_632' title='bbox 580 1687 651 1723; x_wconf 90' lang='lat' dir='ltr'>plebi</span> <span class='ocrx_word' id='word_1_633' title='bbox 670 1687 756 1714; x_wconf 88' lang='lat' dir='ltr'>libera</span> <span class='ocrx_word' id='word_1_634' title='bbox 773 1689 858 1714; x_wconf 90' lang='lat' dir='ltr'>sunto.</span> <span class='ocrx_word' id='word_1_635' title='bbox 930 1689 990 1714; x_wconf 88' lang='lat' dir='ltr'>Liu.</span> <span class='ocrx_word' id='word_1_636' title='bbox 1010 1697 1049 1722; x_wconf 88' lang='lat'>29,</span> <span class='ocrx_word' id='word_1_637' title='bbox 1069 1690 1101 1721; x_wconf 88' lang='grc'>36</span> 
     </span>
     <span class='ocr_line' id='line_1_66' title="bbox 60 1723 1101 1757; baseline -0.004 -3"><span class='ocrx_word' id='word_1_638' title='bbox 60 1727 150 1754; x_wconf 81' lang='lat' dir='ltr'>Postea</span> <span class='ocrx_word' id='word_1_639' title='bbox 169 1726 327 1753; x_wconf 85' lang='lat' dir='ltr'>conscientia</span> <span class='ocrx_word' id='word_1_640' title='bbox 348 1724 452 1752; x_wconf 83' lang='lat' dir='ltr'>sibimet</span> <span class='ocrx_word' id='word_1_641' title='bbox 472 1724 587 1751; x_wconf 83' lang='lat' dir='ltr'>Exilium</span> <span class='ocrx_word' id='word_1_642' title='bbox 606 1723 806 1755; x_wconf 82' lang='lat' dir='ltr'>consciscentes,</span> <span class='ocrx_word' id='word_1_643' title='bbox 822 1731 903 1757; x_wconf 89' lang='lat' dir='ltr'>quum</span> <span class='ocrx_word' id='word_1_644' title='bbox 922 1723 1039 1750; x_wconf 84' lang='lat' dir='ltr'>absentes</span> <span class='ocrx_word' id='word_1_645' title='bbox 1058 1724 1101 1750; x_wconf 90' lang='lat' dir='ltr'>da-</span> 
     </span>
    </p>
   </div>
   <div class='ocr_carea' id='block_1_31' title="bbox 59 1831 1102 2119">
    <p class='ocr_par' dir='ltr' id='par_1_34' title="bbox 59 1831 1102 2119">
     <span class='ocr_line' id='line_1_67' title="bbox 60 1831 1100 1871; baseline -0.005 -9"><span class='ocrx_word' id='word_1_646' title='bbox 60 1835 135 1871; x_wconf 81' lang='lat' dir='ltr'>Cons.</span> <span class='ocrx_word' id='word_1_647' title='bbox 151 1835 189 1862; x_wconf 83' lang='lat' dir='ltr'>id.</span> <span class='ocrx_word' id='word_1_648' title='bbox 203 1835 249 1870; x_wconf 84' lang='lat' dir='ltr'>Ep.</span> <span class='ocrx_word' id='word_1_649' title='bbox 262 1833 296 1862; x_wconf 82' lang='lat' dir='ltr'>ad</span> <span class='ocrx_word' id='word_1_650' title='bbox 309 1834 380 1862; x_wconf 83' lang='lat' dir='ltr'>Brut.</span> <span class='ocrx_word' id='word_1_651' title='bbox 396 1834 446 1860; x_wconf 64' lang='lat'>16:</span> <span class='ocrx_word' id='word_1_652' title='bbox 503 1831 563 1858; x_wconf 87' lang='lat' dir='ltr'>Liu.</span> <span class='ocrx_word' id='word_1_653' title='bbox 578 1838 599 1865; x_wconf 75' lang='grc' dir='ltr'>ς,</span> <span class='ocrx_word' id='word_1_654' title='bbox 613 1839 640 1864; x_wconf 77' lang='lat'>53</span> <span class='ocrx_word' id='word_1_655' title='bbox 671 1831 855 1857; x_wconf 88' lang='lat' dir='ltr'>Desereremus</span> <span class='ocrx_word' id='word_1_656' title='bbox 867 1837 972 1865; x_wconf 86' lang='lat' dir='ltr'>penates</span> <span class='ocrx_word' id='word_1_657' title='bbox 986 1831 1100 1863; x_wconf 88' lang='lat' dir='ltr'>nostros,</span> 
     </span>
     <span class='ocr_line' id='line_1_68' title="bbox 60 1866 1100 1907; baseline -0.005 -9"><span class='ocrx_word' id='word_1_658' title='bbox 60 1871 229 1907; x_wconf 85' lang='lat' dir='ltr'>Exiliumque</span> <span class='ocrx_word' id='word_1_659' title='bbox 248 1879 276 1897; x_wconf 88' lang='lat' dir='ltr'>ac</span> <span class='ocrx_word' id='word_1_660' title='bbox 290 1870 389 1905; x_wconf 83' lang='lat' dir='ltr'>Fugam</span> <span class='ocrx_word' id='word_1_661' title='bbox 407 1867 486 1895; x_wconf 89' lang='lat' dir='ltr'>nobis</span> <span class='ocrx_word' id='word_1_662' title='bbox 500 1876 532 1895; x_wconf 84' lang='lat' dir='ltr'>ex</span> <span class='ocrx_word' id='word_1_663' title='bbox 546 1876 578 1894; x_wconf 86' lang='lat' dir='ltr'>eo</span> <span class='ocrx_word' id='word_1_664' title='bbox 597 1867 657 1893; x_wconf 90' lang='lat' dir='ltr'>loco</span> <span class='ocrx_word' id='word_1_665' title='bbox 670 1866 895 1894; x_wconf 83' lang='lat' dir='ltr'>conscisceremus.</span> <span class='ocrx_word' id='word_1_666' title='bbox 927 1867 994 1895; x_wconf 68' lang='lat' dir='ltr'>Asici.</span> <span class='ocrx_word' id='word_1_667' title='bbox 1008 1867 1100 1894; x_wconf 85' lang='lat' dir='ltr'>Tacit.</span> 
     </span>
     <span class='ocr_line' id='line_1_69' title="bbox 60 1902 1101 1940; baseline -0.004 -7"><span class='ocrx_word' id='word_1_668' title='bbox 60 1906 128 1934; x_wconf 74' lang='lat' dir='ltr'>iiiii.</span> <span class='ocrx_word' id='word_1_669' title='bbox 142 1915 163 1940; x_wconf 86' lang='grc'>3,</span> <span class='ocrx_word' id='word_1_670' title='bbox 175 1915 202 1940; x_wconf 85' lang='grc'>9,</span> <span class='ocrx_word' id='word_1_671' title='bbox 215 1915 237 1939; x_wconf 88' lang='grc'>3.</span> <span class='ocrx_word' id='word_1_672' title='bbox 308 1907 364 1934; x_wconf 85' lang='lat' dir='ltr'>Cic.</span> <span class='ocrx_word' id='word_1_673' title='bbox 380 1906 451 1932; x_wconf 85' lang='lat' dir='ltr'>Fam.</span> <span class='ocrx_word' id='word_1_674' title='bbox 465 1911 492 1939; x_wconf 77' lang='lat'>7,</span> <span class='ocrx_word' id='word_1_675' title='bbox 506 1913 519 1936; x_wconf 79' lang='lat'>3</span> <span class='ocrx_word' id='word_1_676' title='bbox 545 1904 598 1930; x_wconf 90' lang='lat' dir='ltr'>Aut</span> <span class='ocrx_word' id='word_1_677' title='bbox 615 1902 755 1937; x_wconf 87' lang='lat' dir='ltr'>capiendus</span> <span class='ocrx_word' id='word_1_678' title='bbox 774 1910 897 1937; x_wconf 85' lang='lat' dir='ltr'>tanquam</span> <span class='ocrx_word' id='word_1_679' title='bbox 910 1903 995 1930; x_wconf 86' lang='lat' dir='ltr'>exilio</span> <span class='ocrx_word' id='word_1_680' title='bbox 1017 1903 1101 1936; x_wconf 88' lang='lat' dir='ltr'>locus,</span> 
     </span>
     <span class='ocr_line' id='line_1_70' title="bbox 60 1939 560 1970; baseline -0.008 -1"><span class='ocrx_word' id='word_1_681' title='bbox 60 1947 106 1970; x_wconf 82' lang='lat' dir='ltr'>aut</span> <span class='ocrx_word' id='word_1_682' title='bbox 118 1941 297 1969; x_wconf 86' lang='lat' dir='ltr'>consciscenda</span> <span class='ocrx_word' id='word_1_683' title='bbox 308 1950 380 1969; x_wconf 89' lang='lat' dir='ltr'>mors</span> <span class='ocrx_word' id='word_1_684' title='bbox 398 1939 560 1967; x_wconf 89' lang='lat' dir='ltr'>voluntaria.</span> 
     </span>
     <span class='ocr_line' id='line_1_71' title="bbox 59 1975 1100 2013; baseline -0.004 -7"><span class='ocrx_word' id='word_1_685' title='bbox 59 1987 152 2006; x_wconf 84' lang='lat' dir='ltr'>necem</span> <span class='ocrx_word' id='word_1_686' title='bbox 169 1978 219 2005; x_wconf 83' lang='lat' dir='ltr'>fibi</span> <span class='ocrx_word' id='word_1_687' title='bbox 238 1979 292 2013; x_wconf 87' lang='lat' dir='ltr'>ipse</span> <span class='ocrx_word' id='word_1_688' title='bbox 310 1977 447 2005; x_wconf 87' lang='lat' dir='ltr'>consciuit.</span> <span class='ocrx_word' id='word_1_689' title='bbox 517 1975 571 2002; x_wconf 90' lang='lat' dir='ltr'>Cic.</span> <span class='ocrx_word' id='word_1_690' title='bbox 586 1975 661 2002; x_wconf 86' lang='lat' dir='ltr'>Verr.</span> <span class='ocrx_word' id='word_1_691' title='bbox 680 1983 703 2007; x_wconf 83' lang='lat'>3,</span> <span class='ocrx_word' id='word_1_692' title='bbox 720 1983 762 2007; x_wconf 86' lang='lat'>¹29</span> <span class='ocrx_word' id='word_1_693' title='bbox 780 1984 802 2001; x_wconf 90' lang='lat' dir='ltr'>c.</span> <span class='ocrx_word' id='word_1_694' title='bbox 816 1977 848 2008; x_wconf 83' lang='lat'>56</span> <span class='ocrx_word' id='word_1_695' title='bbox 869 1975 993 2008; x_wconf 59' lang='lat' dir='ltr'>Factum,</span> <span class='ocrx_word' id='word_1_696' title='bbox 1010 1981 1039 2002; x_wconf 92' lang='lat' dir='ltr'>vt</span> <span class='ocrx_word' id='word_1_697' title='bbox 1053 1976 1100 2002; x_wconf 89' lang='lat' dir='ltr'>ho-</span> 
     </span>
     <span class='ocr_line' id='line_1_72' title="bbox 60 2010 1100 2049; baseline -0.003 -8"><span class='ocrx_word' id='word_1_698' title='bbox 60 2014 146 2041; x_wconf 81' lang='lat' dir='ltr'>mines</span> <span class='ocrx_word' id='word_1_699' title='bbox 165 2019 273 2049; x_wconf 82' lang='lat' dir='ltr'>propter</span> <span class='ocrx_word' id='word_1_700' title='bbox 293 2013 406 2041; x_wconf 86' lang='lat' dir='ltr'>iniurias</span> <span class='ocrx_word' id='word_1_701' title='bbox 428 2011 615 2046; x_wconf 86' lang='lat' dir='ltr'>licentiamque</span> <span class='ocrx_word' id='word_1_702' title='bbox 635 2010 840 2038; x_wconf 86' lang='lat' dir='ltr'>decumanorum</span> <span class='ocrx_word' id='word_1_703' title='bbox 857 2018 970 2038; x_wconf 86' lang='lat' dir='ltr'>mortem</span> <span class='ocrx_word' id='word_1_704' title='bbox 984 2011 1032 2038; x_wconf 81' lang='lat' dir='ltr'>fibi</span> <span class='ocrx_word' id='word_1_705' title='bbox 1053 2011 1100 2046; x_wconf 83' lang='lat' dir='ltr'>ipsi</span> 
     </span>
     <span class='ocr_line' id='line_1_73' title="bbox 61 2046 1100 2076; baseline -0.002 0"><span class='ocrx_word' id='word_1_706' title='bbox 61 2050 246 2076; x_wconf 64' lang='lat' dir='ltr'>conse-inerint.</span> <span class='ocrx_word' id='word_1_707' title='bbox 319 2050 431 2075; x_wconf 88' lang='lat' dir='ltr'>Veneno</span> <span class='ocrx_word' id='word_1_708' title='bbox 449 2054 563 2074; x_wconf 80' lang='lat' dir='ltr'>mortem</span> <span class='ocrx_word' id='word_1_709' title='bbox 582 2046 631 2072; x_wconf 79' lang='lat' dir='ltr'>sibi</span> <span class='ocrx_word' id='word_1_710' title='bbox 649 2046 805 2073; x_wconf 86' lang='lat' dir='ltr'>consciscere</span> <span class='ocrx_word' id='word_1_711' title='bbox 824 2047 880 2074; x_wconf 88' lang='lat' dir='ltr'>Cic.</span> <span class='ocrx_word' id='word_1_712' title='bbox 894 2047 926 2073; x_wconf 91' lang='lat' dir='ltr'>de</span> <span class='ocrx_word' id='word_1_713' title='bbox 940 2047 1010 2074; x_wconf 88' lang='lat' dir='ltr'>Clar.</span> <span class='ocrx_word' id='word_1_714' title='bbox 1025 2048 1100 2074; x_wconf 90' lang='lat' dir='ltr'>Orat.</span> 
     </span>
     <span class='ocr_line' id='line_1_74' title="bbox 61 2082 1102 2119; baseline -0.002 -7"><span class='ocrx_word' id='word_1_715' title='bbox 61 2093 93 2119; x_wconf 83' lang='grc'>43</span> <span class='ocrx_word' id='word_1_716' title='bbox 109 2094 131 2112; x_wconf 85' lang='lat' dir='ltr'>c.</span> <span class='ocrx_word' id='word_1_717' title='bbox 147 2094 179 2112; x_wconf 89' lang='grc'>11.</span> <span class='ocrx_word' id='word_1_718' title='bbox 252 2085 376 2111; x_wconf 68' lang='lat' dir='ltr'>laudauit</span> <span class='ocrx_word' id='word_1_719' title='bbox 389 2086 462 2110; x_wconf 76' lang='lat' dir='ltr'>etiam</span> <span class='ocrx_word' id='word_1_720' title='bbox 475 2083 611 2118; x_wconf 72' lang='lat' dir='ltr'>Stephanus</span> <span class='ocrx_word' id='word_1_721' title='bbox 624 2082 683 2108; x_wconf 75' lang='lat' dir='ltr'>Col.</span> <span class='ocrx_word' id='word_1_722' title='bbox 702 2090 728 2117; x_wconf 89' lang='lat'>7,</span> <span class='ocrx_word' id='word_1_723' title='bbox 742 2084 768 2115; x_wconf 88' lang='lat'>6,</span> <span class='ocrx_word' id='word_1_724' title='bbox 780 2085 797 2109; x_wconf 88' lang='lat'>6</span> <span class='ocrx_word' id='word_1_725' title='bbox 829 2083 1000 2118; x_wconf 87' lang='lat' dir='ltr'>Diligensque</span> <span class='ocrx_word' id='word_1_726' title='bbox 1013 2083 1102 2118; x_wconf 83' lang='lat' dir='ltr'>pastor</span> 
     </span>
    </p>
   </div>
   <div class='ocr_carea' id='block_1_32' title="bbox 62 2117 1138 2157">
    <p class='ocr_par' dir='ltr' id='par_1_35' title="bbox 62 2117 1138 2157">
     <span class='ocr_line' id='line_1_75' title="bbox 62 2117 1138 2157; baseline -0.004 -9"><span class='ocrx_word' id='word_1_727' title='bbox 62 2120 184 2156; x_wconf 81' lang='lat' dir='ltr'>quotidie</span> <span class='ocrx_word' id='word_1_728' title='bbox 204 2119 334 2147; x_wconf 84' lang='lat' dir='ltr'>stabulum</span> <span class='ocrx_word' id='word_1_729' title='bbox 352 2119 501 2152; x_wconf 87' lang='lat' dir='ltr'>conuerrit,</span> <span class='ocrx_word' id='word_1_730' title='bbox 519 2127 567 2145; x_wconf 87' lang='lat' dir='ltr'>nec</span> <span class='ocrx_word' id='word_1_731' title='bbox 587 2117 685 2152; x_wconf 87' lang='lat' dir='ltr'>patitur</span> <span class='ocrx_word' id='word_1_732' title='bbox 705 2118 800 2144; x_wconf 80' lang='lat' dir='ltr'>stercus</span> <span class='ocrx_word' id='word_1_733' title='bbox 820 2125 865 2145; x_wconf 88' lang='lat' dir='ltr'>aut</span> <span class='ocrx_word' id='word_1_734' title='bbox 885 2119 1026 2146; x_wconf 89' lang='lat' dir='ltr'>humorem</span> <span class='ocrx_word' id='word_1_735' title='bbox 1039 2128 1138 2157; x_wconf 72' lang='lat' dir='ltr'>con-55</span> 
     </span>
    </p>
   </div>
   <div class='ocr_carea' id='block_1_33' title="bbox 63 2153 1100 2188">
    <p class='ocr_par' dir='ltr' id='par_1_36' title="bbox 63 2153 1100 2188">
     <span class='ocr_line' id='line_1_76' title="bbox 63 2153 1100 2188; baseline -0.005 -5"><span class='ocrx_word' id='word_1_736' title='bbox 63 2156 184 2188; x_wconf 82' lang='lat' dir='ltr'>sciscere,</span> <span class='ocrx_word' id='word_1_737' title='bbox 206 2156 324 2183; x_wconf 90' lang='lat' dir='ltr'>lutumue</span> <span class='ocrx_word' id='word_1_738' title='bbox 340 2155 411 2182; x_wconf 81' lang='lat' dir='ltr'>fieri:</span> <span class='ocrx_word' id='word_1_739' title='bbox 446 2161 475 2181; x_wconf 83' lang='lat' dir='ltr'>vt</span> <span class='ocrx_word' id='word_1_740' title='bbox 496 2154 555 2181; x_wconf 72' lang='lat' dir='ltr'>adeo</span> <span class='ocrx_word' id='word_1_741' title='bbox 573 2153 703 2179; x_wconf 88' lang='lat' dir='ltr'>stabulum</span> <span class='ocrx_word' id='word_1_742' title='bbox 722 2154 881 2179; x_wconf 84' lang='lat' dir='ltr'>consciscere</span> <span class='ocrx_word' id='word_1_743' title='bbox 892 2154 993 2180; x_wconf 77' lang='lat' dir='ltr'>dicatur</span> <span class='ocrx_word' id='word_1_744' title='bbox 1005 2154 1100 2179; x_wconf 82' lang='lat' dir='ltr'>humo-</span> 
     </span>
    </p>
   </div>
   <div class='ocr_carea' id='block_1_34' title="bbox 26 2187 1101 2226">
    <p class='ocr_par' dir='ltr' id='par_1_37' title="bbox 26 2187 1101 2226">
     <span class='ocr_line' id='line_1_77' title="bbox 26 2187 1101 2226; baseline -0.006 -7"><span class='ocrx_word' id='word_1_745' title='bbox 26 2199 27 2202; x_wconf 76' lang='grc'>’</span> <span class='ocrx_word' id='word_1_746' title='bbox 61 2200 136 2225; x_wconf 88' lang='lat' dir='ltr'>rein,</span> <span class='ocrx_word' id='word_1_747' title='bbox 153 2195 170 2218; x_wconf 87' lang='lat' dir='ltr'>i.</span> <span class='ocrx_word' id='word_1_748' title='bbox 191 2191 320 2225; x_wconf 71' lang='lat' dir='ltr'>affimme,</span> <span class='ocrx_word' id='word_1_749' title='bbox 334 2191 460 2226; x_wconf 72' lang='lat' dir='ltr'>colligere,</span> <span class='ocrx_word' id='word_1_750' title='bbox 473 2191 605 2215; x_wconf 77' lang='lat' dir='ltr'>continere.</span> <span class='ocrx_word' id='word_1_751' title='bbox 641 2187 691 2215; x_wconf 77' lang='lat' dir='ltr'>Sed</span> <span class='ocrx_word' id='word_1_752' title='bbox 701 2189 794 2223; x_wconf 76' lang='lat' dir='ltr'>legitur</span> <span class='ocrx_word' id='word_1_753' title='bbox 803 2187 860 2222; x_wconf 73' lang='lat' dir='ltr'>fine</span> <span class='ocrx_word' id='word_1_754' title='bbox 876 2191 1014 2219; x_wconf 76' lang='lat' dir='ltr'>varietate,</span> <span class='ocrx_word' id='word_1_755' title='bbox 1026 2197 1101 2224; x_wconf 75' lang='lat' dir='ltr'>quam</span> 
     </span>
    </p>
   </div>
   <div class='ocr_carea' id='block_1_35' title="bbox 61 2226 408 2263">
    <p class='ocr_par' dir='ltr' id='par_1_38' title="bbox 61 2226 408 2263">
     <span class='ocr_line' id='line_1_78' title="bbox 61 2226 408 2263; baseline -0.009 -9"><span class='ocrx_word' id='word_1_756' title='bbox 61 2227 236 2263; x_wconf 71' lang='lat' dir='ltr'>obseruaucrim</span> <span class='ocrx_word' id='word_1_757' title='bbox 243 2246 251 2258; x_wconf 93' lang='lat'>,</span> <span class='ocrx_word' id='word_1_758' title='bbox 263 2226 408 2252; x_wconf 81' lang='lat' dir='ltr'>consistere.</span> 
     </span>
    </p>
   </div>
   <div class='ocr_carea' id='block_1_36' title="bbox 95 2255 1100 2294">
    <p class='ocr_par' dir='ltr' id='par_1_39' title="bbox 95 2255 1100 2294">
     <span class='ocr_line' id='line_1_79' title="bbox 95 2255 1100 2294; baseline -0.004 -6"><span class='ocrx_word' id='word_1_759' title='bbox 95 2269 113 2289; x_wconf 90' lang='lat' dir='ltr'>C</span> <span class='ocrx_word' id='word_1_760' title='bbox 124 2267 143 2288; x_wconf 93' lang='lat'>0</span> <span class='ocrx_word' id='word_1_761' title='bbox 157 2269 178 2288; x_wconf 87' lang='lat' dir='ltr'>N</span> <span class='ocrx_word' id='word_1_762' title='bbox 190 2269 204 2288; x_wconf 87' lang='lat' dir='ltr'>S</span> <span class='ocrx_word' id='word_1_763' title='bbox 213 2269 230 2289; x_wconf 90' lang='lat' dir='ltr'>C</span> <span class='ocrx_word' id='word_1_764' title='bbox 239 2263 309 2288; x_wconf 77' lang='lat' dir='ltr'>1‘Tv</span> <span class='ocrx_word' id='word_1_765' title='bbox 319 2268 343 2294; x_wconf 84' lang='lat' dir='ltr'>S,</span> <span class='ocrx_word' id='word_1_766' title='bbox 356 2269 379 2292; x_wconf 77' lang='lat' dir='ltr'>a,</span> <span class='ocrx_word' id='word_1_767' title='bbox 393 2269 447 2287; x_wconf 89' lang='lat' dir='ltr'>um.</span> <span class='ocrx_word' id='word_1_768' title='bbox 473 2260 541 2286; x_wconf 71' lang='lat' dir='ltr'>Part.</span> <span class='ocrx_word' id='word_1_769' title='bbox 561 2258 648 2285; x_wconf 77' lang='lat' dir='ltr'>Paffiu.</span> <span class='ocrx_word' id='word_1_770' title='bbox 684 2259 698 2294; x_wconf 92' lang='lat'>[</span> <span class='ocrx_word' id='word_1_771' title='bbox 711 2255 887 2293; x_wconf 47' lang='lat' dir='ltr'>‹iu-sumendus,</span> <span class='ocrx_word' id='word_1_772' title='bbox 905 2257 1072 2293; x_wconf 62' lang='grc' dir='ltr'><strong><em>συμῷηφιιθεῖς</em></strong></span> <span class='ocrx_word' id='word_1_773' title='bbox 1085 2259 1100 2293; x_wconf 90' lang='grc'>]</span> 
     </span>
    </p>
   </div>
   <div class='ocr_carea' id='block_1_37' title="bbox 567 866 1148 902">
    <p class='ocr_par' dir='ltr' id='par_1_40' title="bbox 567 866 1148 902">
     <span class='ocr_line' id='line_1_80' title="bbox 567 866 1148 902; baseline -0.005 -7"><span class='ocrx_word' id='word_1_774' title='bbox 567 867 744 895; x_wconf 84' lang='lat' dir='ltr'>Conscindere</span> <span class='ocrx_word' id='word_1_775' title='bbox 757 868 884 902; x_wconf 84' lang='lat' dir='ltr'>aliquem,</span> <span class='ocrx_word' id='word_1_776' title='bbox 897 874 942 902; x_wconf 77' lang='lat' dir='ltr'>pro</span> <span class='ocrx_word' id='word_1_777' title='bbox 955 866 1103 898; x_wconf 65' lang='lat' dir='ltr'>criminari,</span> <span class='ocrx_word' id='word_1_778' title='bbox 1114 875 1148 893; x_wconf 91' lang='lat'>20</span> 
     </span>
    </p>
   </div>
   <div class='ocr_carea' id='block_1_38' title="bbox 961 1400 1140 1436">
    <p class='ocr_par' dir='ltr' id='par_1_41' title="bbox 961 1400 1140 1436">
     <span class='ocr_line' id='line_1_81' title="bbox 961 1400 1140 1436; baseline -0.006 -9"><span class='ocrx_word' id='word_1_779' title='bbox 961 1400 1104 1427; x_wconf 85' lang='lat' dir='ltr'>Consciens</span> <span class='ocrx_word' id='word_1_780' title='bbox 1111 1409 1140 1436; x_wconf 74' lang='lat'>35</span> 
     </span>
    </p>
   </div>
   <div class='ocr_carea' id='block_1_39' title="bbox 1016 1582 1149 1618">
    <p class='ocr_par' dir='ltr' id='par_1_42' title="bbox 1016 1582 1149 1618">
     <span class='ocr_line' id='line_1_82' title="bbox 1016 1582 1149 1618; baseline 0.023 -11"><span class='ocrx_word' id='word_1_781' title='bbox 1016 1582 1102 1608; x_wconf 89' lang='lat' dir='ltr'>Tusci</span> <span class='ocrx_word' id='word_1_782' title='bbox 1111 1592 1149 1618; x_wconf 86' lang='lat'>40</span> 
     </span>
    </p>
   </div>
   <div class='ocr_carea' id='block_1_40' title="bbox 614 1938 1144 1977">
    <p class='ocr_par' dir='ltr' id='par_1_43' title="bbox 614 1938 1144 1977">
     <span class='ocr_line' id='line_1_83' title="bbox 614 1938 1144 1977; baseline 0.004 -13"><span class='ocrx_word' id='word_1_783' title='bbox 614 1938 688 1965; x_wconf 84' lang='lat' dir='ltr'>Idem</span> <span class='ocrx_word' id='word_1_784' title='bbox 700 1938 732 1965; x_wconf 88' lang='lat' dir='ltr'>de</span> <span class='ocrx_word' id='word_1_785' title='bbox 746 1939 809 1966; x_wconf 89' lang='lat' dir='ltr'>Nat.</span> <span class='ocrx_word' id='word_1_786' title='bbox 822 1940 901 1966; x_wconf 86' lang='lat' dir='ltr'>Deor.</span> <span class='ocrx_word' id='word_1_787' title='bbox 920 1948 946 1972; x_wconf 88' lang='lat'>2,</span> <span class='ocrx_word' id='word_1_788' title='bbox 966 1944 979 1970; x_wconf 83' lang='grc'>8</span> <span class='ocrx_word' id='word_1_789' title='bbox 1009 1939 1101 1966; x_wconf 88' lang='lat' dir='ltr'>Iunius</span> <span class='ocrx_word' id='word_1_790' title='bbox 1110 1950 1144 1977; x_wconf 73' lang='lat'>50</span> 
     </span>
    </p>
   </div>
   <div class='ocr_carea' id='block_1_41' title="bbox 1164 547 2211 694">
    <p class='ocr_par' dir='ltr' id='par_1_44' title="bbox 1165 547 2206 623">
     <span class='ocr_line' id='line_1_84' title="bbox 1201 547 2206 587; baseline 0.009 -17"><span class='ocrx_word' id='word_1_791' title='bbox 1201 552 1277 584; x_wconf 63' lang='lat' dir='ltr'>‹toN</span> <span class='ocrx_word' id='word_1_792' title='bbox 1287 553 1299 570; x_wconf 84' lang='lat' dir='ltr'>s</span> <span class='ocrx_word' id='word_1_793' title='bbox 1311 551 1347 585; x_wconf 76' lang='lat' dir='ltr'>C.¹</span> <span class='ocrx_word' id='word_1_794' title='bbox 1358 553 1376 571; x_wconf 91' lang='lat' dir='ltr'>o</span> <span class='ocrx_word' id='word_1_795' title='bbox 1388 553 1431 572; x_wconf 68' lang='grc' dir='ltr'>ιν</span> <span class='ocrx_word' id='word_1_796' title='bbox 1441 554 1463 577; x_wconf 83' lang='lat' dir='ltr'>s,</span> <span class='ocrx_word' id='word_1_797' title='bbox 1476 555 1500 578; x_wconf 83' lang='lat' dir='ltr'>a,</span> <span class='ocrx_word' id='word_1_798' title='bbox 1516 555 1570 572; x_wconf 89' lang='lat' dir='ltr'>um.</span> <span class='ocrx_word' id='word_1_799' title='bbox 1608 547 1668 572; x_wconf 81' lang='lat' dir='ltr'>Adi.</span> <span class='ocrx_word' id='word_1_800' title='bbox 1691 548 1791 575; x_wconf 87' lang='lat' dir='ltr'>Dimiu.</span> <span class='ocrx_word' id='word_1_801' title='bbox 1828 551 1922 577; x_wconf 78' lang='lat' dir='ltr'>Catuli.</span> <span class='ocrx_word' id='word_1_802' title='bbox 1937 555 1978 583; x_wconf 84' lang='lat'>68,</span> <span class='ocrx_word' id='word_1_803' title='bbox 1993 561 2021 585; x_wconf 81' lang='lat'>41</span> <span class='ocrx_word' id='word_1_804' title='bbox 2040 554 2120 587; x_wconf 71' lang='lat' dir='ltr'>Saepe</span> <span class='ocrx_word' id='word_1_805' title='bbox 2134 552 2206 579; x_wconf 85' lang='lat' dir='ltr'>illam</span> 
     </span>
     <span class='ocr_line' id='line_1_85' title="bbox 1165 579 2172 623; baseline 0.008 -16"><span class='ocrx_word' id='word_1_806' title='bbox 1165 580 1257 608; x_wconf 85' lang='lat' dir='ltr'>audiui</span> <span class='ocrx_word' id='word_1_807' title='bbox 1274 579 1374 606; x_wconf 85' lang='lat' dir='ltr'>furtiua</span> <span class='ocrx_word' id='word_1_808' title='bbox 1394 591 1460 607; x_wconf 83' lang='lat' dir='ltr'>voce</span> <span class='ocrx_word' id='word_1_809' title='bbox 1474 582 1628 616; x_wconf 85' lang='lat' dir='ltr'>loquentem</span> <span class='ocrx_word' id='word_1_810' title='bbox 1667 583 1754 609; x_wconf 84' lang='lat' dir='ltr'>Solam</span> <span class='ocrx_word' id='word_1_811' title='bbox 1768 585 1906 612; x_wconf 87' lang='lat' dir='ltr'>consciolis</span> <span class='ocrx_word' id='word_1_812' title='bbox 1928 586 1990 613; x_wconf 83' lang='lat' dir='ltr'>haec</span> <span class='ocrx_word' id='word_1_813' title='bbox 2005 589 2049 614; x_wconf 89' lang='lat' dir='ltr'>sua</span> <span class='ocrx_word' id='word_1_814' title='bbox 2064 589 2172 623; x_wconf 79' lang='lat' dir='ltr'>flagitia.</span> 
     </span>
    </p>

    <p class='ocr_par' dir='ltr' id='par_1_45' title="bbox 1164 617 2211 694">
     <span class='ocr_line' id='line_1_86' title="bbox 1198 617 2211 655; baseline 0.009 -14"><span class='ocrx_word' id='word_1_815' title='bbox 1198 623 1215 643; x_wconf 89' lang='lat' dir='ltr'>C</span> <span class='ocrx_word' id='word_1_816' title='bbox 1224 623 1243 642; x_wconf 83' lang='lat' dir='ltr'>O</span> <span class='ocrx_word' id='word_1_817' title='bbox 1253 622 1273 641; x_wconf 82' lang='lat' dir='ltr'>N</span> <span class='ocrx_word' id='word_1_818' title='bbox 1284 624 1296 641; x_wconf 85' lang='lat' dir='ltr'>s</span> <span class='ocrx_word' id='word_1_819' title='bbox 1307 620 1325 641; x_wconf 91' lang='lat' dir='ltr'>C</span> <span class='ocrx_word' id='word_1_820' title='bbox 1338 622 1347 640; x_wconf 95' lang='lat'>1</span> <span class='ocrx_word' id='word_1_821' title='bbox 1358 622 1374 641; x_wconf 76' lang='lat' dir='ltr'>E</span> <span class='ocrx_word' id='word_1_822' title='bbox 1386 624 1405 642; x_wconf 80' lang='lat' dir='ltr'>N</span> <span class='ocrx_word' id='word_1_823' title='bbox 1414 624 1435 643; x_wconf 83' lang='grc' dir='ltr'>Ἰ·</span> <span class='ocrx_word' id='word_1_824' title='bbox 1446 625 1453 642; x_wconf 95' lang='grc'>1</span> <span class='ocrx_word' id='word_1_825' title='bbox 1465 625 1485 643; x_wconf 78' lang='grc' dir='ltr'>Α</span> <span class='ocrx_word' id='word_1_826' title='bbox 1496 638 1504 650; x_wconf 90' lang='grc'>,</span> <span class='ocrx_word' id='word_1_827' title='bbox 1523 627 1563 644; x_wconf 84' lang='lat' dir='ltr'>ae.</span> <span class='ocrx_word' id='word_1_828' title='bbox 1581 617 1601 643; x_wconf 89' lang='lat' dir='ltr'>f.</span> <span class='ocrx_word' id='word_1_829' title='bbox 1638 617 1798 654; x_wconf 63' lang='grc' dir='ltr'>[συνείδησις]</span> <span class='ocrx_word' id='word_1_830' title='bbox 1841 621 1998 655; x_wconf 68' lang='lat' dir='ltr'>Velfi-ientm</span> <span class='ocrx_word' id='word_1_831' title='bbox 2009 628 2143 650; x_wconf 72' lang='lat' dir='ltr'>communis</span> <span class='ocrx_word' id='word_1_832' title='bbox 2156 633 2211 650; x_wconf 86' lang='lat' dir='ltr'>cum</span> 
     </span>
     <span class='ocr_line' id='line_1_87' title="bbox 1164 652 2209 694; baseline 0.008 -16"><span class='ocrx_word' id='word_1_833' title='bbox 1164 652 1231 683; x_wconf 72' lang='lat' dir='ltr'>allo,</span> <span class='ocrx_word' id='word_1_834' title='bbox 1252 652 1291 677; x_wconf 80' lang='lat' dir='ltr'>vel</span> <span class='ocrx_word' id='word_1_835' title='bbox 1307 657 1376 677; x_wconf 73' lang='lat' dir='ltr'>certa</span> <span class='ocrx_word' id='word_1_836' title='bbox 1397 652 1463 686; x_wconf 76' lang='lat' dir='ltr'>apud</span> <span class='ocrx_word' id='word_1_837' title='bbox 1477 655 1584 679; x_wconf 75' lang='lat' dir='ltr'>animum</span> <span class='ocrx_word' id='word_1_838' title='bbox 1597 653 1705 686; x_wconf 73' lang='lat' dir='ltr'>nostrum</span> <span class='ocrx_word' id='word_1_839' title='bbox 1725 654 1862 686; x_wconf 74' lang='lat' dir='ltr'>nostrorum</span> <span class='ocrx_word' id='word_1_840' title='bbox 1876 656 2008 692; x_wconf 71' lang='lat' dir='ltr'>jaHorum</span> <span class='ocrx_word' id='word_1_841' title='bbox 2022 660 2146 694; x_wconf 73' lang='lat' dir='ltr'>scicntia:</span> <span class='ocrx_word' id='word_1_842' title='bbox 2165 667 2209 694; x_wconf 85' lang='lat' dir='ltr'>po-</span> 
     </span>
    </p>
   </div>
   <div class='ocr_carea' id='block_1_42' title="bbox 629 685 2210 727">
    <p class='ocr_par' dir='ltr' id='par_1_46' title="bbox 629 685 2210 727">
     <span class='ocr_line' id='line_1_88' title="bbox 629 685 2210 727; baseline -0.001 -11"><span class='ocrx_word' id='word_1_843' title='bbox 629 692 714 717; x_wconf 88' lang='lat' dir='ltr'>Curac</span> <span class='ocrx_word' id='word_1_844' title='bbox 727 689 899 717; x_wconf 88' lang='lat' dir='ltr'>conscindunt</span> <span class='ocrx_word' id='word_1_845' title='bbox 913 689 1050 716; x_wconf 89' lang='lat' dir='ltr'>hominem</span> <span class='ocrx_word' id='word_1_846' title='bbox 1064 688 1103 714; x_wconf 90' lang='lat' dir='ltr'>so·</span> <span class='ocrx_word' id='word_1_847' title='bbox 1123 685 1252 723; x_wconf 74' lang='lat' dir='ltr'>15sterior</span> <span class='ocrx_word' id='word_1_848' title='bbox 1269 689 1335 714; x_wconf 78' lang='lat' dir='ltr'>ratio</span> <span class='ocrx_word' id='word_1_849' title='bbox 1349 686 1520 721; x_wconf 65' lang='lat' dir='ltr'>frequentior.</span> <span class='ocrx_word' id='word_1_850' title='bbox 1557 689 1613 715; x_wconf 84' lang='lat' dir='ltr'>Cic.</span> <span class='ocrx_word' id='word_1_851' title='bbox 1627 698 1676 723; x_wconf 86' lang='lat' dir='ltr'>pro</span> <span class='ocrx_word' id='word_1_852' title='bbox 1684 689 1780 716; x_wconf 85' lang='lat' dir='ltr'>Milon.</span> <span class='ocrx_word' id='word_1_853' title='bbox 1794 693 1824 722; x_wconf 82' lang='lat'>63</span> <span class='ocrx_word' id='word_1_854' title='bbox 1844 700 1866 717; x_wconf 89' lang='lat' dir='ltr'>c.</span> <span class='ocrx_word' id='word_1_855' title='bbox 1882 700 1910 723; x_wconf 81' lang='lat'>23</span> <span class='ocrx_word' id='word_1_856' title='bbox 1938 694 2033 727; x_wconf 66' lang='lat' dir='ltr'>Magna</span> <span class='ocrx_word' id='word_1_857' title='bbox 2048 695 2087 720; x_wconf 76' lang='lat' dir='ltr'>vis</span> <span class='ocrx_word' id='word_1_858' title='bbox 2101 696 2136 721; x_wconf 68' lang='lat' dir='ltr'>cst</span> <span class='ocrx_word' id='word_1_859' title='bbox 2149 705 2210 722; x_wconf 85' lang='lat' dir='ltr'>con-</span> 
     </span>
    </p>
   </div>
   <div class='ocr_carea' id='block_1_43' title="bbox 1167 721 2211 800">
    <p class='ocr_par' dir='ltr' id='par_1_47' title="bbox 1167 721 2211 800">
     <span class='ocr_line' id='line_1_89' title="bbox 1167 721 2210 764; baseline 0.007 -14"><span class='ocrx_word' id='word_1_860' title='bbox 1167 722 1290 750; x_wconf 80' lang='lat' dir='ltr'>scientiae</span> <span class='ocrx_word' id='word_1_861' title='bbox 1311 721 1428 753; x_wconf 82' lang='lat' dir='ltr'>iudices,</span> <span class='ocrx_word' id='word_1_862' title='bbox 1447 728 1472 761; x_wconf 70' lang='lat' dir='ltr'>ct</span> <span class='ocrx_word' id='word_1_863' title='bbox 1492 732 1585 757; x_wconf 78' lang='lat' dir='ltr'>magna</span> <span class='ocrx_word' id='word_1_864' title='bbox 1601 724 1628 750; x_wconf 88' lang='lat' dir='ltr'>in</span> <span class='ocrx_word' id='word_1_865' title='bbox 1648 730 1787 759; x_wconf 80' lang='lat' dir='ltr'>Vtramque</span> <span class='ocrx_word' id='word_1_866' title='bbox 1808 734 1922 760; x_wconf 87' lang='lat' dir='ltr'>partem:</span> <span class='ocrx_word' id='word_1_867' title='bbox 1953 738 1980 754; x_wconf 78' lang='lat' dir='ltr'>vt</span> <span class='ocrx_word' id='word_1_868' title='bbox 1995 739 2079 764; x_wconf 82' lang='lat' dir='ltr'>neque</span> <span class='ocrx_word' id='word_1_869' title='bbox 2098 731 2210 757; x_wconf 83' lang='lat' dir='ltr'>timeant</span> 
     </span>
     <span class='ocr_line' id='line_1_90' title="bbox 1167 758 2211 800; baseline 0.008 -15"><span class='ocrx_word' id='word_1_870' title='bbox 1167 759 1215 794; x_wconf 89' lang='lat' dir='ltr'>qui</span> <span class='ocrx_word' id='word_1_871' title='bbox 1228 758 1297 784; x_wconf 86' lang='lat' dir='ltr'>nihil</span> <span class='ocrx_word' id='word_1_872' title='bbox 1311 758 1507 790; x_wconf 71' lang='lat' dir='ltr'>commiserint,</span> <span class='ocrx_word' id='word_1_873' title='bbox 1527 764 1551 783; x_wconf 86' lang='lat' dir='ltr'>et</span> <span class='ocrx_word' id='word_1_874' title='bbox 1566 768 1677 792; x_wconf 82' lang='lat' dir='ltr'>poenam</span> <span class='ocrx_word' id='word_1_875' title='bbox 1698 760 1799 795; x_wconf 80' lang='lat' dir='ltr'>semper</span> <span class='ocrx_word' id='word_1_876' title='bbox 1812 768 1871 787; x_wconf 86' lang='lat' dir='ltr'>ante</span> <span class='ocrx_word' id='word_1_877' title='bbox 1884 763 1975 789; x_wconf 75' lang='lat' dir='ltr'>oculos</span> <span class='ocrx_word' id='word_1_878' title='bbox 1990 766 2087 792; x_wconf 84' lang='lat' dir='ltr'>versari</span> <span class='ocrx_word' id='word_1_879' title='bbox 2108 774 2211 800; x_wconf 83' lang='lat' dir='ltr'>putent,</span> 
     </span>
    </p>
   </div>
   <div class='ocr_carea' id='block_1_44' title="bbox 1167 792 2211 834">
    <p class='ocr_par' dir='ltr' id='par_1_48' title="bbox 1167 792 2211 834">
     <span class='ocr_line' id='line_1_91' title="bbox 1167 792 2211 834; baseline 0.009 -14"><span class='ocrx_word' id='word_1_880' title='bbox 1167 796 1214 830; x_wconf 90' lang='lat' dir='ltr'>qui</span> <span class='ocrx_word' id='word_1_881' title='bbox 1228 794 1366 829; x_wconf 78' lang='lat' dir='ltr'>peccarint.</span> <span class='ocrx_word' id='word_1_882' title='bbox 1435 793 1491 820; x_wconf 89' lang='lat' dir='ltr'>Cic.</span> <span class='ocrx_word' id='word_1_883' title='bbox 1506 792 1538 819; x_wconf 90' lang='lat' dir='ltr'>de</span> <span class='ocrx_word' id='word_1_884' title='bbox 1551 793 1650 821; x_wconf 65' lang='lat' dir='ltr'>Scnect.</span> <span class='ocrx_word' id='word_1_885' title='bbox 1664 805 1680 828; x_wconf 85' lang='lat'><em>9</em></span> <span class='ocrx_word' id='word_1_886' title='bbox 1702 805 1722 822; x_wconf 89' lang='lat' dir='ltr'>c.</span> <span class='ocrx_word' id='word_1_887' title='bbox 1737 804 1749 828; x_wconf 81' lang='lat'><em>3</em></span> <span class='ocrx_word' id='word_1_888' title='bbox 1782 798 1950 825; x_wconf 81' lang='lat' dir='ltr'>Conscientia</span> <span class='ocrx_word' id='word_1_889' title='bbox 1963 799 2030 826; x_wconf 85' lang='lat' dir='ltr'>bene</span> <span class='ocrx_word' id='word_1_890' title='bbox 2043 801 2115 827; x_wconf 57' lang='lat' dir='ltr'>astae</span> <span class='ocrx_word' id='word_1_891' title='bbox 2129 803 2211 834; x_wconf 88' lang='lat' dir='ltr'>vitae,</span> 
     </span>
    </p>
   </div>
   <div class='ocr_carea' id='block_1_45' title="bbox 1166 828 2213 939">
    <p class='ocr_par' dir='ltr' id='par_1_49' title="bbox 1166 828 2213 939">
     <span class='ocr_line' id='line_1_92' title="bbox 1167 828 2211 864; baseline 0.007 -7"><span class='ocrx_word' id='word_1_892' title='bbox 1167 831 1366 864; x_wconf 83' lang='lat' dir='ltr'>multorumque</span> <span class='ocrx_word' id='word_1_893' title='bbox 1381 828 1582 855; x_wconf 59' lang='lat' dir='ltr'>bencfactorum</span> <span class='ocrx_word' id='word_1_894' title='bbox 1597 831 1746 857; x_wconf 85' lang='lat' dir='ltr'>recordatio</span> <span class='ocrx_word' id='word_1_895' title='bbox 1760 832 1939 859; x_wconf 82' lang='lat' dir='ltr'>iucundissinia</span> <span class='ocrx_word' id='word_1_896' title='bbox 1953 835 1996 861; x_wconf 81' lang='lat' dir='ltr'>est.</span> <span class='ocrx_word' id='word_1_897' title='bbox 2070 837 2180 864; x_wconf 80' lang='lat' dir='ltr'>Animae</span> <span class='ocrx_word' id='word_1_898' title='bbox 2195 846 2211 864; x_wconf 80' lang='lat' dir='ltr'>a</span> 
     </span>
     <span class='ocr_line' id='line_1_93' title="bbox 1167 864 2212 902; baseline 0.008 -11"><span class='ocrx_word' id='word_1_899' title='bbox 1167 865 1317 901; x_wconf 85' lang='lat' dir='ltr'>primordio</span> <span class='ocrx_word' id='word_1_900' title='bbox 1331 865 1490 892; x_wconf 81' lang='lat' dir='ltr'>conscientia</span> <span class='ocrx_word' id='word_1_901' title='bbox 1505 864 1549 890; x_wconf 88' lang='lat' dir='ltr'>dei</span> <span class='ocrx_word' id='word_1_902' title='bbox 1563 864 1609 891; x_wconf 84' lang='lat' dir='ltr'>dos</span> <span class='ocrx_word' id='word_1_903' title='bbox 1626 865 1663 890; x_wconf 87' lang='lat' dir='ltr'>est</span> <span class='ocrx_word' id='word_1_904' title='bbox 1683 865 1801 893; x_wconf 85' lang='lat' dir='ltr'>Tei-tull.</span> <span class='ocrx_word' id='word_1_905' title='bbox 1816 868 1875 894; x_wconf 86' lang='lat' dir='ltr'>adu.</span> <span class='ocrx_word' id='word_1_906' title='bbox 1890 870 1970 896; x_wconf 89' lang='lat' dir='ltr'>Marc.</span> <span class='ocrx_word' id='word_1_907' title='bbox 1987 879 2006 902; x_wconf 90' lang='lat'>1,</span> <span class='ocrx_word' id='word_1_908' title='bbox 2022 879 2047 898; x_wconf 78' lang='grc'>7.</span> <span class='ocrx_word' id='word_1_909' title='bbox 2119 873 2212 899; x_wconf 86' lang='lat' dir='ltr'>Animi</span> 
     </span>
     <span class='ocr_line' id='line_1_94' title="bbox 1166 897 2213 939; baseline 0.006 -11"><span class='ocrx_word' id='word_1_910' title='bbox 1166 902 1353 928; x_wconf 83' lang='lat' dir='ltr'>conscientiam</span> <span class='ocrx_word' id='word_1_911' title='bbox 1374 910 1427 927; x_wconf 91' lang='lat' dir='ltr'>non</span> <span class='ocrx_word' id='word_1_912' title='bbox 1446 906 1518 927; x_wconf 87' lang='lat' dir='ltr'>curat</span> <span class='ocrx_word' id='word_1_913' title='bbox 1532 900 1619 927; x_wconf 83' lang='lat' dir='ltr'>collide</span> <span class='ocrx_word' id='word_1_914' title='bbox 1630 899 1754 935; x_wconf 79' lang='lat' dir='ltr'>improbus</span> <span class='ocrx_word' id='word_1_915' title='bbox 1776 903 1833 930; x_wconf 89' lang='lat' dir='ltr'>Cic.</span> <span class='ocrx_word' id='word_1_916' title='bbox 1847 904 1879 930; x_wconf 90' lang='lat' dir='ltr'>de</span> <span class='ocrx_word' id='word_1_917' title='bbox 1893 906 1949 931; x_wconf 86' lang='lat' dir='ltr'>Fiu.</span> <span class='ocrx_word' id='word_1_918' title='bbox 1966 914 1988 938; x_wconf 79' lang='lat'>2,</span> <span class='ocrx_word' id='word_1_919' title='bbox 2008 897 2049 939; x_wconf 72' lang='grc'>54.</span> <span class='ocrx_word' id='word_1_920' title='bbox 2119 909 2213 935; x_wconf 84' lang='lat' dir='ltr'>Animi</span> 
     </span>
    </p>
   </div>
   <div class='ocr_carea' id='block_1_46' title="bbox 1157 936 2221 1764">
    <p class='ocr_par' dir='ltr' id='par_1_50' title="bbox 1157 936 2221 1764">
     <span class='ocr_line' id='line_1_95' title="bbox 1167 936 2212 977; baseline 0.004 -14"><span class='ocrx_word' id='word_1_921' title='bbox 1167 937 1326 964; x_wconf 84' lang='lat' dir='ltr'>conscientia</span> <span class='ocrx_word' id='word_1_922' title='bbox 1342 937 1467 971; x_wconf 86' lang='lat' dir='ltr'>suspicari</span> <span class='ocrx_word' id='word_1_923' title='bbox 1481 936 1513 962; x_wconf 87' lang='lat' dir='ltr'>de</span> <span class='ocrx_word' id='word_1_924' title='bbox 1527 936 1620 971; x_wconf 88' lang='lat' dir='ltr'>aliquo</span> <span class='ocrx_word' id='word_1_925' title='bbox 1633 936 1705 963; x_wconf 85' lang='lat' dir='ltr'>Idem</span> <span class='ocrx_word' id='word_1_926' title='bbox 1720 936 1773 962; x_wconf 89' lang='lat' dir='ltr'>Att.</span> <span class='ocrx_word' id='word_1_927' title='bbox 1790 945 1825 968; x_wconf 86' lang='lat'>13,</span> <span class='ocrx_word' id='word_1_928' title='bbox 1862 959 1868 965; x_wconf 95' lang='lat'>.</span> <span class='ocrx_word' id='word_1_929' title='bbox 1906 960 1912 966; x_wconf 98' lang='lat'>.</span> <span class='ocrx_word' id='word_1_930' title='bbox 1951 961 1957 966; x_wconf 92' lang='lat'>.</span> <span class='ocrx_word' id='word_1_931' title='bbox 2030 944 2060 969; x_wconf 78' lang='lat' dir='ltr'>Et</span> <span class='ocrx_word' id='word_1_932' title='bbox 2076 951 2123 977; x_wconf 85' lang='lat' dir='ltr'>pro</span> <span class='ocrx_word' id='word_1_933' title='bbox 2136 944 2212 970; x_wconf 57' lang='lat' dir='ltr'>Rosa.</span> 
     </span>
     <span class='ocr_line' id='line_1_96' title="bbox 1168 971 2212 1011; baseline 0.007 -12"><span class='ocrx_word' id='word_1_934' title='bbox 1168 974 1256 999; x_wconf 86' lang='lat' dir='ltr'>Amer.</span> <span class='ocrx_word' id='word_1_935' title='bbox 1270 975 1304 1007; x_wconf 84' lang='lat'>67</span> <span class='ocrx_word' id='word_1_936' title='bbox 1318 982 1338 998; x_wconf 90' lang='lat' dir='ltr'>c.</span> <span class='ocrx_word' id='word_1_937' title='bbox 1354 981 1387 1006; x_wconf 83' lang='lat'>24</span> <span class='ocrx_word' id='word_1_938' title='bbox 1404 973 1485 999; x_wconf 86' lang='lat' dir='ltr'>Suum</span> <span class='ocrx_word' id='word_1_939' title='bbox 1499 980 1632 1007; x_wconf 87' lang='lat' dir='ltr'>quemque</span> <span class='ocrx_word' id='word_1_940' title='bbox 1644 971 1723 998; x_wconf 84' lang='lat' dir='ltr'>scelus</span> <span class='ocrx_word' id='word_1_941' title='bbox 1737 971 1835 1005; x_wconf 84' lang='lat' dir='ltr'>agitat,</span> <span class='ocrx_word' id='word_1_942' title='bbox 1852 976 2017 1011; x_wconf 83' lang='lat' dir='ltr'>amentiaque</span> <span class='ocrx_word' id='word_1_943' title='bbox 2030 977 2122 1005; x_wconf 77' lang='lat' dir='ltr'>afficit:</span> <span class='ocrx_word' id='word_1_944' title='bbox 2151 980 2212 1006; x_wconf 82' lang='lat' dir='ltr'>suae</span> 
     </span>
     <span class='ocr_line' id='line_1_97' title="bbox 1167 1007 2213 1049; baseline 0.006 -15"><span class='ocrx_word' id='word_1_945' title='bbox 1167 1008 1251 1035; x_wconf 88' lang='lat' dir='ltr'>malae</span> <span class='ocrx_word' id='word_1_946' title='bbox 1270 1009 1460 1043; x_wconf 86' lang='lat' dir='ltr'>cogitationes,</span> <span class='ocrx_word' id='word_1_947' title='bbox 1480 1007 1709 1042; x_wconf 83' lang='lat' dir='ltr'>conscientiaeque</span> <span class='ocrx_word' id='word_1_948' title='bbox 1729 1007 1813 1034; x_wconf 86' lang='lat' dir='ltr'>animi</span> <span class='ocrx_word' id='word_1_949' title='bbox 1828 1013 1941 1038; x_wconf 83' lang='lat' dir='ltr'>terrent,</span> <span class='ocrx_word' id='word_1_950' title='bbox 1961 1014 1978 1036; x_wconf 88' lang='lat' dir='ltr'>i.</span> <span class='ocrx_word' id='word_1_951' title='bbox 2000 1014 2063 1039; x_wconf 81' lang='lat' dir='ltr'>mala</span> <span class='ocrx_word' id='word_1_952' title='bbox 2078 1014 2213 1049; x_wconf 57' lang='lat' dir='ltr'>foemora,</span> 
     </span>
     <span class='ocr_line' id='line_1_98' title="bbox 1165 1041 2214 1080; baseline 0.001 -10"><span class='ocrx_word' id='word_1_953' title='bbox 1165 1053 1268 1080; x_wconf 84' lang='lat' dir='ltr'>qnorum</span> <span class='ocrx_word' id='word_1_954' title='bbox 1280 1044 1333 1078; x_wconf 77' lang='lat' dir='ltr'>Jibi</span> <span class='ocrx_word' id='word_1_955' title='bbox 1348 1043 1459 1080; x_wconf 82' lang='lat' dir='ltr'>conscius</span> <span class='ocrx_word' id='word_1_956' title='bbox 1478 1041 1520 1077; x_wconf 80' lang='lat' dir='ltr'>est.</span> <span class='ocrx_word' id='word_1_957' title='bbox 1593 1043 1650 1070; x_wconf 87' lang='lat' dir='ltr'>Cic.</span> <span class='ocrx_word' id='word_1_958' title='bbox 1672 1043 1703 1070; x_wconf 88' lang='lat' dir='ltr'>de</span> <span class='ocrx_word' id='word_1_959' title='bbox 1717 1042 1785 1070; x_wconf 83' lang='lat' dir='ltr'>Clar.</span> <span class='ocrx_word' id='word_1_960' title='bbox 1798 1044 1873 1070; x_wconf 82' lang='lat' dir='ltr'>Orat.</span> <span class='ocrx_word' id='word_1_961' title='bbox 1888 1051 1937 1077; x_wconf 82' lang='lat'>250</span> <span class='ocrx_word' id='word_1_962' title='bbox 1954 1054 1975 1070; x_wconf 91' lang='lat' dir='ltr'>c.</span> <span class='ocrx_word' id='word_1_963' title='bbox 1990 1053 2018 1079; x_wconf 96' lang='grc'>71</span> <span class='ocrx_word' id='word_1_964' title='bbox 2056 1048 2214 1076; x_wconf 59' lang='lat' dir='ltr'>Laudandus</span> 
     </span>
     <span class='ocr_line' id='line_1_99' title="bbox 1167 1078 2215 1116; baseline 0.003 -10"><span class='ocrx_word' id='word_1_965' title='bbox 1167 1079 1220 1112; x_wconf 78' lang='lat' dir='ltr'>est,</span> <span class='ocrx_word' id='word_1_966' title='bbox 1238 1080 1284 1114; x_wconf 90' lang='lat' dir='ltr'>qui</span> <span class='ocrx_word' id='word_1_967' title='bbox 1306 1079 1355 1106; x_wconf 89' lang='lat' dir='ltr'>hoc</span> <span class='ocrx_word' id='word_1_968' title='bbox 1374 1086 1493 1114; x_wconf 85' lang='lat' dir='ltr'>tempore</span> <span class='ocrx_word' id='word_1_969' title='bbox 1512 1079 1570 1114; x_wconf 86' lang='lat' dir='ltr'>ipso</span> <span class='ocrx_word' id='word_1_970' title='bbox 1590 1089 1674 1114; x_wconf 88' lang='lat' dir='ltr'>quum</span> <span class='ocrx_word' id='word_1_971' title='bbox 1689 1079 1780 1109; x_wconf 89' lang='lat' dir='ltr'>liceat,</span> <span class='ocrx_word' id='word_1_972' title='bbox 1802 1079 1830 1105; x_wconf 90' lang='lat' dir='ltr'>in</span> <span class='ocrx_word' id='word_1_973' title='bbox 1845 1078 1896 1106; x_wconf 89' lang='lat' dir='ltr'>hoc</span> <span class='ocrx_word' id='word_1_974' title='bbox 1915 1082 2049 1107; x_wconf 87' lang='lat' dir='ltr'>communi</span> <span class='ocrx_word' id='word_1_975' title='bbox 2063 1085 2167 1116; x_wconf 80' lang='lat' dir='ltr'>nostro,</span> <span class='ocrx_word' id='word_1_976' title='bbox 2188 1092 2215 1111; x_wconf 81' lang='lat' dir='ltr'>et</span> 
     </span>
     <span class='ocr_line' id='line_1_100' title="bbox 1169 1115 2216 1151; baseline 0.005 -10"><span class='ocrx_word' id='word_1_977' title='bbox 1169 1115 1240 1151; x_wconf 85' lang='lat' dir='ltr'>quasi</span> <span class='ocrx_word' id='word_1_978' title='bbox 1252 1115 1328 1142; x_wconf 83' lang='lat' dir='ltr'>fatali</span> <span class='ocrx_word' id='word_1_979' title='bbox 1340 1116 1411 1142; x_wconf 90' lang='lat' dir='ltr'>malo</span> <span class='ocrx_word' id='word_1_980' title='bbox 1425 1116 1577 1142; x_wconf 85' lang='lat' dir='ltr'>consoletur</span> <span class='ocrx_word' id='word_1_981' title='bbox 1591 1116 1631 1147; x_wconf 88' lang='lat' dir='ltr'>se,</span> <span class='ocrx_word' id='word_1_982' title='bbox 1652 1125 1711 1142; x_wconf 87' lang='lat' dir='ltr'>cum</span> <span class='ocrx_word' id='word_1_983' title='bbox 1728 1115 1888 1142; x_wconf 85' lang='lat' dir='ltr'>conscicntia</span> <span class='ocrx_word' id='word_1_984' title='bbox 1903 1115 2020 1150; x_wconf 89' lang='lat' dir='ltr'>optimae</span> <span class='ocrx_word' id='word_1_985' title='bbox 2034 1120 2144 1151; x_wconf 84' lang='lat' dir='ltr'>mentis,</span> <span class='ocrx_word' id='word_1_986' title='bbox 2158 1127 2216 1147; x_wconf 79' lang='lat' dir='ltr'>tum</span> 
     </span>
     <span class='ocr_line' id='line_1_101' title="bbox 1168 1151 2216 1186; baseline 0.003 -9"><span class='ocrx_word' id='word_1_987' title='bbox 1168 1152 1250 1178; x_wconf 81' lang='lat' dir='ltr'>etiam</span> <span class='ocrx_word' id='word_1_988' title='bbox 1267 1151 1438 1186; x_wconf 84' lang='lat' dir='ltr'>vsurpatione</span> <span class='ocrx_word' id='word_1_989' title='bbox 1452 1157 1478 1177; x_wconf 84' lang='lat' dir='ltr'>et</span> <span class='ocrx_word' id='word_1_990' title='bbox 1490 1152 1664 1178; x_wconf 81' lang='lat' dir='ltr'>renouatione</span> <span class='ocrx_word' id='word_1_991' title='bbox 1678 1151 1826 1178; x_wconf 69' lang='lat' dir='ltr'>doetrinae.</span> <span class='ocrx_word' id='word_1_992' title='bbox 1899 1151 2079 1179; x_wconf 81' lang='lat' dir='ltr'>Consiliorum</span> <span class='ocrx_word' id='word_1_993' title='bbox 2094 1162 2216 1182; x_wconf 87' lang='lat' dir='ltr'>meorum</span> 
     </span>
     <span class='ocr_line' id='line_1_102' title="bbox 1169 1187 2217 1221; baseline 0.003 -8"><span class='ocrx_word' id='word_1_994' title='bbox 1169 1187 1328 1214; x_wconf 85' lang='lat' dir='ltr'>conscientia</span> <span class='ocrx_word' id='word_1_995' title='bbox 1346 1196 1388 1214; x_wconf 86' lang='lat' dir='ltr'>me</span> <span class='ocrx_word' id='word_1_996' title='bbox 1410 1187 1560 1214; x_wconf 87' lang='lat' dir='ltr'>consolatur</span> <span class='ocrx_word' id='word_1_997' title='bbox 1581 1188 1638 1214; x_wconf 87' lang='lat' dir='ltr'>Cic.</span> <span class='ocrx_word' id='word_1_998' title='bbox 1654 1188 1725 1214; x_wconf 86' lang='lat' dir='ltr'>Fam.</span> <span class='ocrx_word' id='word_1_999' title='bbox 1738 1196 1767 1221; x_wconf 84' lang='lat'>4,</span> <span class='ocrx_word' id='word_1_1000' title='bbox 1782 1196 1804 1220; x_wconf 83' lang='lat'>3.</span> <span class='ocrx_word' id='word_1_1001' title='bbox 1877 1188 2048 1215; x_wconf 81' lang='lat' dir='ltr'>Conscientia</span> <span class='ocrx_word' id='word_1_1002' title='bbox 2068 1189 2155 1215; x_wconf 66' lang='lat' dir='ltr'>rectae</span> <span class='ocrx_word' id='word_1_1003' title='bbox 2169 1199 2217 1216; x_wconf 85' lang='lat' dir='ltr'>vo-</span> 
     </span>
     <span class='ocr_line' id='line_1_103' title="bbox 1167 1222 2217 1258; baseline 0.001 -8"><span class='ocrx_word' id='word_1_1004' title='bbox 1167 1223 1276 1250; x_wconf 87' lang='lat' dir='ltr'>luntatis</span> <span class='ocrx_word' id='word_1_1005' title='bbox 1291 1223 1407 1249; x_wconf 86' lang='lat' dir='ltr'>maxima</span> <span class='ocrx_word' id='word_1_1006' title='bbox 1420 1222 1568 1250; x_wconf 84' lang='lat' dir='ltr'>consolatio</span> <span class='ocrx_word' id='word_1_1007' title='bbox 1580 1223 1616 1249; x_wconf 85' lang='lat' dir='ltr'>est</span> <span class='ocrx_word' id='word_1_1008' title='bbox 1629 1233 1720 1250; x_wconf 85' lang='lat' dir='ltr'>rerum</span> <span class='ocrx_word' id='word_1_1009' title='bbox 1735 1223 1967 1250; x_wconf 84' lang='lat' dir='ltr'>incommodarum</span> <span class='ocrx_word' id='word_1_1010' title='bbox 1994 1224 2049 1252; x_wconf 85' lang='lat' dir='ltr'>Cic.</span> <span class='ocrx_word' id='word_1_1011' title='bbox 2064 1225 2135 1252; x_wconf 86' lang='lat' dir='ltr'>Fam.</span> <span class='ocrx_word' id='word_1_1012' title='bbox 2150 1228 2176 1257; x_wconf 86' lang='lat'>6,</span> <span class='ocrx_word' id='word_1_1013' title='bbox 2189 1234 2217 1258; x_wconf 86' lang='lat'>4.</span> 
     </span>
     <span class='ocr_line' id='line_1_104' title="bbox 1167 1258 2219 1295; baseline 0.002 -9"><span class='ocrx_word' id='word_1_1014' title='bbox 1167 1259 1241 1286; x_wconf 91' lang='lat' dir='ltr'>Idem</span> <span class='ocrx_word' id='word_1_1015' title='bbox 1255 1260 1308 1285; x_wconf 86' lang='lat' dir='ltr'>Att.</span> <span class='ocrx_word' id='word_1_1016' title='bbox 1324 1267 1359 1291; x_wconf 85' lang='lat'>12,</span> <span class='ocrx_word' id='word_1_1017' title='bbox 1373 1264 1405 1289; x_wconf 88' lang='lat'>28</span> <span class='ocrx_word' id='word_1_1018' title='bbox 1434 1260 1496 1285; x_wconf 86' lang='lat' dir='ltr'>Mea</span> <span class='ocrx_word' id='word_1_1019' title='bbox 1513 1258 1583 1285; x_wconf 90' lang='lat' dir='ltr'>mihi</span> <span class='ocrx_word' id='word_1_1020' title='bbox 1597 1260 1756 1286; x_wconf 88' lang='lat' dir='ltr'>conscientia</span> <span class='ocrx_word' id='word_1_1021' title='bbox 1771 1259 1856 1294; x_wconf 87' lang='lat' dir='ltr'>pluris</span> <span class='ocrx_word' id='word_1_1022' title='bbox 1870 1259 1923 1292; x_wconf 82' lang='lat' dir='ltr'>est,</span> <span class='ocrx_word' id='word_1_1023' title='bbox 1937 1269 2016 1295; x_wconf 91' lang='lat' dir='ltr'>quam</span> <span class='ocrx_word' id='word_1_1024' title='bbox 2030 1261 2152 1287; x_wconf 85' lang='lat' dir='ltr'>omnium</span> <span class='ocrx_word' id='word_1_1025' title='bbox 2167 1262 2219 1288; x_wconf 89' lang='lat' dir='ltr'>set·-</span> 
     </span>
     <span class='ocr_line' id='line_1_105' title="bbox 1167 1294 2219 1324; baseline 0.002 -2"><span class='ocrx_word' id='word_1_1026' title='bbox 1167 1304 1223 1322; x_wconf 88' lang='lat' dir='ltr'>ino.</span> <span class='ocrx_word' id='word_1_1027' title='bbox 1283 1294 1478 1322; x_wconf 79' lang='lat' dir='ltr'>Maleficiorum</span> <span class='ocrx_word' id='word_1_1028' title='bbox 1492 1295 1668 1322; x_wconf 82' lang='lat' dir='ltr'>conscientiae</span> <span class='ocrx_word' id='word_1_1029' title='bbox 1687 1295 1822 1322; x_wconf 85' lang='lat' dir='ltr'>stimulant</span> <span class='ocrx_word' id='word_1_1030' title='bbox 1840 1295 1878 1321; x_wconf 89' lang='lat' dir='ltr'>Id.</span> <span class='ocrx_word' id='word_1_1031' title='bbox 1895 1295 1923 1322; x_wconf 86' lang='lat' dir='ltr'>in</span> <span class='ocrx_word' id='word_1_1032' title='bbox 1941 1295 2031 1323; x_wconf 85' lang='lat' dir='ltr'>Parad.</span> <span class='ocrx_word' id='word_1_1033' title='bbox 2047 1305 2070 1323; x_wconf 81' lang='lat'>2.</span> <span class='ocrx_word' id='word_1_1034' title='bbox 2125 1295 2219 1324; x_wconf 80' lang='lat' dir='ltr'>Officii</span> 
     </span>
     <span class='ocr_line' id='line_1_106' title="bbox 1165 1330 2218 1366; baseline 0.002 -9"><span class='ocrx_word' id='word_1_1035' title='bbox 1165 1332 1207 1358; x_wconf 85' lang='lat' dir='ltr'>sui</span> <span class='ocrx_word' id='word_1_1036' title='bbox 1220 1330 1379 1357; x_wconf 86' lang='lat' dir='ltr'>conscientia</span> <span class='ocrx_word' id='word_1_1037' title='bbox 1393 1330 1449 1356; x_wconf 90' lang='lat' dir='ltr'>frui</span> <span class='ocrx_word' id='word_1_1038' title='bbox 1469 1331 1526 1357; x_wconf 88' lang='lat' dir='ltr'>Cic.</span> <span class='ocrx_word' id='word_1_1039' title='bbox 1541 1332 1613 1358; x_wconf 82' lang='lat' dir='ltr'>Fam.</span> <span class='ocrx_word' id='word_1_1040' title='bbox 1627 1340 1649 1364; x_wconf 87' lang='grc'>3,</span> <span class='ocrx_word' id='word_1_1041' title='bbox 1663 1338 1689 1366; x_wconf 88' lang='lat'>7.</span> <span class='ocrx_word' id='word_1_1042' title='bbox 1764 1332 1932 1358; x_wconf 69' lang='lat' dir='ltr'>Peccatoi‘um</span> <span class='ocrx_word' id='word_1_1043' title='bbox 1953 1341 1985 1358; x_wconf 80' lang='lat' dir='ltr'>ex</span> <span class='ocrx_word' id='word_1_1044' title='bbox 2004 1333 2164 1360; x_wconf 84' lang='lat' dir='ltr'>conscientia</span> <span class='ocrx_word' id='word_1_1045' title='bbox 2185 1333 2218 1359; x_wconf 89' lang='lat' dir='ltr'>ti-</span> 
     </span>
     <span class='ocr_line' id='line_1_107' title="bbox 1168 1366 2219 1404; baseline 0.004 -12"><span class='ocrx_word' id='word_1_1046' title='bbox 1168 1376 1229 1393; x_wconf 89' lang='lat' dir='ltr'>mor</span> <span class='ocrx_word' id='word_1_1047' title='bbox 1242 1367 1363 1393; x_wconf 87' lang='lat' dir='ltr'>exoritur</span> <span class='ocrx_word' id='word_1_1048' title='bbox 1377 1366 1451 1393; x_wconf 88' lang='lat' dir='ltr'>Idem</span> <span class='ocrx_word' id='word_1_1049' title='bbox 1458 1366 1547 1393; x_wconf 88' lang='lat' dir='ltr'>Parad.</span> <span class='ocrx_word' id='word_1_1050' title='bbox 1562 1375 1584 1399; x_wconf 75' lang='lat'>5.</span> <span class='ocrx_word' id='word_1_1051' title='bbox 1656 1366 1766 1393; x_wconf 83' lang='lat' dir='ltr'>Sceleris</span> <span class='ocrx_word' id='word_1_1052' title='bbox 1780 1367 1947 1399; x_wconf 86' lang='lat' dir='ltr'>conscientia,</span> <span class='ocrx_word' id='word_1_1053' title='bbox 1962 1369 2145 1404; x_wconf 88' lang='lat' dir='ltr'>auaritiaeque</span> <span class='ocrx_word' id='word_1_1054' title='bbox 2158 1369 2219 1396; x_wconf 84' lang='lat' dir='ltr'>suae</span> 
     </span>
     <span class='ocr_line' id='line_1_108' title="bbox 1166 1402 2220 1438; baseline 0.003 -10"><span class='ocrx_word' id='word_1_1055' title='bbox 1166 1402 1206 1429; x_wconf 93' lang='lat' dir='ltr'>Id.</span> <span class='ocrx_word' id='word_1_1056' title='bbox 1222 1403 1297 1428; x_wconf 87' lang='lat' dir='ltr'>Verr.</span> <span class='ocrx_word' id='word_1_1057' title='bbox 1313 1410 1335 1434; x_wconf 86' lang='lat'>3,</span> <span class='ocrx_word' id='word_1_1058' title='bbox 1372 1420 1380 1427; x_wconf 91' lang='lat'>.</span> <span class='ocrx_word' id='word_1_1059' title='bbox 1416 1421 1422 1428; x_wconf 93' lang='lat'>.</span> <span class='ocrx_word' id='word_1_1060' title='bbox 1494 1402 1627 1429; x_wconf 85' lang='lat' dir='ltr'>Scelerum</span> <span class='ocrx_word' id='word_1_1061' title='bbox 1643 1403 1752 1429; x_wconf 88' lang='lat' dir='ltr'>suornm</span> <span class='ocrx_word' id='word_1_1062' title='bbox 1766 1403 1925 1430; x_wconf 88' lang='lat' dir='ltr'>conscientia</span> <span class='ocrx_word' id='word_1_1063' title='bbox 1937 1405 2056 1438; x_wconf 86' lang='lat' dir='ltr'>opprimi</span> <span class='ocrx_word' id='word_1_1064' title='bbox 2069 1405 2125 1431; x_wconf 87' lang='lat' dir='ltr'>Cic.</span> <span class='ocrx_word' id='word_1_1065' title='bbox 2141 1405 2170 1431; x_wconf 85' lang='lat' dir='ltr'>in</span> <span class='ocrx_word' id='word_1_1066' title='bbox 2178 1405 2220 1431; x_wconf 89' lang='lat' dir='ltr'>Pi-</span> 
     </span>
     <span class='ocr_line' id='line_1_109' title="bbox 1168 1437 2219 1475; baseline 0.003 -11"><span class='ocrx_word' id='word_1_1067' title='bbox 1168 1438 1224 1464; x_wconf 87' lang='lat' dir='ltr'>son.</span> <span class='ocrx_word' id='word_1_1068' title='bbox 1242 1445 1282 1469; x_wconf 87' lang='grc'>39.</span> <span class='ocrx_word' id='word_1_1069' title='bbox 1355 1437 1446 1463; x_wconf 84' lang='lat' dir='ltr'>Iustin.</span> <span class='ocrx_word' id='word_1_1070' title='bbox 1463 1447 1483 1469; x_wconf 85' lang='lat'>1,</span> <span class='ocrx_word' id='word_1_1071' title='bbox 1499 1445 1526 1473; x_wconf 88' lang='lat'>7,</span> <span class='ocrx_word' id='word_1_1072' title='bbox 1541 1446 1566 1471; x_wconf 80' lang='lat'>¹5</span> <span class='ocrx_word' id='word_1_1073' title='bbox 1601 1438 1667 1464; x_wconf 91' lang='lat' dir='ltr'>Non</span> <span class='ocrx_word' id='word_1_1074' title='bbox 1687 1445 1825 1465; x_wconf 84' lang='lat' dir='ltr'>contentus</span> <span class='ocrx_word' id='word_1_1075' title='bbox 1844 1439 1981 1466; x_wconf 75' lang='lat' dir='ltr'>Candaules</span> <span class='ocrx_word' id='word_1_1076' title='bbox 1997 1440 2077 1467; x_wconf 87' lang='lat' dir='ltr'>tacita</span> <span class='ocrx_word' id='word_1_1077' title='bbox 2097 1441 2219 1475; x_wconf 79' lang='lat' dir='ltr'>volupta-</span> 
     </span>
     <span class='ocr_line' id='line_1_110' title="bbox 1168 1473 2220 1510; baseline 0.003 -10"><span class='ocrx_word' id='word_1_1078' title='bbox 1168 1478 1225 1500; x_wconf 88' lang='lat' dir='ltr'>tum</span> <span class='ocrx_word' id='word_1_1079' title='bbox 1239 1473 1344 1499; x_wconf 87' lang='lat' dir='ltr'>suarutri</span> <span class='ocrx_word' id='word_1_1080' title='bbox 1357 1473 1527 1500; x_wconf 82' lang='lat' dir='ltr'>conscientia.</span> <span class='ocrx_word' id='word_1_1081' title='bbox 1601 1475 1707 1508; x_wconf 89' lang='lat' dir='ltr'>Angore</span> <span class='ocrx_word' id='word_1_1082' title='bbox 1722 1474 1912 1506; x_wconf 86' lang='lat' dir='ltr'>conscientiae,</span> <span class='ocrx_word' id='word_1_1083' title='bbox 1926 1475 2083 1510; x_wconf 88' lang='lat' dir='ltr'>fraudisque</span> <span class='ocrx_word' id='word_1_1084' title='bbox 2100 1478 2220 1503; x_wconf 87' lang='lat' dir='ltr'>cruciatu</span> 
     </span>
     <span class='ocr_line' id='line_1_111' title="bbox 1167 1508 2220 1545; baseline 0.002 -9"><span class='ocrx_word' id='word_1_1085' title='bbox 1167 1509 1267 1543; x_wconf 76' lang='lat' dir='ltr'>agitant</span> <span class='ocrx_word' id='word_1_1086' title='bbox 1287 1514 1313 1534; x_wconf 86' lang='lat' dir='ltr'>et</span> <span class='ocrx_word' id='word_1_1087' title='bbox 1332 1508 1493 1535; x_wconf 58' lang='lat' dir='ltr'>insecuntur</span> <span class='ocrx_word' id='word_1_1088' title='bbox 1511 1509 1599 1536; x_wconf 88' lang='lat' dir='ltr'>furiae</span> <span class='ocrx_word' id='word_1_1089' title='bbox 1618 1509 1744 1535; x_wconf 82' lang='lat' dir='ltr'>scelerum</span> <span class='ocrx_word' id='word_1_1090' title='bbox 1764 1509 1886 1536; x_wconf 85' lang='lat' dir='ltr'>homines</span> <span class='ocrx_word' id='word_1_1091' title='bbox 1906 1511 1963 1536; x_wconf 90' lang='lat' dir='ltr'>Cic.</span> <span class='ocrx_word' id='word_1_1092' title='bbox 1985 1510 2016 1536; x_wconf 87' lang='lat' dir='ltr'>de</span> <span class='ocrx_word' id='word_1_1093' title='bbox 2030 1512 2125 1545; x_wconf 82' lang='lat' dir='ltr'>Legib.</span> <span class='ocrx_word' id='word_1_1094' title='bbox 2139 1521 2158 1543; x_wconf 87' lang='lat' dir='ltr'>i,</span> <span class='ocrx_word' id='word_1_1095' title='bbox 2172 1521 2220 1545; x_wconf 81' lang='lat'>40.</span> 
     </span>
     <span class='ocr_line' id='line_1_112' title="bbox 1168 1543 2220 1579; baseline 0.001 -6"><span class='ocrx_word' id='word_1_1096' title='bbox 1168 1544 1232 1573; x_wconf 86' lang='lat' dir='ltr'>Fide</span> <span class='ocrx_word' id='word_1_1097' title='bbox 1253 1543 1428 1571; x_wconf 88' lang='lat' dir='ltr'>conscientiae</span> <span class='ocrx_word' id='word_1_1098' title='bbox 1447 1553 1502 1570; x_wconf 90' lang='lat' dir='ltr'>non</span> <span class='ocrx_word' id='word_1_1099' title='bbox 1516 1545 1683 1570; x_wconf 83' lang='lat' dir='ltr'>commoueri</span> <span class='ocrx_word' id='word_1_1100' title='bbox 1703 1544 1776 1570; x_wconf 86' lang='lat' dir='ltr'>Idem</span> <span class='ocrx_word' id='word_1_1101' title='bbox 1789 1554 1838 1579; x_wconf 87' lang='lat' dir='ltr'>pro</span> <span class='ocrx_word' id='word_1_1102' title='bbox 1851 1545 1926 1571; x_wconf 88' lang='lat' dir='ltr'>Rose.</span> <span class='ocrx_word' id='word_1_1103' title='bbox 1942 1546 2019 1573; x_wconf 90' lang='lat' dir='ltr'>Com.</span> <span class='ocrx_word' id='word_1_1104' title='bbox 2037 1549 2082 1579; x_wconf 87' lang='lat'>46.</span> <span class='ocrx_word' id='word_1_1105' title='bbox 2155 1548 2220 1574; x_wconf 86' lang='lat' dir='ltr'>For-</span> 
     </span>
     <span class='ocr_line' id='line_1_113' title="bbox 1167 1579 2221 1613; baseline 0 -3"><span class='ocrx_word' id='word_1_1106' title='bbox 1167 1587 1246 1610; x_wconf 85' lang='lat' dir='ltr'>tunae</span> <span class='ocrx_word' id='word_1_1107' title='bbox 1259 1579 1364 1608; x_wconf 82' lang='lat' dir='ltr'>amiss&#39;ae</span> <span class='ocrx_word' id='word_1_1108' title='bbox 1377 1580 1566 1606; x_wconf 80' lang='lat' dir='ltr'>conscientiam</span> <span class='ocrx_word' id='word_1_1109' title='bbox 1581 1580 1698 1606; x_wconf 86' lang='lat' dir='ltr'>retinere</span> <span class='ocrx_word' id='word_1_1110' title='bbox 1714 1580 1786 1606; x_wconf 86' lang='lat' dir='ltr'>Flor.</span> <span class='ocrx_word' id='word_1_1111' title='bbox 1802 1589 1828 1613; x_wconf 83' lang='lat'>2,</span> <span class='ocrx_word' id='word_1_1112' title='bbox 1843 1589 1881 1613; x_wconf 88' lang='lat'>12,</span> <span class='ocrx_word' id='word_1_1113' title='bbox 1897 1589 1933 1607; x_wconf 91' lang='lat'>10.</span> <span class='ocrx_word' id='word_1_1114' title='bbox 1992 1582 2075 1609; x_wconf 79' lang='lat' dir='ltr'>Labes</span> <span class='ocrx_word' id='word_1_1115' title='bbox 2087 1583 2221 1610; x_wconf 83' lang='lat' dir='ltr'>conscien-</span> 
     </span>
     <span class='ocr_line' id='line_1_114' title="bbox 1166 1615 2220 1653; baseline -0.002 -6"><span class='ocrx_word' id='word_1_1116' title='bbox 1166 1620 1219 1647; x_wconf 87' lang='lat' dir='ltr'>tiae</span> <span class='ocrx_word' id='word_1_1117' title='bbox 1232 1618 1261 1646; x_wconf 84' lang='lat' dir='ltr'>in</span> <span class='ocrx_word' id='word_1_1118' title='bbox 1274 1618 1365 1645; x_wconf 88' lang='lat' dir='ltr'>animo</span> <span class='ocrx_word' id='word_1_1119' title='bbox 1379 1615 1479 1644; x_wconf 71' lang='lat' dir='ltr'>habere</span> <span class='ocrx_word' id='word_1_1120' title='bbox 1493 1616 1549 1643; x_wconf 89' lang='lat' dir='ltr'>Cic.</span> <span class='ocrx_word' id='word_1_1121' title='bbox 1562 1615 1615 1642; x_wconf 83' lang='lat' dir='ltr'>Off.</span> <span class='ocrx_word' id='word_1_1122' title='bbox 1628 1624 1649 1648; x_wconf 90' lang='grc'>3,</span> <span class='ocrx_word' id='word_1_1123' title='bbox 1665 1621 1703 1650; x_wconf 78' lang='lat'>85.</span> <span class='ocrx_word' id='word_1_1124' title='bbox 1773 1616 1877 1643; x_wconf 85' lang='lat' dir='ltr'>Pondus</span> <span class='ocrx_word' id='word_1_1125' title='bbox 1890 1617 2068 1644; x_wconf 84' lang='lat' dir='ltr'>conscientiae</span> <span class='ocrx_word' id='word_1_1126' title='bbox 2086 1627 2167 1653; x_wconf 84' lang='lat' dir='ltr'>graue</span> <span class='ocrx_word' id='word_1_1127' title='bbox 2183 1619 2220 1645; x_wconf 87' lang='lat' dir='ltr'>es-</span> 
     </span>
     <span class='ocr_line' id='line_1_115' title="bbox 1166 1651 2219 1682; baseline -0.001 0"><span class='ocrx_word' id='word_1_1128' title='bbox 1166 1657 1203 1682; x_wconf 86' lang='lat' dir='ltr'>sct</span> <span class='ocrx_word' id='word_1_1129' title='bbox 1218 1655 1270 1682; x_wconf 82' lang='lat' dir='ltr'>line</span> <span class='ocrx_word' id='word_1_1130' title='bbox 1288 1653 1343 1681; x_wconf 80' lang='lat' dir='ltr'>vlla</span> <span class='ocrx_word' id='word_1_1131' title='bbox 1363 1652 1472 1681; x_wconf 88' lang='lat' dir='ltr'>virtutis</span> <span class='ocrx_word' id='word_1_1132' title='bbox 1493 1657 1520 1680; x_wconf 89' lang='lat' dir='ltr'>et</span> <span class='ocrx_word' id='word_1_1133' title='bbox 1534 1652 1667 1680; x_wconf 86' lang='lat' dir='ltr'>vitiorum</span> <span class='ocrx_word' id='word_1_1134' title='bbox 1685 1651 1777 1678; x_wconf 86' lang='lat' dir='ltr'>diuina</span> <span class='ocrx_word' id='word_1_1135' title='bbox 1797 1652 1901 1678; x_wconf 89' lang='lat' dir='ltr'>ratione</span> <span class='ocrx_word' id='word_1_1136' title='bbox 1923 1653 1997 1679; x_wconf 89' lang='lat' dir='ltr'>Idem</span> <span class='ocrx_word' id='word_1_1137' title='bbox 2013 1653 2045 1680; x_wconf 86' lang='lat' dir='ltr'>de</span> <span class='ocrx_word' id='word_1_1138' title='bbox 2062 1655 2124 1681; x_wconf 86' lang='lat' dir='ltr'>Nat.</span> <span class='ocrx_word' id='word_1_1139' title='bbox 2138 1655 2219 1681; x_wconf 86' lang='lat' dir='ltr'>Deor.</span> 
     </span>
     <span class='ocr_line' id='line_1_116' title="bbox 1165 1687 2221 1726; baseline 0 -9"><span class='ocrx_word' id='word_1_1140' title='bbox 1165 1701 1188 1724; x_wconf 84' lang='lat'>3,</span> <span class='ocrx_word' id='word_1_1141' title='bbox 1202 1697 1238 1724; x_wconf 80' lang='lat'>85.</span> <span class='ocrx_word' id='word_1_1142' title='bbox 1312 1689 1480 1718; x_wconf 85' lang='lat' dir='ltr'>Conscientia</span> <span class='ocrx_word' id='word_1_1143' title='bbox 1494 1688 1569 1716; x_wconf 87' lang='lat' dir='ltr'>mille</span> <span class='ocrx_word' id='word_1_1144' title='bbox 1583 1687 1658 1717; x_wconf 80' lang='lat' dir='ltr'>testes</span> <span class='ocrx_word' id='word_1_1145' title='bbox 1671 1687 1803 1721; x_wconf 61' lang='lat' dir='ltr'>Qiinskil.</span> <span class='ocrx_word' id='word_1_1146' title='bbox 1817 1696 1840 1721; x_wconf 83' lang='grc' dir='ltr'>ς,</span> <span class='ocrx_word' id='word_1_1147' title='bbox 1854 1697 1886 1721; x_wconf 92' lang='grc'>11,</span> <span class='ocrx_word' id='word_1_1148' title='bbox 1902 1697 1941 1722; x_wconf 88' lang='lat'>41.</span> <span class='ocrx_word' id='word_1_1149' title='bbox 1980 1691 2166 1726; x_wconf 82' lang='lat' dir='ltr'>Nonnunquam</span> <span class='ocrx_word' id='word_1_1150' title='bbox 2180 1691 2221 1717; x_wconf 82' lang='lat' dir='ltr'>ab-</span> 
     </span>
     <span class='ocr_line' id='line_1_117' title="bbox 1157 1723 2220 1764; baseline -0.001 -10"><span class='ocrx_word' id='word_1_1151' title='bbox 1157 1728 1240 1764; x_wconf 74' lang='lat' dir='ltr'>fhlute</span> <span class='ocrx_word' id='word_1_1152' title='bbox 1258 1726 1287 1753; x_wconf 79' lang='lat' dir='ltr'>de</span> <span class='ocrx_word' id='word_1_1153' title='bbox 1304 1728 1369 1753; x_wconf 74' lang='lat' dir='ltr'>mala</span> <span class='ocrx_word' id='word_1_1154' title='bbox 1389 1726 1540 1761; x_wconf 68' lang='lat' dir='ltr'>conscientia</span> <span class='ocrx_word' id='word_1_1155' title='bbox 1560 1724 1670 1751; x_wconf 80' lang='lat' dir='ltr'>dicitur:</span> <span class='ocrx_word' id='word_1_1156' title='bbox 1694 1723 1746 1751; x_wconf 77' lang='lat' dir='ltr'>vid.</span> <span class='ocrx_word' id='word_1_1157' title='bbox 1767 1724 1905 1760; x_wconf 72' lang='lat' dir='ltr'>Schulting.</span> <span class='ocrx_word' id='word_1_1158' title='bbox 1924 1724 1958 1750; x_wconf 81' lang='lat' dir='ltr'>ad</span> <span class='ocrx_word' id='word_1_1159' title='bbox 1973 1725 2105 1759; x_wconf 63' lang='lat' dir='ltr'>Qiine‘til.</span> <span class='ocrx_word' id='word_1_1160' title='bbox 2120 1727 2192 1753; x_wconf 88' lang='lat' dir='ltr'>Deel.</span> <span class='ocrx_word' id='word_1_1161' title='bbox 2208 1734 2220 1752; x_wconf 83' lang='lat'>1</span> 
     </span>
    </p>
   </div>
   <div class='ocr_carea' id='block_1_47' title="bbox 727 1759 2219 1800">
    <p class='ocr_par' dir='ltr' id='par_1_51' title="bbox 727 1759 2219 1800">
     <span class='ocr_line' id='line_1_118' title="bbox 727 1759 2219 1800; baseline 0.003 -15"><span class='ocrx_word' id='word_1_1162' title='bbox 727 1759 783 1785; x_wconf 86' lang='lat' dir='ltr'>Cic.</span> <span class='ocrx_word' id='word_1_1163' title='bbox 797 1759 868 1786; x_wconf 89' lang='lat' dir='ltr'>Fam.</span> <span class='ocrx_word' id='word_1_1164' title='bbox 889 1761 927 1792; x_wconf 81' lang='lat'>16,</span> <span class='ocrx_word' id='word_1_1165' title='bbox 942 1768 966 1786; x_wconf 91' lang='lat'>11</span> <span class='ocrx_word' id='word_1_1166' title='bbox 1002 1760 1141 1800; x_wconf 76' lang='lat' dir='ltr'>Neque45</span> <span class='ocrx_word' id='word_1_1167' title='bbox 1165 1773 1189 1798; x_wconf 88' lang='lat' dir='ltr'>p.</span> <span class='ocrx_word' id='word_1_1168' title='bbox 1205 1771 1233 1796; x_wconf 87' lang='lat'>¹9</span> <span class='ocrx_word' id='word_1_1169' title='bbox 1248 1764 1333 1789; x_wconf 80' lang='lat' dir='ltr'>Burm.</span> <span class='ocrx_word' id='word_1_1170' title='bbox 1371 1763 1411 1789; x_wconf 80' lang='lat' dir='ltr'>Sic</span> <span class='ocrx_word' id='word_1_1171' title='bbox 1425 1761 1501 1788; x_wconf 63' lang='lat' dir='ltr'>Aust.</span> <span class='ocrx_word' id='word_1_1172' title='bbox 1516 1761 1549 1788; x_wconf 86' lang='lat' dir='ltr'>ad</span> <span class='ocrx_word' id='word_1_1173' title='bbox 1565 1762 1664 1788; x_wconf 86' lang='lat' dir='ltr'>Heren.</span> <span class='ocrx_word' id='word_1_1174' title='bbox 1679 1769 1704 1792; x_wconf 87' lang='lat'>2,</span> <span class='ocrx_word' id='word_1_1175' title='bbox 1718 1765 1731 1791; x_wconf 91' lang='lat'><strong>8</strong></span> <span class='ocrx_word' id='word_1_1176' title='bbox 1758 1759 1900 1787; x_wconf 84' lang='lat' dir='ltr'>Accusator</span> <span class='ocrx_word' id='word_1_1177' title='bbox 1913 1759 1997 1794; x_wconf 86' lang='lat' dir='ltr'>dicet,</span> <span class='ocrx_word' id='word_1_1178' title='bbox 2012 1761 2030 1788; x_wconf 83' lang='lat' dir='ltr'>si</span> <span class='ocrx_word' id='word_1_1179' title='bbox 2045 1762 2161 1797; x_wconf 88' lang='lat' dir='ltr'>poterit,</span> <span class='ocrx_word' id='word_1_1180' title='bbox 2175 1762 2219 1789; x_wconf 80' lang='lat' dir='ltr'>ad-</span> 
     </span>
    </p>
   </div>
   <div class='ocr_carea' id='block_1_48' title="bbox 1162 1795 2221 2296">
    <p class='ocr_par' dir='ltr' id='par_1_52' title="bbox 1164 1795 2221 2075">
     <span class='ocr_line' id='line_1_119' title="bbox 1165 1795 2220 1832; baseline -0.001 -7"><span class='ocrx_word' id='word_1_1181' title='bbox 1165 1798 1329 1829; x_wconf 84' lang='lat' dir='ltr'>versarium,</span> <span class='ocrx_word' id='word_1_1182' title='bbox 1344 1806 1427 1832; x_wconf 88' lang='lat' dir='ltr'>quum</span> <span class='ocrx_word' id='word_1_1183' title='bbox 1439 1797 1472 1824; x_wconf 92' lang='lat' dir='ltr'>ad</span> <span class='ocrx_word' id='word_1_1184' title='bbox 1485 1807 1548 1824; x_wconf 89' lang='lat' dir='ltr'>eum</span> <span class='ocrx_word' id='word_1_1185' title='bbox 1559 1804 1669 1824; x_wconf 87' lang='lat' dir='ltr'>ventum</span> <span class='ocrx_word' id='word_1_1186' title='bbox 1684 1796 1722 1826; x_wconf 84' lang='lat' dir='ltr'>fit,</span> <span class='ocrx_word' id='word_1_1187' title='bbox 1742 1795 1875 1823; x_wconf 76' lang='lat' dir='ltr'>criibuiffe</span> <span class='ocrx_word' id='word_1_1188' title='bbox 1883 1816 1891 1829; x_wconf 94' lang='lat'>,</span> <span class='ocrx_word' id='word_1_1189' title='bbox 1905 1797 2074 1831; x_wconf 76' lang='lat' dir='ltr'>expalluisse,</span> <span class='ocrx_word' id='word_1_1190' title='bbox 2087 1797 2220 1831; x_wconf 86' lang='lat' dir='ltr'>titubasse,</span> 
     </span>
     <span class='ocr_line' id='line_1_120' title="bbox 1166 1832 2220 1869; baseline -0.001 -8"><span class='ocrx_word' id='word_1_1191' title='bbox 1166 1833 1343 1861; x_wconf 83' lang='lat' dir='ltr'>inconstanter</span> <span class='ocrx_word' id='word_1_1192' title='bbox 1358 1833 1503 1868; x_wconf 88' lang='lat' dir='ltr'>loquutum</span> <span class='ocrx_word' id='word_1_1193' title='bbox 1517 1835 1581 1866; x_wconf 78' lang='lat' dir='ltr'>eise,</span> <span class='ocrx_word' id='word_1_1194' title='bbox 1602 1832 1759 1866; x_wconf 78' lang='lat' dir='ltr'>concidisse,</span> <span class='ocrx_word' id='word_1_1195' title='bbox 1774 1832 1925 1868; x_wconf 84' lang='lat' dir='ltr'>pollicitum</span> <span class='ocrx_word' id='word_1_1196' title='bbox 1945 1834 1994 1860; x_wconf 78' lang='lat' dir='ltr'>effe</span> <span class='ocrx_word' id='word_1_1197' title='bbox 2013 1833 2131 1869; x_wconf 86' lang='lat' dir='ltr'>aliquid:</span> <span class='ocrx_word' id='word_1_1198' title='bbox 2151 1843 2220 1869; x_wconf 88' lang='lat' dir='ltr'>quae</span> 
     </span>
     <span class='ocr_line' id='line_1_121' title="bbox 1165 1868 2219 1905; baseline 0.001 -9"><span class='ocrx_word' id='word_1_1199' title='bbox 1165 1870 1236 1905; x_wconf 83' lang='lat' dir='ltr'>signa</span> <span class='ocrx_word' id='word_1_1200' title='bbox 1248 1869 1423 1896; x_wconf 85' lang='lat' dir='ltr'>conscientiae</span> <span class='ocrx_word' id='word_1_1201' title='bbox 1435 1870 1501 1896; x_wconf 88' lang='lat' dir='ltr'>sunt.</span> <span class='ocrx_word' id='word_1_1202' title='bbox 1572 1869 1741 1897; x_wconf 85' lang='lat' dir='ltr'>Conscientia</span> <span class='ocrx_word' id='word_1_1203' title='bbox 1761 1869 1839 1896; x_wconf 89' lang='lat' dir='ltr'>bona.</span> <span class='ocrx_word' id='word_1_1204' title='bbox 1859 1868 1926 1895; x_wconf 88' lang='lat' dir='ltr'>Plin.</span> <span class='ocrx_word' id='word_1_1205' title='bbox 1942 1869 2021 1905; x_wconf 79' lang='lat' dir='ltr'>Epist.</span> <span class='ocrx_word' id='word_1_1206' title='bbox 2035 1878 2074 1904; x_wconf 91' lang='lat'>10,</span> <span class='ocrx_word' id='word_1_1207' title='bbox 2088 1878 2117 1897; x_wconf 84' lang='lat'>12</span> <span class='ocrx_word' id='word_1_1208' title='bbox 2143 1871 2219 1904; x_wconf 77' lang='lat' dir='ltr'>Qiae</span> 
     </span>
     <span class='ocr_line' id='line_1_122' title="bbox 1165 1904 2220 1944; baseline 0.001 -12"><span class='ocrx_word' id='word_1_1209' title='bbox 1165 1905 1264 1933; x_wconf 91' lang='lat' dir='ltr'>bonam</span> <span class='ocrx_word' id='word_1_1210' title='bbox 1278 1906 1467 1932; x_wconf 86' lang='lat' dir='ltr'>conscientiam</span> <span class='ocrx_word' id='word_1_1211' title='bbox 1480 1904 1582 1932; x_wconf 87' lang='lat' dir='ltr'>ciuium</span> <span class='ocrx_word' id='word_1_1212' title='bbox 1596 1911 1705 1932; x_wconf 88' lang='lat' dir='ltr'>tuorum</span> <span class='ocrx_word' id='word_1_1213' title='bbox 1717 1904 1750 1932; x_wconf 92' lang='lat' dir='ltr'>ad</span> <span class='ocrx_word' id='word_1_1214' title='bbox 1763 1906 1840 1932; x_wconf 90' lang='lat' dir='ltr'>vsum</span> <span class='ocrx_word' id='word_1_1215' title='bbox 1854 1905 2034 1941; x_wconf 86' lang='lat' dir='ltr'>indulgentiae</span> <span class='ocrx_word' id='word_1_1216' title='bbox 2047 1911 2109 1933; x_wconf 90' lang='lat' dir='ltr'>tuae</span> <span class='ocrx_word' id='word_1_1217' title='bbox 2120 1915 2220 1944; x_wconf 82' lang='lat' dir='ltr'>prouo-</span> 
     </span>
     <span class='ocr_line' id='line_1_123' title="bbox 1165 1941 2221 1979; baseline 0.001 -11"><span class='ocrx_word' id='word_1_1218' title='bbox 1165 1947 1206 1968; x_wconf 84' lang='lat' dir='ltr'>cat</span> <span class='ocrx_word' id='word_1_1219' title='bbox 1225 1947 1250 1968; x_wconf 89' lang='lat' dir='ltr'>et</span> <span class='ocrx_word' id='word_1_1220' title='bbox 1268 1941 1376 1969; x_wconf 87' lang='lat' dir='ltr'>attollit.</span> <span class='ocrx_word' id='word_1_1221' title='bbox 1450 1941 1566 1975; x_wconf 87' lang='lat' dir='ltr'>Infelix,</span> <span class='ocrx_word' id='word_1_1222' title='bbox 1586 1945 1605 1968; x_wconf 87' lang='lat' dir='ltr'>i.</span> <span class='ocrx_word' id='word_1_1223' title='bbox 1625 1942 1791 1974; x_wconf 78' lang='lat' dir='ltr'>calamitates,</span> <span class='ocrx_word' id='word_1_1224' title='bbox 1813 1951 1916 1977; x_wconf 83' lang='lat' dir='ltr'>quarum</span> <span class='ocrx_word' id='word_1_1225' title='bbox 1935 1942 2006 1969; x_wconf 77' lang='lat' dir='ltr'>nobis</span> <span class='ocrx_word' id='word_1_1226' title='bbox 2021 1942 2109 1979; x_wconf 84' lang='lat' dir='ltr'>sumus</span> <span class='ocrx_word' id='word_1_1227' title='bbox 2127 1942 2221 1978; x_wconf 75' lang='lat' dir='ltr'>conftii</span> 
     </span>
     <span class='ocr_line' id='line_1_124' title="bbox 1166 1977 2220 2012; baseline 0.001 -8"><span class='ocrx_word' id='word_1_1228' title='bbox 1166 1977 1299 2011; x_wconf 73' lang='lat' dir='ltr'>Qinetii.</span> <span class='ocrx_word' id='word_1_1229' title='bbox 1313 1979 1330 2004; x_wconf 91' lang='lat'>6</span> <span class='ocrx_word' id='word_1_1230' title='bbox 1350 1986 1471 2012; x_wconf 89' lang='lat' dir='ltr'>prooem.</span> <span class='ocrx_word' id='word_1_1231' title='bbox 1493 1987 1530 2004; x_wconf 89' lang='lat' dir='ltr'>io.</span> <span class='ocrx_word' id='word_1_1232' title='bbox 1602 1977 1739 2004; x_wconf 88' lang='lat' dir='ltr'>Praeclara</span> <span class='ocrx_word' id='word_1_1233' title='bbox 1759 1978 1920 2005; x_wconf 86' lang='lat' dir='ltr'>conscientia</span> <span class='ocrx_word' id='word_1_1234' title='bbox 1939 1978 2069 2005; x_wconf 86' lang='lat' dir='ltr'>sustentor</span> <span class='ocrx_word' id='word_1_1235' title='bbox 2089 1978 2146 2005; x_wconf 93' lang='lat' dir='ltr'>Cic.</span> <span class='ocrx_word' id='word_1_1236' title='bbox 2165 1979 2220 2005; x_wconf 79' lang='lat' dir='ltr'>Att-</span> 
     </span>
     <span class='ocr_line' id='line_1_125' title="bbox 1164 2011 1873 2075; baseline -0.001 -35"><span class='ocrx_word' id='word_1_1237' title='bbox 1164 2023 1195 2047; x_wconf 86' lang='lat'>4,</span> <span class='ocrx_word' id='word_1_1238' title='bbox 1211 2022 1248 2040; x_wconf 90' lang='grc'>10.</span> <span class='ocrx_word' id='word_1_1239' title='bbox 1321 2013 1403 2040; x_wconf 69' lang='lat' dir='ltr'>Recita</span> <span class='ocrx_word' id='word_1_1240' title='bbox 1422 2013 1496 2040; x_wconf 83' lang='lat' dir='ltr'>Idem</span> <span class='ocrx_word' id='word_1_1241' title='bbox 1516 2015 1570 2040; x_wconf 88' lang='lat' dir='ltr'>Att.</span> <span class='ocrx_word' id='word_1_1242' title='bbox 1591 2021 1632 2046; x_wconf 86' lang='grc'>13,</span> <span class='ocrx_word' id='word_1_1243' title='bbox 1651 2022 1695 2040; x_wconf 88' lang='lat'>20.</span> <span class='ocrx_word' id='word_1_1244' title='bbox 1852 2011 1873 2075; x_wconf 59' lang='grc' dir='ltr'>Ε</span> 
     </span>
    </p>

    <p class='ocr_par' dir='ltr' id='par_1_53' title="bbox 1162 2049 2221 2296">
     <span class='ocr_line' id='line_1_126' title="bbox 1164 2049 2221 2084; baseline -0.002 -7"><span class='ocrx_word' id='word_1_1245' title='bbox 1164 2049 1282 2077; x_wconf 89' lang='lat' dir='ltr'>Abolere</span> <span class='ocrx_word' id='word_1_1246' title='bbox 1308 2049 1496 2077; x_wconf 86' lang='lat' dir='ltr'>conscientiam</span> <span class='ocrx_word' id='word_1_1247' title='bbox 1523 2049 1635 2076; x_wconf 84' lang='lat' dir='ltr'>humani</span> <span class='ocrx_word' id='word_1_1248' title='bbox 1660 2049 1778 2084; x_wconf 84' lang='lat' dir='ltr'>generis,</span> <span class='ocrx_word' id='word_1_1249' title='bbox 1813 2049 1853 2076; x_wconf 86' lang='lat' dir='ltr'>Ad</span> <span class='ocrx_word' id='word_1_1250' title='bbox 1875 2049 1965 2080; x_wconf 84' lang='lat' dir='ltr'>ibere,</span> <span class='ocrx_word' id='word_1_1251' title='bbox 2001 2049 2137 2075; x_wconf 86' lang='lat' dir='ltr'>Adiuuare</span> <span class='ocrx_word' id='word_1_1252' title='bbox 2158 2057 2221 2075; x_wconf 84' lang='lat' dir='ltr'>con-</span> 
     </span>
     <span class='ocr_line' id='line_1_127' title="bbox 1165 2083 2220 2119; baseline -0.003 -7"><span class='ocrx_word' id='word_1_1253' title='bbox 1165 2085 1303 2118; x_wconf 77' lang='lat' dir='ltr'>scientiam</span> <span class='ocrx_word' id='word_1_1254' title='bbox 1315 2086 1453 2118; x_wconf 85' lang='lat' dir='ltr'>omnium,</span> <span class='ocrx_word' id='word_1_1255' title='bbox 1489 2085 1609 2118; x_wconf 82' lang='lat' dir='ltr'>Afferre,</span> <span class='ocrx_word' id='word_1_1256' title='bbox 1645 2085 1747 2111; x_wconf 83' lang='lat' dir='ltr'>Ardere</span> <span class='ocrx_word' id='word_1_1257' title='bbox 1760 2084 1921 2110; x_wconf 83' lang='lat' dir='ltr'>conscientia</span> <span class='ocrx_word' id='word_1_1258' title='bbox 1934 2083 1989 2110; x_wconf 82' lang='lat' dir='ltr'>vid.</span> <span class='ocrx_word' id='word_1_1259' title='bbox 2002 2083 2038 2118; x_wconf 69' lang='lat' dir='ltr'>ſj]</span> <span class='ocrx_word' id='word_1_1260' title='bbox 2058 2084 2084 2111; x_wconf 81' lang='lat' dir='ltr'>ll.</span> <span class='ocrx_word' id='word_1_1261' title='bbox 2118 2086 2220 2119; x_wconf 84' lang='lat' dir='ltr'>Argue-</span> 
     </span>
     <span class='ocr_line' id='line_1_128' title="bbox 1164 2119 2220 2152; baseline 0.001 -6"><span class='ocrx_word' id='word_1_1262' title='bbox 1164 2129 1193 2146; x_wconf 86' lang='lat' dir='ltr'>re</span> <span class='ocrx_word' id='word_1_1263' title='bbox 1206 2121 1298 2147; x_wconf 85' lang='lat' dir='ltr'>Tacit.</span> <span class='ocrx_word' id='word_1_1264' title='bbox 1311 2121 1380 2147; x_wconf 89' lang='lat' dir='ltr'>Hist.</span> <span class='ocrx_word' id='word_1_1265' title='bbox 1395 2129 1418 2152; x_wconf 85' lang='grc'>3,</span> <span class='ocrx_word' id='word_1_1266' title='bbox 1431 2129 1468 2146; x_wconf 88' lang='lat'>10.</span> <span class='ocrx_word' id='word_1_1267' title='bbox 1527 2120 1714 2152; x_wconf 87' lang='lat' dir='ltr'>Comprimere</span> <span class='ocrx_word' id='word_1_1268' title='bbox 1735 2119 1924 2146; x_wconf 88' lang='lat' dir='ltr'>conscientiam</span> <span class='ocrx_word' id='word_1_1269' title='bbox 1937 2120 2022 2147; x_wconf 89' lang='lat' dir='ltr'>animi</span> <span class='ocrx_word' id='word_1_1270' title='bbox 2041 2120 2112 2147; x_wconf 86' lang='lat' dir='ltr'>nihil</span> <span class='ocrx_word' id='word_1_1271' title='bbox 2127 2120 2163 2148; x_wconf 88' lang='lat' dir='ltr'>est</span> <span class='ocrx_word' id='word_1_1272' title='bbox 2175 2130 2220 2147; x_wconf 89' lang='lat' dir='ltr'>ne-</span> 
     </span>
     <span class='ocr_line' id='line_1_129' title="bbox 1163 2154 2220 2189; baseline 0.003 -9"><span class='ocrx_word' id='word_1_1273' title='bbox 1163 2155 1233 2188; x_wconf 84' lang='lat' dir='ltr'>gotii</span> <span class='ocrx_word' id='word_1_1274' title='bbox 1252 2156 1308 2181; x_wconf 87' lang='lat' dir='ltr'>Cic.</span> <span class='ocrx_word' id='word_1_1275' title='bbox 1323 2155 1356 2181; x_wconf 85' lang='lat' dir='ltr'>de</span> <span class='ocrx_word' id='word_1_1276' title='bbox 1369 2155 1427 2181; x_wconf 90' lang='lat' dir='ltr'>Fin.</span> <span class='ocrx_word' id='word_1_1277' title='bbox 1442 2163 1468 2187; x_wconf 82' lang='lat'>2,</span> <span class='ocrx_word' id='word_1_1278' title='bbox 1481 2161 1522 2187; x_wconf 77' lang='lat'>54.</span> <span class='ocrx_word' id='word_1_1279' title='bbox 1592 2154 1742 2181; x_wconf 72' lang='lat' dir='ltr'>Connie‘tus</span> <span class='ocrx_word' id='word_1_1280' title='bbox 1763 2154 1820 2181; x_wconf 91' lang='lat' dir='ltr'>Cic.</span> <span class='ocrx_word' id='word_1_1281' title='bbox 1835 2155 1865 2182; x_wconf 90' lang='lat' dir='ltr'>in</span> <span class='ocrx_word' id='word_1_1282' title='bbox 1879 2155 1959 2182; x_wconf 88' lang='lat' dir='ltr'>Catil.</span> <span class='ocrx_word' id='word_1_1283' title='bbox 1972 2164 1996 2188; x_wconf 79' lang='lat'>2,</span> <span class='ocrx_word' id='word_1_1284' title='bbox 2011 2164 2045 2189; x_wconf 84' lang='grc'>13.</span> <span class='ocrx_word' id='word_1_1285' title='bbox 2115 2155 2220 2183; x_wconf 88' lang='lat' dir='ltr'>Debili-</span> 
     </span>
     <span class='ocr_line' id='line_1_130' title="bbox 1163 2189 2218 2225; baseline 0.003 -9"><span class='ocrx_word' id='word_1_1286' title='bbox 1163 2195 1234 2216; x_wconf 89' lang='lat' dir='ltr'>tatus</span> <span class='ocrx_word' id='word_1_1287' title='bbox 1245 2195 1323 2225; x_wconf 85' lang='lat' dir='ltr'>atque</span> <span class='ocrx_word' id='word_1_1288' title='bbox 1336 2189 1455 2217; x_wconf 64' lang='lat' dir='ltr'>abiecitus</span> <span class='ocrx_word' id='word_1_1289' title='bbox 1468 2189 1645 2222; x_wconf 81' lang='lat' dir='ltr'>conscientia,</span> <span class='ocrx_word' id='word_1_1290' title='bbox 1660 2196 1768 2224; x_wconf 85' lang='lat' dir='ltr'>repente</span> <span class='ocrx_word' id='word_1_1291' title='bbox 1780 2191 1911 2217; x_wconf 88' lang='lat' dir='ltr'>conticuit</span> <span class='ocrx_word' id='word_1_1292' title='bbox 1923 2191 1996 2218; x_wconf 87' lang='lat' dir='ltr'>Idem</span> <span class='ocrx_word' id='word_1_1293' title='bbox 2010 2191 2039 2217; x_wconf 89' lang='lat' dir='ltr'>in</span> <span class='ocrx_word' id='word_1_1294' title='bbox 2046 2192 2125 2218; x_wconf 87' lang='lat' dir='ltr'>Catil.</span> <span class='ocrx_word' id='word_1_1295' title='bbox 2139 2200 2164 2225; x_wconf 86' lang='lat'>3,</span> <span class='ocrx_word' id='word_1_1296' title='bbox 2179 2201 2218 2220; x_wconf 87' lang='lat'>10.</span> 
     </span>
     <span class='ocr_line' id='line_1_131' title="bbox 1163 2224 2219 2262; baseline 0.003 -10"><span class='ocrx_word' id='word_1_1297' title='bbox 1163 2225 1305 2253; x_wconf 84' lang='lat' dir='ltr'>Discedere</span> <span class='ocrx_word' id='word_1_1298' title='bbox 1316 2235 1330 2252; x_wconf 85' lang='lat' dir='ltr'>a</span> <span class='ocrx_word' id='word_1_1299' title='bbox 1344 2225 1416 2252; x_wconf 66' lang='lat' dir='ltr'>reEta</span> <span class='ocrx_word' id='word_1_1300' title='bbox 1430 2224 1590 2251; x_wconf 83' lang='lat' dir='ltr'>conscientia</span> <span class='ocrx_word' id='word_1_1301' title='bbox 1604 2226 1782 2252; x_wconf 84' lang='lat' dir='ltr'>transuersum</span> <span class='ocrx_word' id='word_1_1302' title='bbox 1791 2234 1907 2261; x_wconf 83' lang='lat' dir='ltr'>vnguem</span> <span class='ocrx_word' id='word_1_1303' title='bbox 1921 2235 1975 2252; x_wconf 87' lang='lat' dir='ltr'>non</span> <span class='ocrx_word' id='word_1_1304' title='bbox 1988 2234 2096 2262; x_wconf 88' lang='lat' dir='ltr'>oportet</span> <span class='ocrx_word' id='word_1_1305' title='bbox 2107 2228 2136 2254; x_wconf 92' lang='lat' dir='ltr'>in</span> <span class='ocrx_word' id='word_1_1306' title='bbox 2142 2229 2219 2255; x_wconf 86' lang='lat' dir='ltr'>omni</span> 
     </span>
     <span class='ocr_line' id='line_1_132' title="bbox 1162 2259 2219 2296; baseline 0.004 -9"><span class='ocrx_word' id='word_1_1307' title='bbox 1162 2260 1219 2288; x_wconf 86' lang='lat' dir='ltr'>vita</span> <span class='ocrx_word' id='word_1_1308' title='bbox 1237 2261 1275 2287; x_wconf 90' lang='lat' dir='ltr'>Id.</span> <span class='ocrx_word' id='word_1_1309' title='bbox 1290 2262 1344 2287; x_wconf 89' lang='lat' dir='ltr'>Att.</span> <span class='ocrx_word' id='word_1_1310' title='bbox 1361 2269 1396 2292; x_wconf 81' lang='lat'>13,</span> <span class='ocrx_word' id='word_1_1311' title='bbox 1408 2269 1451 2287; x_wconf 77' lang='lat'>20.</span> <span class='ocrx_word' id='word_1_1312' title='bbox 1524 2260 1581 2285; x_wconf 86' lang='lat' dir='ltr'>Seri.</span> <span class='ocrx_word' id='word_1_1313' title='bbox 1602 2259 1635 2286; x_wconf 89' lang='lat' dir='ltr'>de</span> <span class='ocrx_word' id='word_1_1314' title='bbox 1655 2260 1746 2286; x_wconf 90' lang='lat' dir='ltr'>Benef.</span> <span class='ocrx_word' id='word_1_1315' title='bbox 1765 2269 1791 2293; x_wconf 84' lang='lat'>2,</span> <span class='ocrx_word' id='word_1_1316' title='bbox 1805 2269 1836 2293; x_wconf 69' lang='grc' dir='ltr'>ις</span> <span class='ocrx_word' id='word_1_1317' title='bbox 1875 2261 1965 2289; x_wconf 90' lang='lat' dir='ltr'>Verba</span> <span class='ocrx_word' id='word_1_1318' title='bbox 1982 2264 2076 2290; x_wconf 83' lang='lat' dir='ltr'>cessent</span> <span class='ocrx_word' id='word_1_1319' title='bbox 2093 2263 2173 2296; x_wconf 86' lang='lat' dir='ltr'>licet,</span> <span class='ocrx_word' id='word_1_1320' title='bbox 2197 2263 2219 2291; x_wconf 85' lang='lat' dir='ltr'>si</span> 
     </span>
    </p>
   </div>
   <div class='ocr_carea' id='block_1_49' title="bbox 1893 2015 2219 2047">
    <p class='ocr_par' dir='ltr' id='par_1_54' title="bbox 1893 2015 2219 2047">
     <span class='ocr_line' id='line_1_133' title="bbox 1893 2015 2219 2047; baseline -0.006 -6"><span class='ocrx_word' id='word_1_1321' title='bbox 1893 2023 1910 2047; x_wconf 70' lang='lat'>3.</span> <span class='ocrx_word' id='word_1_1322' title='bbox 1948 2015 2049 2041; x_wconf 79' lang='lat' dir='ltr'>Formae</span> <span class='ocrx_word' id='word_1_1323' title='bbox 2069 2015 2219 2040; x_wconf 76' lang='lat' dir='ltr'>Verborum:</span> 
     </span>
    </p>
   </div>
   <div class='ocr_carea' id='block_1_50' title="bbox 59 2294 2216 2331">
    <p class='ocr_par' dir='ltr' id='par_1_55' title="bbox 59 2294 2216 2331">
     <span class='ocr_line' id='line_1_134' title="bbox 59 2294 2216 2331; baseline 0 -6"><span class='ocrx_word' id='word_1_1324' title='bbox 59 2297 126 2325; x_wconf 77' lang='lat' dir='ltr'>Ptin.</span> <span class='ocrx_word' id='word_1_1325' title='bbox 139 2299 180 2330; x_wconf 88' lang='grc'>36,</span> <span class='ocrx_word' id='word_1_1326' title='bbox 194 2305 219 2331; x_wconf 82' lang='lat'>15</span> <span class='ocrx_word' id='word_1_1327' title='bbox 238 2296 326 2324; x_wconf 83' lang='lat' dir='ltr'>Passim</span> <span class='ocrx_word' id='word_1_1328' title='bbox 339 2296 452 2323; x_wconf 81' lang='lat' dir='ltr'>conscita</span> <span class='ocrx_word' id='word_1_1329' title='bbox 467 2303 529 2321; x_wconf 88' lang='lat' dir='ltr'>nece</span> <span class='ocrx_word' id='word_1_1330' title='bbox 543 2295 695 2328; x_wconf 80' lang='lat' dir='ltr'>Quiritibus</span> <span class='ocrx_word' id='word_1_1331' title='bbox 708 2294 826 2321; x_wconf 87' lang='lat' dir='ltr'>taedium</span> <span class='ocrx_word' id='word_1_1332' title='bbox 839 2294 1012 2329; x_wconf 81' lang='lat' dir='ltr'>fugientibus.</span> <span class='ocrx_word' id='word_1_1333' title='bbox 1035 2294 1142 2329; x_wconf 75' lang='lat' dir='ltr'>Liu.60</span> <span class='ocrx_word' id='word_1_1334' title='bbox 1163 2295 1388 2331; x_wconf 85' lang='lat' dir='ltr'>quemadmodum</span> <span class='ocrx_word' id='word_1_1335' title='bbox 1401 2295 1528 2321; x_wconf 84' lang='lat' dir='ltr'>debemus</span> <span class='ocrx_word' id='word_1_1336' title='bbox 1538 2294 1626 2321; x_wconf 63' lang='lat' dir='ltr'>affecti</span> <span class='ocrx_word' id='word_1_1337' title='bbox 1644 2295 1749 2328; x_wconf 86' lang='lat' dir='ltr'>sumus,</span> <span class='ocrx_word' id='word_1_1338' title='bbox 1762 2296 1923 2324; x_wconf 85' lang='lat' dir='ltr'>conscientia</span> <span class='ocrx_word' id='word_1_1339' title='bbox 1941 2298 2071 2326; x_wconf 88' lang='lat' dir='ltr'>eminebit</span> <span class='ocrx_word' id='word_1_1340' title='bbox 2086 2299 2114 2325; x_wconf 86' lang='lat' dir='ltr'>in</span> <span class='ocrx_word' id='word_1_1341' title='bbox 2130 2300 2216 2327; x_wconf 90' lang='lat' dir='ltr'>vultu.</span> 
     </span>
    </p>
   </div>
   <div class='ocr_carea' id='block_1_51' title="bbox 60 2330 1100 2473">
    <p class='ocr_par' dir='ltr' id='par_1_56' title="bbox 60 2330 922 2366">
     <span class='ocr_line' id='line_1_135' title="bbox 60 2330 922 2366; baseline -0.003 -6"><span class='ocrx_word' id='word_1_1342' title='bbox 60 2341 88 2366; x_wconf 88' lang='lat'>9,</span> <span class='ocrx_word' id='word_1_1343' title='bbox 101 2335 133 2360; x_wconf 78' lang='lat'>26</span> <span class='ocrx_word' id='word_1_1344' title='bbox 151 2334 225 2360; x_wconf 89' lang='lat' dir='ltr'>Mors</span> <span class='ocrx_word' id='word_1_1345' title='bbox 239 2332 309 2360; x_wconf 89' lang='lat' dir='ltr'>haud</span> <span class='ocrx_word' id='word_1_1346' title='bbox 321 2331 402 2359; x_wconf 87' lang='lat' dir='ltr'>dubie</span> <span class='ocrx_word' id='word_1_1347' title='bbox 414 2331 447 2358; x_wconf 89' lang='lat' dir='ltr'>ab</span> <span class='ocrx_word' id='word_1_1348' title='bbox 461 2331 521 2365; x_wconf 75' lang='lat' dir='ltr'>ipsis</span> <span class='ocrx_word' id='word_1_1349' title='bbox 537 2331 650 2358; x_wconf 86' lang='lat' dir='ltr'>conscita</span> <span class='ocrx_word' id='word_1_1350' title='bbox 664 2330 765 2357; x_wconf 85' lang='lat' dir='ltr'>iudicio</span> <span class='ocrx_word' id='word_1_1351' title='bbox 786 2330 922 2357; x_wconf 84' lang='lat' dir='ltr'>subtraxit.</span> 
     </span>
    </p>

    <p class='ocr_par' dir='ltr' id='par_1_57' title="bbox 60 2365 1100 2473">
     <span class='ocr_line' id='line_1_136' title="bbox 97 2365 1100 2403; baseline -0.004 -7"><span class='ocrx_word' id='word_1_1352' title='bbox 97 2373 116 2396; x_wconf 87' lang='lat' dir='ltr'><strong>c</strong></span> <span class='ocrx_word' id='word_1_1353' title='bbox 127 2376 147 2396; x_wconf 90' lang='grc' dir='ltr'>ο</span> <span class='ocrx_word' id='word_1_1354' title='bbox 155 2376 176 2395; x_wconf 83' lang='grc' dir='ltr'>Ν</span> <span class='ocrx_word' id='word_1_1355' title='bbox 186 2376 198 2395; x_wconf 92' lang='lat' dir='ltr'>s</span> <span class='ocrx_word' id='word_1_1356' title='bbox 207 2374 223 2394; x_wconf 93' lang='lat' dir='ltr'>C</span> <span class='ocrx_word' id='word_1_1357' title='bbox 234 2375 243 2394; x_wconf 94' lang='lat'>1</span> <span class='ocrx_word' id='word_1_1358' title='bbox 253 2376 265 2395; x_wconf 86' lang='lat' dir='ltr'>s</span> <span class='ocrx_word' id='word_1_1359' title='bbox 275 2373 293 2394; x_wconf 87' lang='lat' dir='ltr'>C</span> <span class='ocrx_word' id='word_1_1360' title='bbox 303 2375 319 2395; x_wconf 79' lang='grc' dir='ltr'>Ε</span> <span class='ocrx_word' id='word_1_1361' title='bbox 328 2374 350 2394; x_wconf 87' lang='grc' dir='ltr'>Ν</span> <span class='ocrx_word' id='word_1_1362' title='bbox 358 2374 376 2394; x_wconf 84' lang='grc'>1)</span> <span class='ocrx_word' id='word_1_1363' title='bbox 385 2375 406 2394; x_wconf 90' lang='lat' dir='ltr'><strong>v</strong></span> <span class='ocrx_word' id='word_1_1364' title='bbox 416 2373 439 2399; x_wconf 89' lang='lat' dir='ltr'>s,</span> <span class='ocrx_word' id='word_1_1365' title='bbox 452 2376 477 2399; x_wconf 88' lang='lat' dir='ltr'>a,</span> <span class='ocrx_word' id='word_1_1366' title='bbox 489 2375 543 2392; x_wconf 83' lang='lat' dir='ltr'>uui.</span> <span class='ocrx_word' id='word_1_1367' title='bbox 563 2366 630 2393; x_wconf 89' lang='lat' dir='ltr'>Part.</span> <span class='ocrx_word' id='word_1_1368' title='bbox 648 2365 866 2402; x_wconf 66' lang='grc' dir='ltr'>[κκτκψηφιςέσς]</span> <span class='ocrx_word' id='word_1_1369' title='bbox 885 2367 942 2393; x_wconf 89' lang='lat' dir='ltr'>Cic.</span> <span class='ocrx_word' id='word_1_1370' title='bbox 955 2366 1028 2393; x_wconf 86' lang='lat' dir='ltr'>Fam.</span> <span class='ocrx_word' id='word_1_1371' title='bbox 1040 2372 1072 2403; x_wconf 81' lang='lat'>7’.</span> <span class='ocrx_word' id='word_1_1372' title='bbox 1086 2371 1100 2395; x_wconf 83' lang='grc'>3</span> 
     </span>
     <span class='ocr_line' id='line_1_137' title="bbox 60 2401 1100 2439; baseline -0.007 -8"><span class='ocrx_word' id='word_1_1373' title='bbox 60 2405 113 2432; x_wconf 91' lang='lat' dir='ltr'>Aut</span> <span class='ocrx_word' id='word_1_1374' title='bbox 125 2403 265 2439; x_wconf 84' lang='lat' dir='ltr'>capiendus</span> <span class='ocrx_word' id='word_1_1375' title='bbox 278 2410 400 2439; x_wconf 86' lang='lat' dir='ltr'>tanquam</span> <span class='ocrx_word' id='word_1_1376' title='bbox 413 2402 495 2429; x_wconf 88' lang='lat' dir='ltr'>exilio</span> <span class='ocrx_word' id='word_1_1377' title='bbox 508 2402 595 2434; x_wconf 81' lang='lat' dir='ltr'>locus,</span> <span class='ocrx_word' id='word_1_1378' title='bbox 606 2408 651 2428; x_wconf 86' lang='lat' dir='ltr'>aut</span> <span class='ocrx_word' id='word_1_1379' title='bbox 661 2401 840 2428; x_wconf 86' lang='lat' dir='ltr'>consciscenda</span> <span class='ocrx_word' id='word_1_1380' title='bbox 852 2411 925 2429; x_wconf 88' lang='lat' dir='ltr'>mors</span> <span class='ocrx_word' id='word_1_1381' title='bbox 937 2401 1100 2427; x_wconf 85' lang='lat' dir='ltr'>voluntaria.</span> 
     </span>
     <span class='ocr_line' id='line_1_138' title="bbox 60 2437 836 2473; baseline -0.006 -5"><span class='ocrx_word' id='word_1_1382' title='bbox 60 2440 122 2468; x_wconf 89' lang='lat' dir='ltr'>Liu.</span> <span class='ocrx_word' id='word_1_1383' title='bbox 135 2449 175 2473; x_wconf 82' lang='lat'>39,</span> <span class='ocrx_word' id='word_1_1384' title='bbox 190 2448 218 2473; x_wconf 92' lang='lat'>19</span> <span class='ocrx_word' id='word_1_1385' title='bbox 244 2440 287 2467; x_wconf 86' lang='lat' dir='ltr'>Ne</span> <span class='ocrx_word' id='word_1_1386' title='bbox 300 2439 394 2466; x_wconf 82' lang='lat' dir='ltr'>mortis</span> <span class='ocrx_word' id='word_1_1387' title='bbox 408 2437 601 2465; x_wconf 87' lang='lat' dir='ltr'>consciscendae</span> <span class='ocrx_word' id='word_1_1388' title='bbox 614 2438 704 2464; x_wconf 90' lang='lat' dir='ltr'>locum</span> <span class='ocrx_word' id='word_1_1389' title='bbox 717 2437 836 2464; x_wconf 89' lang='lat' dir='ltr'>haberet.</span> 
     </span>
    </p>
   </div>
   <div class='ocr_carea' id='block_1_52' title="bbox 98 2469 1813 2508">
    <p class='ocr_par' dir='ltr' id='par_1_58' title="bbox 98 2469 1813 2508">
     <span class='ocr_line' id='line_1_139' title="bbox 98 2469 1813 2508; baseline -0.001 -5"><span class='ocrx_word' id='word_1_1390' title='bbox 98 2481 117 2503; x_wconf 86' lang='lat' dir='ltr'>C</span> <span class='ocrx_word' id='word_1_1391' title='bbox 127 2482 198 2503; x_wconf 88' lang='lat' dir='ltr'>ONS</span> <span class='ocrx_word' id='word_1_1392' title='bbox 208 2480 226 2502; x_wconf 90' lang='lat' dir='ltr'>C</span> <span class='ocrx_word' id='word_1_1393' title='bbox 237 2482 276 2501; x_wconf 93' lang='lat' dir='ltr'>1V</span> <span class='ocrx_word' id='word_1_1394' title='bbox 285 2482 308 2508; x_wconf 88' lang='lat' dir='ltr'>S,</span> <span class='ocrx_word' id='word_1_1395' title='bbox 322 2484 346 2508; x_wconf 78' lang='lat' dir='ltr'>a,</span> <span class='ocrx_word' id='word_1_1396' title='bbox 359 2484 412 2502; x_wconf 86' lang='lat' dir='ltr'>um.</span> <span class='ocrx_word' id='word_1_1397' title='bbox 429 2473 490 2500; x_wconf 78' lang='lat' dir='ltr'>Adi.</span> <span class='ocrx_word' id='word_1_1398' title='bbox 510 2470 640 2505; x_wconf 37' lang='lat' dir='ltr'>[aonidae</span> <span class='ocrx_word' id='word_1_1399' title='bbox 652 2471 851 2505; x_wconf 74' lang='grc' dir='ltr'><strong><em>συνεπιςοῖμενος]</em></strong></span> <span class='ocrx_word' id='word_1_1400' title='bbox 869 2469 946 2497; x_wconf 60' lang='lat' dir='ltr'>:nodo</span> <span class='ocrx_word' id='word_1_1401' title='bbox 961 2472 985 2496; x_wconf 69' lang='lat' dir='ltr'>ir</span> <span class='ocrx_word' id='word_1_1402' title='bbox 998 2469 1102 2502; x_wconf 78' lang='lat' dir='ltr'>dicitur,</span> <span class='ocrx_word' id='word_1_1403' title='bbox 1123 2470 1155 2502; x_wconf 77' lang='grc'>65</span> <span class='ocrx_word' id='word_1_1404' title='bbox 1164 2474 1324 2501; x_wconf 76' lang='lat' dir='ltr'>conscientia</span> <span class='ocrx_word' id='word_1_1405' title='bbox 1340 2473 1504 2501; x_wconf 80' lang='lat' dir='ltr'>infirmitatis</span> <span class='ocrx_word' id='word_1_1406' title='bbox 1525 2475 1586 2501; x_wconf 81' lang='lat' dir='ltr'>suae</span> <span class='ocrx_word' id='word_1_1407' title='bbox 1607 2474 1739 2508; x_wconf 54' lang='lat' dir='ltr'>Quinetil.</span> <span class='ocrx_word' id='word_1_1408' title='bbox 1755 2485 1774 2507; x_wconf 91' lang='lat'>1,</span> <span class='ocrx_word' id='word_1_1409' title='bbox 1787 2484 1813 2503; x_wconf 84' lang='lat'>2.</span> 
     </span>
    </p>
   </div>
   <div class='ocr_carea' id='block_1_53' title="bbox 57 2504 1102 2857">
    <p class='ocr_par' dir='ltr' id='par_1_59' title="bbox 57 2504 1102 2713">
     <span class='ocr_line' id='line_1_140' title="bbox 57 2504 1102 2549; baseline -0.007 -11"><span class='ocrx_word' id='word_1_1410' title='bbox 57 2514 103 2549; x_wconf 80' lang='lat' dir='ltr'>qui</span> <span class='ocrx_word' id='word_1_1411' title='bbox 114 2521 167 2538; x_wconf 84' lang='lat' dir='ltr'>cum</span> <span class='ocrx_word' id='word_1_1412' title='bbox 177 2513 238 2538; x_wconf 75' lang='lat' dir='ltr'>aliis</span> <span class='ocrx_word' id='word_1_1413' title='bbox 242 2511 312 2546; x_wconf 80' lang='lat' dir='ltr'>scit,</span> <span class='ocrx_word' id='word_1_1414' title='bbox 322 2510 392 2538; x_wconf 86' lang='lat' dir='ltr'>modo</span> <span class='ocrx_word' id='word_1_1415' title='bbox 404 2513 446 2546; x_wconf 81' lang='lat' dir='ltr'>qui</span> <span class='ocrx_word' id='word_1_1416' title='bbox 459 2512 529 2536; x_wconf 78' lang='lat' dir='ltr'>intra</span> <span class='ocrx_word' id='word_1_1417' title='bbox 542 2508 571 2544; x_wconf 84' lang='lat' dir='ltr'>se</span> <span class='ocrx_word' id='word_1_1418' title='bbox 584 2515 608 2534; x_wconf 81' lang='lat' dir='ltr'>et</span> <span class='ocrx_word' id='word_1_1419' title='bbox 620 2517 673 2534; x_wconf 82' lang='lat' dir='ltr'>cum</span> <span class='ocrx_word' id='word_1_1420' title='bbox 684 2509 766 2533; x_wconf 82' lang='lat' dir='ltr'>animo</span> <span class='ocrx_word' id='word_1_1421' title='bbox 773 2506 820 2542; x_wconf 66' lang='lat' dir='ltr'>Jiaeo</span> <span class='ocrx_word' id='word_1_1422' title='bbox 827 2507 896 2540; x_wconf 74' lang='lat' dir='ltr'>scit:</span> <span class='ocrx_word' id='word_1_1423' title='bbox 912 2504 1102 2546; x_wconf 31' lang='lat' dir='ltr'>pol-ierioriqu-</span> 
     </span>
     <span class='ocr_line' id='line_1_141' title="bbox 59 2541 1102 2579; baseline -0.005 -7"><span class='ocrx_word' id='word_1_1424' title='bbox 59 2550 125 2574; x_wconf 68' lang='lat' dir='ltr'>tione</span> <span class='ocrx_word' id='word_1_1425' title='bbox 143 2546 226 2574; x_wconf 84' lang='lat' dir='ltr'>Ouid.</span> <span class='ocrx_word' id='word_1_1426' title='bbox 241 2546 328 2574; x_wconf 79' lang='lat' dir='ltr'>Trist,</span> <span class='ocrx_word' id='word_1_1427' title='bbox 344 2554 368 2579; x_wconf 77' lang='grc' dir='ltr'>ς,</span> <span class='ocrx_word' id='word_1_1428' title='bbox 384 2553 408 2579; x_wconf 84' lang='grc' dir='ltr'>ς,</span> <span class='ocrx_word' id='word_1_1429' title='bbox 423 2550 449 2574; x_wconf 95' lang='grc'>18</span> <span class='ocrx_word' id='word_1_1430' title='bbox 487 2544 545 2569; x_wconf 88' lang='lat' dir='ltr'>Nec</span> <span class='ocrx_word' id='word_1_1431' title='bbox 564 2543 623 2569; x_wconf 82' lang='lat' dir='ltr'>fore</span> <span class='ocrx_word' id='word_1_1432' title='bbox 639 2547 793 2576; x_wconf 84' lang='lat' dir='ltr'>perpetuam</span> <span class='ocrx_word' id='word_1_1433' title='bbox 811 2542 896 2576; x_wconf 87' lang='lat' dir='ltr'>sperat</span> <span class='ocrx_word' id='word_1_1434' title='bbox 915 2541 965 2568; x_wconf 85' lang='lat' dir='ltr'>fibi</span> <span class='ocrx_word' id='word_1_1435' title='bbox 984 2550 1102 2568; x_wconf 84' lang='lat' dir='ltr'>numinis</span> 
     </span>
     <span class='ocr_line' id='line_1_142' title="bbox 58 2577 1102 2614; baseline -0.007 -3"><span class='ocrx_word' id='word_1_1436' title='bbox 58 2583 143 2614; x_wconf 81' lang='lat' dir='ltr'>iram,</span> <span class='ocrx_word' id='word_1_1437' title='bbox 175 2583 304 2610; x_wconf 86' lang='lat' dir='ltr'>Conscius</span> <span class='ocrx_word' id='word_1_1438' title='bbox 317 2581 347 2608; x_wconf 87' lang='lat' dir='ltr'>in</span> <span class='ocrx_word' id='word_1_1439' title='bbox 360 2580 436 2614; x_wconf 86' lang='lat' dir='ltr'>culpa</span> <span class='ocrx_word' id='word_1_1440' title='bbox 446 2587 500 2605; x_wconf 86' lang='lat' dir='ltr'>non</span> <span class='ocrx_word' id='word_1_1441' title='bbox 513 2577 592 2603; x_wconf 83' lang='lat' dir='ltr'>scelus</span> <span class='ocrx_word' id='word_1_1442' title='bbox 605 2578 654 2604; x_wconf 72' lang='lat' dir='ltr'>ell&#39;e</span> <span class='ocrx_word' id='word_1_1443' title='bbox 672 2578 724 2604; x_wconf 89' lang='lat' dir='ltr'>sua.</span> <span class='ocrx_word' id='word_1_1444' title='bbox 760 2578 846 2604; x_wconf 77' lang='lat' dir='ltr'>Priori</span> <span class='ocrx_word' id='word_1_1445' title='bbox 864 2580 961 2604; x_wconf 77' lang='lat' dir='ltr'>notione</span> <span class='ocrx_word' id='word_1_1446' title='bbox 975 2577 1102 2613; x_wconf 81' lang='lat' dir='ltr'>transfer-</span> 
     </span>
     <span class='ocr_line' id='line_1_143' title="bbox 58 2612 1101 2648; baseline -0.007 -2"><span class='ocrx_word' id='word_1_1447' title='bbox 58 2621 189 2645; x_wconf 69' lang='lat' dir='ltr'>ruretiam</span> <span class='ocrx_word' id='word_1_1448' title='bbox 200 2617 235 2644; x_wconf 81' lang='lat' dir='ltr'>ad</span> <span class='ocrx_word' id='word_1_1449' title='bbox 250 2618 398 2644; x_wconf 79' lang='lat' dir='ltr'>inanimata.</span> <span class='ocrx_word' id='word_1_1450' title='bbox 434 2614 492 2640; x_wconf 90' lang='lat' dir='ltr'>Sen.</span> <span class='ocrx_word' id='word_1_1451' title='bbox 513 2612 622 2648; x_wconf 84' lang='lat' dir='ltr'>Hippol.</span> <span class='ocrx_word' id='word_1_1452' title='bbox 637 2620 684 2648; x_wconf 85' lang='lat'>107</span> <span class='ocrx_word' id='word_1_1453' title='bbox 707 2612 808 2639; x_wconf 65' lang='lat' dir='ltr'>lactare</span> <span class='ocrx_word' id='word_1_1454' title='bbox 825 2613 911 2639; x_wconf 89' lang='lat' dir='ltr'>tacitis</span> <span class='ocrx_word' id='word_1_1455' title='bbox 929 2613 1045 2640; x_wconf 89' lang='lat' dir='ltr'>conscias</span> <span class='ocrx_word' id='word_1_1456' title='bbox 1063 2613 1101 2640; x_wconf 84' lang='lat' dir='ltr'>sa·</span> 
     </span>
     <span class='ocr_line' id='line_1_144' title="bbox 61 2648 976 2688; baseline -0.007 -7"><span class='ocrx_word' id='word_1_1457' title='bbox 61 2652 114 2681; x_wconf 70' lang='lat' dir='ltr'>cris</span> <span class='ocrx_word' id='word_1_1458' title='bbox 126 2653 210 2685; x_wconf 74' lang='lat' dir='ltr'>faces,</span> <span class='ocrx_word' id='word_1_1459' title='bbox 228 2655 247 2679; x_wconf 84' lang='lat' dir='ltr'>i.</span> <span class='ocrx_word' id='word_1_1460' title='bbox 268 2660 329 2688; x_wconf 80' lang='lat' dir='ltr'>quae</span> <span class='ocrx_word' id='word_1_1461' title='bbox 341 2649 488 2678; x_wconf 79' lang='lat' dir='ltr'>adhibentur</span> <span class='ocrx_word' id='word_1_1462' title='bbox 494 2648 586 2685; x_wconf 60' lang='lat' dir='ltr'>sacris.</span> <span class='ocrx_word' id='word_1_1463' title='bbox 620 2649 662 2676; x_wconf 84' lang='lat' dir='ltr'>Sic</span> <span class='ocrx_word' id='word_1_1464' title='bbox 676 2648 764 2675; x_wconf 79' lang='lat' dir='ltr'>Valer.</span> <span class='ocrx_word' id='word_1_1465' title='bbox 781 2649 878 2684; x_wconf 84' lang='lat' dir='ltr'>Argon.</span> <span class='ocrx_word' id='word_1_1466' title='bbox 891 2658 915 2682; x_wconf 79' lang='grc'>3,</span> <span class='ocrx_word' id='word_1_1467' title='bbox 927 2654 976 2683; x_wconf 85' lang='lat'>584</span> 
     </span>
     <span class='ocr_line' id='line_1_145' title="bbox 363 2684 732 2713; baseline -0.008 0"><span class='ocrx_word' id='word_1_1468' title='bbox 363 2685 431 2713; x_wconf 90' lang='lat' dir='ltr'>Tali</span> <span class='ocrx_word' id='word_1_1469' title='bbox 458 2685 483 2712; x_wconf 84' lang='lat' dir='ltr'>se</span> <span class='ocrx_word' id='word_1_1470' title='bbox 502 2685 616 2712; x_wconf 88' lang='lat' dir='ltr'>concitat.</span> <span class='ocrx_word' id='word_1_1471' title='bbox 639 2684 732 2711; x_wconf 84' lang='lat' dir='ltr'>ardens</span> 
     </span>
    </p>

    <p class='ocr_par' dir='ltr' id='par_1_60' title="bbox 257 2720 972 2757">
     <span class='ocr_line' id='line_1_146' title="bbox 257 2720 972 2757; baseline -0.003 -8"><span class='ocrx_word' id='word_1_1472' title='bbox 257 2722 289 2750; x_wconf 87' lang='lat' dir='ltr'>In</span> <span class='ocrx_word' id='word_1_1473' title='bbox 307 2721 369 2757; x_wconf 84' lang='lat' dir='ltr'>iuga</span> <span class='ocrx_word' id='word_1_1474' title='bbox 389 2722 460 2748; x_wconf 77' lang='lat' dir='ltr'>senta</span> <span class='ocrx_word' id='word_1_1475' title='bbox 479 2720 555 2755; x_wconf 83' lang='lat' dir='ltr'>fuga:</span> <span class='ocrx_word' id='word_1_1476' title='bbox 589 2727 667 2755; x_wconf 89' lang='lat' dir='ltr'>pauet</span> <span class='ocrx_word' id='word_1_1477' title='bbox 685 2720 788 2753; x_wconf 86' lang='lat' dir='ltr'>omnis,</span> <span class='ocrx_word' id='word_1_1478' title='bbox 805 2720 908 2747; x_wconf 87' lang='lat' dir='ltr'>conscia</span> <span class='ocrx_word' id='word_1_1479' title='bbox 919 2720 972 2748; x_wconf 88' lang='lat' dir='ltr'>late</span> 
     </span>
    </p>

    <p class='ocr_par' dir='ltr' id='par_1_61' title="bbox 61 2757 1101 2857">
     <span class='ocr_line' id='line_1_147' title="bbox 258 2757 585 2792; baseline -0.009 -7"><span class='ocrx_word' id='word_1_1480' title='bbox 258 2757 344 2790; x_wconf 88' lang='lat' dir='ltr'>Silua,</span> <span class='ocrx_word' id='word_1_1481' title='bbox 362 2762 457 2792; x_wconf 85' lang='lat' dir='ltr'>pauent</span> <span class='ocrx_word' id='word_1_1482' title='bbox 475 2762 585 2782; x_wconf 79' lang='lat' dir='ltr'>montes.</span> 
     </span>
     <span class='ocr_line' id='line_1_148' title="bbox 61 2791 1101 2828; baseline -0.003 -7"><span class='ocrx_word' id='word_1_1483' title='bbox 61 2793 143 2822; x_wconf 78' lang='lat' dir='ltr'>Plaut.</span> <span class='ocrx_word' id='word_1_1484' title='bbox 156 2795 238 2822; x_wconf 84' lang='lat' dir='ltr'>Mei-e.</span> <span class='ocrx_word' id='word_1_1485' title='bbox 254 2802 281 2827; x_wconf 84' lang='lat'>2,</span> <span class='ocrx_word' id='word_1_1486' title='bbox 295 2802 322 2827; x_wconf 86' lang='lat'>2,</span> <span class='ocrx_word' id='word_1_1487' title='bbox 334 2796 371 2828; x_wconf 87' lang='lat'>46</span> <span class='ocrx_word' id='word_1_1488' title='bbox 398 2794 489 2827; x_wconf 68' lang='lat' dir='ltr'>Qrum</span> <span class='ocrx_word' id='word_1_1489' title='bbox 507 2791 593 2819; x_wconf 88' lang='lat' dir='ltr'>amico</span> <span class='ocrx_word' id='word_1_1490' title='bbox 610 2791 730 2823; x_wconf 86' lang='lat' dir='ltr'>homini,</span> <span class='ocrx_word' id='word_1_1491' title='bbox 743 2791 837 2826; x_wconf 84' lang='lat' dir='ltr'>tuique</span> <span class='ocrx_word' id='word_1_1492' title='bbox 855 2792 977 2824; x_wconf 86' lang='lat' dir='ltr'>conscio,</span> <span class='ocrx_word' id='word_1_1493' title='bbox 997 2791 1035 2819; x_wconf 87' lang='lat' dir='ltr'>ita</span> <span class='ocrx_word' id='word_1_1494' title='bbox 1047 2791 1101 2818; x_wconf 89' lang='lat' dir='ltr'>suc-</span> 
     </span>
     <span class='ocr_line' id='line_1_149' title="bbox 61 2829 285 2857; baseline 0 0"><span class='ocrx_word' id='word_1_1495' title='bbox 61 2831 163 2857; x_wconf 80' lang='lat' dir='ltr'>censeas</span> <span class='ocrx_word' id='word_1_1496' title='bbox 180 2829 285 2857; x_wconf 86' lang='lat' dir='ltr'>misere.</span> 
     </span>
    </p>
   </div>
   <div class='ocr_carea' id='block_1_54' title="bbox 58 2899 1100 2938">
    <p class='ocr_par' dir='ltr' id='par_1_62' title="bbox 58 2899 1100 2938">
     <span class='ocr_line' id='line_1_150' title="bbox 58 2899 1100 2938; baseline -0.004 -9"><span class='ocrx_word' id='word_1_1497' title='bbox 58 2901 296 2938; x_wconf 77' lang='lat' dir='ltr'>periculorumque</span> <span class='ocrx_word' id='word_1_1498' title='bbox 307 2901 362 2928; x_wconf 85' lang='lat' dir='ltr'>iam</span> <span class='ocrx_word' id='word_1_1499' title='bbox 379 2900 441 2927; x_wconf 88' lang='lat' dir='ltr'>inde</span> <span class='ocrx_word' id='word_1_1500' title='bbox 453 2908 468 2926; x_wconf 94' lang='lat' dir='ltr'>a</span> <span class='ocrx_word' id='word_1_1501' title='bbox 483 2899 617 2926; x_wconf 87' lang='lat' dir='ltr'>consulatu</span> <span class='ocrx_word' id='word_1_1502' title='bbox 634 2909 695 2927; x_wconf 88' lang='lat' dir='ltr'>meo</span> <span class='ocrx_word' id='word_1_1503' title='bbox 708 2900 795 2932; x_wconf 89' lang='lat' dir='ltr'>testis,</span> <span class='ocrx_word' id='word_1_1504' title='bbox 808 2900 926 2926; x_wconf 79' lang='lat' dir='ltr'>conscius</span> <span class='ocrx_word' id='word_1_1505' title='bbox 945 2905 971 2926; x_wconf 88' lang='lat' dir='ltr'>et</span> <span class='ocrx_word' id='word_1_1506' title='bbox 983 2899 1100 2926; x_wconf 82' lang='lat' dir='ltr'>adiutor.</span> 
     </span>
    </p>
   </div>
   <div class='ocr_carea' id='block_1_55' title="bbox 57 2933 1100 3008">
    <p class='ocr_par' dir='ltr' id='par_1_63' title="bbox 57 2933 1100 3008">
     <span class='ocr_line' id='line_1_151' title="bbox 57 2933 1100 2998; baseline -0.004 -33"><span class='ocrx_word' id='word_1_1507' title='bbox 57 2937 115 2965; x_wconf 70' lang='lat' dir='ltr'>Iam</span> <span class='ocrx_word' id='word_1_1508' title='bbox 127 2938 268 2965; x_wconf 76' lang='lat' dir='ltr'>elementari</span> <span class='ocrx_word' id='word_1_1509' title='bbox 284 2936 369 2964; x_wconf 82' lang='lat' dir='ltr'>ordine</span> <span class='ocrx_word' id='word_1_1510' title='bbox 381 2936 554 2973; x_wconf 72' lang='lat' dir='ltr'>perfiqzcemur</span> <span class='ocrx_word' id='word_1_1511' title='bbox 566 2933 724 2972; x_wconf 71' lang='lat' dir='ltr'>fitbstantiua</span> <span class='ocrx_word' id='word_1_1512' title='bbox 742 2938 857 2968; x_wconf 80' lang='lat' dir='ltr'>nomina,</span> <span class='ocrx_word' id='word_1_1513' title='bbox 870 2936 957 2971; x_wconf 82' lang='lat' dir='ltr'>quibus</span> <span class='ocrx_word' id='word_1_1514' title='bbox 975 2938 1100 2998; x_wconf 61' lang='lat' dir='ltr'>iungitur.</span> 
     </span>
     <span class='ocr_line' id='line_1_152' title="bbox 59 2970 1099 3008; baseline -0.003 -8"><span class='ocrx_word' id='word_1_1515' title='bbox 59 2971 136 3007; x_wconf 83' lang='lat' dir='ltr'>Virg.</span> <span class='ocrx_word' id='word_1_1516' title='bbox 149 2973 214 3000; x_wconf 88' lang='lat' dir='ltr'>Aen.</span> <span class='ocrx_word' id='word_1_1517' title='bbox 228 2982 258 3006; x_wconf 88' lang='lat'>4,</span> <span class='ocrx_word' id='word_1_1518' title='bbox 273 2975 319 3008; x_wconf 84' lang='lat'>167</span> <span class='ocrx_word' id='word_1_1519' title='bbox 339 2972 444 3000; x_wconf 87' lang='lat' dir='ltr'>Fulsere</span> <span class='ocrx_word' id='word_1_1520' title='bbox 456 2973 542 3006; x_wconf 83' lang='lat' dir='ltr'>ignes,</span> <span class='ocrx_word' id='word_1_1521' title='bbox 555 2977 581 2998; x_wconf 89' lang='lat' dir='ltr'>et</span> <span class='ocrx_word' id='word_1_1522' title='bbox 592 2973 710 2999; x_wconf 88' lang='lat' dir='ltr'>conscius</span> <span class='ocrx_word' id='word_1_1523' title='bbox 725 2971 823 2999; x_wconf 80' lang='lat' dir='ltr'>Aether</span> <span class='ocrx_word' id='word_1_1524' title='bbox 835 2971 982 2998; x_wconf 88' lang='lat' dir='ltr'>Connubii.</span> <span class='ocrx_word' id='word_1_1525' title='bbox 1045 2970 1099 2997; x_wconf 90' lang='lat' dir='ltr'>uid.</span> 
     </span>
    </p>
   </div>
   <div class='ocr_carea' id='block_1_56' title="bbox 53 3007 1357 3080">
    <p class='ocr_par' dir='ltr' id='par_1_64' title="bbox 53 3007 1357 3080">
     <span class='ocr_line' id='line_1_153' title="bbox 53 3007 1357 3080; baseline -0.003 -45"><span class='ocrx_word' id='word_1_1526' title='bbox 53 3007 140 3080; x_wconf 52' lang='lat' dir='ltr'>Fpist.</span> <span class='ocrx_word' id='word_1_1527' title='bbox 153 3017 182 3043; x_wconf 88' lang='lat'>4,</span> <span class='ocrx_word' id='word_1_1528' title='bbox 195 3016 226 3042; x_wconf 81' lang='lat'>52</span> <span class='ocrx_word' id='word_1_1529' title='bbox 243 3008 289 3036; x_wconf 87' lang='lat' dir='ltr'>Me</span> <span class='ocrx_word' id='word_1_1530' title='bbox 301 3008 410 3035; x_wconf 87' lang='lat' dir='ltr'>tacitam</span> <span class='ocrx_word' id='word_1_1531' title='bbox 422 3008 540 3035; x_wconf 86' lang='lat' dir='ltr'>conscius</span> <span class='ocrx_word' id='word_1_1532' title='bbox 559 3008 613 3035; x_wconf 80' lang='lat' dir='ltr'>vrit</span> <span class='ocrx_word' id='word_1_1533' title='bbox 626 3009 724 3039; x_wconf 91' lang='lat' dir='ltr'>Amor,</span> <span class='ocrx_word' id='word_1_1534' title='bbox 743 3011 762 3034; x_wconf 86' lang='lat' dir='ltr'>i.</span> <span class='ocrx_word' id='word_1_1535' title='bbox 782 3010 852 3034; x_wconf 81' lang='lat' dir='ltr'>cuius</span> <span class='ocrx_word' id='word_1_1536' title='bbox 858 3007 915 3042; x_wconf 84' lang='lat' dir='ltr'>sola</span> <span class='ocrx_word' id='word_1_1537' title='bbox 927 3007 989 3034; x_wconf 81' lang='lat' dir='ltr'>mihi</span> <span class='ocrx_word' id='word_1_1538' title='bbox 1001 3007 1100 3042; x_wconf 82' lang='lat' dir='ltr'>conscia</span> <span class='ocrx_word' id='word_1_1539' title='bbox 1116 3015 1148 3042; x_wconf 68' lang='lat'>20</span> <span class='ocrx_word' id='word_1_1540' title='bbox 1162 3013 1239 3040; x_wconf 58' lang='lat' dir='ltr'>tione</span> <span class='ocrx_word' id='word_1_1541' title='bbox 1259 3012 1357 3040; x_wconf 59' lang='lat' dir='ltr'>abfuit,</span> 
     </span>
     <span class='ocr_line' id='line_1_154' title="bbox 73 3053 122 3071; baseline 0.02 -1"><span class='ocrx_word' id='word_1_1542' title='bbox 73 3053 122 3071; x_wconf 81' lang='lat' dir='ltr'>um.</span> 
     </span>
    </p>
   </div>
   <div class='ocr_carea' id='block_1_57' title="bbox 57 3042 1100 3544">
    <p class='ocr_par' dir='ltr' id='par_1_65' title="bbox 57 3042 1100 3544">
     <span class='ocr_line' id='line_1_155' title="bbox 191 3042 1099 3078; baseline -0.002 -8"><span class='ocrx_word' id='word_1_1543' title='bbox 191 3043 302 3071; x_wconf 81' lang='lat' dir='ltr'>Animus</span> <span class='ocrx_word' id='word_1_1544' title='bbox 322 3044 426 3071; x_wconf 88' lang='lat' dir='ltr'>Lucret.</span> <span class='ocrx_word' id='word_1_1545' title='bbox 439 3053 466 3078; x_wconf 89' lang='lat'>4,</span> <span class='ocrx_word' id='word_1_1546' title='bbox 478 3052 546 3078; x_wconf 87' lang='lat'><strong>¹¹²9·</strong></span> <span class='ocrx_word' id='word_1_1547' title='bbox 616 3045 672 3071; x_wconf 88' lang='lat' dir='ltr'>Cic.</span> <span class='ocrx_word' id='word_1_1548' title='bbox 686 3042 738 3071; x_wconf 83' lang='lat' dir='ltr'>off.</span> <span class='ocrx_word' id='word_1_1549' title='bbox 756 3052 779 3076; x_wconf 90' lang='grc'>3,</span> <span class='ocrx_word' id='word_1_1550' title='bbox 791 3051 828 3078; x_wconf 83' lang='lat'>73·</span> <span class='ocrx_word' id='word_1_1551' title='bbox 847 3044 917 3070; x_wconf 90' lang='lat' dir='ltr'>Cum</span> <span class='ocrx_word' id='word_1_1552' title='bbox 935 3043 985 3071; x_wconf 86' lang='lat' dir='ltr'>fibi</span> <span class='ocrx_word' id='word_1_1553' title='bbox 998 3042 1099 3069; x_wconf 88' lang='lat' dir='ltr'>nullius</span> 
     </span>
     <span class='ocr_line' id='line_1_156' title="bbox 60 3078 1099 3115; baseline -0.002 -9"><span class='ocrx_word' id='word_1_1554' title='bbox 60 3078 163 3106; x_wconf 85' lang='lat' dir='ltr'>conscii.</span> <span class='ocrx_word' id='word_1_1555' title='bbox 173 3079 250 3106; x_wconf 74' lang='lat' dir='ltr'>essent</span> <span class='ocrx_word' id='word_1_1556' title='bbox 256 3079 364 3114; x_wconf 86' lang='lat' dir='ltr'>Culpae.</span> <span class='ocrx_word' id='word_1_1557' title='bbox 436 3079 569 3106; x_wconf 83' lang='lat' dir='ltr'>Commissi</span> <span class='ocrx_word' id='word_1_1558' title='bbox 583 3080 764 3107; x_wconf 86' lang='lat' dir='ltr'>Ouid.Amor.</span> <span class='ocrx_word' id='word_1_1559' title='bbox 778 3088 801 3112; x_wconf 86' lang='lat'>2,</span> <span class='ocrx_word' id='word_1_1560' title='bbox 815 3088 842 3113; x_wconf 89' lang='lat'>2,</span> <span class='ocrx_word' id='word_1_1561' title='bbox 855 3087 895 3115; x_wconf 84' lang='lat'>27.</span> <span class='ocrx_word' id='word_1_1562' title='bbox 967 3080 1099 3107; x_wconf 85' lang='lat' dir='ltr'>Curatum</span> 
     </span>
     <span class='ocr_line' id='line_1_157' title="bbox 60 3114 1100 3185; baseline 0 -8"><span class='ocrx_word' id='word_1_1563' title='bbox 60 3115 746 3182; x_wconf 52' lang='lat' dir='ltr'>iissgi&#39;ssmumi&#39;iip‘⁰⁵fiiissssssi‘iissss&#39;s‘cicw&#39;ffi,</span> <span class='ocrx_word' id='word_1_1564' title='bbox 758 3116 989 3185; x_wconf 44' lang='lat' dir='ltr'>&amp;Sans-{⁰320</span> <span class='ocrx_word' id='word_1_1565' title='bbox 1024 3114 1100 3142; x_wconf 50' lang='grc' dir='ltr'>Μ</span> 
     </span>
     <span class='ocr_line' id='line_1_158' title="bbox 62 3161 892 3221; baseline 0.004 -9"><span class='ocrx_word' id='word_1_1566' title='bbox 62 3186 162 3213; x_wconf 75' lang='lat' dir='ltr'>cineris</span> <span class='ocrx_word' id='word_1_1567' title='bbox 184 3185 234 3213; x_wconf 81' lang='lat' dir='ltr'>fibi</span> <span class='ocrx_word' id='word_1_1568' title='bbox 251 3170 319 3214; x_wconf 64' lang='lat' dir='ltr'>&#39;’Fer.</span> <span class='ocrx_word' id='word_1_1569' title='bbox 332 3186 439 3214; x_wconf 82' lang='lat' dir='ltr'>Phorm.</span> <span class='ocrx_word' id='word_1_1570' title='bbox 454 3195 472 3218; x_wconf 91' lang='grc'>1,</span> <span class='ocrx_word' id='word_1_1571' title='bbox 486 3195 510 3219; x_wconf 83' lang='grc'>3,</span> <span class='ocrx_word' id='word_1_1572' title='bbox 523 3196 551 3221; x_wconf 88' lang='lat'>4.</span> <span class='ocrx_word' id='word_1_1573' title='bbox 697 3161 713 3186; x_wconf 75' lang='lat' dir='ltr'>p</span> <span class='ocrx_word' id='word_1_1574' title='bbox 879 3168 892 3185; x_wconf 38' lang='grc' dir='ltr'><strong><em>ἲ</em></strong></span> 
     </span>
     <span class='ocr_line' id='line_1_159' title="bbox 60 3220 1099 3259; baseline 0 -10"><span class='ocrx_word' id='word_1_1575' title='bbox 60 3225 142 3255; x_wconf 81' lang='lat' dir='ltr'>cium,</span> <span class='ocrx_word' id='word_1_1576' title='bbox 154 3221 287 3255; x_wconf 78' lang='lat' dir='ltr'>diuinatio,</span> <span class='ocrx_word' id='word_1_1577' title='bbox 300 3231 360 3259; x_wconf 83' lang='lat' dir='ltr'>quae</span> <span class='ocrx_word' id='word_1_1578' title='bbox 372 3221 404 3257; x_wconf 79' lang='lat' dir='ltr'>fit</span> <span class='ocrx_word' id='word_1_1579' title='bbox 416 3220 535 3258; x_wconf 67' lang='lat' dir='ltr'>inspectis</span> <span class='ocrx_word' id='word_1_1580' title='bbox 546 3225 689 3250; x_wconf 79' lang='lat' dir='ltr'>animalium</span> <span class='ocrx_word' id='word_1_1581' title='bbox 700 3223 823 3258; x_wconf 57' lang='lat' dir='ltr'>caesorum</span> <span class='ocrx_word' id='word_1_1582' title='bbox 840 3220 974 3256; x_wconf 59' lang='lat' dir='ltr'>intestinis.</span> <span class='ocrx_word' id='word_1_1583' title='bbox 1046 3223 1099 3249; x_wconf 89' lang='lat' dir='ltr'>Ti-</span> 
     </span>
     <span class='ocr_line' id='line_1_160' title="bbox 60 3257 1098 3294; baseline 0 -10"><span class='ocrx_word' id='word_1_1584' title='bbox 60 3257 126 3285; x_wconf 87' lang='lat' dir='ltr'>bull.</span> <span class='ocrx_word' id='word_1_1585' title='bbox 144 3266 164 3290; x_wconf 83' lang='lat' dir='ltr'>i,</span> <span class='ocrx_word' id='word_1_1586' title='bbox 176 3262 201 3290; x_wconf 82' lang='lat'>8,</span> <span class='ocrx_word' id='word_1_1587' title='bbox 213 3265 227 3290; x_wconf 82' lang='lat'>3</span> <span class='ocrx_word' id='word_1_1588' title='bbox 246 3257 304 3285; x_wconf 90' lang='lat' dir='ltr'>Nec</span> <span class='ocrx_word' id='word_1_1589' title='bbox 316 3257 386 3294; x_wconf 77' lang='lat' dir='ltr'>mihi</span> <span class='ocrx_word' id='word_1_1590' title='bbox 398 3259 456 3284; x_wconf 89' lang='lat' dir='ltr'>sunt</span> <span class='ocrx_word' id='word_1_1591' title='bbox 469 3258 560 3290; x_wconf 77' lang='lat' dir='ltr'>sortes,</span> <span class='ocrx_word' id='word_1_1592' title='bbox 576 3267 624 3286; x_wconf 90' lang='lat' dir='ltr'>nec</span> <span class='ocrx_word' id='word_1_1593' title='bbox 636 3259 738 3286; x_wconf 86' lang='lat' dir='ltr'>conscia</span> <span class='ocrx_word' id='word_1_1594' title='bbox 745 3258 824 3286; x_wconf 80' lang='lat' dir='ltr'>Fibra</span> <span class='ocrx_word' id='word_1_1595' title='bbox 837 3258 948 3285; x_wconf 87' lang='lat' dir='ltr'>deorum</span> <span class='ocrx_word' id='word_1_1596' title='bbox 967 3258 1098 3286; x_wconf 84' lang='lat' dir='ltr'>Praecinit</span> 
     </span>
     <span class='ocr_line' id='line_1_161' title="bbox 57 3292 1098 3327; baseline 0.001 -7"><span class='ocrx_word' id='word_1_1597' title='bbox 57 3300 186 3325; x_wconf 77' lang='lat' dir='ltr'>euentus,</span> <span class='ocrx_word' id='word_1_1598' title='bbox 201 3302 248 3319; x_wconf 87' lang='lat' dir='ltr'>nec</span> <span class='ocrx_word' id='word_1_1599' title='bbox 261 3292 330 3320; x_wconf 89' lang='lat' dir='ltr'>mihi</span> <span class='ocrx_word' id='word_1_1600' title='bbox 343 3298 430 3320; x_wconf 81' lang='lat' dir='ltr'>cantus</span> <span class='ocrx_word' id='word_1_1601' title='bbox 444 3294 509 3321; x_wconf 81' lang='lat' dir='ltr'>auis.</span> <span class='ocrx_word' id='word_1_1602' title='bbox 554 3294 647 3322; x_wconf 85' lang='lat' dir='ltr'>Futuri</span> <span class='ocrx_word' id='word_1_1603' title='bbox 660 3294 761 3321; x_wconf 89' lang='lat' dir='ltr'>mundo</span> <span class='ocrx_word' id='word_1_1604' title='bbox 775 3294 893 3321; x_wconf 86' lang='lat' dir='ltr'>conscius</span> <span class='ocrx_word' id='word_1_1605' title='bbox 904 3295 1001 3321; x_wconf 89' lang='lat' dir='ltr'>Lucan.</span> <span class='ocrx_word' id='word_1_1606' title='bbox 1017 3302 1040 3327; x_wconf 74' lang='grc' dir='ltr'>ς,</span> <span class='ocrx_word' id='word_1_1607' title='bbox 1054 3303 1098 3327; x_wconf 87' lang='lat'>90.</span> 
     </span>
     <span class='ocr_line' id='line_1_162' title="bbox 58 3328 969 3364; baseline 0 -7"><span class='ocrx_word' id='word_1_1608' title='bbox 58 3329 131 3364; x_wconf 79' lang='lat' dir='ltr'>Ignis</span> <span class='ocrx_word' id='word_1_1609' title='bbox 145 3331 206 3355; x_wconf 82' lang='lat' dir='ltr'>Stat.</span> <span class='ocrx_word' id='word_1_1610' title='bbox 221 3328 312 3356; x_wconf 88' lang='lat' dir='ltr'>Theb.</span> <span class='ocrx_word' id='word_1_1611' title='bbox 328 3331 354 3362; x_wconf 89' lang='lat'>6,</span> <span class='ocrx_word' id='word_1_1612' title='bbox 368 3337 428 3364; x_wconf 76' lang='lat'>547.</span> <span class='ocrx_word' id='word_1_1613' title='bbox 499 3329 570 3356; x_wconf 87' lang='lat' dir='ltr'>Mihi</span> <span class='ocrx_word' id='word_1_1614' title='bbox 585 3331 703 3357; x_wconf 87' lang='lat' dir='ltr'>conscius</span> <span class='ocrx_word' id='word_1_1615' title='bbox 723 3330 780 3357; x_wconf 85' lang='lat' dir='ltr'>Cic.</span> <span class='ocrx_word' id='word_1_1616' title='bbox 794 3331 865 3357; x_wconf 88' lang='lat' dir='ltr'>Fam.</span> <span class='ocrx_word' id='word_1_1617' title='bbox 885 3339 916 3361; x_wconf 88' lang='lat' dir='ltr'>ii,</span> <span class='ocrx_word' id='word_1_1618' title='bbox 929 3336 969 3360; x_wconf 84' lang='lat'>28·</span> 
     </span>
     <span class='ocr_line' id='line_1_163' title="bbox 61 3365 463 3398; baseline -0.002 -5"><span class='ocrx_word' id='word_1_1619' title='bbox 61 3365 144 3393; x_wconf 86' lang='lat' dir='ltr'>Tusc.</span> <span class='ocrx_word' id='word_1_1620' title='bbox 158 3373 173 3392; x_wconf 83' lang='lat'>2</span> <span class='ocrx_word' id='word_1_1621' title='bbox 192 3375 214 3391; x_wconf 90' lang='lat' dir='ltr'>c.</span> <span class='ocrx_word' id='word_1_1622' title='bbox 230 3374 256 3398; x_wconf 93' lang='lat'>4.</span> <span class='ocrx_word' id='word_1_1623' title='bbox 295 3365 412 3392; x_wconf 88' lang='lat' dir='ltr'>Scribon.</span> <span class='ocrx_word' id='word_1_1624' title='bbox 425 3370 463 3397; x_wconf 82' lang='lat'>38.</span> 
     </span>
     <span class='ocr_line' id='line_1_164' title="bbox 61 3399 1100 3436; baseline -0.001 -8"><span class='ocrx_word' id='word_1_1625' title='bbox 61 3403 125 3436; x_wconf 80' lang='lat'>604.</span> <span class='ocrx_word' id='word_1_1626' title='bbox 195 3399 278 3428; x_wconf 85' lang='lat' dir='ltr'>Ouid.</span> <span class='ocrx_word' id='word_1_1627' title='bbox 291 3399 356 3428; x_wconf 89' lang='lat' dir='ltr'>Fast.</span> <span class='ocrx_word' id='word_1_1628' title='bbox 369 3410 398 3435; x_wconf 91' lang='lat'>4,</span> <span class='ocrx_word' id='word_1_1629' title='bbox 412 3408 450 3433; x_wconf 88' lang='lat'>3¹¹</span> <span class='ocrx_word' id='word_1_1630' title='bbox 478 3401 587 3428; x_wconf 79' lang='lat' dir='ltr'>Conscia</span> <span class='ocrx_word' id='word_1_1631' title='bbox 604 3411 677 3429; x_wconf 87' lang='lat' dir='ltr'>mens</span> <span class='ocrx_word' id='word_1_1632' title='bbox 694 3401 763 3429; x_wconf 59' lang='lat' dir='ltr'>resti</span> <span class='ocrx_word' id='word_1_1633' title='bbox 781 3402 867 3428; x_wconf 83' lang='lat' dir='ltr'>famae</span> <span class='ocrx_word' id='word_1_1634' title='bbox 880 3402 1016 3429; x_wconf 86' lang='lat' dir='ltr'>mendacia</span> <span class='ocrx_word' id='word_1_1635' title='bbox 1033 3400 1100 3428; x_wconf 79' lang='lat' dir='ltr'>risit.</span> 
     </span>
     <span class='ocr_line' id='line_1_165' title="bbox 62 3435 1098 3471; baseline 0.001 -8"><span class='ocrx_word' id='word_1_1636' title='bbox 62 3435 158 3463; x_wconf 80' lang='lat' dir='ltr'>Mentis</span> <span class='ocrx_word' id='word_1_1637' title='bbox 172 3437 290 3463; x_wconf 86' lang='lat' dir='ltr'>consciae</span> <span class='ocrx_word' id='word_1_1638' title='bbox 307 3445 392 3471; x_wconf 89' lang='lat' dir='ltr'>pauor</span> <span class='ocrx_word' id='word_1_1639' title='bbox 409 3436 466 3462; x_wconf 91' lang='lat' dir='ltr'>Sen.</span> <span class='ocrx_word' id='word_1_1640' title='bbox 480 3436 589 3471; x_wconf 81' lang='lat' dir='ltr'>Hippol.</span> <span class='ocrx_word' id='word_1_1641' title='bbox 604 3440 654 3464; x_wconf 84' lang='lat'>162.</span> <span class='ocrx_word' id='word_1_1642' title='bbox 724 3438 818 3464; x_wconf 86' lang='lat' dir='ltr'>Manus</span> <span class='ocrx_word' id='word_1_1643' title='bbox 831 3437 912 3464; x_wconf 89' lang='lat' dir='ltr'>Ouid.</span> <span class='ocrx_word' id='word_1_1644' title='bbox 927 3439 991 3464; x_wconf 89' lang='lat' dir='ltr'>Met.</span> <span class='ocrx_word' id='word_1_1645' title='bbox 1005 3442 1029 3470; x_wconf 83' lang='lat'>8,</span> <span class='ocrx_word' id='word_1_1646' title='bbox 1042 3444 1098 3469; x_wconf 74' lang='lat'>530.</span> 
     </span>
     <span class='ocr_line' id='line_1_166' title="bbox 62 3471 1096 3507; baseline 0.001 -9"><span class='ocrx_word' id='word_1_1647' title='bbox 62 3471 181 3500; x_wconf 81' lang='lat' dir='ltr'>Numina</span> <span class='ocrx_word' id='word_1_1648' title='bbox 193 3472 270 3507; x_wconf 82' lang='lat' dir='ltr'>Virg.</span> <span class='ocrx_word' id='word_1_1649' title='bbox 285 3473 348 3499; x_wconf 88' lang='lat' dir='ltr'>Aen.</span> <span class='ocrx_word' id='word_1_1650' title='bbox 362 3480 386 3505; x_wconf 88' lang='lat'>2,</span> <span class='ocrx_word' id='word_1_1651' title='bbox 401 3480 451 3505; x_wconf 91' lang='grc'>141.</span> <span class='ocrx_word' id='word_1_1652' title='bbox 514 3471 604 3499; x_wconf 74' lang='lat' dir='ltr'>Pectus</span> <span class='ocrx_word' id='word_1_1653' title='bbox 616 3473 742 3501; x_wconf 87' lang='lat' dir='ltr'>scelerum</span> <span class='ocrx_word' id='word_1_1654' title='bbox 756 3472 876 3500; x_wconf 90' lang='lat' dir='ltr'>omnium</span> <span class='ocrx_word' id='word_1_1655' title='bbox 890 3474 1023 3500; x_wconf 82' lang='lat' dir='ltr'>conscium</span> <span class='ocrx_word' id='word_1_1656' title='bbox 1038 3473 1096 3499; x_wconf 84' lang='lat' dir='ltr'>Sen.</span> 
     </span>
     <span class='ocr_line' id='line_1_167' title="bbox 61 3505 1096 3544; baseline -0.001 -10"><span class='ocrx_word' id='word_1_1657' title='bbox 61 3505 159 3534; x_wconf 77' lang='lat' dir='ltr'>Phoen-</span> <span class='ocrx_word' id='word_1_1658' title='bbox 171 3510 226 3536; x_wconf 87' lang='lat'>216.</span> <span class='ocrx_word' id='word_1_1659' title='bbox 300 3507 402 3535; x_wconf 88' lang='lat' dir='ltr'>Peccati</span> <span class='ocrx_word' id='word_1_1660' title='bbox 416 3506 498 3534; x_wconf 88' lang='lat' dir='ltr'>Ouid.</span> <span class='ocrx_word' id='word_1_1661' title='bbox 511 3507 602 3535; x_wconf 81' lang='lat' dir='ltr'>Amor.</span> <span class='ocrx_word' id='word_1_1662' title='bbox 616 3517 638 3542; x_wconf 84' lang='lat'>2,</span> <span class='ocrx_word' id='word_1_1663' title='bbox 651 3516 679 3544; x_wconf 87' lang='lat'>7,</span> <span class='ocrx_word' id='word_1_1664' title='bbox 697 3518 728 3536; x_wconf 91' lang='lat' dir='ltr'>ii.</span> <span class='ocrx_word' id='word_1_1665' title='bbox 788 3508 877 3536; x_wconf 88' lang='lat' dir='ltr'>Valer.</span> <span class='ocrx_word' id='word_1_1666' title='bbox 892 3511 990 3544; x_wconf 84' lang='lat' dir='ltr'>Argon.</span> <span class='ocrx_word' id='word_1_1667' title='bbox 1005 3514 1018 3538; x_wconf 88' lang='grc'>8</span> <span class='ocrx_word' id='word_1_1668' title='bbox 1027 3527 1034 3538; x_wconf 83' lang='grc'>,</span> <span class='ocrx_word' id='word_1_1669' title='bbox 1046 3516 1096 3541; x_wconf 90' lang='lat'>401</span> 
     </span>
    </p>
   </div>
   <div class='ocr_carea' id='block_1_58' title="bbox 1053 3151 1100 3177">
    <p class='ocr_par' dir='ltr' id='par_1_66' title="bbox 1053 3151 1100 3177">
     <span class='ocr_line' id='line_1_168' title="bbox 1053 3151 1100 3177; baseline 0.021 -1"><span class='ocrx_word' id='word_1_1670' title='bbox 1053 3151 1100 3177; x_wconf 85' lang='lat' dir='ltr'>Fa-</span> 
     </span>
    </p>
   </div>
   <div class='ocr_carea' id='block_1_59' title="bbox 1023 3329 1100 3356">
    <p class='ocr_par' dir='ltr' id='par_1_67' title="bbox 1023 3329 1100 3356">
     <span class='ocr_line' id='line_1_169' title="bbox 1023 3329 1100 3356; baseline 0 0"><span class='ocrx_word' id='word_1_1671' title='bbox 1023 3329 1100 3356; x_wconf 91' lang='lat' dir='ltr'>Idem</span> 
     </span>
    </p>
   </div>
   <div class='ocr_carea' id='block_1_60' title="bbox 1115 2654 1639 2685">
    <p class='ocr_par' dir='ltr' id='par_1_68' title="bbox 1115 2654 1639 2685">
     <span class='ocr_line' id='line_1_170' title="bbox 1115 2654 1639 2685; baseline 0.002 -5"><span class='ocrx_word' id='word_1_1672' title='bbox 1115 2656 1152 2685; x_wconf 81' lang='lat'>70</span> <span class='ocrx_word' id='word_1_1673' title='bbox 1164 2654 1183 2680; x_wconf 84' lang='lat' dir='ltr'>F</span> <span class='ocrx_word' id='word_1_1674' title='bbox 1186 2654 1334 2681; x_wconf 87' lang='lat' dir='ltr'>idelitatem</span> <span class='ocrx_word' id='word_1_1675' title='bbox 1349 2663 1380 2681; x_wconf 89' lang='lat' dir='ltr'>ex</span> <span class='ocrx_word' id='word_1_1676' title='bbox 1393 2663 1453 2681; x_wconf 88' lang='lat' dir='ltr'>mea</span> <span class='ocrx_word' id='word_1_1677' title='bbox 1468 2654 1639 2681; x_wconf 87' lang='lat' dir='ltr'>conscientia.</span> 
     </span>
    </p>
   </div>
   <div class='ocr_carea' id='block_1_61' title="bbox 23 2826 2020 2901">
    <p class='ocr_par' dir='ltr' id='par_1_69' title="bbox 23 2826 2020 2901">
     <span class='ocr_line' id='line_1_171' title="bbox 301 2826 2020 2870; baseline 0.005 -16"><span class='ocrx_word' id='word_1_1678' title='bbox 301 2829 379 2870; x_wconf 80' lang='lat' dir='ltr'>(uon</span> <span class='ocrx_word' id='word_1_1679' title='bbox 396 2827 462 2869; x_wconf 65' lang='lat' dir='ltr'>rech</span> <span class='ocrx_word' id='word_1_1680' title='bbox 480 2827 595 2868; x_wconf 59' lang='lat' dir='ltr'>laudatur</span> <span class='ocrx_word' id='word_1_1681' title='bbox 614 2826 647 2862; x_wconf 79' lang='lat' dir='ltr'>est</span> <span class='ocrx_word' id='word_1_1682' title='bbox 664 2829 752 2863; x_wconf 86' lang='lat' dir='ltr'>locus)</span> <span class='ocrx_word' id='word_1_1683' title='bbox 796 2827 860 2869; x_wconf 35' lang='lat' dir='ltr'>Cic..</span> <span class='ocrx_word' id='word_1_1684' title='bbox 873 2827 988 2863; x_wconf 79' lang='lat' dir='ltr'>Philipp.</span> <span class='ocrx_word' id='word_1_1685' title='bbox 1011 2836 1051 2868; x_wconf 69' lang='grc'>14,</span> <span class='ocrx_word' id='word_1_1686' title='bbox 1071 2829 1101 2854; x_wconf 85' lang='lat'>16</span> <span class='ocrx_word' id='word_1_1687' title='bbox 1114 2837 1147 2866; x_wconf 78' lang='lat'>75</span> <span class='ocrx_word' id='word_1_1688' title='bbox 1163 2840 1279 2868; x_wconf 89' lang='lat' dir='ltr'>runtque</span> <span class='ocrx_word' id='word_1_1689' title='bbox 1292 2842 1347 2860; x_wconf 91' lang='lat' dir='ltr'>non</span> <span class='ocrx_word' id='word_1_1690' title='bbox 1360 2833 1413 2861; x_wconf 82' lang='lat' dir='ltr'>fine</span> <span class='ocrx_word' id='word_1_1691' title='bbox 1426 2833 1586 2862; x_wconf 79' lang='lat' dir='ltr'>conscientia</span> <span class='ocrx_word' id='word_1_1692' title='bbox 1599 2834 1837 2869; x_wconf 76' lang='lat' dir='ltr'>potentissimorum</span> <span class='ocrx_word' id='word_1_1693' title='bbox 1851 2835 2020 2862; x_wconf 85' lang='lat' dir='ltr'>libertorum.</span> 
     </span>
     <span class='ocr_line' id='line_1_172' title="bbox 23 2863 1101 2901; baseline -0.004 -7"><span class='ocrx_word' id='word_1_1694' title='bbox 23 2887 24 2895; x_wconf 49' lang='lat' dir='ltr'>J</span> <span class='ocrx_word' id='word_1_1695' title='bbox 60 2867 155 2901; x_wconf 87' lang='lat' dir='ltr'>Itaque</span> <span class='ocrx_word' id='word_1_1696' title='bbox 173 2866 199 2893; x_wconf 80' lang='lat' dir='ltr'>P.</span> <span class='ocrx_word' id='word_1_1697' title='bbox 214 2865 340 2901; x_wconf 81' lang='lat' dir='ltr'>Apuleius</span> <span class='ocrx_word' id='word_1_1698' title='bbox 358 2864 502 2892; x_wconf 87' lang='lat' dir='ltr'>Tribunus</span> <span class='ocrx_word' id='word_1_1699' title='bbox 519 2863 619 2899; x_wconf 80' lang='lat' dir='ltr'>plebis,</span> <span class='ocrx_word' id='word_1_1700' title='bbox 644 2873 767 2891; x_wconf 90' lang='lat' dir='ltr'>meorum</span> <span class='ocrx_word' id='word_1_1701' title='bbox 787 2872 909 2890; x_wconf 89' lang='lat' dir='ltr'>ommum</span> <span class='ocrx_word' id='word_1_1702' title='bbox 928 2863 1101 2891; x_wconf 81' lang='lat' dir='ltr'>consiliorum</span> 
     </span>
    </p>
   </div>
   <div class='ocr_carea' id='block_1_62' title="bbox 533 3365 1939 3405">
    <p class='ocr_par' dir='ltr' id='par_1_70' title="bbox 533 3365 1939 3405">
     <span class='ocr_line' id='line_1_173' title="bbox 533 3365 1939 3405; baseline 0 -6"><span class='ocrx_word' id='word_1_1703' title='bbox 533 3365 607 3392; x_wconf 68' lang='lat' dir='ltr'>Mens</span> <span class='ocrx_word' id='word_1_1704' title='bbox 626 3365 675 3393; x_wconf 76' lang='lat' dir='ltr'>fibi</span> <span class='ocrx_word' id='word_1_1705' title='bbox 695 3366 798 3392; x_wconf 83' lang='lat' dir='ltr'>conscia</span> <span class='ocrx_word' id='word_1_1706' title='bbox 817 3366 883 3393; x_wconf 68' lang='lat' dir='ltr'>“ffl</span> <span class='ocrx_word' id='word_1_1707' title='bbox 900 3366 974 3401; x_wconf 68' lang='lat' dir='ltr'>Vifg·</span> <span class='ocrx_word' id='word_1_1708' title='bbox 995 3366 1061 3392; x_wconf 64' lang='lat' dir='ltr'>Aen·</span> <span class='ocrx_word' id='word_1_1709' title='bbox 1078 3374 1100 3398; x_wconf 70' lang='lat'>¹2</span> <span class='ocrx_word' id='word_1_1710' title='bbox 1116 3376 1152 3402; x_wconf 91' lang='lat'>90</span> <span class='ocrx_word' id='word_1_1711' title='bbox 1163 3380 1198 3405; x_wconf 81' lang='grc' dir='ltr'>ις,</span> <span class='ocrx_word' id='word_1_1712' title='bbox 1211 3375 1246 3399; x_wconf 87' lang='lat'>60</span> <span class='ocrx_word' id='word_1_1713' title='bbox 1274 3373 1332 3399; x_wconf 91' lang='lat' dir='ltr'>Nec</span> <span class='ocrx_word' id='word_1_1714' title='bbox 1345 3370 1454 3398; x_wconf 87' lang='lat' dir='ltr'>tribuno</span> <span class='ocrx_word' id='word_1_1715' title='bbox 1474 3379 1491 3397; x_wconf 95' lang='lat' dir='ltr'>o</span> <span class='ocrx_word' id='word_1_1716' title='bbox 1512 3370 1606 3396; x_wconf 88' lang='lat' dir='ltr'>iiciens</span> <span class='ocrx_word' id='word_1_1717' title='bbox 1621 3368 1731 3396; x_wconf 85' lang='lat' dir='ltr'>eandem</span> <span class='ocrx_word' id='word_1_1718' title='bbox 1743 3370 1939 3399; x_wconf 80' lang='lat' dir='ltr'>conscientiam.</span> 
     </span>
    </p>
   </div>
   <div class='ocr_carea' id='block_1_63' title="bbox 1157 2330 2218 3197">
    <p class='ocr_par' dir='ltr' id='par_1_71' title="bbox 1157 2330 2218 2475">
     <span class='ocr_line' id='line_1_174' title="bbox 1163 2330 2217 2368; baseline 0.005 -10"><span class='ocrx_word' id='word_1_1719' title='bbox 1163 2333 1239 2358; x_wconf 85' lang='lat' dir='ltr'>Curt.</span> <span class='ocrx_word' id='word_1_1720' title='bbox 1253 2332 1279 2365; x_wconf 82' lang='lat'>6,</span> <span class='ocrx_word' id='word_1_1721' title='bbox 1294 2335 1317 2363; x_wconf 85' lang='grc'>8,</span> <span class='ocrx_word' id='word_1_1722' title='bbox 1332 2339 1358 2357; x_wconf 81' lang='lat'>12</span> <span class='ocrx_word' id='word_1_1723' title='bbox 1390 2330 1586 2357; x_wconf 86' lang='lat' dir='ltr'>Nicomachum</span> <span class='ocrx_word' id='word_1_1724' title='bbox 1604 2331 1737 2366; x_wconf 81' lang='lat' dir='ltr'>religione</span> <span class='ocrx_word' id='word_1_1725' title='bbox 1756 2341 1865 2368; x_wconf 91' lang='lat' dir='ltr'>quoque</span> <span class='ocrx_word' id='word_1_1726' title='bbox 1884 2331 1965 2360; x_wconf 77' lang='lat' dir='ltr'>desim</span> <span class='ocrx_word' id='word_1_1727' title='bbox 1980 2334 2136 2362; x_wconf 66' lang='lat' dir='ltr'>adstrifihim</span> <span class='ocrx_word' id='word_1_1728' title='bbox 2155 2343 2217 2362; x_wconf 90' lang='lat' dir='ltr'>con-</span> 
     </span>
     <span class='ocr_line' id='line_1_175' title="bbox 1163 2366 2218 2407; baseline 0.007 -15"><span class='ocrx_word' id='word_1_1729' title='bbox 1163 2366 1301 2393; x_wconf 85' lang='lat' dir='ltr'>scientiam</span> <span class='ocrx_word' id='word_1_1730' title='bbox 1317 2367 1389 2393; x_wconf 88' lang='lat' dir='ltr'>suani</span> <span class='ocrx_word' id='word_1_1731' title='bbox 1401 2375 1545 2394; x_wconf 77' lang='lat' dir='ltr'>exonerare</span> <span class='ocrx_word' id='word_1_1732' title='bbox 1558 2368 1714 2402; x_wconf 82' lang='lat' dir='ltr'>properasse.</span> <span class='ocrx_word' id='word_1_1733' title='bbox 1754 2369 1813 2394; x_wconf 81' lang='lat' dir='ltr'>Non</span> <span class='ocrx_word' id='word_1_1734' title='bbox 1826 2375 1924 2395; x_wconf 78' lang='lat' dir='ltr'>tantum</span> <span class='ocrx_word' id='word_1_1735' title='bbox 1937 2369 2033 2403; x_wconf 77' lang='lat' dir='ltr'>dicere,</span> <span class='ocrx_word' id='word_1_1736' title='bbox 2045 2380 2147 2407; x_wconf 81' lang='lat' dir='ltr'>quorum</span> <span class='ocrx_word' id='word_1_1737' title='bbox 2160 2381 2218 2398; x_wconf 81' lang='lat' dir='ltr'>con-</span> 
     </span>
     <span class='ocr_line' id='line_1_176' title="bbox 1157 2400 2218 2439; baseline 0.007 -12"><span class='ocrx_word' id='word_1_1738' title='bbox 1157 2401 1229 2438; x_wconf 82' lang='lat' dir='ltr'>scius</span> <span class='ocrx_word' id='word_1_1739' title='bbox 1248 2400 1320 2435; x_wconf 61' lang='lat' dir='ltr'>fiet,-</span> <span class='ocrx_word' id='word_1_1740' title='bbox 1340 2402 1389 2438; x_wconf 76' lang='lat' dir='ltr'>fid</span> <span class='ocrx_word' id='word_1_1741' title='bbox 1402 2406 1475 2429; x_wconf 80' lang='lat' dir='ltr'>etiam</span> <span class='ocrx_word' id='word_1_1742' title='bbox 1483 2402 1584 2438; x_wconf 73' lang='lat' dir='ltr'>facere,</span> <span class='ocrx_word' id='word_1_1743' title='bbox 1593 2403 1659 2439; x_wconf 78' lang='lat' dir='ltr'>quod</span> <span class='ocrx_word' id='word_1_1744' title='bbox 1664 2403 1756 2439; x_wconf 78' lang='lat' dir='ltr'>suadet</span> <span class='ocrx_word' id='word_1_1745' title='bbox 1769 2403 1889 2431; x_wconf 83' lang='lat' dir='ltr'>iudicium</span> <span class='ocrx_word' id='word_1_1746' title='bbox 1901 2405 1965 2432; x_wconf 81' lang='lat' dir='ltr'>illud</span> <span class='ocrx_word' id='word_1_1747' title='bbox 1975 2408 2109 2434; x_wconf 81' lang='lat' dir='ltr'>internum.</span> <span class='ocrx_word' id='word_1_1748' title='bbox 2163 2408 2218 2434; x_wconf 88' lang='lat' dir='ltr'>Ha-</span> 
     </span>
     <span class='ocr_line' id='line_1_177' title="bbox 1164 2437 2218 2475; baseline 0.007 -11"><span class='ocrx_word' id='word_1_1749' title='bbox 1164 2438 1227 2464; x_wconf 82' lang='lat' dir='ltr'>bere</span> <span class='ocrx_word' id='word_1_1750' title='bbox 1240 2438 1428 2465; x_wconf 88' lang='lat' dir='ltr'>conscientiam</span> <span class='ocrx_word' id='word_1_1751' title='bbox 1442 2437 1606 2465; x_wconf 89' lang='lat' dir='ltr'>conditionis</span> <span class='ocrx_word' id='word_1_1752' title='bbox 1625 2439 1685 2465; x_wconf 89' lang='lat' dir='ltr'>suae</span> <span class='ocrx_word' id='word_1_1753' title='bbox 1704 2439 1770 2466; x_wconf 87' lang='lat' dir='ltr'>Plin.</span> <span class='ocrx_word' id='word_1_1754' title='bbox 1784 2440 1864 2475; x_wconf 81' lang='lat' dir='ltr'>Epist.</span> <span class='ocrx_word' id='word_1_1755' title='bbox 1882 2449 1921 2474; x_wconf 88' lang='lat'>10,</span> <span class='ocrx_word' id='word_1_1756' title='bbox 1933 2449 1974 2474; x_wconf 87' lang='grc'>30.</span> <span class='ocrx_word' id='word_1_1757' title='bbox 2045 2443 2164 2470; x_wconf 83' lang='lat' dir='ltr'>Haerere</span> <span class='ocrx_word' id='word_1_1758' title='bbox 2183 2451 2218 2471; x_wconf 81' lang='lat' dir='ltr'>ex</span> 
     </span>
    </p>

    <p class='ocr_par' dir='ltr' id='par_1_72' title="bbox 1161 2477 2217 3197">
     <span class='ocr_line' id='line_1_178' title="bbox 1884 2477 2217 2514; baseline 0.009 -11"><span class='ocrx_word' id='word_1_1759' title='bbox 1884 2477 2034 2512; x_wconf 88' lang='lat' dir='ltr'>Impeditui·</span> <span class='ocrx_word' id='word_1_1760' title='bbox 2048 2484 2074 2506; x_wconf 90' lang='lat' dir='ltr'>et</span> <span class='ocrx_word' id='word_1_1761' title='bbox 2087 2479 2217 2514; x_wconf 87' lang='lat' dir='ltr'>opprimi-</span> 
     </span>
     <span class='ocr_line' id='line_1_179' title="bbox 1164 2509 2217 2547; baseline 0.006 -11"><span class='ocrx_word' id='word_1_1762' title='bbox 1164 2515 1208 2536; x_wconf 87' lang='lat' dir='ltr'>tur</span> <span class='ocrx_word' id='word_1_1763' title='bbox 1228 2519 1301 2537; x_wconf 85' lang='lat' dir='ltr'>niens</span> <span class='ocrx_word' id='word_1_1764' title='bbox 1319 2510 1479 2537; x_wconf 86' lang='lat' dir='ltr'>conscientia</span> <span class='ocrx_word' id='word_1_1765' title='bbox 1497 2509 1554 2537; x_wconf 86' lang='lat' dir='ltr'>Cic.</span> <span class='ocrx_word' id='word_1_1766' title='bbox 1569 2511 1598 2537; x_wconf 89' lang='lat' dir='ltr'>in</span> <span class='ocrx_word' id='word_1_1767' title='bbox 1611 2511 1696 2538; x_wconf 86' lang='lat' dir='ltr'>Pison.</span> <span class='ocrx_word' id='word_1_1768' title='bbox 1712 2520 1753 2545; x_wconf 84' lang='grc'>43.</span> <span class='ocrx_word' id='word_1_1769' title='bbox 1826 2512 1932 2547; x_wconf 86' lang='lat' dir='ltr'>Impelli</span> <span class='ocrx_word' id='word_1_1770' title='bbox 1951 2514 2111 2542; x_wconf 89' lang='lat' dir='ltr'>conscientia</span> <span class='ocrx_word' id='word_1_1771' title='bbox 2126 2515 2158 2541; x_wconf 86' lang='lat' dir='ltr'>ad</span> <span class='ocrx_word' id='word_1_1772' title='bbox 2177 2515 2217 2542; x_wconf 85' lang='lat' dir='ltr'>fa-</span> 
     </span>
     <span class='ocr_line' id='line_1_180' title="bbox 1163 2545 2216 2586; baseline 0.006 -14"><span class='ocrx_word' id='word_1_1773' title='bbox 1163 2545 1273 2573; x_wconf 88' lang='lat' dir='ltr'>tendum</span> <span class='ocrx_word' id='word_1_1774' title='bbox 1287 2546 1418 2580; x_wconf 72' lang='lat' dir='ltr'>Qiinetil.</span> <span class='ocrx_word' id='word_1_1775' title='bbox 1439 2553 1461 2579; x_wconf 79' lang='grc' dir='ltr'>ς,</span> <span class='ocrx_word' id='word_1_1776' title='bbox 1475 2554 1508 2579; x_wconf 83' lang='grc'>13.</span> <span class='ocrx_word' id='word_1_1777' title='bbox 1581 2547 1653 2574; x_wconf 87' lang='lat' dir='ltr'>Vell.</span> <span class='ocrx_word' id='word_1_1778' title='bbox 1664 2556 1686 2579; x_wconf 87' lang='lat'>2,</span> <span class='ocrx_word' id='word_1_1779' title='bbox 1699 2556 1729 2581; x_wconf 86' lang='lat'>91</span> <span class='ocrx_word' id='word_1_1780' title='bbox 1752 2548 1854 2575; x_wconf 90' lang='lat' dir='ltr'>Mersus</span> <span class='ocrx_word' id='word_1_1781' title='bbox 1867 2549 1942 2576; x_wconf 92' lang='lat' dir='ltr'>omni</span> <span class='ocrx_word' id='word_1_1782' title='bbox 1955 2549 2083 2577; x_wconf 85' lang='lat' dir='ltr'>scelerum</span> <span class='ocrx_word' id='word_1_1783' title='bbox 2102 2551 2216 2586; x_wconf 85' lang='lat' dir='ltr'>flagitio-</span> 
     </span>
     <span class='ocr_line' id='line_1_181' title="bbox 1163 2582 2215 2620; baseline 0.005 -11"><span class='ocrx_word' id='word_1_1784' title='bbox 1163 2591 1276 2617; x_wconf 83' lang='lat' dir='ltr'>rumque</span> <span class='ocrx_word' id='word_1_1785' title='bbox 1296 2582 1465 2609; x_wconf 84' lang='lat' dir='ltr'>conscientia.</span> <span class='ocrx_word' id='word_1_1786' title='bbox 1522 2582 1594 2609; x_wconf 75' lang='lat' dir='ltr'>cic.</span> <span class='ocrx_word' id='word_1_1787' title='bbox 1615 2583 1687 2610; x_wconf 86' lang='lat' dir='ltr'>Fam.</span> <span class='ocrx_word' id='word_1_1788' title='bbox 1710 2591 1732 2616; x_wconf 78' lang='lat'>5,</span> <span class='ocrx_word' id='word_1_1789' title='bbox 1753 2590 1771 2619; x_wconf 94' lang='grc'>7</span> <span class='ocrx_word' id='word_1_1790' title='bbox 1810 2584 1893 2611; x_wconf 90' lang='lat' dir='ltr'>Nulla</span> <span class='ocrx_word' id='word_1_1791' title='bbox 1907 2594 1935 2612; x_wconf 85' lang='lat' dir='ltr'>re</span> <span class='ocrx_word' id='word_1_1792' title='bbox 1953 2591 2008 2612; x_wconf 84' lang='lat' dir='ltr'>tarn</span> <span class='ocrx_word' id='word_1_1793' title='bbox 2021 2585 2114 2613; x_wconf 88' lang='lat' dir='ltr'>laetari</span> <span class='ocrx_word' id='word_1_1794' title='bbox 2132 2587 2215 2620; x_wconf 89' lang='lat' dir='ltr'>soleo,</span> 
     </span>
     <span class='ocr_line' id='line_1_182' title="bbox 1164 2616 2215 2656; baseline 0.006 -12"><span class='ocrx_word' id='word_1_1795' title='bbox 1164 2626 1244 2652; x_wconf 90' lang='lat' dir='ltr'>quam</span> <span class='ocrx_word' id='word_1_1796' title='bbox 1261 2616 1414 2645; x_wconf 86' lang='lat' dir='ltr'>officiorum</span> <span class='ocrx_word' id='word_1_1797' title='bbox 1440 2626 1563 2645; x_wconf 85' lang='lat' dir='ltr'>meorum</span> <span class='ocrx_word' id='word_1_1798' title='bbox 1583 2618 1752 2647; x_wconf 86' lang='lat' dir='ltr'>conscientia.</span> <span class='ocrx_word' id='word_1_1799' title='bbox 1821 2619 1896 2647; x_wconf 88' lang='lat' dir='ltr'>Idem</span> <span class='ocrx_word' id='word_1_1800' title='bbox 1910 2620 1982 2648; x_wconf 87' lang='lat' dir='ltr'>Fam.</span> <span class='ocrx_word' id='word_1_1801' title='bbox 1998 2630 2036 2655; x_wconf 83' lang='lat'>10,</span> <span class='ocrx_word' id='word_1_1802' title='bbox 2055 2631 2074 2656; x_wconf 92' lang='lat'>4</span> <span class='ocrx_word' id='word_1_1803' title='bbox 2113 2624 2215 2650; x_wconf 86' lang='lat' dir='ltr'>Metior</span> 
     </span>
     <span class='ocr_line' id='line_1_183' title="bbox 1796 2653 2214 2694; baseline 0.007 -12"><span class='ocrx_word' id='word_1_1804' title='bbox 1796 2653 1817 2692; x_wconf 60' lang='lat' dir='ltr'>fl</span> <span class='ocrx_word' id='word_1_1805' title='bbox 1836 2665 1849 2688; x_wconf 84' lang='grc'>3</span> <span class='ocrx_word' id='word_1_1806' title='bbox 1886 2656 2054 2685; x_wconf 85' lang='lat' dir='ltr'>Conscientia</span> <span class='ocrx_word' id='word_1_1807' title='bbox 2068 2665 2118 2693; x_wconf 84' lang='lat' dir='ltr'>pro</span> <span class='ocrx_word' id='word_1_1808' title='bbox 2132 2662 2214 2694; x_wconf 74' lang='lat' dir='ltr'>jcien-</span> 
     </span>
     <span class='ocr_line' id='line_1_184' title="bbox 1161 2690 2214 2728; baseline 0.005 -12"><span class='ocrx_word' id='word_1_1809' title='bbox 1161 2692 1200 2717; x_wconf 83' lang='lat' dir='ltr'>tia</span> <span class='ocrx_word' id='word_1_1810' title='bbox 1214 2700 1267 2716; x_wconf 84' lang='lat' dir='ltr'>cum</span> <span class='ocrx_word' id='word_1_1811' title='bbox 1287 2691 1348 2717; x_wconf 79' lang='lat' dir='ltr'>aliis</span> <span class='ocrx_word' id='word_1_1812' title='bbox 1365 2693 1559 2726; x_wconf 79' lang='lat' dir='ltr'>communicata,</span> <span class='ocrx_word' id='word_1_1813' title='bbox 1572 2691 1613 2717; x_wconf 76' lang='lat' dir='ltr'>vel</span> <span class='ocrx_word' id='word_1_1814' title='bbox 1630 2693 1752 2718; x_wconf 84' lang='lat' dir='ltr'>communi</span> <span class='ocrx_word' id='word_1_1815' title='bbox 1761 2690 1873 2726; x_wconf 83' lang='lat' dir='ltr'>scientia</span> <span class='ocrx_word' id='word_1_1816' title='bbox 1891 2699 1938 2719; x_wconf 79' lang='lat' dir='ltr'>etc.</span> <span class='ocrx_word' id='word_1_1817' title='bbox 1976 2694 2031 2720; x_wconf 90' lang='lat' dir='ltr'>Cic.</span> <span class='ocrx_word' id='word_1_1818' title='bbox 2045 2703 2095 2728; x_wconf 85' lang='lat' dir='ltr'>pro</span> <span class='ocrx_word' id='word_1_1819' title='bbox 2109 2695 2214 2721; x_wconf 76' lang='lat' dir='ltr'>Cluent-</span> 
     </span>
     <span class='ocr_line' id='line_1_185' title="bbox 1163 2726 2213 2764; baseline 0.004 -12"><span class='ocrx_word' id='word_1_1820' title='bbox 1163 2728 1196 2759; x_wconf 81' lang='lat'>56</span> <span class='ocrx_word' id='word_1_1821' title='bbox 1208 2735 1228 2752; x_wconf 93' lang='lat' dir='ltr'>c.</span> <span class='ocrx_word' id='word_1_1822' title='bbox 1244 2734 1278 2752; x_wconf 89' lang='lat'>20</span> <span class='ocrx_word' id='word_1_1823' title='bbox 1298 2727 1339 2753; x_wconf 85' lang='lat' dir='ltr'>An</span> <span class='ocrx_word' id='word_1_1824' title='bbox 1352 2726 1435 2753; x_wconf 87' lang='lat' dir='ltr'>etiam</span> <span class='ocrx_word' id='word_1_1825' title='bbox 1447 2726 1556 2753; x_wconf 80' lang='lat' dir='ltr'>consilia</span> <span class='ocrx_word' id='word_1_1826' title='bbox 1569 2727 1793 2763; x_wconf 85' lang='lat' dir='ltr'>conscientiasque</span> <span class='ocrx_word' id='word_1_1827' title='bbox 1805 2727 1939 2754; x_wconf 87' lang='lat' dir='ltr'>eiusmodi</span> <span class='ocrx_word' id='word_1_1828' title='bbox 1953 2729 2103 2755; x_wconf 83' lang='lat' dir='ltr'>facinorum</span> <span class='ocrx_word' id='word_1_1829' title='bbox 2115 2730 2213 2764; x_wconf 85' lang='lat' dir='ltr'>suppli-</span> 
     </span>
     <span class='ocr_line' id='line_1_186' title="bbox 1162 2761 2213 2797; baseline 0.004 -9"><span class='ocrx_word' id='word_1_1830' title='bbox 1162 2762 1207 2788; x_wconf 87' lang='lat' dir='ltr'>cio</span> <span class='ocrx_word' id='word_1_1831' title='bbox 1220 2761 1310 2796; x_wconf 82' lang='lat' dir='ltr'>dignas</span> <span class='ocrx_word' id='word_1_1832' title='bbox 1321 2761 1477 2789; x_wconf 88' lang='lat' dir='ltr'>iudicarent.</span> <span class='ocrx_word' id='word_1_1833' title='bbox 1551 2762 1644 2789; x_wconf 88' lang='lat' dir='ltr'>Tacit.</span> <span class='ocrx_word' id='word_1_1834' title='bbox 1659 2762 1727 2791; x_wconf 80' lang='lat' dir='ltr'>Hist.</span> <span class='ocrx_word' id='word_1_1835' title='bbox 1742 2772 1762 2796; x_wconf 92' lang='lat'>1,</span> <span class='ocrx_word' id='word_1_1836' title='bbox 1774 2772 1805 2797; x_wconf 78' lang='lat'>25</span> <span class='ocrx_word' id='word_1_1837' title='bbox 1831 2764 1967 2790; x_wconf 86' lang='lat' dir='ltr'>Facinoris</span> <span class='ocrx_word' id='word_1_1838' title='bbox 1981 2764 2009 2790; x_wconf 90' lang='lat' dir='ltr'>in</span> <span class='ocrx_word' id='word_1_1839' title='bbox 2023 2764 2213 2793; x_wconf 88' lang='lat' dir='ltr'>conscientiam</span> 
     </span>
     <span class='ocr_line' id='line_1_187' title="bbox 1162 2797 2212 2834; baseline 0.003 -10"><span class='ocrx_word' id='word_1_1840' title='bbox 1162 2797 1283 2825; x_wconf 88' lang='lat' dir='ltr'>adscitus.</span> <span class='ocrx_word' id='word_1_1841' title='bbox 1356 2798 1426 2825; x_wconf 86' lang='lat' dir='ltr'>Suet.</span> <span class='ocrx_word' id='word_1_1842' title='bbox 1441 2797 1498 2825; x_wconf 85' lang='lat' dir='ltr'>Cal.</span> <span class='ocrx_word' id='word_1_1843' title='bbox 1511 2799 1543 2830; x_wconf 73' lang='lat'>36</span> <span class='ocrx_word' id='word_1_1844' title='bbox 1570 2798 1631 2825; x_wconf 92' lang='lat' dir='ltr'>Duo</span> <span class='ocrx_word' id='word_1_1845' title='bbox 1645 2798 1786 2825; x_wconf 88' lang='lat' dir='ltr'>consilium</span> <span class='ocrx_word' id='word_1_1846' title='bbox 1804 2800 2083 2832; x_wconf 87' lang='lat' dir='ltr'>communicauerunt,</span> <span class='ocrx_word' id='word_1_1847' title='bbox 2096 2801 2212 2834; x_wconf 86' lang='lat' dir='ltr'>perfece-</span> 
     </span>
     <span class='ocr_line' id='line_1_188' title="bbox 2068 2836 2210 2864; baseline 0.014 -2"><span class='ocrx_word' id='word_1_1848' title='bbox 2068 2836 2125 2862; x_wconf 88' lang='lat' dir='ltr'>Cic.</span> <span class='ocrx_word' id='word_1_1849' title='bbox 2134 2837 2210 2864; x_wconf 83' lang='lat' dir='ltr'>Verr.</span> 
     </span>
     <span class='ocr_line' id='line_1_189' title="bbox 1162 2869 2211 2906; baseline 0.004 -10"><span class='ocrx_word' id='word_1_1850' title='bbox 1162 2877 1185 2902; x_wconf 82' lang='lat'>5,</span> <span class='ocrx_word' id='word_1_1851' title='bbox 1199 2874 1240 2899; x_wconf 85' lang='lat'>182</span> <span class='ocrx_word' id='word_1_1852' title='bbox 1270 2870 1334 2897; x_wconf 91' lang='lat' dir='ltr'>Non</span> <span class='ocrx_word' id='word_1_1853' title='bbox 1354 2869 1437 2897; x_wconf 85' lang='lat' dir='ltr'>modo</span> <span class='ocrx_word' id='word_1_1854' title='bbox 1451 2878 1496 2897; x_wconf 88' lang='lat' dir='ltr'>eos</span> <span class='ocrx_word' id='word_1_1855' title='bbox 1510 2871 1649 2905; x_wconf 87' lang='lat' dir='ltr'>persequi,</span> <span class='ocrx_word' id='word_1_1856' title='bbox 1663 2870 1695 2897; x_wconf 93' lang='lat' dir='ltr'>ad</span> <span class='ocrx_word' id='word_1_1857' title='bbox 1716 2879 1783 2906; x_wconf 89' lang='lat' dir='ltr'>quos</span> <span class='ocrx_word' id='word_1_1858' title='bbox 1798 2871 1914 2897; x_wconf 84' lang='lat' dir='ltr'>maxime</span> <span class='ocrx_word' id='word_1_1859' title='bbox 1926 2871 2001 2905; x_wconf 89' lang='lat' dir='ltr'>eulpa</span> <span class='ocrx_word' id='word_1_1860' title='bbox 2021 2872 2211 2906; x_wconf 86' lang='lat' dir='ltr'>corrumpendi</span> 
     </span>
     <span class='ocr_line' id='line_1_190' title="bbox 1161 2904 2209 2942; baseline 0.003 -10"><span class='ocrx_word' id='word_1_1861' title='bbox 1161 2905 1279 2939; x_wconf 87' lang='lat' dir='ltr'>iudicii,</span> <span class='ocrx_word' id='word_1_1862' title='bbox 1306 2904 1349 2932; x_wconf 86' lang='lat' dir='ltr'>sed</span> <span class='ocrx_word' id='word_1_1863' title='bbox 1370 2906 1451 2933; x_wconf 86' lang='lat' dir='ltr'>etiam</span> <span class='ocrx_word' id='word_1_1864' title='bbox 1469 2905 1530 2933; x_wconf 78' lang='lat' dir='ltr'>illos</span> <span class='ocrx_word' id='word_1_1865' title='bbox 1542 2925 1550 2938; x_wconf 93' lang='lat'>,</span> <span class='ocrx_word' id='word_1_1866' title='bbox 1575 2906 1608 2933; x_wconf 89' lang='lat' dir='ltr'>ad</span> <span class='ocrx_word' id='word_1_1867' title='bbox 1626 2915 1694 2942; x_wconf 84' lang='lat' dir='ltr'>quos</span> <span class='ocrx_word' id='word_1_1868' title='bbox 1713 2906 1888 2932; x_wconf 83' lang='lat' dir='ltr'>conscientiae</span> <span class='ocrx_word' id='word_1_1869' title='bbox 1908 2906 2031 2940; x_wconf 88' lang='lat' dir='ltr'>contagio</span> <span class='ocrx_word' id='word_1_1870' title='bbox 2055 2908 2209 2941; x_wconf 88' lang='lat' dir='ltr'>pertinebit.</span> 
     </span>
     <span class='ocr_line' id='line_1_191' title="bbox 1162 2941 2210 2978; baseline 0.003 -10"><span class='ocrx_word' id='word_1_1871' title='bbox 1162 2942 1236 2968; x_wconf 88' lang='lat' dir='ltr'>Curt.</span> <span class='ocrx_word' id='word_1_1872' title='bbox 1251 2949 1278 2977; x_wconf 89' lang='grc'>7,</span> <span class='ocrx_word' id='word_1_1873' title='bbox 1293 2951 1314 2975; x_wconf 90' lang='grc'>1,</span> <span class='ocrx_word' id='word_1_1874' title='bbox 1327 2949 1353 2974; x_wconf 83' lang='grc'>31</span> <span class='ocrx_word' id='word_1_1875' title='bbox 1382 2941 1462 2975; x_wconf 84' lang='lat' dir='ltr'>Qiod</span> <span class='ocrx_word' id='word_1_1876' title='bbox 1482 2942 1566 2977; x_wconf 84' lang='lat' dir='ltr'>igitur</span> <span class='ocrx_word' id='word_1_1877' title='bbox 1585 2942 1760 2969; x_wconf 86' lang='lat' dir='ltr'>conscientiae</span> <span class='ocrx_word' id='word_1_1878' title='bbox 1775 2941 1885 2969; x_wconf 83' lang='lat' dir='ltr'>affertur</span> <span class='ocrx_word' id='word_1_1879' title='bbox 1904 2942 2053 2970; x_wconf 73' lang='lat' dir='ltr'>indicium?</span> <span class='ocrx_word' id='word_1_1880' title='bbox 2088 2944 2144 2970; x_wconf 88' lang='lat' dir='ltr'>Cic.</span> <span class='ocrx_word' id='word_1_1881' title='bbox 2159 2953 2210 2978; x_wconf 90' lang='lat' dir='ltr'>pro</span> 
     </span>
     <span class='ocr_line' id='line_1_192' title="bbox 1162 2977 2210 3014; baseline -0.001 -10"><span class='ocrx_word' id='word_1_1882' title='bbox 1162 2977 1234 3004; x_wconf 87' lang='lat' dir='ltr'>Cael.</span> <span class='ocrx_word' id='word_1_1883' title='bbox 1248 2986 1278 3010; x_wconf 84' lang='lat'>23</span> <span class='ocrx_word' id='word_1_1884' title='bbox 1293 2987 1313 3005; x_wconf 88' lang='lat' dir='ltr'>c.</span> <span class='ocrx_word' id='word_1_1885' title='bbox 1329 2986 1359 3003; x_wconf 89' lang='lat'>10</span> <span class='ocrx_word' id='word_1_1886' title='bbox 1389 2977 1453 3005; x_wconf 89' lang='lat' dir='ltr'>Non</span> <span class='ocrx_word' id='word_1_1887' title='bbox 1467 2977 1550 3005; x_wconf 89' lang='lat' dir='ltr'>modo</span> <span class='ocrx_word' id='word_1_1888' title='bbox 1564 2986 1579 3004; x_wconf 91' lang='lat' dir='ltr'>a</span> <span class='ocrx_word' id='word_1_1889' title='bbox 1598 2977 1685 3009; x_wconf 70' lang='lat' dir='ltr'>facto,</span> <span class='ocrx_word' id='word_1_1890' title='bbox 1700 2985 1794 3005; x_wconf 88' lang='lat' dir='ltr'>verum</span> <span class='ocrx_word' id='word_1_1891' title='bbox 1812 2978 1893 3004; x_wconf 86' lang='lat' dir='ltr'>etiam</span> <span class='ocrx_word' id='word_1_1892' title='bbox 1905 2986 1920 3004; x_wconf 86' lang='grc'>3</span> <span class='ocrx_word' id='word_1_1893' title='bbox 1934 2978 2110 3005; x_wconf 85' lang='lat' dir='ltr'>conscientiae</span> <span class='ocrx_word' id='word_1_1894' title='bbox 2129 2980 2210 3014; x_wconf 90' lang='lat' dir='ltr'>suspi.</span> 
     </span>
     <span class='ocr_line' id='line_1_193' title="bbox 1427 3012 2210 3049; baseline 0.003 -8"><span class='ocrx_word' id='word_1_1895' title='bbox 1427 3013 1519 3041; x_wconf 87' lang='lat' dir='ltr'>Tacit.</span> <span class='ocrx_word' id='word_1_1896' title='bbox 1540 3013 1609 3040; x_wconf 81' lang='lat' dir='ltr'>Hist.</span> <span class='ocrx_word' id='word_1_1897' title='bbox 1630 3021 1651 3045; x_wconf 91' lang='lat'>1,</span> <span class='ocrx_word' id='word_1_1898' title='bbox 1669 3017 1701 3043; x_wconf 85' lang='lat'>28</span> <span class='ocrx_word' id='word_1_1899' title='bbox 1739 3012 1863 3039; x_wconf 83' lang='lat' dir='ltr'>Praebuit</span> <span class='ocrx_word' id='word_1_1900' title='bbox 1881 3013 2015 3048; x_wconf 85' lang='lat' dir='ltr'>plerisque</span> <span class='ocrx_word' id='word_1_1901' title='bbox 2031 3014 2210 3049; x_wconf 87' lang='lat' dir='ltr'>suspicionem</span> 
     </span>
     <span class='ocr_line' id='line_1_194' title="bbox 1162 3048 2210 3085; baseline 0.003 -9"><span class='ocrx_word' id='word_1_1902' title='bbox 1162 3049 1345 3076; x_wconf 88' lang='lat' dir='ltr'>eonscientiae.</span> <span class='ocrx_word' id='word_1_1903' title='bbox 1367 3049 1430 3077; x_wconf 80' lang='lat' dir='ltr'>Sunt</span> <span class='ocrx_word' id='word_1_1904' title='bbox 1446 3050 1484 3077; x_wconf 82' lang='lat' dir='ltr'>ibi</span> <span class='ocrx_word' id='word_1_1905' title='bbox 1496 3050 1582 3085; x_wconf 80' lang='lat' dir='ltr'>plura.</span> <span class='ocrx_word' id='word_1_1906' title='bbox 1655 3048 1711 3075; x_wconf 88' lang='lat' dir='ltr'>Cic.</span> <span class='ocrx_word' id='word_1_1907' title='bbox 1731 3056 1780 3083; x_wconf 89' lang='lat' dir='ltr'>pro</span> <span class='ocrx_word' id='word_1_1908' title='bbox 1799 3048 1893 3076; x_wconf 89' lang='lat' dir='ltr'>Flacco</span> <span class='ocrx_word' id='word_1_1909' title='bbox 1909 3054 1938 3081; x_wconf 80' lang='lat'>38</span> <span class='ocrx_word' id='word_1_1910' title='bbox 1978 3049 2166 3084; x_wconf 74' lang='lat' dir='ltr'>Vociferarer,</span> <span class='ocrx_word' id='word_1_1911' title='bbox 2182 3057 2210 3079; x_wconf 84' lang='lat' dir='ltr'>et</span> 
     </span>
     <span class='ocr_line' id='line_1_195' title="bbox 1162 3083 2209 3121; baseline -0.002 -9"><span class='ocrx_word' id='word_1_1912' title='bbox 1162 3090 1290 3120; x_wconf 89' lang='lat' dir='ltr'>quantum</span> <span class='ocrx_word' id='word_1_1913' title='bbox 1309 3085 1425 3112; x_wconf 85' lang='lat' dir='ltr'>maxime</span> <span class='ocrx_word' id='word_1_1914' title='bbox 1447 3086 1544 3121; x_wconf 75' lang='lat' dir='ltr'>possem</span> <span class='ocrx_word' id='word_1_1915' title='bbox 1561 3083 1765 3116; x_wconf 85' lang='lat' dir='ltr'>contenderem,</span> <span class='ocrx_word' id='word_1_1916' title='bbox 1788 3084 1896 3112; x_wconf 81' lang='lat' dir='ltr'>testarer</span> <span class='ocrx_word' id='word_1_1917' title='bbox 1916 3084 2092 3119; x_wconf 81' lang='lat' dir='ltr'>publicanos,</span> <span class='ocrx_word' id='word_1_1918' title='bbox 2112 3088 2209 3116; x_wconf 86' lang='lat' dir='ltr'>excita.</span> 
     </span>
     <span class='ocr_line' id='line_1_196' title="bbox 1161 3120 2209 3159; baseline -0.001 -11"><span class='ocrx_word' id='word_1_1919' title='bbox 1161 3130 1218 3148; x_wconf 91' lang='lat' dir='ltr'>rem</span> <span class='ocrx_word' id='word_1_1920' title='bbox 1233 3121 1422 3156; x_wconf 81' lang='lat' dir='ltr'>negotiatores,</span> <span class='ocrx_word' id='word_1_1921' title='bbox 1440 3121 1552 3148; x_wconf 85' lang='lat' dir='ltr'>vestram</span> <span class='ocrx_word' id='word_1_1922' title='bbox 1565 3120 1646 3146; x_wconf 82' lang='lat' dir='ltr'>etiam</span> <span class='ocrx_word' id='word_1_1923' title='bbox 1659 3120 1846 3147; x_wconf 88' lang='lat' dir='ltr'>conscientiam</span> <span class='ocrx_word' id='word_1_1924' title='bbox 1860 3120 2046 3155; x_wconf 86' lang='lat' dir='ltr'>implorarem:</span> <span class='ocrx_word' id='word_1_1925' title='bbox 2066 3122 2102 3149; x_wconf 84' lang='lat' dir='ltr'>ad</span> <span class='ocrx_word' id='word_1_1926' title='bbox 2111 3123 2141 3149; x_wconf 88' lang='lat' dir='ltr'>id</span> <span class='ocrx_word' id='word_1_1927' title='bbox 2146 3131 2209 3159; x_wconf 81' lang='lat' dir='ltr'>pro-</span> 
     </span>
     <span class='ocr_line' id='line_1_197' title="bbox 1161 3155 2208 3197; baseline 0.002 -13"><span class='ocrx_word' id='word_1_1928' title='bbox 1161 3166 1290 3190; x_wconf 82' lang='lat' dir='ltr'>vocarem,</span> <span class='ocrx_word' id='word_1_1929' title='bbox 1303 3156 1368 3193; x_wconf 83' lang='lat' dir='ltr'>quod</span> <span class='ocrx_word' id='word_1_1930' title='bbox 1383 3167 1430 3197; x_wconf 59' lang='lat' dir='ltr'>vor</span> <span class='ocrx_word' id='word_1_1931' title='bbox 1438 3157 1523 3193; x_wconf 68' lang='lat' dir='ltr'>scitis.</span> <span class='ocrx_word' id='word_1_1932' title='bbox 1594 3155 1703 3182; x_wconf 87' lang='lat' dir='ltr'>Firmie.</span> <span class='ocrx_word' id='word_1_1933' title='bbox 1723 3164 1752 3189; x_wconf 83' lang='lat'>4,</span> <span class='ocrx_word' id='word_1_1934' title='bbox 1773 3164 1782 3181; x_wconf 88' lang='grc'>1</span> <span class='ocrx_word' id='word_1_1935' title='bbox 1818 3156 1873 3189; x_wconf 86' lang='lat' dir='ltr'>Qii</span> <span class='ocrx_word' id='word_1_1936' title='bbox 1892 3165 1951 3183; x_wconf 90' lang='lat' dir='ltr'>cum</span> <span class='ocrx_word' id='word_1_1937' title='bbox 1965 3156 2151 3185; x_wconf 61' lang='lat' dir='ltr'>effractoribus</span> <span class='ocrx_word' id='word_1_1938' title='bbox 2164 3159 2208 3186; x_wconf 87' lang='lat' dir='ltr'>vel</span> 
     </span>
    </p>
   </div>
   <div class='ocr_carea' id='block_1_64' title="bbox 621 3185 2208 3227">
    <p class='ocr_par' dir='ltr' id='par_1_73' title="bbox 621 3185 2208 3227">
     <span class='ocr_line' id='line_1_198' title="bbox 621 3185 2208 3227; baseline 0.001 -6"><span class='ocrx_word' id='word_1_1939' title='bbox 621 3187 701 3214; x_wconf 61' lang='lat' dir='ltr'>Fibra</span> <span class='ocrx_word' id='word_1_1940' title='bbox 721 3187 823 3214; x_wconf 41' lang='lat' dir='ltr'>conl-⁰1²</span> <span class='ocrx_word' id='word_1_1941' title='bbox 842 3186 969 3220; x_wconf 67' lang='lat' dir='ltr'>deorum,</span> <span class='ocrx_word' id='word_1_1942' title='bbox 988 3185 1099 3227; x_wconf 60' lang='lat' dir='ltr'>Extszi&#39;-</span> <span class='ocrx_word' id='word_1_1943' title='bbox 1115 3191 1145 3221; x_wconf 84' lang='lat'>85</span> <span class='ocrx_word' id='word_1_1944' title='bbox 1162 3192 1267 3220; x_wconf 87' lang='lat' dir='ltr'>furibus</span> <span class='ocrx_word' id='word_1_1945' title='bbox 1288 3193 1475 3220; x_wconf 86' lang='lat' dir='ltr'>conscientiam</span> <span class='ocrx_word' id='word_1_1946' title='bbox 1489 3192 1616 3226; x_wconf 82' lang='lat' dir='ltr'>iungant,</span> <span class='ocrx_word' id='word_1_1947' title='bbox 1632 3191 1676 3218; x_wconf 92' lang='lat' dir='ltr'>vel</span> <span class='ocrx_word' id='word_1_1948' title='bbox 1696 3192 1744 3226; x_wconf 91' lang='lat' dir='ltr'>qui</span> <span class='ocrx_word' id='word_1_1949' title='bbox 1762 3197 1832 3218; x_wconf 88' lang='lat' dir='ltr'>certe</span> <span class='ocrx_word' id='word_1_1950' title='bbox 1852 3191 1900 3227; x_wconf 83' lang='lat' dir='ltr'>ipsi</span> <span class='ocrx_word' id='word_1_1951' title='bbox 1919 3192 1993 3219; x_wconf 77' lang='lat' dir='ltr'>fures</span> <span class='ocrx_word' id='word_1_1952' title='bbox 2006 3193 2055 3220; x_wconf 84' lang='lat' dir='ltr'>sint</span> <span class='ocrx_word' id='word_1_1953' title='bbox 2072 3201 2118 3222; x_wconf 89' lang='lat' dir='ltr'>aut</span> <span class='ocrx_word' id='word_1_1954' title='bbox 2131 3195 2208 3223; x_wconf 83' lang='lat' dir='ltr'>effra-</span> 
     </span>
    </p>
   </div>
   <div class='ocr_carea' id='block_1_65' title="bbox 1159 3226 2206 3545">
    <p class='ocr_par' dir='ltr' id='par_1_74' title="bbox 1161 3226 2206 3398">
     <span class='ocr_line' id='line_1_199' title="bbox 1161 3226 2206 3265; baseline 0.002 -9"><span class='ocrx_word' id='word_1_1955' title='bbox 1161 3228 1257 3257; x_wconf 72' lang='grc' dir='ltr'>ἑὶοτεε.</span> <span class='ocrx_word' id='word_1_1956' title='bbox 1327 3229 1384 3257; x_wconf 87' lang='lat' dir='ltr'>Cic.</span> <span class='ocrx_word' id='word_1_1957' title='bbox 1398 3228 1430 3255; x_wconf 85' lang='lat' dir='ltr'>de</span> <span class='ocrx_word' id='word_1_1958' title='bbox 1443 3227 1500 3254; x_wconf 86' lang='lat' dir='ltr'>Fin.</span> <span class='ocrx_word' id='word_1_1959' title='bbox 1515 3235 1538 3259; x_wconf 86' lang='lat'>2,</span> <span class='ocrx_word' id='word_1_1960' title='bbox 1551 3232 1583 3257; x_wconf 87' lang='lat'>28</span> <span class='ocrx_word' id='word_1_1961' title='bbox 1604 3236 1625 3253; x_wconf 87' lang='lat' dir='ltr'>c.</span> <span class='ocrx_word' id='word_1_1962' title='bbox 1640 3235 1658 3260; x_wconf 89' lang='lat'><em>9</em></span> <span class='ocrx_word' id='word_1_1963' title='bbox 1683 3226 1819 3253; x_wconf 90' lang='lat' dir='ltr'>Interdum</span> <span class='ocrx_word' id='word_1_1964' title='bbox 1833 3227 1863 3254; x_wconf 90' lang='lat' dir='ltr'>in</span> <span class='ocrx_word' id='word_1_1965' title='bbox 1873 3228 1977 3262; x_wconf 81' lang='lat' dir='ltr'>magnis</span> <span class='ocrx_word' id='word_1_1966' title='bbox 1993 3230 2112 3258; x_wconf 89' lang='lat' dir='ltr'>versatur</span> <span class='ocrx_word' id='word_1_1967' title='bbox 2126 3239 2206 3265; x_wconf 84' lang='lat' dir='ltr'>angu-</span> 
     </span>
     <span class='ocr_line' id='line_1_200' title="bbox 1162 3262 2206 3301; baseline 0.001 -10"><span class='ocrx_word' id='word_1_1968' title='bbox 1162 3264 1217 3291; x_wconf 87' lang='lat' dir='ltr'>stiis</span> <span class='ocrx_word' id='word_1_1969' title='bbox 1236 3267 1373 3301; x_wconf 78' lang='lat' dir='ltr'>Epicurus,</span> <span class='ocrx_word' id='word_1_1970' title='bbox 1393 3268 1422 3291; x_wconf 89' lang='lat' dir='ltr'>vt</span> <span class='ocrx_word' id='word_1_1971' title='bbox 1439 3263 1581 3290; x_wconf 89' lang='lat' dir='ltr'>hominum</span> <span class='ocrx_word' id='word_1_1972' title='bbox 1600 3262 1760 3289; x_wconf 86' lang='lat' dir='ltr'>conscientia</span> <span class='ocrx_word' id='word_1_1973' title='bbox 1780 3269 1899 3297; x_wconf 81' lang='lat' dir='ltr'>remota,</span> <span class='ocrx_word' id='word_1_1974' title='bbox 1911 3264 1982 3291; x_wconf 86' lang='lat' dir='ltr'>nihil</span> <span class='ocrx_word' id='word_1_1975' title='bbox 1996 3271 2050 3292; x_wconf 89' lang='lat' dir='ltr'>tam</span> <span class='ocrx_word' id='word_1_1976' title='bbox 2069 3272 2145 3301; x_wconf 86' lang='lat' dir='ltr'>turpe</span> <span class='ocrx_word' id='word_1_1977' title='bbox 2165 3265 2206 3298; x_wconf 78' lang='lat' dir='ltr'>sit,</span> 
     </span>
     <span class='ocr_line' id='line_1_201' title="bbox 1163 3297 2206 3336; baseline 0 -8"><span class='ocrx_word' id='word_1_1978' title='bbox 1163 3300 1234 3335; x_wconf 90' lang='lat' dir='ltr'>quod</span> <span class='ocrx_word' id='word_1_1979' title='bbox 1244 3300 1389 3336; x_wconf 86' lang='lat' dir='ltr'>voluptatis</span> <span class='ocrx_word' id='word_1_1980' title='bbox 1403 3300 1478 3326; x_wconf 86' lang='lat' dir='ltr'>causa</span> <span class='ocrx_word' id='word_1_1981' title='bbox 1489 3307 1545 3326; x_wconf 89' lang='lat' dir='ltr'>non</span> <span class='ocrx_word' id='word_1_1982' title='bbox 1556 3297 1679 3325; x_wconf 79' lang='lat' dir='ltr'>videatur</span> <span class='ocrx_word' id='word_1_1983' title='bbox 1691 3299 1739 3325; x_wconf 79' lang='lat' dir='ltr'>effe</span> <span class='ocrx_word' id='word_1_1984' title='bbox 1753 3297 1881 3326; x_wconf 62' lang='lat' dir='ltr'>fafiturus.</span> <span class='ocrx_word' id='word_1_1985' title='bbox 1934 3300 2061 3328; x_wconf 86' lang='lat' dir='ltr'>Simulata</span> <span class='ocrx_word' id='word_1_1986' title='bbox 2074 3302 2206 3328; x_wconf 83' lang='lat' dir='ltr'>conscien-</span> 
     </span>
     <span class='ocr_line' id='line_1_202' title="bbox 1161 3332 2204 3398; baseline 0 -35"><span class='ocrx_word' id='word_1_1987' title='bbox 1161 3336 1199 3363; x_wconf 87' lang='lat' dir='ltr'>tia</span> <span class='ocrx_word' id='word_1_1988' title='bbox 1212 3336 1320 3369; x_wconf 85' lang='lat' dir='ltr'>adeant,</span> <span class='ocrx_word' id='word_1_1989' title='bbox 1327 3335 1525 3397; x_wconf 60' lang='lat' dir='ltr'>fimulantis,bse³</span> <span class='ocrx_word' id='word_1_1990' title='bbox 1538 3334 1648 3369; x_wconf 77' lang='lat' dir='ltr'>conscios</span> <span class='ocrx_word' id='word_1_1991' title='bbox 1662 3336 1714 3360; x_wconf 73' lang='lat' dir='ltr'>eius</span> <span class='ocrx_word' id='word_1_1992' title='bbox 1726 3336 1766 3362; x_wconf 84' lang='lat' dir='ltr'>rei</span> <span class='ocrx_word' id='word_1_1993' title='bbox 1777 3332 1819 3367; x_wconf 78' lang='lat' dir='ltr'>effe</span> <span class='ocrx_word' id='word_1_1994' title='bbox 1831 3335 1923 3362; x_wconf 87' lang='lat' dir='ltr'>Tacit.</span> <span class='ocrx_word' id='word_1_1995' title='bbox 1930 3336 1999 3363; x_wconf 89' lang='lat' dir='ltr'>Ann.</span> <span class='ocrx_word' id='word_1_1996' title='bbox 2013 3345 2036 3369; x_wconf 83' lang='lat'>2,</span> <span class='ocrx_word' id='word_1_1997' title='bbox 2049 3346 2093 3370; x_wconf 88' lang='lat'>40.</span> <span class='ocrx_word' id='word_1_1998' title='bbox 2130 3337 2204 3398; x_wconf 60' lang='lat' dir='ltr'>Idem</span> 
     </span>
    </p>

    <p class='ocr_par' dir='ltr' id='par_1_75' title="bbox 1159 3370 2204 3545">
     <span class='ocr_line' id='line_1_203' title="bbox 1552 3370 2204 3399; baseline -0.006 3"><span class='ocrx_word' id='word_1_1999' title='bbox 1552 3370 1558 3374; x_wconf 62' lang='grc'><strong>’</strong></span> <span class='ocrx_word' id='word_1_2000' title='bbox 2011 3373 2068 3399; x_wconf 86' lang='lat' dir='ltr'>Cic.</span> <span class='ocrx_word' id='word_1_2001' title='bbox 2081 3373 2109 3398; x_wconf 86' lang='lat' dir='ltr'>in</span> <span class='ocrx_word' id='word_1_2002' title='bbox 2123 3372 2182 3398; x_wconf 85' lang='lat' dir='ltr'>Cati</span> <span class='ocrx_word' id='word_1_2003' title='bbox 2196 3391 2204 3398; x_wconf 88' lang='lat'>.</span> 
     </span>
     <span class='ocr_line' id='line_1_204' title="bbox 1163 3405 2203 3440; baseline -0.002 -5"><span class='ocrx_word' id='word_1_2004' title='bbox 1163 3416 1184 3440; x_wconf 91' lang='lat'>1,</span> <span class='ocrx_word' id='word_1_2005' title='bbox 1199 3416 1208 3434; x_wconf 92' lang='lat'>1</span> <span class='ocrx_word' id='word_1_2006' title='bbox 1229 3407 1405 3436; x_wconf 66' lang='lat' dir='ltr'>Constrictam</span> <span class='ocrx_word' id='word_1_2007' title='bbox 1426 3406 1480 3433; x_wconf 91' lang='lat' dir='ltr'>iam</span> <span class='ocrx_word' id='word_1_2008' title='bbox 1498 3405 1594 3432; x_wconf 87' lang='lat' dir='ltr'>horum</span> <span class='ocrx_word' id='word_1_2009' title='bbox 1614 3405 1736 3432; x_wconf 90' lang='lat' dir='ltr'>omnium</span> <span class='ocrx_word' id='word_1_2010' title='bbox 1756 3406 1916 3434; x_wconf 87' lang='lat' dir='ltr'>conscientia</span> <span class='ocrx_word' id='word_1_2011' title='bbox 1937 3408 2024 3435; x_wconf 84' lang='lat' dir='ltr'>teneri</span> <span class='ocrx_word' id='word_1_2012' title='bbox 2041 3407 2203 3434; x_wconf 88' lang='lat' dir='ltr'>coniuratio-</span> 
     </span>
     <span class='ocr_line' id='line_1_205' title="bbox 1160 3440 2203 3478; baseline -0.001 -7"><span class='ocrx_word' id='word_1_2013' title='bbox 1160 3452 1222 3470; x_wconf 85' lang='lat' dir='ltr'>nem</span> <span class='ocrx_word' id='word_1_2014' title='bbox 1234 3449 1308 3470; x_wconf 88' lang='lat' dir='ltr'>tuam</span> <span class='ocrx_word' id='word_1_2015' title='bbox 1321 3451 1375 3469; x_wconf 89' lang='lat' dir='ltr'>non</span> <span class='ocrx_word' id='word_1_2016' title='bbox 1388 3441 1480 3468; x_wconf 72' lang='lat' dir='ltr'>vides?</span> <span class='ocrx_word' id='word_1_2017' title='bbox 1527 3441 1600 3467; x_wconf 89' lang='lat' dir='ltr'>Idem</span> <span class='ocrx_word' id='word_1_2018' title='bbox 1614 3440 1646 3467; x_wconf 86' lang='lat' dir='ltr'>de</span> <span class='ocrx_word' id='word_1_2019' title='bbox 1654 3440 1712 3468; x_wconf 87' lang='lat' dir='ltr'>Fin.</span> <span class='ocrx_word' id='word_1_2020' title='bbox 1728 3449 1748 3474; x_wconf 88' lang='grc'>1,</span> <span class='ocrx_word' id='word_1_2021' title='bbox 1757 3448 1782 3473; x_wconf 78' lang='grc' dir='ltr'>ςι</span> <span class='ocrx_word' id='word_1_2022' title='bbox 1800 3450 1822 3469; x_wconf 92' lang='lat' dir='ltr'>e.</span> <span class='ocrx_word' id='word_1_2023' title='bbox 1836 3445 1865 3470; x_wconf 90' lang='lat'>16</span> <span class='ocrx_word' id='word_1_2024' title='bbox 1895 3444 1976 3477; x_wconf 70' lang='lat' dir='ltr'>Quod</span> <span class='ocrx_word' id='word_1_2025' title='bbox 1990 3443 2008 3469; x_wconf 82' lang='lat' dir='ltr'>si</span> <span class='ocrx_word' id='word_1_2026' title='bbox 2021 3443 2068 3478; x_wconf 89' lang='lat' dir='ltr'>qui</span> <span class='ocrx_word' id='word_1_2027' title='bbox 2079 3442 2139 3469; x_wconf 84' lang='lat' dir='ltr'>satis</span> <span class='ocrx_word' id='word_1_2028' title='bbox 2153 3442 2203 3470; x_wconf 80' lang='lat' dir='ltr'>fibi</span> 
     </span>
     <span class='ocr_line' id='line_1_206' title="bbox 1161 3475 2202 3512; baseline -0.003 -6"><span class='ocrx_word' id='word_1_2029' title='bbox 1161 3485 1251 3506; x_wconf 86' lang='lat' dir='ltr'>contra</span> <span class='ocrx_word' id='word_1_2030' title='bbox 1270 3477 1456 3506; x_wconf 87' lang='lat' dir='ltr'>conscientiam</span> <span class='ocrx_word' id='word_1_2031' title='bbox 1474 3476 1617 3504; x_wconf 86' lang='lat' dir='ltr'>hominum</span> <span class='ocrx_word' id='word_1_2032' title='bbox 1636 3475 1734 3511; x_wconf 84' lang='lat' dir='ltr'>opibus</span> <span class='ocrx_word' id='word_1_2033' title='bbox 1749 3477 1815 3512; x_wconf 87' lang='lat' dir='ltr'>septi</span> <span class='ocrx_word' id='word_1_2034' title='bbox 1828 3484 1854 3505; x_wconf 86' lang='lat' dir='ltr'>et</span> <span class='ocrx_word' id='word_1_2035' title='bbox 1871 3479 1968 3505; x_wconf 88' lang='lat' dir='ltr'>muniti</span> <span class='ocrx_word' id='word_1_2036' title='bbox 1983 3478 2120 3510; x_wconf 85' lang='lat' dir='ltr'>videntur,</span> <span class='ocrx_word' id='word_1_2037' title='bbox 2139 3478 2202 3504; x_wconf 84' lang='lat' dir='ltr'>deo-</span> 
     </span>
     <span class='ocr_line' id='line_1_207' title="bbox 1159 3512 2201 3545; baseline -0.002 -3"><span class='ocrx_word' id='word_1_2038' title='bbox 1159 3523 1218 3542; x_wconf 81' lang='lat' dir='ltr'>rum</span> <span class='ocrx_word' id='word_1_2039' title='bbox 1233 3521 1321 3542; x_wconf 86' lang='lat' dir='ltr'>tamen</span> <span class='ocrx_word' id='word_1_2040' title='bbox 1339 3513 1459 3540; x_wconf 86' lang='lat' dir='ltr'>horrent.</span> <span class='ocrx_word' id='word_1_2041' title='bbox 1530 3512 1621 3538; x_wconf 88' lang='lat' dir='ltr'>Tacit.</span> <span class='ocrx_word' id='word_1_2042' title='bbox 1634 3512 1701 3539; x_wconf 85' lang='lat' dir='ltr'>Ann.</span> <span class='ocrx_word' id='word_1_2043' title='bbox 1714 3521 1748 3545; x_wconf 81' lang='grc'>13,</span> <span class='ocrx_word' id='word_1_2044' title='bbox 1761 3521 1790 3540; x_wconf 78' lang='lat'>12</span> <span class='ocrx_word' id='word_1_2045' title='bbox 1829 3514 1953 3541; x_wconf 79' lang='lat' dir='ltr'>Affumtis</span> <span class='ocrx_word' id='word_1_2046' title='bbox 1967 3514 1994 3540; x_wconf 91' lang='lat' dir='ltr'>in</span> <span class='ocrx_word' id='word_1_2047' title='bbox 2014 3513 2201 3540; x_wconf 84' lang='lat' dir='ltr'>conscientiam</span> 
     </span>
    </p>
   </div>
   <div class='ocr_carea' id='block_1_66' title="bbox 63 3541 2200 3585">
    <p class='ocr_par' dir='ltr' id='par_1_76' title="bbox 63 3541 2200 3585">
     <span class='ocr_line' id='line_1_208' title="bbox 63 3541 2200 3585; baseline -0.001 -8"><span class='ocrx_word' id='word_1_2048' title='bbox 63 3543 221 3577; x_wconf 70' lang='lat' dir='ltr'>Q¹³¹¹q¹¹³¹¹²</span> <span class='ocrx_word' id='word_1_2049' title='bbox 233 3544 293 3570; x_wconf 61' lang='lat' dir='ltr'>iura</span> <span class='ocrx_word' id='word_1_2050' title='bbox 307 3541 388 3570; x_wconf 59' lang='lat' dir='ltr'>defun</span> <span class='ocrx_word' id='word_1_2051' title='bbox 397 3564 405 3576; x_wconf 64' lang='grc' dir='ltr'><strong><em>ν</em></strong></span> <span class='ocrx_word' id='word_1_2052' title='bbox 424 3543 490 3570; x_wconf 55' lang='lat' dir='ltr'>steri</span> <span class='ocrx_word' id='word_1_2053' title='bbox 509 3542 558 3569; x_wconf 61' lang='lat' dir='ltr'>fibi</span> <span class='ocrx_word' id='word_1_2054' title='bbox 580 3545 682 3571; x_wconf 62' lang='lat' dir='ltr'>conseia</span> <span class='ocrx_word' id='word_1_2055' title='bbox 698 3544 768 3580; x_wconf 56' lang='grc' dir='ltr'>Ρᾶξὶί</span> <span class='ocrx_word' id='word_1_2056' title='bbox 808 3544 924 3579; x_wconf 63' lang='grc' dir='ltr'>Κθιιῑὲἰῡ</span> <span class='ocrx_word' id='word_1_2057' title='bbox 935 3565 943 3578; x_wconf 74' lang='lat'>⁵</span> <span class='ocrx_word' id='word_1_2058' title='bbox 960 3544 1098 3578; x_wconf 58' lang='lat' dir='ltr'>dnldsque</span> <span class='ocrx_word' id='word_1_2059' title='bbox 1117 3552 1151 3578; x_wconf 74' lang='lat'>95</span> <span class='ocrx_word' id='word_1_2060' title='bbox 1159 3550 1266 3578; x_wconf 88' lang='lat' dir='ltr'>Othone</span> <span class='ocrx_word' id='word_1_2061' title='bbox 1273 3556 1298 3576; x_wconf 89' lang='lat' dir='ltr'>et</span> <span class='ocrx_word' id='word_1_2062' title='bbox 1307 3549 1459 3576; x_wconf 87' lang='lat' dir='ltr'>Senecione.</span> <span class='ocrx_word' id='word_1_2063' title='bbox 1481 3547 1622 3575; x_wconf 82' lang='lat' dir='ltr'>Marcellus</span> <span class='ocrx_word' id='word_1_2064' title='bbox 1636 3548 1665 3574; x_wconf 87' lang='lat' dir='ltr'>in</span> <span class='ocrx_word' id='word_1_2065' title='bbox 1681 3548 1699 3575; x_wconf 92' lang='lat' dir='ltr'>l.</span> <span class='ocrx_word' id='word_1_2066' title='bbox 1717 3549 1812 3576; x_wconf 88' lang='lat' dir='ltr'>Mariti</span> <span class='ocrx_word' id='word_1_2067' title='bbox 1825 3549 1987 3577; x_wconf 85' lang='lat' dir='ltr'>lenocinium</span> <span class='ocrx_word' id='word_1_2068' title='bbox 1999 3546 2102 3585; x_wconf 82' lang='lat' dir='ltr'>§.quod</span> <span class='ocrx_word' id='word_1_2069' title='bbox 2116 3548 2153 3574; x_wconf 89' lang='lat' dir='ltr'>ait</span> <span class='ocrx_word' id='word_1_2070' title='bbox 2167 3549 2200 3575; x_wconf 93' lang='lat' dir='ltr'>D.</span> 
     </span>
    </p>
   </div>
   <div class='ocr_carea' id='block_1_67' title="bbox 61 3579 1100 3719">
    <p class='ocr_par' dir='ltr' id='par_1_77' title="bbox 61 3579 1100 3719">
     <span class='ocr_line' id='line_1_209' title="bbox 62 3579 1099 3614; baseline 0 -10"><span class='ocrx_word' id='word_1_2071' title='bbox 62 3583 173 3605; x_wconf 83' lang='lat' dir='ltr'>mouent</span> <span class='ocrx_word' id='word_1_2072' title='bbox 186 3579 337 3614; x_wconf 85' lang='lat' dir='ltr'>praecordia</span> <span class='ocrx_word' id='word_1_2073' title='bbox 349 3579 448 3606; x_wconf 88' lang='lat' dir='ltr'>taedae.</span> <span class='ocrx_word' id='word_1_2074' title='bbox 518 3579 613 3606; x_wconf 80' lang='lat' dir='ltr'>Catuli.</span> <span class='ocrx_word' id='word_1_2075' title='bbox 627 3582 664 3614; x_wconf 85' lang='lat'>64</span> <span class='ocrx_word' id='word_1_2076' title='bbox 677 3587 742 3606; x_wconf 74' lang='lat' dir='ltr'>extr.</span> <span class='ocrx_word' id='word_1_2077' title='bbox 769 3580 842 3607; x_wconf 84' lang='lat' dir='ltr'>Huic</span> <span class='ocrx_word' id='word_1_2078' title='bbox 855 3587 943 3608; x_wconf 81' lang='lat' dir='ltr'>manat</span> <span class='ocrx_word' id='word_1_2079' title='bbox 954 3580 1024 3607; x_wconf 84' lang='lat' dir='ltr'>tristi</span> <span class='ocrx_word' id='word_1_2080' title='bbox 1037 3588 1099 3606; x_wconf 90' lang='lat' dir='ltr'>con-</span> 
     </span>
     <span class='ocr_line' id='line_1_210' title="bbox 61 3613 1100 3651; baseline 0.002 -11"><span class='ocrx_word' id='word_1_2081' title='bbox 61 3613 130 3641; x_wconf 80' lang='lat' dir='ltr'>scius</span> <span class='ocrx_word' id='word_1_2082' title='bbox 143 3622 191 3640; x_wconf 83' lang='lat' dir='ltr'>ore</span> <span class='ocrx_word' id='word_1_2083' title='bbox 202 3614 308 3646; x_wconf 85' lang='lat' dir='ltr'>Rubor,</span> <span class='ocrx_word' id='word_1_2084' title='bbox 328 3618 347 3641; x_wconf 79' lang='lat' dir='ltr'>i.</span> <span class='ocrx_word' id='word_1_2085' title='bbox 367 3614 530 3651; x_wconf 74' lang='lat' dir='ltr'>conscientiae</span> <span class='ocrx_word' id='word_1_2086' title='bbox 541 3614 615 3641; x_wconf 80' lang='lat' dir='ltr'>index</span> <span class='ocrx_word' id='word_1_2087' title='bbox 627 3622 650 3642; x_wconf 79' lang='lat' dir='ltr'>ct</span> <span class='ocrx_word' id='word_1_2088' title='bbox 662 3615 789 3650; x_wconf 77' lang='lat' dir='ltr'>proditor.</span> <span class='ocrx_word' id='word_1_2089' title='bbox 815 3615 873 3642; x_wconf 76' lang='lat' dir='ltr'>Vid.</span> <span class='ocrx_word' id='word_1_2090' title='bbox 886 3615 990 3642; x_wconf 90' lang='lat' dir='ltr'>Vultus.</span> <span class='ocrx_word' id='word_1_2091' title='bbox 1061 3615 1100 3641; x_wconf 86' lang='lat' dir='ltr'>Si-</span> 
     </span>
     <span class='ocr_line' id='line_1_211' title="bbox 61 3649 1098 3685; baseline 0.001 -9"><span class='ocrx_word' id='word_1_2092' title='bbox 61 3657 113 3684; x_wconf 79' lang='lat' dir='ltr'>gna</span> <span class='ocrx_word' id='word_1_2093' title='bbox 125 3649 227 3676; x_wconf 88' lang='lat' dir='ltr'>conscia</span> <span class='ocrx_word' id='word_1_2094' title='bbox 239 3650 348 3678; x_wconf 77' lang='lat' dir='ltr'>alicuius</span> <span class='ocrx_word' id='word_1_2095' title='bbox 364 3651 404 3678; x_wconf 88' lang='lat' dir='ltr'>rei</span> <span class='ocrx_word' id='word_1_2096' title='bbox 418 3649 499 3677; x_wconf 80' lang='lat' dir='ltr'>Ouid.</span> <span class='ocrx_word' id='word_1_2097' title='bbox 514 3650 605 3677; x_wconf 88' lang='lat' dir='ltr'>Amor.</span> <span class='ocrx_word' id='word_1_2098' title='bbox 619 3659 645 3683; x_wconf 86' lang='lat'>2,</span> <span class='ocrx_word' id='word_1_2099' title='bbox 657 3659 677 3682; x_wconf 91' lang='lat' dir='ltr'>i,</span> <span class='ocrx_word' id='word_1_2100' title='bbox 691 3655 713 3680; x_wconf 82' lang='lat'>8.</span> <span class='ocrx_word' id='word_1_2101' title='bbox 784 3651 861 3677; x_wconf 86' lang='lat' dir='ltr'>Serui</span> <span class='ocrx_word' id='word_1_2102' title='bbox 872 3652 971 3678; x_wconf 87' lang='lat' dir='ltr'>conscii</span> <span class='ocrx_word' id='word_1_2103' title='bbox 983 3651 1039 3678; x_wconf 90' lang='lat' dir='ltr'>Cic.</span> <span class='ocrx_word' id='word_1_2104' title='bbox 1048 3659 1098 3685; x_wconf 89' lang='lat' dir='ltr'>pro</span> 
     </span>
     <span class='ocr_line' id='line_1_212' title="bbox 63 3683 1098 3719; baseline 0 -7"><span class='ocrx_word' id='word_1_2105' title='bbox 63 3684 136 3712; x_wconf 82' lang='lat' dir='ltr'>Cael.</span> <span class='ocrx_word' id='word_1_2106' title='bbox 149 3693 188 3718; x_wconf 68' lang='grc' dir='ltr'>ςι-</span> <span class='ocrx_word' id='word_1_2107' title='bbox 256 3685 410 3713; x_wconf 84' lang='lat' dir='ltr'>Studiorum</span> <span class='ocrx_word' id='word_1_2108' title='bbox 423 3692 449 3713; x_wconf 90' lang='lat' dir='ltr'>et</span> <span class='ocrx_word' id='word_1_2109' title='bbox 462 3683 613 3715; x_wconf 83' lang='lat' dir='ltr'>officiorum</span> <span class='ocrx_word' id='word_1_2110' title='bbox 629 3686 743 3712; x_wconf 82' lang='lat' dir='ltr'>maxime</span> <span class='ocrx_word' id='word_1_2111' title='bbox 757 3687 876 3713; x_wconf 90' lang='lat' dir='ltr'>conscius</span> <span class='ocrx_word' id='word_1_2112' title='bbox 887 3687 944 3714; x_wconf 85' lang='lat' dir='ltr'>Cic.</span> <span class='ocrx_word' id='word_1_2113' title='bbox 958 3689 1029 3715; x_wconf 88' lang='lat' dir='ltr'>Fam.</span> <span class='ocrx_word' id='word_1_2114' title='bbox 1043 3694 1066 3719; x_wconf 77' lang='grc' dir='ltr'>ς,</span> <span class='ocrx_word' id='word_1_2115' title='bbox 1075 3693 1098 3719; x_wconf 79' lang='lat'>5,</span> 
     </span>
    </p>
   </div>
   <div class='ocr_carea' id='block_1_68' title="bbox 1159 3583 2202 3729">
    <p class='ocr_par' dir='ltr' id='par_1_78' title="bbox 1159 3583 2202 3729">
     <span class='ocr_line' id='line_1_213' title="bbox 1160 3583 2201 3622; baseline -0.003 -9"><span class='ocrx_word' id='word_1_2116' title='bbox 1160 3586 1194 3613; x_wconf 86' lang='lat' dir='ltr'>ad</span> <span class='ocrx_word' id='word_1_2117' title='bbox 1206 3586 1290 3622; x_wconf 84' lang='lat' dir='ltr'>legem</span> <span class='ocrx_word' id='word_1_2118' title='bbox 1304 3584 1402 3612; x_wconf 86' lang='lat' dir='ltr'>Iuliani</span> <span class='ocrx_word' id='word_1_2119' title='bbox 1415 3584 1447 3611; x_wconf 87' lang='lat' dir='ltr'>de</span> <span class='ocrx_word' id='word_1_2120' title='bbox 1460 3583 1614 3616; x_wconf 75' lang='lat' dir='ltr'>adulteriis,</span> <span class='ocrx_word' id='word_1_2121' title='bbox 1628 3583 1756 3611; x_wconf 63' lang='lat' dir='ltr'>Flectitur</span> <span class='ocrx_word' id='word_1_2122' title='bbox 1768 3591 1794 3611; x_wconf 90' lang='lat' dir='ltr'>et</span> <span class='ocrx_word' id='word_1_2123' title='bbox 1812 3585 1860 3620; x_wconf 86' lang='lat' dir='ltr'>qui</span> <span class='ocrx_word' id='word_1_2124' title='bbox 1872 3584 1988 3620; x_wconf 87' lang='lat' dir='ltr'>pretium</span> <span class='ocrx_word' id='word_1_2125' title='bbox 2001 3592 2049 3617; x_wconf 89' lang='lat' dir='ltr'>pro</span> <span class='ocrx_word' id='word_1_2126' title='bbox 2063 3590 2201 3618; x_wconf 85' lang='lat' dir='ltr'>comperto</span> 
     </span>
     <span class='ocr_line' id='line_1_214' title="bbox 1160 3619 2201 3657; baseline -0.001 -10"><span class='ocrx_word' id='word_1_2127' title='bbox 1160 3622 1250 3657; x_wconf 85' lang='lat' dir='ltr'>stupro</span> <span class='ocrx_word' id='word_1_2128' title='bbox 1270 3620 1412 3655; x_wconf 74' lang='lat' dir='ltr'>acceperitt</span> <span class='ocrx_word' id='word_1_2129' title='bbox 1450 3628 1499 3645; x_wconf 87' lang='lat' dir='ltr'>nec</span> <span class='ocrx_word' id='word_1_2130' title='bbox 1517 3619 1626 3646; x_wconf 77' lang='lat' dir='ltr'>interest</span> <span class='ocrx_word' id='word_1_2131' title='bbox 1644 3625 1734 3646; x_wconf 86' lang='lat' dir='ltr'>vtrum</span> <span class='ocrx_word' id='word_1_2132' title='bbox 1753 3620 1863 3647; x_wconf 88' lang='lat' dir='ltr'>maritus</span> <span class='ocrx_word' id='word_1_2133' title='bbox 1881 3619 1921 3651; x_wconf 83' lang='lat' dir='ltr'>lit,</span> <span class='ocrx_word' id='word_1_2134' title='bbox 1935 3619 1981 3654; x_wconf 87' lang='lat' dir='ltr'>qui</span> <span class='ocrx_word' id='word_1_2135' title='bbox 2001 3619 2146 3653; x_wconf 84' lang='lat' dir='ltr'>acceperit,</span> <span class='ocrx_word' id='word_1_2136' title='bbox 2166 3628 2201 3646; x_wconf 88' lang='lat' dir='ltr'>an</span> 
     </span>
     <span class='ocr_line' id='line_1_215' title="bbox 1159 3654 2202 3693; baseline -0.008 -9"><span class='ocrx_word' id='word_1_2137' title='bbox 1159 3658 1228 3684; x_wconf 84' lang='lat' dir='ltr'>alius</span> <span class='ocrx_word' id='word_1_2138' title='bbox 1247 3656 1370 3693; x_wconf 88' lang='lat' dir='ltr'>quilibet.</span> <span class='ocrx_word' id='word_1_2139' title='bbox 1389 3655 1542 3690; x_wconf 87' lang='lat' dir='ltr'>quicunque</span> <span class='ocrx_word' id='word_1_2140' title='bbox 1562 3655 1635 3682; x_wconf 91' lang='lat' dir='ltr'>enim</span> <span class='ocrx_word' id='word_1_2141' title='bbox 1653 3655 1689 3683; x_wconf 87' lang='lat' dir='ltr'>ob</span> <span class='ocrx_word' id='word_1_2142' title='bbox 1707 3656 1891 3684; x_wconf 85' lang='lat' dir='ltr'>conscientiam</span> <span class='ocrx_word' id='word_1_2143' title='bbox 1905 3654 1987 3689; x_wconf 83' lang='lat' dir='ltr'>stupri</span> <span class='ocrx_word' id='word_1_2144' title='bbox 2005 3655 2135 3689; x_wconf 84' lang='lat' dir='ltr'>acceperit</span> <span class='ocrx_word' id='word_1_2145' title='bbox 2152 3655 2202 3683; x_wconf 84' lang='lat' dir='ltr'>ali.</span> 
     </span>
     <span class='ocr_line' id='line_1_216' title="bbox 1159 3690 1580 3729; baseline -0.007 -9"><span class='ocrx_word' id='word_1_2146' title='bbox 1159 3694 1224 3729; x_wconf 87' lang='lat' dir='ltr'>quid</span> <span class='ocrx_word' id='word_1_2147' title='bbox 1233 3714 1241 3726; x_wconf 93' lang='lat'>,</span> <span class='ocrx_word' id='word_1_2148' title='bbox 1262 3701 1345 3727; x_wconf 87' lang='lat' dir='ltr'>poena</span> <span class='ocrx_word' id='word_1_2149' title='bbox 1357 3691 1409 3717; x_wconf 86' lang='lat' dir='ltr'>erit</span> <span class='ocrx_word' id='word_1_2150' title='bbox 1420 3690 1580 3725; x_wconf 67' lang='lat' dir='ltr'>piceiendus.</span> 
     </span>
    </p>
   </div>
   <div class='ocr_carea' id='block_1_69' title="bbox 62 3719 1723 3762">
    <p class='ocr_par' dir='ltr' id='par_1_79' title="bbox 62 3719 1723 3762">
     <span class='ocr_line' id='line_1_217' title="bbox 62 3719 1723 3762; baseline 0.004 -14"><span class='ocrx_word' id='word_1_2151' title='bbox 62 3719 228 3748; x_wconf 86' lang='lat' dir='ltr'>Temeritati</span> <span class='ocrx_word' id='word_1_2152' title='bbox 251 3725 278 3746; x_wconf 84' lang='lat' dir='ltr'>et</span> <span class='ocrx_word' id='word_1_2153' title='bbox 301 3722 439 3749; x_wconf 85' lang='lat' dir='ltr'>mendacio</span> <span class='ocrx_word' id='word_1_2154' title='bbox 464 3721 575 3748; x_wconf 88' lang='lat' dir='ltr'>alicuius</span> <span class='ocrx_word' id='word_1_2155' title='bbox 600 3722 734 3749; x_wconf 88' lang='lat' dir='ltr'>conscium</span> <span class='ocrx_word' id='word_1_2156' title='bbox 753 3722 801 3748; x_wconf 77' lang='lat' dir='ltr'>esse</span> <span class='ocrx_word' id='word_1_2157' title='bbox 825 3722 897 3749; x_wconf 84' lang='lat' dir='ltr'>Idem</span> <span class='ocrx_word' id='word_1_2158' title='bbox 911 3724 987 3751; x_wconf 86' lang='lat' dir='ltr'>Vei-r.</span> <span class='ocrx_word' id='word_1_2159' title='bbox 1001 3731 1029 3755; x_wconf 88' lang='lat'>4,</span> <span class='ocrx_word' id='word_1_2160' title='bbox 1044 3730 1151 3755; x_wconf 84' lang='lat'>124.100</span> <span class='ocrx_word' id='word_1_2161' title='bbox 1194 3737 1211 3757; x_wconf 83' lang='lat' dir='ltr'>c</span> <span class='ocrx_word' id='word_1_2162' title='bbox 1220 3736 1239 3756; x_wconf 92' lang='lat'><em>0</em></span> <span class='ocrx_word' id='word_1_2163' title='bbox 1249 3736 1269 3755; x_wconf 86' lang='grc' dir='ltr'>Ν</span> <span class='ocrx_word' id='word_1_2164' title='bbox 1278 3735 1290 3754; x_wconf 89' lang='lat' dir='ltr'>s</span> <span class='ocrx_word' id='word_1_2165' title='bbox 1299 3734 1316 3754; x_wconf 86' lang='lat' dir='ltr'>c</span> <span class='ocrx_word' id='word_1_2166' title='bbox 1325 3734 1372 3753; x_wconf 80' lang='lat' dir='ltr'>OR</span> <span class='ocrx_word' id='word_1_2167' title='bbox 1381 3734 1402 3753; x_wconf 89' lang='grc' dir='ltr'><strong>Τ</strong></span> <span class='ocrx_word' id='word_1_2168' title='bbox 1412 3733 1431 3753; x_wconf 88' lang='grc'>0</span> <span class='ocrx_word' id='word_1_2169' title='bbox 1440 3733 1473 3757; x_wconf 80' lang='lat' dir='ltr'>R,</span> <span class='ocrx_word' id='word_1_2170' title='bbox 1497 3727 1546 3753; x_wconf 67' lang='lat' dir='ltr'>ari.</span> <span class='ocrx_word' id='word_1_2171' title='bbox 1584 3727 1723 3762; x_wconf 71' lang='lat' dir='ltr'>augustin.</span> 
     </span>
    </p>
   </div>
   <div class='ocr_carea' id='block_1_70' title="bbox 63 3757 1096 3899">
    <p class='ocr_par' dir='ltr' id='par_1_80' title="bbox 63 3757 1096 3899">
     <span class='ocr_line' id='line_1_218' title="bbox 987 3757 1096 3784; baseline -0.018 0"><span class='ocrx_word' id='word_1_2172' title='bbox 987 3758 1018 3784; x_wconf 92' lang='lat' dir='ltr'>T</span> <span class='ocrx_word' id='word_1_2173' title='bbox 1020 3757 1096 3784; x_wconf 89' lang='lat' dir='ltr'>ibull.</span> 
     </span>
     <span class='ocr_line' id='line_1_219' title="bbox 926 3793 1096 3821; baseline -0.012 0"><span class='ocrx_word' id='word_1_2174' title='bbox 926 3793 1022 3821; x_wconf 90' lang='lat' dir='ltr'>Vultus</span> <span class='ocrx_word' id='word_1_2175' title='bbox 1034 3801 1096 3820; x_wconf 67' lang='lat' dir='ltr'>con÷</span> 
     </span>
     <span class='ocr_line' id='line_1_220' title="bbox 63 3825 1095 3861; baseline 0.004 -9"><span class='ocrx_word' id='word_1_2176' title='bbox 63 3825 129 3859; x_wconf 81' lang='lat' dir='ltr'>scii,</span> <span class='ocrx_word' id='word_1_2177' title='bbox 147 3832 178 3852; x_wconf 73' lang='lat' dir='ltr'>vc</span> <span class='ocrx_word' id='word_1_2178' title='bbox 188 3825 281 3854; x_wconf 84' lang='lat' dir='ltr'>Rubor</span> <span class='ocrx_word' id='word_1_2179' title='bbox 299 3826 356 3854; x_wconf 83' lang='lat' dir='ltr'>Sen.</span> <span class='ocrx_word' id='word_1_2180' title='bbox 370 3828 449 3856; x_wconf 82' lang='lat' dir='ltr'>Herc.</span> <span class='ocrx_word' id='word_1_2181' title='bbox 465 3829 518 3856; x_wconf 87' lang='lat' dir='ltr'>fur.</span> <span class='ocrx_word' id='word_1_2182' title='bbox 531 3832 590 3861; x_wconf 86' lang='lat'>692.</span> <span class='ocrx_word' id='word_1_2183' title='bbox 627 3830 667 3856; x_wconf 85' lang='lat' dir='ltr'>Sic</span> <span class='ocrx_word' id='word_1_2184' title='bbox 684 3829 744 3855; x_wconf 80' lang='lat' dir='ltr'>Vox</span> <span class='ocrx_word' id='word_1_2185' title='bbox 762 3829 863 3855; x_wconf 84' lang='lat' dir='ltr'>conseia</span> <span class='ocrx_word' id='word_1_2186' title='bbox 877 3829 994 3856; x_wconf 86' lang='lat' dir='ltr'>Martial.</span> <span class='ocrx_word' id='word_1_2187' title='bbox 1008 3837 1040 3861; x_wconf 94' lang='lat' dir='ltr'>ii,</span> <span class='ocrx_word' id='word_1_2188' title='bbox 1053 3831 1095 3856; x_wconf 87' lang='lat'>62.</span> 
     </span>
     <span class='ocr_line' id='line_1_221' title="bbox 63 3860 1096 3899; baseline 0.004 -12"><span class='ocrx_word' id='word_1_2189' title='bbox 63 3860 147 3888; x_wconf 80' lang='lat' dir='ltr'>Plaiit.</span> <span class='ocrx_word' id='word_1_2190' title='bbox 160 3861 246 3888; x_wconf 86' lang='lat' dir='ltr'>True.</span> <span class='ocrx_word' id='word_1_2191' title='bbox 267 3870 288 3895; x_wconf 85' lang='grc'>1,</span> <span class='ocrx_word' id='word_1_2192' title='bbox 307 3871 329 3894; x_wconf 78' lang='lat' dir='ltr'>i,</span> <span class='ocrx_word' id='word_1_2193' title='bbox 344 3872 382 3898; x_wconf 89' lang='lat'>40</span> <span class='ocrx_word' id='word_1_2194' title='bbox 418 3866 493 3898; x_wconf 71' lang='lat' dir='ltr'>Quos</span> <span class='ocrx_word' id='word_1_2195' title='bbox 516 3874 598 3899; x_wconf 88' lang='lat' dir='ltr'>quum</span> <span class='ocrx_word' id='word_1_2196' title='bbox 622 3864 753 3897; x_wconf 78' lang='lat' dir='ltr'>celamus,</span> <span class='ocrx_word' id='word_1_2197' title='bbox 773 3864 806 3890; x_wconf 80' lang='lat' dir='ltr'>fic</span> <span class='ocrx_word' id='word_1_2198' title='bbox 836 3864 946 3891; x_wconf 84' lang='lat' dir='ltr'>facimus</span> <span class='ocrx_word' id='word_1_2199' title='bbox 970 3864 1096 3892; x_wconf 78' lang='lat' dir='ltr'>conscios.</span> 
     </span>
    </p>
   </div>
   <div class='ocr_carea' id='block_1_71' title="bbox 63 3754 917 3793">
    <p class='ocr_par' dir='ltr' id='par_1_81' title="bbox 63 3754 917 3793">
     <span class='ocr_line' id='line_1_222' title="bbox 63 3754 917 3793; baseline 0.001 -10"><span class='ocrx_word' id='word_1_2200' title='bbox 63 3755 180 3790; x_wconf 86' lang='lat' dir='ltr'>Templa</span> <span class='ocrx_word' id='word_1_2201' title='bbox 191 3754 253 3782; x_wconf 88' lang='lat' dir='ltr'>Stat.</span> <span class='ocrx_word' id='word_1_2202' title='bbox 265 3755 355 3784; x_wconf 82' lang='lat' dir='ltr'>Theb.</span> <span class='ocrx_word' id='word_1_2203' title='bbox 373 3763 396 3791; x_wconf 84' lang='lat'>8,</span> <span class='ocrx_word' id='word_1_2204' title='bbox 410 3759 471 3785; x_wconf 82' lang='lat'>206.</span> <span class='ocrx_word' id='word_1_2205' title='bbox 489 3760 515 3783; x_wconf 84' lang='lat' dir='ltr'>in</span> <span class='ocrx_word' id='word_1_2206' title='bbox 529 3757 616 3792; x_wconf 82' lang='lat' dir='ltr'>quibus</span> <span class='ocrx_word' id='word_1_2207' title='bbox 626 3757 726 3793; x_wconf 75' lang='lat' dir='ltr'>aliquid</span> <span class='ocrx_word' id='word_1_2208' title='bbox 735 3756 917 3792; x_wconf 54' lang='lat' dir='ltr'>perabium‘gsi.</span> 
     </span>
    </p>
   </div>
   <div class='ocr_carea' id='block_1_72' title="bbox 63 3895 1280 3942">
    <p class='ocr_par' dir='ltr' id='par_1_82' title="bbox 63 3895 1280 3942">
     <span class='ocr_line' id='line_1_223' title="bbox 63 3895 1280 3942; baseline 0.006 -17"><span class='ocrx_word' id='word_1_2209' title='bbox 63 3895 137 3925; x_wconf 74' lang='lat' dir='ltr'>Idem</span> <span class='ocrx_word' id='word_1_2210' title='bbox 149 3895 213 3929; x_wconf 80' lang='lat' dir='ltr'>Cist.</span> <span class='ocrx_word' id='word_1_2211' title='bbox 225 3905 252 3931; x_wconf 87' lang='lat'>2,</span> <span class='ocrx_word' id='word_1_2212' title='bbox 264 3906 288 3932; x_wconf 84' lang='grc'>3,</span> <span class='ocrx_word' id='word_1_2213' title='bbox 299 3900 336 3932; x_wconf 83' lang='lat'>46</span> <span class='ocrx_word' id='word_1_2214' title='bbox 354 3905 411 3929; x_wconf 74' lang='grc' dir='ltr'>ΜΕ.</span> <span class='ocrx_word' id='word_1_2215' title='bbox 426 3900 470 3932; x_wconf 85' lang='lat' dir='ltr'>Me</span> <span class='ocrx_word' id='word_1_2216' title='bbox 483 3900 628 3934; x_wconf 82' lang='lat' dir='ltr'>indicauit,</span> <span class='ocrx_word' id='word_1_2217' title='bbox 641 3907 667 3929; x_wconf 88' lang='lat' dir='ltr'>et</span> <span class='ocrx_word' id='word_1_2218' title='bbox 680 3901 736 3929; x_wconf 82' lang='lat' dir='ltr'>suas</span> <span class='ocrx_word' id='word_1_2219' title='bbox 748 3900 781 3929; x_wconf 85' lang='lat' dir='ltr'>ad</span> <span class='ocrx_word' id='word_1_2220' title='bbox 794 3909 866 3930; x_wconf 84' lang='lat' dir='ltr'>meas</span> <span class='ocrx_word' id='word_1_2221' title='bbox 880 3900 997 3931; x_wconf 77' lang='lat' dir='ltr'>miserias</span> <span class='ocrx_word' id='word_1_2222' title='bbox 1008 3899 1148 3942; x_wconf 75' lang='lat' dir='ltr'>addet-105</span> <span class='ocrx_word' id='word_1_2223' title='bbox 1155 3905 1280 3942; x_wconf 81' lang='lat' dir='ltr'>gloriose.</span> 
     </span>
    </p>
   </div>
   <div class='ocr_carea' id='block_1_73' title="bbox 1156 3761 2199 3907">
    <p class='ocr_par' dir='ltr' id='par_1_83' title="bbox 1156 3761 2199 3907">
     <span class='ocr_line' id='line_1_224' title="bbox 1193 3761 1789 3795; baseline -0.005 -4"><span class='ocrx_word' id='word_1_2224' title='bbox 1193 3768 1538 3795; x_wconf 80' lang='lat' dir='ltr'>CONSCORTATOR‚</span> <span class='ocrx_word' id='word_1_2225' title='bbox 1557 3763 1621 3789; x_wconf 74' lang='lat' dir='ltr'>oris.</span> <span class='ocrx_word' id='word_1_2226' title='bbox 1643 3772 1678 3789; x_wconf 90' lang='lat' dir='ltr'>m.</span> <span class='ocrx_word' id='word_1_2227' title='bbox 1715 3761 1789 3788; x_wconf 84' lang='lat' dir='ltr'>idem</span> 
     </span>
     <span class='ocr_line' id='line_1_225' title="bbox 1193 3791 2199 3830; baseline -0.003 -5"><span class='ocrx_word' id='word_1_2228' title='bbox 1193 3806 1211 3826; x_wconf 91' lang='lat' dir='ltr'>c</span> <span class='ocrx_word' id='word_1_2229' title='bbox 1223 3805 1242 3826; x_wconf 96' lang='lat' dir='ltr'>o</span> <span class='ocrx_word' id='word_1_2230' title='bbox 1253 3803 1428 3825; x_wconf 63' lang='lat' dir='ltr'>uscneon</span> <span class='ocrx_word' id='word_1_2231' title='bbox 1443 3817 1452 3830; x_wconf 88' lang='lat'>,</span> <span class='ocrx_word' id='word_1_2232' title='bbox 1471 3798 1520 3824; x_wconf 76' lang='lat' dir='ltr'>ari.</span> <span class='ocrx_word' id='word_1_2233' title='bbox 1555 3799 1637 3824; x_wconf 80' lang='lat' dir='ltr'>Plaut.</span> <span class='ocrx_word' id='word_1_2234' title='bbox 1658 3799 1724 3824; x_wconf 84' lang='lat' dir='ltr'>Pers.</span> <span class='ocrx_word' id='word_1_2235' title='bbox 1745 3806 1768 3829; x_wconf 87' lang='lat'>²,</span> <span class='ocrx_word' id='word_1_2236' title='bbox 1782 3804 1804 3829; x_wconf 73' lang='grc' dir='ltr'>ς,</span> <span class='ocrx_word' id='word_1_2237' title='bbox 1817 3802 1835 3830; x_wconf 88' lang='grc'>7</span> <span class='ocrx_word' id='word_1_2238' title='bbox 1864 3791 2006 3828; x_wconf 80' lang='lat' dir='ltr'>Magnifice</span> <span class='ocrx_word' id='word_1_2239' title='bbox 2024 3794 2199 3823; x_wconf 75' lang='lat' dir='ltr'>consti-cabet-</span> 
     </span>
     <span class='ocr_line' id='line_1_226' title="bbox 1156 3829 2197 3897; baseline -0.006 -36"><span class='ocrx_word' id='word_1_2240' title='bbox 1156 3833 1190 3897; x_wconf 57' lang='lat' dir='ltr'>{fl</span> <span class='ocrx_word' id='word_1_2241' title='bbox 1203 3838 1269 3861; x_wconf 81' lang='lat' dir='ltr'>inter</span> <span class='ocrx_word' id='word_1_2242' title='bbox 1288 3832 1434 3860; x_wconf 65' lang='lat' dir='ltr'>iaHawadi</span> <span class='ocrx_word' id='word_1_2243' title='bbox 1453 3841 1475 3860; x_wconf 77' lang='lat' dir='ltr'>et</span> <span class='ocrx_word' id='word_1_2244' title='bbox 1493 3835 1622 3870; x_wconf 76' lang='lat' dir='ltr'>gloriosuli</span> <span class='ocrx_word' id='word_1_2245' title='bbox 1639 3834 1746 3860; x_wconf 69' lang='lat' dir='ltr'>hominis</span> <span class='ocrx_word' id='word_1_2246' title='bbox 1763 3830 1844 3868; x_wconf 69' lang='lat' dir='ltr'>gestus</span> <span class='ocrx_word' id='word_1_2247' title='bbox 1852 3849 1861 3862; x_wconf 93' lang='lat'>‚</span> <span class='ocrx_word' id='word_1_2248' title='bbox 1883 3837 1913 3855; x_wconf 79' lang='lat' dir='ltr'>vt</span> <span class='ocrx_word' id='word_1_2249' title='bbox 1925 3829 1966 3860; x_wconf 81' lang='lat' dir='ltr'>td,</span> <span class='ocrx_word' id='word_1_2250' title='bbox 1978 3831 2044 3866; x_wconf 79' lang='lat' dir='ltr'>quod</span> <span class='ocrx_word' id='word_1_2251' title='bbox 2059 3829 2197 3867; x_wconf 50' lang='lat' dir='ltr'>praecellit,</span> 
     </span>
     <span class='ocr_line' id='line_1_227' title="bbox 1175 3864 2198 3907; baseline -0.003 -10"><span class='ocrx_word' id='word_1_2252' title='bbox 1175 3869 1280 3897; x_wconf 86' lang='lat' dir='ltr'>ubnixis</span> <span class='ocrx_word' id='word_1_2253' title='bbox 1298 3869 1346 3895; x_wconf 85' lang='lat' dir='ltr'>alis</span> <span class='ocrx_word' id='word_1_2254' title='bbox 1358 3877 1400 3896; x_wconf 84' lang='lat' dir='ltr'>me</span> <span class='ocrx_word' id='word_1_2255' title='bbox 1420 3869 1534 3897; x_wconf 86' lang='lat' dir='ltr'>inseram</span> <span class='ocrx_word' id='word_1_2256' title='bbox 1541 3889 1551 3904; x_wconf 93' lang='lat'>,</span> <span class='ocrx_word' id='word_1_2257' title='bbox 1564 3876 1642 3905; x_wconf 87' lang='lat' dir='ltr'>atque</span> <span class='ocrx_word' id='word_1_2258' title='bbox 1654 3867 1786 3897; x_wconf 77' lang='lat' dir='ltr'>amicibor</span> <span class='ocrx_word' id='word_1_2259' title='bbox 1799 3864 1908 3900; x_wconf 70' lang='lat' dir='ltr'>(vestem</span> <span class='ocrx_word' id='word_1_2260' title='bbox 1920 3865 1984 3907; x_wconf 48' lang='lat' dir='ltr'>mibi</span> <span class='ocrx_word' id='word_1_2261' title='bbox 1994 3865 2198 3901; x_wconf 61' lang='lat' dir='ltr'>circumponam)</span> 
     </span>
    </p>
   </div>
   <div class='ocr_carea' id='block_1_74' title="bbox 1308 3938 2193 3974">
    <p class='ocr_par' dir='ltr' id='par_1_84' title="bbox 1308 3938 2193 3974">
     <span class='ocr_line' id='line_1_228' title="bbox 1308 3938 2193 3974; baseline -0.014 -3"><span class='ocrx_word' id='word_1_2262' title='bbox 1308 3939 1373 3974; x_wconf 82' lang='lat' dir='ltr'>7H</span> <span class='ocrx_word' id='word_1_2263' title='bbox 1408 3947 1426 3972; x_wconf 70' lang='lat' dir='ltr'>a</span> <span class='ocrx_word' id='word_1_2264' title='bbox 2099 3938 2193 3961; x_wconf 70' lang='lat' dir='ltr'>eou-</span> 
     </span>
    </p>
   </div>
  </div>
 </body>
</html>
