<?xml version="1.0" encoding="UTF-8"?>
<!DOCTYPE html PUBLIC "-//W3C//DTD XHTML 1.0 Transitional//EN"
    "http://www.w3.org/TR/xhtml1/DTD/xhtml1-transitional.dtd">
<html xmlns="http://www.w3.org/1999/xhtml" xml:lang="en" lang="en">
 <head>
  <title>
</title>
<meta http-equiv="Content-Type" content="text/html;charset=utf-8" />
  <meta name='ocr-system' content='tesseract 3.04.00' />
  <meta name='ocr-capabilities' content='ocr_page ocr_carea ocr_par ocr_line ocrx_word'/>
</head>
<body>
  <div class='ocr_page' id='page_1' title='image "./novuslinguaeeter01gesn_0346.png"; bbox 0 0 2474 4182; ppageno 0'>
   <div class='ocr_carea' id='block_1_1' title="bbox 2429 0 2462 95">
    <p class='ocr_par' dir='ltr' id='par_1_1' title="bbox 2429 0 2462 95">
     <span class='ocr_line' id='line_1_1' title="bbox 2429 0 2462 95; baseline 0 0"><span class='ocrx_word' id='word_1_1' title='bbox 2429 30 2433 39; x_wconf 87' lang='lat'><em>·</em></span> <span class='ocrx_word' id='word_1_2' title='bbox 2456 0 2462 95; x_wconf 63' lang='lat' dir='ltr'>l</span> 
     </span>
    </p>
   </div>
   <div class='ocr_carea' id='block_1_2' title="bbox 306 106 2460 198">
    <p class='ocr_par' dir='ltr' id='par_1_2' title="bbox 306 106 2460 198">
     <span class='ocr_line' id='line_1_2' title="bbox 306 106 2460 198; baseline 0.006 -19"><span class='ocrx_word' id='word_1_3' title='bbox 306 147 376 196; x_wconf 81' lang='lat'>587</span> <span class='ocrx_word' id='word_1_4' title='bbox 718 138 748 178; x_wconf 90' lang='lat' dir='ltr'>B</span> <span class='ocrx_word' id='word_1_5' title='bbox 811 137 851 177; x_wconf 77' lang='grc' dir='ltr'><strong>Α</strong></span> <span class='ocrx_word' id='word_1_6' title='bbox 917 135 950 175; x_wconf 89' lang='lat' dir='ltr'>R</span> <span class='ocrx_word' id='word_1_7' title='bbox 1820 129 1850 170; x_wconf 89' lang='grc' dir='ltr'><strong>Β</strong></span> <span class='ocrx_word' id='word_1_8' title='bbox 1911 130 1951 170; x_wconf 87' lang='lat' dir='ltr'>A</span> <span class='ocrx_word' id='word_1_9' title='bbox 2013 131 2045 171; x_wconf 86' lang='lat' dir='ltr'>R</span> <span class='ocrx_word' id='word_1_10' title='bbox 2376 106 2460 198; x_wconf 48' lang='grc' dir='ltr'>588ῑῖ</span> 
     </span>
    </p>
   </div>
   <div class='ocr_carea' id='block_1_3' title="bbox 299 219 2474 622">
    <p class='ocr_par' dir='ltr' id='par_1_3' title="bbox 299 219 2474 622">
     <span class='ocr_line' id='line_1_3' title="bbox 307 219 2453 264; baseline -0.002 -9"><span class='ocrx_word' id='word_1_11' title='bbox 307 239 347 263; x_wconf 89' lang='lat'>10,</span> <span class='ocrx_word' id='word_1_12' title='bbox 360 234 411 263; x_wconf 81' lang='lat'><strong>838·</strong></span> <span class='ocrx_word' id='word_1_13' title='bbox 447 229 478 257; x_wconf 87' lang='lat' dir='ltr'>In</span> <span class='ocrx_word' id='word_1_14' title='bbox 492 229 614 264; x_wconf 59' lang='lat' dir='ltr'>ptam-e,</span> <span class='ocrx_word' id='word_1_15' title='bbox 628 234 675 262; x_wconf 83' lang='lat' dir='ltr'>pro</span> <span class='ocrx_word' id='word_1_16' title='bbox 690 228 720 253; x_wconf 88' lang='lat' dir='ltr'>In</span> <span class='ocrx_word' id='word_1_17' title='bbox 736 224 835 260; x_wconf 65' lang='lat' dir='ltr'>petitus,</span> <span class='ocrx_word' id='word_1_18' title='bbox 849 224 1017 252; x_wconf 84' lang='lat' dir='ltr'>Archaismus</span> <span class='ocrx_word' id='word_1_19' title='bbox 1030 225 1074 252; x_wconf 77' lang='lat' dir='ltr'>est.</span> <span class='ocrx_word' id='word_1_20' title='bbox 1109 224 1225 252; x_wconf 80' lang='lat' dir='ltr'>Seruius.</span> <span class='ocrx_word' id='word_1_21' title='bbox 1263 221 1307 249; x_wconf 84' lang='lat' dir='ltr'>Sil.</span> <span class='ocrx_word' id='word_1_22' title='bbox 1319 229 1354 254; x_wconf 79' lang='lat'>13,</span> <span class='ocrx_word' id='word_1_23' title='bbox 1406 229 1472 248; x_wconf 79' lang='lat' dir='ltr'>more</span> <span class='ocrx_word' id='word_1_24' title='bbox 1483 239 1490 251; x_wconf 90' lang='lat'>,</span> <span class='ocrx_word' id='word_1_25' title='bbox 1510 223 1553 256; x_wconf 83' lang='lat' dir='ltr'>qui</span> <span class='ocrx_word' id='word_1_26' title='bbox 1564 219 1625 247; x_wconf 83' lang='lat' dir='ltr'>bella</span> <span class='ocrx_word' id='word_1_27' title='bbox 1637 224 1691 247; x_wconf 73' lang='lat' dir='ltr'>cum</span> <span class='ocrx_word' id='word_1_28' title='bbox 1703 220 1744 247; x_wconf 77' lang='lat' dir='ltr'>bis</span> <span class='ocrx_word' id='word_1_29' title='bbox 1751 225 1873 256; x_wconf 80' lang='lat' dir='ltr'>perpetua</span> <span class='ocrx_word' id='word_1_30' title='bbox 1885 219 2009 256; x_wconf 69' lang='lat' dir='ltr'>gerebant.</span> <span class='ocrx_word' id='word_1_31' title='bbox 2044 220 2192 249; x_wconf 80' lang='lat' dir='ltr'>Amazonas</span> <span class='ocrx_word' id='word_1_32' title='bbox 2203 224 2290 251; x_wconf 82' lang='lat' dir='ltr'>itidem</span> <span class='ocrx_word' id='word_1_33' title='bbox 2294 224 2334 259; x_wconf 80' lang='lat' dir='ltr'>fic</span> <span class='ocrx_word' id='word_1_34' title='bbox 2346 229 2453 263; x_wconf 52' lang='lat' dir='ltr'>apponat,</span> 
     </span>
     <span class='ocr_line' id='line_1_4' title="bbox 307 254 2461 301; baseline -0.01 -9"><span class='ocrx_word' id='word_1_35' title='bbox 307 275 352 298; x_wconf 79' lang='lat'>510</span> <span class='ocrx_word' id='word_1_36' title='bbox 379 266 504 301; x_wconf 79' lang='lat' dir='ltr'>Propexis</span> <span class='ocrx_word' id='word_1_37' title='bbox 525 266 553 292; x_wconf 89' lang='lat' dir='ltr'>in</span> <span class='ocrx_word' id='word_1_38' title='bbox 573 263 679 299; x_wconf 72' lang='lat' dir='ltr'>peCmm</span> <span class='ocrx_word' id='word_1_39' title='bbox 704 261 793 288; x_wconf 89' lang='lat' dir='ltr'>barbis</span> <span class='ocrx_word' id='word_1_40' title='bbox 813 269 921 288; x_wconf 84' lang='lat' dir='ltr'>verrere</span> <span class='ocrx_word' id='word_1_41' title='bbox 938 261 1070 288; x_wconf 86' lang='lat' dir='ltr'>humum:</span> <span class='ocrx_word' id='word_1_42' title='bbox 1102 259 1184 298; x_wconf 72' lang='lat' dir='ltr'>gestus</span> <span class='ocrx_word' id='word_1_43' title='bbox 1204 259 1354 297; x_wconf 77' lang='lat' dir='ltr'>supplicum.</span> <span class='ocrx_word' id='word_1_44' title='bbox 1408 257 1483 283; x_wconf 88' lang='lat' dir='ltr'>Curt.</span> <span class='ocrx_word' id='word_1_45' title='bbox 1500 258 1526 296; x_wconf 75' lang='grc'>6,</span> <span class='ocrx_word' id='word_1_46' title='bbox 1539 264 1563 288; x_wconf 87' lang='grc'>5,</span> <span class='ocrx_word' id='word_1_47' title='bbox 1576 264 1619 289; x_wconf 87' lang='lat'>29.</span> <span class='ocrx_word' id='word_1_48' title='bbox 1664 257 1695 283; x_wconf 84' lang='lat' dir='ltr'>In</span> <span class='ocrx_word' id='word_1_49' title='bbox 1710 257 1819 292; x_wconf 71' lang='lat' dir='ltr'>palliata</span> <span class='ocrx_word' id='word_1_50' title='bbox 1833 255 1976 288; x_wconf 73' lang='lat' dir='ltr'><em>Comoedia,</em></span> <span class='ocrx_word' id='word_1_51' title='bbox 1996 254 2026 281; x_wconf 84' lang='lat' dir='ltr'>id</span> <span class='ocrx_word' id='word_1_52' title='bbox 2039 254 2088 290; x_wconf 66' lang='lat' dir='ltr'>est,</span> <span class='ocrx_word' id='word_1_53' title='bbox 2109 258 2256 286; x_wconf 77' lang='lat' dir='ltr'>Graecarum</span> <span class='ocrx_word' id='word_1_54' title='bbox 2272 261 2429 297; x_wconf 68' lang='lat' dir='ltr'>Pfrfhnarum</span> <span class='ocrx_word' id='word_1_55' title='bbox 2452 256 2461 279; x_wconf 61' lang='grc' dir='ltr'><strong>μ</strong></span> 
     </span>
     <span class='ocr_line' id='line_1_5' title="bbox 309 286 2469 332; baseline 0 -4"><span class='ocrx_word' id='word_1_56' title='bbox 309 301 417 329; x_wconf 65' lang='grc' dir='ltr'>Κείεᾶᾶ</span> <span class='ocrx_word' id='word_1_57' title='bbox 435 300 517 328; x_wconf 89' lang='lat' dir='ltr'>Ouid.</span> <span class='ocrx_word' id='word_1_58' title='bbox 534 300 566 326; x_wconf 88' lang='lat' dir='ltr'>de</span> <span class='ocrx_word' id='word_1_59' title='bbox 586 300 650 325; x_wconf 76' lang='lat' dir='ltr'>Arte</span> <span class='ocrx_word' id='word_1_60' title='bbox 668 298 728 324; x_wconf 76' lang='lat' dir='ltr'>Am.</span> <span class='ocrx_word' id='word_1_61' title='bbox 751 305 778 329; x_wconf 90' lang='lat'>1,</span> <span class='ocrx_word' id='word_1_62' title='bbox 797 302 846 330; x_wconf 82' lang='lat'>518.</span> <span class='ocrx_word' id='word_1_63' title='bbox 916 297 1065 332; x_wconf 79' lang='lat' dir='ltr'>Sapientem</span> <span class='ocrx_word' id='word_1_64' title='bbox 1083 296 1193 323; x_wconf 80' lang='lat' dir='ltr'>barbam</span> <span class='ocrx_word' id='word_1_65' title='bbox 1213 294 1299 330; x_wconf 68' lang='lat' dir='ltr'>lepidzj</span> <span class='ocrx_word' id='word_1_66' title='bbox 1311 302 1356 321; x_wconf 80' lang='lat' dir='ltr'>ime</span> <span class='ocrx_word' id='word_1_67' title='bbox 1409 292 1563 319; x_wconf 83' lang='lat' dir='ltr'>Barbariain</span> <span class='ocrx_word' id='word_1_68' title='bbox 1577 290 1620 324; x_wconf 77' lang='lat' dir='ltr'>effe</span> <span class='ocrx_word' id='word_1_69' title='bbox 1633 293 1754 330; x_wconf 63' lang='lat' dir='ltr'>ltaliam,</span> <span class='ocrx_word' id='word_1_70' title='bbox 1772 298 1853 318; x_wconf 74' lang='lat' dir='ltr'>monet</span> <span class='ocrx_word' id='word_1_71' title='bbox 1864 291 1952 318; x_wconf 84' lang='lat' dir='ltr'>Festus</span> <span class='ocrx_word' id='word_1_72' title='bbox 1971 291 2005 317; x_wconf 84' lang='lat' dir='ltr'>ad</span> <span class='ocrx_word' id='word_1_73' title='bbox 2023 292 2100 318; x_wconf 85' lang='lat' dir='ltr'>locum</span> <span class='ocrx_word' id='word_1_74' title='bbox 2115 293 2212 325; x_wconf 85' lang='lat' dir='ltr'>Plauti,</span> <span class='ocrx_word' id='word_1_75' title='bbox 2230 304 2297 330; x_wconf 75' lang='lat' dir='ltr'>quem</span> <span class='ocrx_word' id='word_1_76' title='bbox 2320 296 2403 325; x_wconf 70' lang='lat' dir='ltr'>damus</span> <span class='ocrx_word' id='word_1_77' title='bbox 2420 286 2469 329; x_wconf 55' lang='lat' dir='ltr'>ivil-</span> 
     </span>
     <span class='ocr_line' id='line_1_6' title="bbox 308 326 2459 369; baseline -0.001 -4"><span class='ocrx_word' id='word_1_78' title='bbox 308 337 377 364; x_wconf 77' lang='lat' dir='ltr'>dixit</span> <span class='ocrx_word' id='word_1_79' title='bbox 395 338 488 364; x_wconf 80' lang='lat' dir='ltr'>Horat.</span> <span class='ocrx_word' id='word_1_80' title='bbox 503 337 584 362; x_wconf 84' lang='lat' dir='ltr'>Serm.</span> <span class='ocrx_word' id='word_1_81' title='bbox 596 342 622 365; x_wconf 84' lang='lat'>2,</span> <span class='ocrx_word' id='word_1_82' title='bbox 638 341 667 365; x_wconf 82' lang='lat'>3,</span> <span class='ocrx_word' id='word_1_83' title='bbox 687 340 723 366; x_wconf 84' lang='lat'>35.</span> <span class='ocrx_word' id='word_1_84' title='bbox 762 334 863 359; x_wconf 79' lang='lat' dir='ltr'><em>Narrat</em></span> <span class='ocrx_word' id='word_1_85' title='bbox 875 332 1038 369; x_wconf 77' lang='lat' dir='ltr'>Damasippus</span> <span class='ocrx_word' id='word_1_86' title='bbox 1043 332 1090 368; x_wconf 75' lang='lat' dir='ltr'>se,</span> <span class='ocrx_word' id='word_1_87' title='bbox 1103 342 1155 358; x_wconf 78' lang='lat' dir='ltr'>cum</span> <span class='ocrx_word' id='word_1_88' title='bbox 1163 337 1227 366; x_wconf 76' lang='lat' dir='ltr'>prae</span> <span class='ocrx_word' id='word_1_89' title='bbox 1245 329 1355 366; x_wconf 63' lang='lat' dir='ltr'>despera·</span> <span class='ocrx_word' id='word_1_90' title='bbox 1409 334 1551 367; x_wconf 61' lang='lat' dir='ltr'>VAi’xsLo-</span> <span class='ocrx_word' id='word_1_91' title='bbox 1607 327 1730 366; x_wconf 40' lang='lat' dir='ltr'>Cic-..Ate</span> <span class='ocrx_word' id='word_1_92' title='bbox 1749 335 1786 360; x_wconf 82' lang='lat'>11,</span> <span class='ocrx_word' id='word_1_93' title='bbox 1799 335 1817 362; x_wconf 90' lang='lat'>7</span> <span class='ocrx_word' id='word_1_94' title='bbox 1852 327 1881 353; x_wconf 76' lang='lat' dir='ltr'>de</span> <span class='ocrx_word' id='word_1_95' title='bbox 1894 327 2051 363; x_wconf 76' lang='lat' dir='ltr'><em>Africanis,</em></span> <span class='ocrx_word' id='word_1_96' title='bbox 2069 327 2135 354; x_wconf 88' lang='lat' dir='ltr'>Non</span> <span class='ocrx_word' id='word_1_97' title='bbox 2149 329 2197 355; x_wconf 82' lang='lat' dir='ltr'>else</span> <span class='ocrx_word' id='word_1_98' title='bbox 2216 329 2334 358; x_wconf 70' lang='lat' dir='ltr'>barbaris</span> <span class='ocrx_word' id='word_1_99' title='bbox 2347 326 2459 367; x_wconf 61' lang='lat' dir='ltr'>auxiliis}</span> 
     </span>
     <span class='ocr_line' id='line_1_7' title="bbox 307 362 2444 408; baseline -0.003 -8"><span class='ocrx_word' id='word_1_100' title='bbox 307 376 374 400; x_wconf 80' lang='lat' dir='ltr'>tione</span> <span class='ocrx_word' id='word_1_101' title='bbox 381 372 536 408; x_wconf 54' lang='lat' dir='ltr'>fiaebmergere</span> <span class='ocrx_word' id='word_1_102' title='bbox 550 370 579 405; x_wconf 75' lang='lat' dir='ltr'>sc</span> <span class='ocrx_word' id='word_1_103' title='bbox 592 370 682 400; x_wconf 75' lang='lat' dir='ltr'>vellet,</span> <span class='ocrx_word' id='word_1_104' title='bbox 700 375 842 395; x_wconf 82' lang='lat' dir='ltr'>reuocatum</span> <span class='ocrx_word' id='word_1_105' title='bbox 860 378 876 396; x_wconf 87' lang='lat' dir='ltr'>a</span> <span class='ocrx_word' id='word_1_106' title='bbox 890 369 1028 402; x_wconf 72' lang='lat' dir='ltr'><em>Stertinio,</em></span> <span class='ocrx_word' id='word_1_107' title='bbox 1047 368 1113 400; x_wconf 86' lang='lat' dir='ltr'>Hic,</span> <span class='ocrx_word' id='word_1_108' title='bbox 1133 369 1233 402; x_wconf 80' lang='lat' dir='ltr'>inquit,</span> <span class='ocrx_word' id='word_1_109' title='bbox 1255 373 1297 391; x_wconf 90' lang='lat' dir='ltr'>me</span> <span class='ocrx_word' id='word_1_110' title='bbox 1310 365 1355 390; x_wconf 90' lang='lat' dir='ltr'>So-</span> <span class='ocrx_word' id='word_1_111' title='bbox 1378 376 1392 402; x_wconf 75' lang='lat'>5</span> <span class='ocrx_word' id='word_1_112' title='bbox 1409 362 1585 403; x_wconf 74' lang='lat' dir='ltr'>fallacissimae</span> <span class='ocrx_word' id='word_1_113' title='bbox 1603 368 1687 396; x_wconf 83' lang='lat' dir='ltr'>gentis</span> <span class='ocrx_word' id='word_1_114' title='bbox 1706 362 1836 397; x_wconf 83' lang='lat' dir='ltr'>rempubl.</span> <span class='ocrx_word' id='word_1_115' title='bbox 1853 362 2053 390; x_wconf 79' lang='lat' dir='ltr'>defendendam.</span> <span class='ocrx_word' id='word_1_116' title='bbox 2124 364 2200 391; x_wconf 87' lang='lat' dir='ltr'>Mare</span> <span class='ocrx_word' id='word_1_117' title='bbox 2222 365 2381 401; x_wconf 85' lang='lat' dir='ltr'>Barbarum,</span> <span class='ocrx_word' id='word_1_118' title='bbox 2399 377 2444 405; x_wconf 66' lang='lat' dir='ltr'>pm</span> 
     </span>
     <span class='ocr_line' id='line_1_8' title="bbox 307 395 2474 440; baseline -0.004 -4"><span class='ocrx_word' id='word_1_119' title='bbox 307 409 374 436; x_wconf 87' lang='lat' dir='ltr'>latus</span> <span class='ocrx_word' id='word_1_120' title='bbox 387 408 454 435; x_wconf 84' lang='lat' dir='ltr'>iussit</span> <span class='ocrx_word' id='word_1_121' title='bbox 468 403 609 440; x_wconf 61' lang='lat' dir='ltr'>sapientem</span> <span class='ocrx_word' id='word_1_122' title='bbox 624 405 726 439; x_wconf 86' lang='lat' dir='ltr'>pascere</span> <span class='ocrx_word' id='word_1_123' title='bbox 740 403 866 438; x_wconf 83' lang='lat' dir='ltr'>barbam,</span> <span class='ocrx_word' id='word_1_124' title='bbox 884 407 903 431; x_wconf 84' lang='lat' dir='ltr'>i.</span> <span class='ocrx_word' id='word_1_125' title='bbox 918 407 1019 437; x_wconf 61' lang='lat' dir='ltr'>viuere,</span> <span class='ocrx_word' id='word_1_126' title='bbox 1033 411 1057 429; x_wconf 72' lang='lat' dir='ltr'>et</span> <span class='ocrx_word' id='word_1_127' title='bbox 1072 406 1099 429; x_wconf 80' lang='lat' dir='ltr'>in</span> <span class='ocrx_word' id='word_1_128' title='bbox 1109 400 1352 438; x_wconf 55' lang='lat' dir='ltr'>posterumphilosoa</span> <span class='ocrx_word' id='word_1_129' title='bbox 1407 399 1503 426; x_wconf 78' lang='lat' dir='ltr'>Iudico</span> <span class='ocrx_word' id='word_1_130' title='bbox 1521 399 1616 424; x_wconf 80' lang='lat' dir='ltr'>Horat.</span> <span class='ocrx_word' id='word_1_131' title='bbox 1630 398 1718 424; x_wconf 82' lang='lat' dir='ltr'>Carm-</span> <span class='ocrx_word' id='word_1_132' title='bbox 1733 406 1765 430; x_wconf 84' lang='lat' dir='ltr'>z,</span> <span class='ocrx_word' id='word_1_133' title='bbox 1778 406 1822 431; x_wconf 94' lang='lat'>19,</span> <span class='ocrx_word' id='word_1_134' title='bbox 1836 406 1873 433; x_wconf 87' lang='lat'>17.</span> <span class='ocrx_word' id='word_1_135' title='bbox 2069 395 2091 436; x_wconf 58' lang='lat' dir='ltr'>fl</span> <span class='ocrx_word' id='word_1_136' title='bbox 2116 407 2134 426; x_wconf 84' lang='lat'>2</span> <span class='ocrx_word' id='word_1_137' title='bbox 2162 401 2200 426; x_wconf 71' lang='lat' dir='ltr'>Ex</span> <span class='ocrx_word' id='word_1_138' title='bbox 2220 400 2274 427; x_wconf 71' lang='lat' dir='ltr'>odio</span> <span class='ocrx_word' id='word_1_139' title='bbox 2292 409 2315 428; x_wconf 79' lang='lat' dir='ltr'>et</span> <span class='ocrx_word' id='word_1_140' title='bbox 2332 403 2457 436; x_wconf 61' lang='lat' dir='ltr'>congemu-</span> <span class='ocrx_word' id='word_1_141' title='bbox 2472 429 2474 431; x_wconf 74' lang='grc'><strong>,</strong></span> 
     </span>
     <span class='ocr_line' id='line_1_9' title="bbox 324 430 2458 477; baseline -0.005 -7"><span class='ocrx_word' id='word_1_142' title='bbox 324 445 396 475; x_wconf 82' lang='lat' dir='ltr'>bum,</span> <span class='ocrx_word' id='word_1_143' title='bbox 414 442 489 468; x_wconf 79' lang='lat' dir='ltr'>barba</span> <span class='ocrx_word' id='word_1_144' title='bbox 502 447 573 466; x_wconf 80' lang='lat' dir='ltr'>tenus</span> <span class='ocrx_word' id='word_1_145' title='bbox 584 447 662 471; x_wconf 70' lang='lat' dir='ltr'>certe,</span> <span class='ocrx_word' id='word_1_146' title='bbox 676 439 804 476; x_wconf 74' lang='lat' dir='ltr'>profiteri.</span> <span class='ocrx_word' id='word_1_147' title='bbox 875 440 972 475; x_wconf 82' lang='lat' dir='ltr'>Virgil.</span> <span class='ocrx_word' id='word_1_148' title='bbox 987 441 1051 466; x_wconf 86' lang='lat' dir='ltr'>Aen.</span> <span class='ocrx_word' id='word_1_149' title='bbox 1065 447 1097 471; x_wconf 86' lang='lat'>2,</span> <span class='ocrx_word' id='word_1_150' title='bbox 1114 446 1166 472; x_wconf 86' lang='lat'>277</span> <span class='ocrx_word' id='word_1_151' title='bbox 1186 437 1354 472; x_wconf 86' lang='lat' dir='ltr'>Squalentein</span> <span class='ocrx_word' id='word_1_152' title='bbox 1403 437 1596 471; x_wconf 69' lang='lat' dir='ltr'>peregrinorum</span> <span class='ocrx_word' id='word_1_153' title='bbox 1610 430 1729 473; x_wconf 64' lang='lat' dir='ltr'>fiiflum,</span> <span class='ocrx_word' id='word_1_154' title='bbox 1748 440 1777 459; x_wconf 82' lang='lat' dir='ltr'>vt</span> <span class='ocrx_word' id='word_1_155' title='bbox 1790 433 1919 461; x_wconf 80' lang='lat' dir='ltr'>Barbarus</span> <span class='ocrx_word' id='word_1_156' title='bbox 1932 432 1970 468; x_wconf 76' lang='lat' dir='ltr'>stt</span> <span class='ocrx_word' id='word_1_157' title='bbox 1985 436 2116 469; x_wconf 76' lang='lat' dir='ltr'>imperitus</span> <span class='ocrx_word' id='word_1_158' title='bbox 2129 434 2245 468; x_wconf 65' lang='lat' dir='ltr'>dicendi,</span> <span class='ocrx_word' id='word_1_159' title='bbox 2264 439 2364 474; x_wconf 72' lang='lat' dir='ltr'>itemque</span> <span class='ocrx_word' id='word_1_160' title='bbox 2375 446 2458 477; x_wconf 54' lang='lat' dir='ltr'><em>agre-3</em></span> 
     </span>
     <span class='ocr_line' id='line_1_10' title="bbox 301 451 2456 510; baseline -0.001 -3"><span class='ocrx_word' id='word_1_161' title='bbox 301 451 417 506; x_wconf 56' lang='lat' dir='ltr'>barbam</span> <span class='ocrx_word' id='word_1_162' title='bbox 430 483 455 503; x_wconf 92' lang='lat' dir='ltr'>et</span> <span class='ocrx_word' id='word_1_163' title='bbox 469 481 605 502; x_wconf 85' lang='lat' dir='ltr'>concretos</span> <span class='ocrx_word' id='word_1_164' title='bbox 620 476 746 510; x_wconf 83' lang='lat' dir='ltr'>sanguine</span> <span class='ocrx_word' id='word_1_165' title='bbox 760 476 854 503; x_wconf 88' lang='lat' dir='ltr'>crines.</span> <span class='ocrx_word' id='word_1_166' title='bbox 906 475 1035 503; x_wconf 87' lang='lat' dir='ltr'>Stolidam</span> <span class='ocrx_word' id='word_1_167' title='bbox 1047 474 1158 500; x_wconf 83' lang='lat' dir='ltr'>barbam</span> <span class='ocrx_word' id='word_1_168' title='bbox 1170 473 1269 500; x_wconf 86' lang='lat' dir='ltr'>vellere</span> <span class='ocrx_word' id='word_1_169' title='bbox 1286 473 1353 499; x_wconf 87' lang='lat' dir='ltr'>Pers.</span> <span class='ocrx_word' id='word_1_170' title='bbox 1402 470 1468 506; x_wconf 78' lang='lat' dir='ltr'>stis,</span> <span class='ocrx_word' id='word_1_171' title='bbox 1488 470 1580 500; x_wconf 78' lang='lat' dir='ltr'>duras,</span> <span class='ocrx_word' id='word_1_172' title='bbox 1593 471 1699 504; x_wconf 73' lang='lat' dir='ltr'>saeuus,</span> <span class='ocrx_word' id='word_1_173' title='bbox 1718 475 1764 494; x_wconf 81' lang='lat' dir='ltr'>etc.</span> <span class='ocrx_word' id='word_1_174' title='bbox 1799 469 1882 497; x_wconf 87' lang='lat' dir='ltr'>Plaut.</span> <span class='ocrx_word' id='word_1_175' title='bbox 1899 469 1990 496; x_wconf 80' lang='lat' dir='ltr'>Bacch.</span> <span class='ocrx_word' id='word_1_176' title='bbox 2005 478 2026 502; x_wconf 91' lang='lat'>1,</span> <span class='ocrx_word' id='word_1_177' title='bbox 2042 478 2067 502; x_wconf 81' lang='lat'>2,</span> <span class='ocrx_word' id='word_1_178' title='bbox 2082 478 2107 502; x_wconf 92' lang='grc'><strong>13</strong></span> <span class='ocrx_word' id='word_1_179' title='bbox 2135 471 2159 497; x_wconf 94' lang='lat' dir='ltr'>O</span> <span class='ocrx_word' id='word_1_180' title='bbox 2172 471 2263 504; x_wconf 81' lang='lat' dir='ltr'>Lyde,</span> <span class='ocrx_word' id='word_1_181' title='bbox 2278 480 2304 498; x_wconf 74' lang='lat' dir='ltr'>es</span> <span class='ocrx_word' id='word_1_182' title='bbox 2317 472 2456 505; x_wconf 49' lang='lat' dir='ltr'>barbarus(</span> 
     </span>
     <span class='ocr_line' id='line_1_11' title="bbox 308 504 2474 547; baseline -0.005 -5"><span class='ocrx_word' id='word_1_183' title='bbox 308 516 359 542; x_wconf 88' lang='lat' dir='ltr'>Sat.</span> <span class='ocrx_word' id='word_1_184' title='bbox 373 522 398 546; x_wconf 86' lang='lat'>2,</span> <span class='ocrx_word' id='word_1_185' title='bbox 413 518 452 545; x_wconf 86' lang='lat'>28,</span> <span class='ocrx_word' id='word_1_186' title='bbox 473 512 502 538; x_wconf 84' lang='lat' dir='ltr'>dc</span> <span class='ocrx_word' id='word_1_187' title='bbox 516 512 619 538; x_wconf 88' lang='lat' dir='ltr'>summo</span> <span class='ocrx_word' id='word_1_188' title='bbox 634 518 768 539; x_wconf 86' lang='lat' dir='ltr'>contemtu</span> <span class='ocrx_word' id='word_1_189' title='bbox 789 521 818 539; x_wconf 85' lang='lat' dir='ltr'>ac</span> <span class='ocrx_word' id='word_1_190' title='bbox 832 511 960 539; x_wconf 88' lang='lat' dir='ltr'>ludibrio.</span> <span class='ocrx_word' id='word_1_191' title='bbox 1001 510 1061 538; x_wconf 74' lang='lat' dir='ltr'>lfid.</span> <span class='ocrx_word' id='word_1_192' title='bbox 1076 519 1100 536; x_wconf 84' lang='lat' dir='ltr'>n.</span> <span class='ocrx_word' id='word_1_193' title='bbox 1111 519 1135 542; x_wconf 82' lang='lat'>3.</span> <span class='ocrx_word' id='word_1_194' title='bbox 1193 509 1274 536; x_wconf 86' lang='lat' dir='ltr'>Ouid.</span> <span class='ocrx_word' id='word_1_195' title='bbox 1289 509 1354 534; x_wconf 87' lang='lat' dir='ltr'>Met.</span> <span class='ocrx_word' id='word_1_196' title='bbox 1409 506 1578 545; x_wconf 71' lang='lat' dir='ltr'>humanitate</span> <span class='ocrx_word' id='word_1_197' title='bbox 1594 504 1721 530; x_wconf 86' lang='lat' dir='ltr'>barbarae</span> <span class='ocrx_word' id='word_1_198' title='bbox 1739 509 1827 543; x_wconf 74' lang='lat' dir='ltr'>gentes</span> <span class='ocrx_word' id='word_1_199' title='bbox 1840 506 1895 532; x_wconf 92' lang='lat' dir='ltr'>Cic.</span> <span class='ocrx_word' id='word_1_200' title='bbox 1909 514 1959 540; x_wconf 87' lang='lat' dir='ltr'>pro</span> <span class='ocrx_word' id='word_1_201' title='bbox 1973 506 2092 532; x_wconf 81' lang='lat' dir='ltr'>Marcell.</span> <span class='ocrx_word' id='word_1_202' title='bbox 2110 510 2132 536; x_wconf 79' lang='lat'>8.</span> <span class='ocrx_word' id='word_1_203' title='bbox 2205 507 2323 541; x_wconf 82' lang='lat' dir='ltr'>Agrestes</span> <span class='ocrx_word' id='word_1_204' title='bbox 2343 518 2371 536; x_wconf 78' lang='lat' dir='ltr'>ac</span> <span class='ocrx_word' id='word_1_205' title='bbox 2389 510 2445 547; x_wconf 58' lang='lat'>{2324</span> <span class='ocrx_word' id='word_1_206' title='bbox 2470 540 2474 545; x_wconf 32' lang='grc' dir='ltr'><strong><em>Δ</em></strong></span> 
     </span>
     <span class='ocr_line' id='line_1_12' title="bbox 308 539 2468 583; baseline -0.007 -8"><span class='ocrx_word' id='word_1_207' title='bbox 308 553 334 582; x_wconf 92' lang='lat'>6,</span> <span class='ocrx_word' id='word_1_208' title='bbox 349 557 392 583; x_wconf 87' lang='lat'>715</span> <span class='ocrx_word' id='word_1_209' title='bbox 414 547 550 583; x_wconf 81' lang='lat' dir='ltr'>Barbaque</span> <span class='ocrx_word' id='word_1_210' title='bbox 564 547 627 574; x_wconf 89' lang='lat' dir='ltr'>dum</span> <span class='ocrx_word' id='word_1_211' title='bbox 639 548 736 575; x_wconf 86' lang='lat' dir='ltr'>rutulis</span> <span class='ocrx_word' id='word_1_212' title='bbox 749 547 840 574; x_wconf 87' lang='lat' dir='ltr'>aberat</span> <span class='ocrx_word' id='word_1_213' title='bbox 853 547 975 574; x_wconf 76' lang='lat' dir='ltr'>submissa</span> <span class='ocrx_word' id='word_1_214' title='bbox 987 545 1107 581; x_wconf 74' lang='lat' dir='ltr'>capilliS,</span> <span class='ocrx_word' id='word_1_215' title='bbox 1126 549 1143 571; x_wconf 87' lang='lat' dir='ltr'>i.</span> <span class='ocrx_word' id='word_1_216' title='bbox 1155 546 1251 576; x_wconf 64' lang='lat' dir='ltr'>riccila,</span> <span class='ocrx_word' id='word_1_217' title='bbox 1264 544 1356 570; x_wconf 74' lang='lat' dir='ltr'>ardens</span> <span class='ocrx_word' id='word_1_218' title='bbox 1370 554 1397 572; x_wconf 79' lang='lat' dir='ltr'>ro</span> <span class='ocrx_word' id='word_1_219' title='bbox 1409 543 1469 569; x_wconf 88' lang='lat' dir='ltr'>bari</span> <span class='ocrx_word' id='word_1_220' title='bbox 1484 543 1554 568; x_wconf 80' lang='lat' dir='ltr'>serui</span> <span class='ocrx_word' id='word_1_221' title='bbox 1567 540 1640 568; x_wconf 85' lang='lat' dir='ltr'>Idem</span> <span class='ocrx_word' id='word_1_222' title='bbox 1654 549 1702 574; x_wconf 88' lang='lat' dir='ltr'>pro</span> <span class='ocrx_word' id='word_1_223' title='bbox 1714 539 1859 580; x_wconf 48' lang='grc' dir='ltr'><strong>Μ11011.Ζ6</strong></span> <span class='ocrx_word' id='word_1_224' title='bbox 1879 550 1899 567; x_wconf 90' lang='lat' dir='ltr'>c.</span> <span class='ocrx_word' id='word_1_225' title='bbox 1915 550 1940 574; x_wconf 86' lang='lat'>9.</span> <span class='ocrx_word' id='word_1_226' title='bbox 1976 541 2014 568; x_wconf 90' lang='lat' dir='ltr'>Id.</span> <span class='ocrx_word' id='word_1_227' title='bbox 2028 543 2103 581; x_wconf 75' lang='lat' dir='ltr'>Verr.</span> <span class='ocrx_word' id='word_1_228' title='bbox 2118 550 2143 573; x_wconf 87' lang='grc'><strong>3,</strong></span> <span class='ocrx_word' id='word_1_229' title='bbox 2155 551 2176 568; x_wconf 89' lang='lat' dir='ltr'>c.</span> <span class='ocrx_word' id='word_1_230' title='bbox 2191 550 2207 575; x_wconf 92' lang='lat'><em>9</em></span> <span class='ocrx_word' id='word_1_231' title='bbox 2234 543 2290 576; x_wconf 76' lang='lat' dir='ltr'>Qi</span> <span class='ocrx_word' id='word_1_232' title='bbox 2302 542 2468 578; x_wconf 43' lang='lat' dir='ltr'>affigitis-&#39;4</span> 
     </span>
     <span class='ocr_line' id='line_1_13' title="bbox 299 574 2465 622; baseline -0.006 -4"><span class='ocrx_word' id='word_1_233' title='bbox 299 585 439 622; x_wconf 61' lang='lat' dir='ltr'>flffl‘tsffns</span> <span class='ocrx_word' id='word_1_234' title='bbox 446 591 504 616; x_wconf 67' lang='lat'>‚⁸125</span> <span class='ocrx_word' id='word_1_235' title='bbox 517 583 551 616; x_wconf 62' lang='lat' dir='ltr'>2st</span> <span class='ocrx_word' id='word_1_236' title='bbox 558 586 653 619; x_wconf 81' lang='lat' dir='ltr'>prima.</span> <span class='ocrx_word' id='word_1_237' title='bbox 723 584 784 610; x_wconf 83' lang='lat' dir='ltr'>Stat.</span> <span class='ocrx_word' id='word_1_238' title='bbox 799 583 891 610; x_wconf 85' lang='lat' dir='ltr'>Theb.</span> <span class='ocrx_word' id='word_1_239' title='bbox 907 585 939 615; x_wconf 87' lang='lat'>6,</span> <span class='ocrx_word' id='word_1_240' title='bbox 954 590 999 616; x_wconf 87' lang='grc'>539</span> <span class='ocrx_word' id='word_1_241' title='bbox 1018 582 1109 609; x_wconf 88' lang='lat' dir='ltr'>Torta</span> <span class='ocrx_word' id='word_1_242' title='bbox 1127 581 1240 608; x_wconf 86' lang='lat' dir='ltr'>molitur</span> <span class='ocrx_word' id='word_1_243' title='bbox 1255 579 1355 607; x_wconf 87' lang='lat' dir='ltr'>robora</span> <span class='ocrx_word' id='word_1_244' title='bbox 1410 587 1502 605; x_wconf 82' lang='lat' dir='ltr'>manus</span> <span class='ocrx_word' id='word_1_245' title='bbox 1516 587 1544 604; x_wconf 89' lang='lat' dir='ltr'>ac</span> <span class='ocrx_word' id='word_1_246' title='bbox 1557 576 1698 606; x_wconf 83' lang='lat' dir='ltr'>barbarus,</span> <span class='ocrx_word' id='word_1_247' title='bbox 1716 574 1760 601; x_wconf 83' lang='lat' dir='ltr'>isti</span> <span class='ocrx_word' id='word_1_248' title='bbox 1773 583 1820 601; x_wconf 92' lang='lat' dir='ltr'>vni</span> <span class='ocrx_word' id='word_1_249' title='bbox 1832 577 1985 603; x_wconf 86' lang='lat' dir='ltr'>commodus</span> <span class='ocrx_word' id='word_1_250' title='bbox 1999 586 2027 604; x_wconf 83' lang='lat' dir='ltr'>ac</span> <span class='ocrx_word' id='word_1_251' title='bbox 2041 577 2153 604; x_wconf 85' lang='lat' dir='ltr'>disertus</span> <span class='ocrx_word' id='word_1_252' title='bbox 2166 578 2311 606; x_wconf 84' lang='lat' dir='ltr'>videretur.</span> <span class='ocrx_word' id='word_1_253' title='bbox 2367 583 2416 614; x_wconf 53' lang='lat' dir='ltr'>Eg*</span> <span class='ocrx_word' id='word_1_254' title='bbox 2431 576 2437 586; x_wconf 57' lang='lat'><em>²</em></span> <span class='ocrx_word' id='word_1_255' title='bbox 2447 582 2465 614; x_wconf 47' lang='grc' dir='ltr'><strong><em>ἰ</em></strong></span> 
     </span>
    </p>
   </div>
   <div class='ocr_carea' id='block_1_4' title="bbox 2292 487 2474 4052">
    <p class='ocr_par' dir='ltr' id='par_1_4' title="bbox 2292 487 2474 4052">
     <span class='ocr_line' id='line_1_14' title="bbox 2445 487 2474 558; baseline 0 -39"><span class='ocrx_word' id='word_1_256' title='bbox 2445 487 2474 558; x_wconf 95' lang='lat' dir='ltr'>   </span> 
     </span>
     <span class='ocr_line' id='line_1_15' title="bbox 2453 630 2464 677; baseline 0 0"><span class='ocrx_word' id='word_1_257' title='bbox 2453 630 2464 677; x_wconf 95' lang='lat' dir='ltr'>  </span> 
     </span>
     <span class='ocr_line' id='line_1_16' title="bbox 2453 677 2464 738; baseline 0 -26"><span class='ocrx_word' id='word_1_258' title='bbox 2453 677 2464 738; x_wconf 95' lang='lat' dir='ltr'>   </span> 
     </span>
     <span class='ocr_line' id='line_1_17' title="bbox 2399 738 2464 851; baseline 0 0"><span class='ocrx_word' id='word_1_259' title='bbox 2399 738 2464 851; x_wconf 95' lang='lat' dir='ltr'>   </span> 
     </span>
     <span class='ocr_line' id='line_1_18' title="bbox 2385 851 2468 957; baseline 0 -77"><span class='ocrx_word' id='word_1_260' title='bbox 2385 851 2468 957; x_wconf 95' lang='lat' dir='ltr'>     </span> 
     </span>
     <span class='ocr_line' id='line_1_19' title="bbox 2451 957 2468 1029; baseline 0 0"><span class='ocrx_word' id='word_1_261' title='bbox 2451 957 2468 1029; x_wconf 95' lang='lat' dir='ltr'>     </span> 
     </span>
     <span class='ocr_line' id='line_1_20' title="bbox 2445 1029 2464 1138; baseline 0 0"><span class='ocrx_word' id='word_1_262' title='bbox 2445 1029 2464 1138; x_wconf 95' lang='lat' dir='ltr'>   </span> 
     </span>
     <span class='ocr_line' id='line_1_21' title="bbox 2400 1138 2468 1214; baseline 0 -44"><span class='ocrx_word' id='word_1_263' title='bbox 2400 1138 2468 1214; x_wconf 95' lang='lat' dir='ltr'>   </span> 
     </span>
     <span class='ocr_line' id='line_1_22' title="bbox 2402 1214 2468 1308; baseline 0 -68"><span class='ocrx_word' id='word_1_264' title='bbox 2402 1214 2468 1308; x_wconf 95' lang='lat' dir='ltr'>      </span> 
     </span>
     <span class='ocr_line' id='line_1_23' title="bbox 2387 1308 2468 1384; baseline 0 -73"><span class='ocrx_word' id='word_1_265' title='bbox 2387 1308 2468 1384; x_wconf 95' lang='lat' dir='ltr'>      </span> 
     </span>
     <span class='ocr_line' id='line_1_24' title="bbox 2441 1384 2468 1463; baseline 0 -45"><span class='ocrx_word' id='word_1_266' title='bbox 2441 1384 2468 1463; x_wconf 95' lang='lat' dir='ltr'>  </span> 
     </span>
     <span class='ocr_line' id='line_1_25' title="bbox 2337 1463 2464 1563; baseline 0 0"><span class='ocrx_word' id='word_1_267' title='bbox 2337 1463 2464 1563; x_wconf 95' lang='lat' dir='ltr'>    </span> 
     </span>
     <span class='ocr_line' id='line_1_26' title="bbox 2337 1563 2464 1599; baseline 0 0"><span class='ocrx_word' id='word_1_268' title='bbox 2337 1563 2464 1599; x_wconf 95' lang='lat' dir='ltr'>  </span> 
     </span>
     <span class='ocr_line' id='line_1_27' title="bbox 2423 1599 2464 1711; baseline 0 -88"><span class='ocrx_word' id='word_1_269' title='bbox 2423 1599 2464 1711; x_wconf 95' lang='lat' dir='ltr'>   </span> 
     </span>
     <span class='ocr_line' id='line_1_28' title="bbox 2428 1711 2464 1779; baseline 0 -42"><span class='ocrx_word' id='word_1_270' title='bbox 2428 1711 2464 1779; x_wconf 95' lang='lat' dir='ltr'>    </span> 
     </span>
     <span class='ocr_line' id='line_1_29' title="bbox 2426 1779 2464 1856; baseline 0 -38"><span class='ocrx_word' id='word_1_271' title='bbox 2426 1779 2464 1856; x_wconf 95' lang='lat' dir='ltr'>   </span> 
     </span>
     <span class='ocr_line' id='line_1_30' title="bbox 2427 1856 2468 1962; baseline 0 0"><span class='ocrx_word' id='word_1_272' title='bbox 2427 1856 2468 1962; x_wconf 95' lang='lat' dir='ltr'>   </span> 
     </span>
     <span class='ocr_line' id='line_1_31' title="bbox 2430 1962 2468 2017; baseline 0 -35"><span class='ocrx_word' id='word_1_273' title='bbox 2430 1962 2468 2017; x_wconf 95' lang='lat' dir='ltr'>  </span> 
     </span>
     <span class='ocr_line' id='line_1_32' title="bbox 2428 2017 2468 2065; baseline 0 2117"><span class='ocrx_word' id='word_1_274' title='bbox 2428 2017 2468 2065; x_wconf 95' lang='lat' dir='ltr'> </span> 
     </span>
     <span class='ocr_line' id='line_1_33' title="bbox 2424 2065 2468 2133; baseline 0 -35"><span class='ocrx_word' id='word_1_275' title='bbox 2424 2065 2468 2133; x_wconf 95' lang='lat' dir='ltr'>  </span> 
     </span>
     <span class='ocr_line' id='line_1_34' title="bbox 2364 2133 2468 2263; baseline 0 0"><span class='ocrx_word' id='word_1_276' title='bbox 2364 2133 2468 2263; x_wconf 95' lang='lat' dir='ltr'>   </span> 
     </span>
     <span class='ocr_line' id='line_1_35' title="bbox 2365 2273 2468 2425; baseline 0 -55"><span class='ocrx_word' id='word_1_277' title='bbox 2365 2273 2468 2425; x_wconf 95' lang='lat' dir='ltr'>     </span> 
     </span>
     <span class='ocr_line' id='line_1_36' title="bbox 2386 2425 2468 2455; baseline 0 0"><span class='ocrx_word' id='word_1_278' title='bbox 2386 2425 2468 2455; x_wconf 95' lang='lat' dir='ltr'>  </span> 
     </span>
     <span class='ocr_line' id='line_1_37' title="bbox 2414 2455 2468 2556; baseline 0 -69"><span class='ocrx_word' id='word_1_279' title='bbox 2414 2455 2468 2556; x_wconf 95' lang='lat' dir='ltr'>   </span> 
     </span>
     <span class='ocr_line' id='line_1_38' title="bbox 2366 2556 2468 2663; baseline 0 -34"><span class='ocrx_word' id='word_1_280' title='bbox 2366 2556 2468 2663; x_wconf 95' lang='lat' dir='ltr'>    </span> 
     </span>
     <span class='ocr_line' id='line_1_39' title="bbox 2334 2663 2468 2776; baseline -0.022 -38"><span class='ocrx_word' id='word_1_281' title='bbox 2334 2663 2468 2776; x_wconf 95' lang='lat' dir='ltr'>     </span> 
     </span>
     <span class='ocr_line' id='line_1_40' title="bbox 2367 2776 2468 2846; baseline 0.059 -5"><span class='ocrx_word' id='word_1_282' title='bbox 2367 2776 2468 2846; x_wconf 95' lang='lat' dir='ltr'>   </span> 
     </span>
     <span class='ocr_line' id='line_1_41' title="bbox 2373 2846 2468 2923; baseline 0 -43"><span class='ocrx_word' id='word_1_283' title='bbox 2373 2846 2468 2923; x_wconf 95' lang='lat' dir='ltr'>  </span> 
     </span>
     <span class='ocr_line' id='line_1_42' title="bbox 2331 2923 2464 2977; baseline 0 -22"><span class='ocrx_word' id='word_1_284' title='bbox 2331 2923 2464 2977; x_wconf 95' lang='lat' dir='ltr'>  </span> 
     </span>
     <span class='ocr_line' id='line_1_43' title="bbox 2315 2977 2468 3056; baseline 0 -73"><span class='ocrx_word' id='word_1_285' title='bbox 2315 2977 2468 3056; x_wconf 95' lang='lat' dir='ltr'>   </span> 
     </span>
     <span class='ocr_line' id='line_1_44' title="bbox 2352 3056 2468 3092; baseline 0 -28"><span class='ocrx_word' id='word_1_286' title='bbox 2352 3056 2468 3092; x_wconf 95' lang='lat' dir='ltr'>  </span> 
     </span>
     <span class='ocr_line' id='line_1_45' title="bbox 2362 3092 2468 3169; baseline 0 -36"><span class='ocrx_word' id='word_1_287' title='bbox 2362 3092 2468 3169; x_wconf 95' lang='lat' dir='ltr'>  </span> 
     </span>
     <span class='ocr_line' id='line_1_46' title="bbox 2324 3169 2468 3307; baseline 0 -90"><span class='ocrx_word' id='word_1_288' title='bbox 2324 3169 2468 3307; x_wconf 95' lang='lat' dir='ltr'>   </span> 
     </span>
     <span class='ocr_line' id='line_1_47' title="bbox 2360 3317 2468 3424; baseline 0 -41"><span class='ocrx_word' id='word_1_289' title='bbox 2360 3317 2468 3424; x_wconf 95' lang='lat' dir='ltr'>  </span> 
     </span>
     <span class='ocr_line' id='line_1_48' title="bbox 2304 3424 2468 3528; baseline 0 -30"><span class='ocrx_word' id='word_1_290' title='bbox 2304 3424 2468 3528; x_wconf 95' lang='lat' dir='ltr'>    </span> 
     </span>
     <span class='ocr_line' id='line_1_49' title="bbox 2334 3528 2468 3661; baseline 0 0"><span class='ocrx_word' id='word_1_291' title='bbox 2334 3528 2468 3661; x_wconf 95' lang='lat' dir='ltr'>   </span> 
     </span>
     <span class='ocr_line' id='line_1_50' title="bbox 2358 3661 2468 3706; baseline 0 -37"><span class='ocrx_word' id='word_1_292' title='bbox 2358 3661 2468 3706; x_wconf 95' lang='lat' dir='ltr'>  </span> 
     </span>
     <span class='ocr_line' id='line_1_51' title="bbox 2350 3706 2468 3772; baseline 0.034 -4"><span class='ocrx_word' id='word_1_293' title='bbox 2350 3706 2468 3772; x_wconf 95' lang='lat' dir='ltr'>   </span> 
     </span>
     <span class='ocr_line' id='line_1_52' title="bbox 2368 3772 2468 3811; baseline 0 371"><span class='ocrx_word' id='word_1_294' title='bbox 2368 3772 2468 3811; x_wconf 95' lang='lat' dir='ltr'> </span> 
     </span>
     <span class='ocr_line' id='line_1_53' title="bbox 2292 3811 2464 3903; baseline 0 0"><span class='ocrx_word' id='word_1_295' title='bbox 2292 3811 2464 3903; x_wconf 95' lang='lat' dir='ltr'>   </span> 
     </span>
     <span class='ocr_line' id='line_1_54' title="bbox 2343 3903 2416 3946; baseline 0 -30"><span class='ocrx_word' id='word_1_296' title='bbox 2343 3903 2416 3946; x_wconf 95' lang='lat' dir='ltr'>  </span> 
     </span>
     <span class='ocr_line' id='line_1_55' title="bbox 2343 3946 2414 4052; baseline 0 0"><span class='ocrx_word' id='word_1_297' title='bbox 2343 3946 2414 4052; x_wconf 95' lang='lat' dir='ltr'>  </span> 
     </span>
    </p>
   </div>
   <div class='ocr_carea' id='block_1_5' title="bbox 306 610 2453 692">
    <p class='ocr_par' dir='ltr' id='par_1_5' title="bbox 306 610 2453 692">
     <span class='ocr_line' id='line_1_56' title="bbox 308 610 2453 656; baseline -0.002 -9"><span class='ocrx_word' id='word_1_298' title='bbox 308 620 407 652; x_wconf 85' lang='lat' dir='ltr'>barba,</span> <span class='ocrx_word' id='word_1_299' title='bbox 429 623 447 646; x_wconf 89' lang='grc' dir='ltr'>ι’.</span> <span class='ocrx_word' id='word_1_300' title='bbox 463 619 540 646; x_wconf 80' lang='lat' dir='ltr'>barba</span> <span class='ocrx_word' id='word_1_301' title='bbox 553 619 701 656; x_wconf 73' lang='lat' dir='ltr'>prehensum</span> <span class='ocrx_word' id='word_1_302' title='bbox 719 617 841 652; x_wconf 82' lang='lat' dir='ltr'>robustum</span> <span class='ocrx_word' id='word_1_303' title='bbox 859 626 1004 646; x_wconf 82' lang='lat' dir='ltr'><em>centaurum</em></span> <span class='ocrx_word' id='word_1_304' title='bbox 1018 617 1123 644; x_wconf 67' lang='lat' dir='ltr'>deucere</span> <span class='ocrx_word' id='word_1_305' title='bbox 1136 624 1227 644; x_wconf 75' lang='lat' dir='ltr'>tentat.</span> <span class='ocrx_word' id='word_1_306' title='bbox 1298 615 1355 641; x_wconf 85' lang='lat' dir='ltr'>Vda</span> <span class='ocrx_word' id='word_1_307' title='bbox 1409 624 1438 647; x_wconf 88' lang='lat'>4,</span> <span class='ocrx_word' id='word_1_308' title='bbox 1453 622 1491 640; x_wconf 86' lang='lat'>112</span> <span class='ocrx_word' id='word_1_309' title='bbox 1512 623 1533 653; x_wconf 79' lang='lat' dir='ltr'>c.</span> <span class='ocrx_word' id='word_1_310' title='bbox 1547 621 1577 645; x_wconf 86' lang='lat'>50</span> <span class='ocrx_word' id='word_1_311' title='bbox 1598 612 1694 646; x_wconf 83' lang='lat' dir='ltr'>Neque</span> <span class='ocrx_word' id='word_1_312' title='bbox 1707 617 1760 651; x_wconf 77' lang='lat' dir='ltr'>tani</span> <span class='ocrx_word' id='word_1_313' title='bbox 1773 610 1882 638; x_wconf 80' lang='lat' dir='ltr'>barbari</span> <span class='ocrx_word' id='word_1_314' title='bbox 1895 611 1986 647; x_wconf 82' lang='lat' dir='ltr'>lingua</span> <span class='ocrx_word' id='word_1_315' title='bbox 1999 620 2028 653; x_wconf 74' lang='lat' dir='ltr'>et¹</span> <span class='ocrx_word' id='word_1_316' title='bbox 2037 613 2147 653; x_wconf 37' lang='lat' dir='ltr'>nat-ione</span> <span class='ocrx_word' id='word_1_317' title='bbox 2160 613 2212 646; x_wconf 88' lang='lat' dir='ltr'>illi,</span> <span class='ocrx_word' id='word_1_318' title='bbox 2226 623 2305 649; x_wconf 82' lang='lat' dir='ltr'>quani</span> <span class='ocrx_word' id='word_1_319' title='bbox 2319 620 2346 642; x_wconf 90' lang='lat' dir='ltr'>tu</span> <span class='ocrx_word' id='word_1_320' title='bbox 2358 614 2453 651; x_wconf 43' lang='lat' dir='ltr'>natm-Q</span> 
     </span>
     <span class='ocr_line' id='line_1_57' title="bbox 306 646 2451 692; baseline -0.001 -10"><span class='ocrx_word' id='word_1_321' title='bbox 306 656 427 684; x_wconf 82' lang='lat' dir='ltr'>quenal.</span> <span class='ocrx_word' id='word_1_322' title='bbox 440 655 490 682; x_wconf 89' lang='lat' dir='ltr'>Sat.</span> <span class='ocrx_word' id='word_1_323' title='bbox 503 664 530 688; x_wconf 89' lang='lat'>9,</span> <span class='ocrx_word' id='word_1_324' title='bbox 545 664 572 689; x_wconf 92' lang='lat'>4.</span> <span class='ocrx_word' id='word_1_325' title='bbox 594 655 622 681; x_wconf 79' lang='lat' dir='ltr'>de</span> <span class='ocrx_word' id='word_1_326' title='bbox 634 665 661 682; x_wconf 81' lang='lat' dir='ltr'>re</span> <span class='ocrx_word' id='word_1_327' title='bbox 674 658 750 682; x_wconf 81' lang='lat' dir='ltr'>nimis</span> <span class='ocrx_word' id='word_1_328' title='bbox 761 655 870 691; x_wconf 72' lang='lat' dir='ltr'>obscena.</span> <span class='ocrx_word' id='word_1_329' title='bbox 1067 651 1088 692; x_wconf 58' lang='lat' dir='ltr'>fl</span> <span class='ocrx_word' id='word_1_330' title='bbox 1108 662 1119 685; x_wconf 85' lang='grc'>3</span> <span class='ocrx_word' id='word_1_331' title='bbox 1153 653 1286 679; x_wconf 80' lang='lat' dir='ltr'>Verborum</span> <span class='ocrx_word' id='word_1_332' title='bbox 1293 650 1355 686; x_wconf 84' lang='lat' dir='ltr'>for·</span> <span class='ocrx_word' id='word_1_333' title='bbox 1410 657 1435 676; x_wconf 83' lang='lat' dir='ltr'>et</span> <span class='ocrx_word' id='word_1_334' title='bbox 1449 649 1569 675; x_wconf 84' lang='lat' dir='ltr'>moribus</span> <span class='ocrx_word' id='word_1_335' title='bbox 1605 661 1650 667; x_wconf 91' lang='lat'>—</span> <span class='ocrx_word' id='word_1_336' title='bbox 1687 655 1735 682; x_wconf 85' lang='lat' dir='ltr'>qui</span> <span class='ocrx_word' id='word_1_337' title='bbox 1748 646 1843 673; x_wconf 86' lang='lat' dir='ltr'>scelere</span> <span class='ocrx_word' id='word_1_338' title='bbox 1862 646 1990 675; x_wconf 79' lang='lat' dir='ltr'>barbaros</span> <span class='ocrx_word' id='word_1_339' title='bbox 2004 655 2108 676; x_wconf 82' lang='lat' dir='ltr'>vicerit.</span> <span class='ocrx_word' id='word_1_340' title='bbox 2147 651 2239 685; x_wconf 78' lang='lat' dir='ltr'>Nempe</span> <span class='ocrx_word' id='word_1_341' title='bbox 2259 650 2365 678; x_wconf 85' lang='lat' dir='ltr'>barbari</span> <span class='ocrx_word' id='word_1_342' title='bbox 2378 649 2451 690; x_wconf 54' lang='lat' dir='ltr'>etiam}</span> 
     </span>
    </p>
   </div>
   <div class='ocr_carea' id='block_1_6' title="bbox 306 683 2453 763">
    <p class='ocr_par' dir='ltr' id='par_1_6' title="bbox 306 683 2453 763">
     <span class='ocr_line' id='line_1_58' title="bbox 306 683 2453 723; baseline -0.007 -5"><span class='ocrx_word' id='word_1_343' title='bbox 306 693 394 718; x_wconf 77' lang='lat' dir='ltr'>mulae.</span> <span class='ocrx_word' id='word_1_344' title='bbox 431 691 565 718; x_wconf 84' lang='lat' dir='ltr'>Abradere</span> <span class='ocrx_word' id='word_1_345' title='bbox 579 691 688 718; x_wconf 80' lang='lat' dir='ltr'>barbam</span> <span class='ocrx_word' id='word_1_346' title='bbox 701 691 766 717; x_wconf 85' lang='lat' dir='ltr'>Plin.</span> <span class='ocrx_word' id='word_1_347' title='bbox 782 693 808 723; x_wconf 88' lang='lat'>6,</span> <span class='ocrx_word' id='word_1_348' title='bbox 822 695 861 721; x_wconf 83' lang='lat'>28.</span> <span class='ocrx_word' id='word_1_349' title='bbox 933 688 1011 717; x_wconf 86' lang='lat' dir='ltr'>Cadit</span> <span class='ocrx_word' id='word_1_350' title='bbox 1026 689 1108 716; x_wconf 79' lang='lat' dir='ltr'>barba</span> <span class='ocrx_word' id='word_1_351' title='bbox 1122 688 1243 716; x_wconf 82' lang='lat' dir='ltr'>tondenti</span> <span class='ocrx_word' id='word_1_352' title='bbox 1257 686 1355 720; x_wconf 79' lang='lat' dir='ltr'>Virgil.</span> <span class='ocrx_word' id='word_1_353' title='bbox 1407 686 1554 720; x_wconf 70' lang='lat' dir='ltr'><em>religionum</em></span> <span class='ocrx_word' id='word_1_354' title='bbox 1567 686 1655 723; x_wconf 51' lang='lat' dir='ltr'>ignara¹</span> <span class='ocrx_word' id='word_1_355' title='bbox 1666 689 1691 708; x_wconf 83' lang='lat' dir='ltr'>et</span> <span class='ocrx_word' id='word_1_356' title='bbox 1704 688 1823 717; x_wconf 47' lang='lat' dir='ltr'>expertes.</span> <span class='ocrx_word' id='word_1_357' title='bbox 1875 683 2044 711; x_wconf 82' lang='lat' dir='ltr'>Consuetudo</span> <span class='ocrx_word' id='word_1_358' title='bbox 2056 685 2181 711; x_wconf 86' lang='lat' dir='ltr'>immanis</span> <span class='ocrx_word' id='word_1_359' title='bbox 2194 694 2224 711; x_wconf 86' lang='lat' dir='ltr'>ac</span> <span class='ocrx_word' id='word_1_360' title='bbox 2236 685 2347 715; x_wconf 81' lang='lat' dir='ltr'>barbara</span> <span class='ocrx_word' id='word_1_361' title='bbox 2358 688 2453 720; x_wconf 46' lang='lat' dir='ltr'>imam.</span> 
     </span>
     <span class='ocr_line' id='line_1_59' title="bbox 306 710 2453 763; baseline -0.003 -9"><span class='ocrx_word' id='word_1_362' title='bbox 306 727 360 754; x_wconf 85' lang='lat' dir='ltr'>Ecl.</span> <span class='ocrx_word' id='word_1_363' title='bbox 378 736 399 760; x_wconf 92' lang='lat'>1,</span> <span class='ocrx_word' id='word_1_364' title='bbox 411 735 455 761; x_wconf 88' lang='lat'>29.</span> <span class='ocrx_word' id='word_1_365' title='bbox 528 727 610 754; x_wconf 87' lang='lat' dir='ltr'>Canet</span> <span class='ocrx_word' id='word_1_366' title='bbox 623 727 706 753; x_wconf 86' lang='lat' dir='ltr'>barba</span> <span class='ocrx_word' id='word_1_367' title='bbox 719 726 778 761; x_wconf 85' lang='lat' dir='ltr'>gelu</span> <span class='ocrx_word' id='word_1_368' title='bbox 798 726 844 752; x_wconf 85' lang='lat' dir='ltr'>Sil.</span> <span class='ocrx_word' id='word_1_369' title='bbox 861 734 887 758; x_wconf 92' lang='lat'>1,</span> <span class='ocrx_word' id='word_1_370' title='bbox 901 734 959 759; x_wconf 87' lang='lat'>205.</span> <span class='ocrx_word' id='word_1_371' title='bbox 1029 725 1129 752; x_wconf 85' lang='lat' dir='ltr'>Crescit</span> <span class='ocrx_word' id='word_1_372' title='bbox 1148 724 1230 750; x_wconf 86' lang='lat' dir='ltr'>barba</span> <span class='ocrx_word' id='word_1_373' title='bbox 1250 723 1355 748; x_wconf 83' lang='lat' dir='ltr'>Lucrct.</span> <span class='ocrx_word' id='word_1_374' title='bbox 1371 732 1396 757; x_wconf 84' lang='lat'>15</span> <span class='ocrx_word' id='word_1_375' title='bbox 1409 721 1550 747; x_wconf 82' lang='lat' dir='ltr'>landorum</span> <span class='ocrx_word' id='word_1_376' title='bbox 1571 720 1712 746; x_wconf 85' lang='lat' dir='ltr'>hominum</span> <span class='ocrx_word' id='word_1_377' title='bbox 1732 718 1788 744; x_wconf 85' lang='lat' dir='ltr'>Cic.</span> <span class='ocrx_word' id='word_1_378' title='bbox 1809 726 1860 753; x_wconf 86' lang='lat' dir='ltr'>pro</span> <span class='ocrx_word' id='word_1_379' title='bbox 1878 719 1954 746; x_wconf 89' lang='lat' dir='ltr'>Font.</span> <span class='ocrx_word' id='word_1_380' title='bbox 1973 728 2011 747; x_wconf 84' lang='lat'>21.</span> <span class='ocrx_word' id='word_1_381' title='bbox 2084 721 2172 748; x_wconf 88' lang='lat' dir='ltr'>Corda</span> <span class='ocrx_word' id='word_1_382' title='bbox 2192 721 2304 748; x_wconf 86' lang='lat' dir='ltr'>barbara</span> <span class='ocrx_word' id='word_1_383' title='bbox 2324 710 2453 763; x_wconf 52' lang='grc' dir='ltr'><strong>011ὶά,ᾴᾶ</strong></span> 
     </span>
    </p>
   </div>
   <div class='ocr_carea' id='block_1_7' title="bbox 305 754 2444 938">
    <p class='ocr_par' dir='ltr' id='par_1_7' title="bbox 305 754 2444 938">
     <span class='ocr_line' id='line_1_60' title="bbox 306 754 2444 799; baseline -0.003 -9"><span class='ocrx_word' id='word_1_384' title='bbox 306 765 333 794; x_wconf 87' lang='lat'>6,</span> <span class='ocrx_word' id='word_1_385' title='bbox 346 771 406 797; x_wconf 88' lang='grc'><strong>945.</strong></span> <span class='ocrx_word' id='word_1_386' title='bbox 476 762 612 790; x_wconf 88' lang='lat' dir='ltr'>Deducere</span> <span class='ocrx_word' id='word_1_387' title='bbox 625 762 722 789; x_wconf 84' lang='lat' dir='ltr'>barbae</span> <span class='ocrx_word' id='word_1_388' title='bbox 735 762 891 794; x_wconf 82' lang='lat' dir='ltr'>caesariem,</span> <span class='ocrx_word' id='word_1_389' title='bbox 911 762 1021 789; x_wconf 80' lang='lat' dir='ltr'>Mulcere</span> <span class='ocrx_word' id='word_1_390' title='bbox 1034 761 1133 788; x_wconf 71' lang='lat' dir='ltr'>barbam</span> <span class='ocrx_word' id='word_1_391' title='bbox 1147 759 1228 786; x_wconf 83' lang='lat' dir='ltr'>Ouid.</span> <span class='ocrx_word' id='word_1_392' title='bbox 1242 759 1308 784; x_wconf 86' lang='lat' dir='ltr'>Met.</span> <span class='ocrx_word' id='word_1_393' title='bbox 1321 765 1355 789; x_wconf 82' lang='lat'>15,</span> <span class='ocrx_word' id='word_1_394' title='bbox 1409 757 1484 783; x_wconf 89' lang='lat' dir='ltr'>Pont.</span> <span class='ocrx_word' id='word_1_395' title='bbox 1499 765 1528 788; x_wconf 86' lang='lat'>3,</span> <span class='ocrx_word' id='word_1_396' title='bbox 1546 764 1578 788; x_wconf 88' lang='lat'>2,</span> <span class='ocrx_word' id='word_1_397' title='bbox 1596 763 1651 781; x_wconf 86' lang='lat'>100.</span> <span class='ocrx_word' id='word_1_398' title='bbox 1723 754 1793 793; x_wconf 29' lang='lat' dir='ltr'>Gneus</span> <span class='ocrx_word' id='word_1_399' title='bbox 1812 754 1936 794; x_wconf 86' lang='lat' dir='ltr'>immanis</span> <span class='ocrx_word' id='word_1_400' title='bbox 1956 764 1984 782; x_wconf 86' lang='lat' dir='ltr'>ac</span> <span class='ocrx_word' id='word_1_401' title='bbox 2005 756 2117 784; x_wconf 82' lang='lat' dir='ltr'>barbara</span> <span class='ocrx_word' id='word_1_402' title='bbox 2133 768 2138 783; x_wconf 91' lang='lat'><strong>:</strong></span> <span class='ocrx_word' id='word_1_403' title='bbox 2169 757 2213 783; x_wconf 88' lang='lat' dir='ltr'>cui</span> <span class='ocrx_word' id='word_1_404' title='bbox 2233 758 2387 792; x_wconf 70' lang='lat' dir='ltr'>opponitur.</span> <span class='ocrx_word' id='word_1_405' title='bbox 2398 767 2406 794; x_wconf 63' lang='lat' dir='ltr'><em>j</em></span> <span class='ocrx_word' id='word_1_406' title='bbox 2418 769 2444 799; x_wconf 64' lang='grc' dir='ltr'>ῃ,</span> 
     </span>
     <span class='ocr_line' id='line_1_61' title="bbox 306 788 2409 832; baseline -0.004 -7"><span class='ocrx_word' id='word_1_407' title='bbox 306 801 364 832; x_wconf 79' lang='lat'>656.</span> <span class='ocrx_word' id='word_1_408' title='bbox 421 799 478 825; x_wconf 85' lang='lat' dir='ltr'>Cic.</span> <span class='ocrx_word' id='word_1_409' title='bbox 492 798 524 825; x_wconf 85' lang='lat' dir='ltr'>de</span> <span class='ocrx_word' id='word_1_410' title='bbox 539 799 635 825; x_wconf 86' lang='lat' dir='ltr'>Natur.</span> <span class='ocrx_word' id='word_1_411' title='bbox 649 799 730 825; x_wconf 86' lang='lat' dir='ltr'>Deor.</span> <span class='ocrx_word' id='word_1_412' title='bbox 743 806 766 830; x_wconf 90' lang='grc'>3,</span> <span class='ocrx_word' id='word_1_413' title='bbox 783 803 810 830; x_wconf 81' lang='grc'>83</span> <span class='ocrx_word' id='word_1_414' title='bbox 831 806 852 824; x_wconf 91' lang='lat' dir='ltr'>c.</span> <span class='ocrx_word' id='word_1_415' title='bbox 868 806 902 831; x_wconf 85' lang='lat'>34</span> <span class='ocrx_word' id='word_1_416' title='bbox 922 796 1062 829; x_wconf 80' lang='lat' dir='ltr'>Dionyfius</span> <span class='ocrx_word' id='word_1_417' title='bbox 1076 794 1225 829; x_wconf 77' lang='lat' dir='ltr'>Aesculapii</span> <span class='ocrx_word' id='word_1_418' title='bbox 1243 793 1355 820; x_wconf 82' lang='lat' dir='ltr'>barbam</span> <span class='ocrx_word' id='word_1_419' title='bbox 1409 797 1602 831; x_wconf 40' lang='lat' dir='ltr'>uiana,.atque</span> <span class='ocrx_word' id='word_1_420' title='bbox 1623 789 1774 830; x_wconf 39' lang='lat' dir='ltr'>dotia-Cic.</span> <span class='ocrx_word' id='word_1_421' title='bbox 1793 788 1825 815; x_wconf 91' lang='lat' dir='ltr'>de</span> <span class='ocrx_word' id='word_1_422' title='bbox 1839 790 1931 831; x_wconf 54' lang='lat' dir='ltr'>Dmin,</span> <span class='ocrx_word' id='word_1_423' title='bbox 1950 799 1983 824; x_wconf 85' lang='lat'>2,</span> <span class='ocrx_word' id='word_1_424' title='bbox 2020 812 2026 818; x_wconf 95' lang='lat'>.</span> <span class='ocrx_word' id='word_1_425' title='bbox 2065 811 2072 818; x_wconf 92' lang='lat'>.</span> <span class='ocrx_word' id='word_1_426' title='bbox 2109 813 2117 819; x_wconf 94' lang='lat'>.</span> <span class='ocrx_word' id='word_1_427' title='bbox 2172 793 2250 827; x_wconf 83' lang='lat' dir='ltr'>Apul.</span> <span class='ocrx_word' id='word_1_428' title='bbox 2265 794 2354 826; x_wconf 82' lang='lat' dir='ltr'>Met.3</span> <span class='ocrx_word' id='word_1_429' title='bbox 2374 804 2409 832; x_wconf 66' lang='lat' dir='ltr'>p„</span> 
     </span>
     <span class='ocr_line' id='line_1_62' title="bbox 305 825 2435 869; baseline -0.002 -8"><span class='ocrx_word' id='word_1_430' title='bbox 305 843 413 861; x_wconf 84' lang='lat' dir='ltr'>auream</span> <span class='ocrx_word' id='word_1_431' title='bbox 427 834 499 861; x_wconf 85' lang='lat' dir='ltr'>demi</span> <span class='ocrx_word' id='word_1_432' title='bbox 515 834 591 861; x_wconf 85' lang='lat' dir='ltr'>iuffit.</span> <span class='ocrx_word' id='word_1_433' title='bbox 663 834 789 869; x_wconf 83' lang='lat' dir='ltr'>Figurare</span> <span class='ocrx_word' id='word_1_434' title='bbox 804 833 944 869; x_wconf 77' lang='lat' dir='ltr'>peregrina</span> <span class='ocrx_word' id='word_1_435' title='bbox 956 833 1061 859; x_wconf 89' lang='lat' dir='ltr'>ratione</span> <span class='ocrx_word' id='word_1_436' title='bbox 1075 833 1142 857; x_wconf 81' lang='lat' dir='ltr'>Petr.</span> <span class='ocrx_word' id='word_1_437' title='bbox 1156 839 1177 857; x_wconf 87' lang='lat' dir='ltr'>c.</span> <span class='ocrx_word' id='word_1_438' title='bbox 1187 838 1242 857; x_wconf 87' lang='lat'>102.</span> <span class='ocrx_word' id='word_1_439' title='bbox 1312 829 1355 854; x_wconf 87' lang='lat'>111-</span> <span class='ocrx_word' id='word_1_440' title='bbox 1409 827 1520 855; x_wconf 86' lang='lat' dir='ltr'>Barbari</span> <span class='ocrx_word' id='word_1_441' title='bbox 1540 827 1646 862; x_wconf 86' lang='lat' dir='ltr'>prorsus</span> <span class='ocrx_word' id='word_1_442' title='bbox 1666 832 1691 852; x_wconf 87' lang='lat' dir='ltr'>et</span> <span class='ocrx_word' id='word_1_443' title='bbox 1710 834 1837 851; x_wconf 81' lang='lat' dir='ltr'>immanes</span> <span class='ocrx_word' id='word_1_444' title='bbox 1854 825 1984 853; x_wconf 87' lang='lat' dir='ltr'>homines.</span> <span class='ocrx_word' id='word_1_445' title='bbox 2016 862 2022 867; x_wconf 25' lang='grc' dir='ltr'><strong>Α</strong></span> <span class='ocrx_word' id='word_1_446' title='bbox 2056 828 2116 855; x_wconf 89' lang='lat' dir='ltr'>Mos</span> <span class='ocrx_word' id='word_1_447' title='bbox 2131 828 2225 855; x_wconf 82' lang='lat' dir='ltr'>Horat.</span> <span class='ocrx_word' id='word_1_448' title='bbox 2242 829 2358 863; x_wconf 69' lang='lat' dir='ltr'>carmi,</span> <span class='ocrx_word' id='word_1_449' title='bbox 2369 839 2408 858; x_wconf 91' lang='lat'>2</span> <span class='ocrx_word' id='word_1_450' title='bbox 2434 842 2435 845; x_wconf 48' lang='lat'>¹</span> 
     </span>
     <span class='ocr_line' id='line_1_63' title="bbox 306 861 2430 905; baseline -0.003 -9"><span class='ocrx_word' id='word_1_451' title='bbox 306 871 398 897; x_wconf 83' lang='lat' dir='ltr'>crescit</span> <span class='ocrx_word' id='word_1_452' title='bbox 412 870 494 897; x_wconf 84' lang='lat' dir='ltr'>barba</span> <span class='ocrx_word' id='word_1_453' title='bbox 506 871 579 905; x_wconf 84' lang='lat' dir='ltr'>genis</span> <span class='ocrx_word' id='word_1_454' title='bbox 592 870 689 896; x_wconf 89' lang='lat' dir='ltr'>Lucan.</span> <span class='ocrx_word' id='word_1_455' title='bbox 704 878 730 902; x_wconf 89' lang='lat'>2,</span> <span class='ocrx_word' id='word_1_456' title='bbox 741 871 799 904; x_wconf 82' lang='lat'>376.</span> <span class='ocrx_word' id='word_1_457' title='bbox 847 871 949 896; x_wconf 84' lang='lat' dir='ltr'>Metere</span> <span class='ocrx_word' id='word_1_458' title='bbox 962 870 1054 895; x_wconf 87' lang='lat' dir='ltr'>quen.</span> <span class='ocrx_word' id='word_1_459' title='bbox 1069 867 1119 893; x_wconf 86' lang='lat' dir='ltr'>Sat.</span> <span class='ocrx_word' id='word_1_460' title='bbox 1134 875 1156 899; x_wconf 83' lang='lat'>3,</span> <span class='ocrx_word' id='word_1_461' title='bbox 1170 867 1222 896; x_wconf 89' lang='lat'>186.</span> <span class='ocrx_word' id='word_1_462' title='bbox 1283 863 1353 891; x_wconf 92' lang='lat' dir='ltr'>Mul·</span> <span class='ocrx_word' id='word_1_463' title='bbox 1407 864 1506 898; x_wconf 77' lang='lat' dir='ltr'>Virgil.</span> <span class='ocrx_word' id='word_1_464' title='bbox 1520 864 1585 889; x_wconf 87' lang='lat' dir='ltr'>Aen.</span> <span class='ocrx_word' id='word_1_465' title='bbox 1598 871 1617 894; x_wconf 92' lang='lat'>1,</span> <span class='ocrx_word' id='word_1_466' title='bbox 1630 870 1675 895; x_wconf 86' lang='grc'>539</span> <span class='ocrx_word' id='word_1_467' title='bbox 1694 861 1774 901; x_wconf 74' lang='lat' dir='ltr'>Qiod</span> <span class='ocrx_word' id='word_1_468' title='bbox 1788 870 1867 902; x_wconf 77' lang='lat' dir='ltr'>genus</span> <span class='ocrx_word' id='word_1_469' title='bbox 1885 861 1936 888; x_wconf 91' lang='lat' dir='ltr'>hoc</span> <span class='ocrx_word' id='word_1_470' title='bbox 1949 861 2088 890; x_wconf 85' lang='lat' dir='ltr'>hominum</span> <span class='ocrx_word' id='word_1_471' title='bbox 2097 884 2105 897; x_wconf 97' lang='lat'>,</span> <span class='ocrx_word' id='word_1_472' title='bbox 2125 864 2315 899; x_wconf 17' lang='lat' dir='ltr'>quaeuerhunc</span> <span class='ocrx_word' id='word_1_473' title='bbox 2328 871 2379 893; x_wconf 87' lang='lat' dir='ltr'>tam</span> <span class='ocrx_word' id='word_1_474' title='bbox 2398 867 2414 890; x_wconf 64' lang='grc' dir='ltr'>’.ἵ</span> <span class='ocrx_word' id='word_1_475' title='bbox 2426 896 2430 898; x_wconf 28' lang='grc' dir='ltr'><em>Π</em></span> 
     </span>
     <span class='ocr_line' id='line_1_64' title="bbox 305 898 2334 938; baseline -0.003 -6"><span class='ocrx_word' id='word_1_476' title='bbox 305 914 365 932; x_wconf 86' lang='lat' dir='ltr'>cei-e</span> <span class='ocrx_word' id='word_1_477' title='bbox 382 905 493 933; x_wconf 81' lang='lat' dir='ltr'>barbam</span> <span class='ocrx_word' id='word_1_478' title='bbox 511 915 592 933; x_wconf 86' lang='lat' dir='ltr'>manu</span> <span class='ocrx_word' id='word_1_479' title='bbox 610 905 693 932; x_wconf 89' lang='lat' dir='ltr'>Ouid.</span> <span class='ocrx_word' id='word_1_480' title='bbox 708 906 772 933; x_wconf 86' lang='lat' dir='ltr'>Fast.</span> <span class='ocrx_word' id='word_1_481' title='bbox 788 914 811 936; x_wconf 91' lang='lat'>1,</span> <span class='ocrx_word' id='word_1_482' title='bbox 830 913 887 938; x_wconf 76' lang='lat'>259.</span> <span class='ocrx_word' id='word_1_483' title='bbox 959 904 1080 934; x_wconf 87' lang='lat' dir='ltr'>Pascerc,</span> <span class='ocrx_word' id='word_1_484' title='bbox 1104 902 1158 928; x_wconf 63' lang='lat' dir='ltr'>vid.</span> <span class='ocrx_word' id='word_1_485' title='bbox 1173 902 1260 937; x_wconf 82' lang='lat' dir='ltr'>paullo</span> <span class='ocrx_word' id='word_1_486' title='bbox 1281 899 1472 933; x_wconf 82' lang='lat' dir='ltr'>ante,20bara</span> <span class='ocrx_word' id='word_1_487' title='bbox 1485 908 1606 930; x_wconf 85' lang='lat' dir='ltr'>morem,</span> <span class='ocrx_word' id='word_1_488' title='bbox 1623 899 1756 924; x_wconf 81' lang='lat' dir='ltr'>Permittit</span> <span class='ocrx_word' id='word_1_489' title='bbox 1770 898 1874 932; x_wconf 70' lang='lat' dir='ltr'>patria?</span> <span class='ocrx_word' id='word_1_490' title='bbox 1899 898 2031 932; x_wconf 23' lang='lat' dir='ltr'>Hospitio,</span> <span class='ocrx_word' id='word_1_491' title='bbox 2041 899 2218 934; x_wconf 84' lang='lat' dir='ltr'>prohibemur</span> <span class='ocrx_word' id='word_1_492' title='bbox 2231 909 2334 927; x_wconf 85' lang='lat' dir='ltr'>arenae.</span> 
     </span>
    </p>
   </div>
   <div class='ocr_carea' id='block_1_8' title="bbox 275 933 2455 2653">
    <p class='ocr_par' dir='ltr' id='par_1_8' title="bbox 275 933 2455 2653">
     <span class='ocr_line' id='line_1_65' title="bbox 306 933 2452 976; baseline -0.003 -8"><span class='ocrx_word' id='word_1_493' title='bbox 306 942 458 976; x_wconf 82' lang='lat' dir='ltr'>Sapientem</span> <span class='ocrx_word' id='word_1_494' title='bbox 477 942 597 976; x_wconf 85' lang='lat' dir='ltr'>pascere,</span> <span class='ocrx_word' id='word_1_495' title='bbox 618 948 664 968; x_wconf 81' lang='lat' dir='ltr'>etc.</span> <span class='ocrx_word' id='word_1_496' title='bbox 743 942 859 972; x_wconf 84' lang='lat' dir='ltr'>Ponere,</span> <span class='ocrx_word' id='word_1_497' title='bbox 879 941 1034 973; x_wconf 79' lang='lat' dir='ltr'>Dcponere,</span> <span class='ocrx_word' id='word_1_498' title='bbox 1055 938 1162 974; x_wconf 74' lang='lat' dir='ltr'>resecare</span> <span class='ocrx_word' id='word_1_499' title='bbox 1181 939 1276 965; x_wconf 87' lang='lat' dir='ltr'>Horat.</span> <span class='ocrx_word' id='word_1_500' title='bbox 1285 937 1356 963; x_wconf 88' lang='lat' dir='ltr'>·Arte</span> <span class='ocrx_word' id='word_1_501' title='bbox 1408 944 1488 962; x_wconf 90' lang='lat' dir='ltr'>mone</span> <span class='ocrx_word' id='word_1_502' title='bbox 1506 935 1634 962; x_wconf 81' lang='lat' dir='ltr'>barbarus</span> <span class='ocrx_word' id='word_1_503' title='bbox 1653 940 1697 960; x_wconf 88' lang='lat' dir='ltr'>aut</span> <span class='ocrx_word' id='word_1_504' title='bbox 1717 933 1829 973; x_wconf 81' lang='lat' dir='ltr'>barbara</span> <span class='ocrx_word' id='word_1_505' title='bbox 1847 933 1930 960; x_wconf 85' lang='lat' dir='ltr'>Ouid.</span> <span class='ocrx_word' id='word_1_506' title='bbox 1941 934 2017 960; x_wconf 88' lang='lat' dir='ltr'>Rem.</span> <span class='ocrx_word' id='word_1_507' title='bbox 2031 937 2122 962; x_wconf 83' lang='lat' dir='ltr'>Amor.</span> <span class='ocrx_word' id='word_1_508' title='bbox 2136 944 2187 969; x_wconf 87' lang='grc'>335.</span> <span class='ocrx_word' id='word_1_509' title='bbox 2242 936 2311 963; x_wconf 88' lang='lat' dir='ltr'>Vell.</span> <span class='ocrx_word' id='word_1_510' title='bbox 2326 945 2357 970; x_wconf 91' lang='lat'>2,</span> <span class='ocrx_word' id='word_1_511' title='bbox 2370 944 2452 974; x_wconf 63' lang='lat'>73</span> 
     </span>
     <span class='ocr_line' id='line_1_66' title="bbox 305 966 2455 1013; baseline -0.002 -9"><span class='ocrx_word' id='word_1_512' title='bbox 305 978 378 1004; x_wconf 69' lang='lat' dir='ltr'>Poer.</span> <span class='ocrx_word' id='word_1_513' title='bbox 394 982 453 1011; x_wconf 85' lang='lat'>298.</span> <span class='ocrx_word' id='word_1_514' title='bbox 496 977 554 1004; x_wconf 80' lang='lat' dir='ltr'>Vid.</span> <span class='ocrx_word' id='word_1_515' title='bbox 573 983 664 1005; x_wconf 72' lang='lat' dir='ltr'>PONO</span> <span class='ocrx_word' id='word_1_516' title='bbox 685 984 709 1003; x_wconf 81' lang='lat' dir='ltr'>et</span> <span class='ocrx_word' id='word_1_517' title='bbox 728 982 861 1003; x_wconf 57' lang='lat' dir='ltr'>neronio.</span> <span class='ocrx_word' id='word_1_518' title='bbox 932 974 1107 1006; x_wconf 81' lang='lat' dir='ltr'>Promittere,</span> <span class='ocrx_word' id='word_1_519' title='bbox 1122 981 1172 1009; x_wconf 76' lang='lat' dir='ltr'>pro</span> <span class='ocrx_word' id='word_1_520' title='bbox 1193 973 1355 1000; x_wconf 81' lang='lat' dir='ltr'>Submittere</span> <span class='ocrx_word' id='word_1_521' title='bbox 1407 972 1510 1007; x_wconf 85' lang='lat' dir='ltr'>Species</span> <span class='ocrx_word' id='word_1_522' title='bbox 1524 969 1647 1004; x_wconf 83' lang='lat' dir='ltr'>myrrhae</span> <span class='ocrx_word' id='word_1_523' title='bbox 1660 969 1766 996; x_wconf 84' lang='lat' dir='ltr'>sordida</span> <span class='ocrx_word' id='word_1_524' title='bbox 1780 975 1806 995; x_wconf 86' lang='lat' dir='ltr'>et</span> <span class='ocrx_word' id='word_1_525' title='bbox 1821 968 1934 1009; x_wconf 75' lang='lat' dir='ltr'>barbara</span> <span class='ocrx_word' id='word_1_526' title='bbox 1950 970 2017 996; x_wconf 82' lang='lat' dir='ltr'>Plin.</span> <span class='ocrx_word' id='word_1_527' title='bbox 2031 979 2069 1003; x_wconf 81' lang='lat'>12,</span> <span class='ocrx_word' id='word_1_528' title='bbox 2084 974 2121 997; x_wconf 85' lang='lat'>16.</span> <span class='ocrx_word' id='word_1_529' title='bbox 2193 971 2291 999; x_wconf 78' lang='lat' dir='ltr'>Tellus</span> <span class='ocrx_word' id='word_1_530' title='bbox 2303 972 2416 1000; x_wconf 71' lang='lat' dir='ltr'>Ouid..</span> <span class='ocrx_word' id='word_1_531' title='bbox 2432 966 2455 1013; x_wconf 65' lang='lat' dir='ltr'>lif</span> 
     </span>
     <span class='ocr_line' id='line_1_67' title="bbox 304 1003 2451 1047; baseline -0.004 -7"><span class='ocrx_word' id='word_1_532' title='bbox 304 1013 397 1040; x_wconf 80' lang='lat' dir='ltr'>Tacit.</span> <span class='ocrx_word' id='word_1_533' title='bbox 412 1014 479 1040; x_wconf 82' lang='lat' dir='ltr'>Anii.</span> <span class='ocrx_word' id='word_1_534' title='bbox 495 1022 522 1046; x_wconf 84' lang='lat'>2„</span> <span class='ocrx_word' id='word_1_535' title='bbox 535 1022 575 1047; x_wconf 82' lang='grc'>39.</span> <span class='ocrx_word' id='word_1_536' title='bbox 600 1012 670 1040; x_wconf 83' lang='lat' dir='ltr'>Vnde</span> <span class='ocrx_word' id='word_1_537' title='bbox 683 1011 807 1038; x_wconf 82' lang='lat' dir='ltr'>Promiffa</span> <span class='ocrx_word' id='word_1_538' title='bbox 820 1009 910 1036; x_wconf 87' lang='lat' dir='ltr'>barba.</span> <span class='ocrx_word' id='word_1_539' title='bbox 948 1010 1010 1036; x_wconf 89' lang='lat' dir='ltr'>Liu.</span> <span class='ocrx_word' id='word_1_540' title='bbox 1026 1018 1052 1043; x_wconf 91' lang='lat'>2,</span> <span class='ocrx_word' id='word_1_541' title='bbox 1064 1018 1091 1042; x_wconf 77' lang='lat'>23</span> <span class='ocrx_word' id='word_1_542' title='bbox 1112 1009 1151 1036; x_wconf 82' lang='lat' dir='ltr'>Ad</span> <span class='ocrx_word' id='word_1_543' title='bbox 1165 1009 1215 1036; x_wconf 90' lang='lat' dir='ltr'>hoc</span> <span class='ocrx_word' id='word_1_544' title='bbox 1230 1008 1355 1036; x_wconf 76' lang='lat' dir='ltr'>Proiniss&#39;a</span> <span class='ocrx_word' id='word_1_545' title='bbox 1409 1015 1432 1041; x_wconf 90' lang='lat'>5,</span> <span class='ocrx_word' id='word_1_546' title='bbox 1448 1017 1470 1040; x_wconf 85' lang='lat'>2,</span> <span class='ocrx_word' id='word_1_547' title='bbox 1484 1016 1518 1040; x_wconf 86' lang='grc'><strong>31.</strong></span> <span class='ocrx_word' id='word_1_548' title='bbox 1590 1006 1688 1032; x_wconf 83' lang='lat' dir='ltr'>Turba</span> <span class='ocrx_word' id='word_1_549' title='bbox 1703 1005 1777 1032; x_wconf 87' lang='lat' dir='ltr'>Idem</span> <span class='ocrx_word' id='word_1_550' title='bbox 1792 1004 1879 1032; x_wconf 89' lang='lat' dir='ltr'>Trist.</span> <span class='ocrx_word' id='word_1_551' title='bbox 1893 1012 1923 1038; x_wconf 88' lang='lat'>5,</span> <span class='ocrx_word' id='word_1_552' title='bbox 1938 1013 1977 1038; x_wconf 88' lang='lat'>10,</span> <span class='ocrx_word' id='word_1_553' title='bbox 1990 1010 2031 1035; x_wconf 84' lang='lat'>28·</span> <span class='ocrx_word' id='word_1_554' title='bbox 2083 1007 2175 1034; x_wconf 85' lang='lat' dir='ltr'>Tacit.</span> <span class='ocrx_word' id='word_1_555' title='bbox 2189 1007 2258 1034; x_wconf 85' lang='lat' dir='ltr'>Hist.</span> <span class='ocrx_word' id='word_1_556' title='bbox 2273 1016 2301 1041; x_wconf 79' lang='grc'>5,</span> <span class='ocrx_word' id='word_1_557' title='bbox 2318 1017 2335 1034; x_wconf 82' lang='lat'>2.</span> <span class='ocrx_word' id='word_1_558' title='bbox 2363 1009 2385 1036; x_wconf 90' lang='lat'>1</span> <span class='ocrx_word' id='word_1_559' title='bbox 2396 1013 2410 1040; x_wconf 54' lang='lat' dir='ltr'>j&gt;</span> <span class='ocrx_word' id='word_1_560' title='bbox 2420 1003 2451 1044; x_wconf 60' lang='lat' dir='ltr'>&#39;th</span> 
     </span>
     <span class='ocr_line' id='line_1_68' title="bbox 303 1038 2445 1084; baseline -0.003 -8"><span class='ocrx_word' id='word_1_561' title='bbox 303 1048 388 1076; x_wconf 86' lang='lat' dir='ltr'>barba</span> <span class='ocrx_word' id='word_1_562' title='bbox 400 1055 427 1075; x_wconf 88' lang='lat' dir='ltr'>et</span> <span class='ocrx_word' id='word_1_563' title='bbox 441 1049 532 1084; x_wconf 80' lang='lat' dir='ltr'>capilli</span> <span class='ocrx_word' id='word_1_564' title='bbox 551 1049 724 1076; x_wconf 78' lang='lat' dir='ltr'>efferauerant</span> <span class='ocrx_word' id='word_1_565' title='bbox 737 1046 849 1081; x_wconf 85' lang='lat' dir='ltr'>speciem</span> <span class='ocrx_word' id='word_1_566' title='bbox 863 1045 928 1073; x_wconf 82' lang='lat' dir='ltr'>oris.</span> <span class='ocrx_word' id='word_1_567' title='bbox 997 1046 1126 1073; x_wconf 77' lang='lat' dir='ltr'>Recidere</span> <span class='ocrx_word' id='word_1_568' title='bbox 1146 1045 1276 1072; x_wconf 87' lang='lat' dir='ltr'>hirsutam</span> <span class='ocrx_word' id='word_1_569' title='bbox 1297 1043 1355 1071; x_wconf 86' lang='lat' dir='ltr'>bar·</span> <span class='ocrx_word' id='word_1_570' title='bbox 1408 1044 1486 1070; x_wconf 71' lang='grc' dir='ltr'>εωᾶο</span> <span class='ocrx_word' id='word_1_571' title='bbox 1506 1043 1534 1069; x_wconf 87' lang='lat' dir='ltr'>in</span> <span class='ocrx_word' id='word_1_572' title='bbox 1547 1041 1691 1069; x_wconf 77' lang='lat' dir='ltr'>Barbarum</span> <span class='ocrx_word' id='word_1_573' title='bbox 1706 1047 1884 1081; x_wconf 74' lang='lat' dir='ltr'>cognomento</span> <span class='ocrx_word' id='word_1_574' title='bbox 1897 1040 2007 1068; x_wconf 83' lang='lat' dir='ltr'>Iudaeos</span> <span class='ocrx_word' id='word_1_575' title='bbox 2027 1043 2128 1069; x_wconf 80' lang='lat' dir='ltr'>vocari.</span> <span class='ocrx_word' id='word_1_576' title='bbox 2158 1044 2211 1076; x_wconf 33' lang='lat' dir='ltr'>,Sic</span> <span class='ocrx_word' id='word_1_577' title='bbox 2224 1044 2326 1070; x_wconf 86' lang='lat' dir='ltr'>Ciuitas</span> <span class='ocrx_word' id='word_1_578' title='bbox 2346 1053 2400 1079; x_wconf 90' lang='lat' dir='ltr'>po</span> <span class='ocrx_word' id='word_1_579' title='bbox 2428 1038 2445 1067; x_wconf 69' lang='lat'>¹1¹</span> 
     </span>
     <span class='ocr_line' id='line_1_69' title="bbox 304 1076 2437 1119; baseline -0.002 -8"><span class='ocrx_word' id='word_1_580' title='bbox 304 1083 367 1112; x_wconf 87' lang='lat' dir='ltr'>bam</span> <span class='ocrx_word' id='word_1_581' title='bbox 378 1085 459 1112; x_wconf 83' lang='lat' dir='ltr'>Ouid.</span> <span class='ocrx_word' id='word_1_582' title='bbox 473 1086 538 1112; x_wconf 86' lang='lat' dir='ltr'>Met.</span> <span class='ocrx_word' id='word_1_583' title='bbox 552 1093 586 1117; x_wconf 84' lang='lat'>13,</span> <span class='ocrx_word' id='word_1_584' title='bbox 598 1086 660 1119; x_wconf 87' lang='lat'>766.</span> <span class='ocrx_word' id='word_1_585' title='bbox 730 1083 854 1108; x_wconf 86' lang='lat' dir='ltr'>Resecare</span> <span class='ocrx_word' id='word_1_586' title='bbox 868 1082 942 1108; x_wconf 85' lang='lat' dir='ltr'>Idem</span> <span class='ocrx_word' id='word_1_587' title='bbox 955 1081 987 1108; x_wconf 85' lang='lat' dir='ltr'>de</span> <span class='ocrx_word' id='word_1_588' title='bbox 1002 1083 1066 1109; x_wconf 86' lang='lat' dir='ltr'>Arte</span> <span class='ocrx_word' id='word_1_589' title='bbox 1079 1083 1138 1108; x_wconf 88' lang='lat' dir='ltr'>Ani.</span> <span class='ocrx_word' id='word_1_590' title='bbox 1153 1091 1162 1108; x_wconf 95' lang='lat'>1</span> <span class='ocrx_word' id='word_1_591' title='bbox 1171 1102 1179 1114; x_wconf 90' lang='lat'>,</span> <span class='ocrx_word' id='word_1_592' title='bbox 1193 1086 1244 1114; x_wconf 87' lang='lat'>518.</span> <span class='ocrx_word' id='word_1_593' title='bbox 1309 1080 1355 1106; x_wconf 89' lang='lat' dir='ltr'>Ri-</span> <span class='ocrx_word' id='word_1_594' title='bbox 1364 1090 1395 1117; x_wconf 82' lang='lat'>23</span> <span class='ocrx_word' id='word_1_595' title='bbox 1407 1079 1483 1106; x_wconf 66' lang='lat' dir='ltr'>aneta</span> <span class='ocrx_word' id='word_1_596' title='bbox 1497 1078 1596 1109; x_wconf 83' lang='lat' dir='ltr'>muris,</span> <span class='ocrx_word' id='word_1_597' title='bbox 1616 1086 1704 1112; x_wconf 86' lang='lat' dir='ltr'>neque</span> <span class='ocrx_word' id='word_1_598' title='bbox 1717 1086 1746 1103; x_wconf 93' lang='lat' dir='ltr'>in</span> <span class='ocrx_word' id='word_1_599' title='bbox 1759 1076 1902 1103; x_wconf 90' lang='lat' dir='ltr'>barbarum</span> <span class='ocrx_word' id='word_1_600' title='bbox 1916 1083 2042 1112; x_wconf 85' lang='lat' dir='ltr'>corrupta</span> <span class='ocrx_word' id='word_1_601' title='bbox 2054 1078 2123 1105; x_wconf 88' lang='lat' dir='ltr'>Tac.</span> <span class='ocrx_word' id='word_1_602' title='bbox 2136 1079 2203 1106; x_wconf 84' lang='lat' dir='ltr'>Ann.</span> <span class='ocrx_word' id='word_1_603' title='bbox 2218 1081 2245 1112; x_wconf 89' lang='lat'>6,</span> <span class='ocrx_word' id='word_1_604' title='bbox 2259 1088 2308 1113; x_wconf 83' lang='lat'>42:</span> <span class='ocrx_word' id='word_1_605' title='bbox 2327 1080 2406 1106; x_wconf 84' lang='lat' dir='ltr'>in</span> <span class='ocrx_word' id='word_1_606' title='bbox 2427 1084 2437 1113; x_wconf 64' lang='grc' dir='ltr'>ἶ</span> 
     </span>
     <span class='ocr_line' id='line_1_70' title="bbox 304 1112 2445 1155; baseline -0.002 -8"><span class='ocrx_word' id='word_1_607' title='bbox 304 1126 348 1155; x_wconf 83' lang='lat' dir='ltr'>get</span> <span class='ocrx_word' id='word_1_608' title='bbox 360 1121 443 1155; x_wconf 83' lang='lat' dir='ltr'>glacie</span> <span class='ocrx_word' id='word_1_609' title='bbox 457 1120 567 1147; x_wconf 86' lang='lat' dir='ltr'>horrida</span> <span class='ocrx_word' id='word_1_610' title='bbox 581 1119 663 1147; x_wconf 84' lang='lat' dir='ltr'>barba</span> <span class='ocrx_word' id='word_1_611' title='bbox 676 1118 772 1153; x_wconf 81' lang='lat' dir='ltr'>VirgiL</span> <span class='ocrx_word' id='word_1_612' title='bbox 788 1119 853 1144; x_wconf 84' lang='lat' dir='ltr'>Aen.</span> <span class='ocrx_word' id='word_1_613' title='bbox 868 1126 897 1151; x_wconf 85' lang='lat'>4,</span> <span class='ocrx_word' id='word_1_614' title='bbox 910 1126 962 1150; x_wconf 81' lang='lat'>251.</span> <span class='ocrx_word' id='word_1_615' title='bbox 1017 1117 1073 1145; x_wconf 88' lang='lat' dir='ltr'>Cic.</span> <span class='ocrx_word' id='word_1_616' title='bbox 1087 1118 1170 1144; x_wconf 84' lang='lat' dir='ltr'>Tusc.</span> <span class='ocrx_word' id='word_1_617' title='bbox 1183 1125 1206 1150; x_wconf 91' lang='lat'>5,</span> <span class='ocrx_word' id='word_1_618' title='bbox 1225 1122 1253 1150; x_wconf 81' lang='lat'>58</span> <span class='ocrx_word' id='word_1_619' title='bbox 1279 1125 1300 1143; x_wconf 85' lang='lat' dir='ltr'>c.</span> <span class='ocrx_word' id='word_1_620' title='bbox 1319 1124 1353 1142; x_wconf 86' lang='lat'>20</span> <span class='ocrx_word' id='word_1_621' title='bbox 1406 1126 1476 1148; x_wconf 85' lang='lat' dir='ltr'>rum,</span> <span class='ocrx_word' id='word_1_622' title='bbox 1490 1118 1538 1141; x_wconf 84' lang='lat' dir='ltr'>int.</span> <span class='ocrx_word' id='word_1_623' title='bbox 1553 1122 1648 1140; x_wconf 80' lang='lat' dir='ltr'>morem.</span> <span class='ocrx_word' id='word_1_624' title='bbox 1719 1112 1878 1146; x_wconf 73' lang='lat' dir='ltr'>barbarior,</span> <span class='ocrx_word' id='word_1_625' title='bbox 1898 1119 1924 1140; x_wconf 87' lang='lat' dir='ltr'>et</span> <span class='ocrx_word' id='word_1_626' title='bbox 1939 1113 2095 1146; x_wconf 87' lang='lat' dir='ltr'>barbarius,</span> <span class='ocrx_word' id='word_1_627' title='bbox 2113 1120 2221 1150; x_wconf 73' lang='lat' dir='ltr'>compar.</span> <span class='ocrx_word' id='word_1_628' title='bbox 2238 1115 2320 1142; x_wconf 90' lang='lat' dir='ltr'>Ouid.</span> <span class='ocrx_word' id='word_1_629' title='bbox 2333 1124 2364 1142; x_wconf 84' lang='lat' dir='ltr'>ex</span> <span class='ocrx_word' id='word_1_630' title='bbox 2377 1116 2395 1143; x_wconf 83' lang='grc' dir='ltr'>Ρ</span> <span class='ocrx_word' id='word_1_631' title='bbox 2431 1113 2445 1148; x_wconf 57' lang='lat' dir='ltr'>if</span> 
     </span>
     <span class='ocr_line' id='line_1_71' title="bbox 303 1148 2444 1197; baseline -0.003 -14"><span class='ocrx_word' id='word_1_632' title='bbox 303 1156 419 1183; x_wconf 79' lang='lat' dir='ltr'>Sordide</span> <span class='ocrx_word' id='word_1_633' title='bbox 433 1157 607 1190; x_wconf 86' lang='lat' dir='ltr'>ancillarique</span> <span class='ocrx_word' id='word_1_634' title='bbox 628 1153 743 1181; x_wconf 77' lang='lat' dir='ltr'>artificio</span> <span class='ocrx_word' id='word_1_635' title='bbox 765 1154 853 1188; x_wconf 82' lang='lat' dir='ltr'>regiae</span> <span class='ocrx_word' id='word_1_636' title='bbox 870 1154 1007 1188; x_wconf 80' lang='lat' dir='ltr'>virgines,</span> <span class='ocrx_word' id='word_1_637' title='bbox 1029 1160 1058 1180; x_wconf 91' lang='lat' dir='ltr'>vt</span> <span class='ocrx_word' id='word_1_638' title='bbox 1077 1153 1246 1180; x_wconf 87' lang='lat' dir='ltr'>tonstriculae</span> <span class='ocrx_word' id='word_1_639' title='bbox 1261 1151 1352 1178; x_wconf 82' lang='lat' dir='ltr'>tonde·</span> <span class='ocrx_word' id='word_1_640' title='bbox 1406 1160 1430 1185; x_wconf 89' lang='grc'>3,</span> <span class='ocrx_word' id='word_1_641' title='bbox 1448 1160 1474 1184; x_wconf 86' lang='lat'>2,</span> <span class='ocrx_word' id='word_1_642' title='bbox 1488 1156 1520 1186; x_wconf 85' lang='lat'>78</span> <span class='ocrx_word' id='word_1_643' title='bbox 1545 1150 1622 1176; x_wconf 82' lang='lat' dir='ltr'>Sacra</span> <span class='ocrx_word' id='word_1_644' title='bbox 1640 1150 1687 1174; x_wconf 84' lang='lat' dir='ltr'>suo</span> <span class='ocrx_word' id='word_1_645' title='bbox 1705 1148 1777 1175; x_wconf 84' lang='lat' dir='ltr'>facio</span> <span class='ocrx_word' id='word_1_646' title='bbox 1796 1148 1953 1176; x_wconf 79' lang='lat' dir='ltr'>barbariora</span> <span class='ocrx_word' id='word_1_647' title='bbox 1968 1149 2036 1176; x_wconf 90' lang='lat' dir='ltr'>loco.</span> <span class='ocrx_word' id='word_1_648' title='bbox 2073 1150 2146 1186; x_wconf 82' lang='lat' dir='ltr'>Cous.</span> <span class='ocrx_word' id='word_1_649' title='bbox 2160 1151 2247 1178; x_wconf 78' lang='lat' dir='ltr'>Trist.</span> <span class='ocrx_word' id='word_1_650' title='bbox 2261 1160 2284 1185; x_wconf 83' lang='lat'>5,</span> <span class='ocrx_word' id='word_1_651' title='bbox 2298 1160 2317 1183; x_wconf 92' lang='lat'>1,</span> <span class='ocrx_word' id='word_1_652' title='bbox 2330 1159 2372 1186; x_wconf 87' lang='lat'>72.</span> <span class='ocrx_word' id='word_1_653' title='bbox 2395 1168 2400 1181; x_wconf 56' lang='lat'>.</span> <span class='ocrx_word' id='word_1_654' title='bbox 2426 1149 2444 1197; x_wconf 42' lang='grc' dir='ltr'>,ἔξ</span> 
     </span>
     <span class='ocr_line' id='line_1_72' title="bbox 303 1183 2443 1226; baseline -0.003 -7"><span class='ocrx_word' id='word_1_655' title='bbox 303 1192 368 1219; x_wconf 89' lang='lat' dir='ltr'>bant</span> <span class='ocrx_word' id='word_1_656' title='bbox 382 1191 491 1219; x_wconf 84' lang='lat' dir='ltr'>barbam</span> <span class='ocrx_word' id='word_1_657' title='bbox 504 1198 529 1218; x_wconf 89' lang='lat' dir='ltr'>et</span> <span class='ocrx_word' id='word_1_658' title='bbox 543 1191 667 1225; x_wconf 86' lang='lat' dir='ltr'>capillum</span> <span class='ocrx_word' id='word_1_659' title='bbox 679 1190 769 1225; x_wconf 78' lang='lat' dir='ltr'>patris.</span> <span class='ocrx_word' id='word_1_660' title='bbox 840 1189 946 1216; x_wconf 84' lang='lat' dir='ltr'>Vellere</span> <span class='ocrx_word' id='word_1_661' title='bbox 960 1189 1070 1216; x_wconf 82' lang='lat' dir='ltr'>barbam</span> <span class='ocrx_word' id='word_1_662' title='bbox 1084 1190 1177 1216; x_wconf 85' lang='lat' dir='ltr'>Horat.</span> <span class='ocrx_word' id='word_1_663' title='bbox 1192 1189 1273 1215; x_wconf 88' lang='lat' dir='ltr'>Serm.</span> <span class='ocrx_word' id='word_1_664' title='bbox 1288 1196 1316 1220; x_wconf 89' lang='lat' dir='ltr'>i,</span> <span class='ocrx_word' id='word_1_665' title='bbox 1331 1196 1354 1220; x_wconf 80' lang='grc'>3,</span> <span class='ocrx_word' id='word_1_666' title='bbox 1445 1194 1491 1214; x_wconf 79' lang='grc' dir='ltr'>ΒΛ</span> <span class='ocrx_word' id='word_1_667' title='bbox 1502 1193 1575 1213; x_wconf 66' lang='grc' dir='ltr'>ΚΒΑ</span> <span class='ocrx_word' id='word_1_668' title='bbox 1585 1191 1636 1212; x_wconf 73' lang='lat' dir='ltr'>RE.</span> <span class='ocrx_word' id='word_1_669' title='bbox 1649 1220 1654 1224; x_wconf 37' lang='lat'><em>¹</em></span> <span class='ocrx_word' id='word_1_670' title='bbox 1673 1184 1740 1210; x_wconf 84' lang='lat' dir='ltr'>Adu.</span> <span class='ocrx_word' id='word_1_671' title='bbox 1778 1183 1949 1220; x_wconf 63' lang='grc' dir='ltr'>[ἔαρζωριςί]</span> <span class='ocrx_word' id='word_1_672' title='bbox 1986 1187 2060 1213; x_wconf 85' lang='lat' dir='ltr'>More</span> <span class='ocrx_word' id='word_1_673' title='bbox 2078 1185 2255 1213; x_wconf 66' lang='lat' dir='ltr'>Barbas-orum.</span> <span class='ocrx_word' id='word_1_674' title='bbox 2299 1187 2355 1214; x_wconf 84' lang='lat' dir='ltr'>Cic.</span> <span class='ocrx_word' id='word_1_675' title='bbox 2391 1212 2400 1219; x_wconf 26' lang='lat' dir='ltr'>A,</span> <span class='ocrx_word' id='word_1_676' title='bbox 2426 1188 2443 1226; x_wconf 58' lang='grc' dir='ltr'>,ᾗ</span> 
     </span>
     <span class='ocr_line' id='line_1_73' title="bbox 305 1219 2443 1271; baseline -0.004 -18"><span class='ocrx_word' id='word_1_677' title='bbox 305 1237 355 1261; x_wconf 83' lang='lat'>133,</span> <span class='ocrx_word' id='word_1_678' title='bbox 374 1227 497 1259; x_wconf 84' lang='lat' dir='ltr'>dicimur,</span> <span class='ocrx_word' id='word_1_679' title='bbox 517 1236 584 1262; x_wconf 76' lang='lat' dir='ltr'>quem</span> <span class='ocrx_word' id='word_1_680' title='bbox 594 1234 642 1261; x_wconf 79' lang='lat' dir='ltr'>per</span> <span class='ocrx_word' id='word_1_681' title='bbox 655 1232 801 1252; x_wconf 79' lang='lat' dir='ltr'>contemtum</span> <span class='ocrx_word' id='word_1_682' title='bbox 819 1225 876 1252; x_wconf 77' lang='lat' dir='ltr'>ludo</span> <span class='ocrx_word' id='word_1_683' title='bbox 888 1229 987 1261; x_wconf 80' lang='lat' dir='ltr'>iocoque</span> <span class='ocrx_word' id='word_1_684' title='bbox 996 1225 1119 1252; x_wconf 75' lang='lat' dir='ltr'>habemus.</span> <span class='ocrx_word' id='word_1_685' title='bbox 1155 1226 1262 1258; x_wconf 84' lang='lat' dir='ltr'>Qiare,</span> <span class='ocrx_word' id='word_1_686' title='bbox 1275 1223 1292 1250; x_wconf 83' lang='lat' dir='ltr'>fi</span> <span class='ocrx_word' id='word_1_687' title='bbox 1307 1232 1354 1258; x_wconf 87' lang='lat' dir='ltr'>pu·</span> <span class='ocrx_word' id='word_1_688' title='bbox 1408 1231 1431 1255; x_wconf 87' lang='lat'>2,</span> <span class='ocrx_word' id='word_1_689' title='bbox 1444 1231 1472 1249; x_wconf 80' lang='lat' dir='ltr'>iz</span> <span class='ocrx_word' id='word_1_690' title='bbox 1492 1232 1513 1248; x_wconf 90' lang='lat' dir='ltr'>c.</span> <span class='ocrx_word' id='word_1_691' title='bbox 1526 1230 1545 1255; x_wconf 88' lang='lat'>4</span> <span class='ocrx_word' id='word_1_692' title='bbox 1565 1222 1599 1248; x_wconf 95' lang='lat' dir='ltr'>Vt</span> <span class='ocrx_word' id='word_1_693' title='bbox 1613 1228 1685 1247; x_wconf 84' lang='lat' dir='ltr'>enini</span> <span class='ocrx_word' id='word_1_694' title='bbox 1698 1219 1717 1246; x_wconf 85' lang='lat' dir='ltr'><strong>fi</strong></span> <span class='ocrx_word' id='word_1_695' title='bbox 1730 1221 1931 1254; x_wconf 81' lang='lat' dir='ltr'>grammaticum</span> <span class='ocrx_word' id='word_1_696' title='bbox 1944 1222 1970 1248; x_wconf 90' lang='lat' dir='ltr'>se</span> <span class='ocrx_word' id='word_1_697' title='bbox 1982 1222 2110 1256; x_wconf 65' lang='lat' dir='ltr'>professus</span> <span class='ocrx_word' id='word_1_698' title='bbox 2125 1222 2273 1258; x_wconf 88' lang='lat' dir='ltr'>quispiam,</span> <span class='ocrx_word' id='word_1_699' title='bbox 2289 1222 2365 1249; x_wconf 63' lang='lat' dir='ltr'>barb</span> <span class='ocrx_word' id='word_1_700' title='bbox 2391 1236 2402 1243; x_wconf 64' lang='lat'>‚,</span> <span class='ocrx_word' id='word_1_701' title='bbox 2424 1225 2443 1271; x_wconf 61' lang='lat' dir='ltr'>i</span> 
     </span>
     <span class='ocr_line' id='line_1_74' title="bbox 303 1258 2429 1298; baseline -0.002 -8"><span class='ocrx_word' id='word_1_702' title='bbox 303 1263 353 1290; x_wconf 90' lang='lat' dir='ltr'>dor</span> <span class='ocrx_word' id='word_1_703' title='bbox 366 1263 418 1295; x_wconf 85' lang='lat' dir='ltr'>est,</span> <span class='ocrx_word' id='word_1_704' title='bbox 440 1263 542 1298; x_wconf 89' lang='lat' dir='ltr'>Ligella</span> <span class='ocrx_word' id='word_1_705' title='bbox 562 1262 621 1288; x_wconf 89' lang='lat' dir='ltr'>noli</span> <span class='ocrx_word' id='word_1_706' title='bbox 634 1261 747 1288; x_wconf 88' lang='lat' dir='ltr'>Barbam</span> <span class='ocrx_word' id='word_1_707' title='bbox 766 1261 866 1288; x_wconf 82' lang='lat' dir='ltr'>vellere</span> <span class='ocrx_word' id='word_1_708' title='bbox 885 1268 995 1289; x_wconf 84' lang='lat' dir='ltr'>mortuo</span> <span class='ocrx_word' id='word_1_709' title='bbox 1012 1261 1086 1288; x_wconf 87' lang='lat' dir='ltr'>leoni</span> <span class='ocrx_word' id='word_1_710' title='bbox 1117 1259 1235 1287; x_wconf 82' lang='lat' dir='ltr'>Martial.</span> <span class='ocrx_word' id='word_1_711' title='bbox 1250 1269 1294 1292; x_wconf 89' lang='lat'>10,</span> <span class='ocrx_word' id='word_1_712' title='bbox 1308 1268 1352 1292; x_wconf 91' lang='lat'>90.</span> <span class='ocrx_word' id='word_1_713' title='bbox 1363 1270 1395 1295; x_wconf 79' lang='lat'>30</span> <span class='ocrx_word' id='word_1_714' title='bbox 1408 1265 1520 1293; x_wconf 84' lang='lat' dir='ltr'>quatur,</span> <span class='ocrx_word' id='word_1_715' title='bbox 1539 1260 1557 1283; x_wconf 87' lang='lat' dir='ltr'>i.</span> <span class='ocrx_word' id='word_1_716' title='bbox 1578 1259 1707 1292; x_wconf 76' lang='lat' dir='ltr'>imperite,</span> <span class='ocrx_word' id='word_1_717' title='bbox 1727 1263 1756 1282; x_wconf 81' lang='lat' dir='ltr'>vt</span> <span class='ocrx_word' id='word_1_718' title='bbox 1776 1259 1812 1289; x_wconf 88' lang='lat' dir='ltr'>ii,</span> <span class='ocrx_word' id='word_1_719' title='bbox 1832 1259 1876 1292; x_wconf 81' lang='lat' dir='ltr'>qui</span> <span class='ocrx_word' id='word_1_720' title='bbox 1894 1258 1994 1293; x_wconf 78' lang='lat' dir='ltr'>linguae</span> <span class='ocrx_word' id='word_1_721' title='bbox 2007 1258 2071 1294; x_wconf 77' lang='lat' dir='ltr'>sunt</span> <span class='ocrx_word' id='word_1_722' title='bbox 2088 1260 2183 1295; x_wconf 80' lang='lat' dir='ltr'>ignari.</span> <span class='ocrx_word' id='word_1_723' title='bbox 2254 1259 2397 1292; x_wconf 57' lang='lat' dir='ltr'>Barbare„</span> <span class='ocrx_word' id='word_1_724' title='bbox 2415 1262 2429 1288; x_wconf 64' lang='lat' dir='ltr'>J:</span> 
     </span>
     <span class='ocr_line' id='line_1_75' title="bbox 308 1286 2443 1334; baseline -0.007 -9"><span class='ocrx_word' id='word_1_725' title='bbox 308 1299 367 1327; x_wconf 74' lang='lat' dir='ltr'>Via.</span> <span class='ocrx_word' id='word_1_726' title='bbox 381 1298 483 1334; x_wconf 76' lang='lat' dir='ltr'>Cafizub.</span> <span class='ocrx_word' id='word_1_727' title='bbox 495 1298 530 1325; x_wconf 85' lang='lat' dir='ltr'>ad</span> <span class='ocrx_word' id='word_1_728' title='bbox 541 1299 608 1325; x_wconf 88' lang='lat' dir='ltr'>Pers.</span> <span class='ocrx_word' id='word_1_729' title='bbox 623 1298 674 1325; x_wconf 89' lang='lat' dir='ltr'>Sat.</span> <span class='ocrx_word' id='word_1_730' title='bbox 688 1306 697 1324; x_wconf 95' lang='lat'>1</span> <span class='ocrx_word' id='word_1_731' title='bbox 707 1318 715 1330; x_wconf 94' lang='lat'>,</span> <span class='ocrx_word' id='word_1_732' title='bbox 730 1306 777 1330; x_wconf 82' lang='grc'><strong>133.</strong></span> <span class='ocrx_word' id='word_1_733' title='bbox 796 1304 820 1323; x_wconf 82' lang='lat' dir='ltr'>et</span> <span class='ocrx_word' id='word_1_734' title='bbox 840 1306 867 1330; x_wconf 85' lang='lat'>2,</span> <span class='ocrx_word' id='word_1_735' title='bbox 881 1302 921 1327; x_wconf 82' lang='lat'>28.</span> <span class='ocrx_word' id='word_1_736' title='bbox 1399 1294 1466 1329; x_wconf 81' lang='lat' dir='ltr'>stice</span> <span class='ocrx_word' id='word_1_737' title='bbox 1479 1295 1546 1320; x_wconf 87' lang='lat' dir='ltr'>Hor.</span> <span class='ocrx_word' id='word_1_738' title='bbox 1556 1294 1652 1333; x_wconf 76' lang='lat' dir='ltr'>Carm.</span> <span class='ocrx_word' id='word_1_739' title='bbox 1667 1300 1685 1323; x_wconf 97' lang='grc'>1,</span> <span class='ocrx_word' id='word_1_740' title='bbox 1700 1299 1734 1324; x_wconf 82' lang='lat'>13,</span> <span class='ocrx_word' id='word_1_741' title='bbox 1748 1300 1787 1326; x_wconf 88' lang='lat'>14.</span> <span class='ocrx_word' id='word_1_742' title='bbox 1859 1292 1990 1327; x_wconf 88' lang='lat' dir='ltr'>Barbare,</span> <span class='ocrx_word' id='word_1_743' title='bbox 2009 1293 2099 1330; x_wconf 78' lang='lat' dir='ltr'>vitiose</span> <span class='ocrx_word' id='word_1_744' title='bbox 2116 1300 2205 1321; x_wconf 83' lang='lat' dir='ltr'>contra</span> <span class='ocrx_word' id='word_1_745' title='bbox 2219 1294 2387 1322; x_wconf 77' lang='lat' dir='ltr'>Grammatice&#39;</span> <span class='ocrx_word' id='word_1_746' title='bbox 2418 1286 2443 1329; x_wconf 60' lang='lat'>221</span> 
     </span>
     <span class='ocr_line' id='line_1_76' title="bbox 339 1328 2442 1379; baseline -0.009 -18"><span class='ocrx_word' id='word_1_747' title='bbox 339 1341 414 1362; x_wconf 61' lang='grc' dir='ltr'>ΒΑΚ</span> <span class='ocrx_word' id='word_1_748' title='bbox 424 1332 542 1367; x_wconf 46' lang='lat' dir='ltr'>axina,</span> <span class='ocrx_word' id='word_1_749' title='bbox 561 1343 600 1361; x_wconf 86' lang='lat' dir='ltr'>ae.</span> <span class='ocrx_word' id='word_1_750' title='bbox 636 1334 656 1360; x_wconf 86' lang='lat' dir='ltr'>f.</span> <span class='ocrx_word' id='word_1_751' title='bbox 694 1334 796 1360; x_wconf 88' lang='lat' dir='ltr'>Dimin.</span> <span class='ocrx_word' id='word_1_752' title='bbox 833 1332 986 1368; x_wconf 74' lang='grc' dir='ltr'>[πωγώνιον]</span> <span class='ocrx_word' id='word_1_753' title='bbox 1021 1333 1079 1360; x_wconf 90' lang='lat' dir='ltr'>Cic.</span> <span class='ocrx_word' id='word_1_754' title='bbox 1095 1341 1144 1367; x_wconf 86' lang='lat' dir='ltr'>pro</span> <span class='ocrx_word' id='word_1_755' title='bbox 1158 1331 1231 1358; x_wconf 86' lang='lat' dir='ltr'>Cael.</span> <span class='ocrx_word' id='word_1_756' title='bbox 1245 1339 1272 1363; x_wconf 89' lang='grc'>33</span> <span class='ocrx_word' id='word_1_757' title='bbox 1292 1340 1314 1357; x_wconf 90' lang='lat' dir='ltr'>c.</span> <span class='ocrx_word' id='word_1_758' title='bbox 1322 1338 1353 1364; x_wconf 89' lang='lat'>14</span> <span class='ocrx_word' id='word_1_759' title='bbox 1408 1332 1492 1368; x_wconf 81' lang='lat' dir='ltr'>gulam</span> <span class='ocrx_word' id='word_1_760' title='bbox 1507 1328 1638 1363; x_wconf 67' lang='lat' dir='ltr'>Quinctil.</span> <span class='ocrx_word' id='word_1_761' title='bbox 1654 1336 1679 1360; x_wconf 92' lang='lat'>1,</span> <span class='ocrx_word' id='word_1_762' title='bbox 1694 1329 1720 1360; x_wconf 88' lang='lat'>6,</span> <span class='ocrx_word' id='word_1_763' title='bbox 1735 1336 1776 1362; x_wconf 89' lang='lat'>45.</span> <span class='ocrx_word' id='word_1_764' title='bbox 1813 1330 1845 1354; x_wconf 90' lang='lat' dir='ltr'>it.</span> <span class='ocrx_word' id='word_1_765' title='bbox 1859 1337 1885 1361; x_wconf 89' lang='lat'>1,</span> <span class='ocrx_word' id='word_1_766' title='bbox 1900 1336 1928 1361; x_wconf 89' lang='lat'>5,</span> <span class='ocrx_word' id='word_1_767' title='bbox 1941 1337 1969 1362; x_wconf 87' lang='lat'>9.</span> <span class='ocrx_word' id='word_1_768' title='bbox 2041 1329 2172 1363; x_wconf 82' lang='lat' dir='ltr'>Barbare,</span> <span class='ocrx_word' id='word_1_769' title='bbox 2193 1331 2297 1362; x_wconf 81' lang='lat' dir='ltr'>Latine,</span> <span class='ocrx_word' id='word_1_770' title='bbox 2316 1333 2344 1359; x_wconf 55' lang='grc' dir='ltr'><strong>,η</strong></span> <span class='ocrx_word' id='word_1_771' title='bbox 2363 1331 2442 1379; x_wconf 45' lang='lat' dir='ltr'>⁰9³³}ss</span> 
     </span>
     <span class='ocr_line' id='line_1_77' title="bbox 302 1363 2442 1406; baseline -0.002 -9"><span class='ocrx_word' id='word_1_772' title='bbox 302 1370 410 1406; x_wconf 81' lang='lat' dir='ltr'>Aliquis</span> <span class='ocrx_word' id='word_1_773' title='bbox 424 1369 494 1397; x_wconf 90' lang='lat' dir='ltr'>mihi</span> <span class='ocrx_word' id='word_1_774' title='bbox 513 1370 546 1397; x_wconf 92' lang='lat' dir='ltr'>ab</span> <span class='ocrx_word' id='word_1_775' title='bbox 561 1370 656 1396; x_wconf 86' lang='lat' dir='ltr'>inferis</span> <span class='ocrx_word' id='word_1_776' title='bbox 671 1369 824 1396; x_wconf 87' lang='lat' dir='ltr'>excitandus</span> <span class='ocrx_word' id='word_1_777' title='bbox 835 1368 872 1395; x_wconf 90' lang='lat' dir='ltr'>est</span> <span class='ocrx_word' id='word_1_778' title='bbox 890 1377 922 1395; x_wconf 84' lang='lat' dir='ltr'>ex</span> <span class='ocrx_word' id='word_1_779' title='bbox 935 1369 1052 1396; x_wconf 85' lang='lat' dir='ltr'>barbatis</span> <span class='ocrx_word' id='word_1_780' title='bbox 1065 1368 1120 1395; x_wconf 84' lang='lat' dir='ltr'>illis</span> <span class='ocrx_word' id='word_1_781' title='bbox 1135 1379 1140 1394; x_wconf 89' lang='lat'><strong>:</strong></span> <span class='ocrx_word' id='word_1_782' title='bbox 1162 1376 1217 1394; x_wconf 87' lang='lat' dir='ltr'>non</span> <span class='ocrx_word' id='word_1_783' title='bbox 1232 1367 1279 1394; x_wconf 87' lang='lat' dir='ltr'>hac</span> <span class='ocrx_word' id='word_1_784' title='bbox 1294 1366 1353 1393; x_wconf 87' lang='lat' dir='ltr'>bar·</span> <span class='ocrx_word' id='word_1_785' title='bbox 1405 1370 1472 1393; x_wconf 77' lang='lat' dir='ltr'>tione</span> <span class='ocrx_word' id='word_1_786' title='bbox 1486 1366 1519 1392; x_wconf 82' lang='lat' dir='ltr'>ad</span> <span class='ocrx_word' id='word_1_787' title='bbox 1533 1366 1650 1392; x_wconf 78' lang='lat' dir='ltr'>Graecam</span> <span class='ocrx_word' id='word_1_788' title='bbox 1664 1366 1775 1400; x_wconf 72' lang='lat' dir='ltr'>linguam</span> <span class='ocrx_word' id='word_1_789' title='bbox 1788 1363 1871 1390; x_wconf 89' lang='lat' dir='ltr'>Plaut.</span> <span class='ocrx_word' id='word_1_790' title='bbox 1883 1364 1953 1391; x_wconf 83' lang='lat' dir='ltr'>Asin.</span> <span class='ocrx_word' id='word_1_791' title='bbox 1969 1365 2037 1400; x_wconf 90' lang='lat' dir='ltr'>prol.</span> <span class='ocrx_word' id='word_1_792' title='bbox 2051 1375 2077 1392; x_wconf 90' lang='lat' dir='ltr'>v.</span> <span class='ocrx_word' id='word_1_793' title='bbox 2091 1374 2124 1393; x_wconf 84' lang='lat'>11.</span> <span class='ocrx_word' id='word_1_794' title='bbox 2159 1366 2230 1392; x_wconf 85' lang='lat' dir='ltr'>Huic</span> <span class='ocrx_word' id='word_1_795' title='bbox 2243 1375 2341 1393; x_wconf 88' lang='lat' dir='ltr'>nomen</span> <span class='ocrx_word' id='word_1_796' title='bbox 2354 1367 2397 1395; x_wconf 87' lang='lat' dir='ltr'>Gr</span> <span class='ocrx_word' id='word_1_797' title='bbox 2410 1368 2417 1388; x_wconf 86' lang='grc'>-“-</span> <span class='ocrx_word' id='word_1_798' title='bbox 2438 1364 2442 1379; x_wconf 55' lang='lat' dir='ltr'>l</span> 
     </span>
     <span class='ocr_line' id='line_1_78' title="bbox 301 1395 2441 1441; baseline -0.002 -8"><span class='ocrx_word' id='word_1_799' title='bbox 301 1405 381 1439; x_wconf 84' lang='lat' dir='ltr'>bula,</span> <span class='ocrx_word' id='word_1_800' title='bbox 402 1415 454 1441; x_wconf 87' lang='lat' dir='ltr'>qua</span> <span class='ocrx_word' id='word_1_801' title='bbox 472 1406 520 1432; x_wconf 86' lang='lat' dir='ltr'>ista</span> <span class='ocrx_word' id='word_1_802' title='bbox 539 1405 705 1432; x_wconf 59' lang='lat' dir='ltr'>delefhtur:</span> <span class='ocrx_word' id='word_1_803' title='bbox 733 1405 777 1432; x_wconf 83' lang='lat' dir='ltr'>sed</span> <span class='ocrx_word' id='word_1_804' title='bbox 788 1404 836 1432; x_wconf 89' lang='lat' dir='ltr'>illa</span> <span class='ocrx_word' id='word_1_805' title='bbox 848 1404 975 1438; x_wconf 89' lang='lat' dir='ltr'>horrida,</span> <span class='ocrx_word' id='word_1_806' title='bbox 997 1414 1076 1441; x_wconf 87' lang='lat' dir='ltr'>quam</span> <span class='ocrx_word' id='word_1_807' title='bbox 1089 1405 1118 1431; x_wconf 90' lang='lat' dir='ltr'>in</span> <span class='ocrx_word' id='word_1_808' title='bbox 1131 1403 1222 1430; x_wconf 84' lang='lat' dir='ltr'>statuis</span> <span class='ocrx_word' id='word_1_809' title='bbox 1236 1402 1354 1437; x_wconf 84' lang='lat' dir='ltr'>antiquis</span> <span class='ocrx_word' id='word_1_810' title='bbox 1406 1403 1443 1430; x_wconf 86' lang='lat' dir='ltr'>est</span> <span class='ocrx_word' id='word_1_811' title='bbox 1463 1403 1583 1436; x_wconf 77' lang='lat' dir='ltr'>Onagros</span> <span class='ocrx_word' id='word_1_812' title='bbox 1601 1399 1730 1431; x_wconf 80' lang='lat' dir='ltr'>fabulae;</span> <span class='ocrx_word' id='word_1_813' title='bbox 1764 1399 1940 1440; x_wconf 67' lang='lat' dir='ltr'>Demophilus</span> <span class='ocrx_word' id='word_1_814' title='bbox 1963 1401 2078 1436; x_wconf 83' lang='lat' dir='ltr'>scripsit,</span> <span class='ocrx_word' id='word_1_815' title='bbox 2099 1403 2205 1428; x_wconf 88' lang='lat' dir='ltr'>Marcus</span> <span class='ocrx_word' id='word_1_816' title='bbox 2226 1403 2311 1430; x_wconf 87' lang='lat' dir='ltr'>vortit</span> <span class='ocrx_word' id='word_1_817' title='bbox 2333 1395 2412 1430; x_wconf 78' lang='lat' dir='ltr'>bar&#39;</span> <span class='ocrx_word' id='word_1_818' title='bbox 2428 1397 2441 1423; x_wconf 86' lang='lat'>-&#39;</span> 
     </span>
     <span class='ocr_line' id='line_1_79' title="bbox 301 1435 2425 1479; baseline -0.001 -11"><span class='ocrx_word' id='word_1_819' title='bbox 301 1448 328 1468; x_wconf 79' lang='lat' dir='ltr'>et</span> <span class='ocrx_word' id='word_1_820' title='bbox 342 1441 502 1476; x_wconf 80' lang='lat' dir='ltr'>imaginibus</span> <span class='ocrx_word' id='word_1_821' title='bbox 514 1442 643 1468; x_wconf 87' lang='lat' dir='ltr'>videmus.</span> <span class='ocrx_word' id='word_1_822' title='bbox 687 1441 745 1468; x_wconf 83' lang='lat' dir='ltr'>Vid.</span> <span class='ocrx_word' id='word_1_823' title='bbox 759 1448 832 1468; x_wconf 64' lang='grc' dir='ltr'>ΒΑΚ</span> <span class='ocrx_word' id='word_1_824' title='bbox 841 1447 943 1468; x_wconf 80' lang='grc' dir='ltr'>ΒΑΤν</span> <span class='ocrx_word' id='word_1_825' title='bbox 952 1448 993 1468; x_wconf 86' lang='lat' dir='ltr'>LV</span> <span class='ocrx_word' id='word_1_826' title='bbox 1002 1449 1024 1468; x_wconf 87' lang='lat' dir='ltr'>s.</span> <span class='ocrx_word' id='word_1_827' title='bbox 1096 1439 1226 1468; x_wconf 86' lang='lat' dir='ltr'>Barbulae</span> <span class='ocrx_word' id='word_1_828' title='bbox 1240 1440 1336 1465; x_wconf 87' lang='lat' dir='ltr'>florum</span> <span class='ocrx_word' id='word_1_829' title='bbox 1346 1457 1354 1470; x_wconf 84' lang='lat'>,</span> <span class='ocrx_word' id='word_1_830' title='bbox 1367 1452 1395 1479; x_wconf 75' lang='lat'>35</span> <span class='ocrx_word' id='word_1_831' title='bbox 1407 1438 1481 1466; x_wconf 86' lang='lat' dir='ltr'>Idem</span> <span class='ocrx_word' id='word_1_832' title='bbox 1496 1438 1579 1465; x_wconf 90' lang='lat' dir='ltr'>Trin.</span> <span class='ocrx_word' id='word_1_833' title='bbox 1597 1435 1664 1472; x_wconf 73' lang='lat' dir='ltr'>prol.</span> <span class='ocrx_word' id='word_1_834' title='bbox 1678 1445 1704 1462; x_wconf 95' lang='lat' dir='ltr'>v.</span> <span class='ocrx_word' id='word_1_835' title='bbox 1718 1444 1746 1469; x_wconf 89' lang='lat'>19</span> <span class='ocrx_word' id='word_1_836' title='bbox 1764 1435 1885 1464; x_wconf 80' lang='lat' dir='ltr'>Philemo</span> <span class='ocrx_word' id='word_1_837' title='bbox 1897 1437 2012 1471; x_wconf 85' lang='lat' dir='ltr'>scripsit,</span> <span class='ocrx_word' id='word_1_838' title='bbox 2031 1437 2135 1464; x_wconf 84' lang='lat' dir='ltr'>Plautus</span> <span class='ocrx_word' id='word_1_839' title='bbox 2149 1438 2230 1464; x_wconf 86' lang='lat' dir='ltr'>vertit</span> <span class='ocrx_word' id='word_1_840' title='bbox 2246 1438 2365 1466; x_wconf 82' lang='lat' dir='ltr'>barbare.</span> <span class='ocrx_word' id='word_1_841' title='bbox 2397 1438 2425 1478; x_wconf 44' lang='grc' dir='ltr'>ᾗ),</span> 
     </span>
     <span class='ocr_line' id='line_1_80' title="bbox 302 1471 2421 1515; baseline -0.002 -11"><span class='ocrx_word' id='word_1_842' title='bbox 302 1478 368 1504; x_wconf 89' lang='lat' dir='ltr'>Plin.</span> <span class='ocrx_word' id='word_1_843' title='bbox 381 1486 426 1512; x_wconf 82' lang='lat'>27,</span> <span class='ocrx_word' id='word_1_844' title='bbox 442 1486 472 1504; x_wconf 90' lang='lat'>11.</span> <span class='ocrx_word' id='word_1_845' title='bbox 529 1477 603 1504; x_wconf 86' lang='lat' dir='ltr'>Idem</span> <span class='ocrx_word' id='word_1_846' title='bbox 617 1486 652 1509; x_wconf 88' lang='lat'>21,</span> <span class='ocrx_word' id='word_1_847' title='bbox 667 1482 680 1507; x_wconf 86' lang='lat'>8</span> <span class='ocrx_word' id='word_1_848' title='bbox 701 1477 720 1503; x_wconf 82' lang='lat' dir='ltr'>s.</span> <span class='ocrx_word' id='word_1_849' title='bbox 736 1484 766 1510; x_wconf 84' lang='lat'>25</span> <span class='ocrx_word' id='word_1_850' title='bbox 790 1477 887 1503; x_wconf 89' lang='lat' dir='ltr'>Luteus</span> <span class='ocrx_word' id='word_1_851' title='bbox 904 1482 930 1504; x_wconf 90' lang='lat' dir='ltr'>et</span> <span class='ocrx_word' id='word_1_852' title='bbox 942 1476 1028 1504; x_wconf 89' lang='lat' dir='ltr'>bellio</span> <span class='ocrx_word' id='word_1_853' title='bbox 1042 1476 1120 1515; x_wconf 81' lang='lat' dir='ltr'>(flos)</span> <span class='ocrx_word' id='word_1_854' title='bbox 1133 1473 1354 1511; x_wconf 83' lang='lat' dir='ltr'>pastillicantibus</span> <span class='ocrx_word' id='word_1_855' title='bbox 1443 1479 1659 1502; x_wconf 80' lang='lat' dir='ltr'>BARBARiA.</span> <span class='ocrx_word' id='word_1_856' title='bbox 1693 1471 1862 1499; x_wconf 85' lang='lat' dir='ltr'>Barbarorum</span> <span class='ocrx_word' id='word_1_857' title='bbox 1878 1475 1957 1508; x_wconf 56' lang='lat' dir='ltr'>reyr‘o.</span> <span class='ocrx_word' id='word_1_858' title='bbox 2002 1473 2059 1500; x_wconf 88' lang='lat' dir='ltr'>Cic.</span> <span class='ocrx_word' id='word_1_859' title='bbox 2082 1474 2110 1499; x_wconf 88' lang='lat' dir='ltr'>in</span> <span class='ocrx_word' id='word_1_860' title='bbox 2125 1473 2203 1500; x_wconf 87' lang='lat' dir='ltr'>Catil.</span> <span class='ocrx_word' id='word_1_861' title='bbox 2219 1482 2232 1506; x_wconf 90' lang='grc'>3</span> <span class='ocrx_word' id='word_1_862' title='bbox 2259 1484 2281 1501; x_wconf 90' lang='lat' dir='ltr'>c.</span> <span class='ocrx_word' id='word_1_863' title='bbox 2303 1483 2336 1501; x_wconf 89' lang='lat'>10</span> <span class='ocrx_word' id='word_1_864' title='bbox 2370 1478 2383 1499; x_wconf 70' lang='grc' dir='ltr'><strong>ο</strong></span> <span class='ocrx_word' id='word_1_865' title='bbox 2406 1479 2421 1497; x_wconf 53' lang='grc' dir='ltr'>«Ἴ</span> 
     </span>
     <span class='ocr_line' id='line_1_81' title="bbox 302 1502 2440 1550; baseline -0.001 -11"><span class='ocrx_word' id='word_1_866' title='bbox 302 1513 496 1550; x_wconf 82' lang='lat' dir='ltr'>quinquagenis</span> <span class='ocrx_word' id='word_1_867' title='bbox 511 1513 602 1547; x_wconf 85' lang='lat' dir='ltr'>quinis</span> <span class='ocrx_word' id='word_1_868' title='bbox 614 1512 736 1539; x_wconf 87' lang='lat' dir='ltr'>barbulis</span> <span class='ocrx_word' id='word_1_869' title='bbox 753 1518 905 1539; x_wconf 84' lang='lat' dir='ltr'>coronatur.</span> <span class='ocrx_word' id='word_1_870' title='bbox 1407 1510 1509 1538; x_wconf 86' lang='lat' dir='ltr'>bellum</span> <span class='ocrx_word' id='word_1_871' title='bbox 1517 1508 1590 1536; x_wconf 86' lang='lat' dir='ltr'>nulla</span> <span class='ocrx_word' id='word_1_872' title='bbox 1599 1516 1716 1543; x_wconf 86' lang='lat' dir='ltr'>vnquam</span> <span class='ocrx_word' id='word_1_873' title='bbox 1724 1507 1851 1548; x_wconf 78' lang='lat' dir='ltr'>Barbaria</span> <span class='ocrx_word' id='word_1_874' title='bbox 1862 1517 1921 1534; x_wconf 90' lang='lat' dir='ltr'>cum</span> <span class='ocrx_word' id='word_1_875' title='bbox 1929 1510 1974 1535; x_wconf 87' lang='lat' dir='ltr'>sua</span> <span class='ocrx_word' id='word_1_876' title='bbox 1982 1514 2058 1543; x_wconf 81' lang='lat' dir='ltr'>gente</span> <span class='ocrx_word' id='word_1_877' title='bbox 2067 1508 2144 1544; x_wconf 82' lang='lat' dir='ltr'>geffit.</span> <span class='ocrx_word' id='word_1_878' title='bbox 2193 1509 2267 1537; x_wconf 85' lang='lat' dir='ltr'>Idem</span> <span class='ocrx_word' id='word_1_879' title='bbox 2278 1510 2309 1536; x_wconf 83' lang='lat' dir='ltr'>dc</span> <span class='ocrx_word' id='word_1_880' title='bbox 2318 1511 2366 1538; x_wconf 80' lang='lat' dir='ltr'>Fiii</span> <span class='ocrx_word' id='word_1_881' title='bbox 2397 1523 2402 1527; x_wconf 55' lang='grc'><strong>«</strong></span> <span class='ocrx_word' id='word_1_882' title='bbox 2414 1523 2417 1526; x_wconf 92' lang='grc'>-</span> <span class='ocrx_word' id='word_1_883' title='bbox 2432 1502 2440 1532; x_wconf 72' lang='lat' dir='ltr'>&#39;l</span> 
     </span>
     <span class='ocr_line' id='line_1_82' title="bbox 338 1542 2337 1581; baseline -0.002 -5"><span class='ocrx_word' id='word_1_884' title='bbox 338 1555 384 1576; x_wconf 78' lang='grc' dir='ltr'>ΒΑ</span> <span class='ocrx_word' id='word_1_885' title='bbox 394 1556 412 1575; x_wconf 86' lang='lat' dir='ltr'>R</span> <span class='ocrx_word' id='word_1_886' title='bbox 422 1555 526 1576; x_wconf 83' lang='grc' dir='ltr'><strong>ΒΑΜΕ</strong></span> <span class='ocrx_word' id='word_1_887' title='bbox 538 1556 559 1574; x_wconf 87' lang='lat' dir='ltr'>N</span> <span class='ocrx_word' id='word_1_888' title='bbox 570 1555 592 1575; x_wconf 88' lang='lat' dir='ltr'>T</span> <span class='ocrx_word' id='word_1_889' title='bbox 604 1556 623 1575; x_wconf 92' lang='lat' dir='ltr'>V</span> <span class='ocrx_word' id='word_1_890' title='bbox 634 1555 659 1574; x_wconf 88' lang='lat' dir='ltr'>M</span> <span class='ocrx_word' id='word_1_891' title='bbox 670 1567 678 1580; x_wconf 87' lang='lat'>,</span> <span class='ocrx_word' id='word_1_892' title='bbox 698 1548 716 1574; x_wconf 86' lang='lat' dir='ltr'>i.</span> <span class='ocrx_word' id='word_1_893' title='bbox 753 1557 779 1573; x_wconf 83' lang='lat' dir='ltr'>n.</span> <span class='ocrx_word' id='word_1_894' title='bbox 818 1548 899 1574; x_wconf 79' lang='lat' dir='ltr'>Gena.</span> <span class='ocrx_word' id='word_1_895' title='bbox 919 1548 948 1574; x_wconf 90' lang='lat' dir='ltr'>in</span> <span class='ocrx_word' id='word_1_896' title='bbox 962 1548 1041 1574; x_wconf 72' lang='lat' dir='ltr'>Gloss‘.</span> <span class='ocrx_word' id='word_1_897' title='bbox 1055 1549 1113 1575; x_wconf 87' lang='lat' dir='ltr'>Vet.</span> <span class='ocrx_word' id='word_1_898' title='bbox 1128 1548 1219 1581; x_wconf 73' lang='grc' dir='ltr'>γένειον.</span> <span class='ocrx_word' id='word_1_899' title='bbox 1406 1556 1428 1574; x_wconf 90' lang='lat' dir='ltr'>c.</span> <span class='ocrx_word' id='word_1_900' title='bbox 1444 1555 1469 1580; x_wconf 85' lang='lat'>15</span> <span class='ocrx_word' id='word_1_901' title='bbox 1493 1544 1667 1579; x_wconf 80' lang='lat' dir='ltr'>Philosophus</span> <span class='ocrx_word' id='word_1_902' title='bbox 1687 1543 1802 1575; x_wconf 79' lang='lat' dir='ltr'>nobilis,</span> <span class='ocrx_word' id='word_1_903' title='bbox 1822 1552 1837 1570; x_wconf 89' lang='lat' dir='ltr'>a</span> <span class='ocrx_word' id='word_1_904' title='bbox 1858 1553 1913 1579; x_wconf 91' lang='lat' dir='ltr'>quo</span> <span class='ocrx_word' id='word_1_905' title='bbox 1936 1554 1991 1571; x_wconf 89' lang='lat' dir='ltr'>non</span> <span class='ocrx_word' id='word_1_906' title='bbox 2013 1542 2100 1572; x_wconf 89' lang='lat' dir='ltr'>solum</span> <span class='ocrx_word' id='word_1_907' title='bbox 2119 1546 2230 1572; x_wconf 86' lang='lat' dir='ltr'>Graecia</span> <span class='ocrx_word' id='word_1_908' title='bbox 2252 1553 2278 1573; x_wconf 89' lang='lat' dir='ltr'>et</span> <span class='ocrx_word' id='word_1_909' title='bbox 2298 1548 2337 1573; x_wconf 82' lang='lat' dir='ltr'>ita</span> 
     </span>
     <span class='ocr_line' id='line_1_83' title="bbox 341 1579 2382 1619; baseline -0.001 -8"><span class='ocrx_word' id='word_1_910' title='bbox 341 1591 414 1611; x_wconf 73' lang='grc' dir='ltr'>ΒΑΚ</span> <span class='ocrx_word' id='word_1_911' title='bbox 423 1591 439 1611; x_wconf 88' lang='grc' dir='ltr'><strong>Β</strong></span> <span class='ocrx_word' id='word_1_912' title='bbox 448 1592 470 1611; x_wconf 86' lang='grc' dir='ltr'><strong>Α</strong></span> <span class='ocrx_word' id='word_1_913' title='bbox 481 1589 504 1610; x_wconf 80' lang='lat' dir='ltr'>T</span> <span class='ocrx_word' id='word_1_914' title='bbox 514 1591 537 1610; x_wconf 80' lang='grc' dir='ltr'><strong>Α</strong></span> <span class='ocrx_word' id='word_1_915' title='bbox 545 1604 554 1617; x_wconf 87' lang='grc'>,</span> <span class='ocrx_word' id='word_1_916' title='bbox 575 1592 613 1610; x_wconf 87' lang='lat' dir='ltr'>ae.</span> <span class='ocrx_word' id='word_1_917' title='bbox 649 1585 691 1610; x_wconf 87' lang='lat' dir='ltr'>Sic</span> <span class='ocrx_word' id='word_1_918' title='bbox 706 1582 776 1609; x_wconf 54' lang='lat' dir='ltr'>dish</span> <span class='ocrx_word' id='word_1_919' title='bbox 789 1585 884 1619; x_wconf 84' lang='lat' dir='ltr'>Aquila</span> <span class='ocrx_word' id='word_1_920' title='bbox 903 1583 970 1619; x_wconf 77' lang='lat' dir='ltr'>apud</span> <span class='ocrx_word' id='word_1_921' title='bbox 984 1584 1051 1610; x_wconf 86' lang='lat' dir='ltr'>Plin.</span> <span class='ocrx_word' id='word_1_922' title='bbox 1064 1592 1102 1616; x_wconf 87' lang='lat'>10,</span> <span class='ocrx_word' id='word_1_923' title='bbox 1115 1592 1128 1616; x_wconf 83' lang='lat'>3</span> <span class='ocrx_word' id='word_1_924' title='bbox 1148 1582 1268 1616; x_wconf 83' lang='lat' dir='ltr'>Qiidam</span> <span class='ocrx_word' id='word_1_925' title='bbox 1285 1581 1352 1608; x_wconf 80' lang='lat' dir='ltr'>adii·</span> <span class='ocrx_word' id='word_1_926' title='bbox 1407 1583 1489 1609; x_wconf 87' lang='lat' dir='ltr'>etiam</span> <span class='ocrx_word' id='word_1_927' title='bbox 1502 1581 1589 1608; x_wconf 78' lang='lat' dir='ltr'>omnis</span> <span class='ocrx_word' id='word_1_928' title='bbox 1601 1579 1728 1606; x_wconf 83' lang='lat' dir='ltr'>Barbaria</span> <span class='ocrx_word' id='word_1_929' title='bbox 1740 1586 1874 1606; x_wconf 87' lang='lat' dir='ltr'>commota</span> <span class='ocrx_word' id='word_1_930' title='bbox 1887 1580 1932 1607; x_wconf 86' lang='lat' dir='ltr'>est.</span> <span class='ocrx_word' id='word_1_931' title='bbox 1988 1581 2071 1608; x_wconf 86' lang='lat' dir='ltr'>Nulla</span> <span class='ocrx_word' id='word_1_932' title='bbox 2090 1581 2119 1607; x_wconf 89' lang='lat' dir='ltr'>in</span> <span class='ocrx_word' id='word_1_933' title='bbox 2131 1581 2257 1608; x_wconf 81' lang='lat' dir='ltr'>Barbaria</span> <span class='ocrx_word' id='word_1_934' title='bbox 2270 1583 2310 1609; x_wconf 85' lang='lat' dir='ltr'>Id.</span> <span class='ocrx_word' id='word_1_935' title='bbox 2324 1583 2353 1608; x_wconf 89' lang='lat' dir='ltr'>in</span> <span class='ocrx_word' id='word_1_936' title='bbox 2365 1581 2382 1609; x_wconf 87' lang='lat' dir='ltr'>P</span> 
     </span>
     <span class='ocr_line' id='line_1_84' title="bbox 301 1617 2423 1654; baseline -0.001 -7"><span class='ocrx_word' id='word_1_937' title='bbox 301 1620 375 1647; x_wconf 84' lang='lat' dir='ltr'>ciunt</span> <span class='ocrx_word' id='word_1_938' title='bbox 389 1629 469 1654; x_wconf 81' lang='lat' dir='ltr'>genus</span> <span class='ocrx_word' id='word_1_939' title='bbox 482 1619 603 1654; x_wconf 86' lang='lat' dir='ltr'>aquilae,</span> <span class='ocrx_word' id='word_1_940' title='bbox 620 1627 700 1653; x_wconf 91' lang='lat' dir='ltr'>quam</span> <span class='ocrx_word' id='word_1_941' title='bbox 710 1618 848 1646; x_wconf 84' lang='lat' dir='ltr'>Barbataui</span> <span class='ocrx_word' id='word_1_942' title='bbox 861 1626 972 1652; x_wconf 88' lang='lat' dir='ltr'>vocant,</span> <span class='ocrx_word' id='word_1_943' title='bbox 992 1620 1077 1646; x_wconf 86' lang='lat' dir='ltr'>Tusci</span> <span class='ocrx_word' id='word_1_944' title='bbox 1092 1628 1158 1646; x_wconf 88' lang='lat' dir='ltr'>vero</span> <span class='ocrx_word' id='word_1_945' title='bbox 1174 1618 1332 1653; x_wconf 80' lang='lat' dir='ltr'>offifragam.</span> <span class='ocrx_word' id='word_1_946' title='bbox 1355 1628 1393 1654; x_wconf 89' lang='lat'>40</span> <span class='ocrx_word' id='word_1_947' title='bbox 1406 1617 1481 1653; x_wconf 82' lang='lat' dir='ltr'>Conf.</span> <span class='ocrx_word' id='word_1_948' title='bbox 1495 1617 1587 1644; x_wconf 87' lang='lat' dir='ltr'>lustin.</span> <span class='ocrx_word' id='word_1_949' title='bbox 1602 1624 1622 1648; x_wconf 90' lang='lat'>1,</span> <span class='ocrx_word' id='word_1_950' title='bbox 1636 1624 1657 1648; x_wconf 92' lang='lat' dir='ltr'>i,</span> <span class='ocrx_word' id='word_1_951' title='bbox 1672 1623 1705 1647; x_wconf 79' lang='lat'>31.</span> <span class='ocrx_word' id='word_1_952' title='bbox 1732 1622 1756 1641; x_wconf 85' lang='lat' dir='ltr'>et</span> <span class='ocrx_word' id='word_1_953' title='bbox 1774 1624 1811 1648; x_wconf 93' lang='lat'>12,</span> <span class='ocrx_word' id='word_1_954' title='bbox 1826 1624 1847 1648; x_wconf 95' lang='lat'>1,</span> <span class='ocrx_word' id='word_1_955' title='bbox 1861 1625 1883 1649; x_wconf 83' lang='lat'>3.</span> <span class='ocrx_word' id='word_1_956' title='bbox 1919 1623 1944 1643; x_wconf 79' lang='lat' dir='ltr'>et</span> <span class='ocrx_word' id='word_1_957' title='bbox 1959 1617 2034 1644; x_wconf 90' lang='lat' dir='ltr'>Curt.</span> <span class='ocrx_word' id='word_1_958' title='bbox 2048 1619 2074 1650; x_wconf 91' lang='lat'>6,</span> <span class='ocrx_word' id='word_1_959' title='bbox 2089 1626 2112 1650; x_wconf 82' lang='grc'>3,</span> <span class='ocrx_word' id='word_1_960' title='bbox 2127 1626 2149 1650; x_wconf 89' lang='grc'>3.</span> <span class='ocrx_word' id='word_1_961' title='bbox 2187 1619 2281 1645; x_wconf 87' lang='lat' dir='ltr'>Horat.</span> <span class='ocrx_word' id='word_1_962' title='bbox 2297 1617 2374 1653; x_wconf 79' lang='lat' dir='ltr'>Epist.</span> <span class='ocrx_word' id='word_1_963' title='bbox 2395 1634 2423 1651; x_wconf 39' lang='lat' dir='ltr'>..s</span> 
     </span>
     <span class='ocr_line' id='line_1_85' title="bbox 340 1645 2429 1691; baseline -0 -9"><span class='ocrx_word' id='word_1_964' title='bbox 340 1662 355 1682; x_wconf 81' lang='grc' dir='ltr'>Β</span> <span class='ocrx_word' id='word_1_965' title='bbox 364 1663 386 1682; x_wconf 88' lang='grc' dir='ltr'>Α</span> <span class='ocrx_word' id='word_1_966' title='bbox 395 1663 414 1682; x_wconf 83' lang='lat' dir='ltr'>R</span> <span class='ocrx_word' id='word_1_967' title='bbox 423 1662 439 1682; x_wconf 85' lang='grc' dir='ltr'><em>Β</em></span> <span class='ocrx_word' id='word_1_968' title='bbox 449 1663 470 1682; x_wconf 81' lang='grc' dir='ltr'>Α</span> <span class='ocrx_word' id='word_1_969' title='bbox 482 1660 504 1680; x_wconf 84' lang='grc' dir='ltr'><strong><em>Τ</em></strong></span> <span class='ocrx_word' id='word_1_970' title='bbox 516 1656 537 1680; x_wconf 83' lang='grc' dir='ltr'><strong><em>ὁ</em></strong></span> <span class='ocrx_word' id='word_1_971' title='bbox 546 1661 566 1681; x_wconf 86' lang='lat' dir='ltr'>R</span> <span class='ocrx_word' id='word_1_972' title='bbox 578 1662 634 1686; x_wconf 82' lang='lat' dir='ltr'>iA,</span> <span class='ocrx_word' id='word_1_973' title='bbox 654 1663 693 1680; x_wconf 78' lang='lat' dir='ltr'>ac.</span> <span class='ocrx_word' id='word_1_974' title='bbox 731 1655 751 1680; x_wconf 87' lang='lat' dir='ltr'>f.</span> <span class='ocrx_word' id='word_1_975' title='bbox 789 1655 884 1683; x_wconf 85' lang='lat' dir='ltr'>Barbae</span> <span class='ocrx_word' id='word_1_976' title='bbox 897 1655 995 1691; x_wconf 69' lang='lat' dir='ltr'>raficra,</span> <span class='ocrx_word' id='word_1_977' title='bbox 1016 1662 1054 1688; x_wconf 81' lang='lat' dir='ltr'>vt,</span> <span class='ocrx_word' id='word_1_978' title='bbox 1067 1654 1251 1682; x_wconf 74' lang='lat' dir='ltr'>barbatoriam</span> <span class='ocrx_word' id='word_1_979' title='bbox 1265 1654 1353 1680; x_wconf 88' lang='lat' dir='ltr'>facere</span> <span class='ocrx_word' id='word_1_980' title='bbox 1404 1662 1422 1689; x_wconf 87' lang='lat'><strong>7</strong></span> <span class='ocrx_word' id='word_1_981' title='bbox 1443 1653 1543 1681; x_wconf 85' lang='lat' dir='ltr'>Paridis</span> <span class='ocrx_word' id='word_1_982' title='bbox 1558 1657 1667 1687; x_wconf 84' lang='lat' dir='ltr'>propter</span> <span class='ocrx_word' id='word_1_983' title='bbox 1679 1656 1803 1678; x_wconf 82' lang='lat' dir='ltr'>narratur</span> <span class='ocrx_word' id='word_1_984' title='bbox 1815 1659 1933 1678; x_wconf 87' lang='lat' dir='ltr'>amorem</span> <span class='ocrx_word' id='word_1_985' title='bbox 1949 1653 2059 1679; x_wconf 81' lang='lat' dir='ltr'>Graecia</span> <span class='ocrx_word' id='word_1_986' title='bbox 2068 1652 2208 1680; x_wconf 79' lang='lat' dir='ltr'>Bai-bariae</span> <span class='ocrx_word' id='word_1_987' title='bbox 2222 1654 2295 1681; x_wconf 83' lang='lat' dir='ltr'>lento</span> <span class='ocrx_word' id='word_1_988' title='bbox 2309 1653 2369 1681; x_wconf 87' lang='lat' dir='ltr'>coll&#39;</span> <span class='ocrx_word' id='word_1_989' title='bbox 2388 1645 2429 1682; x_wconf 61' lang='lat' dir='ltr'>fv&#39;sl</span> 
     </span>
     <span class='ocr_line' id='line_1_86' title="bbox 302 1686 2428 1735; baseline -0.001 -17"><span class='ocrx_word' id='word_1_990' title='bbox 302 1692 406 1718; x_wconf 87' lang='lat' dir='ltr'>Petron.</span> <span class='ocrx_word' id='word_1_991' title='bbox 427 1699 482 1725; x_wconf 88' lang='lat' dir='ltr'>cap.</span> <span class='ocrx_word' id='word_1_992' title='bbox 494 1697 533 1724; x_wconf 85' lang='lat'>73.</span> <span class='ocrx_word' id='word_1_993' title='bbox 560 1692 578 1716; x_wconf 83' lang='grc' dir='ltr'>ι’.</span> <span class='ocrx_word' id='word_1_994' title='bbox 601 1696 644 1716; x_wconf 86' lang='lat' dir='ltr'>ton</span> <span class='ocrx_word' id='word_1_995' title='bbox 657 1690 722 1716; x_wconf 75' lang='lat' dir='ltr'>brem</span> <span class='ocrx_word' id='word_1_996' title='bbox 741 1689 791 1723; x_wconf 68' lang='lat' dir='ltr'>effi’.</span> <span class='ocrx_word' id='word_1_997' title='bbox 847 1690 926 1719; x_wconf 67' lang='lat' dir='ltr'>Gloss‘.</span> <span class='ocrx_word' id='word_1_998' title='bbox 941 1692 997 1718; x_wconf 87' lang='lat' dir='ltr'>Lat.</span> <span class='ocrx_word' id='word_1_999' title='bbox 1012 1692 1058 1718; x_wconf 89' lang='lat' dir='ltr'>Gr.</span> <span class='ocrx_word' id='word_1_1000' title='bbox 1079 1690 1250 1723; x_wconf 77' lang='lat' dir='ltr'>barbatoria,</span> <span class='ocrx_word' id='word_1_1001' title='bbox 1270 1700 1352 1723; x_wconf 74' lang='grc' dir='ltr'><em>πωγω-</em></span> <span class='ocrx_word' id='word_1_1002' title='bbox 1405 1689 1467 1716; x_wconf 82' lang='lat' dir='ltr'>ello.</span> <span class='ocrx_word' id='word_1_1003' title='bbox 1508 1687 1606 1716; x_wconf 86' lang='lat' dir='ltr'>Nazar.</span> <span class='ocrx_word' id='word_1_1004' title='bbox 1625 1689 1685 1714; x_wconf 86' lang='lat' dir='ltr'>Pan.</span> <span class='ocrx_word' id='word_1_1005' title='bbox 1705 1686 1873 1714; x_wconf 80' lang='lat' dir='ltr'>Constantini</span> <span class='ocrx_word' id='word_1_1006' title='bbox 1894 1693 1964 1718; x_wconf 83' lang='lat' dir='ltr'>c.18.</span> <span class='ocrx_word' id='word_1_1007' title='bbox 2019 1691 2057 1715; x_wconf 78' lang='lat' dir='ltr'>De</span> <span class='ocrx_word' id='word_1_1008' title='bbox 2072 1699 2115 1715; x_wconf 80' lang='lat' dir='ltr'>ora</span> <span class='ocrx_word' id='word_1_1009' title='bbox 2129 1689 2253 1725; x_wconf 58' lang='lat' dir='ltr'>Ajricae,</span> <span class='ocrx_word' id='word_1_1010' title='bbox 2268 1694 2342 1717; x_wconf 83' lang='lat' dir='ltr'>ctiam</span> <span class='ocrx_word' id='word_1_1011' title='bbox 2360 1692 2428 1735; x_wconf 59' lang='lat'>’¹⁰23</span> 
     </span>
     <span class='ocr_line' id='line_1_87' title="bbox 300 1718 2437 1762; baseline -0.005 1"><span class='ocrx_word' id='word_1_1012' title='bbox 300 1728 412 1762; x_wconf 65' lang='lat' dir='ltr'>ronrqeloe.</span> <span class='ocrx_word' id='word_1_1013' title='bbox 1403 1725 1555 1760; x_wconf 64' lang='lat' dir='ltr'>temporibw</span> <span class='ocrx_word' id='word_1_1014' title='bbox 1573 1727 1612 1750; x_wconf 84' lang='lat' dir='ltr'>ita</span> <span class='ocrx_word' id='word_1_1015' title='bbox 1627 1728 1732 1754; x_wconf 61' lang='lat' dir='ltr'>vocata,</span> <span class='ocrx_word' id='word_1_1016' title='bbox 1751 1722 1806 1748; x_wconf 79' lang='lat' dir='ltr'>dici</span> <span class='ocrx_word' id='word_1_1017' title='bbox 1823 1723 1923 1751; x_wconf 78' lang='lat' dir='ltr'>videtur</span> <span class='ocrx_word' id='word_1_1018' title='bbox 1942 1723 1999 1750; x_wconf 88' lang='lat' dir='ltr'>Cic.</span> <span class='ocrx_word' id='word_1_1019' title='bbox 2020 1724 2052 1751; x_wconf 85' lang='lat' dir='ltr'>de</span> <span class='ocrx_word' id='word_1_1020' title='bbox 2071 1725 2168 1752; x_wconf 89' lang='lat' dir='ltr'>Natur.</span> <span class='ocrx_word' id='word_1_1021' title='bbox 2183 1726 2263 1752; x_wconf 77' lang='lat' dir='ltr'>Deor.</span> <span class='ocrx_word' id='word_1_1022' title='bbox 2279 1735 2295 1753; x_wconf 83' lang='lat'>2</span> <span class='ocrx_word' id='word_1_1023' title='bbox 2322 1735 2343 1753; x_wconf 88' lang='lat' dir='ltr'>c.</span> <span class='ocrx_word' id='word_1_1024' title='bbox 2358 1718 2437 1762; x_wconf 55' lang='lat' dir='ltr'>‚o&#39;wl</span> 
     </span>
     <span class='ocr_line' id='line_1_88' title="bbox 338 1757 2437 1798; baseline -0 -9"><span class='ocrx_word' id='word_1_1025' title='bbox 338 1762 567 1789; x_wconf 63' lang='lat' dir='ltr'>BARBKTVS.</span> <span class='ocrx_word' id='word_1_1026' title='bbox 603 1760 707 1787; x_wconf 69' lang='lat' dir='ltr'>Adieet.</span> <span class='ocrx_word' id='word_1_1027' title='bbox 744 1761 896 1794; x_wconf 75' lang='grc' dir='ltr'><strong>[πωγωνῖοις,</strong></span> <span class='ocrx_word' id='word_1_1028' title='bbox 915 1760 1045 1795; x_wconf 72' lang='grc' dir='ltr'>εὖπώγων]</span> <span class='ocrx_word' id='word_1_1029' title='bbox 1081 1763 1133 1797; x_wconf 68' lang='lat' dir='ltr'>Qu*</span> <span class='ocrx_word' id='word_1_1030' title='bbox 1151 1761 1252 1788; x_wconf 80' lang='lat' dir='ltr'>barbam</span> <span class='ocrx_word' id='word_1_1031' title='bbox 1272 1758 1352 1787; x_wconf 78' lang='lat' dir='ltr'>habet.</span> <span class='ocrx_word' id='word_1_1032' title='bbox 1403 1760 1471 1787; x_wconf 84' lang='lat' dir='ltr'>Plin.</span> <span class='ocrx_word' id='word_1_1033' title='bbox 1486 1765 1515 1792; x_wconf 92' lang='lat'>8,</span> <span class='ocrx_word' id='word_1_1034' title='bbox 1533 1767 1564 1794; x_wconf 90' lang='lat'>27</span> <span class='ocrx_word' id='word_1_1035' title='bbox 1585 1758 1656 1785; x_wconf 78' lang='lat' dir='ltr'>med.</span> <span class='ocrx_word' id='word_1_1036' title='bbox 1854 1757 1874 1794; x_wconf 63' lang='grc' dir='ltr'>Ἴ</span> <span class='ocrx_word' id='word_1_1037' title='bbox 1895 1767 1912 1784; x_wconf 85' lang='lat'>2</span> <span class='ocrx_word' id='word_1_1038' title='bbox 1937 1760 2090 1793; x_wconf 69' lang='lat' dir='ltr'>Rusticitas,</span> <span class='ocrx_word' id='word_1_1039' title='bbox 2110 1760 2222 1794; x_wconf 78' lang='lat' dir='ltr'>duritia,</span> <span class='ocrx_word' id='word_1_1040' title='bbox 2235 1762 2354 1798; x_wconf 75' lang='lat' dir='ltr'>fiieuiei‘a.</span> <span class='ocrx_word' id='word_1_1041' title='bbox 2397 1765 2437 1782; x_wconf 43' lang='grc' dir='ltr'>θα</span> 
     </span>
     <span class='ocr_line' id='line_1_89' title="bbox 300 1791 2426 1834; baseline 0 -9"><span class='ocrx_word' id='word_1_1042' title='bbox 300 1797 426 1825; x_wconf 88' lang='lat' dir='ltr'>Rostrum</span> <span class='ocrx_word' id='word_1_1043' title='bbox 444 1796 584 1824; x_wconf 84' lang='lat' dir='ltr'>barbatum</span> <span class='ocrx_word' id='word_1_1044' title='bbox 602 1795 701 1823; x_wconf 89' lang='lat' dir='ltr'>habere</span> <span class='ocrx_word' id='word_1_1045' title='bbox 718 1797 823 1824; x_wconf 86' lang='lat' dir='ltr'>Petron.</span> <span class='ocrx_word' id='word_1_1046' title='bbox 849 1805 871 1822; x_wconf 87' lang='lat' dir='ltr'>c.</span> <span class='ocrx_word' id='word_1_1047' title='bbox 892 1803 933 1831; x_wconf 87' lang='lat'>75.</span> <span class='ocrx_word' id='word_1_1048' title='bbox 1006 1794 1129 1828; x_wconf 78' lang='lat' dir='ltr'>substant.</span> <span class='ocrx_word' id='word_1_1049' title='bbox 1166 1796 1292 1823; x_wconf 88' lang='lat' dir='ltr'>Barbatus</span> <span class='ocrx_word' id='word_1_1050' title='bbox 1312 1795 1394 1834; x_wconf 79' lang='lat' dir='ltr'>in-45</span> <span class='ocrx_word' id='word_1_1051' title='bbox 1406 1796 1438 1823; x_wconf 91' lang='lat' dir='ltr'>de</span> <span class='ocrx_word' id='word_1_1052' title='bbox 1452 1797 1528 1823; x_wconf 87' lang='lat' dir='ltr'>Orat.</span> <span class='ocrx_word' id='word_1_1053' title='bbox 1544 1804 1571 1829; x_wconf 91' lang='lat'>1,</span> <span class='ocrx_word' id='word_1_1054' title='bbox 1585 1800 1624 1824; x_wconf 87' lang='lat'>118</span> <span class='ocrx_word' id='word_1_1055' title='bbox 1647 1802 1668 1819; x_wconf 89' lang='lat' dir='ltr'>c.</span> <span class='ocrx_word' id='word_1_1056' title='bbox 1684 1793 1719 1818; x_wconf 85' lang='lat'>26</span> <span class='ocrx_word' id='word_1_1057' title='bbox 1743 1791 1839 1827; x_wconf 88' lang='lat' dir='ltr'>Neque</span> <span class='ocrx_word' id='word_1_1058' title='bbox 1861 1794 1948 1826; x_wconf 88' lang='lat' dir='ltr'>enim,</span> <span class='ocrx_word' id='word_1_1059' title='bbox 1968 1795 1986 1820; x_wconf 84' lang='lat' dir='ltr'><strong>fi</strong></span> <span class='ocrx_word' id='word_1_1060' title='bbox 2006 1796 2152 1823; x_wconf 87' lang='lat' dir='ltr'>multitudo</span> <span class='ocrx_word' id='word_1_1061' title='bbox 2170 1797 2278 1831; x_wconf 88' lang='lat' dir='ltr'>litium,</span> <span class='ocrx_word' id='word_1_1062' title='bbox 2297 1797 2315 1824; x_wconf 77' lang='lat' dir='ltr'><strong>fi</strong></span> <span class='ocrx_word' id='word_1_1063' title='bbox 2336 1795 2426 1824; x_wconf 74' lang='lat' dir='ltr'>vati*</span> 
     </span>
     <span class='ocr_line' id='line_1_90' title="bbox 300 1827 2426 1869; baseline -0.002 -9"><span class='ocrx_word' id='word_1_1064' title='bbox 300 1842 364 1869; x_wconf 81' lang='lat' dir='ltr'>gens</span> <span class='ocrx_word' id='word_1_1065' title='bbox 383 1833 457 1860; x_wconf 84' lang='lat' dir='ltr'>Idem</span> <span class='ocrx_word' id='word_1_1066' title='bbox 474 1842 494 1859; x_wconf 91' lang='lat' dir='ltr'>c.</span> <span class='ocrx_word' id='word_1_1067' title='bbox 510 1842 547 1866; x_wconf 89' lang='lat'>40</span> <span class='ocrx_word' id='word_1_1068' title='bbox 573 1832 725 1859; x_wconf 88' lang='lat' dir='ltr'>Credebant</span> <span class='ocrx_word' id='word_1_1069' title='bbox 746 1832 796 1859; x_wconf 90' lang='lat' dir='ltr'>hoc</span> <span class='ocrx_word' id='word_1_1070' title='bbox 811 1831 908 1867; x_wconf 86' lang='lat' dir='ltr'>grande</span> <span class='ocrx_word' id='word_1_1071' title='bbox 925 1830 998 1858; x_wconf 86' lang='lat' dir='ltr'>nefas</span> <span class='ocrx_word' id='word_1_1072' title='bbox 1017 1837 1043 1857; x_wconf 91' lang='lat' dir='ltr'>et</span> <span class='ocrx_word' id='word_1_1073' title='bbox 1057 1838 1146 1857; x_wconf 85' lang='lat' dir='ltr'>morte</span> <span class='ocrx_word' id='word_1_1074' title='bbox 1161 1831 1303 1866; x_wconf 87' lang='lat' dir='ltr'>piandum,</span> <span class='ocrx_word' id='word_1_1075' title='bbox 1324 1830 1352 1856; x_wconf 82' lang='lat' dir='ltr'>Si</span> <span class='ocrx_word' id='word_1_1076' title='bbox 1405 1833 1561 1865; x_wconf 86' lang='lat' dir='ltr'>causarum,</span> <span class='ocrx_word' id='word_1_1077' title='bbox 1579 1830 1597 1857; x_wconf 84' lang='lat' dir='ltr'><strong>fi</strong></span> <span class='ocrx_word' id='word_1_1078' title='bbox 1613 1830 1676 1856; x_wconf 87' lang='lat' dir='ltr'>haec</span> <span class='ocrx_word' id='word_1_1079' title='bbox 1689 1827 1767 1854; x_wconf 83' lang='lat' dir='ltr'>turba</span> <span class='ocrx_word' id='word_1_1080' title='bbox 1785 1834 1812 1854; x_wconf 85' lang='lat' dir='ltr'>et</span> <span class='ocrx_word' id='word_1_1081' title='bbox 1826 1827 1948 1856; x_wconf 84' lang='lat' dir='ltr'>barbaria</span> <span class='ocrx_word' id='word_1_1082' title='bbox 1969 1830 2095 1862; x_wconf 87' lang='lat' dir='ltr'>forensis,</span> <span class='ocrx_word' id='word_1_1083' title='bbox 2114 1832 2158 1858; x_wconf 87' lang='lat' dir='ltr'>dat</span> <span class='ocrx_word' id='word_1_1084' title='bbox 2177 1833 2266 1860; x_wconf 86' lang='lat' dir='ltr'>locum</span> <span class='ocrx_word' id='word_1_1085' title='bbox 2286 1833 2328 1860; x_wconf 90' lang='lat' dir='ltr'>vel</span> <span class='ocrx_word' id='word_1_1086' title='bbox 2347 1831 2426 1865; x_wconf 45' lang='lat' dir='ltr'>virs..v</span> 
     </span>
     <span class='ocr_line' id='line_1_91' title="bbox 275 1863 2429 1904; baseline -0.001 -8"><span class='ocrx_word' id='word_1_1087' title='bbox 275 1896 277 1898; x_wconf 76' lang='grc'><strong>,</strong></span> <span class='ocrx_word' id='word_1_1088' title='bbox 299 1869 408 1898; x_wconf 86' lang='lat' dir='ltr'>iuuenis</span> <span class='ocrx_word' id='word_1_1089' title='bbox 424 1869 516 1895; x_wconf 87' lang='lat' dir='ltr'>vetulo</span> <span class='ocrx_word' id='word_1_1090' title='bbox 529 1876 584 1894; x_wconf 85' lang='lat' dir='ltr'>non</span> <span class='ocrx_word' id='word_1_1091' title='bbox 598 1869 778 1901; x_wconf 79' lang='lat' dir='ltr'>assurrexerat,</span> <span class='ocrx_word' id='word_1_1092' title='bbox 791 1874 816 1895; x_wconf 89' lang='lat' dir='ltr'>et</span> <span class='ocrx_word' id='word_1_1093' title='bbox 830 1867 848 1894; x_wconf 80' lang='lat' dir='ltr'>fi</span> <span class='ocrx_word' id='word_1_1094' title='bbox 863 1867 977 1894; x_wconf 86' lang='lat' dir='ltr'>Barbato</span> <span class='ocrx_word' id='word_1_1095' title='bbox 991 1867 1141 1902; x_wconf 84' lang='lat' dir='ltr'>cuicunque</span> <span class='ocrx_word' id='word_1_1096' title='bbox 1155 1875 1221 1902; x_wconf 87' lang='lat' dir='ltr'>puer</span> <span class='ocrx_word' id='word_1_1097' title='bbox 1234 1865 1351 1893; x_wconf 85' lang='lat' dir='ltr'>quenal.</span> <span class='ocrx_word' id='word_1_1098' title='bbox 1405 1866 1567 1894; x_wconf 83' lang='lat' dir='ltr'>oratoribus.</span> <span class='ocrx_word' id='word_1_1099' title='bbox 1638 1863 1719 1892; x_wconf 87' lang='lat' dir='ltr'>Ouid.</span> <span class='ocrx_word' id='word_1_1100' title='bbox 1736 1865 1866 1903; x_wconf 45' lang='lat' dir='ltr'>Amor33,</span> <span class='ocrx_word' id='word_1_1101' title='bbox 1880 1870 1903 1897; x_wconf 82' lang='lat'>8,</span> <span class='ocrx_word' id='word_1_1102' title='bbox 1915 1873 1928 1897; x_wconf 86' lang='grc'>3</span> <span class='ocrx_word' id='word_1_1103' title='bbox 1949 1865 2089 1900; x_wconf 86' lang='lat' dir='ltr'>Ingenium</span> <span class='ocrx_word' id='word_1_1104' title='bbox 2104 1868 2238 1901; x_wconf 87' lang='lat' dir='ltr'>quondam</span> <span class='ocrx_word' id='word_1_1105' title='bbox 2251 1869 2338 1896; x_wconf 84' lang='lat' dir='ltr'>fuerat</span> <span class='ocrx_word' id='word_1_1106' title='bbox 2350 1865 2429 1904; x_wconf 64' lang='lat' dir='ltr'>pretio</span> 
     </span>
     <span class='ocr_line' id='line_1_92' title="bbox 299 1899 2427 1941; baseline 0 -10"><span class='ocrx_word' id='word_1_1107' title='bbox 299 1914 335 1938; x_wconf 92' lang='grc'>13,</span> <span class='ocrx_word' id='word_1_1108' title='bbox 348 1913 390 1939; x_wconf 85' lang='lat'>54.</span> <span class='ocrx_word' id='word_1_1109' title='bbox 426 1905 520 1931; x_wconf 85' lang='lat' dir='ltr'>Horat.</span> <span class='ocrx_word' id='word_1_1110' title='bbox 532 1904 614 1931; x_wconf 78' lang='lat' dir='ltr'>serm.</span> <span class='ocrx_word' id='word_1_1111' title='bbox 629 1913 655 1937; x_wconf 83' lang='lat'>2,</span> <span class='ocrx_word' id='word_1_1112' title='bbox 668 1913 691 1937; x_wconf 87' lang='grc'>3,</span> <span class='ocrx_word' id='word_1_1113' title='bbox 704 1913 758 1938; x_wconf 86' lang='lat'>249</span> <span class='ocrx_word' id='word_1_1114' title='bbox 783 1903 887 1931; x_wconf 87' lang='lat' dir='ltr'>Ludere</span> <span class='ocrx_word' id='word_1_1115' title='bbox 906 1912 953 1938; x_wconf 87' lang='lat' dir='ltr'>par</span> <span class='ocrx_word' id='word_1_1116' title='bbox 972 1903 1073 1937; x_wconf 88' lang='lat' dir='ltr'>impar,</span> <span class='ocrx_word' id='word_1_1117' title='bbox 1093 1904 1215 1937; x_wconf 87' lang='lat' dir='ltr'>equitare</span> <span class='ocrx_word' id='word_1_1118' title='bbox 1229 1902 1259 1928; x_wconf 90' lang='lat' dir='ltr'>in</span> <span class='ocrx_word' id='word_1_1119' title='bbox 1273 1909 1351 1928; x_wconf 84' lang='lat' dir='ltr'>arun·</span> <span class='ocrx_word' id='word_1_1120' title='bbox 1405 1902 1455 1928; x_wconf 82' lang='lat' dir='ltr'>sius</span> <span class='ocrx_word' id='word_1_1121' title='bbox 1474 1910 1540 1929; x_wconf 83' lang='lat' dir='ltr'>auro</span> <span class='ocrx_word' id='word_1_1122' title='bbox 1555 1912 1560 1927; x_wconf 90' lang='lat'>:</span> <span class='ocrx_word' id='word_1_1123' title='bbox 1596 1901 1630 1927; x_wconf 90' lang='lat' dir='ltr'>At</span> <span class='ocrx_word' id='word_1_1124' title='bbox 1646 1908 1715 1926; x_wconf 87' lang='lat' dir='ltr'>nunc</span> <span class='ocrx_word' id='word_1_1125' title='bbox 1732 1899 1855 1925; x_wconf 89' lang='lat' dir='ltr'>barbaria</span> <span class='ocrx_word' id='word_1_1126' title='bbox 1874 1900 1910 1926; x_wconf 87' lang='lat' dir='ltr'>est</span> <span class='ocrx_word' id='word_1_1127' title='bbox 1923 1901 2045 1934; x_wconf 84' lang='lat' dir='ltr'>grandis,</span> <span class='ocrx_word' id='word_1_1128' title='bbox 2060 1900 2157 1929; x_wconf 82' lang='lat' dir='ltr'>habere</span> <span class='ocrx_word' id='word_1_1129' title='bbox 2172 1904 2258 1938; x_wconf 85' lang='lat' dir='ltr'>nihil,</span> <span class='ocrx_word' id='word_1_1130' title='bbox 2280 1908 2298 1931; x_wconf 86' lang='lat' dir='ltr'>i.</span> <span class='ocrx_word' id='word_1_1131' title='bbox 2317 1905 2360 1932; x_wconf 86' lang='lat' dir='ltr'>hic</span> <span class='ocrx_word' id='word_1_1132' title='bbox 2377 1900 2427 1941; x_wconf 58' lang='lat' dir='ltr'>ag&#39;rz</span> 
     </span>
     <span class='ocr_line' id='line_1_93' title="bbox 299 1933 2426 1975; baseline -0.001 -8"><span class='ocrx_word' id='word_1_1133' title='bbox 299 1940 361 1967; x_wconf 81' lang='lat' dir='ltr'>dine</span> <span class='ocrx_word' id='word_1_1134' title='bbox 375 1941 468 1975; x_wconf 83' lang='lat' dir='ltr'>longa,</span> <span class='ocrx_word' id='word_1_1135' title='bbox 487 1941 514 1967; x_wconf 90' lang='lat' dir='ltr'>Si</span> <span class='ocrx_word' id='word_1_1136' title='bbox 530 1949 611 1975; x_wconf 87' lang='lat' dir='ltr'>quem</span> <span class='ocrx_word' id='word_1_1137' title='bbox 624 1940 737 1966; x_wconf 66' lang='lat' dir='ltr'>deletitet</span> <span class='ocrx_word' id='word_1_1138' title='bbox 750 1940 902 1972; x_wconf 86' lang='lat' dir='ltr'>Barbatum,</span> <span class='ocrx_word' id='word_1_1139' title='bbox 916 1940 1031 1966; x_wconf 86' lang='lat' dir='ltr'>amentia</span> <span class='ocrx_word' id='word_1_1140' title='bbox 1045 1940 1138 1965; x_wconf 88' lang='lat' dir='ltr'>verset.</span> <span class='ocrx_word' id='word_1_1141' title='bbox 1175 1937 1216 1972; x_wconf 72' lang='lat' dir='ltr'>Est</span> <span class='ocrx_word' id='word_1_1142' title='bbox 1229 1938 1269 1965; x_wconf 81' lang='lat' dir='ltr'>hic</span> <span class='ocrx_word' id='word_1_1143' title='bbox 1281 1937 1351 1964; x_wconf 84' lang='lat' dir='ltr'>homo</span> <span class='ocrx_word' id='word_1_1144' title='bbox 1396 1936 1451 1972; x_wconf 83' lang='lat' dir='ltr'>stis</span> <span class='ocrx_word' id='word_1_1145' title='bbox 1469 1944 1493 1964; x_wconf 78' lang='lat' dir='ltr'>et</span> <span class='ocrx_word' id='word_1_1146' title='bbox 1510 1937 1583 1964; x_wconf 80' lang='lat' dir='ltr'>rudis</span> <span class='ocrx_word' id='word_1_1147' title='bbox 1601 1935 1721 1966; x_wconf 80' lang='lat' dir='ltr'>habetur,</span> <span class='ocrx_word' id='word_1_1148' title='bbox 1746 1937 1789 1969; x_wconf 86' lang='lat' dir='ltr'>qui</span> <span class='ocrx_word' id='word_1_1149' title='bbox 1803 1941 1900 1970; x_wconf 75' lang='lat' dir='ltr'>pauper</span> <span class='ocrx_word' id='word_1_1150' title='bbox 1918 1933 1960 1968; x_wconf 68' lang='lat' dir='ltr'>‘ist-</span> <span class='ocrx_word' id='word_1_1151' title='bbox 2036 1937 2188 1965; x_wconf 85' lang='lat' dir='ltr'>Inconditae</span> <span class='ocrx_word' id='word_1_1152' title='bbox 2208 1940 2346 1967; x_wconf 82' lang='lat' dir='ltr'>barbariae</span> <span class='ocrx_word' id='word_1_1153' title='bbox 2364 1938 2426 1966; x_wconf 88' lang='lat' dir='ltr'>hom</span> 
     </span>
     <span class='ocr_line' id='line_1_94' title="bbox 299 1969 2424 2010; baseline 0 -8"><span class='ocrx_word' id='word_1_1154' title='bbox 299 1977 375 2003; x_wconf 84' lang='lat' dir='ltr'>virili</span> <span class='ocrx_word' id='word_1_1155' title='bbox 392 1981 480 2002; x_wconf 80' lang='lat' dir='ltr'>aetate.</span> <span class='ocrx_word' id='word_1_1156' title='bbox 535 1976 593 2002; x_wconf 84' lang='lat' dir='ltr'>Cic.</span> <span class='ocrx_word' id='word_1_1157' title='bbox 607 1975 686 2003; x_wconf 80' lang='lat' dir='ltr'>Catil.</span> <span class='ocrx_word' id='word_1_1158' title='bbox 698 1983 717 2002; x_wconf 66' lang='grc' dir='ltr'><em>ἰ</em></span> <span class='ocrx_word' id='word_1_1159' title='bbox 744 1984 765 2000; x_wconf 92' lang='lat' dir='ltr'>c.</span> <span class='ocrx_word' id='word_1_1160' title='bbox 784 1984 812 2001; x_wconf 88' lang='lat'>10</span> <span class='ocrx_word' id='word_1_1161' title='bbox 844 1977 973 2007; x_wconf 87' lang='lat' dir='ltr'>quenes,</span> <span class='ocrx_word' id='word_1_1162' title='bbox 992 1984 1058 2009; x_wconf 87' lang='lat' dir='ltr'>quos</span> <span class='ocrx_word' id='word_1_1163' title='bbox 1075 1981 1119 2001; x_wconf 90' lang='lat' dir='ltr'>aut</span> <span class='ocrx_word' id='word_1_1164' title='bbox 1134 1973 1285 2006; x_wconf 86' lang='lat' dir='ltr'>imberbes,</span> <span class='ocrx_word' id='word_1_1165' title='bbox 1305 1977 1350 1998; x_wconf 81' lang='lat' dir='ltr'>aut</span> <span class='ocrx_word' id='word_1_1166' title='bbox 1364 1974 1466 2007; x_wconf 83' lang='lat' dir='ltr'>50Li11.</span> <span class='ocrx_word' id='word_1_1167' title='bbox 1487 1982 1528 2007; x_wconf 82' lang='lat'>30,</span> <span class='ocrx_word' id='word_1_1168' title='bbox 1567 1992 1574 1998; x_wconf 90' lang='lat'>.</span> <span class='ocrx_word' id='word_1_1169' title='bbox 1613 1991 1620 1997; x_wconf 95' lang='lat'>.</span> <span class='ocrx_word' id='word_1_1170' title='bbox 1656 1970 1685 1996; x_wconf 84' lang='lat' dir='ltr'>de</span> <span class='ocrx_word' id='word_1_1171' title='bbox 1699 1970 1808 2005; x_wconf 81' lang='lat' dir='ltr'>Syphace</span> <span class='ocrx_word' id='word_1_1172' title='bbox 1826 1978 1892 2010; x_wconf 67' lang='lat' dir='ltr'>rege,</span> <span class='ocrx_word' id='word_1_1173' title='bbox 1962 1969 2106 2000; x_wconf 86' lang='lat' dir='ltr'>Inhumana</span> <span class='ocrx_word' id='word_1_1174' title='bbox 2124 1973 2248 2002; x_wconf 87' lang='lat' dir='ltr'>barbaria</span> <span class='ocrx_word' id='word_1_1175' title='bbox 2265 1974 2346 2002; x_wconf 85' lang='lat' dir='ltr'>Ouid.</span> <span class='ocrx_word' id='word_1_1176' title='bbox 2359 1975 2424 2001; x_wconf 79' lang='lat' dir='ltr'>Txit</span> 
     </span>
     <span class='ocr_line' id='line_1_95' title="bbox 299 2005 2424 2045; baseline -0.002 -7"><span class='ocrx_word' id='word_1_1177' title='bbox 299 2011 369 2038; x_wconf 83' lang='lat' dir='ltr'>bene</span> <span class='ocrx_word' id='word_1_1178' title='bbox 383 2010 509 2038; x_wconf 85' lang='lat' dir='ltr'>barbatos</span> <span class='ocrx_word' id='word_1_1179' title='bbox 521 2010 628 2037; x_wconf 86' lang='lat' dir='ltr'>videtis.</span> <span class='ocrx_word' id='word_1_1180' title='bbox 664 2012 693 2037; x_wconf 90' lang='lat' dir='ltr'><em>A</em></span> <span class='ocrx_word' id='word_1_1181' title='bbox 705 2011 823 2036; x_wconf 72' lang='lat' dir='ltr'>Munatio</span> <span class='ocrx_word' id='word_1_1182' title='bbox 836 2010 892 2036; x_wconf 79' lang='lat' dir='ltr'>inde</span> <span class='ocrx_word' id='word_1_1183' title='bbox 903 2012 1001 2045; x_wconf 83' lang='lat' dir='ltr'>placuit</span> <span class='ocrx_word' id='word_1_1184' title='bbox 1016 2012 1102 2036; x_wconf 80' lang='lat' dir='ltr'>melius</span> <span class='ocrx_word' id='word_1_1185' title='bbox 1116 2014 1182 2042; x_wconf 65' lang='lat' dir='ltr'>viris</span> <span class='ocrx_word' id='word_1_1186' title='bbox 1197 2008 1279 2036; x_wconf 65' lang='lat' dir='ltr'>doc‘iis</span> <span class='ocrx_word' id='word_1_1187' title='bbox 1293 2017 1351 2043; x_wconf 88' lang='lat' dir='ltr'>pae-</span> <span class='ocrx_word' id='word_1_1188' title='bbox 1403 2018 1427 2043; x_wconf 80' lang='grc'>3,</span> <span class='ocrx_word' id='word_1_1189' title='bbox 1442 2018 1469 2043; x_wconf 89' lang='lat'>9,</span> <span class='ocrx_word' id='word_1_1190' title='bbox 1483 2018 1504 2042; x_wconf 85' lang='grc'>3.</span> <span class='ocrx_word' id='word_1_1191' title='bbox 1563 2006 1673 2041; x_wconf 60' lang='lat' dir='ltr'>Qun&amp;</span> <span class='ocrx_word' id='word_1_1192' title='bbox 1689 2013 1721 2042; x_wconf 85' lang='lat'>11,</span> <span class='ocrx_word' id='word_1_1193' title='bbox 1734 2013 1758 2038; x_wconf 79' lang='lat'>3,</span> <span class='ocrx_word' id='word_1_1194' title='bbox 1773 2007 1807 2039; x_wconf 87' lang='lat'>69</span> <span class='ocrx_word' id='word_1_1195' title='bbox 1826 2005 1920 2045; x_wconf 70' lang='lat' dir='ltr'>Capite</span> <span class='ocrx_word' id='word_1_1196' title='bbox 1933 2006 2065 2040; x_wconf 84' lang='lat' dir='ltr'>praeduro</span> <span class='ocrx_word' id='word_1_1197' title='bbox 2076 2017 2105 2035; x_wconf 85' lang='lat' dir='ltr'>ac</span> <span class='ocrx_word' id='word_1_1198' title='bbox 2120 2010 2221 2044; x_wconf 83' lang='lat' dir='ltr'>rigente</span> <span class='ocrx_word' id='word_1_1199' title='bbox 2233 2010 2355 2044; x_wconf 77' lang='lat' dir='ltr'>barbaria</span> <span class='ocrx_word' id='word_1_1200' title='bbox 2366 2011 2424 2045; x_wconf 75' lang='lat' dir='ltr'>quai</span> 
     </span>
     <span class='ocr_line' id='line_1_96' title="bbox 299 2041 2423 2081; baseline -0.002 -7"><span class='ocrx_word' id='word_1_1201' title='bbox 299 2056 333 2074; x_wconf 88' lang='lat' dir='ltr'>ne</span> <span class='ocrx_word' id='word_1_1202' title='bbox 352 2046 485 2075; x_wconf 84' lang='lat' dir='ltr'>barbatos.</span> <span class='ocrx_word' id='word_1_1203' title='bbox 526 2046 585 2073; x_wconf 81' lang='lat' dir='ltr'>Sero</span> <span class='ocrx_word' id='word_1_1204' title='bbox 603 2045 672 2081; x_wconf 81' lang='lat' dir='ltr'>apud</span> <span class='ocrx_word' id='word_1_1205' title='bbox 686 2047 809 2073; x_wconf 78' lang='lat' dir='ltr'>Romanos</span> <span class='ocrx_word' id='word_1_1206' title='bbox 829 2042 1000 2071; x_wconf 60' lang='lat' dir='ltr'>introductum</span> <span class='ocrx_word' id='word_1_1207' title='bbox 1018 2045 1117 2071; x_wconf 82' lang='lat' dir='ltr'>barbam</span> <span class='ocrx_word' id='word_1_1208' title='bbox 1138 2046 1248 2071; x_wconf 69' lang='lat' dir='ltr'>tondere.</span> <span class='ocrx_word' id='word_1_1209' title='bbox 1291 2042 1350 2070; x_wconf 73' lang='lat' dir='ltr'>Vid.</span> <span class='ocrx_word' id='word_1_1210' title='bbox 1403 2046 1464 2072; x_wconf 86' lang='lat' dir='ltr'>dani</span> <span class='ocrx_word' id='word_1_1211' title='bbox 1483 2044 1579 2071; x_wconf 87' lang='lat' dir='ltr'>mentis</span> <span class='ocrx_word' id='word_1_1212' title='bbox 1597 2041 1753 2069; x_wconf 85' lang='lat' dir='ltr'>ostenditur.</span> <span class='ocrx_word' id='word_1_1213' title='bbox 1824 2041 1879 2067; x_wconf 85' lang='lat' dir='ltr'>Cic.</span> <span class='ocrx_word' id='word_1_1214' title='bbox 1899 2050 1948 2076; x_wconf 89' lang='lat' dir='ltr'>pro</span> <span class='ocrx_word' id='word_1_1215' title='bbox 1969 2042 2075 2069; x_wconf 90' lang='lat' dir='ltr'>Cornel.</span> <span class='ocrx_word' id='word_1_1216' title='bbox 2087 2044 2168 2071; x_wconf 84' lang='lat' dir='ltr'>Balbo</span> <span class='ocrx_word' id='word_1_1217' title='bbox 2185 2055 2217 2079; x_wconf 84' lang='lat'>43</span> <span class='ocrx_word' id='word_1_1218' title='bbox 2245 2056 2266 2072; x_wconf 71' lang='lat' dir='ltr'>c.</span> <span class='ocrx_word' id='word_1_1219' title='bbox 2286 2055 2314 2079; x_wconf 88' lang='lat'>19</span> <span class='ocrx_word' id='word_1_1220' title='bbox 2338 2045 2423 2072; x_wconf 81' lang='lat' dir='ltr'>Omitt</span> 
     </span>
     <span class='ocr_line' id='line_1_97' title="bbox 300 2076 2424 2116; baseline -0.002 -6"><span class='ocrx_word' id='word_1_1221' title='bbox 300 2089 430 2111; x_wconf 77' lang='lat' dir='ltr'>TONSOR</span> <span class='ocrx_word' id='word_1_1222' title='bbox 443 2090 476 2108; x_wconf 82' lang='lat' dir='ltr'>ex</span> <span class='ocrx_word' id='word_1_1223' title='bbox 488 2083 565 2108; x_wconf 87' lang='lat' dir='ltr'>Varr.</span> <span class='ocrx_word' id='word_1_1224' title='bbox 580 2082 610 2108; x_wconf 87' lang='lat' dir='ltr'>R.</span> <span class='ocrx_word' id='word_1_1225' title='bbox 625 2082 656 2108; x_wconf 90' lang='lat' dir='ltr'>R.</span> <span class='ocrx_word' id='word_1_1226' title='bbox 672 2090 744 2115; x_wconf 54' lang='lat'>2,111,</span> <span class='ocrx_word' id='word_1_1227' title='bbox 765 2089 794 2107; x_wconf 91' lang='lat'>10</span> <span class='ocrx_word' id='word_1_1228' title='bbox 810 2092 816 2107; x_wconf 86' lang='lat'><strong>:</strong></span> <span class='ocrx_word' id='word_1_1229' title='bbox 842 2081 906 2107; x_wconf 81' lang='lat' dir='ltr'>vnde</span> <span class='ocrx_word' id='word_1_1230' title='bbox 921 2080 1028 2107; x_wconf 86' lang='lat' dir='ltr'>Barbati</span> <span class='ocrx_word' id='word_1_1231' title='bbox 1037 2080 1112 2116; x_wconf 77' lang='lat' dir='ltr'>saepe</span> <span class='ocrx_word' id='word_1_1232' title='bbox 1123 2086 1172 2115; x_wconf 79' lang='lat' dir='ltr'>pro</span> <span class='ocrx_word' id='word_1_1233' title='bbox 1186 2082 1314 2114; x_wconf 71' lang='lat' dir='ltr'>antiquis,</span> <span class='ocrx_word' id='word_1_1234' title='bbox 1323 2078 1348 2112; x_wconf 73' lang='lat' dir='ltr'>JI</span> <span class='ocrx_word' id='word_1_1235' title='bbox 1403 2081 1509 2114; x_wconf 83' lang='lat' dir='ltr'>quantis</span> <span class='ocrx_word' id='word_1_1236' title='bbox 1527 2078 1690 2107; x_wconf 83' lang='lat' dir='ltr'>ornamentis</span> <span class='ocrx_word' id='word_1_1237' title='bbox 1707 2076 1836 2112; x_wconf 86' lang='lat' dir='ltr'>populum</span> <span class='ocrx_word' id='word_1_1238' title='bbox 1848 2077 1927 2104; x_wconf 83' lang='lat' dir='ltr'>istum</span> <span class='ocrx_word' id='word_1_1239' title='bbox 1943 2079 1972 2104; x_wconf 90' lang='lat' dir='ltr'>C.</span> <span class='ocrx_word' id='word_1_1240' title='bbox 1985 2079 2094 2111; x_wconf 82' lang='lat' dir='ltr'>Caesar,</span> <span class='ocrx_word' id='word_1_1241' title='bbox 2112 2088 2194 2113; x_wconf 87' lang='lat' dir='ltr'>quum</span> <span class='ocrx_word' id='word_1_1242' title='bbox 2207 2081 2266 2106; x_wconf 79' lang='lat' dir='ltr'>effet</span> <span class='ocrx_word' id='word_1_1243' title='bbox 2280 2081 2309 2106; x_wconf 84' lang='lat' dir='ltr'>in</span> <span class='ocrx_word' id='word_1_1244' title='bbox 2320 2080 2424 2113; x_wconf 78' lang='lat' dir='ltr'>Hispan.</span> 
     </span>
     <span class='ocr_line' id='line_1_98' title="bbox 299 2112 2429 2154; baseline -0.002 -9"><span class='ocrx_word' id='word_1_1245' title='bbox 299 2118 425 2146; x_wconf 76' lang='lat' dir='ltr'>veteribus</span> <span class='ocrx_word' id='word_1_1246' title='bbox 437 2119 556 2146; x_wconf 80' lang='lat' dir='ltr'>Romanis</span> <span class='ocrx_word' id='word_1_1247' title='bbox 564 2123 705 2153; x_wconf 78' lang='lat' dir='ltr'>ponuntur.</span> <span class='ocrx_word' id='word_1_1248' title='bbox 748 2117 777 2143; x_wconf 85' lang='lat' dir='ltr'>V.</span> <span class='ocrx_word' id='word_1_1249' title='bbox 791 2126 816 2154; x_wconf 79' lang='lat' dir='ltr'>g.</span> <span class='ocrx_word' id='word_1_1250' title='bbox 838 2117 894 2143; x_wconf 87' lang='lat' dir='ltr'>Cic.</span> <span class='ocrx_word' id='word_1_1251' title='bbox 910 2125 959 2151; x_wconf 91' lang='lat' dir='ltr'>pro</span> <span class='ocrx_word' id='word_1_1252' title='bbox 972 2116 1044 2143; x_wconf 86' lang='lat' dir='ltr'>Cael.</span> <span class='ocrx_word' id='word_1_1253' title='bbox 1057 2124 1084 2148; x_wconf 86' lang='grc'>33</span> <span class='ocrx_word' id='word_1_1254' title='bbox 1104 2126 1125 2141; x_wconf 92' lang='lat' dir='ltr'>c.</span> <span class='ocrx_word' id='word_1_1255' title='bbox 1142 2123 1181 2148; x_wconf 92' lang='lat'>14,</span> <span class='ocrx_word' id='word_1_1256' title='bbox 1201 2123 1269 2150; x_wconf 80' lang='lat' dir='ltr'>quem</span> <span class='ocrx_word' id='word_1_1257' title='bbox 1283 2113 1350 2139; x_wconf 74' lang='lat' dir='ltr'>deai—</span> <span class='ocrx_word' id='word_1_1258' title='bbox 1402 2115 1520 2145; x_wconf 87' lang='lat' dir='ltr'>Praetor,</span> <span class='ocrx_word' id='word_1_1259' title='bbox 1532 2114 1665 2146; x_wconf 84' lang='lat' dir='ltr'>affecerit,</span> <span class='ocrx_word' id='word_1_1260' title='bbox 1686 2112 1877 2139; x_wconf 78' lang='lat' dir='ltr'>controuerfias</span> <span class='ocrx_word' id='word_1_1261' title='bbox 1889 2113 2000 2146; x_wconf 85' lang='lat' dir='ltr'>sedarit,</span> <span class='ocrx_word' id='word_1_1262' title='bbox 2021 2114 2081 2141; x_wconf 84' lang='lat' dir='ltr'>iura</span> <span class='ocrx_word' id='word_1_1263' title='bbox 2093 2114 2212 2149; x_wconf 86' lang='lat' dir='ltr'>ipsorum</span> <span class='ocrx_word' id='word_1_1264' title='bbox 2224 2114 2346 2150; x_wconf 66' lang='lat' dir='ltr'>permissu</span> <span class='ocrx_word' id='word_1_1265' title='bbox 2358 2114 2394 2140; x_wconf 87' lang='lat' dir='ltr'>sta</span> <span class='ocrx_word' id='word_1_1266' title='bbox 2425 2142 2429 2151; x_wconf 36' lang='lat'>³</span> 
     </span>
     <span class='ocr_line' id='line_1_99' title="bbox 299 2144 2414 2186; baseline -0.003 -5"><span class='ocrx_word' id='word_1_1267' title='bbox 299 2164 354 2180; x_wconf 85' lang='lat' dir='ltr'>mus</span> <span class='ocrx_word' id='word_1_1268' title='bbox 367 2157 396 2180; x_wconf 83' lang='lat' dir='ltr'>in</span> <span class='ocrx_word' id='word_1_1269' title='bbox 411 2159 568 2180; x_wconf 81' lang='lat' dir='ltr'>BARBVLA.</span> <span class='ocrx_word' id='word_1_1270' title='bbox 604 2153 677 2179; x_wconf 85' lang='lat' dir='ltr'>Idem</span> <span class='ocrx_word' id='word_1_1271' title='bbox 690 2152 723 2179; x_wconf 86' lang='lat' dir='ltr'>de</span> <span class='ocrx_word' id='word_1_1272' title='bbox 737 2152 795 2179; x_wconf 72' lang='lat' dir='ltr'>Pin.</span> <span class='ocrx_word' id='word_1_1273' title='bbox 810 2161 828 2185; x_wconf 86' lang='lat'>4</span> <span class='ocrx_word' id='word_1_1274' title='bbox 849 2162 870 2179; x_wconf 85' lang='lat' dir='ltr'>c.</span> <span class='ocrx_word' id='word_1_1275' title='bbox 885 2161 915 2185; x_wconf 83' lang='lat'>23</span> <span class='ocrx_word' id='word_1_1276' title='bbox 936 2151 1016 2185; x_wconf 83' lang='lat' dir='ltr'>Qiod</span> <span class='ocrx_word' id='word_1_1277' title='bbox 1029 2151 1134 2186; x_wconf 82' lang='lat' dir='ltr'>antiqui</span> <span class='ocrx_word' id='word_1_1278' title='bbox 1148 2151 1189 2177; x_wconf 91' lang='lat' dir='ltr'>illi</span> <span class='ocrx_word' id='word_1_1279' title='bbox 1204 2149 1274 2185; x_wconf 80' lang='lat' dir='ltr'>quali</span> <span class='ocrx_word' id='word_1_1280' title='bbox 1288 2149 1349 2175; x_wconf 80' lang='lat' dir='ltr'>Bar·</span> <span class='ocrx_word' id='word_1_1281' title='bbox 1363 2158 1391 2184; x_wconf 82' lang='lat'>53</span> <span class='ocrx_word' id='word_1_1282' title='bbox 1403 2150 1454 2182; x_wconf 88' lang='lat' dir='ltr'>rit,</span> <span class='ocrx_word' id='word_1_1283' title='bbox 1475 2149 1650 2186; x_wconf 70' lang='lat' dir='ltr'>inueteratatn</span> <span class='ocrx_word' id='word_1_1284' title='bbox 1668 2147 1799 2181; x_wconf 83' lang='lat' dir='ltr'>quandam</span> <span class='ocrx_word' id='word_1_1285' title='bbox 1811 2147 1964 2176; x_wconf 86' lang='lat' dir='ltr'>barbariam</span> <span class='ocrx_word' id='word_1_1286' title='bbox 1983 2158 2015 2176; x_wconf 87' lang='lat' dir='ltr'>ex</span> <span class='ocrx_word' id='word_1_1287' title='bbox 2030 2150 2224 2177; x_wconf 84' lang='lat' dir='ltr'>Gaditanorum</span> <span class='ocrx_word' id='word_1_1288' title='bbox 2243 2149 2364 2176; x_wconf 79' lang='lat' dir='ltr'>moribus</span> <span class='ocrx_word' id='word_1_1289' title='bbox 2379 2144 2414 2183; x_wconf 29' lang='grc' dir='ltr'>«Δι’</span> 
     </span>
     <span class='ocr_line' id='line_1_100' title="bbox 300 2180 2378 2222; baseline -0.001 -7"><span class='ocrx_word' id='word_1_1290' title='bbox 300 2189 374 2222; x_wconf 88' lang='lat' dir='ltr'>bati,</span> <span class='ocrx_word' id='word_1_1291' title='bbox 394 2195 424 2216; x_wconf 89' lang='lat' dir='ltr'>vt</span> <span class='ocrx_word' id='word_1_1292' title='bbox 441 2197 490 2215; x_wconf 80' lang='lat' dir='ltr'>nos</span> <span class='ocrx_word' id='word_1_1293' title='bbox 508 2188 540 2214; x_wconf 86' lang='lat' dir='ltr'>de</span> <span class='ocrx_word' id='word_1_1294' title='bbox 559 2188 656 2215; x_wconf 83' lang='lat' dir='ltr'>nostris</span> <span class='ocrx_word' id='word_1_1295' title='bbox 679 2188 792 2214; x_wconf 86' lang='lat' dir='ltr'>solemus</span> <span class='ocrx_word' id='word_1_1296' title='bbox 812 2188 915 2220; x_wconf 86' lang='lat' dir='ltr'>dicere,</span> <span class='ocrx_word' id='word_1_1297' title='bbox 936 2187 1099 2214; x_wconf 82' lang='lat' dir='ltr'>crediderint</span> <span class='ocrx_word' id='word_1_1298' title='bbox 1117 2194 1163 2213; x_wconf 62' lang='grc' dir='ltr'>ινα.</span> <span class='ocrx_word' id='word_1_1299' title='bbox 1206 2187 1299 2220; x_wconf 78' lang='lat' dir='ltr'>Nempe</span> <span class='ocrx_word' id='word_1_1300' title='bbox 1321 2183 1349 2209; x_wconf 77' lang='lat' dir='ltr'>de</span> <span class='ocrx_word' id='word_1_1301' title='bbox 1403 2185 1528 2220; x_wconf 83' lang='lat' dir='ltr'>plinaque</span> <span class='ocrx_word' id='word_1_1302' title='bbox 1549 2183 1654 2210; x_wconf 84' lang='lat' dir='ltr'>delerit.</span> <span class='ocrx_word' id='word_1_1303' title='bbox 1725 2180 1852 2221; x_wconf 74' lang='lat' dir='ltr'>Resistere</span> <span class='ocrx_word' id='word_1_1304' title='bbox 1870 2183 1984 2210; x_wconf 85' lang='lat' dir='ltr'>immani</span> <span class='ocrx_word' id='word_1_1305' title='bbox 2007 2190 2087 2219; x_wconf 86' lang='lat' dir='ltr'>atque</span> <span class='ocrx_word' id='word_1_1306' title='bbox 2109 2185 2292 2212; x_wconf 87' lang='lat' dir='ltr'>intolerandae</span> <span class='ocrx_word' id='word_1_1307' title='bbox 2312 2184 2378 2212; x_wconf 61' lang='lat' dir='ltr'>har-¹</span> 
     </span>
     <span class='ocr_line' id='line_1_101' title="bbox 300 2217 2350 2260; baseline -0.003 -8"><span class='ocrx_word' id='word_1_1308' title='bbox 300 2226 404 2252; x_wconf 75' lang='lat' dir='ltr'>Graecis</span> <span class='ocrx_word' id='word_1_1309' title='bbox 424 2225 549 2260; x_wconf 82' lang='lat' dir='ltr'>loquitur,</span> <span class='ocrx_word' id='word_1_1310' title='bbox 574 2224 627 2250; x_wconf 83' lang='lat' dir='ltr'>ideo</span> <span class='ocrx_word' id='word_1_1311' title='bbox 648 2223 719 2259; x_wconf 79' lang='lat' dir='ltr'>quasi</span> <span class='ocrx_word' id='word_1_1312' title='bbox 739 2223 864 2250; x_wconf 81' lang='lat' dir='ltr'>barbatus</span> <span class='ocrx_word' id='word_1_1313' title='bbox 886 2224 957 2249; x_wconf 84' lang='lat' dir='ltr'>dicit.</span> <span class='ocrx_word' id='word_1_1314' title='bbox 1014 2224 1054 2250; x_wconf 77' lang='lat' dir='ltr'>Sic</span> <span class='ocrx_word' id='word_1_1315' title='bbox 1073 2222 1187 2249; x_wconf 83' lang='lat' dir='ltr'>Barbato</span> <span class='ocrx_word' id='word_1_1316' title='bbox 1210 2222 1349 2255; x_wconf 85' lang='lat' dir='ltr'>imponere</span> <span class='ocrx_word' id='word_1_1317' title='bbox 1403 2220 1514 2248; x_wconf 81' lang='lat' dir='ltr'>alicuius</span> <span class='ocrx_word' id='word_1_1318' title='bbox 1535 2219 1608 2246; x_wconf 85' lang='lat' dir='ltr'>Idem</span> <span class='ocrx_word' id='word_1_1319' title='bbox 1627 2226 1676 2253; x_wconf 89' lang='lat' dir='ltr'>pro</span> <span class='ocrx_word' id='word_1_1320' title='bbox 1690 2217 1804 2243; x_wconf 82' lang='lat' dir='ltr'>Fonteio</span> <span class='ocrx_word' id='word_1_1321' title='bbox 1817 2224 1858 2250; x_wconf 82' lang='lat'>34.</span> <span class='ocrx_word' id='word_1_1322' title='bbox 1906 2218 1976 2244; x_wconf 85' lang='lat' dir='ltr'>Add.</span> <span class='ocrx_word' id='word_1_1323' title='bbox 1989 2219 2082 2246; x_wconf 88' lang='lat' dir='ltr'>Iustin.</span> <span class='ocrx_word' id='word_1_1324' title='bbox 2097 2228 2124 2253; x_wconf 89' lang='lat'>2,</span> <span class='ocrx_word' id='word_1_1325' title='bbox 2136 2229 2158 2252; x_wconf 80' lang='lat'>2,</span> <span class='ocrx_word' id='word_1_1326' title='bbox 2169 2229 2208 2255; x_wconf 89' lang='lat'>14.</span> <span class='ocrx_word' id='word_1_1327' title='bbox 2233 2229 2276 2254; x_wconf 84' lang='grc'>43,</span> <span class='ocrx_word' id='word_1_1328' title='bbox 2288 2230 2317 2255; x_wconf 83' lang='lat'>4,</span> <span class='ocrx_word' id='word_1_1329' title='bbox 2331 2224 2350 2248; x_wconf 68' lang='grc' dir='ltr'>ι’.</span> 
     </span>
     <span class='ocr_line' id='line_1_102' title="bbox 299 2253 1858 2296; baseline -0.005 -10"><span class='ocrx_word' id='word_1_1330' title='bbox 299 2261 358 2296; x_wconf 86' lang='lat' dir='ltr'>regi</span> <span class='ocrx_word' id='word_1_1331' title='bbox 371 2259 489 2286; x_wconf 88' lang='lat' dir='ltr'>quenal.</span> <span class='ocrx_word' id='word_1_1332' title='bbox 504 2259 554 2285; x_wconf 85' lang='lat' dir='ltr'>Sat.</span> <span class='ocrx_word' id='word_1_1333' title='bbox 569 2268 598 2292; x_wconf 88' lang='lat'>4,</span> <span class='ocrx_word' id='word_1_1334' title='bbox 616 2268 668 2292; x_wconf 79' lang='lat'>103.</span> <span class='ocrx_word' id='word_1_1335' title='bbox 740 2259 818 2293; x_wconf 86' lang='lat' dir='ltr'>Apud</span> <span class='ocrx_word' id='word_1_1336' title='bbox 838 2259 962 2286; x_wconf 85' lang='lat' dir='ltr'>barbatos</span> <span class='ocrx_word' id='word_1_1337' title='bbox 982 2258 1096 2284; x_wconf 84' lang='lat' dir='ltr'>ridicula</span> <span class='ocrx_word' id='word_1_1338' title='bbox 1112 2257 1271 2284; x_wconf 87' lang='lat' dir='ltr'>videbantur</span> <span class='ocrx_word' id='word_1_1339' title='bbox 1293 2255 1349 2282; x_wconf 92' lang='lat' dir='ltr'>Cic.</span> <span class='ocrx_word' id='word_1_1340' title='bbox 1403 2266 1441 2283; x_wconf 88' lang='lat'>10.</span> <span class='ocrx_word' id='word_1_1341' title='bbox 1478 2256 1551 2291; x_wconf 86' lang='lat' dir='ltr'>Conf.</span> <span class='ocrx_word' id='word_1_1342' title='bbox 1568 2253 1653 2281; x_wconf 75' lang='lat' dir='ltr'>deinde</span> <span class='ocrx_word' id='word_1_1343' title='bbox 1674 2258 1858 2292; x_wconf 67' lang='lat' dir='ltr'>BARBARIES.</span> 
     </span>
     <span class='ocr_line' id='line_1_103' title="bbox 298 2286 2380 2332; baseline -0.004 -10"><span class='ocrx_word' id='word_1_1344' title='bbox 298 2306 348 2332; x_wconf 85' lang='lat' dir='ltr'>pro</span> <span class='ocrx_word' id='word_1_1345' title='bbox 362 2297 482 2322; x_wconf 87' lang='lat' dir='ltr'>Muraen.</span> <span class='ocrx_word' id='word_1_1346' title='bbox 495 2297 530 2322; x_wconf 89' lang='lat'>26</span> <span class='ocrx_word' id='word_1_1347' title='bbox 546 2304 568 2321; x_wconf 89' lang='lat' dir='ltr'>c.</span> <span class='ocrx_word' id='word_1_1348' title='bbox 586 2303 622 2321; x_wconf 83' lang='lat' dir='ltr'>iz.</span> <span class='ocrx_word' id='word_1_1349' title='bbox 660 2294 734 2321; x_wconf 83' lang='lat' dir='ltr'>Idem</span> <span class='ocrx_word' id='word_1_1350' title='bbox 747 2294 778 2321; x_wconf 87' lang='lat' dir='ltr'>de</span> <span class='ocrx_word' id='word_1_1351' title='bbox 793 2295 890 2321; x_wconf 80' lang='lat' dir='ltr'>Natur.</span> <span class='ocrx_word' id='word_1_1352' title='bbox 907 2295 987 2320; x_wconf 87' lang='lat' dir='ltr'>Deor.</span> <span class='ocrx_word' id='word_1_1353' title='bbox 1004 2303 1029 2325; x_wconf 87' lang='lat'>1,</span> <span class='ocrx_word' id='word_1_1354' title='bbox 1042 2299 1069 2326; x_wconf 78' lang='lat'>83</span> <span class='ocrx_word' id='word_1_1355' title='bbox 1090 2302 1111 2319; x_wconf 82' lang='lat' dir='ltr'>e.</span> <span class='ocrx_word' id='word_1_1356' title='bbox 1126 2302 1156 2325; x_wconf 79' lang='grc' dir='ltr'>3ο</span> <span class='ocrx_word' id='word_1_1357' title='bbox 1178 2294 1270 2318; x_wconf 85' lang='lat' dir='ltr'>Iouem</span> <span class='ocrx_word' id='word_1_1358' title='bbox 1285 2292 1350 2317; x_wconf 87' lang='lat' dir='ltr'>sem-</span> <span class='ocrx_word' id='word_1_1359' title='bbox 1441 2290 1600 2319; x_wconf 51' lang='lat' dir='ltr'>BARBKR</span> <span class='ocrx_word' id='word_1_1360' title='bbox 1611 2288 1706 2317; x_wconf 83' lang='lat' dir='ltr'>icvs.</span> <span class='ocrx_word' id='word_1_1361' title='bbox 1741 2287 1808 2328; x_wconf 43' lang='lat' dir='ltr'>Adi..</span> <span class='ocrx_word' id='word_1_1362' title='bbox 1840 2286 2028 2325; x_wconf 66' lang='grc' dir='ltr'>[ἔαρέῗαμκᾰς]</span> <span class='ocrx_word' id='word_1_1363' title='bbox 2063 2290 2176 2318; x_wconf 80' lang='lat' dir='ltr'>Eiusdem</span> <span class='ocrx_word' id='word_1_1364' title='bbox 2189 2297 2269 2327; x_wconf 63' lang='lat' dir='ltr'>paen,</span> <span class='ocrx_word' id='word_1_1365' title='bbox 2282 2291 2380 2329; x_wconf 65' lang='lat' dir='ltr'><strong><em>fignifi</em></strong></span> 
     </span>
     <span class='ocr_line' id='line_1_104' title="bbox 298 2323 2365 2368; baseline -0.002 -9"><span class='ocrx_word' id='word_1_1366' title='bbox 298 2341 347 2368; x_wconf 86' lang='lat' dir='ltr'>per</span> <span class='ocrx_word' id='word_1_1367' title='bbox 364 2331 521 2362; x_wconf 84' lang='lat' dir='ltr'>barbatum,</span> <span class='ocrx_word' id='word_1_1368' title='bbox 540 2330 692 2365; x_wconf 79' lang='lat' dir='ltr'>Apollinem</span> <span class='ocrx_word' id='word_1_1369' title='bbox 711 2331 813 2365; x_wconf 86' lang='lat' dir='ltr'>semper</span> <span class='ocrx_word' id='word_1_1370' title='bbox 830 2329 988 2357; x_wconf 89' lang='lat' dir='ltr'>imberbem.</span> <span class='ocrx_word' id='word_1_1371' title='bbox 1029 2329 1096 2356; x_wconf 66' lang='lat' dir='ltr'>Adel.</span> <span class='ocrx_word' id='word_1_1372' title='bbox 1116 2328 1182 2355; x_wconf 86' lang='lat' dir='ltr'>ibid.</span> <span class='ocrx_word' id='word_1_1373' title='bbox 1205 2337 1252 2356; x_wconf 89' lang='lat'>100</span> <span class='ocrx_word' id='word_1_1374' title='bbox 1273 2336 1295 2353; x_wconf 85' lang='lat' dir='ltr'>c.</span> <span class='ocrx_word' id='word_1_1375' title='bbox 1309 2328 1348 2359; x_wconf 86' lang='grc'>36.</span> <span class='ocrx_word' id='word_1_1376' title='bbox 1360 2333 1395 2357; x_wconf 86' lang='lat'>60</span> <span class='ocrx_word' id='word_1_1377' title='bbox 1404 2330 1445 2354; x_wconf 84' lang='lat' dir='ltr'>nis</span> <span class='ocrx_word' id='word_1_1378' title='bbox 1465 2337 1519 2354; x_wconf 84' lang='lat' dir='ltr'>cum</span> <span class='ocrx_word' id='word_1_1379' title='bbox 1535 2326 1660 2354; x_wconf 80' lang='lat' dir='ltr'>Barbaro.</span> <span class='ocrx_word' id='word_1_1380' title='bbox 1713 2323 1852 2359; x_wconf 85' lang='lat' dir='ltr'>Apuleius,</span> <span class='ocrx_word' id='word_1_1381' title='bbox 1888 2343 1894 2350; x_wconf 92' lang='lat'>.</span> <span class='ocrx_word' id='word_1_1382' title='bbox 1933 2344 1939 2350; x_wconf 93' lang='lat'>.</span> <span class='ocrx_word' id='word_1_1383' title='bbox 1977 2345 1983 2350; x_wconf 98' lang='lat'>.</span> <span class='ocrx_word' id='word_1_1384' title='bbox 2020 2324 2094 2353; x_wconf 86' lang='lat' dir='ltr'>Feris</span> <span class='ocrx_word' id='word_1_1385' title='bbox 2114 2335 2144 2352; x_wconf 89' lang='lat' dir='ltr'>ac</span> <span class='ocrx_word' id='word_1_1386' title='bbox 2156 2326 2302 2355; x_wconf 86' lang='lat' dir='ltr'>barbaricis</span> <span class='ocrx_word' id='word_1_1387' title='bbox 2320 2337 2365 2355; x_wconf 88' lang='lat' dir='ltr'>nio</span> 
     </span>
     <span class='ocr_line' id='line_1_105' title="bbox 300 2358 2362 2403; baseline -0.002 -8"><span class='ocrx_word' id='word_1_1388' title='bbox 300 2367 410 2395; x_wconf 85' lang='lat' dir='ltr'>Barbati</span> <span class='ocrx_word' id='word_1_1389' title='bbox 422 2367 501 2394; x_wconf 87' lang='lat' dir='ltr'>mulli</span> <span class='ocrx_word' id='word_1_1390' title='bbox 517 2366 545 2393; x_wconf 90' lang='lat' dir='ltr'>in</span> <span class='ocrx_word' id='word_1_1391' title='bbox 559 2366 666 2401; x_wconf 84' lang='lat' dir='ltr'>piscinis</span> <span class='ocrx_word' id='word_1_1392' title='bbox 679 2367 735 2394; x_wconf 85' lang='lat' dir='ltr'>Cic.</span> <span class='ocrx_word' id='word_1_1393' title='bbox 750 2366 803 2393; x_wconf 85' lang='lat' dir='ltr'>Att.</span> <span class='ocrx_word' id='word_1_1394' title='bbox 817 2375 841 2396; x_wconf 88' lang='lat'>2,</span> <span class='ocrx_word' id='word_1_1395' title='bbox 856 2375 876 2392; x_wconf 89' lang='lat'>1.</span> <span class='ocrx_word' id='word_1_1396' title='bbox 920 2366 1027 2397; x_wconf 81' lang='lat' dir='ltr'>Nanus⁷</span> <span class='ocrx_word' id='word_1_1397' title='bbox 1045 2364 1098 2391; x_wconf 74' lang='lat' dir='ltr'>vid.</span> <span class='ocrx_word' id='word_1_1398' title='bbox 1113 2365 1137 2392; x_wconf 80' lang='lat' dir='ltr'>h.</span> <span class='ocrx_word' id='word_1_1399' title='bbox 1152 2373 1177 2390; x_wconf 85' lang='grc' dir='ltr'>υ.</span> <span class='ocrx_word' id='word_1_1400' title='bbox 1235 2362 1349 2398; x_wconf 77' lang='lat' dir='ltr'>Metaph.</span> <span class='ocrx_word' id='word_1_1401' title='bbox 1402 2367 1420 2390; x_wconf 88' lang='lat' dir='ltr'>i.</span> <span class='ocrx_word' id='word_1_1402' title='bbox 1433 2363 1540 2399; x_wconf 65' lang='lat' dir='ltr'>Asper-is</span> <span class='ocrx_word' id='word_1_1403' title='bbox 1553 2369 1575 2389; x_wconf 81' lang='lat' dir='ltr'>et</span> <span class='ocrx_word' id='word_1_1404' title='bbox 1590 2362 1703 2388; x_wconf 84' lang='lat' dir='ltr'>incultis.</span> <span class='ocrx_word' id='word_1_1405' title='bbox 1777 2359 1842 2386; x_wconf 77' lang='lat' dir='ltr'>Alae</span> <span class='ocrx_word' id='word_1_1406' title='bbox 1855 2358 2008 2400; x_wconf 71' lang='lat' dir='ltr'>barbaricae</span> <span class='ocrx_word' id='word_1_1407' title='bbox 2021 2359 2138 2387; x_wconf 82' lang='lat' dir='ltr'>Caesaris</span> <span class='ocrx_word' id='word_1_1408' title='bbox 2151 2362 2249 2389; x_wconf 89' lang='lat' dir='ltr'>Lucan.</span> <span class='ocrx_word' id='word_1_1409' title='bbox 2263 2372 2284 2397; x_wconf 85' lang='lat'>1,</span> <span class='ocrx_word' id='word_1_1410' title='bbox 2297 2366 2362 2403; x_wconf 77' lang='grc'><strong>476,</strong></span> 
     </span>
     <span class='ocr_line' id='line_1_106' title="bbox 299 2394 2381 2439; baseline -0.001 -9"><span class='ocrx_word' id='word_1_1411' title='bbox 299 2403 418 2431; x_wconf 87' lang='lat' dir='ltr'>Martial.</span> <span class='ocrx_word' id='word_1_1412' title='bbox 433 2412 474 2437; x_wconf 87' lang='lat'>14,</span> <span class='ocrx_word' id='word_1_1413' title='bbox 487 2407 532 2437; x_wconf 86' lang='lat'>84,</span> <span class='ocrx_word' id='word_1_1414' title='bbox 544 2403 592 2439; x_wconf 72' lang='lat' dir='ltr'>fi‘b</span> <span class='ocrx_word' id='word_1_1415' title='bbox 604 2403 715 2429; x_wconf 76' lang='lat' dir='ltr'>lemmate</span> <span class='ocrx_word' id='word_1_1416' title='bbox 730 2402 870 2434; x_wconf 86' lang='lat' dir='ltr'>Manuale,</span> <span class='ocrx_word' id='word_1_1417' title='bbox 888 2404 906 2428; x_wconf 87' lang='lat' dir='ltr'>i.</span> <span class='ocrx_word' id='word_1_1418' title='bbox 920 2400 1073 2437; x_wconf 61' lang='grc' dir='ltr'><strong>ἐγχειρίδιον,</strong></span> <span class='ocrx_word' id='word_1_1419' title='bbox 1093 2401 1136 2427; x_wconf 86' lang='lat' dir='ltr'>Ne</span> <span class='ocrx_word' id='word_1_1420' title='bbox 1151 2406 1212 2435; x_wconf 87' lang='lat' dir='ltr'>toga</span> <span class='ocrx_word' id='word_1_1421' title='bbox 1225 2398 1350 2425; x_wconf 86' lang='lat' dir='ltr'>barbatos</span> <span class='ocrx_word' id='word_1_1422' title='bbox 1402 2400 1439 2426; x_wconf 84' lang='lat' dir='ltr'>lia</span> <span class='ocrx_word' id='word_1_1423' title='bbox 1453 2402 1589 2435; x_wconf 79' lang='lat' dir='ltr'>peregrina</span> <span class='ocrx_word' id='word_1_1424' title='bbox 1599 2394 1728 2434; x_wconf 65' lang='lat' dir='ltr'>equestria.</span> <span class='ocrx_word' id='word_1_1425' title='bbox 1782 2395 1922 2422; x_wconf 67' lang='lat' dir='ltr'>Barbarie-1</span> <span class='ocrx_word' id='word_1_1426' title='bbox 1943 2396 2056 2436; x_wconf 73' lang='lat' dir='ltr'>amicula</span> <span class='ocrx_word' id='word_1_1427' title='bbox 2076 2397 2167 2424; x_wconf 79' lang='lat' dir='ltr'>Paridi</span> <span class='ocrx_word' id='word_1_1428' title='bbox 2181 2399 2292 2435; x_wconf 69' lang='lat' dir='ltr'>Phrygio</span> <span class='ocrx_word' id='word_1_1429' title='bbox 2312 2400 2364 2427; x_wconf 78' lang='lat' dir='ltr'>trib</span> <span class='ocrx_word' id='word_1_1430' title='bbox 2377 2413 2381 2428; x_wconf 77' lang='lat'><strong><em>1</em></strong></span> 
     </span>
     <span class='ocr_line' id='line_1_107' title="bbox 301 2431 2386 2473; baseline -0.001 -7"><span class='ocrx_word' id='word_1_1431' title='bbox 301 2439 397 2472; x_wconf 86' lang='lat' dir='ltr'>faciat,</span> <span class='ocrx_word' id='word_1_1432' title='bbox 418 2439 461 2466; x_wconf 90' lang='lat' dir='ltr'>vel</span> <span class='ocrx_word' id='word_1_1433' title='bbox 484 2439 580 2473; x_wconf 87' lang='lat' dir='ltr'>penula</span> <span class='ocrx_word' id='word_1_1434' title='bbox 598 2438 700 2472; x_wconf 87' lang='lat' dir='ltr'>libros,</span> <span class='ocrx_word' id='word_1_1435' title='bbox 725 2439 797 2465; x_wconf 84' lang='lat' dir='ltr'>Haec</span> <span class='ocrx_word' id='word_1_1436' title='bbox 817 2437 890 2464; x_wconf 84' lang='lat' dir='ltr'>abies</span> <span class='ocrx_word' id='word_1_1437' title='bbox 916 2437 1013 2464; x_wconf 85' lang='lat' dir='ltr'>chartis</span> <span class='ocrx_word' id='word_1_1438' title='bbox 1031 2442 1152 2471; x_wconf 84' lang='lat' dir='ltr'>tempora</span> <span class='ocrx_word' id='word_1_1439' title='bbox 1170 2436 1249 2470; x_wconf 85' lang='lat' dir='ltr'>longa</span> <span class='ocrx_word' id='word_1_1440' title='bbox 1267 2433 1350 2460; x_wconf 82' lang='lat' dir='ltr'>dabit.</span> <span class='ocrx_word' id='word_1_1441' title='bbox 1404 2435 1458 2470; x_wconf 87' lang='lat' dir='ltr'>pul.</span> <span class='ocrx_word' id='word_1_1442' title='bbox 1469 2436 1532 2461; x_wconf 85' lang='lat' dir='ltr'>Met.</span> <span class='ocrx_word' id='word_1_1443' title='bbox 1547 2443 1575 2460; x_wconf 87' lang='lat'>10</span> <span class='ocrx_word' id='word_1_1444' title='bbox 1596 2443 1621 2469; x_wconf 82' lang='lat' dir='ltr'>p.</span> <span class='ocrx_word' id='word_1_1445' title='bbox 1635 2441 1686 2466; x_wconf 79' lang='lat'>253,</span> <span class='ocrx_word' id='word_1_1446' title='bbox 1701 2440 1744 2465; x_wconf 86' lang='lat'>29.</span> <span class='ocrx_word' id='word_1_1447' title='bbox 1785 2432 1889 2458; x_wconf 84' lang='lat' dir='ltr'>Aurum</span> <span class='ocrx_word' id='word_1_1448' title='bbox 1906 2431 2076 2459; x_wconf 82' lang='lat' dir='ltr'>barbaricum</span> <span class='ocrx_word' id='word_1_1449' title='bbox 2089 2431 2159 2466; x_wconf 77' lang='lat' dir='ltr'>dixit</span> <span class='ocrx_word' id='word_1_1450' title='bbox 2171 2434 2302 2470; x_wconf 77' lang='lat' dir='ltr'>Virgilius</span> <span class='ocrx_word' id='word_1_1451' title='bbox 2315 2437 2386 2470; x_wconf 79' lang='lat' dir='ltr'>pro&#39;</span> 
     </span>
     <span class='ocr_line' id='line_1_108' title="bbox 304 2466 2416 2510; baseline -0.003 -8"><span class='ocrx_word' id='word_1_1452' title='bbox 304 2475 388 2502; x_wconf 80' lang='lat' dir='ltr'>Theca</span> <span class='ocrx_word' id='word_1_1453' title='bbox 405 2473 453 2508; x_wconf 71' lang='lat' dir='ltr'>isia</span> <span class='ocrx_word' id='word_1_1454' title='bbox 465 2474 596 2510; x_wconf 73' lang='lat' dir='ltr'>impediet,</span> <span class='ocrx_word' id='word_1_1455' title='bbox 617 2484 646 2500; x_wconf 81' lang='lat' dir='ltr'>ne</span> <span class='ocrx_word' id='word_1_1456' title='bbox 658 2474 716 2501; x_wconf 87' lang='lat' dir='ltr'>dum</span> <span class='ocrx_word' id='word_1_1457' title='bbox 735 2477 763 2500; x_wconf 83' lang='lat' dir='ltr'>in</span> <span class='ocrx_word' id='word_1_1458' title='bbox 769 2473 829 2508; x_wconf 79' lang='lat' dir='ltr'>finu</span> <span class='ocrx_word' id='word_1_1459' title='bbox 841 2472 952 2510; x_wconf 76' lang='lat' dir='ltr'>gestatur</span> <span class='ocrx_word' id='word_1_1460' title='bbox 965 2473 1075 2505; x_wconf 83' lang='lat' dir='ltr'>libellus,</span> <span class='ocrx_word' id='word_1_1461' title='bbox 1095 2482 1111 2499; x_wconf 85' lang='lat' dir='ltr'>a</span> <span class='ocrx_word' id='word_1_1462' title='bbox 1129 2479 1188 2508; x_wconf 81' lang='lat' dir='ltr'>toga</span> <span class='ocrx_word' id='word_1_1463' title='bbox 1204 2473 1245 2497; x_wconf 81' lang='lat' dir='ltr'>vel</span> <span class='ocrx_word' id='word_1_1464' title='bbox 1258 2471 1352 2506; x_wconf 81' lang='lat' dir='ltr'>penula</span> <span class='ocrx_word' id='word_1_1465' title='bbox 1404 2477 1449 2504; x_wconf 89' lang='lat' dir='ltr'>to,</span> <span class='ocrx_word' id='word_1_1466' title='bbox 1469 2471 1512 2497; x_wconf 89' lang='lat' dir='ltr'>vel</span> <span class='ocrx_word' id='word_1_1467' title='bbox 1529 2479 1561 2497; x_wconf 88' lang='lat' dir='ltr'>ex</span> <span class='ocrx_word' id='word_1_1468' title='bbox 1579 2469 1706 2496; x_wconf 85' lang='lat' dir='ltr'>Barbaria</span> <span class='ocrx_word' id='word_1_1469' title='bbox 1725 2466 1854 2500; x_wconf 72' lang='lat' dir='ltr'>aduec&#39;io,</span> <span class='ocrx_word' id='word_1_1470' title='bbox 1874 2468 1939 2494; x_wconf 87' lang='lat' dir='ltr'>Aen.</span> <span class='ocrx_word' id='word_1_1471' title='bbox 1954 2477 1979 2500; x_wconf 84' lang='lat'>2,</span> <span class='ocrx_word' id='word_1_1472' title='bbox 1994 2477 2053 2502; x_wconf 88' lang='lat'>504.</span> <span class='ocrx_word' id='word_1_1473' title='bbox 2090 2469 2205 2496; x_wconf 87' lang='lat' dir='ltr'>Seruius.</span> <span class='ocrx_word' id='word_1_1474' title='bbox 2241 2472 2296 2497; x_wconf 78' lang='lat' dir='ltr'>Aut</span> <span class='ocrx_word' id='word_1_1475' title='bbox 2313 2470 2349 2505; x_wconf 72' lang='lat' dir='ltr'>ist</span> <span class='ocrx_word' id='word_1_1476' title='bbox 2378 2478 2391 2485; x_wconf 55' lang='lat'>&#39;¹</span> <span class='ocrx_word' id='word_1_1477' title='bbox 2402 2486 2416 2508; x_wconf 67' lang='lat' dir='ltr'>.ss</span> 
     </span>
     <span class='ocr_line' id='line_1_109' title="bbox 299 2504 2392 2547; baseline -0.002 -9"><span class='ocrx_word' id='word_1_1478' title='bbox 299 2515 381 2538; x_wconf 68' lang='lat' dir='ltr'>tritus</span> <span class='ocrx_word' id='word_1_1479' title='bbox 393 2511 556 2547; x_wconf 78' lang='lat' dir='ltr'>asperitates,</span> <span class='ocrx_word' id='word_1_1480' title='bbox 575 2517 599 2537; x_wconf 82' lang='lat' dir='ltr'>et</span> <span class='ocrx_word' id='word_1_1481' title='bbox 610 2509 678 2546; x_wconf 77' lang='lat' dir='ltr'>quast</span> <span class='ocrx_word' id='word_1_1482' title='bbox 689 2511 781 2543; x_wconf 81' lang='lat' dir='ltr'>villos,</span> <span class='ocrx_word' id='word_1_1483' title='bbox 793 2516 837 2536; x_wconf 84' lang='lat' dir='ltr'>aut</span> <span class='ocrx_word' id='word_1_1484' title='bbox 850 2509 949 2536; x_wconf 79' lang='lat' dir='ltr'>barbam</span> <span class='ocrx_word' id='word_1_1485' title='bbox 962 2509 1020 2535; x_wconf 77' lang='lat' dir='ltr'>adeo</span> <span class='ocrx_word' id='word_1_1486' title='bbox 1033 2511 1152 2544; x_wconf 80' lang='lat' dir='ltr'>accipiat.</span> <span class='ocrx_word' id='word_1_1487' title='bbox 1360 2507 1392 2540; x_wconf 90' lang='lat'>65</span> <span class='ocrx_word' id='word_1_1488' title='bbox 1404 2510 1482 2544; x_wconf 82' lang='lat' dir='ltr'>gium.</span> <span class='ocrx_word' id='word_1_1489' title='bbox 1546 2506 1604 2532; x_wconf 87' lang='lat' dir='ltr'>Sen.</span> <span class='ocrx_word' id='word_1_1490' title='bbox 1625 2505 1703 2532; x_wconf 89' lang='lat' dir='ltr'>Herc.</span> <span class='ocrx_word' id='word_1_1491' title='bbox 1722 2504 1783 2530; x_wconf 83' lang='lat' dir='ltr'>Fur.</span> <span class='ocrx_word' id='word_1_1492' title='bbox 1802 2511 1854 2538; x_wconf 88' lang='lat'>475</span> <span class='ocrx_word' id='word_1_1493' title='bbox 1885 2504 1959 2530; x_wconf 90' lang='lat' dir='ltr'>Auro</span> <span class='ocrx_word' id='word_1_1494' title='bbox 1980 2504 2107 2531; x_wconf 82' lang='lat' dir='ltr'>decorum</span> <span class='ocrx_word' id='word_1_1495' title='bbox 2125 2505 2216 2537; x_wconf 77' lang='lat' dir='ltr'>syrma</span> <span class='ocrx_word' id='word_1_1496' title='bbox 2232 2505 2392 2539; x_wconf 75' lang='lat' dir='ltr'>Barbarico,</span> 
     </span>
     <span class='ocr_line' id='line_1_110' title="bbox 340 2539 2419 2580; baseline -0.002 -7"><span class='ocrx_word' id='word_1_1497' title='bbox 340 2553 415 2574; x_wconf 84' lang='lat' dir='ltr'>BAR</span> <span class='ocrx_word' id='word_1_1498' title='bbox 425 2544 531 2573; x_wconf 57' lang='lat' dir='ltr'>BATxJ</span> <span class='ocrx_word' id='word_1_1499' title='bbox 542 2553 558 2572; x_wconf 90' lang='lat' dir='ltr'>L</span> <span class='ocrx_word' id='word_1_1500' title='bbox 568 2554 626 2579; x_wconf 89' lang='lat' dir='ltr'>vs,</span> <span class='ocrx_word' id='word_1_1501' title='bbox 652 2547 671 2573; x_wconf 90' lang='lat' dir='ltr'>i.</span> <span class='ocrx_word' id='word_1_1502' title='bbox 708 2556 743 2573; x_wconf 88' lang='lat' dir='ltr'>m.</span> <span class='ocrx_word' id='word_1_1503' title='bbox 781 2546 883 2573; x_wconf 89' lang='lat' dir='ltr'>Dimin.</span> <span class='ocrx_word' id='word_1_1504' title='bbox 920 2544 1112 2579; x_wconf 69' lang='grc' dir='ltr'>[πωγωνιοὲαιον]</span> <span class='ocrx_word' id='word_1_1505' title='bbox 1153 2544 1202 2576; x_wconf 80' lang='lat' dir='ltr'>Vt,</span> <span class='ocrx_word' id='word_1_1506' title='bbox 1223 2542 1278 2568; x_wconf 90' lang='lat' dir='ltr'>Cic.</span> <span class='ocrx_word' id='word_1_1507' title='bbox 1293 2541 1348 2568; x_wconf 81' lang='lat' dir='ltr'>Att.</span> <span class='ocrx_word' id='word_1_1508' title='bbox 1398 2543 1469 2579; x_wconf 77' lang='lat' dir='ltr'>palla</span> <span class='ocrx_word' id='word_1_1509' title='bbox 1489 2545 1571 2576; x_wconf 75' lang='lat' dir='ltr'>operis</span> <span class='ocrx_word' id='word_1_1510' title='bbox 1587 2541 1754 2577; x_wconf 65' lang='lat' dir='ltr'>Phrygionii,</span> <span class='ocrx_word' id='word_1_1511' title='bbox 1771 2539 1904 2580; x_wconf 58' lang='lat' dir='ltr'>gestamine</span> <span class='ocrx_word' id='word_1_1512' title='bbox 1916 2540 2018 2566; x_wconf 77' lang='lat' dir='ltr'>Bacchi.</span> <span class='ocrx_word' id='word_1_1513' title='bbox 2080 2541 2136 2568; x_wconf 87' lang='lat' dir='ltr'>Cor</span> <span class='ocrx_word' id='word_1_1514' title='bbox 2155 2541 2200 2568; x_wconf 86' lang='lat' dir='ltr'>Sil.</span> <span class='ocrx_word' id='word_1_1515' title='bbox 2215 2549 2249 2575; x_wconf 87' lang='lat'>15,</span> <span class='ocrx_word' id='word_1_1516' title='bbox 2262 2544 2319 2575; x_wconf 85' lang='lat'>693.</span> <span class='ocrx_word' id='word_1_1517' title='bbox 2373 2542 2419 2576; x_wconf 61' lang='lat' dir='ltr'>Lei</span> 
     </span>
     <span class='ocr_line' id='line_1_111' title="bbox 301 2575 2418 2616; baseline -0.003 -7"><span class='ocrx_word' id='word_1_1518' title='bbox 301 2590 322 2613; x_wconf 90' lang='lat'>1,</span> <span class='ocrx_word' id='word_1_1519' title='bbox 338 2591 368 2616; x_wconf 88' lang='lat'>14</span> <span class='ocrx_word' id='word_1_1520' title='bbox 392 2581 589 2608; x_wconf 83' lang='lat' dir='ltr'>Concursabant</span> <span class='ocrx_word' id='word_1_1521' title='bbox 602 2582 735 2609; x_wconf 83' lang='lat' dir='ltr'>barbatuli</span> <span class='ocrx_word' id='word_1_1522' title='bbox 753 2583 863 2609; x_wconf 88' lang='lat' dir='ltr'>iuuenes</span> <span class='ocrx_word' id='word_1_1523' title='bbox 872 2601 881 2615; x_wconf 94' lang='lat'>,</span> <span class='ocrx_word' id='word_1_1524' title='bbox 901 2586 972 2608; x_wconf 88' lang='lat' dir='ltr'>totus</span> <span class='ocrx_word' id='word_1_1525' title='bbox 986 2581 1032 2607; x_wconf 89' lang='lat' dir='ltr'>ille</span> <span class='ocrx_word' id='word_1_1526' title='bbox 1050 2589 1114 2615; x_wconf 86' lang='lat' dir='ltr'>grex</span> <span class='ocrx_word' id='word_1_1527' title='bbox 1130 2578 1270 2606; x_wconf 86' lang='lat' dir='ltr'>Catilinae.</span> <span class='ocrx_word' id='word_1_1528' title='bbox 1303 2579 1350 2604; x_wconf 89' lang='lat' dir='ltr'>Di·</span> <span class='ocrx_word' id='word_1_1529' title='bbox 1404 2578 1543 2606; x_wconf 85' lang='lat' dir='ltr'>barbarica</span> <span class='ocrx_word' id='word_1_1530' title='bbox 1557 2578 1598 2604; x_wconf 86' lang='lat' dir='ltr'>ius</span> <span class='ocrx_word' id='word_1_1531' title='bbox 1612 2577 1687 2603; x_wconf 85' lang='lat' dir='ltr'>suum</span> <span class='ocrx_word' id='word_1_1532' title='bbox 1701 2575 1839 2615; x_wconf 79' lang='lat' dir='ltr'>persequi,</span> <span class='ocrx_word' id='word_1_1533' title='bbox 1859 2578 1877 2601; x_wconf 84' lang='lat' dir='ltr'>i.</span> <span class='ocrx_word' id='word_1_1534' title='bbox 1891 2577 2003 2602; x_wconf 81' lang='lat' dir='ltr'>Romana</span> <span class='ocrx_word' id='word_1_1535' title='bbox 2015 2576 2098 2603; x_wconf 86' lang='lat' dir='ltr'>Plaut.</span> <span class='ocrx_word' id='word_1_1536' title='bbox 2112 2577 2187 2611; x_wconf 85' lang='lat' dir='ltr'>Capt.</span> <span class='ocrx_word' id='word_1_1537' title='bbox 2200 2585 2224 2610; x_wconf 86' lang='grc'>3,</span> <span class='ocrx_word' id='word_1_1538' title='bbox 2240 2585 2250 2603; x_wconf 93' lang='grc'>1</span> <span class='ocrx_word' id='word_1_1539' title='bbox 2259 2597 2267 2610; x_wconf 90' lang='grc'>,</span> <span class='ocrx_word' id='word_1_1540' title='bbox 2279 2585 2317 2610; x_wconf 81' lang='lat'>32.</span> <span class='ocrx_word' id='word_1_1541' title='bbox 2416 2583 2418 2586; x_wconf 84' lang='lat'>·</span> 
     </span>
     <span class='ocr_line' id='line_1_112' title="bbox 300 2610 2414 2653; baseline -0.002 -9"><span class='ocrx_word' id='word_1_1542' title='bbox 300 2615 369 2644; x_wconf 65' lang='lat' dir='ltr'>&amp;um</span> <span class='ocrx_word' id='word_1_1543' title='bbox 382 2626 438 2644; x_wconf 83' lang='lat' dir='ltr'>cum</span> <span class='ocrx_word' id='word_1_1544' title='bbox 452 2617 570 2653; x_wconf 60' lang='lat' dir='ltr'>lasciuiae</span> <span class='ocrx_word' id='word_1_1545' title='bbox 583 2624 642 2644; x_wconf 78' lang='lat' dir='ltr'>nota</span> <span class='ocrx_word' id='word_1_1546' title='bbox 650 2628 659 2647; x_wconf 90' lang='lat'><em>;</em></span> <span class='ocrx_word' id='word_1_1547' title='bbox 671 2621 780 2653; x_wconf 78' lang='lat' dir='ltr'>primam</span> <span class='ocrx_word' id='word_1_1548' title='bbox 795 2621 858 2644; x_wconf 80' lang='lat' dir='ltr'>enim</span> <span class='ocrx_word' id='word_1_1549' title='bbox 871 2619 1015 2653; x_wconf 65' lang='lat' dir='ltr'>lanuginem</span> <span class='ocrx_word' id='word_1_1550' title='bbox 1027 2616 1070 2643; x_wconf 82' lang='lat' dir='ltr'>diu</span> <span class='ocrx_word' id='word_1_1551' title='bbox 1076 2615 1213 2652; x_wconf 65' lang='lat' dir='ltr'>seruabant</span> <span class='ocrx_word' id='word_1_1552' title='bbox 1220 2634 1229 2647; x_wconf 85' lang='lat'>,</span> <span class='ocrx_word' id='word_1_1553' title='bbox 1248 2621 1278 2640; x_wconf 70' lang='lat' dir='ltr'>vt</span> <span class='ocrx_word' id='word_1_1554' title='bbox 1293 2614 1351 2639; x_wconf 83' lang='lat' dir='ltr'>mol·</span> <span class='ocrx_word' id='word_1_1555' title='bbox 1405 2615 1478 2642; x_wconf 87' lang='lat' dir='ltr'>mina</span> <span class='ocrx_word' id='word_1_1556' title='bbox 1492 2613 1630 2641; x_wconf 85' lang='lat' dir='ltr'>barbarica</span> <span class='ocrx_word' id='word_1_1557' title='bbox 1644 2613 1713 2639; x_wconf 86' lang='lat' dir='ltr'>Suet.</span> <span class='ocrx_word' id='word_1_1558' title='bbox 1728 2610 1812 2645; x_wconf 77' lang='lat' dir='ltr'>Calig.</span> <span class='ocrx_word' id='word_1_1559' title='bbox 1828 2619 1882 2646; x_wconf 88' lang='lat' dir='ltr'>cap.</span> <span class='ocrx_word' id='word_1_1560' title='bbox 1893 2619 1938 2646; x_wconf 82' lang='lat'>47.</span> <span class='ocrx_word' id='word_1_1561' title='bbox 2004 2612 2119 2640; x_wconf 82' lang='lat' dir='ltr'>Ornatus</span> <span class='ocrx_word' id='word_1_1562' title='bbox 2133 2613 2239 2640; x_wconf 81' lang='lat' dir='ltr'>Viti-uu.</span> <span class='ocrx_word' id='word_1_1563' title='bbox 2254 2621 2274 2646; x_wconf 90' lang='lat'>1,</span> <span class='ocrx_word' id='word_1_1564' title='bbox 2289 2620 2308 2640; x_wconf 85' lang='lat'>1.</span> <span class='ocrx_word' id='word_1_1565' title='bbox 2371 2612 2414 2642; x_wconf 40' lang='lat' dir='ltr'>Pu,</span> 
     </span>
    </p>
   </div>
   <div class='ocr_carea' id='block_1_9' title="bbox 2402 2641 2423 2657">
    <p class='ocr_par' dir='ltr' id='par_1_9' title="bbox 2402 2641 2423 2657">
     <span class='ocr_line' id='line_1_113' title="bbox 2402 2641 2423 2657; baseline 0 -3"><span class='ocrx_word' id='word_1_1566' title='bbox 2402 2641 2423 2657; x_wconf 54' lang='lat'>1⁴1.</span> 
     </span>
    </p>
   </div>
   <div class='ocr_carea' id='block_1_10' title="bbox 299 2647 2354 2682">
    <p class='ocr_par' dir='ltr' id='par_1_10' title="bbox 299 2647 2408 2682">
     <span class='ocr_line' id='line_1_114' title="bbox 299 2647 2354 2682; baseline -0.003 -2"><span class='ocrx_word' id='word_1_1567' title='bbox 299 2655 376 2680; x_wconf 77' lang='lat' dir='ltr'>liores</span> <span class='ocrx_word' id='word_1_1568' title='bbox 395 2662 424 2679; x_wconf 80' lang='lat' dir='ltr'>ac</span> <span class='ocrx_word' id='word_1_1569' title='bbox 442 2652 598 2679; x_wconf 76' lang='lat' dir='ltr'>delicatiores</span> <span class='ocrx_word' id='word_1_1570' title='bbox 612 2653 767 2680; x_wconf 71' lang='lat' dir='ltr'>viderentur.</span> <span class='ocrx_word' id='word_1_1571' title='bbox 808 2653 866 2680; x_wconf 81' lang='lat' dir='ltr'>Vid.</span> <span class='ocrx_word' id='word_1_1572' title='bbox 880 2659 1043 2681; x_wconf 79' lang='lat' dir='ltr'>BARBVLA.</span> <span class='ocrx_word' id='word_1_1573' title='bbox 1114 2649 1270 2679; x_wconf 72' lang='lat' dir='ltr'>barbatulos</span> <span class='ocrx_word' id='word_1_1574' title='bbox 1283 2648 1351 2676; x_wconf 84' lang='lat' dir='ltr'>rnul-</span> <span class='ocrx_word' id='word_1_1575' title='bbox 1405 2657 1493 2677; x_wconf 82' lang='lat' dir='ltr'>menta</span> <span class='ocrx_word' id='word_1_1576' title='bbox 1510 2649 1662 2680; x_wconf 76' lang='lat' dir='ltr'>barbarica,</span> <span class='ocrx_word' id='word_1_1577' title='bbox 1683 2647 1736 2673; x_wconf 77' lang='lat' dir='ltr'>siue</span> <span class='ocrx_word' id='word_1_1578' title='bbox 1754 2647 1954 2681; x_wconf 82' lang='lat' dir='ltr'>subtegulanea,</span> <span class='ocrx_word' id='word_1_1579' title='bbox 1975 2648 2065 2682; x_wconf 88' lang='lat' dir='ltr'>primo</span> <span class='ocrx_word' id='word_1_1580' title='bbox 2078 2648 2148 2675; x_wconf 73' lang='lat' dir='ltr'>faeta</span> <span class='ocrx_word' id='word_1_1581' title='bbox 2161 2649 2190 2675; x_wconf 89' lang='lat' dir='ltr'>in</span> <span class='ocrx_word' id='word_1_1582' title='bbox 2201 2648 2278 2676; x_wconf 82' lang='lat' dir='ltr'>Italia</span> <span class='ocrx_word' id='word_1_1583' title='bbox 2295 2648 2354 2675; x_wconf 83' lang='lat' dir='ltr'>fistu</span> 
     </span>
    </p>
   </div>
   <div class='ocr_carea' id='block_1_11' title="bbox 301 2683 2427 2796">
    <p class='ocr_par' dir='ltr' id='par_1_11' title="bbox 301 2683 2427 2796">
     <span class='ocr_line' id='line_1_115' title="bbox 301 2683 2357 2723; baseline -0.002 -8"><span class='ocrx_word' id='word_1_1584' title='bbox 301 2689 341 2716; x_wconf 71' lang='lat' dir='ltr'>los</span> <span class='ocrx_word' id='word_1_1585' title='bbox 355 2694 491 2723; x_wconf 81' lang='lat' dir='ltr'>exceptare</span> <span class='ocrx_word' id='word_1_1586' title='bbox 506 2687 537 2714; x_wconf 90' lang='lat' dir='ltr'>de</span> <span class='ocrx_word' id='word_1_1587' title='bbox 551 2688 657 2723; x_wconf 89' lang='lat' dir='ltr'>piscinis</span> <span class='ocrx_word' id='word_1_1588' title='bbox 671 2689 727 2715; x_wconf 88' lang='lat' dir='ltr'>Cic.</span> <span class='ocrx_word' id='word_1_1589' title='bbox 740 2690 770 2715; x_wconf 84' lang='lat' dir='ltr'>in</span> <span class='ocrx_word' id='word_1_1590' title='bbox 783 2689 873 2716; x_wconf 86' lang='lat' dir='ltr'>Parad.</span> <span class='ocrx_word' id='word_1_1591' title='bbox 888 2698 901 2722; x_wconf 89' lang='lat'>5</span> <span class='ocrx_word' id='word_1_1592' title='bbox 921 2698 942 2715; x_wconf 89' lang='lat' dir='ltr'>c.</span> <span class='ocrx_word' id='word_1_1593' title='bbox 956 2698 981 2715; x_wconf 91' lang='lat'>2.</span> <span class='ocrx_word' id='word_1_1594' title='bbox 1360 2694 1396 2721; x_wconf 88' lang='lat'>70</span> <span class='ocrx_word' id='word_1_1595' title='bbox 1406 2687 1461 2713; x_wconf 90' lang='lat' dir='ltr'>vita</span> <span class='ocrx_word' id='word_1_1596' title='bbox 1476 2686 1541 2712; x_wconf 85' lang='lat' dir='ltr'>Plin.</span> <span class='ocrx_word' id='word_1_1597' title='bbox 1555 2687 1596 2718; x_wconf 83' lang='lat'>36,</span> <span class='ocrx_word' id='word_1_1598' title='bbox 1612 2692 1639 2718; x_wconf 88' lang='lat'>25</span> <span class='ocrx_word' id='word_1_1599' title='bbox 1657 2684 1674 2710; x_wconf 92' lang='lat' dir='ltr'>s.</span> <span class='ocrx_word' id='word_1_1600' title='bbox 1691 2685 1727 2710; x_wconf 88' lang='lat'>61.</span> <span class='ocrx_word' id='word_1_1601' title='bbox 1799 2683 1862 2710; x_wconf 86' lang='lat' dir='ltr'>Ritu</span> <span class='ocrx_word' id='word_1_1602' title='bbox 1884 2683 2024 2710; x_wconf 87' lang='lat' dir='ltr'>barbarico</span> <span class='ocrx_word' id='word_1_1603' title='bbox 2045 2685 2094 2711; x_wconf 78' lang='lat' dir='ltr'>else</span> <span class='ocrx_word' id='word_1_1604' title='bbox 2113 2684 2194 2712; x_wconf 89' lang='lat' dir='ltr'>Plaut.</span> <span class='ocrx_word' id='word_1_1605' title='bbox 2210 2685 2268 2711; x_wconf 89' lang='lat' dir='ltr'>Cas.</span> <span class='ocrx_word' id='word_1_1606' title='bbox 2281 2693 2311 2718; x_wconf 80' lang='lat'>3,</span> <span class='ocrx_word' id='word_1_1607' title='bbox 2325 2685 2357 2718; x_wconf 82' lang='lat'>6,</span> 
     </span>
     <span class='ocr_line' id='line_1_116' title="bbox 339 2718 2415 2757; baseline -0.003 -5"><span class='ocrx_word' id='word_1_1608' title='bbox 339 2730 514 2752; x_wconf 80' lang='lat' dir='ltr'>BARBESC</span> <span class='ocrx_word' id='word_1_1609' title='bbox 525 2730 562 2757; x_wconf 88' lang='grc' dir='ltr'>Ο,</span> <span class='ocrx_word' id='word_1_1610' title='bbox 583 2726 636 2751; x_wconf 71' lang='lat' dir='ltr'>ere.</span> <span class='ocrx_word' id='word_1_1611' title='bbox 673 2724 768 2756; x_wconf 88' lang='lat' dir='ltr'>Cyrill.</span> <span class='ocrx_word' id='word_1_1612' title='bbox 783 2725 863 2751; x_wconf 80' lang='lat' dir='ltr'>Gloff.</span> <span class='ocrx_word' id='word_1_1613' title='bbox 878 2724 1021 2756; x_wconf 86' lang='lat' dir='ltr'>Barbesco‚</span> <span class='ocrx_word' id='word_1_1614' title='bbox 1033 2721 1152 2757; x_wconf 63' lang='grc' dir='ltr'><strong><em>γενειάζω.</em></strong></span> <span class='ocrx_word' id='word_1_1615' title='bbox 1402 2726 1538 2757; x_wconf 77' lang='lat' dir='ltr'>interprete</span> <span class='ocrx_word' id='word_1_1616' title='bbox 1560 2722 1697 2752; x_wconf 84' lang='lat' dir='ltr'>Gronouio‚</span> <span class='ocrx_word' id='word_1_1617' title='bbox 1722 2724 1752 2744; x_wconf 85' lang='lat' dir='ltr'>vt</span> <span class='ocrx_word' id='word_1_1618' title='bbox 1763 2718 1844 2755; x_wconf 78' lang='lat' dir='ltr'>frugi</span> <span class='ocrx_word' id='word_1_1619' title='bbox 1857 2725 1947 2754; x_wconf 80' lang='lat' dir='ltr'>patres</span> <span class='ocrx_word' id='word_1_1620' title='bbox 1958 2719 2080 2755; x_wconf 76' lang='lat' dir='ltr'>familias</span> <span class='ocrx_word' id='word_1_1621' title='bbox 2100 2723 2127 2746; x_wconf 86' lang='lat' dir='ltr'>in</span> <span class='ocrx_word' id='word_1_1622' title='bbox 2145 2722 2223 2748; x_wconf 82' lang='lat' dir='ltr'>Italia</span> <span class='ocrx_word' id='word_1_1623' title='bbox 2237 2720 2321 2757; x_wconf 79' lang='lat' dir='ltr'>fhlent</span> <span class='ocrx_word' id='word_1_1624' title='bbox 2356 2734 2373 2750; x_wconf 52' lang='grc' dir='ltr'>ι,</span> <span class='ocrx_word' id='word_1_1625' title='bbox 2406 2736 2415 2753; x_wconf 66' lang='grc' dir='ltr'>ιι</span> 
     </span>
     <span class='ocr_line' id='line_1_117' title="bbox 338 2752 2427 2796; baseline -0.002 -9"><span class='ocrx_word' id='word_1_1626' title='bbox 338 2766 354 2787; x_wconf 81' lang='grc' dir='ltr'><strong>Β</strong></span> <span class='ocrx_word' id='word_1_1627' title='bbox 363 2767 385 2786; x_wconf 86' lang='grc' dir='ltr'>Α</span> <span class='ocrx_word' id='word_1_1628' title='bbox 395 2766 413 2786; x_wconf 75' lang='lat' dir='ltr'>R</span> <span class='ocrx_word' id='word_1_1629' title='bbox 423 2766 457 2787; x_wconf 86' lang='lat' dir='ltr'>Bi</span> <span class='ocrx_word' id='word_1_1630' title='bbox 466 2765 487 2786; x_wconf 88' lang='lat' dir='ltr'>G</span> <span class='ocrx_word' id='word_1_1631' title='bbox 496 2767 513 2786; x_wconf 81' lang='grc' dir='ltr'>Ε</span> <span class='ocrx_word' id='word_1_1632' title='bbox 522 2766 550 2786; x_wconf 82' lang='lat' dir='ltr'>R.</span> <span class='ocrx_word' id='word_1_1633' title='bbox 589 2759 650 2786; x_wconf 86' lang='lat' dir='ltr'>Adi.</span> <span class='ocrx_word' id='word_1_1634' title='bbox 688 2759 891 2796; x_wconf 72' lang='grc' dir='ltr'>[πωγωνοφόρος]</span> <span class='ocrx_word' id='word_1_1635' title='bbox 934 2761 984 2792; x_wconf 83' lang='lat' dir='ltr'>Vt,</span> <span class='ocrx_word' id='word_1_1636' title='bbox 1002 2759 1163 2794; x_wconf 85' lang='lat' dir='ltr'>Barbigerae</span> <span class='ocrx_word' id='word_1_1637' title='bbox 1175 2756 1286 2793; x_wconf 87' lang='lat' dir='ltr'>pecudes</span> <span class='ocrx_word' id='word_1_1638' title='bbox 1298 2756 1350 2783; x_wconf 89' lang='lat' dir='ltr'>Lu·</span> <span class='ocrx_word' id='word_1_1639' title='bbox 1404 2759 1496 2785; x_wconf 87' lang='lat' dir='ltr'>Solum</span> <span class='ocrx_word' id='word_1_1640' title='bbox 1510 2757 1601 2785; x_wconf 86' lang='lat' dir='ltr'>Ilidor.</span> <span class='ocrx_word' id='word_1_1641' title='bbox 1616 2758 1654 2788; x_wconf 90' lang='lat'>16,</span> <span class='ocrx_word' id='word_1_1642' title='bbox 1667 2764 1693 2789; x_wconf 85' lang='lat'>9,</span> <span class='ocrx_word' id='word_1_1643' title='bbox 1712 2754 1756 2781; x_wconf 76' lang='lat' dir='ltr'>vbi</span> <span class='ocrx_word' id='word_1_1644' title='bbox 1775 2754 1806 2780; x_wconf 87' lang='lat' dir='ltr'>de</span> <span class='ocrx_word' id='word_1_1645' title='bbox 1819 2754 2021 2783; x_wconf 86' lang='lat' dir='ltr'>Rheubarbaro.</span> <span class='ocrx_word' id='word_1_1646' title='bbox 2093 2756 2213 2790; x_wconf 87' lang='lat' dir='ltr'>Supellex</span> <span class='ocrx_word' id='word_1_1647' title='bbox 2230 2755 2352 2788; x_wconf 18' lang='lat' dir='ltr'>barbari,</span> <span class='ocrx_word' id='word_1_1648' title='bbox 2366 2752 2373 2761; x_wconf 52' lang='lat'>³</span> <span class='ocrx_word' id='word_1_1649' title='bbox 2400 2768 2409 2788; x_wconf 46' lang='grc' dir='ltr'>,Α</span> <span class='ocrx_word' id='word_1_1650' title='bbox 2426 2776 2427 2779; x_wconf 45' lang='grc'><strong>.</strong></span> 
     </span>
    </p>
   </div>
   <div class='ocr_carea' id='block_1_12' title="bbox 301 2791 2428 2904">
    <p class='ocr_par' dir='ltr' id='par_1_12' title="bbox 301 2788 2428 2904">
     <span class='ocr_line' id='line_1_118' title="bbox 301 2791 2428 2830; baseline -0.002 -6"><span class='ocrx_word' id='word_1_1651' title='bbox 301 2801 364 2824; x_wconf 79' lang='lat' dir='ltr'>eret.</span> <span class='ocrx_word' id='word_1_1652' title='bbox 378 2803 401 2828; x_wconf 87' lang='lat'>5,</span> <span class='ocrx_word' id='word_1_1653' title='bbox 416 2800 470 2828; x_wconf 84' lang='lat'>898.</span> <span class='ocrx_word' id='word_1_1654' title='bbox 491 2798 508 2821; x_wconf 87' lang='lat' dir='ltr'>i.</span> <span class='ocrx_word' id='word_1_1655' title='bbox 521 2801 619 2830; x_wconf 80' lang='lat' dir='ltr'>caprae.</span> <span class='ocrx_word' id='word_1_1656' title='bbox 1404 2803 1441 2828; x_wconf 84' lang='lat'>21,</span> <span class='ocrx_word' id='word_1_1657' title='bbox 1478 2814 1484 2820; x_wconf 94' lang='lat'>.</span> <span class='ocrx_word' id='word_1_1658' title='bbox 1521 2814 1527 2820; x_wconf 97' lang='lat'>.</span> <span class='ocrx_word' id='word_1_1659' title='bbox 1580 2791 1709 2820; x_wconf 87' lang='lat' dir='ltr'>Columel.</span> <span class='ocrx_word' id='word_1_1660' title='bbox 1723 2798 1755 2822; x_wconf 87' lang='lat'>11,</span> <span class='ocrx_word' id='word_1_1661' title='bbox 1767 2798 1794 2822; x_wconf 85' lang='lat'>2,</span> <span class='ocrx_word' id='word_1_1662' title='bbox 1808 2795 1835 2822; x_wconf 82' lang='lat'>83</span> <span class='ocrx_word' id='word_1_1663' title='bbox 1855 2791 1931 2818; x_wconf 88' lang='lat' dir='ltr'>Tum</span> <span class='ocrx_word' id='word_1_1664' title='bbox 1950 2791 2030 2818; x_wconf 85' lang='lat' dir='ltr'>etiam</span> <span class='ocrx_word' id='word_1_1665' title='bbox 2048 2791 2139 2818; x_wconf 86' lang='lat' dir='ltr'>filuam</span> <span class='ocrx_word' id='word_1_1666' title='bbox 2157 2791 2175 2818; x_wconf 82' lang='lat' dir='ltr'>li</span> <span class='ocrx_word' id='word_1_1667' title='bbox 2189 2793 2249 2827; x_wconf 85' lang='lat' dir='ltr'>quis</span> <span class='ocrx_word' id='word_1_1668' title='bbox 2265 2791 2367 2825; x_wconf 61' lang='grc' dir='ltr'>ὕειώζ</span> <span class='ocrx_word' id='word_1_1669' title='bbox 2406 2808 2408 2812; x_wconf 70' lang='lat'>›</span> <span class='ocrx_word' id='word_1_1670' title='bbox 2425 2803 2428 2805; x_wconf 94' lang='lat'>·</span> 
     </span>
     <span class='ocr_line' id='line_1_119' title="bbox 334 2825 2413 2866; baseline -0.001 -8"><span class='ocrx_word' id='word_1_1671' title='bbox 334 2838 382 2858; x_wconf 78' lang='grc' dir='ltr'>ΒΑ</span> <span class='ocrx_word' id='word_1_1672' title='bbox 392 2837 486 2858; x_wconf 75' lang='lat' dir='ltr'>Rni‘r</span> <span class='ocrx_word' id='word_1_1673' title='bbox 497 2838 536 2857; x_wconf 87' lang='lat' dir='ltr'>iv</span> <span class='ocrx_word' id='word_1_1674' title='bbox 546 2838 589 2864; x_wconf 84' lang='lat' dir='ltr'>M,</span> <span class='ocrx_word' id='word_1_1675' title='bbox 610 2831 629 2857; x_wconf 85' lang='lat' dir='ltr'>i.</span> <span class='ocrx_word' id='word_1_1676' title='bbox 664 2839 690 2856; x_wconf 88' lang='lat' dir='ltr'>n.</span> <span class='ocrx_word' id='word_1_1677' title='bbox 727 2831 776 2857; x_wconf 84' lang='lat' dir='ltr'>Pro</span> <span class='ocrx_word' id='word_1_1678' title='bbox 791 2831 882 2858; x_wconf 84' lang='lat' dir='ltr'>Barba.</span> <span class='ocrx_word' id='word_1_1679' title='bbox 926 2831 1053 2866; x_wconf 82' lang='lat' dir='ltr'>Apuleius</span> <span class='ocrx_word' id='word_1_1680' title='bbox 1072 2831 1137 2857; x_wconf 83' lang='lat' dir='ltr'>Met.</span> <span class='ocrx_word' id='word_1_1681' title='bbox 1157 2837 1170 2862; x_wconf 89' lang='lat'>5</span> <span class='ocrx_word' id='word_1_1682' title='bbox 1195 2838 1220 2864; x_wconf 89' lang='lat' dir='ltr'>p.</span> <span class='ocrx_word' id='word_1_1683' title='bbox 1241 2830 1302 2860; x_wconf 83' lang='lat'>162,</span> <span class='ocrx_word' id='word_1_1684' title='bbox 1322 2836 1349 2854; x_wconf 87' lang='lat'>21</span> <span class='ocrx_word' id='word_1_1685' title='bbox 1403 2830 1432 2856; x_wconf 90' lang='lat' dir='ltr'>id</span> <span class='ocrx_word' id='word_1_1686' title='bbox 1445 2829 1481 2858; x_wconf 86' lang='lat' dir='ltr'>est</span> <span class='ocrx_word' id='word_1_1687' title='bbox 1496 2829 1689 2857; x_wconf 78' lang='lat' dir='ltr'>conseinineam</span> <span class='ocrx_word' id='word_1_1688' title='bbox 1701 2826 1767 2853; x_wconf 88' lang='lat' dir='ltr'>velit</span> <span class='ocrx_word' id='word_1_1689' title='bbox 1781 2827 1884 2859; x_wconf 83' lang='lat' dir='ltr'>facere,</span> <span class='ocrx_word' id='word_1_1690' title='bbox 1903 2825 1975 2854; x_wconf 60' lang='lat' dir='ltr'>recle</span> <span class='ocrx_word' id='word_1_1691' title='bbox 1988 2828 2106 2854; x_wconf 85' lang='lat' dir='ltr'>conseret</span> <span class='ocrx_word' id='word_1_1692' title='bbox 2119 2827 2274 2862; x_wconf 85' lang='lat' dir='ltr'>glandibus,</span> <span class='ocrx_word' id='word_1_1693' title='bbox 2294 2833 2321 2855; x_wconf 86' lang='lat' dir='ltr'>et</span> <span class='ocrx_word' id='word_1_1694' title='bbox 2344 2841 2363 2863; x_wconf 57' lang='lat'>⁶3</span> <span class='ocrx_word' id='word_1_1695' title='bbox 2404 2838 2413 2861; x_wconf 64' lang='grc' dir='ltr'>ς’</span> 
     </span>
     <span class='ocr_line' id='line_1_120' title="bbox 301 2862 2373 2904; baseline -0.01 -10"><span class='ocrx_word' id='word_1_1696' title='bbox 301 2867 354 2894; x_wconf 81' lang='lat' dir='ltr'>Esse</span> <span class='ocrx_word' id='word_1_1697' title='bbox 367 2866 494 2893; x_wconf 85' lang='lat' dir='ltr'>iuuenem</span> <span class='ocrx_word' id='word_1_1698' title='bbox 507 2866 650 2901; x_wconf 83' lang='lat' dir='ltr'>quemdam</span> <span class='ocrx_word' id='word_1_1699' title='bbox 668 2872 693 2892; x_wconf 88' lang='lat' dir='ltr'>et</span> <span class='ocrx_word' id='word_1_1700' title='bbox 706 2866 852 2900; x_wconf 88' lang='lat' dir='ltr'>speciosum</span> <span class='ocrx_word' id='word_1_1701' title='bbox 872 2872 897 2893; x_wconf 91' lang='lat' dir='ltr'>et</span> <span class='ocrx_word' id='word_1_1702' title='bbox 915 2866 1101 2898; x_wconf 88' lang='lat' dir='ltr'>commodum,</span> <span class='ocrx_word' id='word_1_1703' title='bbox 1122 2866 1213 2892; x_wconf 87' lang='lat' dir='ltr'>lanoso</span> <span class='ocrx_word' id='word_1_1704' title='bbox 1227 2864 1349 2904; x_wconf 72' lang='lat' dir='ltr'>Barbitio</span> <span class='ocrx_word' id='word_1_1705' title='bbox 1360 2873 1391 2901; x_wconf 82' lang='lat'>75</span> <span class='ocrx_word' id='word_1_1706' title='bbox 1404 2865 1559 2892; x_wconf 83' lang='lat' dir='ltr'>seminibus.</span> <span class='ocrx_word' id='word_1_1707' title='bbox 1627 2863 1715 2890; x_wconf 85' lang='lat' dir='ltr'>Vestes</span> <span class='ocrx_word' id='word_1_1708' title='bbox 1735 2862 1839 2888; x_wconf 87' lang='lat' dir='ltr'>Lucret.</span> <span class='ocrx_word' id='word_1_1709' title='bbox 1854 2871 1886 2903; x_wconf 38' lang='lat'>2¹,</span> <span class='ocrx_word' id='word_1_1710' title='bbox 1898 2871 1963 2896; x_wconf 86' lang='lat'>499,</span> <span class='ocrx_word' id='word_1_1711' title='bbox 1982 2862 2121 2899; x_wconf 70' lang='lat' dir='ltr'>Phrygiae,</span> <span class='ocrx_word' id='word_1_1712' title='bbox 2139 2864 2203 2890; x_wconf 81' lang='lat' dir='ltr'>vnde</span> <span class='ocrx_word' id='word_1_1713' title='bbox 2220 2871 2245 2891; x_wconf 82' lang='lat' dir='ltr'>ct</span> <span class='ocrx_word' id='word_1_1714' title='bbox 2256 2865 2334 2892; x_wconf 82' lang='lat' dir='ltr'>Bar</span> <span class='ocrx_word' id='word_1_1715' title='bbox 2348 2869 2373 2886; x_wconf 31' lang='lat' dir='ltr'>„s</span> 
     </span>
    </p>
   </div>
   <div class='ocr_carea' id='block_1_13' title="bbox 297 2897 2373 3116">
    <p class='ocr_par' dir='ltr' id='par_1_13' title="bbox 297 2897 2373 3116">
     <span class='ocr_line' id='line_1_121' title="bbox 298 2897 2367 2938; baseline -0.002 -9"><span class='ocrx_word' id='word_1_1716' title='bbox 298 2911 376 2938; x_wconf 79' lang='lat' dir='ltr'>genas</span> <span class='ocrx_word' id='word_1_1717' title='bbox 389 2901 598 2929; x_wconf 85' lang='lat' dir='ltr'>inumbrantem.</span> <span class='ocrx_word' id='word_1_1718' title='bbox 633 2901 706 2929; x_wconf 89' lang='lat' dir='ltr'>Idem</span> <span class='ocrx_word' id='word_1_1719' title='bbox 719 2902 784 2929; x_wconf 87' lang='lat' dir='ltr'>Met.</span> <span class='ocrx_word' id='word_1_1720' title='bbox 794 2911 816 2928; x_wconf 89' lang='lat'>11</span> <span class='ocrx_word' id='word_1_1721' title='bbox 836 2911 860 2937; x_wconf 92' lang='lat' dir='ltr'>p.</span> <span class='ocrx_word' id='word_1_1722' title='bbox 873 2904 925 2929; x_wconf 91' lang='lat'>260</span> <span class='ocrx_word' id='word_1_1723' title='bbox 943 2909 1008 2930; x_wconf 84' lang='lat' dir='ltr'>extr.</span> <span class='ocrx_word' id='word_1_1724' title='bbox 1027 2902 1143 2929; x_wconf 83' lang='lat' dir='ltr'>Hircino</span> <span class='ocrx_word' id='word_1_1725' title='bbox 1157 2900 1278 2928; x_wconf 86' lang='lat' dir='ltr'>barbitio</span> <span class='ocrx_word' id='word_1_1726' title='bbox 1291 2899 1350 2935; x_wconf 83' lang='lat' dir='ltr'>phi·</span> <span class='ocrx_word' id='word_1_1727' title='bbox 1404 2903 1568 2938; x_wconf 66' lang='lat' dir='ltr'>Plnygiones.</span> <span class='ocrx_word' id='word_1_1728' title='bbox 1639 2899 1702 2926; x_wconf 81' lang='lat' dir='ltr'>Vita</span> <span class='ocrx_word' id='word_1_1729' title='bbox 1716 2897 1853 2937; x_wconf 80' lang='lat' dir='ltr'>Claudian.</span> <span class='ocrx_word' id='word_1_1730' title='bbox 1867 2907 1896 2925; x_wconf 88' lang='lat' dir='ltr'>in</span> <span class='ocrx_word' id='word_1_1731' title='bbox 1908 2899 2016 2933; x_wconf 84' lang='lat' dir='ltr'>Eutrop.</span> <span class='ocrx_word' id='word_1_1732' title='bbox 2030 2907 2057 2931; x_wconf 85' lang='lat'>2,</span> <span class='ocrx_word' id='word_1_1733' title='bbox 2070 2906 2128 2933; x_wconf 85' lang='lat'>275.</span> <span class='ocrx_word' id='word_1_1734' title='bbox 2267 2903 2270 2908; x_wconf 90' lang='grc'><em>“</em></span> <span class='ocrx_word' id='word_1_1735' title='bbox 2307 2897 2328 2936; x_wconf 61' lang='lat' dir='ltr'>q</span> <span class='ocrx_word' id='word_1_1736' title='bbox 2347 2907 2367 2928; x_wconf 77' lang='lat'>21</span> 
     </span>
     <span class='ocr_line' id='line_1_122' title="bbox 299 2932 2373 2973; baseline -0.001 -8"><span class='ocrx_word' id='word_1_1737' title='bbox 299 2937 442 2973; x_wconf 84' lang='lat' dir='ltr'>losophum</span> <span class='ocrx_word' id='word_1_1738' title='bbox 457 2937 577 2972; x_wconf 83' lang='lat' dir='ltr'>fingeret.</span> <span class='ocrx_word' id='word_1_1739' title='bbox 1403 2937 1508 2970; x_wconf 75' lang='lat' dir='ltr'>bai-ica,</span> <span class='ocrx_word' id='word_1_1740' title='bbox 1527 2945 1613 2964; x_wconf 86' lang='lat' dir='ltr'>nomen</span> <span class='ocrx_word' id='word_1_1741' title='bbox 1625 2934 1720 2967; x_wconf 81' lang='lat' dir='ltr'>herbae,</span> <span class='ocrx_word' id='word_1_1742' title='bbox 1733 2932 1799 2960; x_wconf 82' lang='lat' dir='ltr'>Plin.</span> <span class='ocrx_word' id='word_1_1743' title='bbox 1811 2942 1848 2968; x_wconf 87' lang='lat'>21,</span> <span class='ocrx_word' id='word_1_1744' title='bbox 1861 2936 1878 2960; x_wconf 89' lang='lat'>6</span> <span class='ocrx_word' id='word_1_1745' title='bbox 1924 2934 2013 2960; x_wconf 82' lang='lat' dir='ltr'>uidam</span> <span class='ocrx_word' id='word_1_1746' title='bbox 2028 2943 2119 2961; x_wconf 85' lang='lat' dir='ltr'>errore</span> <span class='ocrx_word' id='word_1_1747' title='bbox 2130 2934 2198 2962; x_wconf 84' lang='lat' dir='ltr'>falso</span> <span class='ocrx_word' id='word_1_1748' title='bbox 2210 2934 2331 2963; x_wconf 85' lang='lat' dir='ltr'>barbaric</span> <span class='ocrx_word' id='word_1_1749' title='bbox 2354 2944 2373 2964; x_wconf 59' lang='lat' dir='ltr'>w:</span> 
     </span>
     <span class='ocr_line' id='line_1_123' title="bbox 336 2969 2367 3008; baseline -0.002 -6"><span class='ocrx_word' id='word_1_1750' title='bbox 336 2980 471 3002; x_wconf 79' lang='lat' dir='ltr'>BARBA</span> <span class='ocrx_word' id='word_1_1751' title='bbox 492 2974 577 3001; x_wconf 86' lang='lat' dir='ltr'>Iouis.</span> <span class='ocrx_word' id='word_1_1752' title='bbox 613 2972 689 3007; x_wconf 80' lang='grc' dir='ltr'>[Διᾶς</span> <span class='ocrx_word' id='word_1_1753' title='bbox 705 2971 807 3006; x_wconf 76' lang='grc' dir='ltr'>πώγων]</span> <span class='ocrx_word' id='word_1_1754' title='bbox 842 2973 927 3000; x_wconf 85' lang='lat' dir='ltr'>Arbor</span> <span class='ocrx_word' id='word_1_1755' title='bbox 948 2971 982 3006; x_wconf 82' lang='lat' dir='ltr'>est</span> <span class='ocrx_word' id='word_1_1756' title='bbox 999 2973 1103 3006; x_wconf 90' lang='lat' dir='ltr'>Plinio,</span> <span class='ocrx_word' id='word_1_1757' title='bbox 1123 2973 1152 2999; x_wconf 91' lang='lat' dir='ltr'>in</span> <span class='ocrx_word' id='word_1_1758' title='bbox 1167 2980 1247 3007; x_wconf 87' lang='lat' dir='ltr'>opere</span> <span class='ocrx_word' id='word_1_1759' title='bbox 1264 2971 1349 3006; x_wconf 82' lang='lat' dir='ltr'>topia·</span> <span class='ocrx_word' id='word_1_1760' title='bbox 1402 2973 1585 3008; x_wconf 84' lang='lat' dir='ltr'>appellabant,</span> <span class='ocrx_word' id='word_1_1761' title='bbox 1604 2971 1632 2998; x_wconf 81' lang='lat' dir='ltr'>de</span> <span class='ocrx_word' id='word_1_1762' title='bbox 1649 2970 1758 2998; x_wconf 83' lang='lat' dir='ltr'>baccare.</span> <span class='ocrx_word' id='word_1_1763' title='bbox 1953 2978 1966 3002; x_wconf 89' lang='grc'>3</span> <span class='ocrx_word' id='word_1_1764' title='bbox 1993 2969 2180 3003; x_wconf 88' lang='lat' dir='ltr'>Barbaricum,</span> <span class='ocrx_word' id='word_1_1765' title='bbox 2199 2969 2315 3008; x_wconf 63' lang='grc' dir='ltr'>[ξαρέαρ</span> <span class='ocrx_word' id='word_1_1766' title='bbox 2345 2989 2367 3007; x_wconf 55' lang='lat'><strong>3</strong></span> 
     </span>
     <span class='ocr_line' id='line_1_124' title="bbox 297 3003 2319 3045; baseline -0.001 -9"><span class='ocrx_word' id='word_1_1767' title='bbox 297 3009 343 3037; x_wconf 76' lang='lat' dir='ltr'>rio</span> <span class='ocrx_word' id='word_1_1768' title='bbox 363 3009 480 3042; x_wconf 82' lang='lat' dir='ltr'>tonsilis,</span> <span class='ocrx_word' id='word_1_1769' title='bbox 500 3015 526 3036; x_wconf 88' lang='lat' dir='ltr'>et</span> <span class='ocrx_word' id='word_1_1770' title='bbox 545 3009 574 3036; x_wconf 85' lang='lat' dir='ltr'>in</span> <span class='ocrx_word' id='word_1_1771' title='bbox 594 3007 788 3036; x_wconf 87' lang='lat' dir='ltr'>rotunditatem</span> <span class='ocrx_word' id='word_1_1772' title='bbox 806 3008 895 3043; x_wconf 82' lang='lat' dir='ltr'>spissa,</span> <span class='ocrx_word' id='word_1_1773' title='bbox 915 3014 1039 3043; x_wconf 82' lang='lat' dir='ltr'>argenteo</span> <span class='ocrx_word' id='word_1_1774' title='bbox 1059 3009 1148 3036; x_wconf 88' lang='lat' dir='ltr'>folio:</span> <span class='ocrx_word' id='word_1_1775' title='bbox 1182 3017 1253 3045; x_wconf 79' lang='lat' dir='ltr'>quam</span> <span class='ocrx_word' id='word_1_1776' title='bbox 1275 3010 1349 3034; x_wconf 76' lang='lat' dir='ltr'>ctiam</span> <span class='ocrx_word' id='word_1_1777' title='bbox 1402 3010 1515 3044; x_wconf 87' lang='lat' dir='ltr'>pellatur</span> <span class='ocrx_word' id='word_1_1778' title='bbox 1528 3003 1636 3036; x_wconf 80' lang='lat' dir='ltr'>Clamor</span> <span class='ocrx_word' id='word_1_1779' title='bbox 1648 3005 1793 3045; x_wconf 72' lang='lat' dir='ltr'>exercituS,</span> <span class='ocrx_word' id='word_1_1780' title='bbox 1812 3003 1954 3038; x_wconf 85' lang='lat' dir='ltr'>videlicet,</span> <span class='ocrx_word' id='word_1_1781' title='bbox 1968 3006 2041 3040; x_wconf 89' lang='lat' dir='ltr'>quod</span> <span class='ocrx_word' id='word_1_1782' title='bbox 2055 3014 2087 3032; x_wconf 89' lang='lat' dir='ltr'>eo</span> <span class='ocrx_word' id='word_1_1783' title='bbox 2101 3015 2196 3041; x_wconf 85' lang='lat' dir='ltr'>genere</span> <span class='ocrx_word' id='word_1_1784' title='bbox 2212 3006 2319 3034; x_wconf 86' lang='lat' dir='ltr'>barbari</span> 
     </span>
     <span class='ocr_line' id='line_1_125' title="bbox 298 3040 2355 3082; baseline -0.005 -2"><span class='ocrx_word' id='word_1_1785' title='bbox 298 3045 381 3073; x_wconf 63' lang='lat' dir='ltr'>‘’diff&#39;‘-</span> <span class='ocrx_word' id='word_1_1786' title='bbox 401 3053 497 3080; x_wconf 70' lang='lat' dir='ltr'>³q¹¹³⁵2</span> <span class='ocrx_word' id='word_1_1787' title='bbox 509 3045 605 3082; x_wconf 83' lang='lat' dir='ltr'>scribit</span> <span class='ocrx_word' id='word_1_1788' title='bbox 620 3046 658 3077; x_wconf 72' lang='lat'>16&gt;</span> <span class='ocrx_word' id='word_1_1789' title='bbox 674 3049 708 3076; x_wconf 81' lang='lat'>¹8-</span> <span class='ocrx_word' id='word_1_1790' title='bbox 1360 3055 1392 3081; x_wconf 78' lang='lat'>80</span> <span class='ocrx_word' id='word_1_1791' title='bbox 1403 3045 1501 3072; x_wconf 86' lang='lat' dir='ltr'>Festus.</span> <span class='ocrx_word' id='word_1_1792' title='bbox 1550 3045 1597 3071; x_wconf 85' lang='lat' dir='ltr'>Ali</span> <span class='ocrx_word' id='word_1_1793' title='bbox 1614 3042 1691 3070; x_wconf 73' lang='lat' dir='ltr'>nando</span> <span class='ocrx_word' id='word_1_1794' title='bbox 1703 3041 1836 3077; x_wconf 69' lang='lat' dir='ltr'>significat</span> <span class='ocrx_word' id='word_1_1795' title='bbox 1853 3040 1951 3076; x_wconf 84' lang='lat' dir='ltr'>solum,</span> <span class='ocrx_word' id='word_1_1796' title='bbox 1979 3041 2045 3077; x_wconf 85' lang='lat' dir='ltr'>quod</span> <span class='ocrx_word' id='word_1_1797' title='bbox 2061 3042 2168 3068; x_wconf 81' lang='lat' dir='ltr'>nondum</span> <span class='ocrx_word' id='word_1_1798' title='bbox 2189 3043 2313 3070; x_wconf 82' lang='lat' dir='ltr'>Romanae</span> <span class='ocrx_word' id='word_1_1799' title='bbox 2335 3055 2342 3065; x_wconf 76' lang='grc' dir='ltr'><em>ι</em></span> <span class='ocrx_word' id='word_1_1800' title='bbox 2353 3072 2355 3075; x_wconf 57' lang='grc'><strong>,</strong></span> 
     </span>
     <span class='ocr_line' id='line_1_126' title="bbox 336 3075 2352 3116; baseline -0.001 -7"><span class='ocrx_word' id='word_1_1801' title='bbox 336 3088 412 3109; x_wconf 78' lang='lat' dir='ltr'>BAR</span> <span class='ocrx_word' id='word_1_1802' title='bbox 421 3087 535 3108; x_wconf 81' lang='lat' dir='ltr'>BARA.</span> <span class='ocrx_word' id='word_1_1803' title='bbox 568 3080 671 3116; x_wconf 84' lang='lat' dir='ltr'>Species</span> <span class='ocrx_word' id='word_1_1804' title='bbox 685 3078 818 3114; x_wconf 84' lang='lat' dir='ltr'>emplastri</span> <span class='ocrx_word' id='word_1_1805' title='bbox 836 3078 904 3115; x_wconf 82' lang='lat' dir='ltr'>apud</span> <span class='ocrx_word' id='word_1_1806' title='bbox 917 3078 1035 3106; x_wconf 89' lang='lat' dir='ltr'>Scribon.</span> <span class='ocrx_word' id='word_1_1807' title='bbox 1049 3087 1110 3113; x_wconf 78' lang='lat'>207.</span> <span class='ocrx_word' id='word_1_1808' title='bbox 1401 3082 1489 3108; x_wconf 81' lang='lat' dir='ltr'>Amin.</span> <span class='ocrx_word' id='word_1_1809' title='bbox 1498 3079 1597 3107; x_wconf 82' lang='lat' dir='ltr'>Marcel</span> <span class='ocrx_word' id='word_1_1810' title='bbox 1610 3099 1617 3106; x_wconf 87' lang='lat'>.</span> <span class='ocrx_word' id='word_1_1811' title='bbox 1626 3083 1688 3112; x_wconf 76' lang='lat'>18,4</span> <span class='ocrx_word' id='word_1_1812' title='bbox 1706 3075 1782 3105; x_wconf 88' lang='lat' dir='ltr'>Visus</span> <span class='ocrx_word' id='word_1_1813' title='bbox 1797 3076 1826 3102; x_wconf 82' lang='lat' dir='ltr'>in</span> <span class='ocrx_word' id='word_1_1814' title='bbox 1838 3075 1979 3104; x_wconf 86' lang='lat' dir='ltr'>barbarico</span> <span class='ocrx_word' id='word_1_1815' title='bbox 1992 3077 2068 3104; x_wconf 88' lang='lat' dir='ltr'>miles</span> <span class='ocrx_word' id='word_1_1816' title='bbox 2082 3086 2128 3112; x_wconf 87' lang='lat' dir='ltr'>per</span> <span class='ocrx_word' id='word_1_1817' title='bbox 2134 3079 2258 3105; x_wconf 80' lang='lat' dir='ltr'>Hortarii</span> <span class='ocrx_word' id='word_1_1818' title='bbox 2271 3087 2352 3114; x_wconf 74' lang='lat' dir='ltr'>regna</span> 
     </span>
    </p>
   </div>
   <div class='ocr_carea' id='block_1_14' title="bbox 298 3111 2365 3262">
    <p class='ocr_par' dir='ltr' id='par_1_14' title="bbox 298 3111 2365 3262">
     <span class='ocr_line' id='line_1_127' title="bbox 339 3111 2362 3151; baseline -0.001 -7"><span class='ocrx_word' id='word_1_1819' title='bbox 339 3123 436 3145; x_wconf 79' lang='lat' dir='ltr'>BARB</span> <span class='ocrx_word' id='word_1_1820' title='bbox 445 3123 523 3145; x_wconf 81' lang='lat' dir='ltr'>ARV</span> <span class='ocrx_word' id='word_1_1821' title='bbox 532 3124 560 3149; x_wconf 88' lang='lat' dir='ltr'>s,</span> <span class='ocrx_word' id='word_1_1822' title='bbox 578 3125 604 3149; x_wconf 77' lang='lat' dir='ltr'>a,</span> <span class='ocrx_word' id='word_1_1823' title='bbox 619 3125 673 3143; x_wconf 85' lang='lat' dir='ltr'>um.</span> <span class='ocrx_word' id='word_1_1824' title='bbox 708 3113 868 3151; x_wconf 65' lang='grc' dir='ltr'>[βάρσαρος]</span> <span class='ocrx_word' id='word_1_1825' title='bbox 903 3114 973 3150; x_wconf 66' lang='lat' dir='ltr'>Quid</span> <span class='ocrx_word' id='word_1_1826' title='bbox 979 3113 1116 3151; x_wconf 70' lang='lat' dir='ltr'>signficet,</span> <span class='ocrx_word' id='word_1_1827' title='bbox 1130 3114 1240 3142; x_wconf 78' lang='lat' dir='ltr'>declarat</span> <span class='ocrx_word' id='word_1_1828' title='bbox 1253 3113 1347 3141; x_wconf 80' lang='lat' dir='ltr'>Strabo</span> <span class='ocrx_word' id='word_1_1829' title='bbox 1401 3117 1457 3144; x_wconf 74' lang='lat' dir='ltr'>ibat</span> <span class='ocrx_word' id='word_1_1830' title='bbox 1472 3116 1579 3143; x_wconf 70' lang='lat' dir='ltr'>intacta.</span> <span class='ocrx_word' id='word_1_1831' title='bbox 1614 3115 1722 3149; x_wconf 86' lang='lat' dir='ltr'>Eutrop.</span> <span class='ocrx_word' id='word_1_1832' title='bbox 1731 3120 1756 3148; x_wconf 89' lang='lat'>7,</span> <span class='ocrx_word' id='word_1_1833' title='bbox 1770 3120 1782 3145; x_wconf 86' lang='lat'>5</span> <span class='ocrx_word' id='word_1_1834' title='bbox 1801 3111 1877 3138; x_wconf 83' lang='lat' dir='ltr'>Albis</span> <span class='ocrx_word' id='word_1_1835' title='bbox 1891 3113 1990 3139; x_wconf 86' lang='lat' dir='ltr'>fluuius</span> <span class='ocrx_word' id='word_1_1836' title='bbox 2007 3114 2035 3140; x_wconf 84' lang='lat' dir='ltr'>in</span> <span class='ocrx_word' id='word_1_1837' title='bbox 2049 3113 2188 3141; x_wconf 80' lang='lat' dir='ltr'>barbarico</span> <span class='ocrx_word' id='word_1_1838' title='bbox 2201 3113 2280 3150; x_wconf 85' lang='lat' dir='ltr'>longe</span> <span class='ocrx_word' id='word_1_1839' title='bbox 2293 3116 2362 3143; x_wconf 78' lang='lat' dir='ltr'>vltra</span> 
     </span>
     <span class='ocr_line' id='line_1_128' title="bbox 301 3147 2365 3187; baseline -0 -10"><span class='ocrx_word' id='word_1_1840' title='bbox 301 3150 349 3178; x_wconf 89' lang='lat' dir='ltr'>lib.</span> <span class='ocrx_word' id='word_1_1841' title='bbox 363 3161 393 3187; x_wconf 89' lang='lat'>14</span> <span class='ocrx_word' id='word_1_1842' title='bbox 411 3161 436 3187; x_wconf 85' lang='lat' dir='ltr'>p.</span> <span class='ocrx_word' id='word_1_1843' title='bbox 450 3160 498 3186; x_wconf 85' lang='lat'>455</span> <span class='ocrx_word' id='word_1_1844' title='bbox 516 3153 531 3179; x_wconf 92' lang='lat' dir='ltr'>s</span> <span class='ocrx_word' id='word_1_1845' title='bbox 547 3172 554 3179; x_wconf 92' lang='lat'>.</span> <span class='ocrx_word' id='word_1_1846' title='bbox 589 3153 667 3179; x_wconf 80' lang='lat' dir='ltr'>Putat</span> <span class='ocrx_word' id='word_1_1847' title='bbox 685 3158 783 3186; x_wconf 81' lang='lat' dir='ltr'>nempe,</span> <span class='ocrx_word' id='word_1_1848' title='bbox 802 3151 833 3177; x_wconf 87' lang='lat' dir='ltr'>ab</span> <span class='ocrx_word' id='word_1_1849' title='bbox 848 3153 924 3177; x_wconf 85' lang='lat' dir='ltr'>initio</span> <span class='ocrx_word' id='word_1_1850' title='bbox 938 3149 1044 3186; x_wconf 64' lang='lat' dir='ltr'>consil-‘lo</span> <span class='ocrx_word' id='word_1_1851' title='bbox 1062 3153 1157 3177; x_wconf 79' lang='lat' dir='ltr'>nomine</span> <span class='ocrx_word' id='word_1_1852' title='bbox 1171 3159 1210 3176; x_wconf 79' lang='lat' dir='ltr'>eos</span> <span class='ocrx_word' id='word_1_1853' title='bbox 1229 3150 1347 3176; x_wconf 81' lang='lat' dir='ltr'>barbaros</span> <span class='ocrx_word' id='word_1_1854' title='bbox 1400 3162 1465 3180; x_wconf 75' lang='lat' dir='ltr'>num</span> <span class='ocrx_word' id='word_1_1855' title='bbox 1479 3152 1523 3179; x_wconf 76' lang='lat' dir='ltr'>cst.</span> <span class='ocrx_word' id='word_1_1856' title='bbox 1560 3151 1634 3179; x_wconf 82' lang='lat' dir='ltr'>Idem</span> <span class='ocrx_word' id='word_1_1857' title='bbox 1647 3158 1679 3184; x_wconf 92' lang='lat'>9,</span> <span class='ocrx_word' id='word_1_1858' title='bbox 1692 3157 1719 3183; x_wconf 89' lang='lat'>4.</span> <span class='ocrx_word' id='word_1_1859' title='bbox 1756 3147 1797 3174; x_wconf 83' lang='lat' dir='ltr'>Est</span> <span class='ocrx_word' id='word_1_1860' title='bbox 1810 3148 1891 3174; x_wconf 88' lang='lat' dir='ltr'>etiam</span> <span class='ocrx_word' id='word_1_1861' title='bbox 1903 3148 1932 3175; x_wconf 89' lang='lat' dir='ltr'>in</span> <span class='ocrx_word' id='word_1_1862' title='bbox 1947 3149 2035 3176; x_wconf 87' lang='lat' dir='ltr'>Notit.</span> <span class='ocrx_word' id='word_1_1863' title='bbox 2049 3149 2126 3185; x_wconf 88' lang='lat' dir='ltr'>Dign.</span> <span class='ocrx_word' id='word_1_1864' title='bbox 2141 3151 2208 3186; x_wconf 89' lang='lat' dir='ltr'>Imp.</span> <span class='ocrx_word' id='word_1_1865' title='bbox 2228 3159 2254 3176; x_wconf 91' lang='lat' dir='ltr'>n.</span> <span class='ocrx_word' id='word_1_1866' title='bbox 2269 3152 2310 3183; x_wconf 82' lang='lat'>56.</span> <span class='ocrx_word' id='word_1_1867' title='bbox 2362 3160 2365 3162; x_wconf 49' lang='grc'><strong>“</strong></span> 
     </span>
     <span class='ocr_line' id='line_1_129' title="bbox 299 3183 2359 3226; baseline -0.002 -12"><span class='ocrx_word' id='word_1_1868' title='bbox 299 3189 451 3222; x_wconf 69' lang='lat' dir='ltr'>appellatos,</span> <span class='ocrx_word' id='word_1_1869' title='bbox 469 3191 515 3224; x_wconf 83' lang='lat' dir='ltr'>qui</span> <span class='ocrx_word' id='word_1_1870' title='bbox 545 3185 679 3222; x_wconf 79' lang='lat' dir='ltr'>ifficulter,</span> <span class='ocrx_word' id='word_1_1871' title='bbox 694 3187 780 3222; x_wconf 73' lang='lat' dir='ltr'>aspere</span> <span class='ocrx_word' id='word_1_1872' title='bbox 795 3196 825 3212; x_wconf 89' lang='lat' dir='ltr'>ac</span> <span class='ocrx_word' id='word_1_1873' title='bbox 839 3186 937 3213; x_wconf 75' lang='lat' dir='ltr'>duriter</span> <span class='ocrx_word' id='word_1_1874' title='bbox 951 3187 1119 3222; x_wconf 67' lang='lat' dir='ltr'>loquerentur,</span> <span class='ocrx_word' id='word_1_1875' title='bbox 1134 3193 1163 3212; x_wconf 78' lang='lat' dir='ltr'>vt</span> <span class='ocrx_word' id='word_1_1876' title='bbox 1176 3186 1283 3221; x_wconf 75' lang='lat' dir='ltr'>blmsos,</span> <span class='ocrx_word' id='word_1_1877' title='bbox 1296 3186 1346 3212; x_wconf 85' lang='lat' dir='ltr'>bal·</span> <span class='ocrx_word' id='word_1_1878' title='bbox 1393 3195 1475 3226; x_wconf 74' lang='lat' dir='ltr'>parur</span> <span class='ocrx_word' id='word_1_1879' title='bbox 1507 3190 1582 3215; x_wconf 81' lang='lat' dir='ltr'>etiam</span> <span class='ocrx_word' id='word_1_1880' title='bbox 1608 3185 1784 3214; x_wconf 77' lang='lat' dir='ltr'>aduerbialiter</span> <span class='ocrx_word' id='word_1_1881' title='bbox 1816 3183 1864 3210; x_wconf 80' lang='lat' dir='ltr'>Sil.</span> <span class='ocrx_word' id='word_1_1882' title='bbox 1887 3192 1934 3217; x_wconf 88' lang='lat'>12,</span> <span class='ocrx_word' id='word_1_1883' title='bbox 1954 3190 2001 3218; x_wconf 86' lang='lat'>418</span> <span class='ocrx_word' id='word_1_1884' title='bbox 2028 3185 2202 3213; x_wconf 84' lang='lat' dir='ltr'>Barbaricum</span> <span class='ocrx_word' id='word_1_1885' title='bbox 2221 3192 2302 3221; x_wconf 83' lang='lat' dir='ltr'>atque</span> <span class='ocrx_word' id='word_1_1886' title='bbox 2347 3198 2359 3209; x_wconf 76' lang='lat'>..</span> 
     </span>
     <span class='ocr_line' id='line_1_130' title="bbox 298 3221 1512 3262; baseline 0.002 -14"><span class='ocrx_word' id='word_1_1887' title='bbox 298 3221 387 3258; x_wconf 78' lang='lat' dir='ltr'>bosque</span> <span class='ocrx_word' id='word_1_1888' title='bbox 395 3243 403 3255; x_wconf 93' lang='lat'>,</span> <span class='ocrx_word' id='word_1_1889' title='bbox 421 3223 506 3250; x_wconf 74' lang='lat' dir='ltr'>deinde</span> <span class='ocrx_word' id='word_1_1890' title='bbox 513 3223 650 3260; x_wconf 76' lang='lat' dir='ltr'>paullatim</span> <span class='ocrx_word' id='word_1_1891' title='bbox 656 3225 741 3259; x_wconf 73' lang='lat' dir='ltr'>primo</span> <span class='ocrx_word' id='word_1_1892' title='bbox 754 3221 788 3248; x_wconf 84' lang='lat' dir='ltr'>ad</span> <span class='ocrx_word' id='word_1_1893' title='bbox 799 3223 888 3253; x_wconf 77' lang='lat' dir='ltr'>Cares,</span> <span class='ocrx_word' id='word_1_1894' title='bbox 900 3225 944 3258; x_wconf 85' lang='lat' dir='ltr'>qui</span> <span class='ocrx_word' id='word_1_1895' title='bbox 950 3222 1148 3259; x_wconf 79' lang='lat' dir='ltr'>frequentiffimi</span> <span class='ocrx_word' id='word_1_1896' title='bbox 1155 3225 1344 3258; x_wconf 70' lang='lat' dir='ltr'>peregrinorum</span> <span class='ocrx_word' id='word_1_1897' title='bbox 1357 3232 1386 3262; x_wconf 74' lang='lat'>85</span> <span class='ocrx_word' id='word_1_1898' title='bbox 1399 3232 1512 3260; x_wconf 79' lang='lat' dir='ltr'>gemens.</span> 
     </span>
    </p>
   </div>
   <div class='ocr_carea' id='block_1_15' title="bbox 299 3250 2362 3364">
    <p class='ocr_par' dir='ltr' id='par_1_15' title="bbox 299 3250 2362 3364">
     <span class='ocr_line' id='line_1_131' title="bbox 299 3250 2358 3294; baseline 0 -10"><span class='ocrx_word' id='word_1_1899' title='bbox 299 3260 367 3284; x_wconf 81' lang='lat' dir='ltr'>inter</span> <span class='ocrx_word' id='word_1_1900' title='bbox 381 3259 498 3292; x_wconf 78' lang='lat' dir='ltr'>Graecos,</span> <span class='ocrx_word' id='word_1_1901' title='bbox 514 3267 566 3286; x_wconf 83' lang='lat' dir='ltr'>tum</span> <span class='ocrx_word' id='word_1_1902' title='bbox 579 3259 614 3286; x_wconf 85' lang='lat' dir='ltr'>ad</span> <span class='ocrx_word' id='word_1_1903' title='bbox 626 3267 707 3286; x_wconf 75' lang='lat' dir='ltr'>omnes</span> <span class='ocrx_word' id='word_1_1904' title='bbox 719 3261 746 3284; x_wconf 87' lang='lat' dir='ltr'>in</span> <span class='ocrx_word' id='word_1_1905' title='bbox 759 3257 901 3294; x_wconf 69' lang='lat' dir='ltr'>vniucrfitm</span> <span class='ocrx_word' id='word_1_1906' title='bbox 913 3267 962 3284; x_wconf 76' lang='lat' dir='ltr'>nori</span> <span class='ocrx_word' id='word_1_1907' title='bbox 976 3259 1082 3284; x_wconf 71' lang='lat' dir='ltr'>Graecos</span> <span class='ocrx_word' id='word_1_1908' title='bbox 1094 3259 1253 3284; x_wconf 77' lang='lat' dir='ltr'>translatum.</span> <span class='ocrx_word' id='word_1_1909' title='bbox 1292 3259 1344 3285; x_wconf 81' lang='lat' dir='ltr'>Ita·</span> <span class='ocrx_word' id='word_1_1910' title='bbox 1434 3267 1479 3287; x_wconf 84' lang='grc' dir='ltr'>ΒΑ</span> <span class='ocrx_word' id='word_1_1911' title='bbox 1489 3266 1508 3286; x_wconf 85' lang='lat' dir='ltr'>R</span> <span class='ocrx_word' id='word_1_1912' title='bbox 1517 3256 1590 3286; x_wconf 68' lang='lat' dir='ltr'>BA&#39;R</span> <span class='ocrx_word' id='word_1_1913' title='bbox 1600 3255 1671 3286; x_wconf 67' lang='lat' dir='ltr'>i‘CE.</span> <span class='ocrx_word' id='word_1_1914' title='bbox 1707 3254 1775 3283; x_wconf 77' lang='lat' dir='ltr'>Adu.</span> <span class='ocrx_word' id='word_1_1915' title='bbox 1818 3255 1932 3290; x_wconf 81' lang='lat' dir='ltr'>Capitol.</span> <span class='ocrx_word' id='word_1_1916' title='bbox 1953 3257 1983 3283; x_wconf 86' lang='lat' dir='ltr'>in</span> <span class='ocrx_word' id='word_1_1917' title='bbox 2001 3257 2032 3283; x_wconf 85' lang='lat' dir='ltr'>L.</span> <span class='ocrx_word' id='word_1_1918' title='bbox 2045 3257 2116 3284; x_wconf 88' lang='lat' dir='ltr'>Vero</span> <span class='ocrx_word' id='word_1_1919' title='bbox 2134 3265 2189 3292; x_wconf 77' lang='lat' dir='ltr'>cap.</span> <span class='ocrx_word' id='word_1_1920' title='bbox 2204 3266 2234 3284; x_wconf 90' lang='lat'>10</span> <span class='ocrx_word' id='word_1_1921' title='bbox 2258 3256 2344 3286; x_wconf 78' lang='lat' dir='ltr'>Barba</span> <span class='ocrx_word' id='word_1_1922' title='bbox 2356 3250 2358 3255; x_wconf 72' lang='lat'>.</span> 
     </span>
     <span class='ocr_line' id='line_1_132' title="bbox 299 3292 1668 3355; baseline -0.001 -35"><span class='ocrx_word' id='word_1_1923' title='bbox 299 3302 345 3330; x_wconf 78' lang='lat' dir='ltr'>que</span> <span class='ocrx_word' id='word_1_1924' title='bbox 356 3292 446 3355; x_wconf 61' lang='lat' dir='ltr'>pagim</span> <span class='ocrx_word' id='word_1_1925' title='bbox 460 3301 615 3329; x_wconf 79' lang='lat' dir='ltr'>opponuntur</span> <span class='ocrx_word' id='word_1_1926' title='bbox 625 3294 672 3328; x_wconf 79' lang='lat' dir='ltr'>libi</span> <span class='ocrx_word' id='word_1_1927' title='bbox 680 3296 769 3321; x_wconf 75' lang='lat' dir='ltr'>Graeci</span> <span class='ocrx_word' id='word_1_1928' title='bbox 783 3300 808 3321; x_wconf 76' lang='lat' dir='ltr'>et</span> <span class='ocrx_word' id='word_1_1929' title='bbox 816 3293 932 3321; x_wconf 82' lang='lat' dir='ltr'>Barbari.</span> <span class='ocrx_word' id='word_1_1930' title='bbox 970 3293 997 3320; x_wconf 89' lang='lat' dir='ltr'>Si</span> <span class='ocrx_word' id='word_1_1931' title='bbox 1010 3292 1084 3328; x_wconf 90' lang='lat' dir='ltr'>quod</span> <span class='ocrx_word' id='word_1_1932' title='bbox 1098 3293 1226 3333; x_wconf 76' lang='lat' dir='ltr'>Pelasgae,</span> <span class='ocrx_word' id='word_1_1933' title='bbox 1239 3293 1256 3319; x_wconf 88' lang='lat' dir='ltr'>si</span> <span class='ocrx_word' id='word_1_1934' title='bbox 1268 3292 1343 3333; x_wconf 31' lang='lat' dir='ltr'>’quod</span> <span class='ocrx_word' id='word_1_1935' title='bbox 1386 3295 1537 3323; x_wconf 64' lang='lat' dir='ltr'>⁴barbarice</span> <span class='ocrx_word' id='word_1_1936' title='bbox 1552 3294 1668 3321; x_wconf 72' lang='lat' dir='ltr'>demina.</span> 
     </span>
     <span class='ocr_line' id='line_1_133' title="bbox 299 3326 2362 3364; baseline 0 -9"><span class='ocrx_word' id='word_1_1937' title='bbox 299 3328 380 3356; x_wconf 79' lang='lat' dir='ltr'>vrbes</span> <span class='ocrx_word' id='word_1_1938' title='bbox 412 3328 520 3356; x_wconf 84' lang='lat' dir='ltr'>arbarae</span> <span class='ocrx_word' id='word_1_1939' title='bbox 540 3331 651 3358; x_wconf 87' lang='lat' dir='ltr'>Nouerc</span> <span class='ocrx_word' id='word_1_1940' title='bbox 669 3330 772 3358; x_wconf 85' lang='lat' dir='ltr'>facinus</span> <span class='ocrx_word' id='word_1_1941' title='bbox 785 3329 843 3356; x_wconf 88' lang='lat' dir='ltr'>Sen.</span> <span class='ocrx_word' id='word_1_1942' title='bbox 856 3328 928 3356; x_wconf 89' lang='lat' dir='ltr'>Med.</span> <span class='ocrx_word' id='word_1_1943' title='bbox 943 3336 998 3364; x_wconf 88' lang='lat'>127.</span> <span class='ocrx_word' id='word_1_1944' title='bbox 1034 3328 1108 3364; x_wconf 83' lang='lat' dir='ltr'>Conf.</span> <span class='ocrx_word' id='word_1_1945' title='bbox 1122 3329 1203 3355; x_wconf 86' lang='lat' dir='ltr'>Ouid.</span> <span class='ocrx_word' id='word_1_1946' title='bbox 1219 3329 1305 3355; x_wconf 89' lang='lat' dir='ltr'>Trist.</span> <span class='ocrx_word' id='word_1_1947' title='bbox 1321 3336 1344 3362; x_wconf 89' lang='grc'>5,</span> <span class='ocrx_word' id='word_1_1948' title='bbox 1434 3337 1450 3358; x_wconf 84' lang='grc' dir='ltr'><strong>Β</strong></span> <span class='ocrx_word' id='word_1_1949' title='bbox 1459 3338 1480 3358; x_wconf 75' lang='grc' dir='ltr'>Α</span> <span class='ocrx_word' id='word_1_1950' title='bbox 1489 3338 1508 3358; x_wconf 78' lang='lat' dir='ltr'>R</span> <span class='ocrx_word' id='word_1_1951' title='bbox 1518 3337 1564 3358; x_wconf 83' lang='grc' dir='ltr'>ΒΑ</span> <span class='ocrx_word' id='word_1_1952' title='bbox 1574 3337 1593 3357; x_wconf 81' lang='lat' dir='ltr'>R</span> <span class='ocrx_word' id='word_1_1953' title='bbox 1602 3338 1612 3357; x_wconf 91' lang='lat'>1</span> <span class='ocrx_word' id='word_1_1954' title='bbox 1621 3337 1638 3357; x_wconf 93' lang='lat' dir='ltr'>c</span> <span class='ocrx_word' id='word_1_1955' title='bbox 1647 3334 1714 3356; x_wconf 62' lang='grc' dir='ltr'>ΑΚ]</span> <span class='ocrx_word' id='word_1_1956' title='bbox 1723 3335 1743 3354; x_wconf 89' lang='grc'>1.</span> <span class='ocrx_word' id='word_1_1957' title='bbox 1785 3326 1907 3354; x_wconf 73' lang='lat' dir='ltr'>Videntur</span> <span class='ocrx_word' id='word_1_1958' title='bbox 1920 3326 2000 3364; x_wconf 70' lang='lat' dir='ltr'>furffe</span> <span class='ocrx_word' id='word_1_1959' title='bbox 2013 3334 2122 3355; x_wconf 80' lang='lat' dir='ltr'>textores</span> <span class='ocrx_word' id='word_1_1960' title='bbox 2133 3327 2333 3364; x_wconf 66' lang='lat' dir='ltr'>artificesqueb1-</span> <span class='ocrx_word' id='word_1_1961' title='bbox 2350 3334 2362 3355; x_wconf 53' lang='grc' dir='ltr'><strong>Τ</strong></span> 
     </span>
    </p>
   </div>
   <div class='ocr_carea' id='block_1_16' title="bbox 300 3361 2428 3972">
    <p class='ocr_par' dir='ltr' id='par_1_16' title="bbox 300 3361 2363 3757">
     <span class='ocr_line' id='line_1_134' title="bbox 304 3361 2360 3404; baseline -0 -13"><span class='ocrx_word' id='word_1_1962' title='bbox 304 3373 348 3398; x_wconf 85' lang='grc'>10,</span> <span class='ocrx_word' id='word_1_1963' title='bbox 362 3369 393 3395; x_wconf 87' lang='lat'>28</span> <span class='ocrx_word' id='word_1_1964' title='bbox 407 3365 462 3404; x_wconf 88' lang='lat' dir='ltr'>sqq.</span> <span class='ocrx_word' id='word_1_1965' title='bbox 481 3368 524 3400; x_wconf 84' lang='lat' dir='ltr'>qui</span> <span class='ocrx_word' id='word_1_1966' title='bbox 536 3366 602 3393; x_wconf 80' lang='lat' dir='ltr'>Iocus</span> <span class='ocrx_word' id='word_1_1967' title='bbox 614 3366 726 3402; x_wconf 81' lang='lat' dir='ltr'>clasJicus</span> <span class='ocrx_word' id='word_1_1968' title='bbox 742 3363 784 3399; x_wconf 72' lang='lat' dir='ltr'>est.</span> <span class='ocrx_word' id='word_1_1969' title='bbox 827 3365 857 3392; x_wconf 81' lang='lat' dir='ltr'>V.</span> <span class='ocrx_word' id='word_1_1970' title='bbox 890 3385 895 3391; x_wconf 94' lang='lat'>.</span> <span class='ocrx_word' id='word_1_1971' title='bbox 920 3374 944 3391; x_wconf 90' lang='lat' dir='ltr'>v.</span> <span class='ocrx_word' id='word_1_1972' title='bbox 958 3372 989 3399; x_wconf 88' lang='grc'>37</span> <span class='ocrx_word' id='word_1_1973' title='bbox 1010 3363 1138 3391; x_wconf 84' lang='lat' dir='ltr'>Barbarus</span> <span class='ocrx_word' id='word_1_1974' title='bbox 1152 3363 1194 3391; x_wconf 85' lang='lat' dir='ltr'>hic</span> <span class='ocrx_word' id='word_1_1975' title='bbox 1209 3374 1258 3400; x_wconf 88' lang='lat' dir='ltr'>ego</span> <span class='ocrx_word' id='word_1_1976' title='bbox 1272 3366 1328 3391; x_wconf 89' lang='lat' dir='ltr'>suin</span> <span class='ocrx_word' id='word_1_1977' title='bbox 1337 3385 1345 3398; x_wconf 88' lang='lat'>,</span> <span class='ocrx_word' id='word_1_1978' title='bbox 1397 3364 1488 3400; x_wconf 70' lang='lat' dir='ltr'>vistis,</span> <span class='ocrx_word' id='word_1_1979' title='bbox 1506 3376 1553 3403; x_wconf 87' lang='lat' dir='ltr'>qua</span> <span class='ocrx_word' id='word_1_1980' title='bbox 1566 3375 1596 3392; x_wconf 83' lang='lat' dir='ltr'>ex</span> <span class='ocrx_word' id='word_1_1981' title='bbox 1607 3373 1667 3392; x_wconf 88' lang='lat' dir='ltr'>auro</span> <span class='ocrx_word' id='word_1_1982' title='bbox 1681 3370 1705 3390; x_wconf 79' lang='lat' dir='ltr'>et</span> <span class='ocrx_word' id='word_1_1983' title='bbox 1717 3362 1900 3403; x_wconf 67' lang='lat' dir='ltr'>coloratis-filis</span> <span class='ocrx_word' id='word_1_1984' title='bbox 1912 3361 2005 3401; x_wconf 70' lang='lat' dir='ltr'>effigies</span> <span class='ocrx_word' id='word_1_1985' title='bbox 2017 3363 2142 3391; x_wconf 82' lang='lat' dir='ltr'>hominum</span> <span class='ocrx_word' id='word_1_1986' title='bbox 2162 3371 2186 3390; x_wconf 81' lang='lat' dir='ltr'>et</span> <span class='ocrx_word' id='word_1_1987' title='bbox 2201 3365 2360 3391; x_wconf 72' lang='lat' dir='ltr'>animalium</span> 
     </span>
     <span class='ocr_line' id='line_1_135' title="bbox 301 3373 2356 3438; baseline -0.001 -10"><span class='ocrx_word' id='word_1_1988' title='bbox 301 3401 366 3435; x_wconf 86' lang='lat' dir='ltr'>quia</span> <span class='ocrx_word' id='word_1_1989' title='bbox 378 3409 433 3426; x_wconf 90' lang='lat' dir='ltr'>non</span> <span class='ocrx_word' id='word_1_1990' title='bbox 448 3400 585 3436; x_wconf 87' lang='lat' dir='ltr'>intelligor</span> <span class='ocrx_word' id='word_1_1991' title='bbox 597 3401 665 3435; x_wconf 86' lang='lat' dir='ltr'>vlli,</span> <span class='ocrx_word' id='word_1_1992' title='bbox 678 3402 709 3428; x_wconf 86' lang='lat' dir='ltr'>Et</span> <span class='ocrx_word' id='word_1_1993' title='bbox 722 3401 814 3428; x_wconf 88' lang='lat' dir='ltr'>vident</span> <span class='ocrx_word' id='word_1_1994' title='bbox 826 3373 918 3428; x_wconf 69' lang='lat' dir='ltr'>stolidi</span> <span class='ocrx_word' id='word_1_1995' title='bbox 931 3400 1011 3427; x_wconf 84' lang='lat' dir='ltr'>verba</span> <span class='ocrx_word' id='word_1_1996' title='bbox 1020 3400 1112 3427; x_wconf 87' lang='lat' dir='ltr'>Latina</span> <span class='ocrx_word' id='word_1_1997' title='bbox 1121 3401 1210 3426; x_wconf 83' lang='lat' dir='ltr'>Getae.</span> <span class='ocrx_word' id='word_1_1998' title='bbox 1247 3401 1344 3434; x_wconf 87' lang='lat' dir='ltr'>Festus,</span> <span class='ocrx_word' id='word_1_1999' title='bbox 1353 3415 1389 3438; x_wconf 89' lang='lat'>90</span> <span class='ocrx_word' id='word_1_2000' title='bbox 1398 3409 1509 3429; x_wconf 77' lang='lat' dir='ltr'>mantur.</span> <span class='ocrx_word' id='word_1_2001' title='bbox 1545 3403 1630 3430; x_wconf 77' lang='lat' dir='ltr'>Aliter</span> <span class='ocrx_word' id='word_1_2002' title='bbox 1641 3399 1802 3433; x_wconf 82' lang='lat' dir='ltr'>Phrygiones</span> <span class='ocrx_word' id='word_1_2003' title='bbox 1822 3399 1950 3426; x_wconf 75' lang='lat' dir='ltr'>dicuntur.</span> <span class='ocrx_word' id='word_1_2004' title='bbox 1985 3400 2081 3426; x_wconf 75' lang='lat' dir='ltr'>Alc-iat.</span> <span class='ocrx_word' id='word_1_2005' title='bbox 2123 3399 2181 3426; x_wconf 81' lang='lat' dir='ltr'>Vid.</span> <span class='ocrx_word' id='word_1_2006' title='bbox 2195 3399 2291 3427; x_wconf 85' lang='lat' dir='ltr'>Donat.</span> <span class='ocrx_word' id='word_1_2007' title='bbox 2305 3400 2340 3433; x_wconf 60' lang='lat' dir='ltr'>in]</span> <span class='ocrx_word' id='word_1_2008' title='bbox 2352 3405 2356 3432; x_wconf 70' lang='lat' dir='ltr'><strong><em>J</em></strong></span> 
     </span>
     <span class='ocr_line' id='line_1_136' title="bbox 301 3434 2328 3473; baseline 0 -11"><span class='ocrx_word' id='word_1_2009' title='bbox 301 3435 412 3463; x_wconf 87' lang='lat' dir='ltr'>Barbari</span> <span class='ocrx_word' id='word_1_2010' title='bbox 432 3434 587 3463; x_wconf 82' lang='lat' dir='ltr'>dicebantur</span> <span class='ocrx_word' id='word_1_2011' title='bbox 604 3438 749 3473; x_wconf 79' lang='lat' dir='ltr'>antiquitus</span> <span class='ocrx_word' id='word_1_2012' title='bbox 769 3445 859 3464; x_wconf 88' lang='lat' dir='ltr'>omnes</span> <span class='ocrx_word' id='word_1_2013' title='bbox 879 3435 981 3471; x_wconf 67' lang='lat' dir='ltr'>populi,</span> <span class='ocrx_word' id='word_1_2014' title='bbox 997 3435 1109 3470; x_wconf 86' lang='lat' dir='ltr'>exceptis</span> <span class='ocrx_word' id='word_1_2015' title='bbox 1123 3436 1249 3462; x_wconf 86' lang='lat' dir='ltr'>Graecis:</span> <span class='ocrx_word' id='word_1_2016' title='bbox 1276 3437 1345 3464; x_wconf 86' lang='lat' dir='ltr'>vnde</span> <span class='ocrx_word' id='word_1_2017' title='bbox 1399 3439 1465 3464; x_wconf 86' lang='lat' dir='ltr'>Aen.</span> <span class='ocrx_word' id='word_1_2018' title='bbox 1487 3447 1525 3470; x_wconf 82' lang='lat'>11,</span> <span class='ocrx_word' id='word_1_2019' title='bbox 1543 3445 1606 3473; x_wconf 86' lang='lat'>777.</span> <span class='ocrx_word' id='word_1_2020' title='bbox 1667 3435 1697 3462; x_wconf 90' lang='lat' dir='ltr'>C.</span> <span class='ocrx_word' id='word_1_2021' title='bbox 1708 3435 1739 3461; x_wconf 89' lang='lat' dir='ltr'><strong>T</strong></span> <span class='ocrx_word' id='word_1_2022' title='bbox 1740 3434 1816 3461; x_wconf 88' lang='lat' dir='ltr'>hcod.</span> <span class='ocrx_word' id='word_1_2023' title='bbox 1839 3435 1862 3460; x_wconf 90' lang='lat' dir='ltr'>l.</span> <span class='ocrx_word' id='word_1_2024' title='bbox 1884 3442 1893 3461; x_wconf 87' lang='lat' dir='ltr'>i</span> <span class='ocrx_word' id='word_1_2025' title='bbox 1918 3434 1952 3462; x_wconf 65' lang='lat' dir='ltr'>&#39;de</span> <span class='ocrx_word' id='word_1_2026' title='bbox 1972 3434 2120 3463; x_wconf 85' lang='lat' dir='ltr'>Fabricens.</span> <span class='ocrx_word' id='word_1_2027' title='bbox 2139 3434 2157 3461; x_wconf 88' lang='lat' dir='ltr'>l.</span> <span class='ocrx_word' id='word_1_2028' title='bbox 2171 3443 2184 3462; x_wconf 81' lang='lat'>2</span> <span class='ocrx_word' id='word_1_2029' title='bbox 2213 3434 2246 3462; x_wconf 80' lang='lat' dir='ltr'>de</span> <span class='ocrx_word' id='word_1_2030' title='bbox 2263 3444 2328 3463; x_wconf 84' lang='lat' dir='ltr'>excu</span> 
     </span>
     <span class='ocr_line' id='line_1_137' title="bbox 300 3470 2350 3509; baseline -0 -11"><span class='ocrx_word' id='word_1_2031' title='bbox 300 3472 406 3498; x_wconf 85' lang='lat' dir='ltr'>Plautus</span> <span class='ocrx_word' id='word_1_2032' title='bbox 418 3471 554 3499; x_wconf 87' lang='lat' dir='ltr'>Naeuium</span> <span class='ocrx_word' id='word_1_2033' title='bbox 568 3473 690 3505; x_wconf 72' lang='lat' dir='ltr'>Poetam,</span> <span class='ocrx_word' id='word_1_2034' title='bbox 709 3474 852 3505; x_wconf 85' lang='lat' dir='ltr'>Latinum,</span> <span class='ocrx_word' id='word_1_2035' title='bbox 869 3471 1014 3499; x_wconf 82' lang='lat' dir='ltr'>Barbarum</span> <span class='ocrx_word' id='word_1_2036' title='bbox 1029 3471 1105 3498; x_wconf 89' lang='lat' dir='ltr'>dixit.</span> <span class='ocrx_word' id='word_1_2037' title='bbox 1148 3472 1222 3506; x_wconf 64' lang='lat' dir='ltr'>Quod</span> <span class='ocrx_word' id='word_1_2038' title='bbox 1236 3471 1270 3498; x_wconf 81' lang='lat' dir='ltr'>ad</span> <span class='ocrx_word' id='word_1_2039' title='bbox 1281 3472 1346 3499; x_wconf 78' lang='lat' dir='ltr'>deri·</span> <span class='ocrx_word' id='word_1_2040' title='bbox 1400 3474 1488 3500; x_wconf 84' lang='lat' dir='ltr'>Notit.</span> <span class='ocrx_word' id='word_1_2041' title='bbox 1509 3473 1588 3507; x_wconf 83' lang='lat' dir='ltr'>Dign.</span> <span class='ocrx_word' id='word_1_2042' title='bbox 1610 3472 1677 3506; x_wconf 70' lang='lat' dir='ltr'>Imp,</span> <span class='ocrx_word' id='word_1_2043' title='bbox 1697 3479 1723 3496; x_wconf 90' lang='lat' dir='ltr'>n.</span> <span class='ocrx_word' id='word_1_2044' title='bbox 1740 3477 1782 3503; x_wconf 79' lang='grc'>59,</span> <span class='ocrx_word' id='word_1_2045' title='bbox 1807 3473 1850 3506; x_wconf 86' lang='lat' dir='ltr'>qui</span> <span class='ocrx_word' id='word_1_2046' title='bbox 1868 3479 1894 3496; x_wconf 91' lang='lat' dir='ltr'>n.</span> <span class='ocrx_word' id='word_1_2047' title='bbox 1914 3479 1952 3504; x_wconf 78' lang='lat'>42.</span> <span class='ocrx_word' id='word_1_2048' title='bbox 1976 3470 2182 3498; x_wconf 79' lang='lat' dir='ltr'>Brambaricarii</span> <span class='ocrx_word' id='word_1_2049' title='bbox 2201 3471 2290 3509; x_wconf 81' lang='lat' dir='ltr'>viti0se</span> <span class='ocrx_word' id='word_1_2050' title='bbox 2331 3477 2350 3493; x_wconf 45' lang='grc' dir='ltr'>ω’</span> 
     </span>
     <span class='ocr_line' id='line_1_138' title="bbox 301 3505 2264 3544; baseline 0 -11"><span class='ocrx_word' id='word_1_2051' title='bbox 301 3511 427 3534; x_wconf 75' lang='lat' dir='ltr'>vationsm</span> <span class='ocrx_word' id='word_1_2052' title='bbox 448 3509 519 3534; x_wconf 82' lang='lat' dir='ltr'>vocis</span> <span class='ocrx_word' id='word_1_2053' title='bbox 530 3510 639 3540; x_wconf 78' lang='lat' dir='ltr'>attinet,</span> <span class='ocrx_word' id='word_1_2054' title='bbox 665 3508 759 3544; x_wconf 75' lang='lat' dir='ltr'>Vofflus</span> <span class='ocrx_word' id='word_1_2055' title='bbox 771 3508 800 3535; x_wconf 85' lang='lat' dir='ltr'>de</span> <span class='ocrx_word' id='word_1_2056' title='bbox 820 3509 900 3536; x_wconf 83' lang='lat' dir='ltr'>Vitiis</span> <span class='ocrx_word' id='word_1_2057' title='bbox 911 3507 992 3535; x_wconf 88' lang='lat' dir='ltr'>Serm.</span> <span class='ocrx_word' id='word_1_2058' title='bbox 1009 3516 1033 3538; x_wconf 87' lang='lat'>1,</span> <span class='ocrx_word' id='word_1_2059' title='bbox 1048 3516 1068 3540; x_wconf 91' lang='lat' dir='ltr'>i,</span> <span class='ocrx_word' id='word_1_2060' title='bbox 1088 3517 1117 3533; x_wconf 73' lang='lat' dir='ltr'>ex</span> <span class='ocrx_word' id='word_1_2061' title='bbox 1132 3507 1264 3534; x_wconf 78' lang='lat' dir='ltr'>Chaldaico</span> <span class='ocrx_word' id='word_1_2062' title='bbox 1279 3509 1345 3542; x_wconf 77' lang='lat' dir='ltr'>Bar,</span> <span class='ocrx_word' id='word_1_2063' title='bbox 1406 3509 1464 3536; x_wconf 77' lang='lat' dir='ltr'>Vid.</span> <span class='ocrx_word' id='word_1_2064' title='bbox 1481 3510 1583 3535; x_wconf 78' lang='lat' dir='ltr'>Gurber.</span> <span class='ocrx_word' id='word_1_2065' title='bbox 1598 3507 1627 3534; x_wconf 82' lang='lat' dir='ltr'>de</span> <span class='ocrx_word' id='word_1_2066' title='bbox 1635 3505 1688 3540; x_wconf 76' lang='lat' dir='ltr'>Offi</span> <span class='ocrx_word' id='word_1_2067' title='bbox 1698 3507 1872 3542; x_wconf 78' lang='lat' dir='ltr'>Doni.Aug·.3,</span> <span class='ocrx_word' id='word_1_2068' title='bbox 1884 3515 1923 3535; x_wconf 78' lang='lat'>22.</span> <span class='ocrx_word' id='word_1_2069' title='bbox 1964 3526 1968 3530; x_wconf 64' lang='grc'><strong><em>»</em></strong></span> <span class='ocrx_word' id='word_1_2070' title='bbox 2262 3525 2264 3527; x_wconf 84' lang='lat'>·</span> 
     </span>
     <span class='ocr_line' id='line_1_139' title="bbox 301 3539 2343 3616; baseline -0 -11"><span class='ocrx_word' id='word_1_2071' title='bbox 301 3542 886 3616; x_wconf 54' lang='lat' dir='ltr'>{issa-‘55’.52‘2⁷‘²1:.:.stg&#39;::i.0²131s5555122“st</span> <span class='ocrx_word' id='word_1_2072' title='bbox 921 3543 1343 3615; x_wconf 35' lang='lat' dir='ltr'>ffizg-tcaffiffifflfthfxegig-‚lgrg</span> <span class='ocrx_word' id='word_1_2073' title='bbox 1377 3540 1883 3607; x_wconf 48' lang='lat' dir='ltr'>-...ffiji‘iffi-ES&#39;Zssesstsi’i‘fifi‘e‘i&#39;i]</span> <span class='ocrx_word' id='word_1_2074' title='bbox 1902 3539 2070 3602; x_wconf 49' lang='lat' dir='ltr'>&#39;mpgffies‘</span> <span class='ocrx_word' id='word_1_2075' title='bbox 2066 3540 2343 3609; x_wconf 53' lang='lat' dir='ltr'>&amp;23¹¹&#39;23232s‘201&#39;35’2</span> 
     </span>
     <span class='ocr_line' id='line_1_140' title="bbox 301 3586 2362 3650; baseline 0 -11"><span class='ocrx_word' id='word_1_2076' title='bbox 301 3613 392 3640; x_wconf 77' lang='lat' dir='ltr'>Ebraeo</span> <span class='ocrx_word' id='word_1_2077' title='bbox 411 3613 521 3644; x_wconf 81' lang='lat' dir='ltr'>bai-bar,</span> <span class='ocrx_word' id='word_1_2078' title='bbox 546 3597 623 3641; x_wconf 80' lang='lat' dir='ltr'>Vald&#39;e</span> <span class='ocrx_word' id='word_1_2079' title='bbox 638 3588 777 3649; x_wconf 56' lang='lat' dir='ltr'>ibeftrtum,</span> <span class='ocrx_word' id='word_1_2080' title='bbox 793 3615 858 3642; x_wconf 81' lang='lat' dir='ltr'>vnde</span> <span class='ocrx_word' id='word_1_2081' title='bbox 875 3588 1007 3643; x_wconf 48' lang='lat' dir='ltr'>iffrbariai</span> <span class='ocrx_word' id='word_1_2082' title='bbox 1050 3613 1117 3642; x_wconf 81' lang='lat' dir='ltr'>Idem</span> <span class='ocrx_word' id='word_1_2083' title='bbox 1132 3617 1160 3640; x_wconf 80' lang='lat' dir='ltr'>in</span> <span class='ocrx_word' id='word_1_2084' title='bbox 1179 3614 1342 3650; x_wconf 44' lang='lat' dir='ltr'>Theophras&amp;</span> <span class='ocrx_word' id='word_1_2085' title='bbox 1354 3590 1385 3615; x_wconf 64' lang='lat'>9⁷</span> <span class='ocrx_word' id='word_1_2086' title='bbox 1397 3624 1489 3642; x_wconf 85' lang='lat' dir='ltr'>omncs</span> <span class='ocrx_word' id='word_1_2087' title='bbox 1504 3623 1559 3642; x_wconf 86' lang='lat' dir='ltr'>tuin</span> <span class='ocrx_word' id='word_1_2088' title='bbox 1573 3586 1645 3646; x_wconf 46' lang='lat' dir='ltr'>ferg,</span> <span class='ocrx_word' id='word_1_2089' title='bbox 1670 3613 1719 3648; x_wconf 90' lang='lat' dir='ltr'>qui</span> <span class='ocrx_word' id='word_1_2090' title='bbox 1729 3622 1777 3640; x_wconf 85' lang='lat' dir='ltr'>nec</span> <span class='ocrx_word' id='word_1_2091' title='bbox 1791 3619 1865 3640; x_wconf 85' lang='lat' dir='ltr'>extra</span> <span class='ocrx_word' id='word_1_2092' title='bbox 1877 3610 1969 3639; x_wconf 86' lang='lat' dir='ltr'>vrbem</span> <span class='ocrx_word' id='word_1_2093' title='bbox 1983 3609 2048 3637; x_wconf 77' lang='lat' dir='ltr'>lianc</span> <span class='ocrx_word' id='word_1_2094' title='bbox 2067 3612 2202 3646; x_wconf 83' lang='lat' dir='ltr'>vixerant,</span> <span class='ocrx_word' id='word_1_2095' title='bbox 2222 3595 2269 3640; x_wconf 55' lang='lat' dir='ltr'>neg</span> <span class='ocrx_word' id='word_1_2096' title='bbox 2292 3621 2323 3640; x_wconf 93' lang='lat' dir='ltr'>eo</span> <span class='ocrx_word' id='word_1_2097' title='bbox 2349 3606 2362 3640; x_wconf 43' lang='lat'>2²²</span> 
     </span>
     <span class='ocr_line' id='line_1_141' title="bbox 302 3645 2363 3686; baseline 0.001 -12"><span class='ocrx_word' id='word_1_2098' title='bbox 302 3647 332 3674; x_wconf 82' lang='lat' dir='ltr'>de</span> <span class='ocrx_word' id='word_1_2099' title='bbox 345 3650 452 3676; x_wconf 79' lang='lat' dir='ltr'>Plantis.</span> <span class='ocrx_word' id='word_1_2100' title='bbox 494 3648 552 3678; x_wconf 84' lang='lat' dir='ltr'>Vid.</span> <span class='ocrx_word' id='word_1_2101' title='bbox 565 3652 639 3675; x_wconf 76' lang='lat' dir='ltr'>etiam</span> <span class='ocrx_word' id='word_1_2102' title='bbox 653 3651 802 3677; x_wconf 84' lang='lat' dir='ltr'>Horomann.</span> <span class='ocrx_word' id='word_1_2103' title='bbox 817 3651 845 3677; x_wconf 78' lang='lat' dir='ltr'>dc</span> <span class='ocrx_word' id='word_1_2104' title='bbox 857 3652 918 3678; x_wconf 82' lang='lat' dir='ltr'>Ritu</span> <span class='ocrx_word' id='word_1_2105' title='bbox 933 3657 1002 3686; x_wconf 78' lang='lat' dir='ltr'>nupt.</span> <span class='ocrx_word' id='word_1_2106' title='bbox 1016 3650 1046 3677; x_wconf 89' lang='lat' dir='ltr'>C.</span> <span class='ocrx_word' id='word_1_2107' title='bbox 1061 3658 1086 3684; x_wconf 80' lang='lat' dir='ltr'>p.</span> <span class='ocrx_word' id='word_1_2108' title='bbox 1099 3652 1162 3682; x_wconf 90' lang='lat'>469.</span> <span class='ocrx_word' id='word_1_2109' title='bbox 1199 3650 1293 3686; x_wconf 80' lang='lat' dir='ltr'>Coquei&#39;.</span> <span class='ocrx_word' id='word_1_2110' title='bbox 1310 3651 1344 3678; x_wconf 76' lang='lat' dir='ltr'>ad</span> <span class='ocrx_word' id='word_1_2111' title='bbox 1396 3651 1532 3678; x_wconf 86' lang='lat' dir='ltr'>barbaries</span> <span class='ocrx_word' id='word_1_2112' title='bbox 1564 3649 1705 3677; x_wconf 83' lang='lat' dir='ltr'>domestica</span> <span class='ocrx_word' id='word_1_2113' title='bbox 1724 3649 1922 3686; x_wconf 76' lang='lat' dir='ltr'>infuscauerat,⁴</span> <span class='ocrx_word' id='word_1_2114' title='bbox 1936 3645 2008 3673; x_wconf 70' lang='lat' dir='ltr'>re&amp;e</span> <span class='ocrx_word' id='word_1_2115' title='bbox 2029 3646 2217 3682; x_wconf 83' lang='lat' dir='ltr'>loquebantur.</span> <span class='ocrx_word' id='word_1_2116' title='bbox 2288 3649 2316 3676; x_wconf 88' lang='lat' dir='ltr'>P</span> <span class='ocrx_word' id='word_1_2117' title='bbox 2329 3658 2363 3670; x_wconf 62' lang='lat'>··⁴¹</span> 
     </span>
     <span class='ocr_line' id='line_1_142' title="bbox 303 3681 2358 3723; baseline 0.001 -14"><span class='ocrx_word' id='word_1_2118' title='bbox 303 3683 411 3723; x_wconf 46' lang='lat' dir='ltr'>Aug3de</span> <span class='ocrx_word' id='word_1_2119' title='bbox 424 3685 477 3712; x_wconf 90' lang='lat' dir='ltr'>Ciu.</span> <span class='ocrx_word' id='word_1_2120' title='bbox 490 3687 540 3713; x_wconf 84' lang='lat' dir='ltr'>Dei</span> <span class='ocrx_word' id='word_1_2121' title='bbox 553 3695 574 3717; x_wconf 92' lang='lat'>1,</span> <span class='ocrx_word' id='word_1_2122' title='bbox 588 3694 600 3712; x_wconf 86' lang='lat'><em>1</em></span> <span class='ocrx_word' id='word_1_2123' title='bbox 618 3691 648 3720; x_wconf 79' lang='lat' dir='ltr'>p.</span> <span class='ocrx_word' id='word_1_2124' title='bbox 664 3689 688 3711; x_wconf 83' lang='lat'>6.</span> <span class='ocrx_word' id='word_1_2125' title='bbox 709 3692 732 3711; x_wconf 80' lang='lat' dir='ltr'>et</span> <span class='ocrx_word' id='word_1_2126' title='bbox 745 3686 865 3722; x_wconf 75' lang='lat' dir='ltr'>Bernegg.</span> <span class='ocrx_word' id='word_1_2127' title='bbox 878 3686 912 3713; x_wconf 86' lang='lat' dir='ltr'>ad</span> <span class='ocrx_word' id='word_1_2128' title='bbox 922 3686 991 3714; x_wconf 88' lang='lat' dir='ltr'>Suet.</span> <span class='ocrx_word' id='word_1_2129' title='bbox 1005 3686 1070 3720; x_wconf 83' lang='lat' dir='ltr'>Aug.</span> <span class='ocrx_word' id='word_1_2130' title='bbox 1084 3693 1137 3720; x_wconf 86' lang='lat' dir='ltr'>cap.</span> <span class='ocrx_word' id='word_1_2131' title='bbox 1149 3694 1191 3717; x_wconf 90' lang='lat'>21,</span> <span class='ocrx_word' id='word_1_2132' title='bbox 1205 3694 1225 3717; x_wconf 91' lang='grc'>3.</span> <span class='ocrx_word' id='word_1_2133' title='bbox 1263 3687 1344 3713; x_wconf 84' lang='lat' dir='ltr'>Nobis</span> <span class='ocrx_word' id='word_1_2134' title='bbox 1395 3688 1500 3714; x_wconf 83' lang='lat' dir='ltr'>Praeter</span> <span class='ocrx_word' id='word_1_2135' title='bbox 1525 3686 1639 3713; x_wconf 84' lang='lat' dir='ltr'>errantis</span> <span class='ocrx_word' id='word_1_2136' title='bbox 1670 3685 1794 3712; x_wconf 84' lang='lat' dir='ltr'>barbarie</span> <span class='ocrx_word' id='word_1_2137' title='bbox 1814 3688 1859 3711; x_wconf 86' lang='lat' dir='ltr'>aut</span> <span class='ocrx_word' id='word_1_2138' title='bbox 1880 3681 2013 3722; x_wconf 42' lang='lat' dir='ltr'>admistum</span> <span class='ocrx_word' id='word_1_2139' title='bbox 2036 3689 2080 3708; x_wconf 88' lang='lat' dir='ltr'>aut</span> <span class='ocrx_word' id='word_1_2140' title='bbox 2103 3683 2264 3711; x_wconf 87' lang='lat' dir='ltr'>diminutum</span> <span class='ocrx_word' id='word_1_2141' title='bbox 2287 3683 2358 3722; x_wconf 50' lang='lat' dir='ltr'>clau„</span> 
     </span>
     <span class='ocr_line' id='line_1_143' title="bbox 301 3717 2356 3757; baseline 0.001 -13"><span class='ocrx_word' id='word_1_2142' title='bbox 301 3720 502 3752; x_wconf 69' lang='lat' dir='ltr'>verijimillimum</span> <span class='ocrx_word' id='word_1_2143' title='bbox 520 3720 636 3752; x_wconf 78' lang='lat' dir='ltr'>videtur,</span> <span class='ocrx_word' id='word_1_2144' title='bbox 651 3720 716 3756; x_wconf 84' lang='lat' dir='ltr'>quod</span> <span class='ocrx_word' id='word_1_2145' title='bbox 729 3721 860 3753; x_wconf 81' lang='lat' dir='ltr'>Straboni,</span> <span class='ocrx_word' id='word_1_2146' title='bbox 880 3721 923 3755; x_wconf 73' lang='lat' dir='ltr'>este</span> <span class='ocrx_word' id='word_1_2147' title='bbox 943 3731 1028 3749; x_wconf 78' lang='lat' dir='ltr'>nomen</span> <span class='ocrx_word' id='word_1_2148' title='bbox 1045 3731 1074 3748; x_wconf 71' lang='lat' dir='ltr'>ex</span> <span class='ocrx_word' id='word_1_2149' title='bbox 1093 3720 1145 3756; x_wconf 75' lang='lat' dir='ltr'>1·pr</span> <span class='ocrx_word' id='word_1_2150' title='bbox 1158 3720 1222 3756; x_wconf 83' lang='lat' dir='ltr'>sono</span> <span class='ocrx_word' id='word_1_2151' title='bbox 1232 3720 1342 3757; x_wconf 60' lang='lat' dir='ltr'>fitium,</span> <span class='ocrx_word' id='word_1_2152' title='bbox 1397 3720 1454 3750; x_wconf 91' lang='lat' dir='ltr'>Cic.</span> <span class='ocrx_word' id='word_1_2153' title='bbox 1472 3723 1504 3749; x_wconf 89' lang='lat' dir='ltr'>de</span> <span class='ocrx_word' id='word_1_2154' title='bbox 1517 3722 1579 3749; x_wconf 86' lang='lat' dir='ltr'>Nat.</span> <span class='ocrx_word' id='word_1_2155' title='bbox 1598 3722 1680 3748; x_wconf 88' lang='lat' dir='ltr'>Deor.</span> <span class='ocrx_word' id='word_1_2156' title='bbox 1694 3729 1709 3747; x_wconf 88' lang='lat'>2</span> <span class='ocrx_word' id='word_1_2157' title='bbox 1730 3729 1752 3747; x_wconf 89' lang='lat' dir='ltr'>c.</span> <span class='ocrx_word' id='word_1_2158' title='bbox 1765 3728 1800 3754; x_wconf 80' lang='lat'>34</span> <span class='ocrx_word' id='word_1_2159' title='bbox 1827 3717 1895 3752; x_wconf 73' lang='lat' dir='ltr'>Qus</span> <span class='ocrx_word' id='word_1_2160' title='bbox 1919 3726 1948 3743; x_wconf 84' lang='lat' dir='ltr'>in</span> <span class='ocrx_word' id='word_1_2161' title='bbox 1971 3717 2018 3744; x_wconf 84' lang='lat' dir='ltr'>illa</span> <span class='ocrx_word' id='word_1_2162' title='bbox 2041 3717 2164 3746; x_wconf 87' lang='lat' dir='ltr'>barbarie</span> <span class='ocrx_word' id='word_1_2163' title='bbox 2182 3719 2302 3753; x_wconf 79' lang='lat' dir='ltr'>dubitet,</span> <span class='ocrx_word' id='word_1_2164' title='bbox 2316 3731 2331 3741; x_wconf 95' lang='grc'>-</span> <span class='ocrx_word' id='word_1_2165' title='bbox 2354 3735 2356 3738; x_wconf 87' lang='lat'>.</span> 
     </span>
    </p>

    <p class='ocr_par' dir='ltr' id='par_1_17' title="bbox 302 3753 2428 3972">
     <span class='ocr_line' id='line_1_144' title="bbox 320 3753 2428 3793; baseline 0.002 -14"><span class='ocrx_word' id='word_1_2166' title='bbox 320 3763 349 3780; x_wconf 89' lang='lat' dir='ltr'>uo</span> <span class='ocrx_word' id='word_1_2167' title='bbox 355 3753 471 3793; x_wconf 33' lang='lat' dir='ltr'>&#39;deridere</span> <span class='ocrx_word' id='word_1_2168' title='bbox 483 3757 545 3783; x_wconf 84' lang='lat' dir='ltr'>male</span> <span class='ocrx_word' id='word_1_2169' title='bbox 554 3758 680 3792; x_wconf 80' lang='lat' dir='ltr'>loquentes</span> <span class='ocrx_word' id='word_1_2170' title='bbox 686 3755 807 3792; x_wconf 82' lang='lat' dir='ltr'>solebant.</span> <span class='ocrx_word' id='word_1_2171' title='bbox 844 3757 1025 3792; x_wconf 73' lang='lat' dir='ltr'>Obstruandum</span> <span class='ocrx_word' id='word_1_2172' title='bbox 1037 3764 1130 3788; x_wconf 70' lang='lat' dir='ltr'>autem,</span> <span class='ocrx_word' id='word_1_2173' title='bbox 1145 3755 1269 3782; x_wconf 81' lang='lat' dir='ltr'>interdum</span> <span class='ocrx_word' id='word_1_2174' title='bbox 1282 3757 1504 3793; x_wconf 83' lang='lat' dir='ltr'>Bar-ioosphacra</span> <span class='ocrx_word' id='word_1_2175' title='bbox 1519 3758 1549 3784; x_wconf 86' lang='lat' dir='ltr'>lit</span> <span class='ocrx_word' id='word_1_2176' title='bbox 1561 3756 1678 3792; x_wconf 67' lang='lat' dir='ltr'>perfeeta</span> <span class='ocrx_word' id='word_1_2177' title='bbox 1690 3757 1793 3783; x_wconf 83' lang='lat' dir='ltr'>ratione</span> <span class='ocrx_word' id='word_1_2178' title='bbox 1806 3755 1816 3780; x_wconf 78' lang='lat'>3</span> <span class='ocrx_word' id='word_1_2179' title='bbox 1849 3755 1887 3779; x_wconf 82' lang='lat' dir='ltr'>De</span> <span class='ocrx_word' id='word_1_2180' title='bbox 1903 3753 2003 3786; x_wconf 82' lang='lat' dir='ltr'>Scythis</span> <span class='ocrx_word' id='word_1_2181' title='bbox 2015 3760 2038 3779; x_wconf 82' lang='lat' dir='ltr'>et</span> <span class='ocrx_word' id='word_1_2182' title='bbox 2053 3755 2187 3782; x_wconf 78' lang='lat' dir='ltr'>Britannis</span> <span class='ocrx_word' id='word_1_2183' title='bbox 2205 3757 2331 3792; x_wconf 59' lang='lat' dir='ltr'>loquiturf·</span> <span class='ocrx_word' id='word_1_2184' title='bbox 2394 3757 2395 3760; x_wconf 73' lang='grc'>’</span> <span class='ocrx_word' id='word_1_2185' title='bbox 2426 3787 2428 3790; x_wconf 50' lang='lat'>.</span> 
     </span>
     <span class='ocr_line' id='line_1_145' title="bbox 302 3761 2419 3829; baseline 0.003 -14"><span class='ocrx_word' id='word_1_2186' title='bbox 302 3761 362 3815; x_wconf 61' lang='lat' dir='ltr'>gari</span> <span class='ocrx_word' id='word_1_2187' title='bbox 375 3798 457 3816; x_wconf 79' lang='lat' dir='ltr'>nomen</span> <span class='ocrx_word' id='word_1_2188' title='bbox 476 3800 524 3818; x_wconf 83' lang='lat' dir='ltr'>non</span> <span class='ocrx_word' id='word_1_2189' title='bbox 532 3792 635 3828; x_wconf 81' lang='lat' dir='ltr'>seruare</span> <span class='ocrx_word' id='word_1_2190' title='bbox 647 3791 714 3818; x_wconf 84' lang='lat' dir='ltr'>illam</span> <span class='ocrx_word' id='word_1_2191' title='bbox 727 3790 900 3824; x_wconf 71' lang='lat' dir='ltr'>latitudinem,</span> <span class='ocrx_word' id='word_1_2192' title='bbox 911 3793 958 3828; x_wconf 75' lang='lat' dir='ltr'>fid</span> <span class='ocrx_word' id='word_1_2193' title='bbox 965 3794 1115 3829; x_wconf 68' lang='lat' dir='ltr'>peculias-em</span> <span class='ocrx_word' id='word_1_2194' title='bbox 1127 3791 1251 3818; x_wconf 76' lang='lat' dir='ltr'>imerdum</span> <span class='ocrx_word' id='word_1_2195' title='bbox 1264 3796 1344 3818; x_wconf 83' lang='lat' dir='ltr'>natio·</span> <span class='ocrx_word' id='word_1_2196' title='bbox 1398 3794 1536 3829; x_wconf 81' lang='lat' dir='ltr'>Aegyptii,</span> <span class='ocrx_word' id='word_1_2197' title='bbox 1556 3802 1602 3820; x_wconf 88' lang='lat' dir='ltr'>nec</span> <span class='ocrx_word' id='word_1_2198' title='bbox 1616 3793 1690 3825; x_wconf 87' lang='lat' dir='ltr'>Syri,</span> <span class='ocrx_word' id='word_1_2199' title='bbox 1708 3799 1754 3818; x_wconf 87' lang='lat' dir='ltr'>nec</span> <span class='ocrx_word' id='word_1_2200' title='bbox 1767 3790 1825 3816; x_wconf 82' lang='lat' dir='ltr'>fere</span> <span class='ocrx_word' id='word_1_2201' title='bbox 1838 3777 1931 3828; x_wconf 53' lang='lat' dir='ltr'>cundia</span> <span class='ocrx_word' id='word_1_2202' title='bbox 1945 3788 2082 3816; x_wconf 82' lang='lat' dir='ltr'>Barbaries</span> <span class='ocrx_word' id='word_1_2203' title='bbox 2112 3791 2168 3818; x_wconf 89' lang='lat' dir='ltr'>Cic.</span> <span class='ocrx_word' id='word_1_2204' title='bbox 2191 3791 2223 3818; x_wconf 88' lang='lat' dir='ltr'>de</span> <span class='ocrx_word' id='word_1_2205' title='bbox 2243 3790 2280 3818; x_wconf 79' lang='lat' dir='ltr'>N.</span> <span class='ocrx_word' id='word_1_2206' title='bbox 2291 3789 2366 3829; x_wconf 66' lang='lat' dir='ltr'>D.&#39;„</span> <span class='ocrx_word' id='word_1_2207' title='bbox 2390 3825 2397 3828; x_wconf 29' lang='grc' dir='ltr'>μ</span> <span class='ocrx_word' id='word_1_2208' title='bbox 2414 3808 2419 3826; x_wconf 52' lang='lat'>1,</span> 
     </span>
     <span class='ocr_line' id='line_1_146' title="bbox 302 3822 2416 3865; baseline 0.001 -16"><span class='ocrx_word' id='word_1_2209' title='bbox 302 3832 355 3850; x_wconf 78' lang='lat' dir='ltr'>nem</span> <span class='ocrx_word' id='word_1_2210' title='bbox 368 3823 497 3860; x_wconf 68' lang='lat' dir='ltr'>denotare,</span> <span class='ocrx_word' id='word_1_2211' title='bbox 510 3827 575 3863; x_wconf 84' lang='lat' dir='ltr'>quod</span> <span class='ocrx_word' id='word_1_2212' title='bbox 585 3827 614 3854; x_wconf 87' lang='lat' dir='ltr'>de</span> <span class='ocrx_word' id='word_1_2213' title='bbox 627 3827 740 3854; x_wconf 87' lang='lat' dir='ltr'>Caribus</span> <span class='ocrx_word' id='word_1_2214' title='bbox 753 3829 820 3853; x_wconf 80' lang='lat' dir='ltr'>inter</span> <span class='ocrx_word' id='word_1_2215' title='bbox 831 3828 936 3854; x_wconf 78' lang='lat' dir='ltr'>Graecos</span> <span class='ocrx_word' id='word_1_2216' title='bbox 950 3829 1114 3865; x_wconf 71' lang='lat' dir='ltr'>obser-nantem</span> <span class='ocrx_word' id='word_1_2217' title='bbox 1125 3827 1267 3855; x_wconf 75' lang='lat' dir='ltr'>Strabonem</span> <span class='ocrx_word' id='word_1_2218' title='bbox 1279 3828 1344 3854; x_wconf 81' lang='lat' dir='ltr'>vidi·</span> <span class='ocrx_word' id='word_1_2219' title='bbox 1397 3831 1430 3856; x_wconf 79' lang='lat' dir='ltr'>al.</span> <span class='ocrx_word' id='word_1_2220' title='bbox 1444 3829 1579 3856; x_wconf 86' lang='lat' dir='ltr'>Barbaria.</span> <span class='ocrx_word' id='word_1_2221' title='bbox 1616 3825 1710 3855; x_wconf 80' lang='lat' dir='ltr'>Claud.</span> <span class='ocrx_word' id='word_1_2222' title='bbox 1724 3825 1756 3852; x_wconf 84' lang='lat' dir='ltr'>de</span> <span class='ocrx_word' id='word_1_2223' title='bbox 1769 3824 1835 3851; x_wconf 84' lang='lat' dir='ltr'>Bell.</span> <span class='ocrx_word' id='word_1_2224' title='bbox 1851 3822 1924 3850; x_wconf 81' lang='lat' dir='ltr'>Gild.</span> <span class='ocrx_word' id='word_1_2225' title='bbox 1939 3832 1990 3858; x_wconf 74' lang='grc'>432.</span> <span class='ocrx_word' id='word_1_2226' title='bbox 2013 3825 2167 3854; x_wconf 86' lang='lat' dir='ltr'>Barbariem</span> <span class='ocrx_word' id='word_1_2227' title='bbox 2186 3825 2313 3862; x_wconf 69' lang='lat' dir='ltr'>quamuis?</span> <span class='ocrx_word' id='word_1_2228' title='bbox 2324 3836 2349 3863; x_wconf 66' lang='lat'>.‘&#39;</span> <span class='ocrx_word' id='word_1_2229' title='bbox 2394 3832 2396 3834; x_wconf 78' lang='grc'>’</span> <span class='ocrx_word' id='word_1_2230' title='bbox 2414 3834 2416 3837; x_wconf 75' lang='grc'>’</span> 
     </span>
     <span class='ocr_line' id='line_1_147' title="bbox 303 3859 2336 3899; baseline 0.002 -15"><span class='ocrx_word' id='word_1_2231' title='bbox 303 3868 365 3899; x_wconf 71' lang='lat' dir='ltr'>mus.</span> <span class='ocrx_word' id='word_1_2232' title='bbox 401 3860 442 3886; x_wconf 87' lang='lat' dir='ltr'>Sic</span> <span class='ocrx_word' id='word_1_2233' title='bbox 455 3863 481 3886; x_wconf 88' lang='lat' dir='ltr'>in</span> <span class='ocrx_word' id='word_1_2234' title='bbox 491 3865 584 3896; x_wconf 82' lang='lat' dir='ltr'>primis</span> <span class='ocrx_word' id='word_1_2235' title='bbox 597 3862 707 3890; x_wconf 79' lang='lat' dir='ltr'>Barbari</span> <span class='ocrx_word' id='word_1_2236' title='bbox 724 3861 867 3888; x_wconf 82' lang='lat' dir='ltr'>dicebantur</span> <span class='ocrx_word' id='word_1_2237' title='bbox 881 3864 982 3890; x_wconf 83' lang='lat' dir='ltr'>Latinis</span> <span class='ocrx_word' id='word_1_2238' title='bbox 994 3863 1107 3898; x_wconf 82' lang='lat' dir='ltr'>Phryges</span> <span class='ocrx_word' id='word_1_2239' title='bbox 1122 3871 1145 3890; x_wconf 80' lang='lat' dir='ltr'>et</span> <span class='ocrx_word' id='word_1_2240' title='bbox 1157 3863 1254 3890; x_wconf 83' lang='lat' dir='ltr'>Persae.</span> <span class='ocrx_word' id='word_1_2241' title='bbox 1289 3862 1343 3890; x_wconf 84' lang='lat' dir='ltr'>Ti·</span> <span class='ocrx_word' id='word_1_2242' title='bbox 1396 3865 1433 3892; x_wconf 85' lang='lat' dir='ltr'>rit</span> <span class='ocrx_word' id='word_1_2243' title='bbox 1447 3873 1572 3897; x_wconf 88' lang='lat' dir='ltr'>omnem,</span> <span class='ocrx_word' id='word_1_2244' title='bbox 1589 3867 1607 3890; x_wconf 89' lang='lat' dir='ltr'>i.</span> <span class='ocrx_word' id='word_1_2245' title='bbox 1621 3870 1701 3890; x_wconf 81' lang='lat' dir='ltr'>omnes</span> <span class='ocrx_word' id='word_1_2246' title='bbox 1712 3859 1845 3887; x_wconf 84' lang='lat' dir='ltr'>Barbaros.</span> <span class='ocrx_word' id='word_1_2247' title='bbox 1880 3859 1954 3895; x_wconf 82' lang='lat' dir='ltr'>Conf.</span> <span class='ocrx_word' id='word_1_2248' title='bbox 1968 3860 2026 3887; x_wconf 85' lang='lat' dir='ltr'>Val.</span> <span class='ocrx_word' id='word_1_2249' title='bbox 2041 3861 2113 3895; x_wconf 58' lang='lat' dir='ltr'>Mag.</span> <span class='ocrx_word' id='word_1_2250' title='bbox 2127 3870 2157 3895; x_wconf 83' lang='lat'>5,</span> <span class='ocrx_word' id='word_1_2251' title='bbox 2170 3869 2184 3896; x_wconf 92' lang='lat'>5</span> <span class='ocrx_word' id='word_1_2252' title='bbox 2185 3881 2200 3896; x_wconf 77' lang='lat'>,</span> <span class='ocrx_word' id='word_1_2253' title='bbox 2214 3869 2236 3894; x_wconf 85' lang='grc'>3.</span> <span class='ocrx_word' id='word_1_2254' title='bbox 2271 3861 2292 3888; x_wconf 90' lang='lat' dir='ltr'>F</span> <span class='ocrx_word' id='word_1_2255' title='bbox 2333 3863 2336 3866; x_wconf 80' lang='grc'>’</span> 
     </span>
     <span class='ocr_line' id='line_1_148' title="bbox 303 3893 2275 3936; baseline 0.002 -15"><span class='ocrx_word' id='word_1_2256' title='bbox 303 3893 349 3921; x_wconf 83' lang='lat' dir='ltr'>bia</span> <span class='ocrx_word' id='word_1_2257' title='bbox 367 3894 478 3922; x_wconf 79' lang='lat' dir='ltr'>barbara</span> <span class='ocrx_word' id='word_1_2258' title='bbox 496 3897 593 3924; x_wconf 83' lang='lat' dir='ltr'>Catull.</span> <span class='ocrx_word' id='word_1_2259' title='bbox 607 3900 647 3931; x_wconf 82' lang='lat'>65,</span> <span class='ocrx_word' id='word_1_2260' title='bbox 659 3900 720 3933; x_wconf 82' lang='lat'>264.</span> <span class='ocrx_word' id='word_1_2261' title='bbox 739 3900 756 3924; x_wconf 81' lang='lat' dir='ltr'>i.</span> <span class='ocrx_word' id='word_1_2262' title='bbox 772 3897 895 3934; x_wconf 69' lang='lat' dir='ltr'>Phrygia.</span> <span class='ocrx_word' id='word_1_2263' title='bbox 931 3899 1004 3936; x_wconf 80' lang='lat' dir='ltr'>Conf.</span> <span class='ocrx_word' id='word_1_2264' title='bbox 1019 3898 1113 3934; x_wconf 66' lang='lat' dir='ltr'>Mcurs.</span> <span class='ocrx_word' id='word_1_2265' title='bbox 1129 3898 1164 3926; x_wconf 83' lang='lat' dir='ltr'>ad</span> <span class='ocrx_word' id='word_1_2266' title='bbox 1175 3898 1299 3934; x_wconf 77' lang='lat' dir='ltr'>Lycophr.</span> <span class='ocrx_word' id='word_1_2267' title='bbox 1314 3905 1343 3933; x_wconf 84' lang='lat' dir='ltr'>p.</span> <span class='ocrx_word' id='word_1_2268' title='bbox 1396 3908 1439 3926; x_wconf 71' lang='lat'>202</span> <span class='ocrx_word' id='word_1_2269' title='bbox 1477 3900 1571 3927; x_wconf 82' lang='lat' dir='ltr'>Claud.</span> <span class='ocrx_word' id='word_1_2270' title='bbox 1586 3899 1616 3926; x_wconf 86' lang='lat' dir='ltr'>in</span> <span class='ocrx_word' id='word_1_2271' title='bbox 1629 3895 1698 3924; x_wconf 77' lang='lat' dir='ltr'>Ruff.</span> <span class='ocrx_word' id='word_1_2272' title='bbox 1710 3904 1736 3927; x_wconf 84' lang='lat'>2,</span> <span class='ocrx_word' id='word_1_2273' title='bbox 1759 3899 1800 3930; x_wconf 81' lang='lat'>78·</span> <span class='ocrx_word' id='word_1_2274' title='bbox 1836 3901 1860 3921; x_wconf 80' lang='lat' dir='ltr'>et</span> <span class='ocrx_word' id='word_1_2275' title='bbox 1874 3894 1972 3922; x_wconf 82' lang='lat' dir='ltr'>Lucan.</span> <span class='ocrx_word' id='word_1_2276' title='bbox 1988 3901 2018 3929; x_wconf 83' lang='lat'>8,</span> <span class='ocrx_word' id='word_1_2277' title='bbox 2039 3902 2091 3927; x_wconf 83' lang='lat'>812.</span> <span class='ocrx_word' id='word_1_2278' title='bbox 2139 3897 2200 3924; x_wconf 81' lang='lat' dir='ltr'>rust.</span> <span class='ocrx_word' id='word_1_2279' title='bbox 2212 3905 2240 3930; x_wconf 91' lang='lat'>9,</span> <span class='ocrx_word' id='word_1_2280' title='bbox 2251 3902 2275 3929; x_wconf 85' lang='grc' dir='ltr'>ς,</span> 
     </span>
     <span class='ocr_line' id='line_1_149' title="bbox 303 3930 2393 3972; baseline 0.001 -15"><span class='ocrx_word' id='word_1_2281' title='bbox 303 3939 354 3965; x_wconf 68' lang='lat'>¹4³-</span> <span class='ocrx_word' id='word_1_2282' title='bbox 390 3931 463 3958; x_wconf 70' lang='lat' dir='ltr'>Curt.</span> <span class='ocrx_word' id='word_1_2283' title='bbox 477 3939 506 3964; x_wconf 81' lang='lat'>3,</span> <span class='ocrx_word' id='word_1_2284' title='bbox 520 3937 560 3965; x_wconf 73' lang='lat' dir='ltr'>ii,</span> <span class='ocrx_word' id='word_1_2285' title='bbox 574 3935 610 3961; x_wconf 87' lang='lat'>16.</span> <span class='ocrx_word' id='word_1_2286' title='bbox 637 3940 661 3967; x_wconf 88' lang='lat'>5,</span> <span class='ocrx_word' id='word_1_2287' title='bbox 678 3942 716 3967; x_wconf 86' lang='lat'>10,</span> <span class='ocrx_word' id='word_1_2288' title='bbox 729 3941 753 3961; x_wconf 81' lang='lat'>2.</span> <span class='ocrx_word' id='word_1_2289' title='bbox 774 3940 798 3960; x_wconf 76' lang='lat' dir='ltr'>ct</span> <span class='ocrx_word' id='word_1_2290' title='bbox 811 3933 885 3970; x_wconf 68' lang='lat' dir='ltr'>stupe</span> <span class='ocrx_word' id='word_1_2291' title='bbox 904 3935 970 3962; x_wconf 79' lang='lat' dir='ltr'>alias</span> <span class='ocrx_word' id='word_1_2292' title='bbox 989 3934 1018 3962; x_wconf 71' lang='lat' dir='ltr'>de</span> <span class='ocrx_word' id='word_1_2293' title='bbox 1031 3935 1126 3971; x_wconf 67' lang='lat' dir='ltr'>Persis,</span> <span class='ocrx_word' id='word_1_2294' title='bbox 1148 3936 1240 3962; x_wconf 76' lang='lat' dir='ltr'>Graeco</span> <span class='ocrx_word' id='word_1_2295' title='bbox 1260 3941 1391 3972; x_wconf 70' lang='lat' dir='ltr'>›iempeio5</span> <span class='ocrx_word' id='word_1_2296' title='bbox 1429 3938 1727 3964; x_wconf 66' lang='lat' dir='ltr'>BARBARHMVS,</span> <span class='ocrx_word' id='word_1_2297' title='bbox 1744 3930 1763 3958; x_wconf 84' lang='lat' dir='ltr'>i.</span> <span class='ocrx_word' id='word_1_2298' title='bbox 1783 3939 1820 3958; x_wconf 87' lang='lat' dir='ltr'>m.</span> <span class='ocrx_word' id='word_1_2299' title='bbox 1850 3931 1867 3966; x_wconf 85' lang='lat'>·[</span> <span class='ocrx_word' id='word_1_2300' title='bbox 1873 3931 2065 3968; x_wconf 65' lang='grc' dir='ltr'>βαρβαρισμὸς]</span> <span class='ocrx_word' id='word_1_2301' title='bbox 2079 3949 2082 3952; x_wconf 59' lang='lat'><strong>&gt;</strong></span> <span class='ocrx_word' id='word_1_2302' title='bbox 2099 3934 2138 3960; x_wconf 76' lang='lat' dir='ltr'>De</span> <span class='ocrx_word' id='word_1_2303' title='bbox 2155 3933 2202 3960; x_wconf 83' lang='lat' dir='ltr'>boc</span> <span class='ocrx_word' id='word_1_2304' title='bbox 2211 3939 2243 3969; x_wconf 72' lang='lat' dir='ltr'>p</span> <span class='ocrx_word' id='word_1_2305' title='bbox 2271 3944 2288 3952; x_wconf 56' lang='grc' dir='ltr'><em>Ι</em></span> <span class='ocrx_word' id='word_1_2306' title='bbox 2391 3940 2393 3947; x_wconf 33' lang='grc'><strong>1</strong></span> 
     </span>
    </p>
   </div>
   <div class='ocr_carea' id='block_1_17' title="bbox 2458 3926 2468 3952">
    <p class='ocr_par' dir='ltr' id='par_1_18' title="bbox 2458 3926 2468 3952">
     <span class='ocr_line' id='line_1_150' title="bbox 2458 3926 2468 3952; baseline 0 230"><span class='ocrx_word' id='word_1_2307' title='bbox 2458 3926 2468 3952; x_wconf 95' lang='lat' dir='ltr'> </span> 
     </span>
    </p>
   </div>
   <div class='ocr_carea' id='block_1_18' title="bbox 2398 4092 2469 4182">
    <p class='ocr_par' dir='ltr' id='par_1_19' title="bbox 2398 4092 2469 4182">
     <span class='ocr_line' id='line_1_151' title="bbox 2398 4092 2469 4182; baseline 0 0"><span class='ocrx_word' id='word_1_2308' title='bbox 2398 4092 2469 4182; x_wconf 95' lang='lat' dir='ltr'> </span> 
     </span>
    </p>
   </div>
  </div>
 </body>
</html>
