2474 4182
282 162 352 208 783
686 152 720 192 C
798 152 836 191 A
913 148 944 188 S

284 247 336 271 Aut
364 244 460 272 Istrum
485 245 590 271 seruare
623 243 688 270 latus
703 261 712 273 ‚
748 238 940 274 metuendaque
966 244 1058 274 portae
1098 236 1206 265 Limina
1225 232 1329 268 Caspia-

282 289 459 344 ‘aetiASPIA
469 324 491 343 N
501 324 509 342 ι
519 336 527 348 ,
546 323 632 341 orum.
651 322 686 339 m.
707 312 742 346 pl.
779 311 868 346 Populi
880 309 915 337 ad
926 309 1038 346 Caspium
1050 318 1124 335 mare.
1159 309 1233 334 Curt.
1250 313 1276 337 4,
1293 312 1330 335 12,

282 362 299 385 9
320 351 458 379 Phradates
472 360 567 385 magno
581 349 772 383 Caspianorum
785 347 890 382 agmine
902 345 1080 373 antecedebat.
1150 341 1219 370 Add.
1235 339 1299 368 Mel.
1309 347 1330 371 i,

282 397 305 415 2.
340 395 364 414 ee
383 389 426 414 Ne
447 409 451 413 .
469 397 476 413 1
521 392 532 416 8
562 394 585 411 2.

317 430 334 451 C
344 431 364 451 A
378 431 390 451 S
399 432 411 451 S
420 397 557 450 ,EN-31³³&
567 439 576 452 ,
596 428 635 445 ae.
671 418 691 445 f.
729 414 907 453 [Kxaadvdfoe‚
927 413 1099 450 Ἀλεξάνδρα]
1138 414 1204 441 Filia
1223 412 1329 441 Priami,

281 468 335 486 non
359 468 473 493 vnquam
494 456 595 482 credita
614 453 749 486 Teucris,
768 461 798 480 vt
820 455 858 480 ait
877 453 952 487 Virg.
968 453 1031 478 Aen.
1046 460 1072 483 2,
1086 458 1136 485 247
1162 447 1329 484 vbijabulam

280 495 349 522 illius
362 498 399 521 ita
412 499 514 519 enarrat
525 492 631 518 Seruius
640 511 647 523 ,
670 490 767 525 Apollo
801 504 848 510 —-
884 489 962 523 petiit
975 497 989 514 a
1003 486 1139 514 Cass'audra
1158 485 1214 511 eius
1235 490 1325 508 concu-

281 531 351 557 bitus
366 529 478 563 copiam.
549 527 598 553 Illa
622 526 670 553 hac
692 525 845 552 conditione
867 524 1003 559 promitit,
1023 523 1040 548 fi
1065 521 1112 547 libi
1132 520 1165 546 ab
1178 528 1211 546 eo
1225 519 1329 545 futuro-

280 576 339 594 rum
354 565 460 591 scientia
472 563 646 598 praestaretur
659 573 665 588 :
700 571 781 597 quam
795 570 855 587 cum
869 560 966 594 Apollo
979 557 1126 588 tribuisset,
1146 555 1196 588 (ab
1210 555 1256 581 illa
1268 562 1328 588 pro-

282 602 367 627 misl'us
381 599 466 626 coitus
480 599 621 633 denegatus
636 597 680 624 est.
753 597 802 624 Sed
824 596 921 631 Apollo
941 593 1096 621 dissimulata
1116 591 1256 627 paullisper
1270 591 1327 620 ira)

281 636 357 671 petiit
370 635 402 662 ab
415 644 462 668 ea,
479 641 508 661 vt
521 635 569 661 fibi
584 634 704 661 osculum
717 633 808 659 saltem
817 632 957 667 praestaret
966 650 973 663 ,
995 629 1066 664 quod
1079 638 1139 656 cuni
1157 628 1203 654 illa
1219 626 1327 656 feciss'et,

280 672 377 707 Apollo
399 681 428 698 os
449 671 505 697 eius
525 671 639 704 inspuit,
665 676 690 696 et
709 670 772 704 quia
798 670 901 702 eripere
922 668 979 693 Deo
993 665 1073 692 semel
1087 664 1220 692 tributum
1235 669 1330 689 munus

279 716 334 734 non
348 706 541 739 conueniebat,
561 706 663 738 effecit,
684 712 712 731 vt
726 705 772 731 illa
785 705 893 740 quidem
906 711 968 728 vcra
982 701 1188 732 vaticinaretur,
1210 698 1252 725 sed
1267 696 1330 722 fides

279 752 334 770 non
348 743 499 770 haberetur.
536 741 624 768 Eadem
638 741 737 775 Hygin.
751 741 770 768 f.
785 749 825 774 93.

278 786 341 806 tune
355 785 426 806 vates
438 777 576 806 Cassandra
588 784 710 804 moueret
725 778 733 802 3
805 775 878 802 Idem
892 773 959 801 ibid.
973 783 987 800 2
996 793 1003 804 ,
1015 782 1066 806 403
1093 772 1157 798 Ecce
1177 768 1332 797 trahebatur

298 814 352 841 assis
385 814 516 841 Priameia
547 814 626 848 virgo
664 812 791 839 Crinibus
817 820 831 838 a
851 810 951 844 templo
969 808 1116 836 Cassandra.
1189 806 1220 831 Et
1241 812 1267 835 2,
1281 802 1333 835 246

290 851 365 878 runc
383 851 463 877 etiam
485 849 548 876 fatis
569 849 655 885 aperit
680 847 818 875 Call'andra
829 847 929 874 futuris
964 846 1036 876 Ora,
1054 843 1104 869 Dei
1118 841 1200 872 iussu,
1217 847 1272 865 non
1284 847 1332 864 vn-

279 896 358 922 quam
374 886 474 914 eredita
487 886 614 912 Teucris.
691 884 739 910 Vbi
753 884 824 910 Seru.
840 883 889 909 Dei
906 881 987 912 iuss'u,
1023 879 1048 905 h.
1069 887 1088 903 e.
1109 878 1242 911 Praecepto
1255 875 1333 909 Apol-

279 924 358 950 linis.-
393 925 437 958 qui
450 922 496 958 spe
510 920 624 958 promiffi
645 923 743 952 coitus,
762 917 868 952 concqffiz
886 917 1038 953 diuinitate,
1048 909 1210 949 frustratus,
1225 909 1333 948 Jicstulit
1346 917 1381 936 20
1400 910 1457 935 sum
1478 918 1572 943 corpus
1586 909 1694 936 Lucret·
1706 917 1734 941 3,
1756 910 1808 941 561.

271 957 350 995 fidem
358 967 417 984 vera
430 958 537 989 dicenti,
556 967 586 984 ac
597 955 684 983 deinde
695 957 791 991 reliqua
803 975 812 987 ,
828 962 890 990 quae
896 952 976 988 supra
984 952 1121 985 posuimus.

314 1001 331 1021 C
339 1001 361 1021 A
371 1000 383 1020 S
393 1001 406 1021 s
415 1001 425 1021 1
433 1001 449 1021 c
459 992 480 1020 ὕ
489 1000 505 1019 ι.
514 1000 535 1020 ν
544 1000 572 1025 s,
594 993 611 1019 i.
634 1001 669 1019 ni.
691 991 790 1018 Dimin.
816 988 938 1023 [ἄρκυσιν]
972 995 987 1011 a
1000 983 1063 1012 Caffi
1073 1004 1081 1015 ‚
1098 991 1147 1019 pro
1161 984 1229 1009 Reti.
1264 981 1330 1009 Hie-

278 1037 406 1062 ronymus
420 1029 480 1056 adu.
496 1028 583 1056 Rufin.
599 1037 621 1061 3,
636 1030 652 1053 6
680 1028 855 1061 Nequaquam
874 1030 1030 1048 aranearum
1049 1019 1118 1046 mihi
1131 1027 1250 1055 opponas
1264 1016 1332 1044 calfi-

277 1066 360 1092 eulos.
430 1065 499 1093 Add.
514 1065 615 1092 Saresb.
630 1064 676 1096 Ep.
699 1064 753 1095 176.
826 1060 930 1085 Dicitur
951 1063 975 1083 et

315 1107 592 1133 CASS1CVLVM‚
615 1100 632 1125 i.
651 1108 677 1124 n.
715 1095 780 1123 Fest.
800 1092 974 1126 Cafficulum,
992 1090 1160 1122 Reticulum,
1180 1099 1195 1117 a
1216 1088 1332 1117 Canibus
1346 1098 1379 1124 ις
1396 1091 1489 1114 matica
1508 1088 1625 1114 cochleae.

279 1146 327 1172 per
339 1137 548 1164 diminutionem
564 1134 673 1162 dicium.

314 1172 501 1205 CAssl'DA,
519 1181 557 1198 ac.
594 1171 613 1196 f.
651 1168 757 1202 [κόρυς]
795 1166 870 1193 Galea
897 1164 923 1201 s.
957 1163 1043 1190 Callis.
1080 1163 1199 1197 Propert.
1220 1170 1243 1193 3,
1260 1169 1292 1192 ιι,
1308 1167 1334 1192 ι5

279 1209 366 1236 Aurea
391 1209 434 1235 cui
458 1208 596 1242 postquam
624 1203 736 1230 nudauit
757 1201 848 1229 caffida
868 1201 996 1228 frontem.
1067 1199 1144 1233 Virg.
1159 1199 1267 1228 Aen.11,
1282 1203 1333 1230 775

278 1246 381 1271 Aureus
403 1252 433 1270 ex
457 1242 574 1268 humeris
600 1241 673 1266 sonat
696 1248 770 1265 arcus
791 1244 816 1264 et
840 1245 920 1264 aurea
943 1236 997 1262 vati
1034 1234 1141 1262 Caffida.
1176 1231 1333 1267 caffidapro

277 1280 356 1307 Cassis
372 1291 377 1305 :
414 1287 473 1305 nam
493 1277 680 1304 Accusatiuum
700 1275 776 1310 ponit
796 1283 845 1308 pro
860 1271 1049 1300 Nominatiuo.
1068 1270 1185 1298 Seruius.
1220 1269 1277 1294 Hoc
1291 1265 1333 1301 ‘sta
1348 1279 1380 1303 30
1401 1267 1471 1294 diras
1488 1277 1553 1293 nunc
1570 1266 1656 1302 fallit,
1674 1276 1766 1293 vanum
1783 1276 1869 1293 nomen
1887 1265 1928 1299 est.

277 1325 307 1343 ex
318 1314 467 1350 Accusalmo
482 1315 574 1340 Graeco
582 1314 656 1348 jacit
673 1313 865 1338 Nominanuum
879 1310 1007 1335 Latinum.

313 1358 330 1378 C
339 1358 360 1377 A
370 1357 382 1376 S
393 1358 405 1376 s
415 1358 424 1377 ι
433 1357 452 1377 D
462 1357 484 1376 A
493 1356 512 1376 R
522 1357 531 1375 1
543 1356 562 1375 V
572 1356 584 1375 s
593 1368 601 1380 ,
639 1348 656 1374 i.
694 1357 729 1373 ni.
780 1345 886 1372 Videtur
905 1342 991 1370 diHus
999 1363 1008 1376 ,
1032 1344 1075 1378 qui
1090 1343 1117 1367 in
1137 1340 1333 1366 armamentario

277 1385 397 1421 Caffidum
417 1395 501 1413 curam
519 1385 631 1410 habebat.
679 1382 798 1416 Inscript.
814 1382 936 1408 Romae:
973 1380 1013 1413 Q
1039 1376 1235 1405 NAEVIVS.
1260 1374 1333 1402 MA-

277 1421 416 1449 Rist.
452 1420 589 1448 MILES.
625 1419 684 1446 Ex.
722 1414 1101 1445 ARMAMENTARIO.
1137 1412 1213 1438 lMP.
1242 1410 1332 1437 CAE-

275 1458 409 1484 SARIS.
446 1455 718 1483 DOMITIANI.

276 1493 446 1520 DARiVS.
483 1492 616 1519 VixlT.
653 1490 757 1517 ANN.
792 1488 913 1518 XXXX.

276 1531 341 1556 Am.
349 1527 447 1566 seH.7
475 1537 500 1562 p.
514 1536 575 1560 254.

313 1561 540 1596 cassinus,
564 1562 594 1588 is.
626 1570 652 1588 n.
690 1560 750 1588 Nifi
763 1559 920 1586 mendosum
934 1557 987 1591 est,
1007 1556 1096 1592 posuit
1111 1554 1270 1586 Hieronym.
1284 1561 1335 1589 pro

278 1600 371 1628 Perula
386 1599 429 1626 vel
443 1599 524 1633 bulga
545 1597 656 1624 Tobiae
671 1602 693 1627 8.

991 1485 1052 1514 Vid.
1073 1486 1146 1521 Spon.
1166 1484 1210 1510 Mi
1222 1492 1243 1508 c.
1257 1480 1333 1508 Erud.

314 1641 568 1666 CASSIEPEIA,
602 1642 647 1664 ae,
684 1628 899 1662 cassiope,
931 1638 974 1662 cs,
1003 1626 1058 1662 fine
1090 1625 1835 1667 CASS1OPEA‚40inane111‚·qiiaflcassainnucem.

276 1680 316 1699 ae.
354 1672 374 1698 f.
411 1670 603 1704 [Konmt'n-noe,
624 1668 776 1701 Koecm'my]
831 1666 920 1701 Cephei
944 1666 1013 1700 regis
1032 1663 1181 1698 Aethiopum
1203 1670 1285 1691 vxor,
1311 1666 1335 1686 et

276 1707 446 1735 Andromeda
465 1712 558 1736 mater,
577 1713 637 1740 quae
649 1713 702 1729 cum
718 1701 869 1728 Nereidibus
889 1701 918 1727 de
931 1699 1123 1736 pulchritudine
1135 1700 1253 1724 certauit.
1291 1697 1335 1722 In-

1016 1735 1073 1761 Cic.
1094 1734 1126 1760 de
1141 1734 1238 1760 Natur.
1253 1732 1333 1757 Deor.

276 1750 316 1770 etr
328 1742 414 1776 sidera
433 1744 483 1768 iam
503 1738 554 1773 ast,
580 1749 606 1765 υ.
619 1748 645 1775 g.
667 1737 798 1765 Columel.
813 1745 844 1767 ιι,
861 1745 887 1768 2,
902 1741 943 1770 78,
1044 1767 1086 1803 Est
1138 1777 1147 1795 l
1221 1767 1244 1794 <d
1294 1770 1334 1792 im

1104 1779 1136 1796 au
1150 1779 1185 1795 em
1217 1778 1224 1794 ι
1244 1777 1273 1793 us

278 1787 301 1811 2,
318 1786 351 1804 ιιι
373 1787 394 1804 c.
410 1785 443 1811 43
467 1775 587 1803 Obscura
602 1774 686 1809 specie
702 1773 835 1799 stellarum
849 1771 988 1805 Cassiepea.

270 1814 430 1851 figuratum,
449 1818 479 1838 vt
495 1815 522 1837 in
533 1811 596 1847 filla
603 1810 699 1846 sedeat.
756 1807 857 1842 Hygin.
869 1807 941 1833 Po'e't.
956 1805 1060 1832 Astron.
1080 1814 1111 1837 2,
1130 1814 1159 1832 ιο

276 1851 353 1886 (agit
372 1849 414 1876 ln'c
427 1847 581 1875 Munckerus
596 1847 624 1872 de
638 1844 736 1881 diuersa
745 1842 876 1880 scribendi
894 1840 1013 1875 ratione)
1034 1841 1074 1866 De
1089 1840 1136 1866 hac
1149 1839 1288 1874 Euripides
1309 1844 1336 1864 et

277 1884 437 1920 Sophocles,
456 1890 482 1910 et
500 1883 548 1909 alii
569 1882 717 1916 complures
733 1883 876 1912 dixerunt,
896 1883 924 1904 vt
945 1876 1059 1911 gloriata
1072 1875 1118 1907 sit,
1136 1876 1161 1900 se
1179 1876 1268 1901 forma
1281 1874 1335 1900 Ne-

278 1920 365 1949 reidas
379 1919 508 1955 praestare
523 1930 529 1945 :
560 1927 610 1953 pro
625 1926 680 1953 quo
694 1915 766 1943 faeio
781 1916 851 1942 inter
864 1913 948 1940 sidera
962 1911 1052 1938 sedens
1067 1911 1094 1937 in
1108 1909 1256 1944 liliquastro
1273 1917 1335 1936 con-

279 1956 369 1984 stituta
389 1955 425 1983 est
441 1966 448 1983 ε
502 1964 551 1982 uae
570 1960 679 1990 propter
698 1952 864 1987 impietatem
878 1954 998 1976 vertente
1018 1948 1043 1974 se
1063 1946 1164 1973 mundo
1182 1944 1335 1979 resupinato

280 1993 365 2028 capite
377 1991 445 2019 ferri
457 1991 485 2017 vi
505 1997 573 2017 etur.
1224 2015 1228 2017 7

279 2030 369 2064 optimi
388 2030 475 2064 quique
490 2028 580 2052 Graeci
600 2031 623 2052 et
636 2026 725 2050 Latini
737 2023 798 2048 libri
811 2022 909 2048 habent.
963 2021 1052 2046 Forma
1066 2017 1182 2053 Cassiope
1200 2016 1234 2050 cst
1249 2014 1333 2043 Ouid.

280 2064 345 2092 Met.
358 2072 388 2096 4,
402 2070 452 2097 737
472 2061 588 2096 Calliope
601 2058 777 2094 Cepheusque
793 2061 883 2092 pater,
902 2054 1085 2082 Andromedae.

316 2105 472 2130 CASSIS,
497 2096 529 2123 is.
566 2105 602 2122 m.
639 2093 757 2128 [ἄρκυς]
800 2093 875 2124 Rae,
895 2090 960 2126 quod
976 2088 1069 2122 caffizs,
1095 2091 1114 2114 i.
1133 2096 1226 2114 vacuas
1246 2086 1335 2113 habeat

279 2135 397 2162 maculas.
453 2134 558 2168 Proprie
575 2137 626 2158 rete
643 2138 729 2156 cauum
749 2126 830 2161 instar
837 2127 925 2163 sacci,
944 2129 971 2152 in
985 2124 1050 2161 quod
1062 2121 1169 2160 ingrtstiz
1189 2119 1264 2154 bestia
1285 2124 1335 2146 exi-

280 2177 334 2197 tum
350 2179 399 2196 non
414 2171 537 2195 inueniat.

281 2206 388 2238 callem,
407 2205 455 2239 qui
469 2204 583 2230 nascitur
597 2210 644 2229 ore
679 2201 727 2228 Per
741 2201 815 2226 senos
828 2200 928 2225 circum
942 2204 1025 2231 vsque
1037 2194 1105 2221 (inus
1119 2192 1269 2228 laqueabis,
1288 2197 1334 2216 etc.

280 2241 362 2269 Ouid.
378 2239 410 2267 de
423 2241 487 2266 Arte
500 2240 558 2266 Am.
573 2247 599 2270 2,
613 2247 626 2264 2
654 2236 760 2263 Decidit
774 2236 803 2262 in
815 2234 888 2262 casses
902 2232 998 2269 praeda
1014 2231 1095 2266 petita
1110 2237 1193 2257 mem.
1265 2225 1332 2266 quin.

281 2286 320 2310 19,
333 2285 343 2303 i
371 2277 505 2303 Cumanae
524 2274 615 2308 plagae
632 2271 776 2299 concidunt
796 2279 888 2305 apros,
909 2275 934 2295 et
954 2268 983 2294 hi
1002 2268 1093 2298 casses,
1110 2265 1154 2292 vel
1167 2263 1234 2291 ferri
1248 2270 1333 2290 aciem

281 2313 400 2340 vincimt.
473 2310 541 2337 Laxi
556 2310 631 2335 cass‘es
644 2307 740 2341 Virgil.
754 2307 850 2340 Gcorg.
871 2314 899 2338 4,
921 2311 974 2338 247
999 2303 1029 2329 de
1043 2310 1144 2329 aranea.
1187 2299 1245 2326 Vid.
1260 2299 1334 2325 Non.

282 2358 304 2381 1,
320 2355 365 2382 2¹7
389 2355 457 2383 quem
471 2345 600 2372 laudamus
615 2346 642 2369 in
657 2349 674 2371 c
684 2350 705 2369 A
716 2349 727 2367 s
738 2349 750 2369 s
759 2349 778 2368 v
789 2349 812 2368 s.

283 2383 398 2411 Cassibus
418 2381 547 2416 impositis
560 2388 662 2411 venor,
683 2377 726 2405 sed
745 2375 875 2404 arundine
894 2376 979 2401 sumta
1014 2374 1119 2399 Faunus
1138 2371 1259 2406 plumoso
1278 2369 1335 2395 sum

283 2420 346 2446 deus
360 2418 482 2452 aucupio.
555 2415 637 2443 Ouid.
644 2415 708 2441 Met.
723 2422 747 2447 5,
759 2421 809 2448 579
831 2412 888 2438 Nec
902 2410 990 2445 posuit
1002 2407 1141 2435 studiosius
1154 2406 1237 2433 altera
1251 2405 1336 2431 cass‘es.

283 2454 411 2482 Tendere
424 2454 498 2480 <aises
511 2451 621 2480 Tibull.
632 2460 650 2482 i,
658 2452 684 2483 6,
698 2458 720 2483 5.
777 2447 875 2475 Venire
888 2447 919 2473 ad
934 2446 1009 2473 casses
1024 2444 1097 2471 Idem
1110 2452 1140 2476 4,
1153 2451 1177 2476 3,
1191 2449 1229 2477 17.
1264 2441 1337 2475 Aper

284 2491 348 2518 caffe
360 2489 467 2517 vinetus
479 2489 538 2515 Seu.
550 2489 641 2523 Agam.
655 2496 681 2513 v.
698 2491 748 2516 εει.
783 2483 857 2519 Conf.
870 2483 945 2517 Virg.
959 2482 1057 2515 Georg.
1070 2488 1094 2512 3,
1107 2486 1161 2514 371.

321 2532 469 2558 CASSis,
489 2524 550 2551 i'dis.
586 2524 607 2550 f.
645 2521 745 2559 [κόμῃ
764 2520 880 2556 κόρυθος,
899 2517 1041 2553 κνρζασιά]

285 2561 366 2596 casta,
384 2564 402 2588 i.
415 2570 495 2588 vacua
505 2559 544 2594 fit
560 2559 594 2587 ad
612 2565 689 2594 caput
702 2555 876 2592 recipiendum.
932 2553 1001 2581 Caes
1019 2551 1084 2579 Bell.
1099 2550 1166 2577 Gall.
1181 2557 1209 2584 7,
1224 2556 1257 2582 45
1279 2548 1339 2587 Μυ-

287 2598 425 2632 lionesque
440 2606 500 2623 cum
517 2595 669 2627 cassidibus,
691 2593 814 2628 equitum
827 2591 912 2626 specie
928 2599 956 2616 ae
969 2588 1137 2616 fimulatione
1156 2584 1270 2612 collibus
1287 2592 1339 2609 eir-

284 2633 412 2660 cuniuehi
427 2632 509 2658 iubet.
563 2631 680 2658 Martial.
695 2638 722 2663 9,
736 2637 767 2664 57
788 2628 854 2655 Non
867 2626 971 2659 iaculo,
988 2634 1043 2651 non
1057 2624 1116 2650 cnse
1130 2622 1200 2655 fuit,
1221 2621 1339 2647 laesusue

287 2669 396 2704 sagitta,
432 2666 530 2694 Cass'ide
548 2666 611 2693 dum
624 2666 694 2692 liber
710 2663 925 2698 Parthenopaeus
933 2667 997 2688 erat.
1025 2664 1043 2687 i.
1059 2659 1123 2686 nudo
1136 2660 1227 2694 capite.
1275 2655 1339 2690 Api-

285 2714 345 2732 ccm
359 2710 452 2731 toruae
472 2701 569 2729 callidis
588 2701 666 2728 habet
680 2700 823 2732 Gradiuus,
847 2702 865 2726 i.
880 2700 977 2726 Martis
993 2700 1074 2733 imago
1088 2693 1121 2724 el?
1135 2697 1162 2720 in
1175 2691 1264 2729 caffide
1277 2691 1338 2718 Stat.
1349 2699 1386 2727 70

565 2736 657 2763 Ahena
677 2735 750 2762 Idem
770 2734 862 2762 Theb.
877 2737 904 2766 6,
917 2742 974 2767 390.
1030 2734 1062 2759 Et
1075 2729 1169 2758 Theb.
1183 2732 1210 2762 6,
1225 2736 1273 2763 917
1294 2728 1339 2754 At-

287 2785 340 2812 que
354 2774 446 2803 ambos
459 2778 550 2802 aurata
562 2771 650 2799 callide
663 2771 751 2798 donat.
824 2770 929 2798 Caelata
941 2771 1033 2796 quen.
1047 2768 1098 2794 Sat.
1114 2775 1147 2798 ιι,
1166 2774 1218 2798 ιο3.
1279 2764 1340 2790 Cri-

289 2813 353 2840 stata
370 2809 463 2847 pennis
486 2808 568 2836 Ouid.
588 2809 653 2836 Met.
674 2812 704 2840 8,
727 2814 765 2840 25.
839 2805 931 2833 Frae'ta
948 2805 980 2831 de
1002 2803 1092 2831 caffide
1111 2801 1225 2829 buccula
1245 2799 1341 2835 pendet

288 2850 381 2876 quen.
395 2847 447 2874 Sat.
462 2855 500 2878 ιο,
514 2853 566 2878 134.
621 2843 758 2871 Fulmineo
767 2842 858 2869 Claud.
868 2840 900 2868 de
908 2840 1054 2868 tert-Cous.
1064 2840 1137 2866 Hon.
1145 2846 1202 2871 194.
1257 2835 1342 2862 Fulua

289 2884 358 2912 cass'is
378 2882 460 2910 Ouid.
473 2882 538 2908 Met.
553 2888 591 2912 12,
605 2885 645 2912 89.
716 2877 869 2912 Languida,
893 2876 948 2904 vid.
970 2884 986 2902 L
996 2881 1078 2902 ANG
1089 2880 1174 2900 von.

289 2922 388 2956 Aperta
405 2917 546 2945 Claudian.
567 2916 598 2942 dc
617 2914 682 2943 Bell.
703 2913 775 2940 Gild.
797 2921 841 2946 24.
927 2912 1020 2939 Minax
1040 2912 1102 2938 Stat.
1123 2907 1216 2936 Theb.
1232 2917 1266 2942 4,
1286 2915 1341 2939 205.

290 2955 372 2984 Ouid.
388 2953 476 2982 Trist.
493 2962 513 2986 ι,
529 2961 567 2984 ιο,
582 2960 595 2978 2
623 2952 646 2978 A
657 2949 728 2986 pidia
748 2947 837 2976 casside
856 2956 954 2975 nomen
972 2947 1052 2974 habet
1070 2947 1159 2977 nauis,
1196 2953 1227 2970 ua
1241 2943 1340 2970 veheba-

928 2983 1026 3010 Torua
1045 2983 1107 3009 Stat.
1118 2980 1182 3008 The
1204 2999 1210 3006 .
1227 2984 1256 3011 8,
1276 2986 1340 3014 707.

946 3018 1043 3045 Claudi
1061 3017 1151 3044 caslide
1171 3017 1233 3043 Stat.
1246 3014 1340 3042 Theb.

287 2739 381 2768 Theb.
396 2744 420 2771 8,
434 2743 492 2773 708.

290 2999 342 3019 eur.
413 2989 522 3017 Plebeia
541 2986 609 3014 cassis
635 2987 734 3014 Lucan.
748 2993 781 3021 7,
800 2985 856 3017 586.

291 3026 397 3054 Abdere
410 3031 488 3061 caput
506 3023 596 3050 callide
616 3022 698 3050 Ouid.
712 3022 776 3048 Met.
791 3026 813 3052 8,
833 3027 873 3053 25.

292 3073 320 3097 4,
334 3071 392 3096 302..
464 3061 572 3088 Sumere
586 3058 702 3086 camdem
716 3057 745 3084 in
758 3062 835 3092 caput
852 3055 934 3082 Plaut.
945 3054 1028 3081 Trin.
1043 3061 1065 3086 3,
1078 3062 1103 3086 2,
1116 3061 1172 3079 100.

329 3105 345 3126 c
355 3106 376 3125 Α
386 3105 399 3125 s
408 3104 421 3124 s
431 3098 445 3124 ι’
453 3104 475 3124 Τ
487 3103 526 3128 Α,
551 3103 590 3122 ac.
627 3094 648 3121 f.
685 3090 851 3129 [κορύδαλος]
887 3093 968 3122 Auis,
988 3098 1047 3130 quae
1063 3095 1086 3115 et
1099 3087 1219 3115 Galerita
1230 3093 1253 3113 et
1261 3086 1340 3113 Alau-

294 3133 327 3160 da
340 3133 434 3160 dicitur
448 3132 516 3159 Plin.
537 3140 577 3163 ii,
597 3137 629 3166 37
660 3130 694 3157 At
714 3138 782 3165 quae
799 3128 833 3155 ab
852 3127 900 3154 illo
920 3126 1029 3162 galerita
1047 3124 1175 3159 appellata
1190 3122 1340 3157 quondam,

295 3169 382 3204 postea
392 3168 498 3195 Gallico
516 3165 648 3194 vocabulo
665 3165 747 3193 etiam
765 3163 866 3200 legioni
886 3170 984 3189 nomen
996 3159 1104 3188 dederat
1123 3158 1225 3185 alauda.
1263 3160 1340 3185 Docet

289 3205 410 3276 sPlinius,
428 3203 564 3239 galeritam
578 3202 609 3229 ab
619 3204 706 3238 apice,
724 3209 792 3237 quem
805 3201 874 3227 velut
887 3198 1004 3234 galerum
1017 3195 1089 3224 hahet
1102 3198 1129 3221 in
1141 3197 1222 3229 capite
1230 3214 1239 3227 ‚
1256 3204 1340 3221 nomen

307 3242 418 3266 articam.

295 3281 459 3310 nuncupatur.

297 3309 410 3338 Auicula
432 3309 467 3336 cst
491 3319 589 3344 parua,

295 3345 417 3384 getibus,
435 3351 480 3370 etc.

333 3378 634 3413 cassircxfnes,
652 3389 706 3407 um.
740 3379 760 3407 f.

296 3425 340 3445 tur
352 3419 431 3444 maris
442 3416 585 3447 Atlantici,
603 3415 632 3442 de
647 3416 735 3451 quibus
754 3414 820 3442 Plin.
842 3423 871 3449 4,

515 3276 552 3302 De
565 3273 663 3305 castita,
682 3270 715 3306 est
733 3273 850 3308 apologus
861 3268 1036 3307 sestiuiffimus
1055 3266 1121 3308 apud
1138 3266 1254 3293 Gellium
1269 3274 1294 3299 2,
1308 3275 1342 3298 29

628 3317 727 3336 nomen
746 3307 782 3335 est
801 3306 904 3334 cassita:
934 3304 1036 3332 habitat
1054 3302 1243 3337 nidulaturque
1263 3302 1291 3328 in
1306 3302 1342 3328 se-

299 3490 373 3517 litate
391 3485 504 3523 plumbi.
559 3487 614 3512 Has
626 3487 783 3522 ignotas-fibi
796 3489 846 3514 iam
859 3483 946 3522 faffics
963 3481 996 3517 est
1011 3481 1151 3510 Herodotus
1166 3490 1190 3512 3,
1210 3490 1255 3514 ¹¹5·
1311 3482 1343 3508 Et

292 3525 367 3562 sorte
380 3532 498 3559 nusquam
503 3521 570 3583 isunt
591 3522 668 3553 aliae,
689 3531 759 3557 quam
774 3523 830 3549 illae
842 3524 868 3557 ip
882 3530 908 3547 ae
922 3522 1049 3557 regiones,
1068 3516 1134 3544 vnde
1147 3515 1217 3543 hodie
1223 3514 1343 3549 stannum

298 3560 505 3596 otplumbumpm
519 3566 559 3583 ur.
601 3556 659 3583 Vid.
669 3556 856 3593 quaestatimda
872 3560 970 3584 imusex
979 3556 1062 3582 Plinio
1074 3557 1322 3580 incASSI'ri-JRON.

275 3630 278 3634 .
334 3602 351 3623 c
360 3603 382 3623 A
391 3601 406 3621 S
417 3601 430 3622 s
440 3602 449 3621 1
458 3599 480 3620 T
490 3591 507 3620 ἔ
515 3599 535 3620 R
543 3598 564 3620 O
573 3598 595 3618 N
604 3612 612 3625 ,
636 3592 655 3618 i.
691 3601 717 3618 n.
754 3592 928 3629 [ιασσῖτερος]
970 3589 1109 3618 plumbum
1128 3587 1227 3615 album.

301 3638 343 3663 34,
357 3633 385 3657 ι6
409 3630 427 3656 s.
500 3626 604 3655 Plumbi
623 3627 677 3654 duo
692 3636 802 3662 genera,
819 3629 927 3663 nigrum
947 3633 973 3654 at
992 3634 1025 3653 ue
1042 3623 1191 3653 candidum.

301 3665 422 3692 fiffimum
486 3663 592 3695 didum,
606 3672 620 3690 a
633 3663 741 3689 Graecis
754 3663 912 3698 adpellatum
926 3664 948 3691 C
983 3669 1084 3694 iteron,
1098 3659 1270 3693 fabuloseque
1284 3668 1343 3685 nai·-

302 3707 389 3727 ratum
406 3701 433 3727 in
448 3700 544 3727 insulas
557 3698 685 3726 Atlantici
704 3698 784 3725 maris
796 3699 866 3732 peti,
885 3699 1061 3733 vitilibusque
1082 3695 1212 3730 nauigiis,
1232 3694 1342 3721 circum.

303 3736 366 3762 sutis
378 3737 467 3769 corio,
487 3734 595 3762 aduehi.
649 3733 728 3761 Nune
743 3740 845 3760 certum
863 3734 899 3760 est
912 3735 940 3761 in
954 3733 1085 3761 Lufitania
1099 3731 1190 3767 gigni,
1209 3737 1254 3757 etc.
1292 3731 1343 3757 Ha-

1244 3623 1342 3650 Pretio-

303 3771 362 3798 buit
374 3771 559 3798 auctoritatem
571 3769 661 3798 album
674 3768 813 3805 plumbum
826 3775 852 3795 et
860 3769 946 3796 Iliacis
959 3768 1133 3805 temporibus,
1145 3766 1207 3794 teste
1214 3766 1344 3800 Ηοιιιςτο,
1353 3776 1401 3795 ιοο
1410 3767 1580 3802 expositione.
1617 3766 1682 3793 Non
1695 3765 1766 3791 enim
1782 3765 1811 3790 in
1825 3762 1939 3790 castanea
1951 3759 2037 3787 fertili
2048 3759 2209 3787 infoecunda
2227 3757 2321 3794 fagus-¹

303 3805 447 3834 eaffiteron
463 3807 496 3833 ab
509 3806 557 3833 illo
572 3805 681 3833 dmum.

340 3849 386 3869 eli
397 3848 519 3874 881vs‚
550 3843 639 3868 Gentis
651 3842 774 3868 Romanae
792 3848 894 3872 nomen,
911 3848 922 3865 e
951 3849 982 3867 ua
1000 3840 1041 3867 bic
1058 3837 1226 3867 memorandus
1240 3835 1296 3869 ille,
1315 3835 1344 3863 de

304 3886 349 3914 quo
363 3877 420 3903 Cic.
435 3885 483 3910 pro
495 3877 570 3903 Rosc.
584 3878 675 3904 Amer.
688 3881 722 3908 84
740 3884 762 3903 c.
778 3884 810 3908 30
835 3875 864 3901 L.
877 3876 914 3902 Ca
944 3884 972 3902 us
988 3875 1048 3907 ille,
1068 3883 1149 3911 quem
1168 3871 1280 3908 populus
1292 3871 1345 3898 Ro-

304 3921 373 3940 man.
387 3910 544 3938 vei-inimum
557 3918 583 3939 ct
597 3910 809 3947 sapientissimum
822 3910 937 3937 iudicem
950 3911 1071 3946 putabat,
1088 3908 1234 3938 identidem
1247 3907 1275 3934 in
1286 3915 1346 3934 cau-
2375 3912 2388 3930 ἡ

305 3948 336 3977 fis
349 3955 476 3984 quaerere
489 3946 605 3980 solebat,
624 3948 679 3975 Cui
695 3945 771 3975 bono
785 3945 891 3973 fuisset!
926 3959 971 3967 --
1005 3946 1114 3975 ‘ramea
1130 3945 1209 3974 facile
1221 3952 1264 3971 me
1275 3949 1345 3979 patc·
1355 3952 1400 3979 ¹05
1411 3946 1493 3972 Multo
1505 3943 1652 3972 commodius
1661 3938 1788 3979 μεστά,
1807 3937 1944 3966 calinsa:
1957 3937 2046 3972 fagus,
2062 3937 2127 3974 quod
2135 3933 2333 3974 iamplmbaeS
2343 3946 2371 3964 μ
2384 3944 2387 3954 ⁴
2416 3941 2419 3945 ¹

797 3379 834 3414 pl.
870 3373 1067 3412 [κασσιτέριδες]
1104 3372 1202 3409 Ιιξίῐιὶαι·
1215 3372 1344 3400 credeban-

890 3421 923 3440 22
949 3412 968 3439 s.
982 3414 1013 3445 36
1040 3412 1076 3438 Ex
1097 3409 1208 3436 aduerso
1218 3429 1226 3442 ‚
1243 3412 1342 3445 inquit,
1351 3418 1390 3444 90
1408 3411 1513 3442 Nuces,
1533 3409 1692 3445 generaliter
1704 3407 1828 3434 dicuntur
1840 3405 1938 3432 Omnia
1951 3405 2019 3432 tec'Ia
2032 3405 2109 3432 corio
2121 3404 2246 3432 duriore:
2263 3410 2292 3430 vt
2299 3403 2338 3430 Au
2352 3411 2359 3435 ¹,
2370 3405 2380 3438 s,
2416 3397 2434 3438 ζ’

297 3452 460 3481 Celtiberiae
478 3450 626 3486 complures
641 3452 698 3478 sunt
711 3451 810 3478 insulae
823 3447 986 3478 Caffiterides
1005 3446 1091 3474 dietae
1104 3444 1227 3477 Graecis,
1243 3453 1258 3471 a
1269 3445 1344 3471 serti-

1356 375 1370 401 ⁵

1347 558 1377 576 ιο
1396 551 1444 580 Sed
1460 550 1570 578 Caffiani
1586 550 1764 577 iurisconsulti
1786 549 1868 584 disti,
1889 556 1932 588 qui
1949 552 2023 588 Caffii
2036 553 2146 589 Longini
2161 551 2217 591 ICti
2228 551 2321 588 cham
2339 541 2435 587 instita-l
2451 543 2456 558 ³

895 738 970 773 Virg.
985 738 1049 764 Aen.
1063 745 1086 769 3,
1105 741 1150 770 187
1178 736 1231 760 Aut
1250 740 1332 766 quem
1350 737 1376 763 ις
1399 733 1465 756 omni
1479 739 1505 756 re
1519 738 1615 756 careus.

757 1455 809 1480 AV
818 1454 850 1479 G.
888 1453 912 1478 G
921 1452 1009 1479 ERM
1018 1451 1040 1477 A
1048 1447 1144 1477 N1C1
1152 1467 1159 1474 .
1196 1447 1217 1473 C
1226 1447 1248 1472 A
1256 1446 1271 1472 S
1280 1446 1294 1472 S
1304 1447 1314 1471 Ι
1323 1460 1333 1465 -
1352 1455 1381 1482 35
1403 1447 1536 1483 quidquam
1549 1454 1572 1473 et
1579 1445 1686 1482 frustra
1698 1447 1822 1483 consumto
1837 1447 1899 1474 dolo.

1213 1803 1332 1837 affiepeia
1348 1809 1382 1836 45
1401 1812 1533 1839 opemque
1547 1803 1591 1830 dei
1604 1811 1658 1829 non
1671 1804 1733 1829 cass‘a
1747 1802 1776 1829 in
1788 1809 1852 1828 vota
1862 1805 1981 1831 vocauit.

632 1988 764 2023 Caffiepeia
773 1994 821 2022 per
827 1985 961 2023 secundam
981 1984 1088 2010 vocalem
1103 1985 1130 2008 in
1144 1984 1222 2008 tertia
1235 1979 1336 2017 jyllltba
1352 1986 1384 2013 50
1405 1982 1568 2015 cassumque,
1588 1988 1616 2006 ac
1631 1980 1715 2006 satum
1727 1987 1782 2005 non
1794 1978 1874 2005 nasci.

596 2166 655 2193 Vid.
676 2166 738 2192 Viit.
760 2163 794 2190 ad
812 2164 886 2190 Grat.
900 2163 967 2194 Cyn.
980 2165 1011 2190 28
1035 2160 1117 2186 Tunc
1137 2158 1222 2192 ipsum
1242 2155 1333 2182 medio
1354 2161 1383 2188 55
1402 2159 1554 2185 chartarum
1573 2158 1618 2184 fila
1636 2158 1669 2184 ad
1688 2158 1812 2192 fell-apii,

881 2341 1000 2373 Propert.
1015 2348 1043 2371 4,
1057 2346 1079 2368 2,
1094 2345 1121 2369 33
1141 2335 1171 2361 de
1189 2335 1335 2365 Vt‘rsslmsso,
1345 2333 1380 2358 60
1401 2335 1531 2367 Obiecta,
1545 2333 1562 2360 li
1579 2343 1633 2360 non
1646 2333 1862 2367 improbabiliter
1875 2332 2064 2359 cass'aucrimus.
2102 2334 2172 2359 Hinc

1078 2517 1164 2547 Galea,
1178 2511 1259 2545 difla,
1273 2510 1339 2547 quod
1354 2514 1386 2545 65

1234 2873 1341 2902 Laxata,
1356 2880 1388 2908 73
1409 2873 1500 2900 Saucia
1509 2872 1599 2899 Fontis
1616 2870 1722 2905 lympha
1735 2868 1842 2896 Castalii
1856 2869 1934 2896 stetit.

1355 3058 1388 3084 80
1407 3053 1470 3080 Stat.
1493 3051 1556 3078 Silu.
1582 3059 1612 3084 5,
1639 3059 1668 3084 5,
1693 3058 1709 3077 2
1738 3048 1863 3081 Vocales,
1897 3054 2003 3084 propter
2032 3047 2163 3084 Musarum
2199 3048 2253 3075 illic
2288 3047 2353 3075 ha·

489 3237 697 3275 (Quemadmodum
709 3239 790 3274 igitur
803 3246 818 3263 a
831 3235 921 3270 galero
936 3233 1055 3269 galerita,
1060 3230 1100 3265 stc
1113 3241 1128 3257 a
1143 3230 1230 3256 callide
1250 3230 1341 3261 castita,
1360 3239 1389 3267 85

1275 3588 1342 3614 Plin.
1359 3597 1392 3623 95
1406 3593 1532 3624 'interpres
1546 3586 1674 3616 Nicandri
1686 3584 1853 3620 castanearum
1867 3584 1986 3621 quoddam
1999 3592 2075 3621 genus
2086 3582 2220 3625 '‘⁴⁰2⁷“fm0'7’
2237 3581 2267 3609 id
2275 3554 2320 3645 212

1796 141 1829 181 C
1898 142 1939 183 Α
2002 114 2047 182 S·
2348 157 2435 202 784,

1395 239 1457 263 rer,
1478 231 1521 257 vel
1533 230 1590 265 ipso
1602 231 1733 259 acerrimo
1751 230 1838 257 iudice
1853 235 2015 265 quaerente,
2032 231 2075 257 vel
2093 233 2160 266 apud
2172 233 2299 260 Caffianos
2317 235 2410 265 iudices
2433 241 2436 256 ·

1396 274 1511 306 quorum
1531 275 1598 292 nunc
1616 268 1696 294 etiam
1710 268 1759 299 iis,
1783 266 1878 301 quibus
1892 267 1967 292 causa
1979 265 2088 293 dicenda
2106 269 2157 301 est,
2177 278 2274 296 nomeu
2288 270 2370 305 ipsum
2387 257 2435 303 re¹i

1391 301 1559 366 {gi‘inidanss
1580 311 1628 336 pro
1645 303 1712 330 Sext.
1728 303 1824 329 Roscio
1837 303 1933 328 dicere.
1996 303 2064 328 Hinc
2081 303 2162 330 Cassia
2179 305 2240 338 via,
2263 305 2292 331 cle
2309 308 2362 342 qua
2373 292 2435 337 cici*
2450 321 2474 347 7

1431 346 1459 363 ι.
1480 345 1522 369 ι2,
1542 344 1580 368 23.
2430 349 2432 352 ¹
2455 331 2457 336 ἲ

1432 380 1449 400 C
1459 380 1478 400 A
1489 380 1502 399 S
1511 380 1524 399 S
1534 380 1543 398 1
1553 379 1604 411 AN
1612 379 1632 398 V
1642 380 1666 404 S,
1674 382 1759 405 a,um.
1781 373 1842 400 Adi.
1881 371 2049 407 [itamaros]
2085 373 2128 399 Aa
2134 373 2241 400 Caffium
2255 376 2322 402 illum
2333 377 2435 407 iudicem:
2452 387 2474 410 η

1396 409 1518 449 refertur.
1541 443 1546 448 7
1574 407 1630 434 Cic.
1645 417 1693 448 pro
1707 410 1802 436 Milon.
1815 418 1845 442 32,
1866 410 1956 444 Itaque
1970 408 2036 435 illud
2050 408 2209 442 Cassianum,
2227 411 2277 436 Cui
2295 411 2363 439 bono
2374 409 2434 442 fue-v
2456 431 2465 438 e

1396 452 1432 472 rit
1445 445 1454 470 3
1479 453 1508 470 in
1520 443 1561 469 his
1576 444 1693 483 personis
1707 445 1808 478 valeat,
1829 451 1855 471 et
1868 445 1885 472 li
1901 445 1965 472 boni
1984 444 2059 470 nullo
2074 445 2253 471 emolumento
2268 446 2435 481 impelluntur*
2448 455 2450 458 '

1396 482 1425 522 in
1438 479 1569 521 fraudem,
1584 478 1702 513 improbi
1716 480 1790 515 saepe
1804 490 1895 514 paruo.
1946 481 2018 507 Idem
2033 481 2062 506 in
2070 481 2146 506 Verr.
2160 488 2182 512 2,
2197 488 2239 514 ι37
2262 481 2325 509 Non
2337 487 2434 519 quaero?
2467 503 2469 511 .

1397 516 1498 543 iudices
1506 514 1645 547 Cassianos,
1653 521 1769 541 veterem
1778 516 1941 544 iudiciorum
1954 517 2121 543 seueritatem
2133 524 2188 541 nou
2201 517 2318 550 requiro.
2377 514 2381 515 ⁷
2415 515 2434 549 ιι
2465 516 2467 523 ⁴

1395 586 1727 657 gorggngppgjiinquiussfiant,
1747 586 1775 613 de
1791 587 1879 623 quibus
1892 588 1964 621 vide,
1985 598 2046 625 quae
2061 589 2223 622 Pomponius
2234 587 2325 623 scribit
2342 591 2369 616 in
2385 590 2401 618 l.
2413 587 2444 644 2?ss
2461 585 2472 596 “

1432 666 1570 690 CAsso,
1590 662 1651 690 are,
1685 656 1740 683 vid.
1789 663 1921 684 vasso.
2406 665 2410 673 ¹
2437 659 2455 684 '.

1434 700 1553 721 CASSV
1564 701 1576 720 S
1587 714 1594 726 ,
1614 702 1644 727 a,
1667 700 1721 719 um.
1740 728 1745 733 7
1759 692 1819 719 Adi.
1855 691 1979 728 [φρέὃος]
2013 696 2117 721 Dicitur
2133 697 2221 724 inane,
2241 686 2355 726 vacuum,
2371 696 2438 733 9042·
2465 680 2474 734 J

1452 766 1456 770 7
1671 728 1779 769 Nonius
1796 737 1820 761 ι,
1834 737 1880 763 217
1904 729 2006 756 Caffum
2020 737 2122 757 veteres
2136 729 2216 756 Inane
2229 729 2386 764 posuer-unu
2440 730 2451 743 '¹

1399 765 1583 805 arbitrandum
1602 764 1638 791 est
1658 773 1715 791 eius
1729 764 1807 791 verbi
1822 765 2012 799 proprietatem
2031 766 2114 800 magis
2130 774 2145 792 a
2158 764 2272 792 Canibus
2291 741 2439 804 araneauffl
2462 764 2471 768 “

1400 800 1514 833 dietam,
1533 800 1605 842 quod
1624 800 1672 827 sint
1691 800 1762 826 leues
1780 809 1809 826 ac
1822 800 1922 827 nullius
1937 801 2077 835 ponderis:
2105 810 2176 834 non,
2192 807 2221 826 vt
2234 793 2427 836 quibusdaiuffli
2441 820 2443 822 -

1399 837 1492 870 detur,
1507 840 1578 871 quali
1594 837 1728 870 Qmffurn.
1801 835 1916 863 Aethere
1929 837 1984 863 cassi
1998 837 2093 871 Virgil.
2104 838 2170 863 Aen.
2183 845 2216 869 ιι,
2230 844 2287 870 104.
2314 839 2332 863 i.
2358 852 2373 860 m
2393 834 2404 841 ”

1399 876 1443 909 qui
1456 880 1542 900 carent
1556 873 1602 899 hac
1614 875 1665 899 luce
1678 879 1702 898 et
1715 871 1820 898 aethere.
1862 872 1920 899 Via.
1933 882 1988 900 mox
2000 873 2115 899 Lumine
2128 872 2215 899 cassus.
2287 867 2395 901 Anima}
2411 882 2422 897 a
2443 877 2445 881 “

1880 909 1974 942 Augur
1991 909 2054 935 cassa
2072 909 2174 940 futuri,
2218 909 2236 934 i.
2260 894 2424 938 Mendas'!
2456 904 2469 922 ⁶

1400 944 1492 972 Theb.
1507 954 1540 978 9,
1560 946 1614 970 106.
1687 945 1768 970 Plaut.
1783 943 1873 970 Aulul.
1886 952 1918 977 2,
1938 953 1970 976 2,
1985 953 2016 978 14
2039 944 2179 979 Virginem
2201 942 2287 970 habeo
2305 948 2375 978 gra
2442 942 2444 951 ’

1400 980 1463 1008 dote
1477 981 1586 1013 cass'am,
1602 985 1681 1015 atque
1695 978 1868 1006 illocabilem.
1940 980 2038 1015 Virgil.
2052 981 2118 1007 Aen.
2131 989 2155 1011 2,
2169 984 2198 1012 85
2233 993 2278 999 -—
2312 988 2346 1006 nu
2394 994 2396 998 ·

1400 1017 1456 1044 sum
1476 1016 1578 1044 lumine
1593 1016 1698 1056 lugent,
1718 1023 1747 1042 vt
1762 1015 1877 1042 Aethere
1890 1016 1976 1042 cassim
2031 1015 2079 1043 Sed
2091 1016 2206 1042 Lumine
2220 1015 2298 1041 cass'us
2311 1016 2354 1042 a'e'r
2372 1014 2379 1037 F

1398 1061 1427 1086 4,
1441 1054 1499 1085 369.
1571 1052 1667 1079 Cic-,de
1676 1052 1768 1078 Diuin.
1783 1060 1795 1077 2
1815 1061 1835 1078 c.
1850 1054 1886 1086 64
1907 1051 2037 1086 Sanguine
2056 1052 2119 1077 cassa
2138 1054 2166 1078 in
2182 1050 2345 1087 discriptione
2366 1069 2368 1072 ψ

1703 1088 1782 1114 Sensu
1804 1088 1867 1114 cassa
1887 1087 2023 1114 simulacra
2060 1088 2164 1114 Lucret.
2183 1096 2218 1120 4,
2239 1094 2294 1121 127.
2370 1106 2375 1109 .

1400 1124 1466 1151 Fast.
1480 1126 1506 1156 6,
1520 1126 1574 1157 406
1601 1123 1649 1150 Nil
1664 1130 1768 1158 praeter
1781 1123 1871 1150 salices
1884 1124 2001 1158 cassaque
2015 1132 2096 1150 canna
2108 1123 2170 1149 fuit.
2244 1121 2358 1150 Consilia
2374 1150 2377 1152 ,
2397 1122 2416 1146 Ῐῑ
2463 1126 2467 1130 ”

1394 1167 1444 1196 pro
1463 1161 1543 1200 Vanis
1562 1159 1619 1185 Sen.
1634 1159 1739 1186 Troad.
1755 1167 1813 1194 370.
1887 1160 1993 1186 Lucret.
2008 1170 2036 1193 4,
2048 1167 2094 1193 514
2119 1158 2168 1186 illa
2184 1157 2237 1185 tibi
2254 1157 2290 1184 est
2301 1166 2377 1189 ver

1400 1197 1486 1236 Copia
1497 1196 1568 1222 cassa.
1590 1198 1608 1222 i.
1616 1194 1721 1231 fristra
1734 1202 1772 1221 tot
1784 1195 1858 1222 verba
1871 1193 2021 1231 impendisti.
2092 1194 2173 1221 Ouid.
2184 1195 2251 1221 Met.
2264 1201 2292 1227 5,
2300 1198 2346 1227 481

1400 1231 1460 1258 litas
1472 1238 1558 1258 terrae
1572 1230 1656 1257 latum
1669 1231 1775 1266 vulgata
1789 1239 1835 1266 per
1847 1231 1940 1258 orbem
1951 1232 2023 1258 Cassa
2039 1230 2113 1257 iacet.
2149 1230 2275 1257 celebrata
2287 1230 2351 1257 alias
2374 1227 2389 1260 ζ’

2000 1266 2078 1294 Fides
2098 1267 2162 1293 cassa
2175 1265 2221 1293 Sil.
2233 1274 2257 1298 3,
2272 1272 2309 1300 17.
2387 1263 2392 1265 ⁴

2401 988 2436 1136 ψῑ-ψωι-

2405 1248 2423 1290 ᾴι·
2406 1150 2424 1241 affini

2412 1294 2422 1313 x

1401 1303 1453 1330 lide
1467 1304 1535 1336 sunt,
1545 1303 1592 1338 qui
1608 1302 1707 1337 iugiter
1722 1296 1895 1329 blandiuntur
1909 1302 2056 1336 Symmaeh.
2071 1302 2116 1337 Ep.
2133 1311 2154 1336 ι,
2166 1309 2207 1337 37.
2261 1299 2341 1329 Ouid.
2403 1294 2437 1324 Ἥ

1400 1338 1471 1367 med.
1486 1340 1578 1400 Aifior.
1593 1341 1649 1372 446
1669 1340 1794 1379 Cassaque
1810 1338 1917 1380 setheio
1935 1338 2025 1380 stipite
2040 1339 2147 1365 flamma
2160 1337 2238 1373 perit.
2309 1326 2441 1389 laur-05⁴2*

1400 1375 2025 1439 {ziefflssg3322?ssentffsszdssssssdgssssnssffi
2047 1372 2353 1444 ”¹5253mf...aeL3{;²-2÷‚
2375 1426 2381 1438 ‚

1427 1486 1430 1489 7
1972 1447 2052 1474 Glans
2065 1445 2147 1473 Plaut.
2161 1445 2230 1472 Rud.
2246 1452 2270 1478 5,
2281 1453 2308 1478 2.,
2319 1451 2360 1480 37.
2379 1460 2386 1474 ,;
2419 1454 2425 1467 »⁴

1402 1484 1487 1525 njh'ili.
1559 1483 1602 1509 Ira
1623 1483 1711 1510 Valer.
1725 1484 1825 1517 Argon.
1840 1485 1871 1516 6,
1891 1483 1945 1516 556.
2019 1481 2153 1515 Labores,
2175 1478 2278 1516 Frustra
2287 1478 2395 1517 fimum>
2411 1490 2414 1503 ι
2434 1499 2438 1518 7

1401 1518 1481 1560 l3p1st.
1495 1524 1518 1550 8,
1533 1527 1573 1551 23,
1586 1520 1611 1545 6.
1681 1518 1743 1545 Stat.
1757 1518 1848 1545 Theb.
1861 1527 1888 1552 9,
1903 1520 1956 1551 629
1993 1518 2141 1553 Nunquam
2154 1517 2218 1544 cafl'a
2229 1524 2336 1549 manus,
2379 1495 2431 1539 ffll

1401 1557 1455 1581 hnc
1475 1555 1584 1581 vulnere
1604 1554 1674 1588 fugit
1710 1554 1813 1581 Missile.
1871 1557 1890 1581 i.
1927 1556 2061 1591 Nunquam
2078 1554 2207 1581 aberrant.
2280 1552 2342 1579 Nox
2360 1544 2431 1585 vai-¹

1686 1591 1768 1617 Plaut.
1782 1590 1871 1617 Pseud.
1886 1599 1907 1623 1,
1921 1599 1944 1623 3,
1961 1593 2005 1622 136
2030 1590 2076 1617 Te
2088 1596 2236 1617 amatorem
2251 1583 2418 1626 inuentmss'oe
2435 1582 2439 1621 Ι

1907 1627 2002 1653 Horat.
2015 1626 2096 1653 Serm.
2110 1634 2138 1659 2,
2153 1633 2176 1658 5,
2189 1627 2222 1657 36
2240 1624 2342 1660 Eripiet
2364 1637 2369 1647 ·
2393 1622 2399 1630 ¹
2434 1641 2438 1655 .

1402 1663 1494 1690 oculos
1514 1663 1592 1689 citius
1611 1661 1697 1694 inihi,
1717 1671 1797 1697 quam
1817 1668 1844 1689 te
1864 1662 2037 1689 Contemtutn
2057 1662 2120 1688 cassa
2137 1669 2204 1688 nuce
2225 1648 2430 1753 pauperem&

1401 1591 1502 1625 Argon.
1515 1600 1544 1624 4,
1559 1599 1614 1624 4²3·

1394 1700 1515 1734 parajiti.
1588 1698 1676 1738 Omen
1692 1698 1754 1725 Stat.
1763 1697 1857 1725 Theb.
1872 1705 1895 1730 5,
1906 1703 1955 1731 318.
2027 1697 2156 1725 Praelidia
2170 1697 2228 1724 Sen.
2241 1697 2270 1724 in
2281 1696 2359 1725 Tro*
2408 1707 2412 1715 ·
2436 1697 2438 1719 ἓ

1401 1737 1420 1760 i.
1446 1735 1519 1760 Vana
1538 1739 1572 1773 et.
1591 1742 1690 1759 inania.
1762 1734 1815 1760 Via
1834 1734 1913 1766 cassa,
1956 1736 1976 1761 i.
2001 1731 2107 1771 frustra
2125 1736 2192 1760 inita
2230 1733 2292 1760 Stat.
2307 1732 2353 1760 T·
2362 1721 2396 1752 Ὗ)
2422 1726 2437 1752 ¹¹¹3

1402 1777 1467 1803 449.
1539 1769 1632 1795 Virtus
1652 1768 1726 1794 Idem
1740 1768 1835 1795 Theb.
1855 1776 1885 1801 5,
1903 1778 1954 1802 5ι2.
2025 1768 2123 1805 virgil.
2134 1770 2200 1795 Aen.
2217 1777 2261 1802 12,
2279 1773 2330 1803 780
2367 1772 2375 1790 θ
2391 1758 2438 1791 ν““’

1457 1840 1461 1845 7
1480 1840 1484 1844 .
1586 1839 1593 1845 .
1647 1838 1652 1843 .
1794 1837 1799 1842 7
2032 1805 2099 1832 Νοιι
2110 1804 2144 1832 ad
2157 1804 2247 1831 inania
2260 1810 2322 1831 vota
2334 1802 2421 1839 120pr
2436 1806 2438 1811 '

1401 1840 1543 1867 auxilium.
1579 1841 1695 1865 Seruius.
1768 1838 1825 1864 Cic.
1841 1836 1926 1864 Tusc.
1943 1846 1966 1870 5,
1981 1847 2010 1871 ι9
2037 1841 2140 1873 Omne,
2160 1840 2233 1875 quod
2247 1839 2384 1867 honestum
2398 1837 2439 1865 m*

1403 1882 1430 1902 et
1449 1874 1581 1901 laudabile
1598 1875 1647 1901 esl'e
1663 1873 1791 1906 dicimus,
1809 1872 1838 1900 id
1855 1872 1898 1900 illi
1911 1874 2006 1900 caffiim
2020 1875 2161 1908 quiddam,
2180 1882 2206 1902 et
2217 1875 2291 1903 inani
2302 1874 2440 1907 vocis'l'on

1404 1911 1558 1936 decoratum
1572 1910 1619 1936 ess'e
1634 1909 1730 1935 dicant.
1803 1908 1869 1934 Plin.
1887 1913 1924 1940 18,
1938 1916 1967 1943 17
1993 1909 2012 1936 s.
2031 1917 2065 1942 45
2097 1910 2272 1937 Retonsarum
2287 1920 2354 1939 vero
2370 1909 2424 1940 'etih
2442 1921 2443 1925 ¹

1405 1945 1485 1972 semel
1499 1946 1638 1979 (segetum)
1659 1944 1772 1970 omnino
1787 1949 1889 1970 certum
1901 1943 1954 1976 est,
1973 1953 2083 1980 granum
2097 1945 2203 1979 longius
2220 1945 2278 1974 fieri
2286 1965 2296 1979 ‚
2315 1946 2359 1973 sed
2373 1939 2422 1973 inai
2436 1950 2437 1955 ¹

1406 2018 1410 2022 7
1582 2016 1587 2020 .
2049 1978 2070 2018 fl
2091 1989 2104 2007 2
2140 1979 2308 2014 Substantiue,
2325 1981 2368 2008 Ne
2380 1971 2439 2007 tan

1404 2027 1432 2044 in
1451 2018 1545 2044 caffiuu
1561 2021 1647 2042 virtus
1668 2021 1709 2042 eat
1722 2014 1820 2041 Lucan.
1837 2023 1861 2048 2,
1873 2015 1921 2046 263
1951 2013 2062 2042 oudena.
2077 2015 2208 2043 incassum.
2244 2017 2313 2043 Cort.
2327 2022 2351 2043 et
2364 2017 2421 2044 Bur:

1404 2054 1432 2080 in
1447 2054 1542 2080 casum.
1600 2050 1732 2078 Columel.
1743 2060 1771 2084 4,
1785 2058 1808 2084 3,
1821 2049 1843 2083 3⁴
1855 2051 1886 2077 ln
1900 2049 1994 2076 caffuni
2009 2051 2104 2077 recidit
2117 2047 2203 2077 omnis
2216 2052 2340 2087 impensa.
2379 2052 2421 2078 ΤΞ

1403 2089 1472 2116 Hist.
1486 2098 1509 2122 3,
1526 2096 1552 2121 55
1571 2087 1648 2122 Apud
1665 2087 1793 2122 sapientes
1807 2086 1870 2113 cassa
1883 2084 2066 2118 habebantur,
2089 2095 2155 2120 quae
2173 2095 2260 2120 neque
2273 2087 2346 2119 dari,
2363 2095 2420 2120 neq·

1400 2125 1486 2158 accipi
1500 2125 1571 2150 salua
1584 2132 1639 2158 rep.
1652 2127 1783 2158 poterant.
1855 2121 1960 2148 Solinus
1975 2130 2030 2156 cap.
2045 2123 2076 2154 65
2101 2122 2154 2147 Aut
2165 2121 2299 2156 palearum
2311 2121 2389 2154 cassa,
2402 2129 2422 2150 a

1408 2196 1412 2200 .
1544 2194 1550 2196 -
1782 2193 1786 2196 7
1871 2159 1910 2183 De
1929 2157 2041 2191 lychnite
2059 2166 2170 2192 gemma,
2188 2159 2207 2183 i.
2221 2158 2300 2188 leuia,
2319 2164 2378 2192 quae
2414 2171 2417 2188 ¹.

1402 2196 1506 2256 iganiad,
1525 2193 1610 2228 Jolcnt
1636 2192 1719 2219 cadem
1746 2193 1791 2225 eJJe
1817 2193 1891 2219 leuia.
1955 2192 1998 2219 Sic
2020 2194 2084 2219 cassa
2104 2192 2272 2219 surculorum
2293 2198 2317 2218 et
2336 2191 2373 2218 εἰ
2416 2189 2417 2192 ’

1397 2232 1408 2256 i
1425 2238 1460 2256 em
1499 2231 1558 2254 ixit.

1437 2271 1454 2293 e
1465 2271 1506 2290 AS
1517 2270 1563 2291 SE.
1602 2261 1669 2289 Adu.
1706 2261 1820 2299 Frustra.
1856 2260 1916 2288 Liu.
1931 2269 1975 2294 24,
1989 2263 2024 2288 26
2044 2261 2115 2288 Casse
2127 2270 2160 2288 ne
2174 2266 2278 2297 tempus
2296 2268 2364 2290 tere.

1438 2305 1572 2331 CASSO,
1596 2302 1648 2324 ire.
1691 2298 1786 2331 Castum
1809 2296 1910 2324 reddere
1928 2304 2001 2332 atque
2019 2300 2131 2324 irritum.
2174 2297 2265 2325 Sidon.
2282 2298 2354 2333 tEpi
2372 2313 2374 2320 ι

1439 2376 1665 2402 CASSATVS,
1684 2378 1717 2402 a,
1734 2378 1788 2396 um.
1826 2372 1848 2395 i.

1402 2408 1493 2434 cassata
1505 2404 1614 2432 Cassiod.
1628 2414 1651 2438 5,
1666 2413 1704 2438 14.
2358 2431 2362 2435 7

1440 2448 1649 2473 casses-co,
1670 2443 1725 2467 ere.
1767 2440 1820 2472 Vt,
1840 2440 1984 2466 Caffescere
2004 2438 2033 2465 in
2051 2436 2176 2472 mullas,
2198 2438 2322 2472 Solinus;
2348 2449 2361 2467 e
2382 2439 2404 2468 -“;

1403 2477 1500 2506 icam-a
1518 2477 1621 2504 Salmas.
1636 2478 1663 2504 in
1677 2476 1788 2503 Exercit.
1807 2476 1826 2502 f.
1842 2483 1898 2510 177.
2380 2484 2388 2494 v·
2409 2475 2417 2487 “

1443 2521 1513 2545 CAS
1525 2519 1671 2552 ΤῚΑιιΑ,
1695 2521 1733 2539 ae.
1759 2512 1778 2538 f.
1816 2510 1970 2545 [Καςαλῐα]
2005 2511 2090 2546 Aqua,
2102 2509 2127 2547 JI
2137 2509 2202 2547 fons
2212 2511 2240 2537 i'n
2252 2509 2378 2537 radicibus

1405 2549 1483 2585 naffi,
1497 2548 1649 2583 ntzilissacer
1665 2557 1713 2574 non
1726 2551 1825 2580 minus,
1841 2556 1913 2582 quam
1927 2546 2081 2573 Caballinus
2097 2546 2142 2578 ille,
2151 2546 2226 2578 fons,
2236 2545 2424 2582 finippocren·

1407 2586 1504 2620 Virgil.
1519 2585 1618 2619 Gcorg.
1633 2592 1656 2617 3,
1672 2592 1717 2616 293
1743 2584 1819 2609 quat
1838 2584 1878 2610 ire
1896 2582 1981 2616 iugis,
1999 2591 2050 2617 qua
2069 2582 2141 2608 nulla
2156 2582 2274 2616 priorum
2390 2581 2423 2608 iai

1405 2622 1485 2649 molli
1500 2621 1648 2647 deuertitur
1661 2619 1750 2646 orbita
1763 2619 1843 2645 cliuo.
1914 2619 1972 2645 Sen.
1986 2618 2083 2653 Oedip.
2097 2616 2150 2653 276
2176 2616 2327 2646 Frondifera
2343 2615 2424 2644 tanae

1404 2666 1515 2685 nemora
1534 2656 1670 2683 Castaliae.
2272 2667 2282 2674 .
2351 2669 2357 2675 .

1443 2697 1686 2723 CAS‘sAmvs,
1705 2699 1737 2722 a,
1759 2699 1815 2716 um.
1856 2691 1904 2722 Vt,
1925 2690 2039 2717 Antrum
2054 2688 2198 2716 Castalium
2216 2687 2296 2716 Ouid.
2306 2688 2369 2715 Met.
2379 2693 2423 2720 3,i

1406 2733 1433 2757 in
1449 2730 1548 2757 Boeotia
1557 2749 1565 2761 ‚
1584 2731 1612 2754 in
1623 2736 1668 2763 quo
1682 2726 1802 2753 Phoebum
1817 2727 1972 2762 constituerat
1984 2725 2098 2752 Cadmus.
2159 2726 2236 2760 Aqua
2248 2722 2357 2752 Castalia
2373 2727 2385 2745 0
2410 2722 2417 2729 ⁸

1408 2767 1500 2793 Amor.
1517 2773 1537 2796 i,
1556 2772 1591 2804 [5,
1609 2766 1640 2796 36
1661 2770 1708 2798 pro
1716 2762 1846 2798 facultate
1860 2766 1969 2798 poetica.
2041 2760 2131 2788 Arbor
2144 2760 2272 2793 Castalia,
2291 2768 2348 2797 quae
2365 2755 2419 2793 fi*-

1407 2803 1541 2835 quralium
1549 2802 1649 2836 sontem
1670 2805 1693 2824 et
1706 2799 1846 2824 Heliconem
1864 2799 1982 2832 Propert.
1998 2805 2022 2829 3,
2038 2805 2063 2829 2,
2080 2805 2114 2829 13.
2186 2796 2302 2824 Max-‘iah
2313 2801 2337 2829 8,
2352 2810 2373 2818 ,.
2424 2791 2440 2812 ι’

1408 2839 1442 2864 tis
1455 2835 1593 2864 Castaliam
1610 2836 1717 2861 domum
1731 2840 1818 2864 vocat,
1838 2837 1865 2859 in
1879 2843 1928 2869 qua
1939 2831 2014 2867 mufis
2026 2832 2168 2869 hospitium.
2225 2832 2282 2860 Sen.
2293 2832 2317 2860 Ο
2337 2830 2357 2853 ·“
2366 2844 2380 2866 ξ,
2418 2839 2443 2882 ’7

1401 2910 1543 2946 scrscrzte‚=,
1553 2907 1674 2947 Castaliis
1692 2905 1754 2932 dum
1772 2905 1902 2931 Fontibus
1920 2913 1968 2932 ore
1981 2867 2275 2932 trisstiiiltc‹iri-liieliiis'bisai-8
2299 2867 2328 2894 ά
2342 2934 2349 2938 7
2377 2894 2382 2896 .
2434 2885 2440 2918 ὲ

1410 2954 1447 2978 12,
1460 2954 1472 2977 3
1495 2945 1563 2970 Fons
1577 2942 1616 2970 ibi
1629 2941 1755 2969 Castalius
1769 2941 1857 2967 vitreo
1871 2946 1989 2968 torrente
2002 2940 2134 2975 superbit,
2155 2947 2200 2967 etc.
2272 2937 2322 2967 Col
2404 2941 2419 2966 [³
2434 2930 2438 2977 ’ἶ

2340 2883 2381 2928 f.»
2398 2907 2404 2909 >

2170 2977 2271 3011 Gurges
2284 2975 2364 3003 Clau
2405 2982 2417 3002 κ’

2109 3011 2200 3039 Vndae
2211 3011 2314 3039 vocales
2330 3014 2369 3033 θ’
2414 3025 2420 3052 s

1890 2370 2045 2404 Abrogatur.
2078 2369 2126 2400 Vt,
2143 2368 2273 2395 Omnium
2287 2369 2369 2397 rede

1408 2984 1460 3015 267
1481 2981 1617 3014 Antraque
1631 2977 1750 3005 Castaliis
1764 2977 1866 3011 semper
1878 2977 1996 3003 rorantia
2008 2976 2098 3011 guttis.

1408 3015 1510 3043 Vmbra
1521 3014 1630 3042 Tibull.
1644 3023 1667 3047 3,
1681 3022 1700 3045 ι,
1714 3015 1742 3040 ι6
1765 3013 1795 3039 ab
1807 3014 1950 3049 ingentibus
1963 3014 2052 3039 lauris.

1399 3094 1533 3125 perpetuos
1554 3093 1652 3114 cantus.
2339 3102 2348 3114 .,
2416 3095 2419 3099 -

1444 3127 1711 3154 CASTALIDES,
1731 3129 1785 3147 um.
1821 3120 1841 3146 f.
1877 3119 1913 3154 pl.
1949 3119 2049 3146 Musae.
2085 3119 2202 3146 Martial.
2221 3126 2255 3154 7,
2273 3126 2297 3145 ii
2314 3144 2316 3146 ,
2340 3118 2367 3150 ιζ·
2415 3115 2421 3147 J
2437 3127 2439 3130 ¹

1408 3159 1529 3187 innocuis
1543 3158 1648 3191 vei-bis,
1669 3157 1719 3183 hoc
1738 3157 1799 3183 iuro
1817 3155 1931 3190 potentis
1967 3156 2015 3182 Per
2034 3155 2143 3190 genium
2162 3155 2263 3188 famae,
2413 3166 2414 3170 =
2434 3178 2436 3183 ,

1405 3205 1457 3232 que
1470 3203 1585 3230 gregem.
1620 3193 1695 3230 Conf.
1710 3203 1743 3226 4,
1756 3200 1795 3225 14.
2334 3214 2336 3218 ,
2351 3196 2361 3215 ·’.
2417 3206 2421 3219 a
2434 3188 2440 3228 {-

1444 3236 1655 3259 CASTANEA
1666 3250 1675 3262 ‚
1701 3237 1739 3255 ae.
1774 3227 1794 3253 f.
1831 3225 1975 3261 [nis-am]
2012 3226 2033 3253 E
2049 3227 2147 3253 Nucum
2163 3234 2266 3263 genere,
2284 3231 2308 3251 et
2341 3220 2374 3254 ’ἴ
2414 3223 2419 3250 .’
2433 3230 2439 3255 ,¹

1409 3266 1490 3299 bium,
1511 3276 1582 3302 quam
1595 3265 1714 3293 Arbomn
1725 3261 1865 3300 fignificat.
1918 3261 1983 3288 Plin.
1998 3269 2037 3297 17,
2052 3270 2087 3289 20
2111 3262 2236 3289 Castanea
2253 3258 2357 3297 (arbor)
2415 3259 2439 3300 ”7

1408 3303 1504 3330 mentis
1518 3302 1642 3329 omnibus
1656 3300 1803 3336 praefertur
1815 3297 1943 3324 facilitate
1957 3297 2097 3330 traQatus,
2114 3297 2275 3333 perdurandi
2294 3303 2338 3331 per
2350 3296 2371 3328 ’,

1409 3339 1456 3367 Sed
1469 3338 1565 3373 Virgil.
1581 3337 1634 3364 Ecl.
1649 3346 1674 3370 2,
1686 3344 1714 3369 52
1741 3335 1796 3369 Ipse
1809 3343 1858 3368 ego
1874 3342 1936 3360 cana
1950 3333 2034 3369 legam
2045 3340 2136 3360 tenera
2147 3333 2272 3367 lanugine
2283 3330 2351 3361 mah
2411 3329 2427 3359 ζ’·

1408 3375 1560 3409 staneasque
1579 3381 1666 3400 nuces.
1720 3371 1789 3398 Bene
1808 3370 1921 3404 speciem
1940 3370 2062 3397 addidit:
2087 3369 2176 3396 dicens
2189 3363 2359 3396 CastaneasJ.
2409 3367 2421 3370 ’“

1409 3446 1584 3480 Amygdalae,
1596 3443 1751 3480 iuglandes,
1763 3441 1910 3469 castaneae.
1947 3441 2011 3468 licut
2023 3447 2114 3468 contra
2127 3441 2250 3467 dicuntur
2260 3432 2352 3471 Pom'a;
2418 3443 2425 3475 ’7

1408 3482 1543 3509 molliora.
1580 3481 1708 3508 Seruius.-
1764 3478 1889 3506 Hirsutae
1907 3477 2005 3512 Virgil.
2020 3477 2073 3504 Ecl.
2087 3485 2114 3512 7,
2132 3485 2160 3510 53
2187 3475 2279 3502 Adhuc
2301 3473 2338 3501 int
2353 3482 2367 3493 ¹=
2383 3498 2389 3500 .
2408 3494 2419 3506 .,

1410 3518 1518 3544 echinos
1536 3517 1644 3544 locatae.
1680 3514 1794 3542 Seruius.
1865 3512 1962 3540 Molles
1980 3512 2052 3539 Idem
2066 3512 2119 3540 Ecl.
2138 3520 2166 3544 i,
2185 3516 2222 3541 82·
2249 3513 2267 3537 i.
2281 3518 2301 3536 e.
2403 3508 2420 3540 ,g

1408 3554 1525 3581 Seruius.
1563 3554 1621 3579 Non
1633 3550 1663 3578 ab
1675 3560 1702 3578 re
1715 3556 1795 3576 tamen
1802 3549 1990 3585 fiiri-it‚earum
2006 3555 2098 3575 cerrum
2115 3555 2192 3583 genus
2209 3545 2289 3573 intelli
2335 3544 2352 3565 -·’
2390 3543 2420 3586 77

1407 3626 1490 3661 pellet.
1525 3625 1567 3651 Sic
1586 3626 1649 3650 enim
1676 3622 1753 3648 cribit
1769 3621 1814 3647 τῶν
1829 3618 1854 3647 δὲ
1866 3619 1973 3646 καςοίνων
1992 3619 2021 3646 τὲ
2036 3620 2084 3653 μὲν
2096 3620 2223 3651 veteomor,
2241 3616 2270 3644 τδ

1407 3660 1437 3687 τὲ
1452 3658 1477 3687 δέ
1489 3658 1620 3693 μαλακδν,
1639 3669 1668 3684 το
1689 3654 1715 3683 δὲ
1731 3656 1874 3690 τιμωλικὸν.
1909 3653 2034 3683 Tumeb.
2104 3650 2177 3679 Idem
2192 3653 2288 3688 Georg.
2308 3659 2321 3679 2

1409 3696 1511 3723 steriles
1523 3694 1622 3731 platani
1634 3692 1716 3720 malos
1729 3693 1824 3727 gcss‘ere
1837 3691 1966 3724 valentes,
2001 3687 2140 3716 castaneae
2154 3689 2237 3723 fagos.
2285 3687 2320 3716 Di

1410 3733 1439 3759 in
1458 3739 1536 3766 quam
1556 3730 1678 3758 arborem
1699 3729 1839 3756 debeamus
1851 3727 1966 3754 inserere
1984 3737 2047 3752 .-·-
2065 3725 2069 3728 ’
2087 3723 2136 3750 Sed
2153 3724 2279 3758 castaneae
2289 3721 2317 3760 f-

1411 3803 1486 3831 Vnde
1498 3809 1542 3829 aut
1554 3801 1698 3836 Hypallage
1712 3800 1764 3832 est,
1779 3805 1808 3826 vt
1821 3795 2038 3831 Castaneaefagos
2052 3793 2082 3821 sit
2091 3815 2099 3827 ,
2117 3804 2167 3829 pro
2182 3797 2246 3832 Fagi
2255 3791 2320 3828 casta

1410 3839 1488 3870 [ει-ες
1515 3845 1559 3865 aut
1579 3836 1705 3864 mutanda
1720 3831 1871 3864 distinctio,
1889 3830 1975 3863 velit,
1995 3831 2026 3857 Et
2037 3828 2137 3862 steriles
2151 3828 2254 3866 platani
2261 3829 2321 3863 ,mal

1409 3877 1520 3902 valentes
1556 3872 1694 3907 castaneae.
1726 3871 1756 3897 h.
1768 3877 1788 3896 e.
1807 3863 1984 3894 infoecundae
2005 3865 2114 3892 arbores
2133 3865 2233 3901 platani
2252 3865 2334 3892 fortes

1410 3910 1541 3936 castaneae
1563 3911 1744 3944 portauerunt.
1799 3903 1921 3936 Seruius,
1939 3904 1985 3937 qui
2007 3902 2075 3928 nihil
2095 3909 2176 3928 tamen
2195 3901 2315 3937 ciphi-‘are
2350 3910 2353 3919 r
2382 3912 2387 3921 τ

2373 3968 2419 3997 ..w
