2474 4182
702 83 917 126 ACV

878 170 936 197 Vid.
952 178 1145 199 s‘rvnivzu.
1188 172 1319 205 syllabam

279 96 323 139 83

280 178 309 203 in
324 177 411 211 Epigr.
426 178 458 204 de
472 178 590 204 Locusta.
632 175 719 202 Studia
733 180 835 198 acuere.

282 213 392 246 Qiinc't.
409 223 435 245 1,
454 223 487 246 4,
508 223 549 240 22.
590 222 614 241 1,
636 219 662 243 ς,
683 217 715 234 22
729 215 751 232 ct
765 215 804 238 30.
841 207 936 233 Lucan.
952 216 979 239 1,
998 217 1027 239 32
1050 210 1123 242 Quos
1136 218 1195 235 aere
1207 217 1320 235 sommo

281 249 424 275 Stridentes
436 258 527 274 acuere
542 248 625 274 tubae.
664 245 715 268 Vos
729 248 802 268 acuat
815 242 900 277 gloria
920 243 1000 270 Ouid.
1011 244 1042 269 dc
1050 245 1133 270 Ponto
1148 254 1174 276 1,
1194 252 1222 277 ς,
1245 252 1283 278 57.

318 291 487 315 ACVENS‚
508 284 581 309 cutis.
619 280 691 311 Virg.
708 279 805 313 Georg.
819 287 845 310 ι,
868 287 909 310 ¹23
930 294 974 298 ——
995 280 1063 305 curis
1084 289 1176 305 acuens
1198 279 1321 306 mortalia

283 319 370 345 corda,
429 319 509 345 Ouid,
525 318 555 343 de
569 317 641 340 Rem.
658 314 748 352 Amor.
763 322 791 346 3,
812 319 855 344 801
884 314 982 341 Vtilius
996 316 1079 342 sumas
1088 322 1207 342 acuentes
1220 315 1321 341 lui-uina

283 362 362 381 tutas.
381 355 450 380 conf.
464 350 608 379 Broukhus.
624 348 655 374 ad
669 348 737 375 Tib.
757 358 789 381 2,
808 352 839 382 6,
862 358 898 382 19.

320 391 445 416 Acx'rfvs
453 384 564 419 [Ham-dt,
573 383 638 418 ὀξὺς]
647 385 769 411 Parsiana
776 385 833 411 inde
843 388 936 412 Nomen
944 385 1037 411 αυενῶο
1047 387 1148 412 Acuor:
1170 389 1323 412 contrarium

283 423 316 458 est
325 424 420 454 Hebes,
428 424 467 447 vel
477 420 615 446 Obtusum.
654 420 735 453 Plaut.
745 421 827 447 Milit.
837 430 848 453 ς
858 431 884 447 v.
894 431 911 454 4
932 421 999 446 Vide
1009 428 1036 446 vt
1045 421 1095 447 tibi
1111 422 1167 447 istic
1181 421 1210 446 fit
1223 428 1322 453 acutus,

282 461 381 490 Cario,
401 457 484 482 culter
498 455 589 489 probe.
647 458 759 482 Acutum
780 460 853 482 etiam
873 457 981 486 dicitur,
1001 457 1065 491 quod
1082 460 1109 482 in
1127 456 1323 490 nnmronrmfiue

282 504 378 522 acumm
398 490 485 524 diffinit
506 498 534 517 vt
553 491 627 517 Palus
649 499 747 519 acutus.
820 492 902 518 Ouid.
923 491 1000 526 Epist.
1024 512 1029 517 .
1053 512 1059 518 .
1083 512 1089 518 .
1125 507 1169 512 -—
1187 499 1212 518 et
1233 498 1323 518 acutae

282 527 401 561 Cuspidis
416 526 522 552 hastam.
560 528 692 554 Cacumen
713 527 794 554 Ouid.
809 528 840 554 de
852 529 915 553 Arte
928 529 987 553 Ani.
1000 535 1028 559 3,
1052 532 1100 559 381.
1139 528 1212 561 Virg.
1222 528 1319 562 Georg.

279 574 292 597 3
302 584 309 595 ‚
332 570 371 593 231
393 562 542 589 Frondibus
554 562 678 595 hirsutis,
699 572 724 590 et
738 564 831 589 Carice
845 563 928 598 pastus
948 569 1030 589 acuta.
1088 564 1225 597 Cupress'us
1239 563 1319 590 Ouid.

278 600 344 625 Met.
358 605 386 629 3,
407 606 450 630 355
470 605 498 624 vt
512 599 598 625 Pinus.
637 600 710 633 Virg.
727 600 791 625 Aen.
806 607 834 632 ς,
854 605 902 629 208
925 600 1095 633 Ferratasque
1112 599 1195 631 sudes,
1208 606 1233 625 et
1247 606 1321 625 acuta

279 632 393 667 Cuspide
413 640 505 660 contos
561 635 716 669 Expediunt.
755 636 831 660 Lucr.
855 643 885 666 2,
904 637 956 667 462
997 634 1125 669 ilc-tunm,
1137 636 1252 670 flammis
1271 640 1319 660 etc.

277 669 344 696 Non
356 678 370 694 e
384 669 530 704 perplexis,
550 671 592 696 scd
606 671 686 697 acutis
702 671 749 696 effe
763 671 913 696 Elementis.
949 669 1018 695 Emis
1039 670 1119 696 Ouid.
1136 671 1213 705 Epist.
1230 679 1269 703 14,
1277 678 1318 702 45.

278 704 341 731 Falx
355 705 435 731 Ouid.
450 707 515 732 Met.
529 715 561 738 9,
582 712 632 738 383.
690 707 757 732 lior.
780 707 807 731 in
828 707 891 732 Arte
905 707 974 731 Po'ct.
991 714 1042 739 304
1083 721 1127 725 --
1149 715 1212 740 crgo
1225 706 1322 739 fungar

277 741 337 766 vice
350 741 432 774 cotis,
452 748 558 768 acutum
606 741 724 768 Reddere
737 751 803 776 quae
817 742 918 767 serrum
934 741 1016 773 valet,
1037 742 1123 767 exsors
1139 742 1192 776 ipsa
1209 740 1320 767 secandi.

277 776 360 803 Ouid.
374 776 406 803 de
423 778 488 803 'Arte
502 778 559 802 Ani.
574 786 601 809 3,
623 783 668 809 589
689 779 780 804 Ponite
795 778 847 803 iani
861 777 960 811 gladios
976 776 1096 809 hebetes,
1116 784 1247 812 pugnetur
1262 786 1320 802 acu-

276 812 320 838 tis.
359 812 436 838 Hasta
450 812 531 839 Ouid.
546 812 578 838 de
593 814 667 839 Rem.
684 815 774 839 Amor.
789 820 832 846 27.
878 813 952 846 virg.
966 813 1031 838 Aen.
1047 821 1075 844 3,
1098 815 1133 845 46
1161 814 1229 840 Ν3111
1245 813 1319 844 Poly-

276 847 358 874 dorus
375 857 437 882 ego:
459 848 502 874 hic
515 848 649 874 confixum
662 849 748 875 ferrea
763 850 829 875 texit
864 848 998 874 Telorum
1018 849 1103 882 scgc5‚
1123 855 1147 874 et
1169 848 1261 874 iaculis
1281 849 1320 874 in-

276 884 362 910 creuit
375 884 466 910 acutis.
506 885 580 918 Virg.
592 885 657 910 Aen.
672 894 695 917 5,
708 893 756 917 205
780 885 921 910 Concutiat·
936 891 1035 915 cautcS,
1050 890 1074 909 et
1087 890 1163 910 acuto
1178 885 1207 910 in
1218 884 1319 910 murice

275 920 346 947 remi
381 919 484 946 Obnixi
498 929 631 954 crepuere.
675 921 722 946 Vbi
737 921 857 951 Seruius,
870 921 980 951 Murcx,
997 920 1051 945 saxi
1064 928 1188 946 cacumen
1202 921 1320 946 eminens

275 964 324 990 per
342 956 573 989 tranquillitatem.
611 956 687 981 Pinus
708 955 790 981 Ouid.
804 957 867 981 Met.
883 964 908 986 i,
929 957 980 987 699
999 962 1028 980 vt
1041 956 1184 989 Cypreffiis.
1222 955 1319 990 Virgil.

276 991 375 1024 Georg.
390 1000 416 1023 2,
431 1000 460 1024 2,-
498 1008 507 1012 -
527 1008 536 1012 -
558 1008 567 1012 -
588 991 630 1016 hic
644 991 734 1024 stirpes
748 990 839 1016 obruit
854 999 933 1022 aruc),
954 990 1176 1026 Qiadi·ifidasque
1190 992 1282 1024 sudes,
1296 998 1322 1017 ct

275 1032 353 1053 acuto
373 1027 472 1052 robore
491 1026 588 1058 vallos,
608 1030 625 1052 i.
642 1028 718 1052 vallos
736 1033 820 1052 acutos
842 1035 870 1051 rx
891 1027 984 1052 robore.

276 1065 304 1094 6,
319 1064 348 1094 56
370 1064 407 1088 Dc
420 1062 492 1088 radio
504 1069 620 1088 trux—torio.
658 1064 739 1088 Acuta
755 1061 908 1088 volucribus
922 1061 1012 1088 Rostra
1026 1062 1092 1088 Plin.
1107 1072 1138 1095 ιι,
1153 1071 1192 1097 37.
1230 1063 1321 1090 Rubus

277 1098 334 1124 Sen.
349 1098 376 1123 in
391 1097 500 1131 Hippol.
516 1106 552 1123 10.
589 1098 685 1132 Sagitta
698 1097 778 1123 Ouid.
793 1099 857 1124 Met.
870 1105 893 1130 ς,
913 1117 919 1124 .
971 1118 976 1124 .
1013 1098 1108 1124 Saxum
1122 1099 1202 1126 Ouid.
1213 1099 1278 1126 Fast.
1291 1108 1320 1132 4,

276 1141 333 1167 237.
372 1134 446 1167 Virg.
463 1134 527 1158 Aen.
542 1142 560 1164 1,
575 1142 594 1165 1,
609 1143 643 1166 49
674 1133 751 1159 Illum
765 1134 928 1168 expirantem
942 1133 1068 1160 transfixo
1085 1135 1191 1169 pectore
1205 1136 1321 1162 dammas

275 1168 403 1194 Turbine
418 1169 558 1202 corripuit,
573 1169 731 1203 scopuloque
744 1169 833 1195 infixit
846 1176 931 1195 acuto.
968 1170 1102 1204 Spiculum
1122 1171 1203 1197 Ouid.
1220 1171 1251 1197 de
1259 1172 1322 1197 Arte

275 1204 335 1230 Am.
352 1213 373 1235 3,
388 1207 438 1236 516.
476 1205 550 1237 Virg.
567 1205 617 1230 Ecl.
633 1213 654 1237 ς,
668 1213 698 1237 39
717 1205 851 1237 Carduus,
865 1212 890 1231 et
904 1205 984 1239 spinis
999 1206 1082 1240 surgit
1097 1207 1214 1241 paliurus
1228 1208 1319 1233 acutis.

275 1239 377 1265 Telum
399 1240 471 1273 Virg.
488 1240 552 1265 Acn.
568 1249 596 1271 3,
609 1244 663 1273 635.
707 1241 808 1275 Vnguis
828 1242 895 1267 lior.
910 1241 989 1275 Epist.
1004 1250 1029 1273 ι,
1045 1250 1087 1274 19,
1102 1244 1147 1275 46.
1262 1242 1282 1280 ᾖ
1304 1251 1321 1269 2

274 1275 387 1300 Acutum
394 1282 442 1310 per
456 1276 622 1310 metaphoram
640 1280 709 1302 varic
723 1277 826 1308 dicitur,
840 1284 863 1302 tt
878 1284 906 1302 ut
920 1278 1037 1303 Graccum
1050 1277 1102 1309 0³st
1115 1277 1149 1303 1111
1162 1288 1251 1304 omnem
1266 1280 1323 1304 cele·-

272 1314 375 1336 ritatem
387 1318 410 1336 ct
422 1311 596 1337 vehementiam
611 1319 683 1347 atquc
696 1311 864 1346 tff'cacitatctn
873 1312 1028 1348 subtiliorem
1037 1314 1186 1350 pinzejjbrtim
1200 1315 1321 1350 refertar.

279 1347 310 1372 V.
325 1355 350 1382 g.
372 1353 400 1371 vt
414 1357 429 1372 a
441 1346 553 1382 sensibus
573 1350 737 1382 incipiamus,
758 1348 836 1374 Acuti
854 1348 942 1380 oculi,
957 1348 1051 1383 poffint
1064 1350 1138 1385 forte
1157 1348 1213 1382 effi,
1252 1351 1323 1376 Clare

273 1389 400 1408 cernentes
407 1393 415 1407 :
427 1382 475 1419 ch
488 1383 569 1409 Plaut.
584 1383 673 1409 Pseud.
688 1393 716 1416 4,
730 1392 757 1418 7,
772 1393 810 1410 ιιι
828 1384 926 1418 Magno
947 1385 1046 1418 capite,
1068 1385 1149 1411 acutis
1171 1385 1270 1418 oculis,
1290 1385 1324 1411 ad

273 1417 495 1453 conformationem
513 1425 537 1444 ct
550 1419 661 1455 figuram
680 1426 805 1445 arternum
824 1423 948 1453 pertinere
965 1420 1084 1447 arbitror.
1143 1419 1183 1454 [ss
1202 1425 1264 1447 enim
1284 1422 1320 1447 ibi

243 1457 245 1459 ’
272 1453 408 1490 descriptio
416 1453 511 1489 *speciei
524 1461 569 1480 etc.
608 1456 703 1482 Similis
721 1458 787 1481 ratio
807 1454 840 1488 ‹st
860 1456 928 1481 illius
947 1456 1014 1482 Hor.
1028 1456 1079 1482 Od.
1094 1466 1124 1488 2,
1140 1466 1181 1489 19,
1194 1466 1213 1490 4
1239 1458 1321 1484 Aures

272 1492 338 1515 enim
355 1489 524 1524 capripedum
539 1490 691 1522 Satyrorum
706 1497 792 1516 acutas
808 1491 842 1516 ai!
854 1492 952 1517 celerem
965 1492 1039 1527 sorte
1056 1495 1245 1523 intelligentiam
1257 1493 1321 1528 refe-

272 1535 330 1555 ras,
336 1524 384 1560 fi'd
395 1533 451 1551 ante
463 1528 544 1552 omnia
556 1526 700 1561 ailJPecitm
715 1533 854 1556 externam,
867 1536 920 1551 cum
933 1533 956 1551 et
963 1534 1010 1561 per
1016 1527 1044 1562 st
1057 1531 1083 1552 in
1099 1524 1197 1553 neit—77:5²1
1211 1527 1322 1562 desinant

271 1561 419 1594 Satyrorum
434 1570 519 1592 aures,
534 1569 557 1587 et
572 1562 725 1596 hicpropn’r
738 1564 897 1587 attentionem
912 1560 1094 1596 cir*rcc7'iiesi›1t.
1132 1566 1244 1599 Denique
1257 1564 1320 1590 idem
1335 1573 1512 1600 4otranseunt
1527 1567 1668 1601 auspicato,
1689 1577 1735 1594 nec
1758 1567 1879 1603 tripudio
1899 1569 2072 1603 auspicantur.

272 1596 402 1622 ‹iicemliim
416 1596 445 1622 ilc
456 1598 523 1623 Hor.
534 1597 584 1623 Sat.
602 1606 620 1629 1,
634 1606 656 1630 3,
673 1606 706 1629 29
728 1597 818 1623 Acutis
833 1596 951 1623 Naribus
964 1597 1061 1624 horum
1078 1599 1236 1631 hominum,
1249 1601 1321 1626 imel-

272 1633 387 1668 Ijguntur
399 1636 462 1658 enim
470 1636 580 1667 primum
595 1642 642 1658 non
655 1631 1031 1669 obesae,antcrastlipingucdine
1043 1635 1145 1667 hebetes,
1152 1635 1321 1671 fi'dfl‘bsil‘'5²

272 1667 360 1693 deinde
374 1675 479 1703 propni-
493 1668 614 1703 idipsum
627 1669 738 1694 celeriter
757 1667 904 1703 olfacientes
923 1676 946 1694 ct
959 1667 1119 1705 fastidiosae.
1157 1670 1221 1697 Cibi
1240 1672 1320 1703 acuti,

271 1706 316 1739 qui
328 1707 492 1739 appetentiam
507 1707 632 1734 excitant,
650 1711 674 1729 et
693 1702 759 1738 quast
768 1702 921 1737 stomachum
936 1711 1027 1730 acuunt
1039 1715 1046 1729 :
1067 1705 1140 1731 iidem
1153 1712 1231 1740 paene
1243 1710 1286 1742 qui
1298 1714 1322 1733 ct

272 1739 352 1765 Aci-es
371 1739 503 1769 dicmitur,
524 1738 570 1771 nist
591 1738 655 1773 quod
683 1747 754 1763 acres
773 1739 823 1763 cibi
838 1739 899 1772 Jimt
919 1740 1125 1772 vehementiores,
1147 1743 1218 1768 acuti
1239 1745 1320 1768 mitio-

271 1783 330 1805 rcs,
351 1781 381 1800 vt
400 1776 537 1805 Acctaria,
553 1773 721 1808 salJi‘zincnta,
748 1779 772 1798 et
793 1773 949 1798 condimenta
970 1774 1095 1808 quaedam.
1152 1777 1218 1804 Plin.
1238 1778 1316 1812 Epist.

271 1816 305 1844 7,
319 1817 347 1841 3,
361 1817 374 1842 ς
401 1810 436 1835 Vt
458 1809 529 1834 enim
551 1808 568 1834 ii
586 1817 695 1834 coenam
714 1807 765 1834 tibi
787 1808 918 1840 facerem,
939 1808 1060 1835 dulcibus
1075 1809 1151 1836 Cibis
1171 1821 1241 1838 acres
1260 1822 1319 1839 acu-

271 1851 366 1879 tosque
397 1845 553 1876 miscerem,
596 1850 626 1870 vt
653 1843 760 1870 obtusus
782 1843 835 1869 illis
856 1850 882 1870 et
902 1844 1002 1871 oblitus
1031 1845 1177 1872 stomachus
1204 1846 1246 1872 his
1278 1857 1319 1873 ex-

272 1880 408 1907 citaretur.
462 1881 504 1907 Sic
522 1883 589 1906 inter
611 1879 719 1913 Sapores
741 1877 773 1910 est
794 1885 884 1905 acutus
904 1880 970 1906 Plin.
994 1889 1036 1914 15,
1058 1890 1092 1916 27
1110 1884 1127 1907 i.
1149 1884 1238 1909 leniter
1255 1890 1320 1918 pun-

271 1925 333 1952 gens
347 1923 371 1942 et
378 1915 621 1950 velficanspalatum.
677 1915 709 1940 Et
716 1913 826 1946 Plin.15,
835 1920 865 1944 28
874 1915 892 1939 s.
900 1923 926 1946 33
952 1916 1001 1941 Sua
1009 1917 1070 1942 etin
1078 1917 1170 1944 Odore
1178 1918 1320 1944 miracula:

272 1952 348 1978 malis
356 1957 455 1983 acutus,
464 1950 569 1977 Persicis
578 1949 684 1980 dilutus,
693 1949 814 1976 dulcibus
822 1949 917 1976 nullus.
955 1950 1020 1976 Add.
1029 1960 1068 1983 21,
1078 1959 1094 1985 7
1102 1953 1120 1977 s.
1130 1958 1154 1981 18
1164 1957 1206 1987 qui
1213 1955 1280 1979 velut
1286 1956 1320 1978 lo-

270 1986 431 2022 cusclqfficus
445 1985 477 2019 [fl
491 1986 520 2011 dc
535 1986 614 2012 odore.
651 1986 734 2012 Sonus
742 1992 832 2011 acutus
847 1985 956 2018 Qinc‘t.
974 1994 1024 2018 i,5,
1034 1995 1068 2020 24
1076 1986 1135 2011 coll.
1151 1995 1189 2018 30.
1199 1989 1239 2012 cui
1251 1993 1322 2021 oppo-

271 2026 343 2049 nitur
357 2023 445 2057 grauis
458 2022 523 2048 Plin.
540 2030 584 2053 10,
604 2030 647 2053 29.
691 2021 747 2047 Cic.
762 2021 794 2048 de
808 2022 882 2048 Orat.
900 2030 926 2053 1,
943 2030 986 2054 251
1002 2031 1023 2048 c.
1038 2030 1068 2054 59
1089 2022 1184 2048 Graeci
1198 2022 1321 2056 Tragoe-

273 2059 302 2086 di
321 2073 367 2078 —
386 2067 480 2085 vocem
499 2057 623 2084 cubantes
645 2056 736 2083 sensim
760 2057 889 2088 excitant,
911 2057 1073 2092 eandemque
1086 2067 1144 2084 cuin
1156 2064 1267 2093 egerunt
1288 2057 1321 2084 ab

272 2094 419 2122 acutiffimo
441 2094 511 2120 sono
533 2102 615 2127 vsque
636 2093 668 2120 ad
683 2092 860 2127 grauiffimum
876 2094 969 2119 sonum
984 2094 1123 2127 recipiunt.
1179 2094 1217 2120 Id.
1232 2094 1321 2120 Somn.

273 2131 341 2165 Scip.
357 2139 380 2156 11
409 2129 483 2156 Caeli
504 2129 625 2155 stelliferi
648 2130 752 2161 cursus,
777 2129 850 2155 cuius
871 2128 1007 2155 conuersio
1020 2130 1056 2156 est
1070 2130 1223 2163 incitatior,
1245 2137 1321 2157 acuto

273 2173 300 2193 et
314 2167 429 2192 excitato
442 2172 567 2191 mouetur
581 2166 653 2191 sono.
693 2166 762 2191 Hinc
774 2165 855 2191 Ouid.
866 2166 930 2191 Met.
946 2168 978 2198 6,
999 2172 1044 2198 589
1066 2165 1154 2192 Nocte
1168 2167 1241 2193 sonat
1250 2166 1321 2193 Rho-

273 2202 342 2237 dope
355 2201 497 2228 tinnitibus
512 2202 580 2228 aeris
594 2201 672 2228 acuti.
730 2201 798 2227 Hor.
812 2200 863 2227 Od.
879 2210 905 2234 1,
928 2203 972 2234 16,
993 2209 1011 2236 7

1038 2202 1103 2228 Non
1116 2208 1190 2229 acuta
1206 2202 1224 2229 si
1241 2202 1323 2237 gemi—

272 2244 336 2265 nant
350 2237 508 2264 Coribantes
522 2246 590 2264 aera.
636 2236 764 2263 Hinnitus
779 2237 853 2271 Virg.
870 2237 917 2263 Ge.
931 2246 959 2269 3,
980 2246 1024 2270 94.

1069 2237 1172 2264 Stridor
1185 2239 1253 2265 Hor.
1270 2238 1321 2265 Od.

1777 76 1998 126 ACV
2359 99 2410 142 84

1412 178 1561 207 ACVTE,
1583 176 1701 207 Acutius,
1723 175 1873 202 Acutiffune
1895 175 1962 201 Adii.
1982 174 2086 209 [ὅξὲως]
2108 178 2330 212 Acuteexplicare
2355 178 2411 206 Cic.

1378 207 1455 234 Acad.
1477 216 1496 239 Ι,
1517 228 1523 234 -
1546 229 1552 235 .
1572 231 1579 237 .
1619 212 1692 237 Idem
1708 212 1734 237 in
1759 212 1852 238 Laelio
1868 214 1884 237 6
1914 211 2000 238 Multa
2020 210 2052 236 ab
2073 221 2105 241 eo
2117 215 2237 248 responsa
2252 222 2325 240 acute
2345 214 2413 241 fere-

1377 244 1480 270 bantur.
1524 245 1672 273 Acutissime
1686 248 1802 281 cogitare
1824 248 1880 273 Cic.
1894 247 1946 273 Off.
1965 256 1973 273 1
1988 257 2008 273 c.
2023 256 2068 279 44.
2110 248 2255 275 Acutissime
2268 251 2414 284 perspicere

1376 279 1415 306 ld.
1429 280 1481 305 Att.
1505 287 1543 310 10,
1558 285 1579 309 8.
1599 282 1746 309 Acutiffime
1766 292 1794 309 ac
1815 282 2009 317 diligentiffime
2030 283 2124 316 scripta
2137 285 2192 310 Cic.
2206 287 2279 311 Verr.
2302 294 2323 317 3,
2348 306 2353 310 .

1341 320 1354 346 5
1378 316 1417 341 Id.
1434 315 1465 341 de
1475 315 1547 341 Orat.
1566 324 1585 346 ι,
1604 325 1646 349 143
1667 320 1758 351 Qunn
1774 320 1857 345 multa
1871 319 2010 353 colligeres
2018 328 2072 344 non
2085 318 2167 344 modo
2179 327 2262 353 acute,
2277 322 2321 347 sed
2335 314 2418 347 etiam*
2450 347 2461 354 ,Ἴ

1379 351 1493 378 ridicule
1508 359 1535 376 ac
1550 350 1641 390 facete.
1696 354 1735 380 id.
1749 355 1777 380 in
1792 355 1874 381 Bruto
1888 364 1913 387 53
1935 356 2002 388 Qiis
2018 361 2090 388 putet
2105 361 2149 380 aut
2163 355 2323 382 celeritatem
2345 357 2415 391 inge-

1379 388 1419 413 nii
1440 388 1469 413 L.
1486 388 1567 413 Bruto
1581 387 1622 412 illi
1636 388 1783 416 nobilitatis
1803 391 1903 416 vestrae
1925 391 2040 425 principi
2063 390 2188 416 defuisse?
2225 392 2270 425 qui
2286 391 2317 417 de
2331 399 2414 419 matre

1379 423 1521 449 suauianda
1540 431 1569 448 ex
1583 424 1691 461 oraculo
1706 427 1838 459 Apollinis
1852 433 1904 452 tani
1925 434 2000 453 acute
2023 432 2166 460 arguteque
2186 428 2344 460 coniecerit,
2369 428 2420 462 qui*

1381 460 1508 485 summam
1524 458 1689 497 prudentiam
1703 460 1867 488 simulatione
1882 462 2008 488 stultitiae
2022 462 2127 494 texerit,
2143 469 2188 487 etc.
2228 462 2282 488 Cic.
2296 472 2342 496 pro
2352 464 2415 490 Cae-

1337 500 1366 517 10
1379 495 1418 520 lio
1434 504 1454 520 c.
1472 500 1484 524 8
1506 495 1531 520 Si
1546 494 1612 519 mihi
1627 494 1658 519 ad
1673 493 1734 521 haec
1749 505 1832 530 acute,
1852 505 1997 532 arguteque
2011 498 2185 532 responderit.
2223 498 2277 523 Cic.
2293 495 2414 525 in'Somn.

1378 530 1445 564 Scip.
1460 539 1481 556 11
1502 530 1604 556 Natura
1618 531 1669 556 sert
1683 536 1711 555 vt
1726 539 1843 559 extrema
1858 542 1888 559 ex
1903 534 1985 559 altera
2000 541 2072 568 parte
2087 534 2213 567 grauiter,
2233 542 2263 558 ex
2279 534 2361 559 altera
2373 543 2415 560 au-

1376 572 1431 592 tem
1447 573 1522 592 acute
1536 567 1635 592 sonent.
1670 565 1726 591 Cic.
1741 566 1773 593 de
1787 568 1913 595 inuento.
1929 579 1949 595 c.
1959 573 1986 595 16
2019 569 2068 595 Sed
2083 570 2145 595 illae
2158 569 2264 595 tenuius
2279 576 2303 595 ct
2317 570 2416 596 acutius

1375 608 1401 627 et
1415 601 1539 627 subtilius
1559 602 1712 628 tradantur.

1414 644 1435 663 A
1446 634 1642 669 οντῦινε,
1666 646 1694 669 3,
1714 646 1768 663 11111.
1794 638 1886 666 dimin.
1912 640 2008 673 [ὀξεῖσς]
2035 640 2091 666 Cic.
2111 639 2143 666 de
2159 640 2222 666 Nat.
2242 640 2323 665 Deo-t.
2337 648 2348 671 3
2365 649 2386 666 c.
2400 647 2417 676 7

1337 680 1363 705 15
1377 673 1475 699 Breues
1489 673 1636 699 etacutulas
1650 673 1834 700 concluiiones.
1872 676 1979 702 Acutuli
1995 682 2019 701 ct
2034 676 2132 701 minuti
2145 675 2267 702 dotsslores
2276 676 2344 701 Geli.
2356 683 2417 708 1235.

1414 715 1437 734 A
1452 714 1468 734 C
1482 715 1504 734 v
1519 715 1540 734 T
1556 715 1575 734 v
1593 716 1609 734 1.
1625 715 1659 741 E,
1696 709 1763 735 Adu.
1784 710 1920 744 Augustin.
1952 712 2066 738 Confess'.
2091 720 2120 743 3,
2150 719 2167 746 7
2206 711 2285 744 Quasi
2315 711 2417 738 acutule

1374 742 1513 769 mouebar.

1414 786 1436 805 Α
1445 786 1461 805 C
1472 786 1491 805 v
1500 785 1521 805 T
1531 786 1552 805 A
1562 786 1596 806 Li
1607 787 1619 806 s
1628 800 1636 812 ,
1658 789 1679 806 e.
1701 788 1740 813 vt,
1759 780 1908 807 Terminus
1921 782 2039 816 lapideus
2054 782 2071 809 si
2086 783 2171 809 fuerit
2190 783 2281 808 crassus
2301 782 2418 816 acutalii,
2448 811 2452 833 Ι

1376 814 1497 840 Frontin.
1512 814 1544 840 de
1559 815 1653 842 Colon.
1670 826 1693 850 p.
1708 825 1750 849 ¹32
1770 816 1868 848 Goefii,
1888 820 1930 852 qui
1949 821 2128 853 interpretatur
2148 824 2261 845 acutum.

1337 857 1373 875 20
1413 857 1435 876 A
1444 857 1460 877 C
1470 857 1491 876 V
1500 857 1521 877 T
1530 857 1552 877 Α
1561 858 1582 877 Τ
1592 859 1610 877 V
1620 859 1632 878 s
1643 871 1650 884 ,
1671 860 1694 884 a,
1709 861 1763 878 um.
1781 855 1893 883 Acutus,
1913 852 1979 888 quast
1991 855 2045 888 qsfit
2065 854 2162 880 uerbum
2176 856 2269 880 Acuto.
2278 854 2370 887 Veget.
2386 852 2418 880 de
2449 865 2452 881 ς

1377 886 1416 912 Re
1435 888 1494 912 Vct.
1514 895 1533 918 i,
1554 895 1596 918 22,
1610 896 1628 920 4
1649 887 1745 922 Sagitta
1758 888 1860 914 cotibus
1881 888 1949 914 bene
1971 896 2079 916 acutata.

1413 929 1435 949 A
1444 929 1460 948 C
1469 930 1489 948 v
1498 929 1537 948 ΤΙ
1547 929 1568 948 Α
1579 930 1599 949 Τ
1609 930 1627 949 υ
1636 930 1654 949 R
1663 944 1671 956 ,
1688 925 1752 950 oris.
1768 933 1803 950 m.
1826 924 1881 957 Qii
1894 930 1999 950 acutum
2006 925 2102 952 reddit.
2124 926 2183 951 Vet.
2199 924 2278 950 Glosl'.
2298 919 2424 957 οἶκονητῆςὲ

1376 957 1529 990 Saniiarius,
1550 958 1694 991 Cotiarius,
1708 960 1854 986 Acutiator.

1376 993 1442 1026 ditm,
1456 1000 1499 1019 aut
1513 994 1579 1028 apud
1590 995 1731 1028 Vegetium
1746 996 1884 1027 acutiatus,
1906 995 1976 1029 utsii·
1989 996 2018 1021 ab
2032 1001 2109 1022 codem
2124 995 2283 1032 quasi-fonte.
2323 996 2360 1022 Se‘
2381 997 2418 1021 ni-

1041 1026 1139 1053 Radius
1160 1028 1241 1054 Ouid.
1256 1029 1320 1054 Mct.
1332 1037 1364 1063 25
1376 1033 1464 1055 mirum
1477 1038 1549 1064 arque
1559 1029 1641 1065 siici'le
1653 1030 1712 1065 suit
1726 1031 1901 1057 semibarbaris
1916 1032 2029 1058 [tentare
2042 1031 2135 1063 dicere,
2153 1039 2224 1068 atque
2238 1030 2371 1058 Acutiare.
2412 1035 2418 1039 ‘

1413 1073 1435 1092 A
1445 1072 1461 1092 c
1472 1073 1490 1091 v
1501 1072 1521 1091 T
1531 1072 1547 1091 E
1558 1072 1573 1091 i.
1583 1072 1604 1091 A
1614 1085 1622 1097 ‚
1645 1074 1684 1097 ae,
1722 1067 1839 1092 Acumen
1849 1087 1856 1099 ,
1878 1067 1982 1093 Cathol.

1415 1108 1436 1128 Α
1446 1108 1462 1128 C
1472 1101 1549 1127 VME
1560 1107 1580 1126 N
1590 1121 1598 1133 ,
1619 1102 1678 1127 i'nis.
1697 1111 1722 1128 n.
1748 1102 1817 1135 [duih
1830 1101 1922 1135 ὅξύτης,
1942 1104 2044 1136 bibita,
2063 1102 2091 1128 τὸ
2101 1102 2156 1136 ἆξύ]
2179 1105 2273 1129 Nomen
2287 1101 2316 1128 ab
2336 1099 2418 1135 Acuo,

1376 1146 1437 1168 rem,
1456 1144 1499 1162 aut
1508 1143 1607 1171 partem
1621 1140 1658 1162 rei
1671 1138 1781 1163 Acutam
1788 1137 1919 1174 fignificat
1933 1139 2013 1165 eadem
2027 1142 2159 1171 varietate,
2179 1145 2207 1164 vt
2228 1134 2421 1174 iinmiAcutus.

1378 1172 1461 1198 Ouid.
1476 1173 1540 1198 Met.
1557 1182 1584 1205 4,
1599 1180 1648 1207 579
1668 1175 1706 1199 De
1719 1174 1832 1199 cruribus
1849 1174 2018 1209 Cadim'ucrss's
2031 1179 2057 1201 in
2078 1175 2180 1201 caudam
2192 1174 2331 1210 ft›·g*1e›iti.=⁴,
2348 1173 2419 1200 Paul-

1337 1208 1453 1241 301311111
1466 1209 1546 1234 tereti
1560 1208 1695 1234 linuantur
1708 1210 1830 1235 acumine
1845 1219 1928 1237 crura.
1965 1212 2070 1238 Lucret.
2093 1212 2118 1242 6,
2134 1219 2184 1242 1191
2206 1209 2418 1244 con-‚presuma-

1376 1253 1428 1276 res,
1452 1244 1503 1270 nati
1517 1245 1643 1278 primoris
1657 1253 1768 1271 acumen
1787 1246 1885 1271 Tenue
1899 1254 1943 1271 et:-
1962 1249 2038 1282 sig-na
2057 1249 2146 1273 mortis
2158 1249 2318 1280 praenuntia.
2354 1245 2419 1271 Acu-

1376 1289 1439 1306 men
1452 1281 1583 1306 seminum
1602 1280 1698 1306 Pallad.
1712 1289 1737 1313 2,
1752 1289 1786 1313 ις,
1801 1283 1817 1307 6
1832 1286 1857 1307 ct
1871 1292 1898 1315 4,
1911 1290 1937 1314 9,
1951 1291 1972 1314 3.

1377 1317 1443 1342 Met.
1460 1321 1482 1348 8,
1496 1319 1554 1349 364.
1611 1317 1711 1342 Contra
1727 1317 1848 1343 acumina
1871 1317 2007 1344 calcitrare
2020 1319 2151 1345 Annnian.
2173 1324 2208 1350 18,
2229 1326 2245 1350 9
2265 1320 2283 1343 ι’.
2296 1314 2418 1350 stimulos·

1377 1351 1437 1377 Stili
1452 1361 1562 1378 acumen
1574 1361 1629 1378 mox
1644 1352 1729 1378 danius
1742 1353 1908 1389 infiguratis.
1946 1354 2012 1379 Plin.
2031 1362 2069 1386 io,
2085 1362 2113 1388 71
2138 1353 2196 1380 Alia
2209 1352 2332 1379 dentibus
2347 1360 2418 1387 prae-

1337 1395 1364 1419 35
1379 1387 1482 1420 dantur,
1502 1388 1554 1414 alia
1567 1388 1710 1422 vnguibus,
1730 1389 1783 1414 alia
1801 1389 1880 1415 rostri
1901 1388 2050 1415 aduncitate
2072 1397 2195 1424 carpunt,
2217 1389 2268 1415 alia
2282 1387 2418 1415 latitudine

1377 1430 1468 1456 ruunt,
1489 1424 1540 1450 alia
1555 1425 1676 1450 acumine
1692 1431 1826 1451 excauant.
1866 1426 1934 1451 Hinc
1947 1435 2030 1451 nomm
2042 1425 2128 1452 ῥαίνειν
2139 1429 2239 1451 vitietur
2259 1425 2418 1460 auspiciorum

1373 1469 1459 1496 genus,
1480 1460 1544 1495 quod
1556 1469 1587 1485 ex
1602 1461 1776 1486 Acuminibus
1790 1460 1936 1487 dicebatur.
1974 1462 2029 1487 Cic.
2044 1461 2076 1487 de
2091 1462 2153 1487 Nat.
2176 1461 2256 1488 Deor.
2271 1470 2286 1487 2
2301 1470 2322 1487 c.
2335 1469 2347 1492 3
2371 1458 2424 1490 113-’

1377 1505 1429 1530 que
1441 1510 1486 1514 ——
1498 1495 1569 1521 bella
1583 1510 1628 1514 —-
1642 1496 1721 1522 nullis
1737 1497 1859 1531 auspiciis
1872 1496 2103 1527 administrantem
2123 1497 2195 1523 nulla
2214 1496 2350 1531 peremnia
2369 1496 2420 1522 ser}

1376 1537 1489 1563 vantur,
1509 1531 1580 1556 nulla
1597 1540 1628 1557 ex
1643 1533 1817 1559 acuminibus.
1868 1534 1898 1559 Et
1913 1532 1945 1558 de
1961 1533 2022 1559 Diu.
2036 1542 2052 1559 2
2073 1543 2093 1559 c.
2111 1535 2142 1565 36
2171 1534 2263 1566 Itaque
2277 1541 2324 1558 nec
2332 1539 2420 1558 amnes

2121 1569 2189 1595 Nam
2205 1576 2236 1594 ex
2255 1567 2421 1594 acuminibus

1377 1603 1498 1637 quidem,
1520 1603 1593 1637 quod
1613 1609 1699 1629 totum
1719 1605 1864 1638 auspicium
1883 1605 2000 1631 militare
2022 1604 2074 1636 est,
2095 1605 2147 1630 iani
2162 1605 2199 1630 M.
2220 1604 2360 1630 Marcellus
2374 1617 2420 1623 -—-

1378 1638 1475 1665 omisit.
1514 1638 1567 1665 Vbi
1581 1648 1644 1673 ergo
1658 1640 1749 1666 auium
1764 1641 1913 1666 diuinatio?
1934 1649 2000 1675 quae
2014 1641 2141 1675 quoniam
2155 1640 2187 1666 ab
2201 1639 2250 1671 his,
2269 1640 2316 1674 qui
2337 1638 2422 1673 auspi-

1376 1675 1417 1701 cia
1430 1674 1503 1701 nulla
1516 1673 1625 1707 habent,
1644 1674 1714 1702 bella
1733 1675 1965 1708 administrantur,
1985 1676 2018 1702 ab
2039 1676 2146 1702 vrbanis
2166 1681 2265 1702 retenta
2286 1674 2420 1707 videntur,

1376 1719 1391 1736 a
1402 1710 1505 1736 bellicis
1525 1711 1573 1736 ess'e
1592 1710 1701 1737 sublata.
1761 1712 1914 1747 Totafiri'es
1934 1715 2057 1738 orationis
2073 1713 2146 1738 huius
2164 1711 2275 1743 indicat,
2306 1710 2420 1745 auspicia

1359 1754 1408 1772 -ex
1436 1745 1603 1772 acuminibus
1629 1747 1719 1772 auium
1756 1746 1951 1773 diuinationem
1974 1746 2068 1783 susse,
2101 1755 2160 1783 quae
2191 1750 2238 1773 vix
2266 1745 2426 1779 commodius,

1376 1791 1447 1817 quam
1461 1781 1495 1807 ad
1507 1781 1655 1808 rostrorum
1674 1782 1795 1809 acumina
1815 1783 1935 1818 refertur.
1999 1783 2071 1809 ls'idit
2084 1783 2128 1810 hoc
2142 1784 2272 1818 praeclare
2291 1781 2370 1809 cerda
2387 1780 2424 1808 ade

1376 1818 1450 1851 Virg.
1468 1819 1530 1843 Aen.
1550 1820 1583 1850 6,
1604 1826 1658 1850 199.
1715 1819 1820 1854 Reliqua
1842 1818 1876 1844 ad
1890 1816 2046 1844 coniecturas
2062 1820 2191 1854 etJomni'a
2202 1818 2353 1845 eruditorum
2366 1815 2420 1844 red*-

1376 1860 1448 1876 eunt:
1470 1862 1514 1886 quo
1535 1856 1561 1877 in
1580 1862 1667 1888 genere
1681 1856 1753 1879 etiam
1767 1853 1815 1887 gli,
1840 1854 1904 1890 quod
1926 1855 1984 1880 hacc
1996 1854 2105 1889 auspicia
2120 1854 2171 1888 fibi
2191 1851 2420 1889 deprchvidibvi·

1375 1885 1464 1911 dffntur
1474 1890 1499 1910 in
1508 1887 1593 1912 Plauti
1601 1888 1709 1921 Epid.2,
1724 1897 1785 1922 2pr.
1805 1889 1923 1931 Liqpido
1937 1898 2002 1915 exeo
2015 1891 2085 1916 foras
2098 1890 2232 1924 auspicio,
2253 1890 2298 1916 aui
2311 1889 2426 1925 sinistra„

1337 1926 1367 1951 50
1376 1922 1493 1947 Acutum
1503 1921 1617 1947 cultrum
1630 1922 1726 1955 habeo,
1737 1924 1803 1949 senis
1817 1934 1863 1958 qui
1879 1932 2027 1951 excuterem
2042 1927 2211 1960 marsupium.
2242 1926 2287 1952 llic
2302 1923 2426 1960 professo.

1374 1962 1464 1981 acutus
1483 1957 1567 1982 culter
1582 1957 1616 1983 ad
1627 1958 1694 1984 nihil
1705 1959 1782 1990 aliud,
1797 1969 1868 1995 quam
1881 1960 1915 1986 ad
1928 1961 2088 1995 marsupium
2102 1962 2190 1987 senum
2202 1964 2320 1996 pertinct-
2340 1962 2425 1988 (jasue

1375 1998 1431 2015 rum
1443 1990 1516 2027 huius
1523 1991 1572 2013 loci
1585 1991 1619 2027 ψ
1632 1994 1733 2029 Arnob.
1742 1994 1759 2019 l.
1769 2004 1817 2028 2p.
1831 2004 1861 2027 91
1882 1996 1931 2021 Per
1938 1996 2137 2030 clarigationem
2145 1997 2263 2031 repetitis
2271 2006 2311 2023 res
2320 2002 2377 2031 rapt

1375 2029 1420 2050 aut
1432 2024 1560 2049 Martium
1575 2023 1716 2050 discrimen
1729 2027 1856 2053 obeuntes
1870 2031 1940 2061 spem
1953 2031 2048 2064 praelii
2055 2033 2166 2064 sumitis,
2180 2040 2243 2059 etex
2255 2033 2372 2059 acumini

1376 2059 1530 2094 auspicatis?
1571 2059 1659 2094 Nepai
1670 2069 1779 2087 acumen
1793 2062 1848 2087 Cic.
1862 2062 1891 2087 in
1907 2064 2021 2096 Arateis,
2055 2070 2073 2091 i.
2086 2070 2183 2093 aculeus
2183 2069 2332 2103 scorpionis.
2354 2060 2418 2095 Pii'u·

1337 2103 1418 2130 5314,
1436 2105 1468 2122 22
1496 2096 1527 2122 Et
1546 2096 1643 2130 saporis
1664 2096 1793 2131 quaedam
1813 2097 1942 2123 acumina.
1988 2099 2108 2124 Acumen
2131 2103 2229 2133 pedum
2241 2103 2294 2127 wid.
2315 2112 2372 2128 mox
2392 2104 2420 2128 in

1379 2138 1567 2164 ACVPEDIVS,
1586 2134 1604 2161 i.
1623 2133 1743 2158 celeritas.
1786 2133 1853 2158 Hor.
1875 2132 1954 2167 Epist.
1977 2141 1997 2165 i,
2014 2141 2051 2167 17,
2073 2141 2099 2166 33
2125 2134 2275 2160 Meretricis
2288 2137 2422 2166 acumina,

1377 2167 1497 2194 amititia
1510 2166 1617 2201 consilia.
1637 2169 1741 2202 Ingenii
1755 2168 1824 2203 Nep.
1846 2176 1879 2202 7,
1895 2177 1926 2201 11,
1948 2177 1968 2200 3.
2009 2168 2138 2194 Naturale
2159 2168 2268 2202 Qun&
2286 2177 2315 2201 ς,
2331 2176 2364 2203 7,
2377 2173 2419 2198 28.

1379 2204 1435 2231 Cic.
1449 2203 1481 2230 de
1495 2204 1557 2230 Nat.
1572 2203 1651 2230 Deor.
1666 2213 1692 2236 2,
1707 2211 1744 2238 74
1759 2213 1779 2230 c.
1794 2213 1827 2237 29
1847 2204 1974 2238 Epicurus
1987 2203 2038 2230 sine
2047 2204 2168 2230 acumine
2182 2204 2247 2236 vllo,
2261 2204 2314 2231 sine
2329 2203 2419 2230 aucto-

1378 2240 1466 2272 ritate,
1487 2239 1539 2265 sine
1555 2239 1653 2274 lepore.
1691 2240 1821 2274 Argutum
1836 2240 1932 2266 iudicis
1946 2248 2054 2266 acumen
2073 2241 2140 2266 Hor.
2155 2239 2188 2266 de
2202 2242 2344 2267 ArtePo‘e‘t.
2359 2241 2419 2274 5⁶4.-

274 2283 301 2306 i,
320 2283 370 2308 34,
392 2281 425 2307 13.
463 2273 595 2299 Tinnitus
610 2272 693 2299 Ouid.
708 2273 773 2299 Met.
790 2280 818 2306 ς,
838 2281 901 2305 204.
940 2273 1035 2299 Catull.
1051 2276 1104 2307 64,
1125 2282 1160 2307 24
1180 2274 1234 2300 Vbi
1247 2274 1323 2301 Sacra
1331 2279 1366 2303 60
1379 2276 1436 2302 Cic.
1452 2276 1479 2301 in
1493 2276 1567 2301 Orat.
1582 2284 1621 2302 iio
1629 2285 1649 2302 c.
1664 2284 1676 2308 3
1697 2275 1776 2302 Nihil
1785 2275 1874 2308 Lysiae
1888 2275 2031 2301 subtilitate
2040 2275 2119 2308 cedit,
2127 2275 2195 2302 nihil
2204 2276 2349 2310 argutiiset
2361 2284 2420 2302 acu-

780 2310 838 2335 Vox
854 2309 920 2334 Hor.
936 2308 987 2335 Od.
1000 2317 1030 2341 3,
1050 2318 1085 2342 4,
1105 2318 1126 2341 3.
1165 2309 1246 2336 Ouid.
1256 2311 1322 2336 Met.

438 2344 530 2372 Morbi
551 2345 620 2372 acuti
640 2346 727 2371 celeres
749 2343 795 2380 ipfi
815 2354 905 2380 quoque
924 2352 948 2371 ct
961 2345 1112 2371 vehomenter
1133 2345 1200 2371 Cels.
1216 2354 1224 2371 1
1241 2346 1324 2380 praef.

274 2383 376 2408 Genera
384 2381 542 2408 morborum
550 2381 631 2408 modo
638 2387 722 2412 acuta,
734 2380 815 2407 modo
828 2380 914 2414 longa.
950 2382 981 2407 Et
994 2390 1050 2407 mox
1063 2381 1149 2407 Aliter
1156 2381 1246 2407 Acutis
1254 2390 1325 2408 rnor-

274 2418 325 2449 bis,
334 2417 411 2444 aliter
419 2417 527 2443 vetustis
534 2417 700 2444 medendum.
739 2417 807 2443 Hor.
815 2416 917 2450 Epist.1,
927 2418 952 2448 6,
960 2421 991 2446 28
1010 2417 1035 2442 Si
1045 2416 1110 2443 latus
1119 2423 1163 2443 aut
1170 2426 1245 2444 renes
1251 2418 1325 2444 Mor-

274 2453 545 2480 botentanturacuto.
583 2454 781 2485 Sicfflor.1‚9,3
802 2452 922 2487 Geluque
930 2452 1052 2479 Flumina
1059 2453 1227 2480 constiterint
1236 2460 1323 2480 acutO.

274 2491 357 2516 Etiam
372 2490 488 2515 Germani
502 2489 608 2515 Scharfe
623 2488 720 2515 Kaelte.
758 2487 838 2514 Radii
852 2489 922 2514 acuti
936 2488 1003 2515 Solis
1016 2489 1097 2515 Ouid.
1108 2490 1259 2523 Her.4‚159
1280 2489 1324 2516 Sol

274 2531 364 2552 acutus
377 2525 445 2551 Hor.
469 2525 547 2558 Epist.
564 2534 583 2556 1,
598 2534 635 2557 io,
651 2532 688 2559 17.
726 2523 795 2550 Add.
811 2524 942 2550 Auien.1·n
955 2525 1031 2550 Arati
1039 2525 1180 2551 Phaenom.
1190 2526 1218 2551 in
1225 2526 1324 2552 Leone.

275 2561 357 2588 Acula
369 2559 434 2586 belli
450 2560 517 2586 Hor.
531 2559 582 2586 Od.
598 2570 632 2593 4,
653 2571 686 2593 4,
704 2562 739 2594 76
774 2560 837 2596 finit
856 2560 940 2592 abita,
968 2568 991 2586 et
1005 2560 1033 2586 ob
1047 2560 1076 2586 id
1087 2561 1323 2598 ipfiiiizpcriculofh.

275 2594 296 2634 q
318 2605 330 2629 3
359 2597 405 2623 Fre
423 2602 507 2621 uenter
520 2597 651 2629 inprimis
663 2596 767 2620 relatum
781 2595 814 2621 ad
826 2599 933 2622 animum
947 2599 1069 2623 inuenitis.
1108 2597 1164 2623 Cic.
1176 2597 1207 2623 de
1220 2599 1324 2624 lnuent.

273 2309 366 2337 Sancta
379 2309 462 2336 acutis
477 2309 620 2336 vlulatibus
633 2309 741 2344 agitant.

274 2356 302 2379 3,
323 2354 384 2379 224.

275 2642 296 2665 1,
311 2640 338 2665 35
362 2633 401 2658 Ve
413 2640 446 2658 ox
461 2640 493 2657 an
512 2631 600 2657 tardus
614 2630 659 2661 sit,
681 2636 769 2655 acutus
783 2639 815 2656 an
829 2631 967 2664 hebetior,
988 2641 1092 2659 memor
1114 2642 1146 2659 an
1166 2633 1367 2670 obliuiosuS.7o
1377 2638 1413 2662 tis
1435 2634 1606 2670 descriptione.

276 2668 333 2694 Cic.
345 2665 400 2694 'Offi
416 2676 434 2695 1.
449 2676 495 2693 ioo
516 2667 542 2693 Si
555 2672 675 2692 naturam
697 2666 836 2699 sequemur
850 2666 941 2693 duceni
950 2687 957 2699 ,
977 2677 1113 2703 nunquam
1126 2668 1323 2696 aberrabimus:

276 2705 468 2739 sequemurque
483 2708 508 2728 et
521 2702 558 2732 id,
571 2701 643 2737 quod
656 2707 762 2727 acutum
776 2706 801 2727 et
813 2702 945 2735 perspicax
960 2710 1052 2730 natura
1060 2704 1110 2737 cst,
1127 2711 1152 2731 et
1165 2704 1193 2731 id
1206 2703 1280 2739 quod
1292 2704 1326 2731 ad

276 2739 419 2766 hominum
440 2738 663 2764 consociationem
683 2736 911 2763 accommodatum
932 2737 975 2764 est.
1014 2740 1087 2767 Idem
1107 2739 1140 2766 de
1154 2741 1229 2767 Orat.
1244 2749 1271 2772 1,
1286 2748 1323 2772 113

276 2775 349 2802 Nam
363 2780 389 2800 et
402 2773 485 2800 animi
498 2779 576 2808 atque
591 2773 693 2806 ingenii
706 2772 801 2799 celeres
815 2772 924 2807 quidam
937 2779 1025 2799 motus
1038 2775 1086 2800 ess'e
1100 2775 1211 2808 debent,
1230 2775 1278 2811 qui
1290 2774 1324 2802 ad

1379 2312 1452 2338 tuine
1461 2308 1600 2345 Hyperidi.
1618 2312 1673 2338 Cic.
1681 2320 1730 2346 pro
1738 2311 1829 2338 Flacco
1836 2321 1878 2345 c.4
1887 2311 1992 2338 Graecis
1999 2320 2052 2337 non
2060 2311 2421 2346 adimosermonisleporem,

1380 2348 1551 2382 ingeniorum
1565 2355 1683 2379 acumen,
1703 2346 1810 2373 dicendi
1824 2348 1935 2382 copiam.
1974 2347 2083 2381 Qiinc't.
2097 2349 2123 2380 6,
2143 2357 2171 2381 4,
2186 2356 2214 2374 12
2240 2347 2315 2374 Valet
2337 2348 2366 2374 in
2383 2346 2420 2373 al-

1379 2383 1527 2410 tercatione
1541 2382 1685 2417 plurimum
1698 2392 1818 2415 acumen,
1837 2382 1909 2418 quod
1923 2382 1975 2409 line
1989 2383 2072 2409 dubio
2084 2392 2115 2409 ex
2129 2390 2185 2410 arte
2200 2393 2253 2410 non
2267 2384 2356 2415 venit3
2375 2391 2424 2419 nag

1380 2426 1440 2446 tura
1455 2419 1526 2445 enim
1541 2428 1595 2445 non
1611 2419 1736 2450 docetur3
1764 2426 1824 2445 ante
1843 2425 1931 2445 tamen
1952 2418 2101 2445 adiuuatur.
2159 2418 2200 2454 Est
2213 2423 2294 2456 igitur
2306 2421 2421 2446 celeritas

1340 2458 1371 2490 63
1381 2455 1492 2487 uidendi,
1513 2454 1574 2490 quid
1585 2454 1712 2481 conducat.
1766 2455 1823 2480 Huc
1836 2457 1948 2489 pertinet
1967 2455 2086 2481 Acumen
2099 2454 2241 2483 disserendi
2259 2464 2296 2488 io,
2312 2464 2332 2488 i,
2345 2460 2370 2485 81
2397 2461 2421 2480 et

1381 2491 1569 2518 inuentionum
1582 2499 1620 2523 10,
1633 2499 1654 2523 ι,
1668 2496 1704 2522 83.
1741 2489 1795 2516 Cic.
1811 2490 1893 2516 Tusc.
1909 2499 1928 2520 1,
1943 2499 1970 2516 12
1982 2500 2004 2517 c.
2021 2494 2036 2517 6
2065 2492 2153 2524 Qieui
2174 2493 2223 2518 esse
2243 2499 2337 2525 negas,
2357 2499 2420 2516 eun-

1381 2528 1442 2555 dem
1458 2527 1506 2553 effe
1520 2526 1602 2553 dicis?
1628 2526 1675 2552 vbi
1688 2525 1723 2551 est
1742 2534 1851 2552 acumen
1869 2527 1964 2552 tuum?

1379 2573 1490 2591 acumen
1504 2561 1669 2589 occultissima
1683 2561 1818 2596 prospicit.
1874 2563 2011 2596 Qiantum
2030 2570 2086 2588 non
2106 2562 2164 2589 leuc
2178 2563 2306 2589 sollicitae
2325 2562 2420 2588 mentis

1378 2599 1503 2626 discurrit
1518 2606 1625 2625 acumen
1632 2596 1723 2624 Claud.
1738 2598 1770 2624 de
1785 2598 1860 2632 Rapt.
1876 2598 1995 2631 Proserp.
2016 2606 2032 2623 2
2042 2618 2049 2629 ,
2064 2606 2110 2624 201
2138 2601 2165 2624 in
2185 2600 2292 2635 Jiirnmae
2311 2599 2422 2624 celerita-

1655 2633 1774 2660 Acumen
1800 2633 1923 2660 Stertinii
1937 2632 2047 2663 delirat,
2060 2637 2077 2659 i.
2093 2635 2228 2662 Stertinius
2243 2634 2312 2660 homo
2326 2639 2421 2660 acutus.

1382 2672 1450 2698 Hor.
1465 2669 1543 2704 Epist.
1560 2679 1580 2702 1,
1593 2678 1628 2703 iz,
1643 2678 1684 2696 20.
1729 2670 1867 2696 Acuminis
1880 2669 1980 2696 strenui
1994 2669 2114 2696 minister
2128 2669 2186 2696 Col.
2207 2678 2216 2696 1
2226 2689 2234 2701 ,
2247 2677 2286 2701 91,
2299 2677 2326 2702 4.
2364 2667 2420 2694 Cic.

1381 2705 1414 2732 de
1429 2706 1503 2732 Orat.
1519 2714 1555 2739 ¹51
1569 2715 1590 2732 c.
1605 2714 1631 2739 33
1651 2705 1802 2740 Omnesque
1817 2706 1972 2738 sententiae,
1986 2705 2122 2739 verbaque
2135 2705 2226 2731 omnia
2234 2705 2366 2739 quaesunt
2378 2712 2421 2730 cu-

1379 2742 1474 2776 iusque
1488 2743 1602 2776 generis,
1621 2741 1732 2768 maxime
1747 2741 1869 2774 illustria,
1889 2740 1937 2768 sub
1945 2749 2054 2767 acumen
2066 2740 2121 2767 stili
2134 2739 2243 2767 subeant
2253 2739 2422 2778 etsuccedhnt

1378 2778 1477 2804 necesse
1492 2777 1537 2804 est.
1583 2778 1657 2804 Serus
1672 2777 1744 2804 enim
1763 2777 1870 2804 Graecis
1884 2776 2005 2804 admouit
2019 2777 2139 2803 acumina
2151 2776 2257 2807 chartis,
2274 2778 2292 2802 i.
2314 2778 2422 2802 animum

277 2809 482 2845 excogitandum
495 2809 574 2841 acuti,
584 2815 609 2834 et
621 2808 653 2834 ad
666 2808 849 2842 explicandum
863 2808 1065 2843 ornandumque
1079 2810 1238 2843 fintvberes,
1252 2816 1279 2837 et
1290 2809 1323 2851 acl
1334 2822 1366 2849 75
1379 2813 1473 2840 adiecit
1486 2814 1519 2840 ad
1531 2815 1619 2841 literas
1653 2813 1720 2840 Hor.
1740 2813 1820 2847 Epist.
1839 2822 1865 2846 2,
1878 2822 1898 2845 1,
1912 2815 1961 2839 161.
2000 2811 2176 2839 Acuminibus
2192 2812 2244 2838 suis
2257 2812 2282 2838 se
2296 2819 2421 2846 compun-

276 2846 437 2873 memoriam
444 2845 516 2871 firmi
523 2851 602 2879 atque
611 2843 740 2870 diuturni.
778 2844 887 2870 Acutius
894 2845 1038 2879 cogitatum
1045 2845 1158 2879 Nep.i4,
1166 2848 1192 2878 6,
1200 2851 1222 2876 3.
1232 2847 1326 2873 Breui-

277 2888 315 2909 tas
322 2887 397 2908 acuta
411 2880 520 2914 Quin&
530 2883 557 2913 6,
566 2889 588 2912 3,
595 2888 636 2913 45.
674 2879 859 2906 conclusiones
867 2886 956 2906 acutae
965 2880 1074 2914 Quin&
1083 2890 1109 2913 2,
1117 2889 1160 2913 20,
1170 2889 1190 2914 ς.
1229 2882 1285 2908 Cic.
1294 2881 1326 2908 de

277 2919 380 2950 Orata„
388 2923 419 2950 98
427 2916 501 2943 Alter
508 2915 680 2942 acutiffimuiu
688 2921 714 2941 et
721 2915 913 2942 subtiliffimum
921 2916 1027 2943 dicendi
1034 2925 1113 2951 genus
1121 2916 1156 2943 est
1164 2917 1325 2944 consecutus.

278 2954 335 2981 Cic.
345 2953 376 2979 de
384 2954 458 2980 Orat.
468 2961 477 2978 ι
495 2961 516 2979 c.
525 2960 556 2984 39
582 2951 706 2978 Scaeuola
713 2951 828 2986 aequalis
836 2957 861 2977 et
870 2951 969 2985 collega
977 2961 1050 2979 niens
1058 2973 1066 2985 ,
1080 2952 1162 2978 homo
1170 2953 1292 2980 omnium
1300 2958 1327 2980 et

279 2989 416 3024 disciplina
425 2988 491 3015 iuris
502 2987 698 3020 eruditissiinus,
707 2993 732 3013 et
741 2987 851 3021 ingenio
859 2987 1053 3022 prudentiaque
1060 2988 1226 3021 acutiffimus,
1233 2994 1260 3015 et
1267 2997 1326 3015 ora·
1335 2998 1368 3024 80
1380 3001 1440 3019 cum
1455 2992 1482 3018 in
1497 2994 1617 3019 acumine
1631 2993 1686 3028 ipso
1699 2993 1759 3019 esset
1779 2991 1993 3026 pulchritudinis.

278 3026 352 3052 tione
359 3025 474 3052 maxime
483 3023 589 3050 limatus
597 3028 674 3057 atque
680 3022 792 3050 subtilis.
801 3023 895 3055 Atmz,
905 3028 932 3055 38
940 3029 1006 3049 extr.
1016 3023 1095 3059 Κύριος
1102 3024 1170 3050 1111111
1177 3024 1209 3050 fic
1217 3024 1326 3059 placuit,

278 3066 308 3087 vt
323 3066 423 3087 caetera
436 3058 608 3091 Antisthenis,
617 3058 733 3085 hominis
746 3059 816 3085 acuti
828 3059 911 3093 magis
924 3069 1002 3094 quain
1017 3059 1125 3085 eruditi.
1178 3059 1217 3086 Id.
1233 3065 1326 3087 contra

281 3096 351 3122 Rull.
367 3104 398 3128 2,
418 3105 444 3123 12
458 3105 480 3123 c.
496 3103 508 3129 ς
533 3095 640 3121 Tamen
654 3093 671 3120 si
687 3095 735 3129 qui
749 3095 880 3121 acutiores
895 3095 923 3121 in
936 3095 1064 3121 concione
1078 3095 1238 3128 adstiterant,
1247 3096 1325 3123 illum

281 3131 313 3158 de
325 3131 381 3165 lege
397 3132 498 3165 agraria
509 3131 598 3159 nescio
612 3129 676 3165 quid
688 3130 798 3157 voluisse
811 3130 915 3163 dicere,
938 3130 1142 3166 suspicabantur.
1193 3133 1224 3158 Et
1238 3132 1323 3159 Tusc.

281 3177 316 3201 4,
342 3175 371 3198 32
397 3167 468 3193 Inter
487 3173 575 3193 acutos
594 3172 620 3193 et
639 3165 744 3193 hebetes
764 3165 815 3192 hoc
834 3167 955 3198 interest,
974 3166 1046 3202 quod
1072 3166 1217 3201 ingenioli,
1236 3173 1266 3194 vt
1281 3176 1324 3194 aes

281 3201 485 3229 Corinthiacum
503 3203 532 3228 111
550 3202 718 3237 aeruginem,
737 3201 770 3228 iic
790 3201 832 3228 illi
846 3202 875 3228 in
893 3202 1019 3229 morbum
1038 3208 1064 3229 et
1078 3202 1198 3230 incidunt
1213 3203 1323 3236 tardius,

280 3244 307 3265 et
319 3243 471 3264 recreantur
484 3238 573 3270 ocius,
594 3237 699 3264 hebetes
718 3246 772 3264 non
785 3238 858 3264 item.
930 3238 1040 3272 Qun&
1055 3247 1099 3271 10,
1120 3247 1145 3270 1,
1167 3244 1200 3273 84
1241 3239 1325 3267 Stoici

282 3274 352 3301 acuti
364 3272 443 3299 rebus
456 3273 635 3307 magis‚quam
646 3274 768 3301 oratione
781 3273 924 3308 magnifici.
960 3273 1000 3300 Ad
1014 3274 1207 3301 inueniendum
1219 3275 1325 3302 acutior

280 3315 360 3345 atque
373 3308 491 3336 habilior
507 3308 636 3341 Quinctil.
650 3312 676 3342 6,
690 3319 712 3342 3,
727 3318 763 3336 12.
799 3309 867 3337 Adii.
883 3318 922 3341 10,
936 3318 956 3342 1,
969 3318 1012 3344 77.
1051 3318 1134 3343 i2,10,
1148 3319 1188 3343 39.
1209 3311 1274 3338 Non
1287 3311 1324 3338 est

281 3345 365 3372 homo
384 3344 488 3371 acutior
505 3344 644 3378 quisquam
658 3345 714 3372 Cic.
728 3347 804 3373 Verr.
818 3354 837 3379 4
856 3354 877 3371 c.
894 3354 932 3378 52.
968 3345 1131 3379 Callicrates,
1139 3345 1222 3373 homo
1236 3353 1262 3374 et
1275 3347 1326 3374 cal-

280 3381 365 3414 lidus,
385 3386 411 3407 et
425 3379 457 3406 ad
470 3378 591 3406 fraudem
604 3387 692 3407 acutus
711 3381 780 3416 Nep.
794 3391 838 3415 10,
852 3387 881 3414 8,
895 3390 913 3407 ι.
967 3382 1059 3408 Homo
1072 3388 1178 3415 acutus,
1194 3388 1220 3409 et
1232 3389 1326 3410 natura

281 3418 382 3452 vsuque
395 3415 504 3442 callidus
525 3415 581 3441 Cic.
595 3414 627 3441 dc
640 3416 714 3442 Orat.
729 3426 749 3449 1,
761 3426 819 3450 223.
875 3417 965 3444 Homo
980 3417 1008 3443 in
1021 3418 1115 3452 primis
1127 3424 1217 3444 acutus
1230 3419 1325 3446 Antio-

282 3452 345 3479 chus
361 3452 417 3479 Cic.
432 3451 464 3478 de
477 3450 540 3478 Nat.
554 3451 634 3477 Deor.
651 3460 670 3483 1,
684 3454 720 3478 16.
773 3452 926 3488 Philosophi
939 3453 1051 3480 minime
1064 3453 1129 3480 mali
1141 3453 1249 3488 quidem
1259 3475 1267 3488 ‚
1281 3454 1324 3481 sed

282 3497 338 3514 non
351 3488 410 3514 satis
424 3487 494 3514 acuti
507 3486 564 3513 Cic.
578 3486 630 3513 off.
645 3495 667 3526 3,
681 3495 720 3519 39.
776 3488 814 3515 Id.
830 3489 862 3515 de
875 3489 966 3516 Diuin.
981 3497 1000 3522 i,
1014 3497 1049 3524 79
1069 3498 1090 3515 c.
1104 3490 1135 3521 36
1160 3489 1236 3516 Aliae
1248 3499 1324 3525 agro-

1381 2854 1446 2884 gunt
1461 2848 1595 2877 dialce‘tici
1613 2849 1667 2876 Cic.
1684 2848 1717 2876 de
1731 2849 1805 2876 Orat.
1820 2858 1847 2881 2,
1859 2854 1899 2882 i58
1913 2858 1934 2874 c.
1948 2853 1985 2881 38.
2023 2847 2110 2875 Habet
2128 2856 2241 2874 acumen
2259 2847 2323 2874 haec
2342 2847 2428 2878 inter-1.

1381 2885 1497 2920 pretatio
1523 2886 1579 2912 Cic.
1594 2884 1625 2912 de
1646 2885 1719 2912 Orat.
1740 2893 1767 2917 2,
1786 2893 1844 2920 257.
1900 2883 2017 2911 Illudcre
2042 2884 2158 2910 nimium
2178 2883 2290 2910 alicuius
2312 2891 2422 2911 acumen

1381 2921 1438 2948 Cic.
1455 2920 1487 2947 de
1500 2921 1573 2948 Orat.
1583 2930 1603 2954 1,
1617 2928 1668 2955 143.
1863 2917 1884 2958 ff
1910 2928 1927 2947 2
1954 2917 2087 2952 Fastioium
2107 2926 2187 2950 notat,
2207 2926 2232 2946 et
2250 2929 2320 2955 quam
2333 2919 2422 2946 Graeci

1380 2955 1462 2989 οἰκμὴν
1471 2964 1560 2984 uocant
1575 2956 1674 2984 Arnob.
1688 2961 1779 2984 contra
1793 2956 1870 2982 Gent.
1884 2958 1901 2982 6
1914 2964 1938 2990 p.
1949 2960 1991 2987 ¹98
2012 2943 2057 2983 si'n.

1894 960 1969 994 Pssgffls
1980 967 2080 994 putare,
2095 968 2137 987 aut
2150 961 2191 987 hie:
2205 962 2330 986 Acutator
2340 961 2360 986 Ie
2379 969 2436 991 evi-s,

2010 1283 2124 1317 Lignum
2137 1282 2190 1308 sine
2206 1282 2326 1308 acumine
2339 1280 2429 1308 Ouid..

2445 2015 2451 2054 l

2022 2528 2053 2552 Et
2070 2527 2142 2554 Fani.
2155 2535 2178 2561 ς,
2193 2537 2222 2561 14
2242 2527 2298 2560 Qii
2311 2533 2421 2561 propter
2448 2540 2449 2546 =

2096 2954 2200 2988 Phryna
2214 2954 2260 2981 illa
2271 2954 2421 2999 Thespiae!
2444 2989 2445 2993 Ἰ

1418 3034 1464 3054 AC
1474 3035 1494 3054 V
1505 3035 1528 3054 M
1538 3028 1548 3054 ἰ’
1558 3036 1578 3055 Ν
1588 3035 1624 3062 O,
1643 3037 1676 3056 as.
1699 3026 1795 3062 [ὅξύνω
1815 3029 1927 3067 Acutum.
1936 3026 2018 3063 facio.
2048 3026 2166 3053 Laetant.
2180 3026 2213 3053 de
2233 3026 2329 3061 Opific.
2344 3027 2362 3053 6
2389 3025 2420 3053 In
2443 3011 2446 3018 Ι

1380 3063 1596 3099 quadrupedibus
1615 3069 1701 3091 autem
1719 3070 1871 3090 contextum
1891 3063 1979 3097 spinae
2004 3072 2019 3089 a
2037 3063 2141 3089 summo
2161 3063 2246 3097 capite
2269 3061 2420 3094 deductum,

1379 3099 1485 3134 longius
1500 3106 1572 3126 extra
1586 3109 1679 3135 corpus
1690 3099 1789 3132 eduxit,
1809 3105 1834 3126 et
1848 3099 2010 3125 acuminauit
2024 3099 2053 3125 in
2066 3098 2183 3125 caudam.

1417 3142 1439 3162 A
1448 3142 1465 3162 c
1474 3142 1494 3161 v
1504 3142 1527 3161 M
1539 3143 1547 3162 1
1557 3137 1610 3162 ΝᾹ
1617 3144 1638 3163 T
1648 3143 1669 3163 v
1678 3143 1707 3169 s,
1734 3134 1792 3162 Adi.
1821 3136 1834 3169 [
1841 3133 1952 3168 θηκτός]
1979 3135 2030 3170 Qu·
2043 3144 2141 3160 acumen
2155 3134 2240 3160 habet:
2261 3140 2300 3166 vt,
2318 3131 2419 3159 Telum
2441 3140 2444 3158 i

1339 3177 1368 3205 8,-
1380 3170 1559 3197 acuminatum
1579 3171 1646 3198 Plin.
1660 3180 1692 3205 11,
1705 3179 1730 3198 2.
1771 3171 1959 3197 Acuminatum
1973 3178 2056 3197 cornu
2070 3170 2147 3196 lunae
2168 3174 2203 3202 18,
2213 3189 2215 3191 .
2222 3177 2260 3203 33.
2303 3169 2419 3203 Linguae

1378 3212 1437 3234 cote
1451 3206 1546 3233 liuoris
1560 3207 1722 3234 acuminatae
1733 3206 1822 3233 Sidon.
1837 3212 1850 3237 8
1860 3207 1909 3240 Ep.
1925 3214 1943 3232 1.

1416 3248 1464 3269 Ac
1474 3249 1494 3268 v
1504 3249 1527 3268 M
1538 3250 1546 3269 1
1557 3250 1609 3270 NA
1619 3250 1656 3270 iu
1666 3249 1724 3275 vs,
1743 3250 1766 3275 a,
1781 3251 1835 3268 um.
1869 3243 1904 3268 Vt
1924 3241 1996 3268 mola
2009 3241 2183 3274 acuminaria,
2201 3242 2279 3266 armis
2288 3239 2346 3275 fiii.
2364 3246 2419 3272 acu·
2434 3243 2443 3255 ··

1379 3277 1458 3304 endis.
1496 3279 1553 3304 Vct.
1569 3280 1679 3314 Interpr.
1692 3278 1767 3305 Statii
1781 3277 1813 3304 ad
1832 3276 1924 3304 Theb.
1942 3286 1964 3310 3,
1985 3297 1991 3304 .
2011 3297 2018 3304 .
2404 3276 2420 3298 ’ν

1416 3320 1438 3340 Α
1447 3320 1464 3341 c
1473 3320 1494 3340 v
1504 3320 1519 3340 Ρ
1527 3320 1544 3340 Ε
1552 3320 1570 3341 D
1579 3322 1618 3342 iv
1627 3322 1656 3348 s,
1686 3313 1810 3349 [ὅξύπες]
1831 3313 1983 3346 dicebatur,
2010 3313 2054 3340 cui
2065 3311 2235 3347 praecipuum
2255 3315 2311 3336 erat
2324 3309 2352 3336 in
2363 3310 2431 3337 cur-‘

1339 3349 1464 3383 90rendo
1483 3358 1594 3377 acumen
1606 3350 1703 3386 pedum
1722 3349 1820 3376 Festus.
1857 3349 1964 3376 Lucilio
1983 3349 2019 3375 est
2034 3349 2157 3383 Scaligero
2170 3345 2418 3386 obsti-rianthgipet-
2439 3371 2441 3381 4

1416 3392 1492 3412 Acv
1502 3392 1585 3413 rani
1595 3394 1667 3419 VM,
1687 3385 1716 3412 ii.
1736 3394 1762 3412 n.
1778 3385 1857 3412 Glotr.
1871 3386 1963 3412 Graec.
1979 3385 2035 3412 Lat.
2055 3379 2176 3415 ἐξυποδία,
2195 3380 2368 3416 acupedium,
2379 3380 2416 3407 R
2439 3385 2441 3423 ᾗ

1377 3420 1573 3456 Aquipediimi,
1588 3419 1707 3455 δξυπσδίκ.
2257 3436 2268 3441 —

1415 3464 1438 3484 A
1447 3464 1463 3484 c
1474 3464 1493 3483 v
1503 3464 1518 3483 P
1528 3465 1535 3483 i
1545 3465 1561 3484 c
1570 3465 1591 3485 ‘r
1600 3465 1620 3485 0
1630 3465 1649 3485 R
1657 3478 1666 3491 ,
1686 3457 1749 3484 oris.
1769 3457 1845 3484 Alias
1870 3456 1993 3492 Phrygio.

1415 3499 1659 3527 Acvricrvs‚
1678 3501 1709 3526 a,
1729 3502 1783 3521 uni.
1822 3493 1949 3528 Acupieia
1967 3488 2045 3517 vestis
2067 3487 2158 3515 maor.
2180 3495 2225 3522 19,
2252 3495 2286 3515 22
2305 3483 2416 3514 aliasdt·
2438 3476 2439 3486 ¹

283 3532 343 3550 rum
357 3530 459 3559 partes,
479 3531 546 3558 quae
560 3529 634 3549 acuta
649 3523 754 3556 ingenia
763 3524 880 3558 gignant,
889 3524 955 3552 aliae
963 3533 1030 3560 quae
1038 3525 1133 3552 retusa.
1159 3526 1200 3552 Sic
1213 3525 1245 3552 de
1258 3527 1322 3554 Nat.
1332 3540 1365 3567 93
1376 3531 1443 3556 citur
1467 3527 1598 3563 Phrygia.-

283 3559 363 3586 Deor.
378 3568 404 3591 2,
416 3568 449 3592 42
476 3558 551 3585 Licet
565 3557 657 3584 videre
670 3559 789 3585 acutiora
801 3560 907 3595 ingenia
920 3566 952 3588 et.
960 3559 992 3588 ad
1006 3560 1207 3595 intelligendum
1222 3563 1326 3597 aptiora

284 3602 394 3626 eorum,
408 3595 455 3629 qui
467 3600 549 3621 terras
568 3593 688 3620 incolunt
702 3602 759 3626 eas,
780 3595 809 3620 in
823 3596 920 3630 quibus
933 3598 978 3624 a'e'r
990 3596 1020 3623 fit
1039 3605 1119 3631 purus
1133 3602 1181 3624 etc.
1228 3597 1324 3625 Claud.

284 3629 314 3656 in
326 3630 434 3663 Eutrop.
448 3638 474 3662 ι,
487 3638 522 3664 77
543 3629 584 3657 Sic
602 3629 671 3656 fatus
689 3635 795 3656 acutum
810 3631 969 3666 Aggreditur
986 3632 1091 3659 lenonis
1111 3641 1192 3667 opus,
1211 3636 1228 3659 i.
1242 3633 1325 3675 artifi-

283 3667 348 3692 cium
362 3664 485 3691 callidum.
523 3666 580 3693 Cic.
594 3665 622 3691 in
635 3665 711 3692 Orat.
726 3673 774 3698 124
797 3666 929 3702 Principia
947 3668 1111 3701 verecunda,
1130 3676 1184 3694 non
1198 3668 1273 3696 elatis
1286 3678 1325 3696 in-

284 3699 355 3726 tensa
369 3699 458 3726 verbis
470 3720 478 3732 ,
499 3701 540 3727 scd
553 3706 627 3728 acuta
642 3701 793 3734 sententiis,
816 3702 858 3728 vel
877 3703 909 3729 ad
920 3703 1091 3731 offensionem
1104 3703 1264 3738 aduersarii,
1281 3705 1453 3733 vel100ducit
1467 3715 1522 3732 acu.

283 3735 316 3762 ad
329 3733 584 3763 commendationem
593 3736 642 3763 sui.
684 3736 741 3763 Cic.
750 3735 782 3763 de
789 3737 923 3772 Opt.Gcn.
933 3741 1028 3773 Orat.5
1041 3749 1062 3766 c.
1077 3748 1093 3766 2.
1111 3740 1175 3766 Sunt
1185 3741 1258 3767 enim
1270 3741 1326 3767 sen-

284 3771 383 3798 tentiae
396 3769 519 3803 docendi,
528 3779 630 3798 acutae:
644 3771 802 3804 delectandi,
811 3773 881 3807 quasi
890 3782 1010 3808 argutae:
1028 3775 1216 3803 commonendi
1224 3785 1324 3811 graues.

327 3815 346 3839 4
371 3805 556 3833 Aduerbiali‘tcr
570 3808 683 3834 Acutum
703 3816 826 3841 cernere,
842 3806 890 3841 ist,
913 3811 1003 3838 Acute.
1051 3812 1118 3838 Hor.
1134 3811 1184 3838 Sat.
1201 3821 1227 3844 ι,
1247 3821 1275 3845 3,
1290 3814 1325 3839 26

313 3851 376 3868 uum
390 3847 435 3868 tua
455 3841 589 3875 peruideas
605 3843 687 3870 oculis
702 3843 770 3870 mala
785 3843 870 3878 lippus
890 3845 1022 3879 inunctis,
1057 3847 1113 3874 Cur
1133 3847 1161 3873 in
1175 3848 1323 3875 amicorum

283 3877 359 3904 vitiis
373 3882 427 3903 tam
440 3876 525 3902 cernis
539 3883 660 3911 acutum,
697 3880 785 3913 Qiam
799 3886 844 3906 aut
857 3880 955 3914 aquila,
970 3888 1016 3908 aut
1029 3883 1131 3920 serpens
1145 3881 1303 3918 Epidaurius
1313 3885 1368 3915 3103
1378 3883 1456 3912 nibus
1472 3884 1662 3920 distinguendis
1674 3879 1792 3910 Tei-tull.
1808 3878 1839 3906 de
1858 3879 1962 3908 Poenit.
1977 3887 1998 3906 c.
2013 3887 2050 3906 io.
2070 3897 2073 3903 .

284 3914 326 3942 Sic
339 3910 433 3941 Triste
447 3918 473 3938 et
487 3919 592 3940 acutum
605 3915 727 3942 resonare
746 3915 813 3944 Hor.
831 3914 879 3942 Sat.
896 3924 921 3948 i,
936 3921 966 3948 8,
981 3926 1017 3948 41.

1417 3570 1534 3597 ACVS,
1566 3564 1604 3592 sis.
1622 3564 1642 3590 f.
1668 3562 1780 3598 [CeM'vn]
1804 3563 1846 3591 Est
1869 3563 1970 3596 (inquit
1989 3559 2095 3591 Festus)
2115 3566 2167 3594 qua
2181 3557 2348 3589 sarcinatrix‚
2373 3554 2415 3583 vel

1380 3600 1460 3626 etiam
1474 3601 1594 3627 ornatrix
1606 3600 1699 3627 vtitur.
1737 3599 1793 3626 Cic.
1804 3606 1852 3634 pro
1865 3596 1969 3636 Milon..
1977 3597 2012 3622 66
2030 3595 2131 3634 Vulnus
2139 3594 2165 3621 in
2174 3593 2264 3626 latere,
2285 3591 2357 3627 quod
2369 3597 2416 3619 acu

1380 3634 1507 3670 punciiuni
1521 3636 1667 3668 videretur,
1687 3644 1736 3670 pro
1757 3634 1813 3661 ictu
1828 3631 1984 3667 gladiatoris
2005 3636 2101 3670 putari.
2281 3663 2286 3668 .

1381 3672 1472 3698 quen.
1486 3680 1511 3703 2,
1526 3680 1560 3704 94
1597 3671 1644 3698 Ille
1658 3669 1826 3706 supercilium
1839 3666 1945 3693 madida
1962 3665 2075 3700 fuligine
2087 3664 2187 3692 tactum
2223 3663 2340 3698 Obliqua
2357 3669 2414 3696 pro-

1585 3707 1643 3734 isid.
1659 3709 1736 3743 plura
1749 3711 1788 3744 “R-
1809 3702 1912 3729 Salmas.
1927 3703 2017 3729 Exere.
2031 3701 2097 3727 Plin.
2113 3709 2137 3735 p.
2154 3709 2201 3734 534

1381 3742 1463 3769 Ouid.
1479 3743 1498 3768 F
1500 3742 1543 3768 ast.
1557 3752 1582 3775 2,
1599 3751 1657 3778 377.
1694 3740 1801 3772 Aisyria,
1822 3737 1850 3764 ob
1863 3741 1982 3765 rationem
1996 3746 2068 3773 quam
2081 3736 2187 3762 dicemus
2199 3739 2226 3761 in
2239 3741 2319 3762 Acvs
2333 3737 2414 3774 smil-

1381 3785 1502 3810 RAMIA,
1522 3778 1614 3805 Claud.
1635 3778 1667 3804 de
1681 3774 1821 3804 Phoenice.
1858 3774 1925 3800 Acus
1939 3772 2081 3805 Babylonis
2094 3771 2260 3804 Martial.i4,
2281 3778 2331 3802 150.
2357 3765 2412 3795 Vid-

1381 3819 1574 3840 SEMJRAMiA.
1612 3814 1678 3840 Acus
1692 3808 1797 3837 crinalis
1809 3809 1935 3843 Apuleius
1947 3809 2012 3835 Met.
2027 3811 2042 3836 8
2063 3816 2086 3841 p.
2103 3814 2162 3840 ²07·
2200 3807 2312 3833 Comere
2330 3809 2413 3842 comat

1379 3857 1427 3875 acu
1447 3849 1580 3883 Qunc‘til.
1589 3858 1614 3882 2,
1626 3857 1648 3882 ς,
1662 3855 1698 3874 12.
1737 3845 1805 3870 Hinc
1818 3844 1973 3871 Comatoria
1985 3851 2045 3870 acus
2056 3843 2160 3869 Petron.
2177 3851 2198 3868 c.
2212 3850 2250 3867 21.
2288 3842 2354 3880 Acus
2365 3845 2414 3864 cri·

2099 3876 2291 3905 Discriminaiis
2303 3875 2413 3935 1112th-

2363 3916 2396 3943 po
2407 3926 2413 3933 .

2228 3937 2235 3948 t

2158 3630 2303 3656 Ornatricir
2321 3625 2356 3660 est
2373 3624 2416 3653 [lla
2436 3623 2439 3654 f

2255 3699 2322 3725 Acus
2336 3697 2416 3727 aheni
2436 3732 2437 3736 Ἰ
