2474 4182
245 156 313 186 ιω
609 138 644 179 c
738 137 775 176 ο
869 133 912 174 N
1711 126 1746 168 c
1790 115 1793 116 ’
1833 126 1871 166 o
1957 126 2001 169 N
2306 146 2388 176 am

247 234 304 261 Cic·
319 233 347 259 i„
359 230 448 259 Parad·
464 238 485 263 3·
574 228 720 256 Cominere
733 225 784 251 sese
799 224 827 250 in
840 224 944 251 occulto
958 224 1029 250 Caes.
1045 221 1109 248 Bell.
1124 220 1192 248 Gall.
1207 229 1238 252 2,
1254 223 1287 248 18.
1352 218 1402 250 Id,
1421 217 1485 253 quod
1503 220 1658 251 continetur,
1682 217 1741 243 Vct.
1756 216 1835 243 GlosI‘.
1850 215 1958 251 περιοχή.
2008 217 2126 246 Macrob.
2139 218 2227 247 Somn.
2239 219 2306 254 scip.
2318 229 2334 247 2
2360 231 2389 250 12

247 269 392 297 continere
404 269 428 294 se
442 265 517 293 domi
530 270 575 292 aut
588 264 645 290 ruri
658 263 726 288 Ter·
742 260 848 287 Phorm·
863 268 889 293 2,
909 262 986 292 216,
1039 259 1080 285 Sic
1100 256 1244 283 Continere
1264 255 1290 280 sc
1351 254 1466 279 Omnem
1489 254 1576 287 operis
1598 253 1790 280 continentiam
1810 252 1965 284 reuoluam,
1989 254 2007 278 i.
2025 261 2202 288 argumentum.
2273 241 2388 290 Fulgssnt.
2436 248 2438 250 Ι

247 305 324 332 tectis
338 304 404 330 Plin.
421 312 453 335 11,
470 311 506 328 io.
578 301 634 326 Nec
654 299 678 323 se
692 296 775 322 solum
795 296 864 323 intra
881 295 963 322 verba
981 293 1115 320 continuit
1133 293 1201 318 Petr.
1221 300 1241 330 c:
1257 298 1288 316 ii.
1353 288 1467 320 Mythol.
1481 297 1504 320 3,
1518 291 1534 313 6
1554 290 1635 314 Paene
1648 289 1762 316 duorum
1776 288 1908 315 librorum
1923 288 2086 315 continentia
2094 290 2218 323 Apuleius
2233 296 2330 317 tantam
2343 292 2390 319 fal.
2432 310 2433 313 ,

248 340 391 368 Moenibus
410 338 483 365 vrbis
499 338 523 363 se
541 335 621 361 Ouid.
636 334 700 360 Met.
715 341 754 365 13,
769 340 830 366 207.
901 331 997 362 Domi,
1018 335 1096 363 atque
1115 328 1184 354 intra
1202 334 1289 360 priua·
1352 324 1456 350 sitatum
1477 324 1628 358 congeriem
1648 325 1798 357 manauit,
1822 323 1896 360 pqffis
1914 326 2093 358 interpretari,
2116 324 2206 352 duobus
2223 327 2296 353 libris
2315 331 2392 355 comi.

248 383 289 404 tos
298 377 408 411 parietes
417 375 532 407 aliquem
542 369 650 404 Qun&
660 377 711 401 i,2.
753 367 888 394 Contineo
895 376 937 393 me
944 366 977 392 ab
985 364 1112 398 exemplis
1120 363 1226 390 Graecis
1235 362 1290 388 Cic.
1311 370 1324 396 ς
1350 360 1475 386 mutibus.
1501 357 1588 392 Exstat
1600 359 1706 385 ciusdem
1713 360 1847 395 Fulgentii
1860 359 1929 386 liber
1942 359 1974 385 de
1981 359 2148 393 Expositione
2155 360 2318 395 Virgilianae
2332 371 2391 390 coii-

249 413 280 439 de
299 412 386 439 Finib,
406 419 437 442 2,
457 411 498 434 62.
571 405 717 432 Continere
736 404 760 429 se
779 403 813 430 ab
832 402 992 429 assentiendo
1012 400 1084 426 Idem
1097 398 1175 426 Acad.
1188 406 1215 431 4,
1231 406 1288 430 104.
1351 395 1496 427 tinentiae,
1516 398 1534 421 i.
1555 404 1652 426 eorum,
1671 403 1732 430 qnae
1749 399 1907 422 continentur
1926 398 1953 421 in
1966 394 2082 421 Aeneide.
2141 396 2199 421 Vid.
2212 397 2340 424 Mancker.
2359 398 2392 425 ad

247 449 392 476 continere
410 445 500 471 animo
519 451 548 468 ac
568 440 699 468 memoria
717 439 804 466 fontes
822 439 943 465 omnium
957 445 1061 467 rerum,
1079 443 1145 470 quae
1158 433 1191 460 ad
1204 433 1290 459 dicen·
1348 434 1526 470 principium..
1571 430 1697 456 Aethiciis
1714 430 1852 465 Cosinogr.
1867 438 1911 467 pr.
1939 431 1975 457 Ac
1990 430 2023 458 sic
2041 430 2128 456 omnis
2141 430 2214 457 orbis
2228 437 2313 458 terrae
2347 446 2390 455 —.

246 485 310 511 dnm
325 483 455 518 pertinent
474 479 529 505 Cic.
544 477 575 503 de
590 478 665 504 Orat.
679 485 700 508 i,
714 484 759 509 94.
813 474 887 501 Idem
905 474 936 500 de
949 472 1010 499 Diu.
1028 481 1047 503 1,
1062 479 1093 504 39
1113 471 1204 503 Qum
1216 477 1290 504 prae·
1353 477 1368 494 a
1383 465 1579 494 dimensoribus
1592 470 1744 501 peragratus
1758 464 1810 497 est,
1831 472 1856 492 et
1872 467 1904 493 de
1922 466 1997 493 omni
2012 465 2070 492 eius
2086 466 2249 492 continentia
2265 467 2391 501 perlatum

247 529 326 556 gnans
344 519 411 544 hune
423 516 509 550 ipsum
523 512 678 545 Dionysium
697 511 758 538 aluo
778 511 942 540 contineret,
962 507 1122 541 somniauit,
1139 512 1185 532 etc.
1258 505 1269 530 Ι
1352 503 1389 530 est
1406 502 1439 530 ad
1453 503 1583 529 Senatum.
1619 501 1714 528 Omnis
1728 506 1815 527 terne
1827 501 1900 528 orbis
1912 502 1992 529 habet
2009 501 2094 528 maria
2107 502 2178 528 ΧΧΧ
2189 502 2288 528 msulas
2300 503 2392 532 LXXH

246 556 307 582 alno
322 556 390 588 spem
408 561 423 578 a
442 552 503 577 viro
517 548 727 575 commendatam
741 547 859 573 continet
878 545 976 572 mulier
995 544 1050 570 Cic.
1066 551 1115 577 pro
1128 541 1233 568 Cluent.
1246 548 1258 571 3
1281 557 1288 565 .
1304 548 1333 566 ιο
1351 546 1396 566 etc.
1594 533 1615 573 ff
1636 546 1648 569 3
1684 536 1861 570 Cohaerentia,
1880 538 1976 571 συνοχή.
2002 536 2121 565 Macrob.
2134 537 2185 563 Sat.
2200 546 2223 570 ς,
2236 544 2260 570 ις
2286 538 2334 564 Sed
2345 547 2392 566 nee
2438 557 2442 565 ,

247 593 327 619 plant.
342 587 436 622 Amph.
451 595 475 617 2,
489 593 537 618 2‚5
563 586 604 611 An
621 583 757 619 tempestas
775 582 908 612 continet,
927 580 990 616 qui,
1009 586 1052 605 etc.
1083 581 1102 604 i.
1115 577 1223 609 detinet,
1243 578 1289 601 im·
1351 576 1380 602 in
1399 574 1518 608 catalogo
1533 573 1696 599 auxiliorum
1709 572 1821 604 Turni,
1836 571 1854 597 ti
1868 572 1934 598 velis
1953 573 2029 600 situm
2050 573 2173 599 locorum
2186 579 2273 599 mente
2291 582 2392 607 percur.
2438 567 2451 577 ‘¹

241 626 328 662 pedit,
349 631 372 650 ct
385 629 532 650 remoratur.
587 650 590 654 ⁴
730 616 750 655 ἢ
770 627 782 651 3
819 620 887 653 Qut
900 616 1054 652 fiquuntqr,
1071 613 1134 640 idem
1142 612 1202 648 scre
1216 617 1290 647 atque
1352 619 1428 642 rere,
1449 609 1568 635 inuenies
1581 608 1658 634 illuni
1675 608 1869 634 continentiam
1880 608 2020 642 regionum
2033 610 2182 644 sequutum.
2236 608 2320 635 Paullo
2338 616 2394 638 ante

245 660 316 694 i'mflb
323 658 480 696 fignificant.
522 657 572 688 Vt,
592 654 718 682 Continet
730 654 840 689 epistola
854 653 947 684 tertia,
963 652 1011 678 effe
1023 650 1075 677 tibi
1087 649 1217 677 redditam
1231 655 1290 673 ora·
1351 646 1469 677 dixerat,
1489 643 1694 671 Cohaerentiam
1711 644 1861 678 regionum.

245 698 347 724 tionem
369 704 417 729 pro
429 693 522 720 Clario
539 692 604 719 Plin.
618 691 695 725 Epist.
712 700 739 723 9,
760 695 795 720 28-
822 692 840 715 i.
860 686 923 722 inest
935 691 962 714 in
977 685 1085 722 epistola.
1157 684 1212 710 Cic.
1233 683 1287 708 Att.
1386 687 1431 707 co
1442 686 1463 705 N
1472 687 1494 706 ‘r
1505 687 1512 705 i
1523 687 1569 706 NE
1579 687 1656 707 NTE
1667 687 1695 706 R.
1726 679 1845 705 Aduerb.
1880 677 2035 714 [ἐγκρατός,
2049 679 2194 712 καθεκτῶς]
2224 681 2244 705 i.
2259 678 2392 715 coniiine'le,
2427 678 2438 691 ‘⁸

247 742 287 766 14,
301 741 334 759 22
362 732 378 756 s.
399 730 447 757 lib.
464 735 527 755 extr.
553 729 645 762 Itaque
668 735 710 752 ine
732 726 794 752 idus
816 724 930 751 Martiae
952 732 1006 750 non
1027 729 1079 749 tam
1103 719 1288 747 consolantur,
1307 726 1332 751 1,-
1350 718 1510 751 continueque
1523 715 1558 741 ad
1569 717 1648 742 locum
1666 721 1689 741 et
1702 721 1749 741 tem
1767 724 1798 741 us
1810 714 1932 750 refertur.
1974 714 2048 741 Caes.
2061 716 2125 742 Bell.
2141 715 2210 741 Gall.
2224 723 2250 747 i,
2268 722 2279 740 1
2303 714 2394 750 Belgae
2429 718 2472 740 1‘0-

245 777 325 803 quam
345 773 440 793 antea:
474 765 601 799 Magnum
622 762 694 789 enim
719 760 843 787 mendum
862 760 1006 786 continent.
1077 756 1208 782 Naturam
1229 760 1288 791 eain
1350 761 1410 778 cum
1424 751 1564 778 Germanis
1578 751 1746 778 continenter
1777 750 1859 777 ellum
1871 755 1973 784 gerunt.
2044 750 2159 777 Biduum
2179 750 2343 777 continenter
2358 750 2394 778 la·
2454 762 2463 780 ,ι

245 805 274 831 in
289 805 313 830 se
328 803 385 838 ipso
399 800 517 828 continet
531 806 620 826 motus
632 797 811 830 voluntarius,
824 802 853 823 vt
865 795 895 822 sit
908 796 937 822 in
949 793 1036 820 nostra
1050 790 1186 831 potestate,
1198 787 1288 828 nobis·
1351 787 1458 822 pidibus
1472 787 1540 821 pluit
1553 788 1612 815 Liu.
1627 795 1662 821 ες,
1676 794 1701 821 7.
1757 786 1935 814 Continenter
1949 793 2004 812 vno
2016 785 2109 820 spiritu
2122 786 2206 813 multa
2220 785 2307 812 dicere
2319 786 2392 815 Aufl.
2427 770 2431 792 ι
2455 790 2459 800 ‘

245 849 298 875 que
315 843 404 874 parcat
423 837 479 863 Cic.
505 835 536 862 de
560 836 615 862 Fat.
636 841 666 866 ις
693 843 715 860 c.
731 841 762 860 ii.
833 832 991 859 Continctur
1005 826 1111 862 publica
1129 825 1194 851 lalus
1215 831 1288 849 inco·
1350 823 1383 850 ad
1397 824 1461 849 Her.
1477 831 1489 855 3
1511 832 1531 849 c.
1548 832 1580 849 12.
1652 824 1729 856 Qiae
1742 821 1812 849 facia
1825 822 1883 848 sunt
1899 822 2067 848 continenter
2080 831 2163 856 vsque
2177 822 2208 848 ad
2222 822 2307 856 ipsum
2317 829 2393 857 nego.
2428 824 2432 848 ἐ

246 876 366 902 lumitate
385 873 457 900 illius
479 872 545 899 Plin.
564 870 641 906 Epist.
659 878 703 903 io,
721 876 757 902 35.
833 865 989 896 Contineri,
1010 862 1038 887 de
1057 861 1239 887 medicamentis
1259 862 1286 884 in
1351 860 1419 886 tium
1433 858 1489 885 Cic.
1505 858 1607 885 delmi.
1623 867 1632 884 1
1652 867 1673 884 c.
1687 860 1730 885 26.
1802 857 1978 884 Continenter
1997 857 2038 884 ire
2059 858 2160 884 Paullus
2178 858 2206 884 in
2226 858 2243 884 l.
2259 856 2393 886 seruitute:
2430 861 2432 875 r

243 920 319 938 vnum
333 911 476 945 temperatis
513 906 596 934 Scrib.
613 908 669 933 106.
740 904 828 931 Salute
841 902 950 929 alicuius
968 898 1076 925 alterius
1095 896 1204 923 salutem
1225 904 1286 935 con·
1296 905 1333 924 20
1349 894 1521 930 praediorum
1548 895 1580 921 D.
1596 893 1628 921 de
1642 894 1733 921 seruit.
1930 890 1952 930 ff
1973 901 1989 919 2
2029 894 2215 928 Temperanter.
2249 893 2306 920 Cic.
2319 892 2393 922 Offie.

244 947 325 974 tineri
339 945 395 973 Cic.
410 953 458 979 pro
472 942 590 970 Marcell.
604 950 640 974 23.
711 940 871 967 Continctur
888 934 1007 962 honestas
1026 942 1056 973 ex
1072 938 1189 967 quatuor
1204 936 1288 957 Virtu-
1350 940 1371 964 i,
1386 933 1433 957 106
1453 939 1475 957 c.
1489 939 1522 963 30
1545 932 1632 965 Atque
1650 931 1730 956 etiam
1744 928 1763 955 fi
1785 928 1949 955 considerare
1967 928 2104 960 volemus,
2122 937 2188 964 quae
2211 928 2240 954 sit
2260 929 2289 955 in
2306 934 2395 958 natur.
2456 950 2460 958 ‚

243 982 315 1010 (ibus
330 981 403 1008 Idem
417 980 449 1006 de
461 979 550 1007 anjb,
563 988 588 1012 2,
609 984 645 1010 35.
718 978 748 1002 Et
768 982 816 1008 pro
830 971 909 998 Arch.
929 980 941 997 2
969 971 1072 996 Etenim
1091 977 1182 994 omnes
1203 972 1288 999 artes,
1350 966 1468 993 hominis
1481 966 1636 993 excellentia
1651 972 1676 992 et
1688 965 1819 1000 dignitas,
1839 964 2030 999 intelligemus,
2044 974 2122 999 quain
2137 964 2167 991 tit
2185 970 2262 999 turpe
2283 963 2395 993 defluere
2455 981 2459 987 .

243 1027 311 1053 quae
325 1017 357 1044 ad
365 1016 554 1043 humanitatem
571 1013 712 1049 pertinent,
727 1010 824 1036 habent
837 1006 971 1042 quoddam
982 1013 1121 1045 commune
1135 1002 1289 1042 vinculum,
1351 1002 1472 1034 luxuria,
1493 1008 1519 1028 et
1538 1002 1648 1028 delicate
1668 1011 1696 1028 ac
1716 1000 1837 1028 molliter
1855 1000 1951 1027 viuere
1967 1011 1972 1026 :
1997 1009 2130 1035 quamque
2150 1000 2289 1026 honestum
2307 1008 2400 1035 parce*

242 1061 269 1081 et
282 1053 353 1089 quast
367 1052 525 1087 cognatione
539 1050 651 1084 quadani
664 1048 733 1072 inter
746 1046 771 1070 se
786 1044 966 1070 continentur.
1041 1042 1098 1080 Cic.
1118 1048 1167 1075 pro
1181 1040 1287 1065 Caecin.
1351 1039 1534 1071 continenter,
1559 1038 1666 1070 seuere„
1685 1036 1784 1064 sobrie.
1859 1036 2088 1064 Continentislime
2108 1036 2154 1063 diu
2175 1036 2245 1063 vixit
2263 1036 2396 1071 Augustini
2442 1022 2470 1063 ’ῃίἸ

242 1098 271 1124 53
297 1090 405 1116 Tamen
423 1094 449 1114 et
470 1086 516 1121 ipsi
537 1093 596 1112 tuae
618 1081 737 1108 familiae
763 1086 788 1106 et
807 1088 901 1114 genere
924 1086 949 1105 et
973 1085 1083 1104 nomine
1106 1075 1286 1102 continentur.
1299 1083 1331 1109 23
1348 1075 1395 1109 Ep.
1414 1082 1470 1107 ¹99-
2384 1074 2386 1078 ¹
2442 1075 2443 1078 ¹

242 1124 466 1159 Philosophorum
484 1122 560 1148 libris
578 1117 680 1152 aliquid
700 1116 852 1142 continetur
869 1113 1001 1148 anffil.
1022 1114 1050 1139 in
1065 1120 1186 1146 prooem.
1202 1110 1249 1137 lib.
1265 1118 1285 1136 1.
1387 1117 1404 1137 C
1414 1116 1434 1136 0
1445 1117 1466 1136 N
1476 1115 1678 1141 TENTVS,a‚
1685 1106 2022 1144 υιι].[οἷρκέμενος,οἷγαπῶ“ν]
2043 1109 2139 1135 Nomen
2149 1106 2396 1142 adiefh'uumpotius‚

243 1163 330 1196 Atque
344 1161 405 1187 haec
423 1158 513 1185 omnia
526 1163 579 1181 vno
593 1153 677 1181 verbo
696 1152 867 1178 continentur
881 1151 937 1177 Cic.
951 1150 982 1176 de
996 1150 1070 1176 Orat.
1083 1156 1110 1180 2,
1124 1156 1175 1180 150.
1349 1155 1421 1182 quani
1436 1147 1618 1180 Participium,
1643 1151 1673 1171 vt
1690 1147 1729 1171 aie
1748 1144 1822 1170 Valla
1839 1153 1860 1176 1,
1874 1153 1905 1176 3ο
1928 1147 1972 1180 qui
1984 1147 2109 1176 continet,
2125 1141 2189 1180 quod
2199 1151 2282 1170 ammo
2289 1143 2410 1179 Jatisfm·
2453 1157 2465 1174 5

279 1203 296 1223 c
306 1203 325 1223 o
336 1203 356 1221 N
368 1202 389 1221 T
399 1203 408 1221 1
417 1201 438 1219 N
450 1200 466 1219 i:
476 1199 497 1218 N
508 1190 614 1223 S,entis.
628 1189 721 1215 Partic.
739 1186 879 1221 [συνεχὴς]
909 1183 1164 1218 Vt,C0ntinentium
1177 1180 1288 1208 morbos
1349 1186 1385 1208 cit
1394 1202 1402 1214 ‚
1422 1191 1471 1207 non
1484 1184 1526 1216 qui
1540 1183 1688 1207 continetur.
1746 1180 1829 1207 Plaut.
1844 1180 1927 1206 Merc.
1940 1188 1967 1212 4,
1978 1182 2005 1212 6,
2018 1184 2031 1210 8
2052 1179 2123 1206 Nam
2136 1188 2206 1206 vxor
2219 1185 2338 1205 contenta
2351 1178 2398 1213 est-,-
2451 1178 2467 1210 ’ς

241 1233 378 1259 causarum
392 1229 488 1256 notitia
507 1227 573 1254 Cels.
591 1235 599 1252 i
620 1224 703 1260 praef.
776 1224 841 1250 Non
856 1222 992 1248 continens
1006 1221 1127 1247 lacrimas
1140 1220 1205 1245 Aur.
1216 1216 1288 1243 Vici·
1351 1226 1419 1253 quae
1431 1217 1502 1243 bona
1515 1216 1551 1242 cst
1560 1237 1568 1249 ,
1590 1225 1642 1242 vno
1653 1216 1724 1242 viro.
1786 1217 1975 1242 contentiores
1987 1224 2064 1250 mage
2079 1222 2157 1242 erunt
2170 1222 2249 1250 atque
2263 1214 2336 1241 auidi
2349 1214 2397 1242 mi.
2444 1221 2445 1226 ¹
2463 1232 2468 1241 ,

243 1269 299 1294 Vir.
313 1266 408 1293 Illustr.
429 1272 473 1299 77.
650 1259 671 1296 fl
696 1269 709 1285 2
747 1258 807 1285 Adi.
849 1260 1036 1293 Temperantem
1050 1254 1183 1292 fignificat
1203 1259 1226 1280 et
1247 1252 1287 1277 ab·
1301 1263 1333 1288 30
1350 1263 1399 1280 nus
1412 1254 1496 1279 Plaut.
1510 1253 1590 1279 Poen.
1604 1261 1628 1283 2,
1645 1261 1666 1284 1,
1681 1259 1715 1284 ις.
1785 1251 1841 1278 Cic.
1860 1260 1910 1286 pro
1928 1251 2025 1285 Qiint.
2047 1260 2081 1278 12
2110 1251 2281 1286 Posteaquam
2301 1250 2397 1284 nescio,
2414 1248 2425 1254 ’“
2456 1260 2466 1268 ¹·

234 1302 385 1337 finientem,
405 1303 448 1336 qui
464 1305 546 1334 nempe
561 1298 586 1324 se
599 1297 733 1323 contineat
753 1298 823 1321 intra
837 1295 929 1320 limites
943 1295 1060 1319 uirtutis.
1132 1290 1201 1316 Ter.
1221 1289 1287 1314 Eun.
1351 1289 1415 1325 quid
1430 1288 1577 1324 impendit,
1596 1294 1622 1314 et
1636 1288 1664 1314 in
1677 1296 1819 1313 commune
1840 1287 1970 1320 contulit,
1989 1286 2119 1314 mediocri
2137 1287 2244 1322 quaestu
2262 1291 2400 1316 contentae

242 1347 264 1369 2,
278 1347 297 1370 i,
311 1346 338 1364 21
363 1338 422 1363 Hoc
441 1344 521 1362 nemo
535 1334 587 1360 fuit
606 1333 694 1359 minus
708 1331 827 1365 ineptus,
845 1329 928 1364 inagis
944 1330 1049 1355 seuerus
1069 1326 1223 1362 quisquam,
1241 1332 1289 1350 nec
1351 1327 1399 1352 esse
1413 1334 1467 1351 non
1481 1329 1593 1359 poterat.
1665 1323 1740 1350 Idem
1753 1323 1842 1350 Parad.
1858 1325 1875 1349 6
1900 1323 2005 1358 Opinor
2019 1323 2048 1349 in
2062 1331 2109 1354 eo,
2128 1324 2174 1350 cui
2193 1328 2264 1349 tanta
2284 1321 2410 1357 possessio.

240 1374 324 1408 magis
339 1373 484 1399 continens.
559 1370 628 1403 Nep.
644 1376 682 1400 25,
699 1375 731 1399 13,
745 1375 764 1400 4
793 1366 860 1393 Non
873 1366 1080 1400 intemperanter
1093 1361 1288 1396 concupiscere,
1352 1361 1405 1394 est,
1424 1366 1453 1387 vt
1467 1361 1499 1387 ad
1512 1359 1660 1386 liberaliter
1674 1358 1822 1386 viuendum
1838 1358 1917 1385 facile
1936 1364 2074 1385 contentus
2087 1358 2126 1385 sit.
2198 1359 2254 1386 Cic.
2268 1357 2299 1384 de
2313 1357 2397 1385 Amic.
2459 1378 2467 1383 ..

240 1409 401 1436 continentis
413 1407 492 1434 debet
506 1406 577 1432 duci.
629 1404 695 1430 Plii'i.
708 1404 753 1437 Ep.
769 1410 791 1435 ς,
804 1410 838 1428 20
855 1403 947 1428 Parcus
962 1406 987 1427 et
1001 1399 1149 1426 continens.
1219 1396 1287 1422 Com·
1351 1406 1384 1424 21
1413 1398 1463 1423 His
1483 1396 1632 1422 communis
1651 1396 1708 1423 vita
1726 1399 1849 1421 contenta
1870 1394 1916 1421 est.
1994 1394 2121 1422 Contenti
2135 1394 2213 1421 simus
2227 1394 2277 1421 hoc
2298 1395 2396 1421 Catone
2457 1384 2474 1419 ἰ.

235 1452 322 1482 parat.
341 1445 413 1471 Caes.
427 1443 492 1470 Bell.
506 1442 566 1469 Ciu.
581 1449 601 1473 1,
614 1448 644 1472 23
664 1439 744 1473 Qiod
758 1446 853 1464 aurum
873 1436 1017 1463 adduxerat
1031 1434 1177 1465 Domitius,
1189 1431 1288 1463 reddit,
1306 1437 1333 1464 35
1351 1434 1422 1460 Suet.
1441 1431 1549 1467 August.
1571 1437 1612 1466 87.
1667 1431 1784 1465 Angusto
1795 1431 1874 1457 clauo
1887 1439 1970 1466 paene
1983 1435 2120 1457 contentus
2134 1431 2203 1457 Vell.
2216 1438 2243 1462 2,
2252 1434 2289 1460 88.
2330 1429 2398 1456 Con-

240 1491 272 1508 ne
292 1479 472 1507 continentior
489 1478 517 1504 in
537 1478 593 1503 vita
614 1475 771 1506 hominum,
792 1482 872 1508 quain
891 1473 919 1499 in
932 1472 1043 1507 pecunia
1062 1470 1139 1496 fuisse
1155 1467 1287 1495 videatur.
1350 1475 1437 1495 tentus
1452 1468 1487 1495 est
1502 1476 1586 1502 paruo
1598 1467 1656 1493 Cic.
1669 1466 1701 1493 de
1714 1467 1822 1494 Amicit.
1838 1472 1867 1497 88
1885 1476 1907 1493 c.
1922 1475 1961 1499 23.
2033 1466 2152 1493 Honesto
2165 1475 2250 1501 paruo
2263 1470 2398 1492 contentus

239 1518 297 1544 Cic.
311 1515 419 1543 Parad.t
440 1516 471 1541 In
484 1522 538 1548 quo
552 1511 676 1547 equidem
691 1509 974 1536 continentissimorum
989 1506 1141 1537 hominum,
1154 1504 1288 1530 maiorum
1351 1504 1445 1531 Claud.
1462 1504 1490 1530 in
1504 1503 1573 1530 Ruff.
1587 1511 1608 1535 1,
1623 1511 1675 1529 201.
1746 1502 1884 1530 Libertate
1905 1503 1961 1529 Cic..
1976 1501 2009 1528 de
2024 1502 2083 1529 Fin.
2097 1510 2125 1535 1,
2161 1522 2168 1528 .
2205 1522 2211 1528 ,
2282 1501 2397 1528 Minimo

240 1552 408 1584 nostrorum,
431 1552 505 1584 saepe
517 1548 628 1583 requiro
641 1545 816 1581 prudentiam.
1015 1541 1036 1581 ff
1054 1550 1068 1574 3
1103 1542 1177 1575 Saepe
1196 1543 1222 1579 in
1233 1542 1289 1573 pri·
1350 1540 1463 1574 Turpis.
1481 1539 1548 1574 apud
1559 1539 1636 1565 Prisc.
1652 1547 1677 1572 p.
1692 1540 1761 1570 1326.
1833 1538 1945 1564 Modico
1961 1539 2022 1564 qu.
2037 1538 2089 1564 Sat.
2103 1546 2130 1571 9,
2144 1546 2169 1571 9.
2225 1537 2314 1564 Paucis
2331 1537 2396 1564 Hor.

238 1592 288 1615 mis
301 1587 364 1613 idem
379 1586 426 1620 qli,
446 1585 511 1621 quod
528 1585 680 1614 Continuus,
700 1578 900 1616 coniunctus-que.
955 1579 1017 1605 Liu.
1055 1600 1060 1605 .
1099 1597 1105 1602 .
1142 1578 1288 1603 Contincns
1351 1577 1432 1602 Serni.
1448 1584 1468 1608 i,
1482 1584 1504 1607 3,
1521 1577 1558 1601 16.
1631 1574 1794 1600 Contentum
1811 1574 1865 1600 suis
1883 1573 1972 1601 Rebus
1992 1574 2056 1607 esse,
2073 1574 2205 1600 maximae
2221 1574 2280 1599 sunt
2297 1572 2397 1599 cei-(iffi.

240 1624 384 1658 imperium
400 1630 481 1656 vsque
495 1620 526 1646 ad
540 1628 587 1645 nos
599 1617 732 1644 habebitis
740 1637 748 1649 ,
768 1619 787 1642 i.
795 1615 851 1650 stne
864 1615 912 1642 ullo
925 1614 1066 1641 interuallo.
1138 1612 1210 1638 Huic
1227 1620 1286 1636 con·
1296 1621 1333 1645 40
1350 1620 1462 1646 maeque
1475 1611 1587 1637 diuitiae
1600 1610 1657 1637 Cic.
1672 1609 1762 1636 Parad.
1776 1611 1804 1642 6,
1816 1617 1839 1641 3.
1910 1610 1971 1635 Vno
1982 1609 2157 1636 Testimonio
2171 1609 2270 1636 erimus
2283 1607 2398 1636 contenti

239 1660 325 1687 tineus
345 1660 391 1685 ae'r
411 1658 467 1684 Cic.
481 1656 513 1682 de
527 1656 624 1682 Natur.
638 1654 719 1679 Deor.
733 1661 746 1677 2
771 1661 792 1677 c.
807 1659 849 1684 45.
920 1649 1102 1684 Cappadociae
1121 1657 1179 1683 pars
1188 1667 1197 1680 ,
1218 1655 1286 1681 quac
1350 1649 1443 1682 Nepos
1463 1656 1496 1679 13,
1515 1656 1544 1680 4,
1563 1655 1587 1673 2.
1659 1645 1739 1672 Viuit
1752 1645 1797 1671 sua
1812 1645 1882 1672 sorte
1894 1645 1991 1672 Horat.
2002 1645 2084 1672 Sei-m.
2095 1654 2116 1678 i,
2130 1654 2150 1678 i,
2159 1654 2181 1678 3.
2255 1645 2397 1672 Contenta·

240 1705 301 1723 cuin
315 1694 411 1721 Cilicia
427 1692 564 1718 continens
579 1689 615 1715 est
633 1688 707 1714 Idem
720 1688 792 1713 Fam.
807 1694 840 1719 ις,
853 1694 878 1718 2,
893 1694 915 1717 3.
942 1687 996 1712 coll.
1012 1686 1050 1712 ib.
1064 1693 1104 1719 ep.
1119 1694 1144 1717 4.
1217 1684 1287 1709 Con·
1350 1683 1398 1710 hac
1412 1683 1556 1717 iniquitate
1572 1690 1627 1707 non
1640 1681 1694 1708 fuit
1713 1681 1769 1708 Cic.
1782 1682 1858 1708 Verr.
1873 1689 1906 1714 2,
1941 1701 1949 1707 .
1986 1700 1993 1707 .
2062 1681 2209 1708 Contentus
2228 1681 2329 1708 fueram
2344 1679 2396 1707 hoe

239 1732 326 1758 tineus
345 1738 406 1764 ager
425 1728 514 1754 Labeo
535 1727 562 1752 in
581 1725 599 1752 l.
612 1724 659 1750 vlt.
684 1724 716 1749 D.
736 1722 767 1748 de
785 1721 886 1756 acquir.
907 1729 958 1747 rer.
972 1721 1043 1747 dom.
1114 1718 1288 1746 Continentia
1350 1719 1436 1745 solum
1449 1717 1564 1745 scribere
1578 1717 1629 1743 tibi
1643 1717 1709 1744 Plin.
1723 1716 1803 1752 Epist.
1818 1725 1858 1750 ιο,
1871 1718 1897 1743 6.
1968 1716 2103 1750 Qiinc’til.
2117 1725 2141 1750 ς,
2152 1726 2177 1743 12
2197 1718 2269 1743 Haec
2281 1716 2398 1744 breuiter

239 1766 325 1793 fundo
350 1764 461 1791 alicuius
478 1762 601 1797 praedia,
625 1767 704 1794 atque
724 1757 849 1784 adiuncta
866 1757 981 1783 mercari
1000 1757 1057 1782 Cic.
1077 1764 1125 1790 pro
1146 1756 1223 1781 Caec.
1247 1763 1285 1780 ii.
1351 1754 1535 1781 demonstrasse
1548 1757 1694 1778 contentus.
1741 1754 1784 1780 Sic
1797 1752 1945 1779 Contentus
1956 1753 2073 1780 retinere
2089 1753 2198 1780 titulum
2209 1753 2278 1780 Veli.
2288 1761 2312 1786 a,
2319 1760 2362 1786 49,
2373 1757 2398 1785 ς.

239 1802 386 1830 Continens
399 1799 528 1835 Spiritus,
545 1804 569 1824 et
581 1795 757 1824 Intermiffus,
776 1795 907 1820 contraria
926 1792 1000 1818 Idem
1014 1791 1046 1818 de
1059 1791 1134 1817 Orat.
1146 1799 1175 1822 3,
1189 1798 1238 1822 214
1263 1798 1286 1814 c·
1300 1793 1334 1819 45
1353 1790 1481 1817 Contenti
1497 1788 1641 1815 sustinuisse
1657 1787 1742 1815 hostes
1756 1787 1832 1814 Idem
1845 1796 1870 1819 2,
1887 1796 1938 1820 112,
1952 1790 1978 1814 6.
2049 1789 2211 1816 Contentum
2230 1788 2306 1815 abire
2324 1788 2372 1814 Vir
2389 1805 2398 1814 .

239 1846 280 1873 57.
333 1838 456 1871 Longum
469 1836 586 1869 Agmen,
603 1840 652 1858 nec
670 1830 808 1857 continens
828 1829 888 1855 Liu.
904 1836 949 1860 10,
969 1836 1007 1860 35.
1079 1825 1184 1852 Labore
1203 1825 1288 1850 conti-
1352 1827 1417 1851 Aen.
1432 1833 1454 1858 ς,
1471 1833 1524 1858 314.
1586 1824 1731 1850 Contentus
1745 1826 1820 1849 etiam
1832 1832 1886 1850 cum
1900 1824 2017 1849 Geniti'uo
2029 1822 2141 1856 construi
2153 1826 2239 1851 uolunt
2256 1827 2310 1851 viri
2322 1795 2401 1854 llo-figi,

239 1873 314 1900 nenti
327 1873 417 1899 omnia
429 1872 551 1906 superare
563 1868 635 1895 Caes.
650 1866 713 1894 Bell.
728 1865 795 1892 Gall.
811 1872 838 1899 7,
852 1873 893 1898 24·
917 1866 938 1889 i.
954 1866 1070 1890 continuo
1082 1871 1125 1888 nec
1139 1864 1289 1895 interrupto.
1348 1861 1496 1896 praesertim
1516 1859 1611 1895 Voffius
1628 1858 1656 1885 de
1669 1857 1810 1891 Construft.
1829 1869 1851 1886 c.
1866 1868 1890 1886 ιι
1921 1865 1944 1885 et
1958 1860 2018 1885 Nic.
2034 1859 2122 1895 Heins.
2142 1859 2177 1886 ad
2188 1860 2257 1886 Vell.
2278 1868 2312 1892 2,
2325 1864 2368 1891 88,
2381 1866 2401 1886 2

239 1909 308 1937 Add.
325 1909 352 1936 B.
368 1909 397 1935 C.
412 1917 441 1940 3,
454 1909 493 1939 63.
564 1905 603 1932 Sic
622 1902 723 1930 Diebus
741 1899 939 1928 continentibus
958 1899 1031 1925 Caes.
1044 1898 1106 1924 Bell.
1123 1897 1184 1923 Ciu.
1198 1904 1227 1928 3,
1247 1900 1288 1928 84.
1351 1896 1395 1923 vbi
1409 1894 1442 1929 qli
1455 1899 1483 1922 in
1494 1895 1558 1923 libro
1570 1897 1672 1930 antiquo
1691 1895 1754 1921 deA
1786 1898 1855 1929 ippu,
1873 1894 1950 1921 Vixit
1961 1894 2062 1929 angusti
2078 1895 2146 1922 claui
2158 1904 2240 1930 paene
2253 1901 2402 1922 contentus.

240 1947 310 1973 Suet.
324 1945 353 1971 in
367 1943 451 1978 Calig.
467 1951 496 1974 19
514 1942 563 1968 Pei·
577 1940 646 1967 hunc
661 1945 768 1973 pontem
781 1937 852 1963 vltro
871 1935 994 1970 citroque
1008 1933 1185 1964 commeauit,
1204 1931 1289 1957 biduo
1352 1932 1420 1959 Idem
1432 1931 1537 1968 probat,
1556 1930 1620 1967 quod
1631 1930 1704 1957 habet
1715 1931 1747 1956 Co
1767 1939 1796 1956 ex
1811 1931 1918 1956 Florem.
1931 1930 2014 1956 Ouid.
2022 1931 2085 1957 Met.
2099 1938 2121 1964 ς,
2134 1933 2180 1964 169
2199 1931 2402 1965 Contentusque

239 1980 397 2008 continenti.
467 1978 551 2005 Cursu
566 1974 714 2003 continenti
729 1973 803 2008 sequi
813 1972 960 2006 fugientem
980 1971 1040 1997 Liu.
1053 1978 1095 2000 22,
1109 1976 1142 2002 ις.
1214 1966 1288 2007 Idem
1306 1979 1337 2005 30
1352 1968 1430 2003 fugae
1443 1968 1489 1995 est.
1547 1969 1578 1993 Et
1591 1966 1658 1992 ibid.
1673 1973 1709 1999 15,
1723 1973 1764 1999 515
1788 1965 1872 1991 Exilii
1892 1971 2013 1992 contenta
2034 1966 2083 1992 sui.
2137 1965 2186 1994 Sed
2201 1969 2294 1993 retinet
2313 1966 2417 1993 Bur-mv
2451 1983 2453 1985 -

241 2026 281 2049 23,
295 2026 334 2049 44
357 2015 446 2042 Imber
463 2014 600 2041 continens
618 2020 665 2047 per
684 2015 767 2037 totam
787 2008 895 2035 no&em
912 2015 997 2042 vsque
1015 2005 1048 2033 ad
1068 2005 1162 2032 horam
1181 2009 1289 2030 tertiam
1353 2004 1446 2031 Exiliis
1459 2009 1582 2030 contenta
1594 2003 1664 2035 suis,
1682 2009 1713 2028 vt
1726 2009 1750 2028 et
1762 2000 1829 2037 apud
1845 2000 1978 2033 Velleium,
1998 2001 2115 2035 Angusto
2128 2001 2212 2028 clauo.
2285 2002 2358 2028 Curt.
2373 2002 2402 2032 6,

242 2052 298 2078 diei
316 2050 477 2084 insequentis
497 2049 590 2075 tenuit.
666 2046 747 2073 Velut
769 2043 918 2071 continenti
941 2041 1067 2069 incendio
1087 2041 1178 2068 onmia
1195 2038 1289 2065 ardere
1352 2049 1377 2071 2,
1393 2047 1406 2073 ς
1427 2043 1454 2066 in
1468 2040 1617 2066 membranis
1630 2039 1783 2065 Florentinis
1795 2035 1853 2070 effi,
1871 2038 1927 2069 aie,
1945 2036 2011 2063 Non
2024 2039 2161 2063 contentus
2172 2036 2321 2068 artificum,
2333 2043 2402 2070 quot
2450 2057 2455 2083 7

241 2087 299 2115 visa
320 2085 429 2113 Curtius
449 2093 478 2116 3,
496 2089 526 2115 8,
544 2088 579 2112 18.
598 2116 604 2121 ο
649 2083 679 2108 In
699 2090 713 2107 a
731 2080 896 2106 continentia
913 2079 973 2105 Liu.
989 2086 1036 2113 27,
1074 2096 1080 2103 .
1118 2096 1125 2103 .
1197 2075 1290 2102 Conti-
1352 2076 1463 2103 Graecia
1476 2075 1619 2102 exciuerat.
1656 2073 1704 2101 Sed
1718 2073 1831 2100 Freinsh.
1839 2072 1933 2108 prohat
1945 2071 2077 2098 artificum
2096 2071 2191 2104 turba,
2211 2078 2234 2098 ei
2248 2077 2321 2107 negat
2338 2071 2404 2098 tasin

242 2122 333 2149 nentia
345 2119 464 2147 aedificia
476 2119 503 2144 in
517 2117 535 2143 1.
549 2126 582 2143 eo
597 2124 656 2142 iure
674 2090 698 2151 ξ
713 2123 723 2140 ι
749 2115 782 2139 D.
799 2115 828 2140 in
842 2114 941 2152 quibus
960 2114 1029 2140 caus.
1044 2112 1138 2147 pignus
1150 2111 1193 2138 vel
1207 2111 1287 2144 hypo.
1352 2118 1439 2139 temere
1454 2110 1618 2137 admittenda.
1691 2108 1784 2136 Claud.
1799 2108 1816 2135 l.
1830 2115 1862 2142 37
1884 2106 1907 2145 §.
1923 2108 2047 2142 Nuptura
2061 2108 2092 2134 de
2107 2108 2170 2142 Leg.
2185 2115 2198 2139 3
2223 2106 2359 2140 Qioniam
2371 2105 2402 2140 is,

242 2156 383 2186 Marcellus
397 2156 412 2181 l.
421 2160 452 2188 87
473 2153 500 2179 ff.
515 2152 546 2179 de
554 2153 586 2179 V.
600 2152 624 2177 S.
638 2151 674 2177 Vt
687 2148 821 2183 Alphenus
832 2154 887 2188 ait,
904 2148 968 2186 yrbs
980 2148 1017 2185 est
1029 2148 1125 2185 Roma,
1144 2155 1195 2180 qua
1208 2154 1288 2171 muro
1307 2153 1335 2178 55
1354 2147 1396 2171 his
1409 2146 1544 2179 expressit,
1563 2151 1593 2172 vt
1612 2150 1750 2171 contentus
1763 2145 1823 2170 esset
1836 2144 1918 2179 partis
1933 2142 2060 2170 dimidiae
2074 2143 2152 2170 dotis.
2225 2141 2315 2169 lustin.
2329 2150 2372 2175 42,
2383 2149 2406 2170 m
2448 2151 2449 2154 ¹

241 2194 402 2227 cingeretur.
438 2191 524 2216 Roma
537 2187 572 2214 est
585 2187 679 2216 etiam,
700 2193 752 2219 qua
766 2187 932 2209 continentia
944 2180 1165 2220 aedificiaessent.
1203 2180 1245 2206 Sic
1258 2180 1290 2218 le:
1352 2180 1426 2206 MSS.
1440 2181 1540 2212 habent,
1553 2179 1662 2211 Scythae
1675 2185 1764 2206 autem
1777 2179 1897 2206 contenti
1910 2179 2043 2206 vietoriae
2077 2194 2112 2200 -—
2148 2179 2177 2205 in
2190 2178 2302 2213 patriam
2313 2178 2413 2206 renem-1⁴*

240 2232 281 2267 git
293 2230 326 2255 A.
339 2223 473 2262 Augustin.
489 2221 587 2250 Emmd.
600 2230 626 2254 2,
639 2229 663 2247 2..
711 2220 771 2259 le.
785 2219 806 2258 l..
818 2226 859 2250 ¹39
875 2217 935 2243 eod.
961 2215 1210 2255 Aed²fi⁶¹³„R9m³²
1230 2212 1292 2239 fieri
1353 2220 1455 2242 tiintur.
1513 2216 1545 2241 Et
1559 2219 1594 2247 18,
1607 2222 1625 2249 7
1645 2215 1860 2249 contentumque
1874 2214 2051 2241 victoriarum
2066 2216 2187 2248 suarum,
2200 2214 2301 2249 punitis
2313 2212 2373 2240 au&
2394 2203 2412 2219 '⁴
2424 2218 2429 2220 “

243 2265 323 2292 etiam
337 2272 368 2289 ea
380 2261 521 2290 videntur,
540 2265 608 2292 quae
622 2257 650 2283 in
663 2252 860 2294 continentibus
875 2253 976 2291 Romae
987 2250 1206 2290 aedificiis-hunt.-
1260 2250 1291 2275 Et
1352 2250 1445 2283 ribus,
1462 2257 1508 2277 etc.
1550 2251 1659 2285 Vtroque
1670 2257 1750 2276 tamen
1763 2251 1814 2276 loco
1830 2249 1945 2276 victoria
1956 2251 2001 2276 sua
2016 2250 2085 2276 dedit
2099 2251 2264 2277 Burmannus.
2310 2249 2346 2276 Di
2414 2271 2417 2273 .

242 2299 392 2328 Terentius
407 2297 529 2324 Clemens
550 2295 567 2320 1,
582 2300 632 2327 ¹47
651 2290 722 2330 eod..
738 2291 794 2323 Qu
813 2296 842 2314 m
856 2286 1054 2314 continentibus
1066 2284 1140 2310 vrbis
1153 2290 1209 2310 nati
1222 2285 1290 2324 sunt,
1355 2295 1387 2319 2,
1425 2306 1432 2312 .
1470 2306 1476 2312 .
1512 2286 1655 2312 Caeterum
1674 2285 1789 2312 Achilles
1814 2285 1885 2312 hand
1904 2291 2043 2312 contentus
2062 2295 2176 2318 eorum,
2200 2294 2268 2321 quae
2285 2285 2351 2320 gefl'e

243 2337 345 2364 Romae
357 2333 414 2361 nati
426 2331 621 2365 intelliguntur.
692 2327 748 2353 Cic.
762 2323 847 2365 atad..
855 2331 882 2357 4,
895 2330 939 2355 105
960 2331 981 2347 c.
994 2329 1020 2354 33
1047 2321 1122 2346 Mare
1149 2334 1196 2339 --
1224 2319 1290 2360 dlffi-
1305 2324 1340 2349 60
1356 2322 1453 2349 Cilicas
1471 2321 1631 2356 aggreditur.
1686 2321 1818 2348 Laudatur
1838 2324 1913 2347 etiam
1932 2331 1947 2347 a
1965 2321 2044 2356 Voffio
2063 2322 2140 2348 Liuii
2159 2323 2239 2348 Locus
2258 2330 2270 2347 e
2283 2322 2316 2347 Li
2403 2335 2406 2338 ⁴

243 2372 308 2399 mile
329 2370 365 2397 cst
384 2368 507 2404 proximo
528 2364 637 2400 (mari)
656 2367 682 2389 et
701 2366 858 2400 continenti:
927 2356 1097 2398 Idem-Tuscu
1120 2356 1149 2381 i6
1169 2363 1190 2380 c.
1205 2359 1218 2383 8
1241 2353 1293 2393 >ed
1356 2359 1502 2383 Contentus
1521 2357 1672 2383 libertatis:
1699 2362 1726 2383 et
1745 2357 1854 2391 Apuleii
1871 2366 1901 2383 ex
1915 2357 2035 2393 schoppio
2054 2362 2178 2384 contenta
2195 2366 2287 2384 manus
2299 2356 2376 2384 vnica
2449 2348 2451 2357 Ι

243 2407 313 2435 nihil
327 2413 352 2433 te
365 2403 542 2439 interpellabo
555 2412 561 2427 ι
586 2399 766 2426 continentem
779 2397 937 2424 Orationem
951 2393 1044 2420 audire
1057 2391 1137 2417 malo.
1192 2390 1294 2423 Scripta
1358 2391 1474 2418 Nondum
1485 2399 1550 2418 certe
1557 2394 1659 2427 plenum
1671 2394 1712 2418 im·
1726 2393 1798 2418 Latii
1812 2392 1870 2418 huic
1882 2391 2063 2425 coifiruffi'oni
2075 2393 2192 2427 affi’rtum
2203 2393 2314 2420 videtur.
2398 2395 2401 2399 ’

245 2443 301 2470 Cic.
315 2443 387 2469 Fani.
402 2449 425 2474 ς,
438 2449 463 2466 2.
533 2436 662 2464 Punicum
675 2433 774 2461 bellum
790 2430 939 2458 continenti
951 2429 1080 2464 scriptura
1096 2425 1245 2465 expositum
1254 2425 1294 2450 di·
1391 2432 1438 2454 co
1447 2432 1470 2451 N
1479 2433 1555 2452 'ri-:N
1564 2433 1637 2453 Tvs
1650 2447 1659 2459 ,
1685 2425 1719 2459 ψ
1737 2434 1760 2453 eg
1779 2427 1872 2453 partic·
1891 2427 1963 2453 verb,-
1979 2434 2174 2455 CONTENDO.
2411 2438 2415 2439 .

246 2479 307 2506 vifit
327 2479 355 2504 in
369 2478 467 2512 septem
481 2473 566 2501 libros
578 2473 647 2499 Suet.
661 2470 693 2497 de
706 2468 901 2496 Clar.Gram.2
918 2465 947 2492 de
959 2466 1058 2492 Cratete
1065 2463 1182 2502 Mallote..
1222 2461 1294 2501 Silua
1394 2469 1411 2490 c
1420 2468 1440 2489 o
1449 2468 1471 2487 N
1481 2467 1527 2488 ΤΕ
1536 2468 1558 2487 N
1567 2466 1588 2485 'r
1597 2467 1628 2487 Ε.
1670 2462 1737 2487 Adu.
1774 2462 1942 2488 Continenter.
1983 2463 2065 2489 Plaut.
2085 2463 2154 2490 Asin.
2174 2472 2199 2496 i,
2219 2472 2246 2496 1,
2266 2466 2297 2496 63
2329 2460 2400 2488 Volo

245 2515 318 2542 Caes.
332 2513 397 2540 Bell.
410 2513 443 2539 G.
458 2519 479 2543 3,
493 2515 532 2540 28.
603 2507 671 2534 Cels.
683 2515 713 2538 3,
731 2513 765 2531 20
785 2504 814 2530 de
826 2503 968 2538 Lethargo,
990 2501 1016 2527 Si
1030 2508 1096 2526 vero
1111 2503 1249 2525 continens
1268 2505 1295 2522 ei
1308 2497 1339 2529 65
1357 2497 1446 2525 amori
1466 2496 1646 2531 obsequutum
1663 2495 1751 2526 illius,
1772 2497 1838 2522 volo
1858 2503 1927 2523 amet
1944 2506 1988 2524 me
2009 2502 2126 2531 patrem,
2146 2506 2306 2532 quamquam
2326 2497 2404 2524 illum

247 2551 352 2578 somnus
366 2548 418 2581 est,
436 2547 530 2581 vtique
542 2542 694 2571 excitandus
708 2540 760 2574 est,
775 2546 820 2566 etc.
891 2538 982 2564 Terra
996 2536 1133 2562 continens
1147 2533 1241 2569 insulae
1253 2539 1294 2568 op·
1356 2539 1443 2560 mater
1460 2532 1533 2559 arcte
1553 2529 1730 2566 contenteq'ue
1742 2529 1830 2557 habet.
1859 2532 1884 2557 h.
1898 2541 1918 2558 e.
1934 2539 2010 2566 parce
2024 2539 2047 2558 et
2064 2536 2218 2559 contiimiter
2231 2541 2283 2558 eum
2295 2531 2403 2559 trat‘l'at.

242 2593 304 2623 pon.
318 2586 387 2619 Nep.
403 2593 432 2615 2,
445 2591 474 2615 3,
492 2590 518 2608 2.
714 2574 734 2614 q
760 2584 780 2609 4
817 2575 890 2610 saepe
902 2575 1029 2600 omittitur
1040 2579 1126 2597 nomen
1144 2570 1250 2601 Terra,
1270 2574 1295 2594 ct
1357 2569 1437 2596 Vitae
1449 2568 1641 2600 moderatores,
1654 2567 1702 2602 qui
1714 2565 1880 2593 refrenandis
1895 2567 2084 2601 cupiditatibus
2097 2567 2215 2594 restriete
2227 2573 2404 2602 contenteque

247 2628 365 2657 tanquam
384 2617 565 2651 Substantiuum
578 2616 683 2650 ponitur
700 2611 847 2640 Continens
866 2609 972 2644 [ἤπειρος
979 2610 1001 2643 ].
1061 2607 1167 2641 -Nepos
1187 2614 1214 2637 1,
1232 2612 1259 2638 7,
1281 2612 1293 2636 3
1356 2605 1482 2632 vixerunt
1496 2603 1594 2631 Naar,
1615 2611 1636 2630 ς,
1649 2610 1674 2636 ις
1694 2612 1716 2629 c,
1730 2609 1783 2628 not,
1795 2603 1913 2629 Liuimjj,

247 2656 342 2686 Procul
357 2655 385 2681 in
398 2651 545 2681 continenti
559 2651 648 2682 lucus,
668 2649 716 2684 qui
731 2657 763 2674 ex
782 2646 868 2673 insula
887 2642 1105 2679 conspiciebatur.
1176 2641 1251 2667 Curt.
1270 2648 1293 2672 3,
1396 2647 1414 2668 c
1427 2648 1447 2668 o
1457 2647 1535 2667 NTE
1545 2645 1712 2668 NTIVVS2
1736 2646 1766 2670 a,
1792 2647 1847 2664 uin.
1884 2636 1946 2664 Adi.
1987 2637 2036 2664 Vis
2056 2637 2221 2670 contentiua,
2242 2636 2406 2672 appetitiua‚

250 2701 271 2726 1,
286 2700 310 2724 13
331 2688 488 2718 Continenti
500 2686 640 2717 adhaeret,
652 2684 696 2710 sed
709 2692 802 2718 magna
813 2691 844 2709 ex
858 2686 932 2716 parte
945 2679 1062 2715 cingitur
1073 2676 1208 2704 fluetibus.
1255 2676 1293 2702 ld.
1308 2682 1343 2710 70
1358 2676 1488 2712 digestiua
1507 2681 1533 2702 et
1552 2673 1684 2710 expulsiua
1697 2673 1831 2701 Constant.
1848 2673 1912 2700 Afer
1945 2693 1953 2706 ,
1965 2681 1985 2699 1.
2399 2681 2410 2696 -,
2453 2666 2457 2676 “

250 2739 279 2763 4,
291 2737 315 2761 2,
330 2735 342 2760 ς
361 2727 416 2753 Vos
432 2724 528 2750 fiducia
542 2721 606 2753 loci,
627 2719 698 2754 quod
708 2719 821 2746 insulam
834 2716 964 2748 incolitis,
979 2714 1124 2750 pedestrem
1138 2713 1208 2739 hunc
1221 2719 1293 2738 exer·
1394 2718 1440 2739 co
1451 2718 1474 2739 N
1485 2717 1556 2738 ΤιΝ
1566 2718 1617 2737 vv
1627 2717 1656 2742 s,
1681 2718 1706 2743 a,
1726 2718 1781 2736 um.
1817 2709 1878 2736 Adi.
1909 2709 1922 2742 [
1944 2706 2039 2741 ιηνεκῆς,
2053 2707 2162 2742 aunxis,
2178 2705 2311 2742 3x6mvos]
2335 2706 2405 2734 Idem
2453 2714 2470 2734 t.

249 2765 333 2791 citum
347 2760 467 2797 spernitis
482 2770 488 2786 :
515 2757 558 2785 sed
576 2756 655 2783 breui
668 2754 801 2781 ostendam
810 2774 816 2786 ,
831 2754 861 2780 in
874 2751 1022 2779 continenti
1035 2759 1083 2777 vos
1096 2750 1155 2776 esse.
1227 2747 1294 2774 Plin.
1352 2748 1423 2785 fere,
1436 2747 1501 2784 quod
1511 2744 1850 2782 Continensfigng'ficatione
1865 2748 1958 2777 tertia,
1976 2750 2000 2771 et
2009 2751 2080 2770 notat
2094 2751 2145 2771 tam
2154 2743 2290 2780 propejibi
2306 2752 2346 2770 res
2363 2742 2407 2770 να
2466 2756 2474 2767 ,

249 2809 283 2834 4,
300 2808 308 2826 1
336 2796 468 2825 Leucadia
483 2802 563 2829 opera
576 2791 724 2819 incolarum
736 2790 841 2816 abscissa
852 2798 866 2816 a
880 2788 1045 2819 continenti,
1065 2795 1094 2813 ac
1112 2783 1216 2812 reddita
1232 2792 1295 2810 ven·
1357 2791 1480 2820 tempore,
1503 2784 1545 2810 vel
1555 2784 1607 2809 ioco
1621 2780 1783 2813 coniunctas,
1802 2787 1832 2807 vt
1844 2781 1912 2807 nihi!
1922 2779 2077 2813 intercedat,
2097 2786 2127 2806 vt
2138 2799 2147 2812 ‚
2166 2780 2315 2806 Continuus
2327 2777 2402 2814 spiri.
2454 2771 2455 2775 ¹

250 2843 341 2862 torum
361 2835 423 2860 flatu
442 2829 594 2865 congeriem
614 2835 708 2854 arenae
725 2824 956 2852 accumulantium.
1028 2824 1060 2849 Et
1078 2829 1108 2855 ς,
1120 2829 1151 2858 131
1175 2821 1194 2846 s.
1214 2828 1245 2852 39
1272 2820 1295 2845 A
1358 2826 1400 2847 tus
1414 2819 1481 2846 Plin.
1495 2827 1534 2848 io.
1550 2827 1581 2852 29
1601 2827 1649 2844 non
1662 2820 1827 2852 interruptus.
1897 2816 1964 2843 Plin.
1979 2824 2017 2848 10,
2031 2822 2062 2849 73
2081 2816 2112 2841 In
2124 2820 2189 2850 potu
2202 2815 2299 2850 quibus
2313 2812 2403 2842 serrati
2458 2842 2459 2848 ἵ

251 2871 373 2907 proxima
388 2868 539 2895 continente
559 2863 629 2892 abest
641 2863 701 2890 VII.
715 2862 753 2889 M.
765 2862 797 2888 D.
815 2861 939 2895 passuum.
1010 2859 1042 2885 Et
1057 2865 1080 2891 5,
1094 2865 1125 2890 29
1147 2854 1295 2883 Alexander
1307 2861 1340 2890 73
1358 2856 1465 2888 dentes,
1482 2854 1602 2881 lambunt
1616 2864 1622 2880 ι
1650 2852 1749 2888 quibus
1767 2851 1889 2879 continui
1905 2851 2011 2884 dentes,
2029 2850 2152 2884 sorbent,
2172 2857 2201 2878 vt
2214 2851 2294 2886 equi,
2312 2845 2429 2878 bonag*

251 2905 400 2934 continenti
416 2902 550 2931 adnexuit.
746 2894 767 2934 fi
788 2903 801 2930 ς
835 2897 910 2922 Alias
924 2897 998 2921 etiam
1011 2892 1167 2930 substantiae
1179 2894 1296 2927 ponitur,
1357 2891 1432 2919 Idem
1451 2890 1530 2925 Epist.
1543 2899 1575 2922 2,
1592 2897 1621 2924 17
1645 2889 1720 2916 Litus
1739 2894 1834 2915 ornant
1851 2888 1980 2915 varietate
2003 2886 2150 2922 grauiinma
2168 2895 2238 2914 nunc
2267 2885 2405 2919 continua,

251 2949 295 2974 vt,
316 2943 345 2969 In
364 2938 511 2967 continenti
522 2934 626 2974 subaud.
645 2935 773 2970 Tempore.
814 2931 875 2966 le.
889 2931 918 2956 in
932 2930 948 2956 Ι.
963 2929 1035 2964 quod
1047 2929 1085 2956 ait
1097 2928 1140 2955 lex
1167 2928 1200 2954 D.
1215 2926 1246 2953 ad
1260 2926 1296 2952 lc·
1358 2937 1427 2954 nunc
1441 2926 1584 2953 intermissa
1601 2925 1669 2951 tecta
1687 2923 1821 2951 villarum.
1892 2924 1977 2950 Amor
1996 2923 2138 2949 continuus
2157 2923 2275 2957 Propert.
2288 2930 2314 2954 1,
2326 2930 2370 2954 20,
2381 2929 2418 2948 m
2458 2921 2459 2944 ἶ

252 2987 312 3013 gem
327 2976 423 3004 Iuliam
439 2975 471 3002 de
479 2971 642 3003 adulteriis,
662 2969 743 3003 Qiod
750 2968 786 2995 ait
798 2967 858 3000 lex,
877 2967 908 2993 In
922 2965 1069 2992 continenti
1082 2964 1166 2990 filiam
1181 2961 1296 2988 occidat:
1359 2965 1407 2990 Per
1427 2962 1568 2989 continuos
1587 2960 1687 2995 viginti
1704 2968 1787 2987 annos
1808 2958 1877 2986 Vell.
1891 2967 1917 2993 2,
1934 2964 1979 2992 48,
1992 2967 2013 2991 3.
2085 2958 2252 2985 Continuuin
2269 2957 2424 2995 triduum23
2458 2956 2459 2980 ζ

253 3014 286 3041 sic
299 3014 351 3040 erit
363 3010 560 3046 accipiendum,
579 3016 613 3034 ne
625 3006 713 3033 occiso
726 3004 807 3032 hodie
820 3002 956 3034 adultero,
969 3002 1095 3032 rescruet,
1114 3005 1140 3026 et
1154 2998 1210 3034 post
1224 2997 1295 3024 diem
1360 2999 1500 3025 continuus
1513 2997 1569 3024 dies
1583 2996 1664 3023 Plaut.
1679 2995 1739 3023 Mil,
1753 3004 1776 3028 Β,
1789 3003 1809 3029 ¹,
1821 3003 1880 3029 144·
1951 2994 2017 3021 pun·
2033 2993 2062 3020 in
2075 2994 2167 3029 paneg·
2190 2998 2218 3027 5⁸
2243 2993 2301 3028 Qi
2320 2992 2369 3020 con
2382 2991 2390 2998 .
2412 2997 2431 3005 „,
2458 2983 2459 2995 l

253 3049 339 3076 filiam
352 3047 464 3079 occidat,
478 3045 519 3073 vel
534 3049 634 3071 contra.
670 3041 749 3068 debet
762 3039 833 3067 enim
847 3046 928 3073 prope
941 3045 995 3063 vno
1009 3035 1074 3068 ictu,
1086 3041 1113 3062 et
1126 3044 1180 3061 vno
1195 3034 1297 3068 impetu
1312 3039 1344 3064 80
1359 3035 1418 3062 nuis
1432 3032 1619 3061 Consulatibus
1632 3032 1730 3059 fecerat
1742 3031 1852 3066 longum
1872 3030 2003 3065 quendam
2025 3035 2051 3056 et
2064 3029 2117 3056 sine
2129 3029 2282 3056 discrimine
2294 2998 2430 3059 anauga.
2458 3030 2459 3035 ¹

254 3091 398 3118 vtruinque
418 3082 556 3114 occidere,
573 3077 679 3113 aequali
700 3077 740 3104 ira
757 3076 880 3103 aduersus
895 3080 1038 3107 virumque
1056 3072 1148 3098 sumta.
1184 3069 1265 3103 Qiod
1279 3069 1296 3095 fi
1358 3071 1421 3097 Dies
1437 3070 1578 3096 continuos
1591 3067 1741 3102 complures
1760 3067 1789 3094 in
1809 3066 1889 3093 litore
1907 3066 2093 3100 conuiuiisque
2106 3064 2210 3093 iacuisti
2229 3065 2286 3092 Cic.
2298 3064 2360 3092 Diu.
2391 3075 2421 3088 ι..

253 3127 309 3147 *¹0¹¹
322 3119 471 3150 amonuit,
486 3117 530 3144 sed
544 3116 608 3143 dum
621 3114 733 3141 alterum
746 3111 859 3142 occidit,
877 3108 998 3145 profugit
1012 3107 1081 3139 filia,
1098 3112 1124 3133 et
1138 3104 1297 3146 interpositis
1361 3107 1437 3133 Caec.
1451 3114 1476 3139 9.
1546 3105 1595 3131 Per
1608 3104 1749 3130 continuos
1766 3102 1823 3129 dies
1842 3101 1952 3136 triginta
1970 3100 2054 3128 Scrib.
2073 3103 2110 3128 16.
2181 3102 2301 3128 Humum
2320 3099 2408 3127 conti¹
2423 3102 2432 3126 ,¹
2457 3108 2462 3145 ι

255 3155 329 3183 horis
342 3154 502 3190 adprehensa
514 3152 551 3179 est
563 3160 578 3178 a
590 3156 670 3186 patre,
678 3149 726 3184 qui
738 3146 950 3183 persequebatur,
960 3145 989 3171 'in
1002 3142 1148 3170 continenti
1161 3140 1299 3168 videbitur
1361 3151 1440 3168 nuam
1454 3140 1580 3167 diducere
1596 3139 1678 3166 Ouid.
1693 3140 1758 3166 Met.
1769 3144 1793 3171 8,
1808 3142 1854 3172 587
1873 3140 2052 3169 continentem,
2069 3136 2176 3172 vtfiant
2189 3137 2291 3172 insulae.
2345 3134 2403 3162 Ιᾶιι
2446 3142 2460 3174 l

254 3190 384 3218 occidisse.
421 3190 482 3217 Sunt
494 3191 537 3225 qui
549 3183 700 3214 coniunfti'm
713 3185 812 3221 legunt,
831 3180 1019 3209 incontinenti.
1089 3178 1126 3204 Ex
1139 3176 1296 3216 continenti.
1361 3178 1490 3205 continuo
1503 3176 1640 3204 vulnerari
1654 3175 1727 3202 idem
1740 3183 1772 3200 ex
1785 3174 1858 3200 Pont.
1873 3181 1894 3204 2,
1905 3180 1932 3208 7,
1942 3182 1982 3207 4¹·
2052 3172 2141 3199 Labor
2156 3172 2237 3199 Ouid.
2249 3180 2281 3198 ex
2294 3172 2368 3198 Pont.
2380 3178 2392 3198 r
2427 3185 2435 3205 ,ι
2451 3179 2460 3202 ,ι

257 3226 333 3254 idem.
358 3226 394 3252 Ex
407 3224 553 3251 continenti
568 3223 596 3249 in
609 3221 710 3256 regiani
724 3224 835 3255 pergunt
854 3217 944 3245 lustin.
958 3225 984 3248 i,
1002 3224 1028 3249 9,
1043 3221 1080 3246 19.
1099 3247 1105 3253 -
1151 3212 1211 3246 le.
1232 3220 1260 3237 in
1278 3212 1296 3238 l.
1314 3215 1342 3243 85
1359 3223 1386 3247 4,
1400 3218 1422 3244 8.
1493 3213 1599 3239 Montes
1617 3212 1712 3237 Horat.
1723 3209 1803 3245 Epist.
1816 3217 1836 3242 1,
1849 3210 1886 3240 16,
1900 3216 1921 3241 ς.
1991 3207 2056 3234 Piin.
2069 3208 2147 3243 Epist.
2161 3215 2189 3243 7,
2200 3216 2233 3240 30
2256 3208 2410 3243 Nunquam
2425 3215 2441 3230 '
2458 3207 2461 3239 J

257 3261 302 3289 scd
316 3260 360 3288 etfi
387 3261 419 3287 D·
434 3260 506 3295 quod
519 3269 578 3286 cum
592 3267 639 3288 eo,
658 3256 706 3292 qui
727 3257 755 3282 in
773 3255 852 3282 alien·
872 3258 926 3288 pot.
953 3251 1002 3278 Sed
1020 3259 1053 3277 an
1070 3254 1150 3276 etiam
1169 3248 1297 3282 temporis
1359 3247 1511 3276 officiorum
1524 3248 1652 3274 varietate
1666 3246 1820 3273 continuam
1833 3244 1951 3271 Laudem
1966 3243 2138 3271 humanitatis
2151 3243 2292 3278 confregit.
2311 3260 2315 3261 γ
2347 3241 2380 3269 ci
2403 3247 2405 3249 '
2434 3245 2449 3273 *j

256 3297 328 3324 ratio
344 3295 437 3323 haberi
450 3295 561 3321 debeat:
583 3300 611 3320 vt
624 3293 642 3320 si
655 3291 764 3328 quidem
777 3299 808 3317 ex
820 3287 968 3317 continenti
982 3295 1043 3314 cum
1055 3284 1114 3312 filio
1127 3290 1234 3318 agatur,
1255 3282 1298 3309 de-
1360 3294 1410 3320 pro
1431 3285 1507 3311 Pom.
1531 3292 1556 3315 31
1582 3283 1661 3310 Tum
1680 3287 1768 3308 autem
1788 3280 1928 3307 continuae
1948 3280 2103 3313 praeturae,
2123 3288 2206 3315 quae,
2224 3286 2270 3305 nc,
2340 3277 2392 3306 Li„
2411 3272 2434 3309 J}

257 3340 303 3360 tur
321 3332 392 3359 aelio
406 3331 434 3357 in
449 3329 492 3363 id,
510 3329 579 3364 quod
594 3330 679 3356 facere
692 3326 775 3362 potest
791 3337 796 3353 :
824 3325 843 3352 si
856 3333 922 3352 vero
936 3323 992 3358 post
1010 3321 1109 3349 multos
1127 3327 1226 3351 annos,
1244 3328 1297 3345 non
1361 3327 1426 3355 547
1445 3319 1472 3346 Si
1486 3316 1725 3354 quumTanaquil,
1733 3316 1870 3352 peregrina
1882 3315 1989 3347 mulier,
2002 3321 2103 3342 tantuin
2118 3315 2212 3342 moliri
2224 3313 2356 3349 potuisset,
2380 3325 2383 3331 ·
2426 3309 2439 3333 Ῑ
2462 3327 2464 3331 ·

256 3369 353 3396 debeat
371 3365 503 3401 indulgeri
518 3367 527 3391 ἓ
597 3364 671 3400 Conf.
683 3364 714 3390 T
715 3362 803 3390 ertull.
815 3361 848 3388 de
862 3359 1012 3396 praescript.
1029 3367 1051 3385 c.
1064 3365 1081 3384 2.
1093 3362 1138 3392 pr.
1174 3358 1204 3382 it.
1221 3355 1310 3388 Apol:
1361 3356 1416 3383 duo
1429 3355 1555 3382 continua
1567 3362 1647 3389 regna
1660 3354 1738 3386 viro,
1759 3361 1787 3379 ac
1801 3352 1923 3386 deinceps
1938 3359 2036 3385 genero
2049 3350 2172 3383 dedisset,
2190 3356 2236 3381 etc.
2403 3376 2408 3380 ,
2422 3371 2423 3375 ,

258 3414 281 3431 c.
296 3413 332 3437 23.
527 3397 548 3436 q
567 3401 584 3426 6
619 3401 700 3426 Etiam
719 3408 734 3425 a
752 3398 785 3425 ud
796 3397 914 3424 Rhetores
927 3394 1072 3423 Continent
1085 3389 1239 3432 substantiae
1253 3397 1298 3426 po-
1310 3399 1347 3422 90
1398 3396 1632 3422 c0N'riNvo‚
1652 3393 1705 3416 are.
1742 3386 1890 3422 [mmmm
1910 3385 2015 3423 σημάρω,
2032 3385 2162 3420 cvrum-w]
2197 3386 2344 3412 Continuam
2356 3382 2390 3421 s·
2403 3376 2427 3402 „a

259 3443 330 3467 nitur
343 3438 399 3467 Cic.
413 3437 442 3464 in
453 3435 555 3471 Topic.
573 3443 595 3461 c.
608 3442 639 3467 23
668 3434 724 3468 Qli
744 3442 774 3461 us
787 3438 876 3460 autem
889 3431 954 3462 hoc,
968 3438 1019 3466 qua
1032 3429 1064 3456 de
1076 3437 1105 3456 re
1117 3433 1204 3462 agitur
1213 3445 1220 3457 ‚
1237 3435 1299 3452 con·
1360 3436 1412 3454 cere
1425 3433 1469 3453 aut
1481 3425 1533 3460 este.
1576 3425 1642 3452 Plin.
1656 3433 1702 3458 14,
1715 3432 1748 3451 22
1772 3422 1858 3450 Biduo
1877 3421 2032 3457 duabusque
2048 3421 2173 3448 noctibus
2210 3421 2392 3456 erpotatione
2401 3425 2414 3451 Q
2451 3425 2453 3447 ἱ

258 3476 375 3508 tumtur,
401 3473 464 3500 haec
483 3470 654 3499 Continentia
674 3475 819 3501 vocentur,
844 3467 915 3503 quasi
940 3466 1104 3493 firmamenta
1122 3461 1279 3501 defensionis
1293 3472 1300 3488 ε
1361 3462 1537 3490 continuauit.
1609 3461 1676 3488 Cels.
1690 3469 1716 3493 2,
1730 3468 1740 3486 i
1763 3460 1797 3485 At
1809 3458 1827 3485 si
1839 3468 1854 3485 a
1866 3458 1951 3493 prima
1965 3456 2054 3484 hieme
2067 3457 2157 3484 Austri
2169 3430 2208 3484 ati²
2216 3457 2342 3484 vltimum
2354 3450 2467 3487 vessiff³⁴

260 3511 358 3545 quibus
372 3508 481 3537 sublatis
491 3527 499 3541 ,
516 3505 632 3534 defenfio
651 3505 722 3531 nulia
735 3504 773 3532 fit.
845 3501 1017 3531 Continentia
1039 3509 1099 3527 cum
1112 3499 1168 3534 ipso
1180 3503 1300 3531 negotio,
1363 3498 1568 3529 continuarunt,
1589 3497 1700 3523 laterum
1714 3495 1836 3527 dolores,
1853 3501 1899 3520 erc.
1970 3494 2031 3520 Liu.
2046 3502 2086 3528 34,
2100 3503 2119 3527 4
2143 3492 2216 3526 Qid
2235 3493 2321 3526 legem
2333 3489 2389 3518 Li*
2403 3494 2413 3499 ⁴
2452 3492 2453 3498 ¹

261 3547 320 3573 sunt
333 3547 378 3578 Ea,
411 3553 459 3571 uae
473 3544 573 3577 semper
587 3539 662 3568 affixa
675 3541 724 3567 esse
735 3540 860 3567 videntur
873 3538 905 3566 ad
919 3547 992 3570 reni,
1005 3545 1092 3572 neque
1105 3535 1137 3562 ab
1152 3543 1183 3561 ea
1197 3533 1298 3568 possunt
1361 3535 1434 3561 niam
1446 3533 1572 3560 excitauit
1586 3532 1618 3558 de
1631 3530 1782 3566 quingentis
1797 3529 1949 3564 iugeribus,
1967 3528 2017 3555 nisi
2031 3530 2122 3563 ingens
2136 3527 2232 3562 cupido
2246 3528 2330 3562 Agros
2341 3535 2367 3553 e·
2380 3540 2382 3549 ι

262 3582 375 3616 separari
413 3581 445 3607 ic·
465 3579 498 3606 de
510 3579 612 3605 Inuent.
628 3585 648 3608 Ι,
662 3583 692 3610 37
717 3584 739 3601 c·
752 3578 791 3602 26-
861 3574 934 3602 Idem
949 3573 1038 3600 Partit.
1051 3580 1092 3604 ¹03
1111 3580 1132 3597 c.
1147 3578 1180 3603 29
1206 3569 1298 3602 itaque
1314 3575 1346 3601 95
1363 3569 1485 3597 tinuandi
1500 3569 1509 3595 3
1578 3568 1649 3594 Anni
1668 3566 1856 3593 continuantur
1873 3564 1940 3591 Plin.
1955 3571 1994 3600 17,
2006 3572 2028 3590 2.
2098 3562 2192 3590 Claud.
2211 3563 2240 3590 in
2253 3563 2332 3590 Cons-
2344 3559 2398 3589 Stil
2427 3559 2434 3567 ’“
2468 3583 2469 3586 ,

263 3625 307 3649 ea,
325 3625 392 3652 quae
410 3615 443 3643 sic
456 3614 622 3643 referuntur,
638 3609 800 3637 continentia
819 3611 954 3637 causarum
967 3613 1097 3635 vocentur
1111 3617 1117 3632 ι
1140 3612 1299 3641 quamquam
1362 3615 1384 3640 1,
1401 3614 1410 3632 1
1437 3604 1601 3631 Continuant
1619 3603 1706 3638 superi
1719 3601 1798 3637 pleno
1811 3601 1930 3628 Romana
1947 3600 2041 3627 fauore
2058 3598 2170 3626 Gaudia.
2239 3599 2300 3626 Liu.
2319 3606 2346 3630 1,
2363 3594 2423 3630 44¹4*

263 3661 318 3679 non
339 3661 368 3678 ea
389 3651 489 3686 inagis,
515 3658 584 3685 quae
603 3653 694 3673 contra
711 3646 842 3672 rationem
858 3644 1016 3672 defensionis
1035 3642 1196 3673 afferuntur,
1220 3647 1300 3674 quam
1361 3642 1398 3668 Vt
1410 3648 1496 3675 neque
1509 3639 1636 3666 interiore
1649 3644 1721 3673 parte
1734 3636 1854 3664 aedificia
1866 3635 2005 3662 moenibus
2017 3634 2242 3667 continuarentur,
2257 3642 2324 3669 quae
2332 3636 2402 3660 nime
2433 3636 2440 3650 ¹>

263 3688 334 3723 ipsae
347 3687 504 3714 defensionis
522 3685 654 3716 rationes,
672 3681 808 3708 continent
827 3681 927 3713 causas,
945 3687 991 3707 etc.
1269 3709 1274 3714 ⁸
1363 3677 1446 3710 vulgo
1459 3675 1540 3702 etiam
1555 3675 1736 3709 coniungunt,
1755 3680 1800 3699 etc.
1825 3671 1855 3698 de
1864 3674 1997 3707 pomoerio.
2051 3670 2093 3698 Sic
2103 3669 2186 3696 Ouid.
2199 3678 2232 3696 ex
2243 3670 2316 3696 Pont.
2329 3666 2405 3702 4513&
2419 3683 2422 3686 ·
2460 3682 2464 3694 ;

260 3735 264 3738 -
301 3728 318 3749 c
329 3728 350 3749 0
359 3730 381 3749 N
390 3727 411 3749 »r
421 3730 431 3748 1
440 3729 462 3749 N
470 3729 487 3749 E
497 3728 519 3748 Ν
528 3727 568 3747 Ti
579 3727 599 3747 Α
607 3739 616 3752 ‚
647 3726 686 3745 ae.
721 3716 741 3743 f.
777 3715 944 3750 [ἐγκράτεια]
988 3713 1028 3748 Est
1041 3711 1209 3746 Abstinentia.
1243 3710 1301 3736 Cit-
1366 3714 1394 3739 i6
1414 3713 1515 3738 Domus
1528 3710 1680 3737 continuata
1693 3709 1764 3735 foro.
1834 3707 1908 3734 Idem
1919 3706 1986 3734 Fast.
1999 3713 2026 3739 2,
2039 3712 2072 3739 54
2091 3704 2180 3733 Postea
2192 3705 2336 3732 creduntur
2347 3703 2400 3738 spa·
2410 3703 2428 3735 μ’
2452 3715 2465 3737 ¹,

264 3757 317 3786 off.
327 3766 349 3790 2,
357 3759 389 3788 86
407 3758 437 3784 Et
449 3756 612 3784 continentia
624 3754 653 3781 in
665 3751 741 3780 omni
752 3750 838 3783 victu,
851 3751 978 3785 omnique
992 3750 1063 3776 cultu
1076 3748 1196 3783 corporis
1210 3745 1302 3773 tuendi
1310 3751 1356 3770 100
1365 3748 1406 3775 tio
1419 3746 1542 3774 distantia
1558 3746 1638 3780 longo
1652 3745 1792 3779 Tempora
1810 3742 1852 3769 bis
1867 3742 1946 3778 quini
1963 3740 2121 3768 continuasse
2135 3741 2206 3774 viri,
2227 3740 2256 3774 de
2269 3739 2401 3768 februario
2412 3747 2421 3763 t

266 3793 355 3824 causa,
378 3798 404 3819 et
423 3793 451 3819 in
470 3788 708 3827 praetermittendis
729 3785 920 3821 voluptatibus.
991 3784 1162 3812 Continentia
1177 3781 1231 3814 est,
1256 3788 1302 3815 pei·
1364 3783 1442 3819 menfi
1459 3781 1494 3809 ad
1504 3783 1648 3808 Ianuarium
1664 3778 1800 3811 adimibto,
1815 3788 1870 3805 cum
1889 3779 1946 3805 olim
1963 3777 2067 3802 ultimus·
2084 3779 2146 3802 amn·
2162 3774 2226 3810 effer.
2295 3775 2350 3803 cte.
2367 3771 2400 3798 de
2407 3787 2413 3805 ·.

264 3837 344 3865 quam
357 3827 485 3862 cupiditas
499 3827 602 3854 consilii
616 3824 808 3861 gubernatione
820 3821 923 3856 regitur
935 3821 991 3847 Cic.
1006 3820 1038 3846 dc
1049 3821 1107 3855 ¹¹¹¹!-
1122 3828 1148 3852 2,
1160 3820 1208 3852 164
1227 3826 1250 3843 c.
1260 3824 1303 3856 54.
1368 3819 1464 3852 Natur.
1478 3818 1559 3844 Deor.
1573 3825 1592 3849 1,
1609 3824 1641 3849 34
1664 3817 1695 3842 In
1708 3815 1755 3841 hac
1769 3814 1853 3848 igitur
1864 3811 2037 3840 immensitate
2054 3810 2243 3844 latitudinum,
2259 3807 2410 3845 ionginidis‘

265 3864 333 3892 Add.
349 3863 422 3890 Idem
435 3871 482 3897 pro
494 3864 523 3889 L.
538 3864 608 3890 Man.
625 3871 647 3888 c.
664 3868 697 3893 ¹3-
721 3858 755 3886 ad
767 3859 820 3885 Att.
835 3865 859 3890 ς,
872 3865 911 3882 20.
982 3855 1022 3881 Ab
1035 3856 1201 3889 integritate,
1220 3858 1303 3879 eonti-
1366 3863 1445 3887 num,
1471 3852 1657 3883 altitudinum,
1684 3850 1788 3878 infinita
1807 3850 1848 3876 vis
1868 3845 2104 3880 innumerabilium
2122 3846 2223 3874 volitat«
2235 3851 2402 3876 atomorum,
2413 3850 2429 3876 ’γ

265 3899 373 3932 nentia,
391 3898 521 3924 deducere
539 3899 595 3924 Cic.
609 3897 641 3923 ad
655 3896 786 3929 QFratr.
801 3902 827 3926 1,
841 3901 867 3924 1,
880 3900 904 3918 2.
975 3890 1056 3924 Quod
1074 3891 1110 3916 est
1127 3890 1228 3925 signum
1248 3895 1303 3914 non
1365 3898 1432 3924 quae
1447 3887 1587 3915 interiec'io
1600 3886 1690 3919 inani,
1709 3885 1895 3913 cohaerescunt
1913 3888 2002 3909 tamen
2015 3883 2084 3909 inter
2097 3883 2137 3914 se,
2157 3887 2184 3909 et
2203 3881 2271 3909 aliae
2283 3881 2348 3908 alias
2357 3887 2424 3914 ειν-ι’Δ

265 3935 345 3963 modo
360 3934 550 3965 continentiae,
567 3932 610 3959 sed
622 3932 703 3959 etiam
715 3928 869 3967 diligentiae
883 3927 951 3960 Nep.
965 3934 1004 3960 κς,
1019 3934 1054 3959 13,
1065 3936 1093 3961 4.
1247 3922 1269 3960 ff
1288 3931 1302 3949 2
1310 3928 1356 3956 105
1363 3924 1553 3960 prehendente·
1564 3923 1762 3950 continuantur.
1831 3917 1972 3951 iunctum,
1988 3923 2015 3945 et
2027 3918 2210 3946 continuatum
2222 3917 2278 3944 Cic.
2292 3911 2412 3977 deDNate.
2430 3923 2445 3949 s

2231 3965 2235 3969 ·
2345 3956 2407 3977 eon
