2474 4182
771 93 1022 136 DISSERT,
1056 71 1133 136 D'E
1163 96 1507 136 PRAECIPVIS
1536 96 1767 137 LEXICIS
1790 96 1913 135 LAT.

300 200 403 238 telam
424 200 582 236 duxerint
595 225 607 244 ,
637 204 723 244 quae
744 190 879 229 secutae
898 189 962 231 sint
978 192 1325 243 Lexicographorum

301 266 433 303 operae.

683 323 935 381 Calepinus.

400 416 441 449 Et
463 422 545 447 ecce
568 418 711 448 exortus
732 410 780 447 est
805 423 824 446 c
841 425 863 447 Λ
878 422 930 447 ιε
946 421 1091 446 1³1st
1124 408 1192 459 a),
1220 419 1326 460 quem

305 469 402 505 alieni
417 463 542 503 laboris
565 477 640 502 non
653 463 803 515 pudebat
818 492 829 510 ,
865 477 946 502 cum
961 465 1135 502 Perottum
1157 463 1328 501 exscribe-

304 530 355 558 ret
370 549 380 567 ,
414 532 519 571 quem
534 532 644 569 prope
660 519 810 569 pudebat
827 519 885 556 sui.
945 534 966 556 A
980 534 1006 556 M
1021 534 1038 557 B
1051 533 1072 555 R
1087 532 1140 558 os
1153 533 1166 556 1
1182 533 1204 555 v
1215 532 1231 556 s
1255 532 1274 554 c
1290 533 1329 555 A—

306 589 323 610 ι
337 586 356 611 Ε
371 589 388 611 Ρ
402 589 415 611 1
428 587 452 611 N
463 588 487 612 v
501 588 515 612 s
537 574 772 624 Bergomenfis
789 574 930 612 Ordinis
946 577 976 612 S.
992 575 1177 623 Augustini
1194 574 1328 610 Eremi-

300 639 398 667 tanus
422 628 574 682 Calepini
596 642 727 667 nomen
744 642 761 666 a
785 628 930 680 Calepio
952 626 988 677 b)
1015 631 1328 668 Cenomannorum

301 680 436 734 oppido
451 686 646 729 deriuauit3
680 684 786 722 multa
809 693 843 720 et
858 686 991 734 pietatis
1012 692 1046 721 et
1063 684 1240 721 literarum
1258 682 1327 720 lau-

301 739 345 777 de
361 740 531 777 exccllens
550 749 698 777 exeunte
716 738 851 776 saeculo
868 751 915 787 15.
943 748 978 776 et
1001 740 1142 776 ineunte
1164 740 1214 775 16.
1268 739 1328 773 Vi-

300 795 401 832 detur
417 794 502 831 nihil
514 795 658 844 posteris
683 793 849 844 reliquisse
863 803 994 843 praeter
1010 793 1263 831 Dictionarium
1278 790 1327 828 sa-

298 852 342 887 tis
357 860 491 886 notum.
546 851 637 886 Nam
656 860 743 900 quae
760 849 803 886 de
818 849 919 885 Vrbis
934 851 1156 886 Venetiarum
1172 845 1329 884 laudibus

299 918 317 942 a
333 903 506 941 nonnullis
527 903 742 941 existimatur
773 902 988 940 concinnasse
1002 931 1012 948 ,
1045 901 1131 939 nihil
1154 900 1249 938 aliud
1269 900 1330 945 est,

299 958 358 997 nisi
375 968 470 996 curta
487 960 609 996 notitia
632 959 724 995 istius
741 956 852 1004 vrbis,
868 970 972 1008 quam
986 970 1069 994 cum
1091 956 1156 993 Iac.
1174 952 1330 1007 Philippo

298 1013 518 1063 Bergoniensi
535 1024 619 1051 tunc
647 1014 815 1061 temporis
831 1011 1089 1050 Chronicarum
1113 1010 1330 1060 supplemen-

298 1079 374 1107 tum
394 1069 582 1106 meditante
608 1069 890 1106 communicauit.
955 1070 1004 1105 Ita
1033 1068 1128 1104 enim
1148 1065 1205 1103 ille
1227 1067 1263 1102 in
1284 1067 1326 1101 V.

297 1153 321 1172 „
334 1126 496 1161 Venetiae
511 1126 629 1160 ciuitas
643 1122 777 1172 insignis
787 1151 798 1170 ,
824 1145 917 1153 -----
949 1123 993 1159 de
1008 1124 1105 1160 cuius
1121 1120 1221 1160 laude
1237 1132 1327 1171 quo·

298 1208 321 1227 „
337 1181 429 1216 niam
452 1178 542 1228 apud
558 1177 675 1216 Iacobi
691 1176 840 1231 Philippi
855 1178 1069 1215 Chronicam
1095 1189 1113 1214 a
1135 1175 1238 1214 nobis
1261 1174 1327 1213 late

297 1263 319 1279 „
335 1233 538 1282 congestum
562 1234 609 1270 est
626 1263 637 1280 ,
671 1233 837 1270 duximus
865 1233 1112 1270 omittendum.
1142 1261 1165 1280 „
1228 1229 1328 1268 Obiit

295 1290 457 1337 Bergomi
479 1290 575 1325 annis
595 1287 789 1325 cuniulatus
808 1287 854 1324 A.
872 1298 963 1335 1510.
989 1287 1042 1338 c).
1071 1297 1106 1324 et
1129 1289 1165 1324 in
1181 1284 1328 1323 Ecclesia

292 1346 327 1380 S.
343 1341 521 1397 Augustini
537 1342 667 1380 ibidem
683 1341 752 1380 fine
769 1341 835 1379 vlla
850 1343 1071 1392 inscriptione
1085 1342 1248 1380 humatur
1262 1338 1325 1389 d).

293 1399 365 1435 Diu
388 1396 524 1445 vigebat
545 1396 636 1434 fama
659 1399 780 1435 Lexiei
805 1396 1017 1446 Calepiniani
1038 1426 1049 1444 ‚
1086 1406 1122 1434 et
1143 1399 1180 1433 in
1202 1408 1327 1444 magna

294 1451 497 1491 auctoritate
505 1451 704 1490 habebatur.
749 1453 800 1489 At
814 1451 1044 1489 nasutioribus
1053 1454 1180 1489 interea
1189 1449 1328 1488 fumum

294 1521 366 1546 non
381 1508 547 1545 vendidit.
600 1536 624 1554 ‚,
651 1507 717 1544 Sed
737 1504 795 1544 vbi
811 1507 859 1544 est
874 1508 1024 1554 interim,
1042 1506 1140 1558 quod
1164 1514 1234 1543 tam
1257 1517 1331 1542 ma—

293 1592 316 1611 „
332 1563 456 1612 gnifice
478 1559 642 1612 praecipit
664 1561 850 1611 Calepinus
871 1559 1008 1616 quidam
1026 1592 1037 1609 ,
1066 1583 1160 1592 ------
1215 1563 1258 1597 Et
1281 1570 1329 1597 ta-

292 1648 316 1665 „
332 1631 411 1655 men
427 1617 515 1664 sunt,
530 1619 590 1669 qui
604 1617 693 1654 mihi
715 1616 945 1665 indignantur,
959 1616 1056 1668 quod
1078 1615 1120 1654 ab
1136 1615 1208 1654 hoc
1224 1613 1328 1652 ausim

292 1702 316 1721 „
330 1672 510 1710 dissentire.
538 1701 562 1720 ,‚
617 1670 747 1719 Erasm.
767 1672 809 1708 ad
823 1671 948 1708 Matth.
966 1673 1025 1718 26,
1042 1672 1097 1720 63.
1153 1700 1176 1719 „
1204 1673 1258 1707 Ex
1275 1683 1326 1707 re-

292 1756 316 1775 „
331 1721 546 1764 centioribus
562 1725 697 1764 Nicolai
711 1728 841 1763 Perotti
857 1726 1162 1776 Cornu-Copiae,
1188 1725 1325 1773 Nestor,

291 1811 314 1830 „
329 1780 533 1819 Tortellius.
589 1783 642 1818 Ex
657 1779 782 1832 quibus
789 1779 1045 1819 Dietionarium
1062 1782 1163 1818 suum
1171 1779 1325 1818 Ambro÷

293 1865 316 1886 „
333 1835 398 1875 fius
421 1835 607 1885 Calepinus
630 1835 797 1884 congeffit
814 1863 825 1882 ,
859 1835 974 1874 homo
997 1836 1226 1886 congerendis
1250 1836 1326 1886 qui-

292 1919 316 1939 ‚,
330 1890 412 1929 dem
428 1889 493 1927 illis
512 1890 677 1937 idoneus,
692 1889 869 1939 explendis
887 1903 973 1929 vero
992 1903 1080 1941 quae
1095 1891 1237 1928 deerant
1252 1902 1326 1926 non

292 1975 316 1994 ‚,
331 1946 491 1984 idoneus.
519 1975 542 1993 „
598 1942 680 1983 Lud.
704 1944 777 1982 Vizt.
794 1944 817 1982 l.
832 1957 861 1993 3.
878 1945 923 1982 de
939 1945 1095 1985 tradend.
1111 1943 1241 1994 discipl.
1257 1946 1329 1980 Au-

292 2000 371 2040 ‹stor
392 2003 476 2038 item
500 1999 698 2050 Apologiae
720 2013 785 2050 pro
801 2002 919 2038 Poe'tis
934 2003 1065 2039 Latinis
1092 1999 1184 2049 apud
1210 1998 1328 2045 Gifizn.

291 2068 324 2106 p.
340 2068 420 2104 505.
474 2058 631 2094 Lexicon
646 2054 718 2093 hoc
735 2054 881 2105 appellat
893 2056 1057 2094 insulsum
1084 2064 1119 2092 et
1133 2053 1308 2093 foetidum
1319 2081 1330 2098 ‚

291 2111 454 2162 additque
480 2125 499 2147 c
513 2124 535 2148 A
550 2125 568 2148 r
582 2124 602 2148 r.
614 2125 632 2147 Ρ
645 2125 658 2147 1
671 2124 696 2147 N
707 2124 731 2147 v
744 2124 770 2147 M
797 2112 916 2149 omnia
941 2125 985 2149 ex
1000 2112 1138 2150 Perotto
1156 2109 1194 2147 Si
1195 2109 1331 2161 pontino

290 2165 455 2213 sumsisse,
472 2168 537 2214 ita,
568 2175 605 2204 vt
621 2179 639 2203 a
653 2166 687 2208 se
703 2179 747 2204 ne
769 2167 839 2218 γρῦ
862 2166 1005 2217 quidem
1019 2164 1211 2216 protulerit.
1246 2167 1330 2202 Sen-

290 2220 397 2259 tentia
411 2220 434 2259 si
449 2234 522 2259 non
537 2221 706 2259 verissima
721 2251 732 2268 ,
759 2230 910 2259 attamen
923 2234 1023 2264 verae
1039 2222 1198 2270 proxima
1211 2248 1222 2267 ,
1249 2231 1330 2256 nam

291 2278 352 2328 qui
376 2290 396 2313 c
407 2290 430 2313 A
444 2290 462 2312 r
476 2290 495 2313 E
510 2290 527 2312 Ρ
543 2290 555 2313 1
567 2289 593 2312 N
605 2290 629 2314 v
641 2290 667 2314 M
707 2289 788 2314 cum
811 2277 948 2314 Perotto
983 2274 1143 2314 conferre
1178 2275 1302 2323 sataget
1319 2304 1330 2322 ‚

291 2332 352 2368 vix
369 2329 412 2368 ab
430 2344 475 2368 eo
490 2330 599 2372 latum
617 2344 770 2380 vnguem
787 2331 960 2370 discedere
976 2331 1216 2382 inuestigando
1233 2342 1331 2379 repe-

291 2388 365 2424 riet.
422 2389 538 2423 [nimo
547 2398 585 2423 ea
602 2386 648 2424 est
657 2388 831 2424 ieiunitate
839 2389 999 2425 Lexicon
1017 2401 1037 2424 c
1052 2401 1073 2424 A
1088 2401 1106 2423 L
1119 2381 1138 2423 ἑ
1151 2400 1169 2423 Ρ
1184 2400 1197 2423 1
1211 2399 1236 2422 N
1251 2399 1263 2421 1
1273 2393 1330 2431 ,vt

290 2440 372 2478 lieet
396 2443 498 2478 toties
523 2441 640 2480 incudi
657 2441 859 2480 redderetur
874 2472 885 2490 ,
920 2452 955 2480 et
978 2454 1189 2492 magnorum
1214 2441 1330 2478 nomi-

290 2509 376 2534 num
390 2494 630 2533 audioritatem
638 2498 674 2533 in
689 2497 890 2535 recudendo
900 2497 1048 2545 jactitet,
1074 2496 1263 2535 hominum
1279 2503 1330 2532 ta-

289 2564 372 2589 men
388 2549 635 2600 exspecffationi
650 2551 758 2589 hodie
772 2550 976 2591 satisfaceret
991 2565 1122 2602 parum.
1178 2553 1327 2590 Plurima

289 2608 326 2646 iu
353 2618 398 2644 eo
426 2604 547 2657 deesse
564 2607 666 2643 etiam
691 2606 768 2655 post
796 2605 955 2645 Vltimam
981 2607 1103 2645 limam
1122 2637 1132 2655 ‚
1167 2607 1326 2657 plurimis

290 2663 394 2698 etiam
410 2658 561 2698 barbaris
577 2659 725 2698 vocibus
748 2661 938 2699 redundare
952 2691 963 2709 ,
991 2662 1088 2700 nullo
1105 2671 1273 2699 monente
1289 2668 1326 2697 vt

291 2715 334 2753 ab
351 2717 393 2752 iis
407 2725 585 2763 canerent,
612 2714 758 2765 plurima
773 2717 877 2753 etiam
892 2715 1057 2766 superesse
1073 2719 1109 2753 in
1124 2714 1325 2766 syllabarum

291 2769 537 2823 quantitatibus
559 2779 684 2818 errata,
699 2780 832 2820 praeter
847 2771 884 2810 id
904 2771 1002 2822 quod
1018 2773 1055 2807 in
1070 2769 1188 2808 limine
1208 2770 1324 2819 operis

291 2826 474 2875 profitetur
491 2854 501 2872 ‚
530 2827 756 2876 conqueritur
771 2824 977 2864 Borrichius.
1047 2824 1154 2862 Adeo
1179 2827 1215 2861 in
1239 2837 1323 2862 eum

289 2879 437 2927 incidit,
456 2875 554 2931 quod
576 2892 649 2917 non
671 2879 738 2917 sine
761 2879 826 2918 sale
849 2880 1090 2920 obseruauerat
1105 2882 1155 2918 vir
1174 2876 1325 2917 doc'tiffi-

291 2948 370 2973 mus
386 2964 396 2982 ,
434 2964 458 2982 „
472 2937 590 2972 Bonus
612 2933 668 2972 ille
682 2934 868 2985 Calepinus
888 2938 991 2974 toties
1016 2933 1145 2973 coetus·
1164 2942 1199 2972 et
1227 2946 1326 2971 reco-

293 3017 316 3036 ,,
333 2988 409 3027 &us
425 2998 545 3039 parum
559 2989 651 3039 sapit.
679 3018 702 3036 „
754 2993 803 3027 lta
818 2989 891 3029 fere
901 2993 961 3028 Vir
974 2990 1218 3028 eruditiffimus
1227 2988 1325 3038 Gasp.

293 3043 420 3096 Sciopp.
456 3046 491 3081 in
518 3043 836 3083 Consultationibus
858 3075 869 3093 ,
924 3075 946 3093 ,‚
968 3044 1141 3083 Ambrosii
1168 3043 1326 3093 Calepini

293 3126 317 3145 ‚,
333 3099 491 3135 Lexicon
505 3101 632 3149 quouis
647 3099 866 3149 superiorum
883 3100 930 3138 est
951 3100 1101 3138 deterius
1121 3129 1130 3148 ,
1166 3100 1271 3136 etiam
1287 3098 1327 3136 il-

294 3181 318 3201 „
333 3151 410 3199 lud,
427 3152 483 3189 cui
507 3156 645 3191 auaritia
669 3154 899 3204 Typographi
929 3167 1061 3192 nomen
1087 3157 1136 3192 10.
1161 3152 1327 3192 Passeratii

292 3219 412 3260 „gum
427 3209 577 3245 maxima
593 3206 782 3248 doetiffimi
804 3211 870 3247 viri
885 3211 1007 3248 iniuria
1020 3207 1256 3258 ‘praescribere
1274 3210 1326 3247 ni-

1390 222 1414 241 „
1430 191 1479 229 hil
1501 192 1678 231 dubitauit.
1715 221 1740 242 „
1803 193 1941 230 Hieron.
1973 199 2088 228 tamen
2109 189 2252 245 Magius
2265 221 2276 240 ,
2306 201 2412 244 quana

1390 259 1494 300 quam
1509 246 1552 283 de
1570 261 1590 283 e
1603 263 1625 285 A
1639 263 1656 285 ι
1667 263 1686 286 r.
1699 263 1716 286 P
1730 262 1744 286 1
1757 261 1783 285 N
1795 261 1818 285 ο
1843 247 1896 294 id,
1913 246 2010 298 quod
2023 257 2076 283 res
2092 246 2149 293 est,
2164 251 2284 285 sentire
2297 248 2413 284 videa-

1390 313 1447 340 tur
1460 331 1470 349 ,
1504 301 1547 337 de
1568 314 1587 336 c
1601 315 1623 338 A
1635 315 1653 338 1.
1667 317 1686 341 E
1703 317 1720 340 Ρ
1734 317 1747 340 1
1760 316 1784 340 N
1795 317 1809 340 1
1841 300 2087 340 successoribus
2128 300 2226 349 plane
2257 305 2413 340 caecutit.

1390 387 1413 406 „
1429 354 1665 403 Ambrosium,
1677 360 1760 395 Diui
1775 357 1958 405 Augustini
1973 354 2113 393 fratrem
2129 355 2355 403 cucullatum,
2371 354 2413 393 ab

1392 442 1415 461 „
1431 411 1563 462 oppido
1585 412 1620 446 in
1636 422 1707 461 quo
1722 422 1820 449 natus
1833 412 1880 449 est
1894 441 1905 459 ,
1932 410 2139 460 Calepinum
2154 420 2410 459 nuncupatum,

1392 497 1415 516 „
1430 469 1640 505 Graecarum
1658 464 1830 504 literarum
1842 469 1989 503 omnino
2004 474 2181 515 expertem
2200 494 2210 511 ,
2245 473 2280 501 et
2293 464 2413 503 huma-

1394 551 1417 572 „
1433 520 1588 560 nioribus
1614 519 1718 557 literis
1739 524 1797 558 vix
1819 519 1966 558 tinc‘tum
1983 549 1993 567 ,
2027 522 2188 557 omnium
2209 519 2414 568 scriptorum

1393 606 1415 626 ,‚
1431 576 1735 615 fortunatisfimum
1756 575 1869 627 dicere
1885 575 1980 613 soleo
1993 605 2004 622 ,
2036 574 2133 626 quod
2156 587 2237 612 cum
2251 576 2415 614 Latinum

1392 659 1415 680 ,‚
1431 633 1603 669 Lexicum
1629 632 1846 667 Graecorum
1867 630 2030 680 exemplo
2062 628 2215 666 edidisset
2233 658 2243 676 ,
2285 642 2357 667 non
2379 630 2416 668 id

1390 716 1413 734 „
1429 687 1582 738 quidem,
1598 685 1694 737 quod
1709 697 1726 722 a
1741 683 1852 721 doctis
1866 683 2053 734 legeretur,
2078 684 2138 722 sed
2157 682 2198 721 ab
2219 683 2286 732 his,
2300 687 2361 735 qui
2381 687 2417 722 in·
2467 681 2468 684 '

1391 770 1415 789 „
1430 743 1749 778 Grammaticorum
1772 737 1897 776 scholis
1919 740 2032 777 adhuc
2062 739 2295 786 versarentur,
2323 742 2416 777 inor-

1393 822 1415 842 „
1432 805 1550 832 natum
1567 824 1578 840 ,
1603 794 1736 832 aridum
1763 804 1797 831 et
1818 793 1982 841 exemplis
2003 808 2023 832 e
2040 795 2151 832 sacrae
2169 793 2350 842 scripturae
2364 797 2417 832 in-

1392 879 1416 898 „
1431 848 1638 899 terpretibus
1652 849 1781 898 saepius
1803 861 1908 900 quain
1931 861 1951 885 e
1966 849 2136 887 Cicerone
2158 849 2349 897 depromtis
2365 862 2418 887 re-

1392 933 1415 952 „
1431 903 1558 942 fertum
1578 933 1588 950 ,
1622 903 1900 942 dofflffiniorum
1915 903 2030 952 postea
2043 906 2198 942 virorum
2215 916 2295 940 cura
2316 914 2418 956 atque

1393 988 1416 1008 „
1431 971 1536 1008 opera
1557 957 1688 996 factum
1711 959 1759 996 est
1775 988 1785 1005 ,
1818 968 1855 996 vt
1871 959 1942 995 hoc
1957 969 2048 1008 opus
2069 959 2111 995 ad
2129 958 2330 1009 immensam
2345 972 2417 997 ma-

1392 1043 1416 1062 „
1429 1013 1647 1063 gnitudinem
1670 1015 1860 1051 exercuerit
1875 1042 1886 1061 ,
1920 1022 1958 1050 vt
1986 1015 2061 1050 iure
2077 1012 2229 1062 Calepon
2245 1044 2256 1062 ,
2283 1014 2320 1051 id
2343 1015 2391 1051 est
2405 1043 2417 1062 ,

1392 1081 1539 1122 „graue
1565 1068 1633 1105 dici
1647 1068 1749 1117 possit
1766 1096 1776 1114 ‚
1811 1077 1846 1104 ct
1869 1070 1970 1117 copia
2002 1066 2189 1105 verborum
2216 1081 2418 1120 vocumque
2464 1086 2466 1089 ·

1392 1153 1414 1173 „
1431 1136 1505 1161 non
1521 1122 1589 1162 fine
1603 1122 1768 1172 elegantia
1785 1122 1860 1160 satis
1877 1122 2053 1172 expletum
2070 1152 2080 1169 ,
2115 1124 2187 1159 iam
2209 1135 2280 1161 non
2297 1137 2316 1161 a
2333 1116 2418 1173 pue-

1392 1209 1415 1227 „
1430 1181 1475 1216 ris
1498 1178 1609 1216 modo
1626 1207 1637 1226 ,
1669 1177 1729 1215 sed
1749 1176 1790 1214 ab
1816 1177 1979 1216 omnibus
1996 1177 2127 1226 legatur
2143 1207 2153 1225 ,
2189 1186 2227 1214 vt
2241 1178 2354 1216 nullus
2370 1178 2420 1227 fit,

1391 1264 1413 1283 ,‚
1429 1236 1490 1285 qui
1505 1247 1578 1272 non
1593 1232 1761 1283 Calepino
1783 1243 1841 1270 aut
1863 1231 1973 1281 palam
1988 1242 2045 1270 aut
2062 1231 2153 1271 teste
2176 1231 2284 1270 hodie
2298 1243 2418 1271 vtatur.

1390 1318 1413 1339 „
1430 1289 1593 1327 Tandem
1616 1291 1710 1326 enim
1729 1288 1874 1326 Gesneri
1893 1296 1928 1324 et
1952 1289 2102 1324 Manutii
2124 1287 2363 1326 additamentis
2385 1297 2421 1326 et

1391 1372 1414 1393 „
1429 1342 1707 1400 castigationibus
1730 1346 1775 1380 ita
1792 1341 1934 1380 audium
1955 1352 2056 1393 atque
2072 1352 2276 1380 exornatum
2291 1343 2419 1393 prodiit

1390 1430 1416 1448 „
1432 1402 1467 1437 in
1484 1399 1598 1437 lucem
1615 1428 1625 1446 ,
1654 1408 1692 1436 vt
1707 1397 1794 1442 nihil
1809 1401 1845 1435 in
1860 1410 1904 1436 eo
1920 1396 2098 1435 desiderari
2112 1396 2206 1446 posse
2221 1398 2385 1436 videatur.
2394 1427 2418 1446 ‚,

1392 1458 1488 1493 Haec
1504 1454 1561 1492 ille
1575 1454 1632 1491 lib.
1650 1454 1694 1492 de
1710 1452 1870 1505 Equuleo
1886 1482 1897 1500 ,
1926 1464 1999 1502 cap.
2017 1453 2052 1489 6.
2094 1450 2304 1504 Calepiniani
2326 1455 2420 1491 enim

1393 1512 1509 1560 operis
1525 1509 1593 1547 siue
1602 1508 1692 1547 fama
1706 1508 1775 1547 siue
1793 1507 1934 1546 fortuna
1949 1507 2119 1557 plurimos
2135 1508 2177 1544 ad
2189 1506 2314 1546 laboris
2331 1507 2420 1547 fimi.

1393 1565 1574 1602 litudinem
1589 1564 1727 1612 allexit,
1760 1566 1820 1615 qui
1835 1562 1878 1600 ab
1893 1563 1947 1600 his
1961 1564 2065 1600 initiis
2080 1561 2191 1600 exorsi
2205 1571 2338 1601 tantum
2358 1562 2418 1600 ali-

1393 1620 1484 1657 unde
1499 1618 1658 1672 Calepino
1672 1619 1878 1668 ingesserint,
1891 1627 1929 1655 vt
1942 1616 1966 1655 si
1979 1620 2048 1655 iam
2064 1617 2135 1672 ipse
2150 1619 2187 1655 in
2203 1626 2308 1656 terras
2329 1618 2419 1656 redi-

1393 1684 1488 1712 turus
1505 1685 1576 1714 erat
1590 1705 1601 1723 ,
1629 1674 1730 1712 suum
1751 1686 1840 1723 opus
1856 1675 2059 1724 neutiquam
2074 1673 2280 1721 agnosceret.
2335 1702 2359 1721 ‚‚
2382 1672 2421 1710 ld

1390 1759 1413 1778 „
1427 1729 1525 1781 quod
1546 1728 1735 1768 Ambrosio
1755 1728 1923 1778 Calepino
1949 1727 2127 1776 contigisse
2155 1728 2332 1776 videmus,
2359 1729 2419 1779 qui

1391 1813 1413 1832 „
1429 1799 1510 1823 cuin
1525 1787 1684 1823 Lexicon
1711 1783 1889 1835 quoddam
1905 1784 2104 1820 Latinarum
2131 1795 2285 1831 vocum,
2313 1782 2420 1832 plera-

1391 1867 1413 1886 „
1429 1852 1579 1889 rumque
1607 1837 1744 1875 fortaffe
1767 1851 1840 1875 non
1855 1837 1944 1875 bene
1965 1835 2216 1875 intellectarum
2238 1837 2393 1875 edidisset
2408 1866 2420 1885 ,

1392 1921 1416 1939 „
1430 1892 1558 1942 placuit
1579 1894 1762 1930 inuentum
1787 1890 1990 1929 hominibus
2017 1890 2131 1929 dotstis
2145 1921 2156 1940 ,
2197 1901 2232 1930 et
2252 1894 2419 1944 quoniam
2456 1898 2459 1900 '

1392 1975 1415 1994 „
1429 1959 1501 1984 non
1516 1944 1598 1982 effet
1614 1949 1788 1996 integrum
1801 1948 1838 1982 in
1853 1944 1936 1985 illud
1951 1945 2133 1994 inuadere,
2159 1949 2238 1998 quia
2253 1949 2348 1997 prior
2361 1946 2420 1985 ille

1393 2030 1416 2049 ‚‚
1433 1997 1643 2049 occupasset,
1670 1997 1791 2036 relidio
1806 1997 1960 2046 Calepini
1974 2001 2118 2036 nomine
2131 2028 2143 2046 ‚
2170 2011 2304 2040 tantum
2317 2014 2420 2040 vnus-

1394 2085 1418 2106 „
1435 2057 1581 2108 quisque
1596 2056 1632 2092 in
1646 2052 1748 2101 illud,
1776 2061 1943 2104 quantum
1957 2059 2093 2101 poterat
2107 2081 2118 2099 ,
2142 2055 2299 2091 contulit.
2355 2059 2418 2091 lta-

1395 2140 1419 2160 „
1435 2124 1503 2164 que
1524 2112 1593 2148 iam
1614 2107 1700 2147 liber
1724 2108 1780 2146 ille
1808 2116 1899 2145 tanta
1920 2119 2036 2144 rerum
2055 2108 2154 2156 copia
2175 2106 2326 2145 abundat
2341 2136 2352 2154 ‚
2379 2116 2418 2144 vt

1393 2196 1419 2216 „
1435 2167 1536 2216 copia
1550 2164 1618 2216 ipsa
1632 2176 1705 2202 non
1720 2175 1828 2215 aeque
1844 2160 1883 2199 sit
1897 2158 2053 2212 copia,vt
2067 2160 2153 2200 liber
2165 2161 2221 2200 ille
2234 2163 2283 2201 est
2299 2164 2419 2211 copia,

1393 2251 1417 2270 „
1434 2234 1547 2272 neque
1586 2219 1775 2272 quidquam
1812 2216 1850 2256 fit
1865 2216 2031 2266 Calepini
2064 2219 2218 2270 nomine,
2248 2216 2416 2254 illustrius.

1394 2306 1418 2326 „
1432 2279 1515 2315 Hoc
1529 2275 1670 2328 quidem
1686 2274 1798 2311 nostra
1813 2281 1921 2310 aetate
1933 2301 1945 2318 ‚
1971 2281 2007 2309 vt
2021 2271 2065 2308 de
2085 2271 2157 2310 aliis
2172 2274 2302 2310 taceam
2317 2300 2328 2319 ,
2356 2271 2419 2308 vsu

1394 2361 1417 2381 „
1431 2334 1527 2370 venit
1549 2329 1699 2369 Otstauio
1720 2326 1915 2366 Pancirolae
1940 2325 2095 2376 Regiensi
2110 2356 2120 2372 ,
2155 2337 2189 2364 et
2204 2325 2418 2366 Cathedralis

1394 2417 1418 2436 „
1433 2386 1589 2425 eiusdem
1605 2382 1768 2422 Ecclesiae
1783 2383 1964 2421 Canonico
1977 2411 1989 2429 ,
2027 2394 2224 2433 quanquam
2240 2380 2306 2420 fuit
2322 2379 2420 2418 Cale-

1393 2472 1417 2491 „
1432 2444 1518 2492 pino
1535 2440 1707 2492 aliquanto
1720 2437 1862 2476 felicior.
1917 2436 1975 2474 Ille
1991 2439 2085 2474 enim
2100 2436 2163 2474 suo
2177 2439 2339 2484 inuentu,
2360 2436 2420 2473 hic
2461 2463 2463 2465 .

1392 2527 1416 2546 „
1432 2498 1480 2535 est
1494 2496 1602 2534 clarus
1617 2494 1737 2532 alieno.
1769 2522 1793 2541 „
1854 2493 1929 2530 Ian.
1946 2492 2024 2529 Nic.
2042 2491 2182 2542 Erythr.
2200 2490 2418 2529 Pinacothec.

1392 2565 1424 2600 3,
1436 2563 1487 2600 53.
1542 2551 1657 2588 Editio
1675 2550 1784 2599 prima
1799 2577 1810 2594 ,
1844 2559 1948 2598 quam
1969 2548 2088 2595 paucis
2107 2547 2224 2584 videre
2246 2547 2393 2594 contigit
2408 2573 2420 2592 ‚

1389 2614 1573 2656 procurata
1591 2613 1661 2643 erat
1674 2602 1715 2642 ab
1726 2601 1898 2650 Audiore,
1926 2610 1961 2639 et
1977 2600 2132 2650 impressa
2147 2601 2270 2650 Rhegii
2286 2602 2420 2649 Lingo-

1389 2661 1525 2698 bardiae
1551 2672 1645 2708 1502.
1680 2657 1742 2697 fol.
1778 2669 1883 2709 quam
1904 2657 2041 2694 Senatui
2062 2655 2266 2708 Populoque
2290 2658 2420 2705 Bergo-
2450 2655 2456 2659 '

1388 2715 1495 2754 mensi
1513 2713 1683 2765 inscripsit.
1748 2711 1800 2750 lbi
1815 2725 1898 2749 cum
1921 2711 2104 2761 profitetur
2117 2710 2151 2748 se
2165 2710 2271 2761 multa
2298 2718 2429 2759 contrg

1388 2772 1613 2809 Laurentium
1634 2768 1762 2807 Vallum
1779 2797 1790 2815 ,
1818 2776 1938 2804 contra
1954 2765 2161 2815 Prifiianum
2181 2764 2337 2817 aliosque
2351 2777 2419 2803 au·
2452 2804 2460 2826 Ι

1389 2824 1504 2864 {tores
1520 2819 1674 2874 proferre
1691 2854 1702 2872 ,
1735 2821 2021 2873 praestantiorum
2042 2819 2245 2858 auctoritate
2267 2822 2391 2858 nixum
2404 2846 2417 2867 ‚

1388 2880 1646 2930 praestantiores
1654 2878 1732 2917 illos
1745 2887 1780 2915 et
1788 2876 1977 2914 Latinitatis
1993 2874 2084 2927 quasi
2097 2867 2258 2928 κριτήρια.
2273 2874 2422 2913 infelicia
2451 2923 2455 2928 .

1388 2944 1440 2974 ter
1456 2933 1640 2984 subiungit.
1695 2962 1717 2982 ,‚
1730 2931 1809 2970 Plus
1825 2933 1919 2969 enim
1936 2930 2028 2981 apud
2042 2942 2100 2968 me
2109 2929 2280 2968 Ambrosii
2295 2958 2306 2976 ‚
2333 2932 2420 2968 Hie-

1390 3019 1413 3038 „
1429 2992 1567 3038 ronymi
1583 3019 1594 3036 ,
1621 2987 1675 3027 vel
1689 2987 1872 3037 Augustini
1899 2987 2046 3035 grauitas
2072 2983 2285 3024 erdotftrina
2308 2984 2420 3034 valet,

1391 3074 1414 3092 ,‚
1430 3054 1466 3083 et
1479 3046 1697 3082 Graecorum
1711 3053 1737 3092 ,¹
1759 3054 1863 3094 quam
1881 3042 2057 3079 Laurentii
2073 3039 2185 3078 Vallae
2201 3040 2347 3081 studiosa
2362 3051 2422 3077 re-

1390 3129 1414 3148 „
1429 3098 1621 3149 prehensio.
1650 3127 1673 3145 ,‚
1733 3100 1771 3135 In
1793 3095 1910 3135 fronte
1929 3096 2018 3133 hanc
2041 3093 2291 3144 allocutionem
2313 3094 2356 3132 ad
2378 3093 2418 3131 li·
2454 3091 2457 3094 ’

1391 3153 1495 3191 brum
1518 3155 1677 3203 praefixit
1699 3150 1847 3192 versibus
1885 3163 1959 3189 non
1989 3149 2181 3189 admodum
2212 3150 2337 3188 comtis
2366 3150 2418 3186 in-

1391 3206 1519 3247 clusam
1538 3238 1548 3254 ‚
2115 3220 2117 3224 ¹
2201 3210 2215 3229 '
2415 3243 2432 3263 s

2350 3259 2419 3292 Mos

332 3354 363 3383 a)
383 3347 458 3377 Alius
482 3349 519 3377 est
532 3340 681 3388 Anibrosi'us
695 3350 838 3387 calepinus,
851 3351 898 3390 qui
917 3349 1002 3379 edidit
1017 3358 1069 3379 tres
1086 3357 1174 3380 tomos
1188 3351 1276 3379 Praxis
1291 3350 1479 3380 Ecclesiasticae
1491 3349 1654 3380 criminalis.
1702 3348 1807 3378 Floruit
1822 3350 1893 3378 enim
1907 3349 1965 3387 post
1978 3347 2076 3384 integri
2090 3343 2183 3374 saeculi
2203 3343 2376 3373 interuallum
2390 3352 2417 3374 et

374 3388 449 3426 quod
462 3391 587 3418 excurrit.

647 3389 674 3422 b)
695 3392 734 3419 Dc
748 3390 835 3420 nihilo
849 3391 885 3420 est
895 3412 906 3426 ,
926 3390 1007 3420 credo
1018 3413 1026 3425 ‚
1047 3391 1122 3429 quod
1136 3390 1286 3420 Bon—ichias
1298 3393 1326 3420 in
1343 3391 1476 3420 Dissertat.
1498 3391 1531 3419 de
1545 3392 1648 3419 Lexicis
1661 3388 1823 3430 Ambrosium
1842 3391 1962 3418 nostrum
1974 3387 2088 3418 Comitis
2106 3385 2140 3413 de
2152 3384 2264 3424 Calcpio
2283 3386 2320 3415 ait
2340 3383 2416 3414 fuisse

375 3429 471 3457 filium.
513 3428 592 3458 Nihil
607 3429 640 3458 de
652 3441 683 3459 ca
699 3433 804 3467 generis
817 3431 937 3460 claritate
951 3438 1104 3460 memorant
1115 3432 1163 3470 qui
1180 3437 1198 3459 c
1209 3439 1232 3460 Α
1243 3439 1260 3460 1.
1273 3437 1318 3460 EQ
1331 3440 1340 3460 1
1353 3440 1375 3460 N
1390 3439 1409 3458 v
1423 3439 1449 3460 M
1471 3438 1554 3474 aetate
1569 3433 1691 3470 proxime
1705 3432 1850 3467 attigerunt
1866 3451 1877 3465 ,
1901 3427 2061 3463 Tritbemt'ur
2072 3433 2137 3464 puta
2151 3446 2161 3459 ‚
2181 3425 2214 3453 de
2229 3427 2356 3464 Scriptor.
2371 3426 2418 3453 EC·

374 3468 435 3500 cles.
449 3468 574 3499 Leander
589 3470 718 3499 Asbcrtus
732 3472 760 3498 in
776 3471 952 3511 descriptione
966 3470 1059 3500 Italiae
1072 3493 1081 3506 ‚
1101 3478 1128 3500 et
1144 3472 1197 3499 lac.
1213 3471 1323 3509 Philipp.
1339 3471 1522 3508 Bergomensis
1537 3471 1653 3506 Calepini
1667 3479 1694 3500 et
1706 3473 1945 3505 Comei-rancum&
1959 3464 2092 3505 Aequalis.
2139 3466 2313 3494 Contrarium
2333 3466 2415 3501 magis

376 3519 468 3538 omnes
481 3519 550 3548 quos
563 3510 686 3539 vidimus.
734 3512 767 3541 V.
788 3512 860 3543 Hier,
873 3513 1007 3552 Magium,
1022 3513 1069 3550 qui
1083 3510 1208 3540 laudatur
1227 3511 1306 3540 infra.
1353 3511 1491 3541 Nataliuin
1505 3519 1576 3539 certe
1591 3510 1760 3550 splendorem
1777 3512 1886 3546 minime
1897 3507 2059 3537 confirmant
2072 3516 2119 3540 ea,
2131 3515 2200 3544 quae
2215 3505 2296 3534 habet
2315 3504 2369 3544 ipse
2388 3506 2416 3533 in

376 3549 488 3587 praefat.
500 3559 519 3578 r.
539 3550 681 3583 Editionis.
717 3573 736 3586 ,‚
748 3553 779 3580 Et
794 3561 882 3590 neque
895 3551 1133 3581 declamationibus
1153 3550 1308 3587 refragante
1323 3559 1418 3581 natura
1444 3561 1487 3580 me
1503 3551 1653 3580 dedendum
1671 3560 1793 3591 putarem
1806 3573 1816 3586 ‚
1839 3550 1926 3587 neque
1944 3545 2130 3587 percipiendae
2151 3543 2339 3585 Philosophiae
2359 3544 2415 3573 vlla

377 3609 396 3622 ‚‚
407 3589 472 3617 mihi
485 3600 500 3618 a
515 3591 633 3629 patribus
646 3590 756 3620 facultas
770 3591 888 3620 daretur.
911 3614 930 3627 „

978 3592 1146 3621 Borrichimn
1164 3592 1259 3630 procul
1276 3591 1359 3620 dubio
1379 3593 1408 3620 in
1426 3590 1549 3620 fraudem
1561 3592 1666 3621 induxit
1680 3592 1800 3632 Ghilinur
1817 3599 1846 3633 ψ
1863 3589 1961 3617 Telm'o¹
1978 3586 2125 3615 d'hwmmi
2140 3586 2262 3614 [efferati
2277 3598 2283 3614 ²
2309 3586 2349 3614 La
2359 3584 2415 3624 fita

375 3627 664 3670 nobistffimafiimigliz'i
675 3631 825 3670 principale
836 3633 868 3660 in
882 3634 1011 3672 Ber-gamo
1022 3631 1056 3661 lua*
1071 3633 1176 3672 origine
1189 3631 1226 3660 da
1241 3632 1341 3669 calepio
1355 3653 1365 3666 ‚
1391 3631 1439 3660 del
1448 3630 1514 3672 qual
1521 3631 1646 3672 villqegio
1658 3635 1669 3661 i
1673 3635 1736 3669 suoi
1753 3629 1877 3660 animati
1883 3628 1988 3666 furono
2003 3627 2087 3655 Comi.
2129 3627 2206 3654 Tum
2226 3635 2293 3654 vero
2313 3627 2415 3664 postea.

380 3666 451 3706 Vflh
465 3667 570 3703 ''Isari-o
582 3671 675 3701 habito
689 3671 780 3700 ranno
793 3677 866 3706 1458.
887 3681 914 3700 et
927 3671 1089 3712 chiamauafi
1095 3673 1129 3702 al
1127 3671 1214 3710 secolo
1227 3673 1253 3700 il
1263 3672 1342 3701 Come
1357 3672 1482 3701 Giatomo
1495 3671 1597 3711 calepio
1611 3672 1684 3711 jiquio
1699 3672 1746 3702 del
1758 3671 1836 3700 Conte'
1855 3670 1908 3697 Tru
1921 3667 1998 3696 ardo.
2038 3665 2177 3704 Calepium
2190 3675 2208 3694 ο
2228 3666 2319 3704 pidum
2339 3666 2375 3694 est
2387 3667 2416 3695 in

359 3707 556 3752 'Cenomannis
567 3711 600 3739 ad
612 3721 653 3746 14.
674 3710 791 3751 lapidem
804 3721 819 3739 a
834 3713 967 3748 Bergomo
978 3710 1099 3747 Brixiam¹
1113 3711 1204 3742 versus
1223 3712 1256 3741 ad
1273 3711 1363 3742 Colles
1378 3715 1408 3741 in
1420 3713 1520 3742 sinistra
1542 3720 1615 3752 parte
1635 3710 1759 3752 positum.
1805 3713 1829 3742 c)
1849 3707 1952 3737 Erl'ssffe
1969 3713 2037 3746 PU‘O
2050 3706 2145 3745 Ianig-
2162 3706 2210 3733 ΒΗ)
2222 3706 2288 3735 ῙΟῑῙῐῖ
2305 3707 2366 3734 Vct·
2387 3712 2415 3735 ἔ(

373 3746 450 3792 Nou.
471 3749 518 3785 qui
533 3749 566 3777 ad
581 3753 610 3780 Α.
625 3760 690 3787 1513.
713 3751 807 3781 refert.
847 3753 911 3786 Quo
929 3755 1009 3782 etiam
1027 3763 1121 3782 errore
1140 3760 1247 3782 tenetur
1264 3752 1415 3782 Bmllettus.

375 3796 448 3814 enim
463 3786 522 3815 fere
535 3792 626 3818 aetatis
644 3793 681 3820 est
694 3791 806 3828 Iacobur
816 3790 948 3829 Phifippm
960 3794 1081 3822 Fon-estus
1093 3794 1276 3829 Ber-gementis
1290 3814 1298 3828 ,
1325 3794 1372 3831 qui
1389 3796 1406 3822 c
1417 3800 1466 3822 Ax.
1475 3801 1493 3822 E
1505 3801 1520 3821 Ρ
1531 3804 1542 3825 ι
1551 3801 1572 3822 Ν
1585 3802 1605 3822 ν
1617 3802 1643 3823 M
1659 3799 1831 3822 coaetaneum
1844 3789 1919 3817 finum
1933 3785 2060 3826 appellat.

373 3835 441 3862 opus
456 3827 653 3858 Chronicorum
672 3833 731 3864 (vti
744 3832 887 3871 profitetur
901 3831 957 3870 ipse
969 3833 1103 3872 Philippus
1114 3835 1143 3862 in
1155 3831 1227 3862 ealce
1240 3833 1307 3862 Edit.
1325 3839 1416 3868 1492.)
1436 3843 1508 3862 anno
1516 3834 1538 3871 ja
1554 3831 1638 3862 natali
1651 3831 1800 3861 Christiano
1815 3826 1888 3864 ¹486.
1909 3828 1955 3856 fibi
1968 3836 2034 3856 vero
2047 3836 2063 3854 a
2075 3827 2217 3854 natittitate
2230 3833 2273 3859 ςι-

1475 3752 1510 3793 d)
1535 3755 1565 3781 In
1585 3753 1672 3782 lucem
1691 3752 1776 3781 editus
1794 3748 1872 3778 fuisse
1890 3747 1998 3777 videtur
2016 3747 2086 3774 eirca
2099 3749 2206 3776 Annum
2224 3754 2300 3780 ¹440-
2352 3747 2414 3774 Eius

2113 3785 2262 3814 Perfectum
2282 3786 2319 3814 est
2341 3787 2413 3814 enim

2325 3826 2413 3855 Natus

373 3867 410 3893 ‘st
426 3875 492 3911 5¹30
508 3866 641 3906 Philippu,
656 3872 686 3898 A.
705 3880 771 3906 ¹435·
786 3879 820 3903 :t
833 3871 905 3910 apud
919 3871 979 3900 suos
995 3873 1184 3910 Bergomenses
1199 3874 1350 3913 ssipi-einum
1367 3873 1437 3902 diem
1451 3874 1546 3902 obiens
1561 3876 1591 3902 A.
1609 3879 1675 3906 ¹3¹8.
1697 3871 1730 3900 ad
1743 3869 1950 3905 octuagesimum
1962 3874 2087 3906 quartum
2101 3876 2202 3901 annum
2218 3867 2301 3895 vitam
2314 3873 2413 3904 proro-

371 3912 444 3942 gauit
458 3916 464 3933 :
488 3906 559 3936 male
572 3908 790 3947 septuagesimum
806 3913 930 3951 quintum
945 3913 1039 3941 Frater
1053 3913 1174 3954 Iosephur
1185 3913 1335 3952 Pamphilus
1349 3915 1377 3942 in
1392 3914 1519 3944 Chronic.
1537 3914 1603 3946 0ῑοί.
1615 3914 1738 3943 Fratrum
1755 3910 1933 3941 Eremitaxum
1947 3909 1971 3937 S.
1985 3907 2131 3946 Augustini.
2197 3904 2206 3914 ⁶
