2474 4182
758 52 1124 92 DISSER11DE
1157 51 1498 90 PRAECIPVIS
1529 53 1763 91 LEXICIS
1794 53 1915 92 LAT.

275 188 298 206 ‚,
313 166 348 194 et
383 155 544 193 industria
573 166 596 188 T
610 166 633 189 u
650 164 671 187 0
684 163 709 185 M
727 163 746 185 Α
763 161 781 184 Ε
815 161 835 183 c
851 160 872 183 o
887 160 909 183 0
924 160 940 183 P
954 160 972 184 Ε
986 161 1006 184 R
1021 161 1031 184 1
1062 148 1308 196 Magdalenen-

273 242 296 260 „
314 211 362 248 fis.
391 240 413 257 „
474 209 568 256 Qid
591 201 860 251 exspesiandilnl
882 201 984 240 sit-ab
1007 203 1079 240 hoc
1096 204 1280 241 Thesauro
1297 234 1307 250 ,

274 267 379 304 discet
400 263 511 301 lector
538 275 581 298 ex
604 257 715 294 verbis
739 254 914 295 audioris:
963 288 986 306 ‚,
1005 261 1073 295 Hie
1096 272 1168 296 non
1193 259 1307 297 solum

271 352 294 370 ,‚
311 322 478 370 cuiusque
495 311 655 352 vocabuli
669 312 888 349 vernaculam
911 314 1232 363 interpretationem
1251 327 1306 352 va-

272 406 296 425 „
313 377 396 412 riam
418 381 452 409 et
467 367 645 416 copiosam
671 370 868 418 reperient,
902 368 960 406 sed
979 380 1013 405 et
1040 371 1142 405 etiam
1166 384 1209 406 ex
1232 383 1305 406 am-

269 461 293 479 „
310 429 457 479 pliffimo
478 437 499 459 R
513 436 535 459 ο
552 435 569 458 Β
585 436 603 459 Ε
616 436 637 459 R
651 436 673 458 T
690 438 703 459 1
730 436 745 459 s
761 437 783 459 T
800 438 818 460 E
836 438 851 459 Ρ
868 437 890 459 u
904 437 924 459 A
940 437 963 459 N
978 438 990 459 1
1014 422 1181 470 Thefizuro
1204 437 1303 461 com-

269 515 292 533 „
309 479 505 520 modiffime
519 478 696 526 congestas
713 477 935 515 locutionum
951 477 1120 515 formulas
1136 507 1146 524 ,
1176 478 1302 529 quibus

268 568 290 587 9,
307 533 462 574 eiusdem
478 533 569 583 apud
584 531 752 582 probatos
767 531 927 570 aridiores
944 533 1020 569 vsus
1036 563 1046 578 ,
1079 536 1302 582 quantumuis

264 620 288 640 „
304 588 486 639 multiplex
502 618 513 636 ‚
540 589 718 625 indicatur.
775 591 828 624 Ex
845 588 969 624 iisdem
985 589 1089 623 etiam
1106 586 1302 636 subscriptis

264 644 526 694 „locutionum
544 643 715 693 exemplis
736 642 927 690 intelligant
943 672 952 688 ,
990 642 1192 679 cuiusmodi
1209 645 1244 678 in
1262 642 1301 678 il-

265 731 288 751 „
306 699 464 737 lustribus
484 698 709 748 scriptoribus
731 696 891 735 adiundia
915 697 977 734 sint
1003 695 1204 734 nominibus
1223 699 1301 746 Epi-

262 786 285 804 „
300 755 415 803 theta,
443 767 530 806 quae
543 752 658 791 verbis
672 752 845 802 eleganter
858 751 1019 789 aduerbia
1036 750 1300 797 connestantur,

262 841 285 861 „
302 823 389 862 quae
405 809 580 847 interdum
599 808 776 846 Antitheta
792 817 827 844 et
844 810 1013 845 contraria
1029 837 1039 853 ,
1074 819 1162 857 quae
1184 808 1301 843 uomi-

261 897 284 913 „
300 878 342 903 na
360 864 486 916 quibus
502 863 616 901 verbis
633 894 643 910 ,
672 876 759 914 quae
775 865 860 900 item
877 862 981 899 verba
998 860 1128 913 quibus
1144 864 1298 899 nomini·

264 952 286 969 „
302 921 367 958 bus
384 930 461 970 apte
480 919 697 957 cohaereant.
761 920 898 955 Genera
915 916 1106 955 verborum
1130 927 1163 954 et
1183 919 1299 954 nomi-

260 1007 285 1026 „
304 989 408 1017 num,
436 977 682 1018 inflexionem,
711 982 914 1021 accentum,
942 972 1201 1009 deriuationem
1220 984 1301 1009 nus-

261 1061 283 1079 „
298 1043 402 1082 quam
418 1043 525 1079 paene
540 1026 749 1078 praetermisi
763 1057 773 1075 ,
808 1038 844 1065 vt
859 1027 1000 1065 illorum
1017 1029 1122 1065 etiam
1144 1027 1301 1065 consule-

261 1115 284 1135 „
300 1099 372 1124 rem
390 1085 572 1122 industriae
587 1113 597 1131 ,
633 1082 759 1134 quibus
777 1083 870 1120 deest
887 1085 986 1121 viuae
1003 1084 1102 1120 vocis
1119 1083 1300 1120 institutio.

260 1171 281 1188 ‚,
297 1141 478 1189 Adseripta
495 1140 571 1176 sunt
588 1137 717 1188 vbique
734 1136 936 1175 Audiorum
959 1141 1102 1176 nomina
1117 1168 1128 1185 ,
1165 1147 1202 1175 vt
1227 1151 1300 1175 non

260 1227 282 1245 ,‚
300 1195 487 1234 obscurum
505 1194 570 1231 effe
586 1194 707 1242 possit,
725 1193 811 1244 quid
829 1196 957 1244 cuique
973 1192 1146 1230 debeatur.
1204 1196 1298 1230 Hinc

258 1280 280 1299 ‚‚
296 1253 398 1287 etiam
415 1248 467 1287 vel
483 1251 613 1298 exiguo
642 1251 788 1297 negotio
804 1248 1013 1298 depromant
1036 1247 1096 1286 fibi
1116 1261 1188 1286 non
1214 1261 1300 1286 con-

256 1336 279 1354 „
296 1305 525 1343 temnendum
548 1314 747 1353 apparatum
770 1302 962 1342 verborum
992 1313 1027 1341 ct
1046 1303 1271 1341 locutionum
1288 1333 1298 1351 ,

257 1391 279 1411 ,‚
296 1360 364 1398 siue
397 1361 441 1397 de
464 1373 501 1397 re
522 1359 634 1410 aliqua
658 1359 848 1396 dicendum
869 1358 932 1406 sit',
965 1357 1034 1396 siue
1066 1357 1299 1399 scribendum.

255 1444 280 1466 „
297 1416 484 1453 Accedunt
501 1424 537 1452 et
553 1415 612 1452 ista
628 1427 701 1451 non
720 1416 843 1463 exigua
865 1414 1058 1452 commoda
1074 1443 1085 1461 ,
1121 1414 1217 1465 quod
1240 1414 1298 1451 hic

255 1501 279 1523 ,‚
294 1473 406 1509 Latini
423 1472 600 1508 Sermonis
616 1468 822 1518 elegantiam
845 1479 880 1506 et
894 1471 1166 1506 concinnitatem
1182 1468 1299 1506 obser-

254 1556 279 1576 „
294 1536 377 1563 vent
394 1555 405 1573 ,
433 1526 532 1576 quod
548 1525 706 1561 eiusdem
722 1537 804 1560 cum
820 1523 939 1560 nostro
963 1524 1131 1561 idiomate
1154 1524 1300 1561 consen-

254 1610 277 1630 „
295 1580 428 1619 sionem
443 1579 633 1628 intelligant
650 1608 660 1625 ,
689 1578 786 1630 quod
802 1580 838 1616 in
853 1579 920 1616 suis
935 1578 1067 1628 scriptis
1084 1579 1127 1616 ad
1143 1581 1300 1629 optimo-

252 1667 276 1685 „
291 1650 370 1674 rum
386 1634 572 1674 audiorum
586 1636 819 1671 imitationem
834 1634 869 1670 se
885 1631 1018 1671 facilius
1032 1643 1260 1683 componant.
1276 1664 1301 1682 „

255 1692 477 1730 Vtiliffimam
500 1690 578 1727 sane
598 1701 743 1738 operam
767 1690 886 1739 vtique
908 1689 1072 1737 praestitit
1085 1689 1218 1726 Praesul
1232 1690 1299 1727 do-

255 1746 423 1785 &iffimus
438 1775 449 1793 ,
484 1748 545 1781 Vir
576 1745 774 1781 eruditione
789 1772 800 1790 ,
837 1742 999 1780 moribus
1016 1773 1026 1791 ,
1060 1746 1160 1781 omni
1198 1744 1299 1783 laude

254 1804 377 1840 maior.
441 1799 615 1838 Nondum
633 1800 728 1835 enim
753 1796 873 1835 desiuit
894 1797 961 1835 effe
976 1797 1031 1835 vel
1053 1800 1089 1835 in
1105 1801 1220 1848 pretio
1243 1799 1298 1836 vel

255 1859 293 1894 in
316 1855 388 1893 vsu.
452 1859 616 1892 Attamen
637 1861 773 1902 praeter
787 1852 886 1903 quod
900 1851 1075 1890 Audiores
1098 1856 1223 1903 raptim
1250 1856 1298 1891 ci-

255 1920 373 1950 tentur
390 1939 401 1957 ‚
436 1908 535 1947 nullo
558 1909 710 1945 indicato
733 1907 817 1945 loco
835 1920 943 1958 quem
964 1907 1184 1945 consulamus
1199 1938 1209 1956 ,
1244 1921 1298 1945 ea-

255 1967 337 2004 dem
348 1967 463 2014 inopia
473 1994 483 2012 ,
508 1976 596 2016 quae
612 1973 767 2000 caeteros
782 1964 856 2000 eius
871 1964 989 1999 aetatis
999 1961 1299 2012 Lexicographos,

255 2023 383 2072 premit
405 2033 549 2071 quoque
570 2019 740 2056 nostrum.
811 2017 984 2055 Nondum
1013 2018 1215 2066 prodierant
1238 2017 1298 2054 ali-

255 2086 346 2129 quot
363 2074 541 2113 Auaores
563 2076 717 2123 optimae
744 2082 848 2111 notae
866 2102 876 2120 ,
908 2072 1163 2123 scriptoresque
1178 2071 1298 2109 Philo-

254 2131 373 2181 logici,
385 2132 446 2182 qui
460 2129 651 2180 plurimum
665 2129 710 2166 ad
725 2127 811 2166 haec
829 2128 937 2165 studia
953 2125 1113 2165 conferre
1127 2136 1299 2177 poterant.

255 2187 405 2226 Plurima
429 2189 512 2223 item
537 2183 677 2222 barbara
699 2183 863 2234 irrepsere
877 2213 887 2230 ,
916 2183 974 2221 sed
989 2212 1000 2229 ,
1035 2196 1080 2220 ne
1103 2182 1206 2220 vllam
1229 2181 1300 2220 lau-

257 2243 339 2280 dem
354 2244 438 2278 tanti
452 2243 516 2278 viri
533 2242 737 2278 omittamus
755 2269 765 2286 ,
794 2239 837 2276 de
852 2241 893 2276 iis
911 2252 1034 2276 cauere
1049 2236 1154 2275 debet
1168 2236 1299 2275 Lector

255 2299 293 2335 in
307 2296 427 2334 limine
447 2298 563 2346 operis
584 2295 638 2332 his
653 2293 768 2332 verbis
792 2295 992 2331 admonitus
1010 2308 1017 2331 :
1055 2323 1078 2342 „
1095 2294 1223 2331 Omnis
1246 2294 1299 2330 di-

256 2383 280 2402 „
297 2351 369 2390 &io
386 2363 473 2403 quae
489 2364 534 2388 ex
550 2350 703 2390 Clafficis
717 2360 752 2387 et
766 2348 920 2399 probatis
944 2348 1148 2387 auctoribus
1170 2349 1297 2398 depro-

256 2437 279 2457 „
295 2409 403 2444 mitur
416 2434 427 2453 ,
461 2405 566 2444 habet
584 2404 737 2443 austoris
751 2418 882 2442 nomen
898 2405 1117 2455 adscriptum.
1182 2404 1295 2454 Qlod

255 2492 279 2512 „
295 2461 319 2500 fi
333 2474 401 2513 qua
420 2474 494 2498 non
509 2459 668 2499 habuerit
684 2491 694 2508 ,
722 2473 799 2498 eam
822 2459 909 2498 scito
936 2460 991 2498 vel
1006 2463 1178 2498 Graecam
1202 2459 1268 2498 effe
1283 2489 1294 2507 ,

257 2548 281 2566 „
297 2517 449 2555 necdum
476 2518 512 2553 in
540 2516 616 2554 satis
644 2514 831 2565 probatum
860 2514 958 2553 vsum
982 2518 1096 2553 Latini
1122 2517 1300 2553 Sermonis

255 2603 279 2622 „
295 2571 501 2622 pertradiam
517 2600 528 2617 ,
554 2569 609 2607 vel
627 2572 803 2608 eiusmodi
818 2573 987 2618 Latinam,
1003 2573 1141 2622 quaein
1156 2570 1300 2609 laudatis

256 2625 528 2677 „scriptoribus
552 2638 624 2663 non
650 2627 849 2674 reperiatur.
884 2653 908 2672 „
969 2628 1111 2676 Propria
1134 2625 1300 2664 locorum

256 2692 294 2721 et
310 2682 536 2732 personarum
552 2679 719 2718 vocabula
736 2680 879 2728 separari
896 2692 914 2716 a
933 2684 1076 2719 caeteris
1090 2683 1182 2719 iussit
1197 2710 1207 2728 ,
1236 2679 1298 2718 vbi

257 2738 471 2790 quandoque
492 2736 688 2785 grauissime
704 2734 942 2772 hallucinatur.
1003 2738 1058 2772 De
1081 2749 1126 2774 eo
1143 2737 1297 2785 Scriptor-

258 2792 504 2831 celeberrimus
529 2791 568 2838 a)
585 2820 595 2837 ,
632 2790 760 2828 alienae
776 2789 886 2827 laudis
903 2803 976 2827 non
993 2791 1142 2827 nimium
1156 2791 1296 2828 Studio-

258 2838 336 2886 sus:
371 2877 393 2894 „
409 2846 522 2884 Multa
539 2847 582 2883 de
595 2845 656 2883 illo
673 2847 748 2883 viro
771 2843 886 2882 habeo
902 2874 912 2892 ,
951 2857 1040 2896 quae
1061 2857 1134 2882 non
1156 2844 1224 2882 fine
1247 2848 1300 2882 in-

258 2932 281 2951 „
296 2904 381 2940 iuria
402 2902 565 2939 videntur
595 2902 729 2938 reticeri
751 2899 846 2949 posse
869 2930 879 2947 ,
928 2912 1009 2937 nam
1040 2898 1203 2949 profecto
1232 2899 1300 2938 fuit

259 2986 283 3004 „
298 2969 332 2996 et
352 2959 506 2995 muneris
529 2956 579 2993 sui
596 2966 629 2993 et
647 2956 854 2994 eruditionis
876 2957 948 2992 iure
973 2956 1184 2993 reuerendus
1203 2969 1210 2992 :
1246 2957 1298 2992 in-

260 3042 283 3060 „
299 3014 444 3050 dustriae
475 3012 650 3061 specimen
686 3010 823 3062 reliquit
855 3012 976 3058 ingens
1006 3009 1092 3047 illud
1117 3009 1299 3048 Dieiiona-

259 3096 283 3115 „
301 3069 390 3103 rium
407 3097 418 3113 ,
453 3069 510 3104 cui
533 3068 633 3116 operi
655 3067 704 3103 vti
727 3064 855 3102 famam
881 3062 975 3103 suam
1002 3065 1093 3114 apud
1113 3065 1270 3114 posteros
1286 3095 1297 3113 ‚

261 3123 347 3169 „ita
371 3121 420 3157 sui
444 3121 565 3158 saeculi
589 3120 705 3159 laudes
729 3119 827 3158 simul
854 3129 889 3157 et
915 3122 1180 3169 promotionem
1201 3121 1297 3158 suam

260 3205 285 3225 ,‚
300 3177 483 3227 praecipue
508 3175 621 3214 debet.
705 3175 983 3214 Fundamentum
1007 3175 1101 3213 istius
1130 3178 1247 3225 operis
1276 3189 1297 3213 e

589 3300 604 3315 0
886 3302 890 3305 .

300 3328 330 3358 a)
346 3322 484 3353 Antonius
504 3321 586 3351 li'ood
601 3324 628 3350 in
648 3325 767 3353 Historia
788 3326 877 3354 Oxon.

341 3365 382 3392 Ita
397 3363 455 3392 fere
470 3365 656 3403 prominciauit
678 3364 710 3392 de
726 3375 759 3393 eo
773 3367 810 3396 T,
833 3373 852 3394 D
868 3373 884 3394 Ε
908 3373 921 3393 S
934 3373 953 3393 Λ
965 3372 982 3394 C
993 3373 1011 3392 R
1025 3374 1047 3393 Α
1072 3373 1124 3405 Qv
1135 3372 1152 3392 E
1165 3372 1184 3392 R
1198 3371 1216 3392 c
1228 3373 1258 3392 V.

1336 1793 1340 1795 ‚
1363 1752 1400 1780 et
1415 1742 1507 1781 leem
1525 1757 1608 1782 cum
1624 1746 1775 1783 iucunda
1789 1756 1876 1794 ‘tum
1894 1747 2084 1786 necessaria.

1372 176 1394 194 „
1411 146 1575 185 Thomae
1598 148 1717 186 Ellioti
1740 149 1861 186 Militis
1884 149 2102 188 Dissionario
2119 180 2135 197 ‚.
2163 149 2247 190 ficut
2277 160 2312 190 et
2334 151 2403 200 ipsa

1372 231 1396 249 „
1413 204 1550 239 materia
1568 212 1602 240 et
1617 203 1807 241 verborum
1822 213 1857 242 et
1872 205 2042 254 phraseon
2057 208 2155 254 copia
2170 220 2189 244 e
2203 210 2242 244 R.
2261 206 2402 254 Stepha-

1373 287 1396 304 „
1412 259 1446 293 ni
1461 255 1643 295 Thesauro
1666 268 1700 296 et
1714 259 1877 298 Iohannis
1890 260 1980 299 Frisii
1998 263 2131 299 Lexico
2145 263 2401 299 Latino-Teu-

1370 339 1392 358 „
1409 314 1530 349 tonico
1545 310 1697 350 desumta
1715 314 1801 351 sunt.
1831 342 1854 362 ,‚
1916 319 1971 354 De
1986 317 2040 354 his
2054 316 2324 365 Lexicographis
2349 316 2400 353 di-

1370 370 1460 404 citur
1480 364 1575 417 quod
1593 365 1748 419 Calepino
1773 384 1791 405 Ε
1807 384 1823 405 L
1840 384 1856 406 1.
1873 385 1884 407 1
1899 384 1922 409 o
1936 386 1958 408 T
1976 387 1996 409 A
2015 402 2026 419 ,
2060 381 2145 408 tune
2167 373 2334 420 temporis
2349 373 2400 408 in-

1370 422 1564 459 clarescenti
1580 450 1590 467 ,
1633 434 1651 456 F
1665 434 1686 457 R
1701 436 1713 458 1
1728 437 1742 459 s
1757 438 1769 459 1
1784 438 1806 460 o
1824 422 1863 472 b)
1878 455 1890 473 ,
1927 426 1980 464 vel
1996 455 2006 472 ,
2041 426 2139 479 quod
2167 426 2308 474 perinde
2327 427 2374 463 est
2388 455 2400 472 ,

1369 489 1633 514 STEPHANO
1651 478 1903 517 totumdebeat
1922 493 2200 519 cooPERvs.
2257 482 2334 517 Hos
2351 481 2400 517 se-

1367 534 1486 582 quitur
1519 529 1650 568 infinita
1675 531 1795 570 Turba
1819 538 2034 574 Lexieorum
2055 538 2181 574 Latino
2197 556 2213 564 ·
2229 534 2398 584 Anglico·

1367 599 1456 623 rum.
1512 585 1768 623 Distionarium
1797 602 1963 628 THOMAE
1986 604 2187 629 THOMAsn
2212 592 2246 638 c)
2263 620 2273 638 ,
2301 589 2398 641 quod

1366 642 1410 678 ad
1426 641 1597 678 summam
1614 640 1686 679 fere
1701 645 1930 683 maturitatem
1954 646 2164 696 perduftum
2187 647 2234 683 est
2256 658 2275 683 a
2292 643 2400 683 Phile-

1366 707 1460 731 mone
1476 694 1629 732 Hollcmd.
1676 711 1689 732 1
1703 710 1724 733 o
1740 711 1757 732 A
1774 710 1797 732 N
1810 711 1833 733 N
1846 712 1865 735 Ε
1881 714 1896 736 s
1921 714 1941 737 R
1958 716 1970 738 1
1989 716 2011 738 D
2023 716 2041 739 Ε
2054 716 2074 738 R
2087 715 2108 738 v
2119 715 2134 738 s
2160 699 2292 738 Praesul
2308 701 2400 749 apud
2456 705 2459 708 “

1365 749 1542 787 Hibernos
1558 764 1631 788 non
1647 753 1764 802 vtique
1784 752 2006 802 negligendus
2022 786 2033 803 ,
2065 759 2124 808 qui
2140 754 2198 792 sibi
2216 756 2252 792 id
2266 756 2399 803 negotii

1365 805 1460 841 dedit
1473 832 1482 849 ‚
1494 814 1530 841 vt
1544 806 1827 854 praestantiorum
1844 807 1975 848 labores
1990 814 2026 848 in
2041 810 2293 860 compendium
2309 809 2399 861 quasi

1364 859 1543 908 redigeret.
1602 874 1699 897 Tuo
1715 874 1740 897 M
1756 877 1775 899 A
1792 876 1807 898 s
1835 876 1955 900 HOLY
1972 879 2096 903 OAKE
2116 866 2184 904 siue
2203 879 2249 902 οΕ
2269 879 2396 902 sacrm

1368 928 1427 963 qv
1442 928 1461 951 Ε
1476 928 1497 950 R
1513 928 1531 950 c
1546 928 1569 952 v
1590 945 1600 963 ,
1627 926 1664 953 vt
1682 919 1803 955 Latine
1820 919 1916 955 reddi
1931 921 2053 969 potest,
2063 931 2164 973 atque
2180 920 2222 958 ab
2237 921 2311 970 ipso
2325 921 2401 958 red-
2456 916 2457 920 ¹

1364 969 1468 1006 ditur.
1533 983 1785 1009 FRAchscvs
1815 987 2103 1013 GovLDMAst
2128 975 2176 1026 d)
2211 980 2271 1029 qui
2293 977 2400 1025 profi-

1363 1034 1455 1062 tetur
1495 1024 1528 1062 se
1562 1039 1872 1065 THOMASIVM
1895 1058 1906 1076 ‚
1952 1044 2184 1069 RIDERVM
2208 1062 2218 1080 ,
2259 1042 2294 1069 et
2324 1043 2400 1068 Ho-

1368 1093 1602 1117 LroAKVM
1627 1081 1824 1130 complecii.
1882 1098 2084 1122 ADAMVS
2119 1099 2197 1122 LIT
2215 1100 2237 1123 T
2255 1099 2400 1123 LETO-

1366 1149 1390 1172 N
1404 1149 1425 1172 v
1440 1149 1454 1172 s
1481 1139 1511 1180 e)
1539 1139 1570 1172 S.
1587 1139 1633 1172 T.
1643 1139 1676 1174 P.
1688 1136 1852 1175 Ecclesiae
1861 1140 2232 1178 VVestmonasteriensis
2245 1142 2400 1180 Canoni-

1365 1203 1436 1228 cus.
1493 1194 1536 1228 Et
1552 1192 1653 1228 instar
1667 1194 1829 1229 omnium
1846 1223 1856 1240 ‚
1893 1204 2014 1243 vtpote
2035 1198 2095 1247 qui
2117 1208 2241 1233 omnes
2263 1209 2400 1246 praeee-

1364 1246 1485 1283 dentes
1509 1246 1756 1297 eomplediitur
1769 1278 1780 1293 ,
1813 1247 1949 1286 Aufior
1971 1252 2124 1305 Linguae
2141 1252 2310 1288 Romanae
2331 1252 2399 1289 Di·
2441 1264 2443 1270 ’

1364 1299 1524 1338 ἑῖίοηανίί
1547 1301 1727 1339 Luculenti
1749 1304 1843 1340 Noui
1856 1318 1868 1341 :
1902 1303 1972 1342 siue
1989 1335 1999 1353 ,
2035 1315 2073 1343 vt
2111 1306 2217 1354 vulgo
2255 1303 2417 1355 dieitur,¹

1362 1354 1577 1395 Dtc‘tionarii
1595 1355 1886 1411 Cantabrrgiensis
1900 1387 1909 1401 ,
1931 1358 1986 1396 -ibi
2002 1360 2046 1397 sc.
2064 1360 2178 1399 excusi
2196 1363 2292 1411 1693.
2320 1370 2398 1410 4to.

1363 1412 1458 1449 Nulli
1473 1442 1484 1460 ,
1515 1413 1611 1464 quod
1626 1414 1729 1451 sciam
1746 1443 1756 1461 ,
1784 1417 1917 1453 Lexico
1931 1414 2108 1453 hodierno
2132 1429 2280 1455 numero
2297 1428 2406 1455 voca-⁴

1363 1466 1530 1505 bulorum
1546 1498 1556 1515 ,
1584 1468 1639 1506 vel
1657 1468 1680 1506 si
1700 1468 1833 1506 molem
1849 1468 2000 1519 spedies,
2031 1471 2172 1508 vtilitate
2187 1472 2257 1521 ipsa
2274 1472 2402 1510 cedunt

1363 1523 1573 1560 Nostrorum
1587 1523 1777 1562 hominum
1793 1523 1937 1562 labores.
1993 1529 2092 1575 Qae
2109 1529 2293 1578 vnicuique
2307 1530 2400 1565 Lite-

1363 1590 1420 1615 rae
1444 1577 1615 1627 praemisit
1635 1593 1652 1616 L
1665 1592 1677 1616 1
1692 1593 1714 1617 'r
1733 1594 1755 1616 T
1772 1594 1789 1616 L
1804 1594 1823 1616 Ε
1839 1594 1861 1616 Τ
1876 1594 1898 1617 o
1913 1595 1937 1617 N
1953 1595 1975 1618 v
1990 1596 2005 1619 s
2028 1592 2062 1619 et
2079 1582 2204 1620 deinde
2222 1580 2399 1620 Dic‘liona-

1363 1634 1454 1670 rium
1475 1632 1721 1688 Cantabrigien
1737 1648 1755 1672 e
1771 1665 1782 1682 ,
1811 1637 1855 1673 de
1871 1646 1989 1675 natura
2008 1667 2018 1686 ,
2044 1638 2210 1687 potestate
2225 1667 2236 1686 ,
2264 1647 2298 1675 et
2314 1651 2397 1689 qua-

1364 1687 1459 1725 litate
1473 1688 1641 1726 Elementi
1661 1690 1738 1727 sunt
1760 1705 1805 1728 ex
1826 1690 1902 1740 ipsis
1926 1691 2141 1741 philologiae
2165 1693 2272 1742 adytis
2293 1696 2398 1741 petita

2140 1747 2398 1797 Cantabrigien÷

1362 1797 1402 1836 fis
1420 1801 1539 1836 Lexici
1559 1799 1699 1838 Audiet
1713 1801 1891 1850 gloriatur,
1916 1802 1949 1840 se
1966 1803 2008 1840 ad
2031 1803 2104 1841 hoc
2126 1816 2216 1853 opus
2239 1804 2396 1842 adiutum

1362 1851 1460 1889 fuisse
1484 1855 1575 1890 curis
1589 1857 1685 1892 MSS.
1702 1856 1754 1892 Cl.
1770 1855 1913 1894 Miltoni
1927 1888 1938 1905 ,
1965 1871 2163 1909 quanquam
2186 1858 2323 1897 aliunde
2346 1860 2397 1897 di-

1362 1907 1512 1951 dicimus
1539 1905 1625 1945 Edu.
1646 1907 1790 1961 Phillips
1809 1910 1951 1949 Miltom'
1977 1926 2021 1949 ex
2046 1917 2172 1951 Sorore
2194 1915 2371 1964 Nepotem
2385 1944 2397 1962 ,

1362 1959 1461 2010 quod
1475 1960 1587 2006 magis
1604 1963 1770 1999 credibile
1790 1965 1850 2010 est,
1859 1965 2041 2004 Auunculi
2055 1967 2189 2008 labores
2203 1969 2398 2019 applicuisse
2425 1986 2429 1991 ’

1362 2014 1406 2051 ad
1432 2014 1739 2052 consarcinandum
1754 2015 1928 2066 Speculum
1944 2021 2100 2073 Linguae
2116 2025 2283 2072 Latinae,
2300 2026 2398 2076 quod

1364 2071 1438 2106 eius
1459 2080 1541 2106 cura
1566 2069 1696 2118 prodiit
1719 2070 1823 2118 1684.

1445 2158 1544 2194 Dum
1558 2155 1643 2194 haec
1659 2156 1935 2206 commentabar,
1964 2159 2052 2197 mihi
2073 2158 2252 2198 in'manus
2273 2162 2396 2199 incidit

1364 2212 1392 2249 I.
1409 2213 1550 2266 Georgii
1578 2209 1728 2263 Walchii
1746 2213 1895 2250 Historia
1919 2215 2048 2253 Critiea
2071 2218 2212 2254 Latinae
2237 2218 2395 2266 Linguae

1362 2268 1454 2317 Lips
1481 2269 1598 2305 sumtu
1620 2267 1667 2307 Io.
1689 2265 1862 2305 Friderici
1883 2267 2079 2319 Gladitschii
2102 2301 2112 2318 ‚
2146 2272 2185 2308 B.
2208 2270 2269 2308 filii
2296 2285 2393 2320 1729.

1363 2328 1446 2367 8uo.
1473 2336 1579 2374 quem
1595 2352 1605 2371 ,
1632 2324 1710 2374 quia
1728 2333 1831 2372 caput
1855 2326 2015 2375 quintum
2027 2328 2167 2365 Lexicis
2180 2328 2312 2363 Latinis
2335 2327 2396 2364 de-

1361 2379 1498 2416 stinauit
1512 2407 1522 2426 ,
1559 2380 1706 2416 omnino
1723 2377 1826 2416 nobis
1843 2379 1965 2417 eadem
1979 2379 2223 2429 profitentibus
2244 2394 2317 2418 non
2334 2395 2395 2419 ne-

1358 2433 1561 2483 gligendum
1577 2433 1641 2472 effe
1655 2433 1747 2470 duxi.
1803 2436 1902 2483 Legi,
1911 2448 1976 2472 nec
1989 2435 2214 2474 vehementer
2227 2436 2317 2474 mihi
2332 2437 2398 2475 do-

1363 2488 1507 2527 lendum
1525 2487 1715 2535 arbitrabar,
1725 2489 1821 2539 quod
1836 2491 1872 2526 in
1889 2503 2009 2530 manus
2025 2504 2098 2528 non
2115 2492 2321 2542 iampridem
2337 2506 2396 2530 ve-

1363 2553 1468 2582 nerat.
1533 2540 1756 2596 Ἀνιςορησίοις
1784 2553 1818 2581 et
1841 2546 2065 2583 Temeritatis
2093 2542 2268 2596 specimen
2294 2547 2396 2584 adne-

1363 2598 1454 2637 cs’tani
1478 2612 1523 2636 ex
1545 2602 1603 2648 iis,
1616 2611 1702 2651 quae
1722 2597 1828 2637 habet
1849 2600 1891 2637 ad
1907 2600 2064 2638 nostrum
2084 2613 2102 2639 s
2116 2615 2138 2638 T
2155 2615 2172 2639 Ε
2184 2615 2201 2638 Ρ
2215 2616 2238 2639 H
2252 2617 2274 2639 A
2289 2616 2313 2639 N
2327 2616 2351 2639 v
2365 2616 2392 2639 M

1361 2653 1555 2703 spectantia.
1623 2655 1722 2692 Vnde
1743 2652 1881 2693 fortasse
1909 2668 2024 2707 neque
2045 2654 2106 2695 fibi
2128 2656 2322 2695 dolendum
2343 2669 2394 2695 ar-

1361 2708 1542 2747 bitrabitur
1565 2708 1674 2748 ledior
1699 2710 1866 2748 eruditus.

1439 2818 1461 2836 „
1480 2802 1746 2827 ROBERTVS
1781 2791 2310 2842 sTEpuAst,quiedidit
2331 2792 2392 2828 Di-

1363 2873 1387 2892 „
1402 2843 1611 2883 &ionarium
1635 2844 1691 2882 seu
1707 2847 1850 2882 Latinae
1866 2848 2021 2895 Linguae
2037 2846 2257 2884 Thesaurum
2273 2870 2284 2893 ,-
2320 2859 2393 2884 non
2440 2853 2442 2857 '

1362 2928 1386 2947 „
1405 2898 1547 2948 singulas
1563 2900 1674 2939 modo
1689 2899 1859 2938 dictiones
1875 2903 2116 2939 continentem
2135 2932 2146 2949 ,
2172 2902 2230 2940 sed
2243 2903 2391 2950 integras

1362 2983 1384 3002 „
1399 2967 1542 3006 quoque
1559 2957 1680 2993 Latine
1695 2965 1730 2992 et
1746 2955 1913 3007 loquendi
1931 2966 1964 2993 et
1977 2955 2147 2994 scribendi
2163 2955 2330 2994 formulas
2347 2969 2391 2994 ex

1362 3039 1385 3057 „
1400 3011 1536 3047 Catone
1559 3040 1569 3057 ‚
1604 3011 1774 3049 Cicerone
1791 3040 1800 3057 ‚
1828 3010 1938 3049 Plinio
1966 3011 2140 3049 auunculo
2157 3041 2168 3059 ,
2193 3014 2365 3049 Terentio
2379 3039 2390 3058 ‚

1361 3094 1384 3112 „
1401 3067 1554 3102 Varrone
1568 3095 1579 3110 ,
1601 3067 1704 3104 Liuio
1718 3095 1729 3113 ‚
1756 3065 1868 3103 Plinio
1890 3067 2052 3104 Secundo
2072 3097 2082 3114 ‚
2108 3066 2252 3116 Virgilio
2266 3094 2278 3112 ‚
2303 3066 2395 3104 Cae-⁷

1362 3149 1386 3168 ‚,
1401 3120 1491 3168 flare,
1519 3120 1732 3168 Columella,
1753 3120 1891 3168 Plauto,
1919 3121 2094 3167 Martiale,
2119 3135 2200 3160 cum
2213 3124 2332 3159 Latina
2336 3121 2391 3170 f)

1361 3184 1475 3223 „tum
1491 3177 1808 3215 Grammaticorum
1833 3184 1910 3213 tum
1926 3179 2010 3214 varii
2031 3180 2166 3227 generis
2185 3177 2392 3225 scriptorum

2255 3257 2277 3277 „
2291 3239 2396 3268 inter-

942 3324 970 3357 b)
999 3324 1082 3359 Qiod
1101 3324 1199 3363 scripsit
1222 3332 1239 3352 F
1251 3332 1270 3352 R
1282 3332 1291 3352 1
1303 3332 1316 3353 s
1329 3332 1340 3353 1
1355 3332 1375 3352 v
1389 3331 1402 3352 S
1421 3325 1574 3354 Teutonice
1588 3348 1596 3360 ,
1616 3325 1725 3363 Anglice
1745 3331 1849 3353 tanturn
1875 3326 2069 3365 interpretatus
2085 3325 2121 3352 est
2145 3332 2163 3353 c
2174 3331 2192 3352 0
2204 3331 2224 3352 0
2237 3331 2253 3351 Ρ
2267 3330 2285 3351 Ε
2297 3331 2315 3351 R
2331 3331 2351 3351 v
2365 3330 2390 3352 s.

1326 3371 1352 3399 c)
1381 3371 1402 3392 Τ
1415 3372 1436 3392 Η
1448 3372 1466 3392 0
1478 3372 1503 3393 Μ
1517 3373 1536 3392 Α
1548 3374 1561 3395 s
1588 3375 1610 3395 T
1624 3375 1645 3396 Η
1658 3374 1678 3395 0
1691 3375 1716 3395 Μ
1731 3374 1752 3395 Α
1765 3374 1797 3394 Sl
1811 3375 1829 3393 v
1841 3375 1854 3394 S
1875 3366 1988 3401 inclytae
2002 3365 2157 3394 Academiae
2171 3364 2391 3400 Cantabrigiensis

339 3405 542 3444 Typographus
556 3411 582 3432 et
597 3404 691 3441 figenti
704 3406 731 3432 iu
747 3417 780 3433 eo
794 3416 905 3434 munere
921 3405 1054 3434 Deceffor.
1076 3403 1148 3433 Coll.
1171 3404 1276 3441 Regalis
1288 3405 1389 3433 ibidem
1408 3404 1475 3433 olim
1491 3404 1625 3437 alumnus.
1668 3409 1705 3435 Ex
1720 3407 1850 3435 Hatcheri
1869 3407 1956 3439 Catal.
1976 3408 2029 3435 MS.
2051 3403 2154 3432 Electus
2171 3414 2238 3432 vnus
2259 3414 2290 3432 ex
2306 3405 2390 3432 tribus

342 3444 477 3473 librorum
490 3442 694 3484 impressoribus
708 3466 717 3478 ,
740 3455 771 3473 n.
787 3448 864 3475 Febr.
881 3453 950 3481 ¹583.
977 3447 1087 3482 Registr.
1102 3445 1181 3474 Acad.
1196 3447 1273 3474 Cant.
1302 3446 1379 3474 Obiit
1397 3447 1532 3474 onratus
1546 3468 1554 3480 ,
1583 3456 1610 3476 et
1623 3449 1746 3476 humatus
1767 3448 1804 3475 est
1823 3448 1850 3475 in
1866 3447 1976 3476 Ecclesia
1991 3446 2015 3473 S.
2031 3445 2136 3472 Mariae
2157 3446 2266 3472 maioris
2279 3445 2390 3474 Cantab.

343 3487 410 3520 Aug.
423 3495 447 3520 9,
463 3491 526 3519 1383.
548 3484 662 3512 Han-her
675 3492 703 3513 vt
717 3484 792 3523 supra
806 3508 813 3520 ‚
835 3495 861 3515 et
875 3487 984 3523 Registr.
1000 3488 1024 3515 S.
1040 3488 1156 3515 Mariae.
1179 3488 1295 3514 Lexicon
1314 3487 1365 3514 hoc
1379 3487 1449 3514 intra
1472 3492 1493 3516 8.
1509 3497 1640 3517 annorum
1654 3487 1768 3527 spatium
1788 3489 1930 3526 quinquies
1943 3484 2044 3524 prodiit
2059 3506 2067 3519 ,
2089 3485 2122 3512 ad
2137 3487 2221 3513 vicem
2246 3493 2331 3517 14tam
2346 3484 2391 3512 de-

343 3525 405 3552 inde
421 3527 546 3564 peruenit
559 3547 567 3559 ‚
588 3525 657 3552 adeo
672 3533 699 3553 vt
714 3536 728 3553 a
740 3527 800 3554 viro
812 3529 838 3554 in
854 3528 923 3556 hisce
937 3526 1022 3555 literis
1035 3526 1242 3567 praeclarissimo
1261 3525 1328 3555 olim
1341 3526 1508 3555 indicabatur
1523 3527 1590 3556 nulli
1605 3530 1702 3557 Lexico
1717 3551 1724 3563 ,
1744 3527 1786 3557 vel
1801 3537 1913 3563 numero
1928 3526 2074 3553 verborum
2091 3547 2099 3560 ,
2125 3532 2246 3553 accurata
2261 3527 2390 3563 interpre-

343 3566 446 3594 tatione
459 3587 467 3600 ,
489 3565 677 3605 phrafiumqne
691 3565 795 3594 deleth:
813 3568 907 3596 cedere
919 3566 1000 3607 posse.

1069 3567 1105 3604 d)
1129 3574 1145 3595 F
1160 3575 1177 3594 R
1193 3575 1213 3594 Α
1226 3576 1245 3594 Ν
1258 3575 1275 3595 c
1288 3575 1346 3596 isc
1358 3575 1378 3595 v
1392 3574 1406 3595 S
1429 3575 1450 3596 G
1460 3575 1479 3596 0
1489 3575 1509 3594 V
1522 3576 1538 3596 L
1552 3576 1571 3597 Ι)
1586 3577 1611 3601 Μ
1621 3577 1642 3598 Α
1652 3578 1672 3597 Ν
1689 3569 1804 3605 Collegii
1816 3567 1911 3595 Christi
1933 3566 2004 3604 apud
2019 3566 2133 3594 Cantab.
2154 3565 2292 3594 Alumnus.
2315 3565 2391 3593 Obiit

343 3606 423 3632 Anno
439 3610 511 3640 1689.
534 3606 634 3634 Rector
648 3606 680 3633 de
696 3606 776 3634 South
791 3607 916 3637 Otemlon
929 3610 1005 3636 Corn.
1021 3608 1097 3647 Effix
1111 3628 1119 3642 ,
1141 3608 1183 3634 cui
1202 3607 1320 3646 praefuit
1333 3608 1367 3635 ab
1377 3609 1455 3635 Auno
1471 3611 1539 3643 1634.
1581 3612 1688 3639 Praeter
1701 3617 1818 3638 caeteros
1831 3606 1937 3634 labores
1952 3616 2020 3644 quos
2032 3605 2148 3634 insumsit
2163 3616 2219 3634 non
2233 3605 2389 3638 mediocres,

346 3645 458 3673 Crieicor
474 3647 567 3674 Sacros
581 3656 604 3680 9.
621 3645 683 3674 Vol.
705 3645 754 3676 fol.
775 3657 828 3674 una
845 3657 904 3676 cum
921 3648 974 3677 lah.
997 3657 1024 3677 et
1038 3651 1096 3678 Ric.
1111 3648 1225 3686 Peavfim
1247 3656 1273 3676 et
1287 3648 1402 3676 Antonio
1420 3648 1598 3688 Scuttcrgood
1615 3651 1657 3678 edi
1671 3651 1775 3679 curauit
1793 3649 1822 3675 in
1834 3645 2007 3682 Theologiae
2021 3647 2136 3674 Criricae
2151 3654 2178 3674 et
2193 3646 2316 3674 Eruditae
2337 3654 2390 3672 ma·
2445 3672 2448 3680 ,

341 3693 423 3721 gnurn
440 3686 643 3715 incrementum.
683 3689 714 3714 In
731 3689 829 3715 Lexico
844 3689 985 3717 condendo
1000 3690 1094 3718 debuit
1106 3688 1229 3716 nonnihil
1249 3688 1363 3717 'Ilmmae
1378 3688 1489 3725 Parsims
1503 3689 1562 3718 Aul.
1580 3691 1804 3719 Pembrochianae
1818 3687 1906 3715 Socio-

1958 3686 2060 3714 Prodiit
2081 3685 2182 3724 saepius
2198 3687 2299 3722 ingenti
2311 3684 2392 3713 acces-

344 3726 417 3754 fione
431 3723 624 3764 locupletatum
645 3737 708 3755 cura
722 3727 755 3756 G.
771 3727 913 3766 Robertfim
928 3723 1007 3762 ¹(viri
1028 3724 1056 3758 in
1071 3729 1210 3758 Hebraicis
1230 3728 1375 3762 clariffimi)
1396 3737 1422 3757 et
1442 3730 1559 3758 eiusdem
1573 3732 1604 3760 A.
1620 3726 1797 3767 Scmeergood.
1844 3726 1912 3754 Vide
1929 3726 2130 3758 PVorthl‘nztvm'
2147 3727 2225 3765 Epist·
2238 3735 2279 3753 ²2·
2325 3747 2344 3759 υ
2359 3727 2389 3754 D-

342 3786 362 3799 „
376 3763 610 3804 Gouldmano‚qui
623 3767 688 3795 mihi
701 3769 823 3807 proxime
837 3771 954 3806 praeiuit
973 3771 1009 3803 (fi
1022 3770 1086 3809 quid
1100 3779 1150 3806 ego
1166 3771 1232 3797 noui
1251 3769 1389 3798 hominem
1403 3790 1412 3804 ,
1440 3768 1551 3798 dubium
1567 3773 1683 3808 magisne
1694 3768 1809 3808 probum
1829 3776 1863 3794 an
1876 3766 2011 3794 eruditum
2029 3766 2117 3794 senem
2131 3787 2140 3798 0
2166 3768 2275 3804 antiqua
2294 3766 2346 3793 fide
2365 3771 2390 3793 εἴ

343 3826 363 3839 ,,
378 3804 498 3832 moribm
512 3826 521 3839 ,
547 3814 627 3843 atque
640 3815 696 3835 tum
711 3816 840 3846 temporis
852 3828 860 3843 ‚
882 3819 942 3836 cum
955 3810 982 3838 id
1000 3811 1103 3847 negotii
1122 3811 1149 3837 in
1165 3810 1190 3837 se
1205 3811 1336 3847 reciperet
1350 3811 1493 3844 Regiarum
1510 3814 1626 3849 partium
1645 3813 1738 3841 reum)
1758 3814 1807 3834 etc.
1829 3827 1849 3841 ‚,

343 3844 373 3881 e)
395 3852 411 3872 1.
423 3852 433 3872 ι
443 3851 465 3871 ‘r
475 3852 496 3871 Τ
510 3853 526 3872 1.
538 3852 554 3872 Ε
563 3852 585 3872 Τ
595 3853 614 3874 o
627 3855 649 3874 Ν
662 3856 682 3876 ν
695 3856 709 3875 s
726 3847 804 3876 claris
819 3848 951 3877 natalibus
965 3858 1039 3878 ortus
1052 3850 1122 3890 apud
1140 3850 1248 3890 Wesicot
1260 3851 1288 3878 in
1307 3860 1373 3885 agro
1390 3851 1566 3885 Vigorniensi.
1608 3850 1676 3880 Vide
1687 3849 1720 3876 A.
1737 3845 1818 3875 Wood
1831 3847 1947 3874 Athenas
1962 3845 2127 3876 Oxonienses
2148 3847 2181 3876 ad
2195 3850 2302 3877 Annum
2315 3848 2387 3880 ²69⁴·

342 3894 398 3924 quo
412 3885 528 3914 moritur
545 3892 562 3913 ι
577 3892 871 3918 ιττιΕΤοΝνε.

923 3890 964 3927 f)
983 3891 1069 3919 Immo
1086 3884 1201 3925 Gallicis,
1214 3891 1232 3919 fi
1246 3890 1289 3919 vel
1304 3891 1376 3919 hisce
1388 3889 1472 3918 oculis
1486 3891 1527 3920 vel
1546 3900 1560 3922 s
1572 3899 1594 3922 'r
1606 3899 1624 3922 Β
1637 3898 1652 3918 Ρ
1663 3895 1684 3918 u
1694 3896 1717 3918 A
1727 3895 1748 3917 N
1759 3893 1780 3917 0
1805 3888 1853 3926 ipsi
1865 3886 1938 3916 fides-

1899 3814 1932 3834 A.
1954 3814 2175 3834 ιιττιετο
2191 3815 2224 3834 κ.
2245 3806 2387 3846 praefatio.
2438 3816 2444 3819 ·
