2474 4182
653 124 929 168 CON

268 221 409 249 andricum
417 222 551 256 prolatum
558 229 573 248 e
581 217 707 255 penetrali
715 215 861 243 subiecisset
869 213 963 241 oculis.
994 212 1067 249 Conf.
1075 211 1143 239 Suet.
1151 210 1236 246 Calig.
1244 220 1264 236 c.
1275 217 1312 242 32.

271 256 507 291 Qninffil.dee1.8
528 264 591 283 extr.
622 256 685 281 Non
702 251 810 286 quidem
831 250 908 277 licuit
926 249 995 276 mihi
1014 249 1042 275 in
1063 247 1128 274 illud
1149 247 1311 277 cubiculum,

269 293 450 320 conditorium
468 299 529 320 tuae
552 290 663 321 mortiS,
693 288 858 322 irrumpere,
890 288 909 312 i.
928 285 1077 316 cubiculum,
1109 283 1173 319 quod
1193 282 1255 308 idem
1275 281 1315 317 se-

264 330 390 365 pulcrum.

307 370 325 391 c
338 370 357 391 o
370 371 388 390 Ν
400 369 556 392 D1T1c1v
567 368 596 393 s,
620 369 650 391 a,
670 368 723 385 um.
760 357 820 384 Adi.
856 356 1039 392 [ἐπυθετικός]
1075 352 1149 390 Qod
1162 352 1279 379 conditur
1292 357 1315 377 et
1339 363 1354 389 5

263 399 391 436 struatur.
433 398 537 425 Colum.
552 402 576 428 8,
589 401 612 427 8,
625 404 640 421 2.
658 394 769 421 Duobus
783 400 870 420 tamen
884 398 927 419 aut
940 392 1026 419 tribus
1040 389 1170 416 mentibus
1182 393 1315 422 acceptant

270 436 413 462 conditicia
426 433 539 463 cibaria,
560 431 669 458 caeteris
687 430 781 464 seipsas
794 430 900 464 pascunt
913 426 1056 454 seminibus
1069 423 1222 459 agrestibus.

305 479 321 499 c
333 478 352 498 o
365 479 383 497 ,κ’
395 476 460 496 1111
471 470 511 494 iv
522 474 543 493 v
553 475 583 499 s,
602 475 627 499 a,
646 475 700 493 um.
738 465 798 492 Adi.
835 462 988 499 [ἄποθετδς]
1027 459 1161 488 FruHuum
1173 458 1314 494 appellatio,

267 510 313 544 qui
324 506 396 532 condi
405 502 505 539 poffimt
514 523 522 535 ,
539 506 558 529 i.
568 502 669 538 seruari
685 503 755 528 vltra
768 504 946 527 maturitatem.
995 497 1109 533 Vid.sub
1122 503 1139 523 C
1148 503 1167 523 O
1178 503 1199 522 N
1211 501 1229 522 D
1244 502 1252 521 1
1265 501 1293 520 0.

304 550 320 569 C
330 549 371 568 ΟΝ
383 547 450 567 Dl'r
461 541 474 565 1“
484 546 503 564 v
513 545 533 564 V
543 545 584 570 M,
613 539 631 564 i.
668 547 694 564 n.
725 544 774 573 pro
789 537 916 572 sepulcro,
935 534 960 570 s.
974 533 1126 560 Conditorio.
1161 531 1218 557 Scn.
1234 529 1313 564 Epist.

268 583 299 608 82
319 576 434 603 Multum
448 574 555 601 interest
568 575 640 600 inter
652 575 738 600 otium
752 578 777 599 ct
790 572 965 599 conditiuum.
1002 569 1063 596 Add
1077 568 1114 594 Id.
1128 567 1173 602 Ep.
1187 569 1229 593 60.

303 620 319 639 C
328 619 347 638 o
358 620 378 638 N
390 618 408 638 D
417 617 437 636 v
446 617 458 636 s
466 630 475 643 ,
501 610 521 636 i.
556 618 593 636 m.
629 610 681 645 Qu·
694 608 796 638 condit,-
822 615 859 639 vc,
878 608 996 636 PromuS,
1008 607 1050 640 qui
1058 606 1155 640 promit
1167 601 1311 629 condicit-ia.

268 647 349 674 Plaut.
363 646 451 673 Pseud.
467 655 490 676 2,
504 654 530 678 2,
544 653 574 679 14
599 644 707 672 Condus
721 652 843 679 promus,
863 647 1019 677 procurator
1033 640 1104 675 peni.

303 690 378 710 CON
389 689 407 708 D
418 688 521 714 1T10,
555 681 623 707 bnis.
659 681 678 707 f.
715 679 883 715 [marnis-amr,
902 677 991 710 τύχη]
1029 674 1070 710 Est
1087 673 1222 710 Dispositio
1241 681 1311 708 quae-

267 718 322 745 dam
349 729 379 745 ac
406 720 472 744 ratio
493 718 676 753 fortunarum,
700 722 834 750 temporum
844 734 852 747 ,
871 722 968 744 rerum,
991 719 1044 738 tota
1064 707 1252 741 circumstantia
1261 727 1267 738 ‚
1288 712 1312 731 ce
1342 720 1368 746 ι)-

265 754 388 790 quidquid
398 763 448 780 rem
467 755 508 779 vc!
515 752 662 789 perfluant,
680 753 802 778 meliorem
816 749 976 781 deteriorem,
989 748 1131 784 feliciorem
1145 744 1311 779 infeliciorem

258 790 347 826 facit,
362 799 422 825 quac
436 797 494 814 cum
515 797 542 815 re
559 789 600 815 vel
612 787 718 823 persona
737 786 848 818 dantur,
862 791 1005 821 ponuntur,
1016 783 1094 819 sunt,
1105 779 1161 813 fine
1172 778 1258 814 quihus
1271 786 1312 803 res

264 832 308 851 aut
326 835 374 852 non
390 822 437 857 est,
458 830 502 850 aut
521 833 568 850 non
585 824 667 859 potest
686 823 800 850 obtineri.
843 823 885 848 Ita
902 822 951 846 late
964 825 1037 853 patet
1052 819 1119 842 notio
1133 812 1195 854 ista,
1216 819 1246 839 vt
1259 821 1310 838 non

259 860 351 896 pesth,
366 859 414 894 mfi
427 869 455 886 ex
468 869 556 896 magno
574 867 673 886 numero
687 859 847 894 exemplorum
859 862 972 883 accurate
984 851 1105 888 cognosci.
1161 849 1309 890 CicsI'usc.

263 905 287 930 3,
300 905 333 929 34
360 895 439 923 Nihil
456 895 491 922 est
504 896 593 928 enim,
613 894 687 930 quod
703 900 757 921 tam
777 892 923 921 obtundat,
939 890 1076 921 eleuetquc
1098 884 1308 920 aegritudinem,
1320 899 1354 917 20

265 941 344 967 quam
359 938 483 967 perpetua
498 931 526 957 in
538 931 615 957 omni
628 931 684 958 vita
698 930 841 964 cogitatio,
861 926 928 952 nihil
946 924 1011 956 effe,
1031 921 1103 957 quod
1115 921 1233 948 accidere
1253 929 1309 946 non

263 977 287 1002 p.
301 967 354 999 ffit,
374 977 454 1002 quam
467 966 607 994 meditatio
622 966 785 993 conditionis
799 963 935 988 humanae.
992 960 1091 986 Patere.
1107 966 1129 989 2,
1144 966 1191 990 104
1212 956 1310 990 Neque

262 1003 305 1031 illi
320 1003 483 1037 spectaculo,
504 1005 559 1038 quo
573 1003 671 1029 fruitus
686 1002 755 1032 sum,
773 998 857 1024 limile
871 994 992 1023 conditio
1005 994 1124 1021 mortalis
1138 993 1256 1027 recipere
1269 992 1309 1018 vi-

263 1038 340 1065 detur
354 1039 431 1066 mihi.
501 1039 574 1065 Idem
588 1047 612 1071 2,
626 1047 638 1063 2
664 1036 792 1063 conditio
812 1032 932 1059 mortalis
950 1036 1060 1065 quantas
1078 1030 1192 1056 virtutes
1204 1027 1310 1062 recipit.

261 1074 379 1102 Fortuna
391 1082 469 1110 atque
484 1074 603 1100 conditio
617 1073 672 1099 Cic.
688 1072 715 1096 in
729 1069 808 1096 Catil.
822 1078 848 1102 4,
862 1077 881 1095 1.
954 1066 1027 1093 Idem
1046 1074 1095 1100 pro
1108 1065 1205 1091 Milon.
1224 1070 1259 1098 79
1287 1072 1308 1089 c.
1318 1073 1347 1099 ²2⁴

261 1119 296 1143 29
323 1111 428 1145 Fingite
447 1110 607 1144 cogitatione
622 1107 764 1140 imaginem
785 1105 865 1131 huius
882 1102 1045 1130 conditionis
1062 1109 1154 1127 meac:
1180 1100 1198 1127 si
1218 1098 1309 1134 poffim

260 1144 381 1179 efficere,
394 1152 421 1173 vt
436 1145 564 1172 Milonem
584 1142 742 1173 absoluatis;
768 1141 811 1168 sed
825 1141 862 1166 ita
876 1140 893 1166 fi
908 1138 1019 1166 Clodius
1033 1137 1172 1164 reuixerit.
1226 1135 1309 1161 Multi

261 1182 350 1216 laquei
369 1182 457 1216 legum
482 1186 506 1206 et
528 1178 714 1205 conditionum
734 1176 863 1212 propositi
885 1175 942 1202 Cic.
962 1183 1011 1209 pro
1031 1173 1136 1200 Cluent.
1159 1179 1203 1205 150
1235 1180 1256 1196 c.
1272 1178 1309 1204 53.

259 1218 349 1244 Intimi
370 1216 471 1251 generis
493 1214 632 1241 hominum
652 1213 772 1239 conditio
792 1218 871 1247 atque
892 1212 1003 1238 fortuna
1022 1209 1096 1236 Idem
1108 1217 1157 1243 pro
1170 1206 1268 1234 Milon.
1282 1215 1308 1239 9.

259 1253 315 1280 Cic.
332 1253 363 1279 de
378 1253 447 1286 Lege
460 1252 521 1285 Agr.
537 1259 557 1283 1,
574 1258 602 1285 17
627 1250 721 1276 Paucas
734 1248 821 1276 tribus
834 1257 888 1274 non
903 1252 973 1274 certa
986 1244 1142 1272 conditione
1154 1243 1239 1273 luris,
1265 1242 1348 1283 sed30

258 1288 335 1314 sortis
348 1287 479 1313 beneficio
492 1286 606 1312 fortuito
620 1285 652 1312 ad
665 1284 840 1319 vsurpandam
853 1283 1005 1310 libertatem
1017 1289 1124 1307 vocare.
1195 1279 1309 1313 Legum,

256 1323 438 1356 iudiciorum,
453 1328 604 1356 temporum
621 1330 650 1347 ea
663 1321 783 1347 conditio
797 1319 931 1354 impendet
944 1317 1018 1344 Idem
1032 1318 1105 1344 Fam.
1119 1324 1142 1349 ς,
1156 1320 1192 1345 18.
1241 1314 1308 1340 Loci

254 1359 368 1386 alicuius
381 1358 502 1385 conditio
514 1357 595 1384 Ouid.
607 1366 638 1383 ex
652 1357 726 1383 Pont.
742 1365 767 1389 2,
782 1363 804 1390 5,
821 1357 858 1382 16.
932 1353 1065 1388 Qiinc'fil.
1081 1361 1102 1385 1,
1115 1361 1128 1386 ς
1148 1350 1260 1382 Euenit,
1278 1356 1307 1376 vt

257 1395 340 1422 Metri
359 1403 468 1430 quoque
478 1393 599 1420 conditio
618 1398 702 1419 mutet
719 1398 864 1419 accentum.
938 1390 1035 1416 Mortis
1053 1389 1155 1415 ademta
1174 1386 1306 1418 conditio,

255 1430 309 1457 vid.
323 1436 445 1457 Ammo.
516 1428 649 1456 Nascendi
666 1429 765 1454 incerta
779 1426 900 1454 conditio
918 1426 976 1452 Cic.
993 1426 1022 1452 in
1037 1425 1117 1452 Catil.
1130 1433 1154 1456 3,
1169 1431 1191 1448 2.
1247 1422 1307 1447 Per·
1315 1439 1344 1465 ὃς

255 1467 379 1493 sonarum
392 1465 512 1493 conditio
527 1464 658 1499 Quinctil.
672 1473 694 1497 3,
712 1473 749 1490 10.
821 1462 953 1489 Columel.
972 1470 1005 1494 11,
1030 1469 1057 1487 12
1082 1461 1133 1487 Pro
1150 1457 1308 1485 conditione

255 1502 375 1537 regionis
396 1507 422 1529 et
442 1501 530 1534 caeli,
549 1507 618 1527 terra
635 1500 677 1526 vel
698 1498 894 1534 proscinditur,
913 1498 955 1524 vel
972 1493 1093 1524 iteratur.
1164 1493 1305 1521 Seruicndi

255 1537 377 1565 conditio
392 1537 448 1564 Cic.
462 1538 535 1563 Fam.
550 1538 587 1568 16,
600 1544 626 1570 7.
699 1535 771 1561 Idem
790 1535 818 1560 in
839 1533 916 1560 Catil.
932 1543 966 1567 4,
987 1535 1015 1559 16
1043 1533 1137 1558 Seruus
1157 1530 1193 1557 cst
1213 1538 1304 1561 nemo,

254 1574 304 1609 qui
318 1574 399 1600 modo
411 1571 548 1600 tolerabili
561 1571 717 1598 conditione
733 1570 763 1596 fit
778 1569 935 1599 seruitutis,
956 1569 1003 1603 qui
1016 1577 1081 1600 non,
1099 1575 1144 1594 erc.
1218 1565 1305 1592 Serui-

254 1609 319 1636 tutis
332 1618 386 1635 non
400 1608 536 1634 communi
551 1607 705 1633 conditione
718 1606 758 1632 vti
777 1606 833 1632 Cic.
848 1614 897 1640 pro
911 1604 983 1631 Cael.
1000 1612 1040 1639 57.
1113 1602 1197 1629 Sortis
1213 1601 1304 1628 condi·
1313 1618 1351 1643 40

254 1645 296 1672 tio
316 1643 398 1671 Ouid.
412 1643 498 1670 Trist.
511 1651 534 1675 3,
556 1651 596 1675 14,
612 1649 650 1675 52.
723 1641 894 1675 Temporum
915 1640 1070 1666 conditione
1087 1639 1190 1673 aliquid
1205 1638 1304 1664 mutari

256 1680 389 1714 Quinctil.
409 1689 442 1712 4,
463 1687 482 1705 1.
555 1678 611 1704 Cic.
624 1686 672 1711 pro
687 1676 806 1703 Marcell.
826 1685 853 1702 12
881 1676 953 1702 Nam
972 1685 1055 1710 quum
1074 1675 1152 1709 ipfius
1166 1673 1306 1700 Vi&0riae

254 1716 410 1742 conditione
424 1715 481 1741 iure
495 1722 585 1740 omncs
599 1712 666 1740 vic‘ti
682 1711 871 1742 occidissemus,
884 1711 1039 1737 clementiae
1052 1717 1112 1737 tuae
1125 1709 1228 1737 iudicio
1243 1717 1305 1735 con-

254 1751 351 1778 seruati
366 1752 462 1777 sumus.
534 1750 612 1775 Vitae
626 1748 700 1774 Idem
714 1746 767 1774 Off.
782 1755 803 1779 3,
818 1751 846 1779 85
868 1755 889 1772 c.
904 1754 929 1771 21
951 1746 1020 1772 Cum
1035 1747 1092 1772 eius
1109 1746 1181 1772 vitae
1198 1753 1228 1771 ca
1241 1754 1303 1771 con-

253 1787 323 1814 ditio
337 1787 382 1818 lit,
399 1792 428 1813 vt
445 1785 493 1821 qui
506 1785 580 1811 illam
594 1784 734 1819 eripuerit,
748 1783 776 1809 in
787 1782 904 1808 maxima
917 1787 942 1807 et
957 1781 1040 1816 gratia
1047 1781 1152 1807 futurus
1167 1780 1197 1806 fit
1210 1787 1234 1806 et
1248 1781 1345 1820 glo-45

251 1824 302 1849 ria.
373 1822 447 1849 Idem
461 1820 574 1855 Philipp.
590 1829 628 1854 14,
642 1828 667 1852 33
692 1819 743 1845 Pro
756 1817 865 1844 mortali
881 1817 1037 1843 conditione
1053 1817 1145 1849 Vitae,
1165 1816 1302 1841 immorta-

251 1858 354 1885 litatem
367 1858 426 1885 estis
439 1856 602 1892 consequuti.
656 1854 734 1881 Vitae
747 1853 850 1881 easdem
865 1852 1033 1879 conditiones
1046 1861 1101 1878 non
1114 1851 1232 1886 perferre
1246 1850 1304 1877 Cic.

249 1903 301 1930 pro
315 1894 419 1921 Cluent.
436 1902 478 1927 130
500 1902 522 1919 c.
539 1900 575 1926 ςς.
644 1891 723 1918 Vitae
741 1890 858 1925 aliquam
876 1888 1059 1915 conditionem
1072 1888 1147 1922 sequi
1167 1886 1240 1913 Idem
1255 1895 1304 1921 pro

252 1930 344 1957 Rabir.
370 1929 435 1956 Post.
457 1931 494 1956 16.
566 1926 685 1955 Viuendi
699 1926 819 1953 conditio
831 1926 926 1951 Horat.
941 1925 1022 1951 Serm.
1036 1933 1059 1957 2,
1075 1928 1097 1954 3,
1112 1925 1152 1956 63.
1209 1923 1267 1948 Huc
1281 1928 1305 1948 et

249 1964 300 2000 ⁴usta
317 1969 446 2001 pertinent
460 1976 467 1990 .·
503 1964 559 1992 Cic.
574 1972 623 1998 pro
636 1962 727 1989 Rabir.
743 1962 809 1989 Post.
824 1969 848 1994 15
874 1960 1033 1992 Prouidete‚
1054 1968 1086 1985 ne
1100 1959 1239 1985 duriorem
1255 1966 1344 1998 ivo-30

251 2001 293 2028 bis
309 2001 492 2028 conditionem
505 1999 638 2031 statuatis,
654 1998 798 2032 ordinique
812 1997 910 2028 vestre,
929 2005 1009 2031 quam
1023 1996 1093 2022 ferre
1108 1994 1191 2030 poffit.
1228 1993 1304 2021 Idem

272 2045 303 2063 ro
317 2036 402 2062 Planc.
417 2045 438 2062 11
463 2036 504 2062 Est
522 2036 595 2062 enim
613 2034 734 2061 conditio
748 2034 896 2060 liberorum
910 2032 1071 2067 populorum
1082 2051 1090 2063 ,
1109 2031 1303 2066 praecipueque

273 2072 332 2098 uius
347 2071 473 2105 principis
484 2070 585 2104 populi,
594 2075 620 2095 et
628 2070 748 2095 omnium
762 2070 880 2103 gentium
894 2067 1000 2095 domini
1013 2074 1092 2102 atque
1104 2066 1226 2098 victoris,
1235 2066 1304 2100 posse

254 2106 384 2141 suffragiis
416 2105 460 2132 vel
495 2105 567 2137 dare,
607 2104 649 2130 vel
687 2104 841 2135 detrahere,
872 2103 947 2137 quod
976 2103 1042 2130 velit
1075 2102 1180 2136 cuique.
1246 2101 1303 2128 Cic.

253 2151 304 2178 pro
319 2142 410 2169 Rabir.
427 2141 492 2168 Post.
509 2149 534 2173 33
585 2139 635 2165 Ista
656 2138 776 2165 conditio
797 2138 839 2164 Est
857 2137 979 2168 testium,
1002 2142 1033 2162 vt
1052 2137 1149 2170 quibus
1171 2136 1302 2162 creditum
1315 2152 1340 2160 ,-

252 2187 307 2205 non
327 2177 356 2204 lit
376 2176 547 2211 negantibus,
566 2175 661 2201 iisdem
681 2174 801 2200 credatur
823 2171 981 2199 dicentibus.
1059 2170 1134 2197 Idem
1155 2171 1227 2196 Fam.
1242 2175 1271 2200 8,
1284 2161 1339 2202 9³³

253 2213 373 2245 Galliae,
392 2221 460 2247 quae
479 2211 576 2237 habent
595 2210 805 2241 intercessorem,
827 2208 856 2234 in
876 2207 985 2233 candem
1006 2206 1204 2238 conditionem,
1222 2213 1303 2239 quam

893 2239 914 2278 ἦ
935 2250 952 2268 2
991 2243 1044 2268 Iam
1058 2241 1174 2276 Epitheta
1188 2240 1306 2276 quaedam

268 146 339 184 2123

1340 545 1369 564 10

253 2256 371 2276 caeterae
383 2247 538 2283 prouinciae
551 2247 695 2272 Vocantur.

253 2286 396 2312 videamus:
432 2282 559 2309 Attalicae
573 2280 755 2310 conditiones,
774 2277 827 2304 vid.
844 2283 1014 2304 ATTALVS.
1085 2277 1158 2302 Bona
1171 2276 1303 2308 conditio,

252 2321 306 2348 vid.
319 2330 375 2347 mox
391 2320 507 2354 Optima.
578 2315 736 2343 Communis
750 2314 844 2340 Horat.
859 2312 938 2346 Epist.
953 2320 977 2341 2,
993 2320 1013 2344 1,
1029 2319 1081 2343 152.
1149 2311 1245 2336 Dulcis
1264 2311 1303 2337 Id.
1313 2318 1350 2343 60

254 2357 334 2392 Epist.
356 2365 383 2389 1,
406 2364 433 2388 1,
455 2363 490 2388 ςι.
561 2352 690 2379 Duriores
709 2351 798 2384 legum
819 2348 987 2375 conditiones
1009 2347 1066 2373 Cic.
1080 2355 1128 2381 pro
1142 2346 1248 2372 Cluent.
1262 2353 1306 2378 ¹50

255 2402 277 2419 c.
291 2401 328 2425 55.
400 2390 487 2417 Foeda
510 2389 579 2415 Hor.
596 2389 684 2415 Carm.
698 2395 727 2419 3,
743 2393 773 2418 5,
793 2393 832 2418 14.
909 2385 1033 2410 Humana
1054 2383 1110 2410 Cic.
1124 2381 1208 2408 Tusc.
1224 2389 1250 2413 1,
1271 2388 1306 2413 15.

254 2428 349 2455 Infima
365 2427 485 2453 conditio
499 2430 525 2451 et
539 2425 646 2451 fortuna
660 2424 799 2450 seruorum
813 2419 850 2447 Id.
865 2419 918 2446 Off.
933 2428 952 2451 1,
966 2428 1004 2453 41.
1076 2419 1125 2445 Vis
1142 2423 1168 2444 et
1180 2417 1306 2443 fortunae

254 2463 376 2491 conditio
393 2462 485 2489 Infima
504 2460 657 2495 aliquorum
679 2458 735 2485 Cic.
751 2466 798 2492 pro
814 2457 895 2483 Corn.
909 2455 981 2482 Balb.
996 2463 1038 2488 24.
1109 2454 1219 2488 Iniqua,
1249 2452 1304 2479 vid.

256 2504 402 2535 1N1Q'VS.
471 2495 661 2524 Infidiolissima
669 2515 677 2527 ‚
705 2493 759 2520 vid.
773 2501 783 2519 1
794 2500 815 2519 N
827 2499 839 2519 S
847 2499 857 2518 1
866 2499 884 2519 D
894 2498 909 2518 E
919 2497 938 2518 O
949 2511 953 2517 .
1027 2489 1136 2524 Optima
1149 2488 1305 2515 conditione
1314 2496 1346 2528 65

255 2536 363 2571 praedia
381 2535 435 2562 Cic.
452 2533 484 2560 de
498 2533 527 2559 L.
542 2534 604 2567 Agr.
618 2540 641 2563 3,
656 2539 672 2566 7
693 2539 714 2556 c.
730 2538 752 2556 2.
781 2532 800 2555 i.
816 2530 906 2563 optimo
922 2529 983 2553 iure.
1056 2527 1098 2553 Sic
1115 2525 1225 2559 Optima
1245 2533 1307 2550 con-

256 2571 360 2598 ditione
373 2570 401 2596 in
414 2568 573 2597 redimendo
588 2565 620 2600 esi
629 2588 637 2599 ,
657 2569 700 2602 qui
707 2568 817 2601 primurn
831 2571 854 2590 et
862 2566 1005 2598 proximum
1019 2561 1157 2588 redimendi
1175 2564 1215 2587 ius
1233 2559 1306 2587 habet

257 2607 314 2634 Cic.
331 2607 407 2632 Verr.
421 2613 430 2631 1
454 2613 476 2631 c.
492 2612 532 2637 54.
589 2604 620 2630 Et
633 2603 709 2629 Verr.
725 2610 740 2628 2
763 2610 784 2627 c.
800 2608 831 2633 59
855 2599 965 2634 Optima
986 2597 1141 2624 conditione
1161 2596 1248 2623 locare
1267 2604 1306 2622 re-

250 2643 275 2680 s
287 2640 340 2669 eHu
354 2641 516 2671 redemtoris,
532 2642 549 2665 i.
564 2641 665 2664 minimo
672 2640 765 2673 pretio.
822 2637 862 2663 Sic
876 2635 907 2661 ad
921 2636 961 2669 Q
971 2635 1054 2661 Fratr.
1070 2642 1093 2666 2,
1112 2642 1124 2665 3
1153 2633 1226 2659 Bona
1243 2640 1306 2658 con-

257 2650 344 2710 alitio,
364 2677 394 2703 tle
416 2675 508 2702 emendi
528 2672 657 2705 occalionc.
729 2672 831 2699 Tristis
849 2670 986 2697 Claudian.
1007 2670 1085 2697 Cons.
1106 2670 1179 2695 Hon.
1197 2677 1230 2702 4,
1251 2670 1350 2707 613.70

258 2713 315 2741 Cic.
329 2720 377 2748 pro
391 2712 497 2738 Cluent.
510 2718 546 2744 94
565 2709 673 2735 Tamen
686 2708 727 2734 illi
742 2707 841 2734 iudices
856 2706 1016 2739 statuerunt,
1035 2705 1129 2740 iniqua
1149 2703 1306 2731 conditione

257 2758 335 2779 reum
348 2749 451 2775 causam
463 2747 568 2777 dicere,
588 2753 671 2779 quum
683 2743 836 2770 aduersario
850 2744 923 2774 eius,
943 2742 975 2768 ad
990 2742 1031 2768 ius
1050 2740 1221 2768 accusationis
1236 2740 1305 2766 sum-

257 2794 301 2813 ma
313 2784 355 2811 vis
369 2783 502 2819 potestatis
516 2780 660 2807 accederet.
698 2779 770 2805 Idem
783 2778 849 2805 ibid.
870 2779 1013 2805 Accusante
1028 2776 1229 2811 Tribunopleb.
1245 2784 1306 2802 con-

259 2821 362 2848 ditione
382 2827 465 2854 aequa
485 2817 624 2851 disceptari
636 2815 705 2850 posse
721 2823 774 2840 non
788 2820 955 2849 putauerunt.
1026 2813 1142 2840 Meliore
1155 2813 1232 2844 iure,
1252 2820 1305 2838 me-

259 2856 329 2883 liore
349 2856 377 2882 in
396 2855 486 2887 causa,
509 2852 694 2879 commodiore
712 2850 866 2878 conditione
886 2850 934 2876 effe
955 2849 1010 2876 Cic.
1024 2849 1056 2875 dc
1070 2849 1140 2883 Lege
1155 2849 1216 2882 Agr.
1231 2856 1262 2879 2,
1278 2855 1304 2880 9.
1312 2849 1344 2877 75

258 2892 376 2920 Meliore
389 2890 543 2917 conditione
557 2888 592 2914 est
607 2889 702 2919 senex,
722 2894 802 2921 quam
822 2884 987 2918 adolescens,
1007 2893 1088 2920 quum
1107 2885 1151 2916 id,
1169 2883 1242 2918 quod
1255 2883 1303 2909 ille

260 2929 360 2963 sperat,
377 2926 421 2953 hic
434 2926 610 2959 consequutus
626 2923 662 2949 cst
680 2922 753 2949 Idem
766 2921 798 2948 de
810 2919 910 2947 Sene&
925 2922 965 2950 68.
1035 2921 1126 2955 Longe
1144 2920 1195 2946 alia
1214 2918 1301 2946 condi-

259 2965 335 2991 tione
350 2963 398 2989 else
411 2971 440 2988 ac
455 2960 552 2988 caeteri
564 2959 654 2986 Vatin.
669 2957 701 2984 ad
714 2958 770 2985 Cic.
784 2958 856 2984 Fam.
873 2963 896 2989 ς,
911 2964 948 2982 10.
1018 2956 1047 2982 In
1068 2955 1201 2992 superiori
1215 2954 1306 2981 condi-

259 3001 334 3027 tione
355 2998 482 3032 causaque
502 2995 614 3031 pofitum
632 2995 680 3021 effe
698 2993 771 3020 Idem
785 3001 834 3028 pro
849 2992 930 3018 Corn.
943 2991 1016 3018 Balb.
1031 2994 1069 3023 36.
1147 2990 1306 3018 Conuellere

262 3034 443 3062 conditionem
464 3031 614 3064 amicitiae,
645 3029 698 3056 vid.
722 3033 907 3057 CONVELLO.
976 3028 1104 3054 Excutere
1121 3026 1305 3054 conditionem
1314 3035 1347 3060 80

262 3070 374 3098 alicuius
383 3089 391 3102 ,
415 3071 432 3095 i.
447 3067 580 3105 expendere
594 3072 617 3092 ct
629 3065 781 3100 considerare
789 3066 890 3100 penitus
902 3061 982 3090 Ouid.
991 3062 1076 3089 Trist.
1085 3071 1157 3096 3,14,
1168 3071 1207 3096 52.
1260 3063 1306 3088 Fa-

263 3115 321 3133 cere
335 3105 464 3140 disparem
477 3103 659 3131 condicionem
672 3101 728 3128 Cic.
739 3100 771 3127 de
782 3099 903 3127 Prouine.
916 3098 1038 3125 Cons.16.
1092 3099 1221 3125 Generari
1235 3107 1307 3125 mor-

263 3141 311 3168 tali
331 3141 484 3168 conditione
499 3139 571 3166 Idem
591 3137 624 3164 de
637 3137 759 3164 Vniuers.
774 3138 813 3169 36.
886 3135 942 3162 Cic.
960 3142 1009 3169 pro
1028 3133 1147 3161 Marcell.
1167 3139 1181 3164 8
1207 3133 1256 3159 Sed
1277 3142 1307 3160 ea

263 3183 352 3204 tamen
369 3176 457 3202 vicisti
464 3196 473 3209 ‚
497 3183 564 3211 quae
581 3180 607 3200 et
623 3178 758 3208 naturam,
783 3177 809 3198 et
830 3171 1026 3202 conditionem,
1052 3175 1082 3196 vt
1101 3170 1174 3196 vinci
1193 3169 1308 3204 possent,

264 3211 413 3241 Habebam.
483 3209 622 3238 Institucre
636 3209 721 3244 legem
733 3208 854 3243 iniquam
868 3212 894 3233 et
907 3206 1030 3233 miseram
1042 3204 1224 3231 conditionem
1239 3206 1307 3239 peri·
1316 3211 1346 3240 85

265 3247 332 3275 culis
346 3246 484 3274 hominum
499 3246 572 3273 Idem
587 3253 636 3280 pro
649 3245 769 3271 Muraen.
784 3245 826 3270 60.
879 3242 983 3268 Mutare
998 3241 1179 3268 conditionem
1195 3240 1306 3274 Quin&

266 3293 287 3317 1,
302 3293 324 3317 ς,
337 3284 381 3310 26.
437 3284 468 3308 Et
480 3281 580 3309 Mutari
596 3280 750 3308 conditione
763 3286 913 3313 temporum
928 3277 1001 3304 Idem
1016 3285 1049 3310 11,
1069 3285 1092 3310 3,
1104 3284 1155 3311 137.
1190 3279 1220 3302 it.
1236 3285 1273 3311 12,
1286 3285 1307 3309 1,

266 3328 305 3353 4¹-
359 3317 440 3345 Nasci
453 3317 543 3343 eadem
557 3316 712 3344 conditione
729 3315 785 3342 Cic.
799 3314 832 3341 de
845 3313 938 3341 Diuin.
949 3321 974 3344 2,
988 3321 1028 3346 93.
1098 3311 1163 3339 Nati
1178 3312 1264 3338 sumus
1277 3321 1307 3339 ea

266 3353 439 3385 conditione,
456 3357 485 3378 vt
499 3352 581 3383 nihil,
595 3352 667 3387 quod
680 3350 785 3378 homini
798 3349 916 3377 accidere
928 3348 1019 3384 poffit‚
1035 3348 1155 3376 recusare
1167 3347 1307 3374 debeamus

266 3391 341 3418 Idem
355 3390 407 3416 Att.
422 3395 457 3421 15,
471 3396 489 3414 1.
542 3389 601 3421 (Qua
614 3387 670 3414 nati
683 3388 770 3414 sumus
782 3385 937 3413 conditione
949 3385 1071 3411 viuamus
1083 3383 1138 3411 Cic.
1147 3383 1218 3410 Fam.
1234 3391 1256 3415 ς,
1272 3386 1308 3410 16.
1317 3395 1354 3420 90

267 3424 463 3454 Immortalium
477 3422 657 3449 conditionem
671 3422 802 3458 postulare
816 3421 890 3448 Idem
909 3420 961 3447 Off.
980 3429 1003 3453 3,
1041 3439 1048 3446 .
1086 3438 1094 3446 .
1165 3419 1309 3446 Prouidere

267 3460 419 3488 conditioni
431 3458 534 3486 ciuium
546 3465 636 3484 contra
650 3457 873 3493 periculofiffimas
891 3455 1031 3483 hominum
1043 3454 1172 3491 potentias
1190 3454 1245 3481 Cic.
1261 3463 1309 3489 pro

268 3497 341 3524 Cael.
356 3504 398 3524 22.
593 3490 614 3531 fl
641 3502 653 3526 3
689 3495 720 3520 In
736 3496 831 3529 primis
853 3496 881 3519 in
903 3490 1063 3518 electionibus
1082 3490 1261 3527 quibuscunque
1285 3497 1310 3516 et

263 3532 444 3569 pastionibus,
466 3528 595 3557 Conditio
610 3530 686 3555 locum
699 3529 788 3561 habes,
816 3531 835 3555 ι’.
856 3525 1059 3560 circumstantia,
1083 3525 1211 3562 definitio,
1231 3525 1308 3553 deter-

268 3570 384 3595 minatio.
427 3567 495 3593 Hinc
513 3565 591 3592 multa
611 3564 640 3590 de
657 3563 856 3591 conditionibus
870 3563 945 3595 icti,
968 3571 1071 3599 quorum
1085 3562 1212 3598 formulas
1231 3561 1309 3596 disces
1319 3572 1352 3600 95

269 3612 300 3629 tx
312 3602 412 3630 Titulo
424 3600 613 3629 Pande—&arum
632 3602 682 3632 (33,
696 3603 718 3631 1)
735 3600 767 3626 de
779 3598 979 3626 conditionibus
991 3604 1017 3624 et
1031 3596 1311 3630 demonstrationibus,

270 3645 316 3665 nc.
358 3639 387 3665 1⁷.
402 3647 427 3675 g.
443 3637 548 3672 leian.
569 3635 586 3662 1.
601 3643 614 3667 3
638 3634 777 3666 Obtinuit,
794 3633 962 3670 impoffibiles
976 3633 1143 3660 conditiones
1154 3631 1309 3659 testamento

269 3673 410 3708 adscriptas
423 3681 473 3707 pro
486 3671 567 3699 nullis
580 3669 720 3698 habendas.
773 3671 804 3696 Et
819 3670 836 3696 1.
850 3678 881 3703 34
903 3669 928 3707 §.
942 3679 952 3696 1
977 3671 1048 3696 Inter
1059 3667 1309 3696 demonstrationem

272 3714 299 3735 et
317 3708 500 3735 conditionem
519 3707 570 3734 hoc
588 3705 711 3738 interest,
737 3704 808 3739 quod
829 3704 1017 3732 demonstratio
1036 3704 1194 3740 plerumque
1211 3702 1309 3730 faciam

271 3753 331 3772 rem
343 3743 472 3776 ostendit,
485 3742 605 3770 conditio
618 3742 744 3769 futuram.

270 3787 331 3808 rum
345 3779 530 3806 conditIonum
549 3787 620 3805 nunc
635 3783 720 3804 vtram
738 3775 830 3809 malis,
846 3775 918 3802 vide.
988 3775 1203 3803 Commodiffima
1220 3774 1310 3801 condi-

271 3815 346 3843 tione
359 3815 497 3849 negotium
508 3813 638 3841 conflccre
653 3813 714 3846 Cic.
729 3812 800 3839 Fam.
816 3819 849 3843 13,
863 3819 902 3845 ¹4·
971 3811 1007 3837 Ea
1019 3812 1174 3838 conditione
1186 3809 1248 3837 dare
1261 3809 1308 3836 ali-

270 3850 337 3887 quid
349 3849 424 3876 Idem
437 3849 507 3876 Fam.
521 3852 548 3883 6,
560 3857 587 3885 7.
642 3849 732 3876 Pacem
749 3846 812 3874 fccit
826 3847 896 3874 inter
909 3853 954 3872 eos
969 3845 1010 3872 his
1021 3846 1221 3874 conditionibus
1236 3845 1306 3880 Nep.

270 3890 294 3920 8,
308 3895 332 3919 3,
345 3893 365 3912 1.
433 3884 490 3911 Cic.
520 3893 552 3912 ro
565 3883 644 3912 Arch.
658 3892 689 3916 ις
716 3881 813 3910 Iubere
830 3881 857 3908 ei
871 3881 1017 3916 praemium
1035 3882 1120 3910 tribui
1134 3881 1181 3909 sub
1198 3889 1229 3908 ea
1247 3889 1308 3907 con-

268 3922 390 3953 ditione,
405 3927 440 3948 nc
453 3894 519 3955 qui}
530 3919 620 3954 postca
631 3918 766 3948 scriberet.
800 3917 875 3954 Confi
892 3917 959 3946 min.
974 3917 1052 3953 Epist.
1069 3926 1105 3952 4,
1123 3925 1159 3951 13.
1225 3915 1307 3946 Valde
1318 3924 1363 3952 105

1365 2569 1396 2599 1³·
1413 2572 1473 2598 47²·

813 3740 882 3767 Ter.
896 3741 992 3768 Heaut.
1005 3749 1031 3773 2,
1047 3749 1068 3773 3,
1083 3745 1111 3774 85
1131 3740 1233 3767 Harum
1246 3738 1307 3765 dua.
1317 3752 1366 3771 100
1375 3740 1485 3768 doctum
1496 3741 1557 3776 legit
1569 3739 1715 3772 Turnebur,
1731 3748 1779 3765 non
1791 3738 1971 3765 conductum.
2005 3735 2139 3763 Condooi
2152 3744 2232 3765 autem
2243 3746 2305 3765 com«

1749 116 2025 159 CO'N

1377 208 1451 236 bona
1468 209 1602 242 conditio,
1626 210 1644 237 si
1664 209 1763 242 fuerit,
1784 209 1889 235 fortasse
1909 216 1964 234 non
1982 208 2103 236 omittam
2121 211 2177 239 Cic.
2195 212 2325 247 QFratt.
2340 196 2358 242 ¹2.
2387 219 2413 245 6.
2444 218 2446 226 ¹

1379 246 1523 272 Causarum
1538 246 1657 272 conditio
1670 246 1837 279 Qtinciil.4‚
1851 254 1876 277 2,
1891 252 1930 276 25.
2003 244 2202 274 Controuersiae
2214 249 2332 276 conditio
2343 237 2414 280 Idem
2443 257 2446 269 ¹

1380 291 1408 315 4,
1423 289 1442 312 1,
1455 284 1496 307 26.
1567 281 1636 307 Pacis
1650 282 1770 308 conditio
1784 290 1843 307 cum
1857 280 1950 315 aliquo
1964 279 2021 305 Cic.
2033 279 2144 316 Philipp.
2157 291 2184 315 4,
2198 291 2229 310 11.
2298 284 2337 311 Id.
2350 285 2404 314 Phil
2444 272 2446 276 .

1382 319 1410 349 6,
1428 325 1439 348 3
1464 318 1539 349 Qiae
1560 316 1638 343 vobis
1656 318 1738 350 potest
1757 326 1817 343 cum
1839 316 1889 343 hoc
1909 315 2054 350 gladiatore
2072 316 2245 352 conditionis,
2264 307 2413 354 aequitatis-⁶
2438 324 2440 326 '

1383 352 1522 386 legationis
1531 371 1540 385 ,
1559 353 1607 378 effe
1620 353 1813 379 communitas?
1872 352 1943 378 Pacis
1957 350 2122 377 conditiones
2136 353 2278 387 postulare,
2292 343 2416 390 recipere.

1381 396 1505 422 rumpere
1518 388 1588 414 Vcll.
1601 396 1626 418 2,
1639 392 1683 420 48,
1696 393 1718 419 ς.
1747 399 1748 402 ’
1788 389 1884 414 Donat.
1897 388 1926 414 in
1937 387 2006 413 Ter.
2019 386 2101 413 Andr.
2116 396 2124 412 1
2133 406 2141 420 ‚
2156 395 2176 419 1,
2190 395 2220 421 52.
2245 378 2415 420 Conditio-elf
2438 406 2446 413 υ

1381 424 1470 458 pactio
1482 429 1579 449 certam
1592 423 1678 457 legem
1692 423 1721 448 in
1735 422 1760 448 sc
1772 424 1918 450 continens.
1956 423 2014 449 Non
2022 421 2090 458 satis
2102 430 2231 450 accurate:
2254 424 2414 462 conditiokst
2443 414 2462 455 i«,

1375 462 1465 495 potius
1485 460 1524 486 Iex
1547 467 1570 485 et
1590 459 1778 490 ‹2¹.-terminatio,
1802 457 2049 494 circunstantiaque,
2066 457 2114 493 ι[ἰώ
2132 467 2179 493 qua
2197 459 2294 494 aliquid
2310 462 2342 487 eli
2358 465 2414 491 itur.
2437 461 2472 491 7¹,-

1381 495 1524 522 Praesentis
1539 494 1698 521 discriminis
1712 492 1821 527 Qun&
1833 501 1858 525 2,
1872 503 1905 526 13.
1960 494 2124 520 Petitionum
2137 494 2208 520 Idem
2220 501 2244 526 3,
2257 502 2293 521 10.
2365 497 2415 527 ull,
2437 510 2439 519 v
2458 503 2461 506 ·

1380 531 1534 558 conditione
1556 531 1611 559 Cic.
1633 538 1681 564 pro
1703 530 1784 555 Corn.
1799 528 1871 555 Balb.
1888 538 1927 561 23.
1998 528 2129 556 Accedere
2145 528 2177 554 ad
2197 529 2375 559 conditionem
2390 539 2415 562 et
2443 523 2452 558 1ss

1379 567 1544 603 pactionem,
1564 574 1613 601 pro
1628 565 1785 600 Consentire,
1808 564 1862 591 υιιί.
1882 570 2022 592 ACCEDO.
2095 564 2219 598 Accipere
2240 566 2415 598 conditionem

1380 604 1437 630 Cic.
1452 604 1524 629 Fam.
1547 604 1591 634 16,
1610 609 1646 627 12.
1688 599 1747 626 Vid.
1766 609 1822 626 mox
1839 601 1927 626 Ferre.
2000 599 2126 635 Accipere
2146 608 2176 625 ea
2196 600 2348 629 conditione
2363 603 2409 634 Cic

1379 639 1463 665 Tusc.
1480 647 1498 669 1,
1515 646 1555 670 93.
1617 635 1753 663 Adduccre
1768 635 1883 670 aliquem
1897 634 1928 661 ad
1945 634 2060 670 aliquam
2075 635 2258 661 conditionem
2271 635 2363 665 Balbus
2373 625 2415 668 Cis
2438 645 2439 648 ’

1379 673 1471 699 ceroni
1485 674 1537 699 Att.
1555 678 1586 705 8,
1607 679 1640 705 ις.
1693 671 1866 705 Adstringere
1883 670 2001 705 aliquem
2020 672 2071 697 suis
2087 671 2287 698 conditionibus
2304 673 2358 700 Cic.
2370 679 2414 710 pro
2429 689 2442 706 ,1

1380 709 1474 741 Quint.
1489 717 1526 741 19.
1590 708 1695 742 leian.
1717 707 1734 733 l.
1751 715 1763 739 3
1783 707 1810 733 ff.
1830 706 1862 733 de
1876 707 1989 732 Iureiur.
2010 706 2056 733 Ait
2069 714 2189 741 praetor,
2209 706 2226 733 st
2241 707 2277 739 is,
2296 716 2353 735 cum
2366 706 2414 746 qffi
2434 735 2436 737 ,

1379 751 1488 778 agetur,
1509 743 1666 770 conditione
1680 743 1781 775 delata,
1800 742 1940 769 iurauerit.
2010 742 2109 769 Audire
2124 742 2320 776 conditionem,
2338 750 2363 772 et
2374 734 2448 774 dms

1378 780 1433 806 dita
1448 779 1568 806 conditio
1585 779 1666 806 Ouid.
1681 778 1760 813 Epist.
1775 787 1813 810 21,
1828 786 1876 810 ¹32·
1933 777 2034 811 Capere
2054 779 2253 810 conditionem,
2272 784 2298 805 et
2311 780 2342 806 ln
2364 794 2371 803 .
2395 794 2412 805 ,μ

1379 815 1524 846 ditionem,
1550 815 1603 841 vid.
1621 821 1638 841 c
1651 821 1754 842 mm.
1814 814 1871 840 cte.
1887 813 1916 839 in
1928 813 2047 846 Catu.4‚
2060 822 2069 839 1
2089 814 2160 840 Mihi
2180 814 2305 850 quidem,
2323 810 2411 842 132⁶-
2429 806 2447 854 3'

1377 851 1499 878 conditio
1512 850 1670 878 Consulatus
1683 851 1750 877 Data
1759 850 1812 882 est,
1831 855 1918 882 vt,ctc.
1949 851 1967 875 ι’.
1979 847 2005 882 fi
2023 849 2069 875 bac
2081 850 2132 885 lege
2152 857 2176 876 ει
2189 850 2329 877 conditione
2345 865 2353 872 ›
2374 843 2384 846 .‚

1377 889 1444 914 latus
1461 887 1524 914 mihi
1542 886 1676 913 mandatus
1692 885 1733 920 esi.
1807 885 1957 911 Defendere
1978 885 2004 911 se
2017 885 2130 911 alicuius
2143 885 2184 911 rei
2201 885 2352 913 conditione

1377 923 1409 950 de
1424 923 1494 958 Lege
1507 923 1570 957 Agr.
1586 931 1606 955 1,
1620 924 1660 956 56.
1732 922 1866 956 Depacisci
1885 921 1918 947 ad
1937 920 2120 947 conditionem
2137 921 2244 948 alterius
2261 920 2332 949 Idem

1376 967 1401 991 3,
1419 961 1454 985 60
1486 968 1508 985 c.
1529 966 1568 992 25.
1638 957 1800 984 Descendere
1818 957 1972 983 alterutram
1992 956 2025 982 ad
2039 957 2221 983 conditionem
2240 956 2309 984 Cael.
2321 957 2353 984 ad

1376 995 1448 1021 Fam.
1465 996 1523 1026 8,{8.
1596 994 1675 1021 Ferre
1696 993 1879 1025 conditiones,
1904 990 1937 1025 qs}
1950 989 2059 1018 viHoris
2078 999 2101 1018 ct
2110 993 2252 1028 superioris
2266 1004 2273 1018 .·
2294 992 2395 1021 'Ac'ci
2407 995 2411 1004 '·
2436 997 2445 1019 .³

1375 1030 1546 1062 conditiones,
1562 1027 1637 1056 viHi.
1674 1030 1732 1056 Cic.
1746 1030 1817 1056 Fam.
1830 1031 1867 1060 16,
1881 1036 1907 1055 12
1934 1028 2065 1054 Feruntur
2084 1029 2195 1054 omnino
2208 1028 2373 1056 conditiones
2415 1029 2419 1034 '
2444 1052 2446 1055 ,

1376 1066 1434 1092 1110.
1470 1065 1537 1092 Add.
1553 1065 1626 1091 Idem
1639 1065 1693 1092 Att.
1707 1073 1734 1100 7,
1751 1073 1776 1098 ις
1795 1071 1838 1100 pr.
1909 1064 1989 1090 Ferre
2001 1063 2185 1096 conditiones,
2203 1064 2273 1099 leges
2285 1064 2358 1100 impo

1375 1102 1433 1129 Cic.
1447 1101 1560 1136 Philipp.
1575 1109 1602 1135 7,
1616 1109 1654 1128 21.
1727 1102 1828 1135 Fugere
1847 1108 1861 1126 a
1877 1099 1928 1126 suis
1942 1099 2142 1126 conditionibus
2164 1100 2236 1126 Idem
2250 1101 2321 1127 Fam.
2335 1100 2391 1128 16
2437 1102 2446 1122 ιῐ

1375 1138 1448 1165 Hirr.
1470 1138 1535 1164 Bell.
1557 1137 1631 1163 Alex.
1652 1139 1682 1169 65
1708 1135 1918 1163 Conditionibus
1935 1135 2067 1170 Impositis
2091 1136 2247 1170 prouinciae
2265 1142 2339 1163 tuen

1376 1173 1567 1205 defendendae,
1583 1172 1667 1199 hostes
1680 1173 1850 1207 persequutus
1864 1171 1909 1198 est.
1963 1172 2073 1198 Manere
2087 1171 2116 1197 in
2129 1172 2283 1199 conditione
2301 1169 2356 1200 Cic.
2408 1170 2409 1173 ’
2437 1166 2440 1196 ἶ

1375 1217 1403 1243 7,
1418 1217 1452 1242 13.
1524 1210 1613 1236 Manet
1628 1208 1748 1235 conditio
1764 1208 1837 1234 Idem
1851 1208 1922 1234 Fam.
1938 1215 1961 1240 2,
1972 1209 1998 1233 6.
2068 1207 2172 1234 Offerre
2186 1207 2381 1238 conditionem]
2410 1215 2416 1227 2-

1376 1246 1430 1277 cis,
1457 1245 1522 1280 apud
1540 1245 1657 1270 Liuium.
1673 1253 1705 1277 2,
1727 1252 1760 1276 13.
1796 1244 1844 1270 Sed
1861 1245 1909 1270 alii
1927 1243 2016 1270 Ferre.
2089 1243 2222 1270 Omittere
2241 1243 2354 1271 conditi

1376 1282 1431 1308 Cic.
1445 1282 1479 1314 Q.
1493 1281 1577 1307 Fratr.
1595 1289 1620 1312 2,
1641 1288 1662 1306 2.
1736 1280 1855 1306 Onerare
1874 1277 2074 1305 conditionibus
2093 1279 2167 1306 Idem
2181 1281 2258 1306 Verr.
2273 1288 2295 1312 3.
2405 1303 2411 1306 .
2441 1276 2443 1283 ’

1376 1317 1473 1343 ducere
1487 1316 1604 1351 aliquem
1624 1315 1656 1342 ad
1670 1316 1726 1342 suas
1745 1315 1911 1342 conditiones
1932 1314 1988 1341 Cic.
2002 1323 2051 1348 pro
2067 1315 2162 1347 Qint.
2176 1323 2212 1350 27
2232 1324 2252 1342 c.
2267 1317 2292 1341 6.
2432 1312 2442 1343 ,ι’

1375 1352 1471 1379 ducere
1485 1352 1601 1387 aliquem
1615 1351 1818 1378 conditionibus
1838 1350 1911 1377 Idem
1932 1359 1981 1384 pro
1994 1351 2088 1384 Qint.
2104 1359 2142 1377 10.
2214 1352 2250 1380 Et,
2259 1359 2307 1386 pro
2320 1350 2350 1378 L.
2370 1368 2381 1374 w
2394 1353 2412 1362 ’
2434 1363 2437 1381 ι

1373 1388 1422 1414 nil.
1436 1390 1471 1423 67
1492 1398 1512 1414 c.
1527 1397 1557 1420 23
1584 1387 1689 1421 Quibus
1711 1387 1839 1420 iacturis,
1862 1387 1959 1422 quibus
1974 1386 2172 1413 conditionibus
2188 1386 2309 1413 homines
2322 1386 2350 1413 in
2433 1396 2442 1411 .:

1373 1425 1474 1451 vincias
1487 1424 1701 1450 Proficiscantur:
1726 1427 1744 1449 i.
1758 1430 1876 1459 quantum
1890 1424 1931 1450 vel
1943 1422 2001 1448 dent
2013 1425 2052 1448 uel
2059 1425 2214 1457 promittant
2225 1424 2294 1455 illis,
2313 1424 2354 1459 qui

1371 1463 1472 1487 vincias
1484 1459 1544 1495 ipsts
1557 1460 1698 1485 dccet-nunt.
1771 1459 1923 1493 Propon-tere
1935 1458 2117 1485 conditionem
2132 1458 2255 1493 supplicii
2267 1421 2417 1563 311ευίιὲ

2331 141 2410 182 ¹124
2444 188 2445 192 Ἰ

1373 1505 1422 1531 pro
1441 1496 1545 1523 Cluent.
1568 1503 1621 1527 129.
1698 1495 1826 1529 Recipere
1846 1495 1967 1529 iniquam
1988 1494 2170 1521 conditionem
2195 1493 2326 1528 Qiineffl.
2343 1501 2358 1530 5

1372 1533 1433 1559 Liu.
1472 1552 1478 1558 .
1517 1552 1522 1557 .
1561 1531 1672 1565 Aliquot
1686 1531 1856 1564 expeditione
1871 1539 1924 1557 vna
1935 1530 2047 1564 populos
2061 1536 2106 1557 aut
2121 1531 2149 1557 vi
2164 1530 2284 1566 subegit,
2303 1535 2354 1558 aut·
2455 1549 2457 1553 ·

1372 1567 1525 1594 ditionibus
1539 1568 1567 1593 in
1586 1567 1737 1593 societatem
1752 1567 1858 1601 accepit.
1930 1566 2080 1600 Repudiare
2100 1565 2280 1601 aequissimam
2293 1554 2415 1598 canifi&
2451 1558 2455 1562 ”

1371 1613 1433 1630 nem
1448 1604 1503 1630 Cic.
1519 1612 1568 1638 pro
1583 1603 1676 1635 Qtint.
1689 1604 1733 1629 26.
1806 1603 1938 1637 Respucre
1954 1602 2137 1629 conditionem
2151 1602 2268 1637 aliquam
2288 1602 2369 1630 Idem?
2390 1601 2395 1604 ’
2428 1612 2442 1630 o-

1372 1639 1444 1667 Cael.
1462 1648 1500 1672 14.
1574 1639 1605 1664 Et
1620 1639 1690 1665 Fam.
1708 1639 1746 1670 16,
1762 1646 1790 1664 12
1811 1638 1856 1664 Sin
1870 1637 1918 1664 ille
1931 1638 1982 1664 suis
1995 1637 2196 1665 conditionibus
2210 1638 2282 1665 Stare
2294 1637 2339 1667 nol
2362 1666 2367 1669 υ
2414 1648 2437 1675 Ἴμ

1370 1675 1473 1703 bellum
1488 1679 1608 1708 paratum
1622 1674 1667 1701 est.
1704 1673 1772 1700 Acid.
1786 1673 1861 1700 Idem
1874 1675 1928 1700 Att.
1943 1681 1970 1708 7,
1985 1682 2010 1706 15
2023 1681 2067 1709 pr.
2138 1675 2242 1708 Fugere
2259 1683 2275 1701 a
2293 1682 2324 1701 co
2444 1670 2445 1695 ἶ

1371 1711 1468 1742 nibus,
1480 1710 1611 1746 ficpcriori
1623 1713 1778 1736 contrarium
1792 1709 1881 1736 ibidem
1897 1708 1940 1742 effi
1952 1709 2071 1736 diximus.
2127 1710 2229 1736 Venire
2248 1710 2280 1737 ad
2293 1704 2415 1737 condiffia
2429 1720 2437 1735 1

1371 1756 1417 1773 nes
1432 1747 1489 1773 Cic.
1503 1746 1580 1785 Vei-r.
1595 1753 1608 1776 3
1633 1753 1655 1769 c.
1670 1747 1704 1770 62
1729 1745 1836 1780 facere,
1857 1745 1923 1780 quod
1938 1747 2004 1771 alter
2015 1747 2078 1772 vult.
2151 1745 2224 1772 Idem
2235 1746 2290 1773 Att.
2304 1742 2417 1780 §bii-²⁶&
2435 1757 2439 1771 ⁴.

1371 1782 1442 1810 mihi
1454 1789 1562 1808 veniam
1580 1788 1659 1819 quam
1673 1786 1749 1814 peto,
1770 1779 1886 1811 dederit,
1902 1785 1963 1807 vtar
1983 1781 2055 1807 illius
2071 1780 2226 1809 conditione
2239 1792 2246 1809 :
2275 1781 2313 1808 fin
2325 1779 2417 1814 minffss

1372 1817 1523 1852 impetrabo
1541 1815 1644 1850 aliquid
1657 1824 1672 1841 a
1687 1824 1730 1841 me
1744 1815 1810 1849 ipso.
1853 1815 1958 1842 Verbum
1973 1825 2002 1842 ex
2009 1816 2125 1852 formula
2141 1817 2322 1851 diuortiorum,
2339 1823 2369 1844 vt
2382 1812 2385 1814 .
2399 1815 2401 1817 ’
2414 1820 2418 1847 2

1370 1854 1456 1884 detur,
1467 1855 1585 1888 petitum.
1656 1851 1736 1876 Caius
1748 1850 1806 1877 inl.
1819 1859 1832 1876 2
1855 1851 1886 1878 D.
1901 1850 1934 1877 de
1947 1851 2046 1877 diuort.
2061 1857 2087 1878 et
2098 1852 2192 1887 repud.
2212 1855 2242 1880 In
2257 1853 2370 1889 sponsali

1372 1897 1481 1924 quoque
1495 1885 1666 1914 discutiendis
1682 1885 1780 1920 placuit
1796 1886 2023 1913 renuntiationem
2041 1887 2207 1915 interuenire
2221 1895 2365 1923 oportere:
2420 1879 2439 1903 ‘⁸'

1371 1934 1424 1960 qua
1437 1933 1467 1951 re
1481 1923 1545 1950 haec
1560 1922 1644 1950 verba
1659 1921 1772 1956 probata
1784 1923 1859 1954 sunt,
1885 1922 2176 1951 CONDITIONE
2203 1923 2294 1951 TVA
2324 1916 2439 1952 NON*

1371 1961 1464 1987 VTO
1473 1960 1504 1986 R.
1580 1960 1675 1993 Nempe
1870 1954 1892 1993 ff
1912 1966 1931 1991 4
1961 1957 1995 1984 ad
2009 1961 2111 1993 nuptias
2129 1959 2311 1987 contrahendas
2323 1959 2429 1996 spectu»

1370 1999 1417 2023 tim
1430 1995 1475 2023 hoc
1486 2005 1572 2022 nomen
1587 1993 1717 2030 refertur,
1737 1998 1768 2019 vt
1785 2002 1835 2019 non
1854 1999 1952 2018 tantum
1964 1999 2013 2027 pro
2026 1993 2136 2030 legibur,
2155 1994 2244 2031 quibas
2264 2004 2304 2022 eae
2321 2001 2422 2022 contra-

1370 2028 1473 2065 buntlir,
1482 2031 1530 2068 fid
1559 2041 1587 2058 ro
1600 2036 1652 2057 toto
1665 2028 1708 2056 illo
1720 2031 1818 2065 negotio
1825 2027 1932 2063 pofitum
1946 2028 2070 2055 videatur.
2111 2030 2141 2057 V.
2154 2038 2180 2065 g.
2198 2030 2316 2057 Narraui
2329 2030 2406 2057 amic·
2417 2029 2429 2059 'q

1372 2066 1464 2095 multis
1477 2076 1526 2094 con
1537 2067 1616 2094 ilium
1628 2074 1719 2092 meum
1732 2065 1772 2091 De
1787 2064 1942 2091 conditione
1955 2063 2013 2090 hac.
2048 2063 2192 2091 Euclionis.
2201 2064 2285 2091 filiam
2301 2064 2384 2091 Laud
2398 2079 2400 2083 ν
2422 2079 2423 2082 =

1370 2100 1453 2131 Platit.
1470 2103 1531 2130 Aul.
1549 2112 1579 2136 3,
1591 2111 1621 2136 ς,
1638 2110 1658 2129 1.
1730 2100 1851 2128 onriae
1874 2099 2037 2126 conditionis
2056 2100 2193 2126 contentio
2213 2099 2269 2126 Cic.
2288 2099 2320 2126 de
2335 2090 2442 2126 Aut³²³1⁵

1370 2146 1405 2171 34
1423 2140 1444 2165 c.
1460 2146 1498 2165 to.
1539 2139 1597 2165 Vid.
1613 2138 1774 2164 Commentat.
1831 2135 1945 2163 Nullius
1957 2135 2193 2163 conditionis·non
2207 2134 2303 2162 habuit
2313 2141 2369 2170 pot
2417 2134 2419 2138 ⁴
2440 2164 2441 2168 ,

1369 2178 1424 2212 tem
1438 2173 1508 2206 Nep.
1522 2173 1575 2198 Att.
1589 2182 1611 2198 c.
1627 2181 1662 2204 12,
1676 2181 1696 2199 1.
1770 2172 1840 2199 Ter.
1855 2171 1963 2199 Phorm.
1976 2180 2005 2205 4,
2020 2180 2040 2204 1,
2057 2179 2082 2203 13
2109 2171 2185 2199 Hanc
2203 2170 2323 2198 conditio
2347 2183 2366 2195 a·

1370 2215 1413 2233 cui
1428 2207 1516 2234 tulero
1529 2213 1671 2239 extraneo,
1692 2210 1711 2233 i.
1731 2206 1836 2240 offeram
1849 2207 1890 2233 illi
1903 2209 1931 2232 in
1943 2209 2129 2234 matrimonium
2139 2207 2204 2234 banc
2210 2206 2327 2242 puellam.
2417 2204 2424 2236 l

1369 2242 1484 2277 Philipp.
1500 2251 1516 2269 2
1536 2252 1558 2269 c.
1572 2248 1601 2275 38
1621 2242 1719 2269 Filiam
1732 2243 1806 2275 eius,
1822 2243 1944 2270 sororem
1961 2248 2050 2276 tuam,
2071 2242 2182 2276 eiecisti,
2201 2243 2255 2270 alia
2267 2242 2345 2269 cond'
2422 2246 2423 2253 ¹

1369 2279 1500 2319 quaesita,
1519 2285 1547 2305 et
1559 2284 1620 2305 ante
1632 2278 1775 2312 perspecta.
1849 2277 1983 2305 Remansit
2000 2278 2030 2305 in
2049 2277 2201 2311 coelibatu,
2220 2287 2308 2314 neque
2325 2279 2347 2305 s·
2414 2259 2424 2316 i

1368 2320 1421 2341 tari
1435 2314 1489 2341 vlla
1501 2314 1657 2341 conditione
1672 2314 1788 2349 amplius
1800 2314 1889 2348 potuit
1906 2314 2014 2341 Sueton.
2029 2313 2116 2341 Galba
2134 2323 2156 2341 c.
2169 2322 2193 2348 ς.
2262 2314 2325 2342 Circ
2352 2328 2362 2336 ι.
2420 2327 2423 2339 ι

1371 2359 1430 2377 cere
1451 2349 1618 2376 conditiones
1640 2349 1714 2376 Idem
1735 2349 1844 2384 August.
1865 2359 1888 2377 c.
1902 2352 1943 2382 63.
2016 2349 2150 2377 Tractare
2169 2350 2203 2377 de
2221 2349 2340 2378 conditi·v
2358 2356 2370 2374 rt
2421 2341 2423 2348 ¹

1370 2385 1477 2425 Sueton.
1492 2385 1584 2413 Claud.
1605 2394 1627 2411 c.
1640 2387 1683 2411 26.
1756 2385 1815 2411 Sen.
1830 2385 1863 2411 de
1875 2385 1967 2412 Benef.
1981 2394 2002 2418 1,
2013 2394 2031 2419 9
2057 2386 2195 2420 Rusticus,
2212 2384 2376 2414 inurbanus.
2420 2380 2423 2395 ³

1370 2420 1436 2446 mali
1447 2421 1548 2453 moris,
1565 2427 1591 2448 et
1608 2421 1678 2447 inter
1689 2425 1823 2447 matronas
1842 2420 2022 2448 abominanda
2039 2422 2162 2449 conditio
2179 2421 2232 2454 est,
2251 2422 2271 2450 fi
2285 2422 2346 2457 quis
2362 2431 2384 2451 ·’-,

1372 2455 1462 2490 iugem
1479 2455 1508 2481 in
1524 2455 1586 2481 sella
1600 2456 1716 2489 prostare
1734 2455 1828 2482 vetuit.
1899 2456 2002 2483 Arnob.
2015 2466 2035 2490 4
2056 2466 2082 2492 p.
2097 2466 2147 2490 140
2169 2458 2275 2484 onres
2293 2458 2365 2485 enim
2381 2469 2382 2474 ¹
2416 2451 2425 2471 :5

1372 2491 1488 2523 habent,
1507 2495 1533 2517 et
1547 2490 1574 2517 in
1594 2490 1758 2524 coniugialia
1771 2491 1860 2521 federa
1873 2491 2074 2518 conditionibus
2088 2492 2200 2519 veniunt
2215 2498 2276 2520 ante
2289 2502 2370 2529 quae
2421 2498 2424 2502 “

1373 2526 1448 2563 Conf.
1461 2526 1544 2553 Plaut.
1559 2525 1641 2553 Trin.
1656 2534 1675 2555 1,
1687 2535 1711 2558 2,
1724 2534 1765 2552 22.
1802 2526 1934 2559 Qinffil.
1948 2526 2063 2554 Declam.
2077 2535 2123 2561 255
2142 2527 2163 2554 f.
2189 2527 2271 2564 ibique
2282 2530 2370 2556 Burm-

1528 2563 1633 2589 Dicitur
1646 2563 1720 2587 etiam
1733 2561 1762 2588 de
1778 2570 1806 2587 re
1819 2564 1969 2589 meretricia.
2023 2562 2112 2589 Habes
2125 2563 2218 2590 hortos
2233 2562 2267 2589 ad
2278 2563 2380 2590 Tiberi
2391 2567 2394 2573 ·’
2414 2558 2417 2561 “

1372 2607 1402 2625 ac
1416 2598 1560 2633 diligenter
1580 2606 1613 2624 eo
1627 2597 1688 2624 loco
1701 2596 1878 2632 praeparasti,
1896 2605 1951 2631 quo
1969 2598 2056 2623 omnis
2076 2599 2201 2626 iuuentus
2218 2599 2326 2626 natandi
2346 2604 2407 2626 cau
2428 2591 2433 2623 l

1371 2635 1455 2661 venit.
1507 2633 1579 2661 Hinc
1599 2633 1662 2660 licet
1682 2632 1850 2660 conditiones
1869 2632 1992 2668 quotidie
2011 2633 2082 2667 legas
2101 2634 2156 2661 Cic.
2173 2643 2222 2669 pro
2244 2635 2318 2661 Cael.
2338 2644 2360 2662 c.
2379 2643 2391 2662 1
2428 2625 2432 2645 ⁸

1371 2670 1503 2697 Antonius
1523 2670 1624 2705 Caesari
1637 2666 1695 2704 pqsl
1713 2666 1826 2705 Augusto
1846 2667 1948 2695 obiecit
1966 2668 2133 2696 conditiones
2151 2669 2277 2704 quaesitas
2294 2678 2342 2706 per
2377 2692 2382 2694 .
2420 2666 2440 2692 l'

1372 2707 1471 2734 amicos
1486 2706 1592 2732 Sueton.
1607 2703 1716 2739 August.
1737 2713 1759 2730 c.
1773 2706 1817 2737 69.
1873 2703 1920 2730 Ad
1933 2713 2042 2731 coenam
2057 2707 2192 2732 transtulit
2210 2704 2287 2741 iocose
2306 2706 2343 2733 M
2360 2707 2385 2722 '·‘
2447 2699 2464 2725 ’ν

1374 2750 1415 2776 11,
1436 2749 1464 2775 5¹²
1490 2740 1624 2769 Coenabis
1644 2739 1731 2772 belle,
1751 2739 1805 2766 Iuli
1825 2739 1959 2773 Cerealis,
1979 2740 2049 2775 apud
2062 2749 2126 2768 me:
2158 2740 2288 2768 ConditIo
2307 2744 2372 2771 mus,
2392 2736 2409 2765 s·

1371 2778 1390 2805 si
1410 2778 1462 2805 tibi
1481 2777 1570 2810 nulla,
1594 2777 1666 2804 veni.
1722 2777 1805 2802 Etiam
1820 2775 1925 2802 Plautus
1945 2779 1973 2802 in
1993 2777 2043 2803 tali
2060 2779 2211 2804 inuitatione
2227 2777 2347 2811 Capta,
2379 2804 2381 2807 ,
2407 2778 2409 2783 ’

1371 2815 1448 2848 Qtae
1460 2813 1529 2840 mihi
1543 2818 1622 2848 atque
1635 2811 1728 2839 amicis
1741 2811 1838 2846 placeat
1851 2811 1973 2838 conditio
1985 2811 2077 2846 magis.
2260 2811 2282 2851 q
2303 2818 2321 2846 ς
2333 2813 2340 2831 ’“
2354 2818 2369 2838 ³.
2385 2798 2392 2816 ³
2444 2834 2449 2839 .

1370 2850 1503 2877 ditionem
1517 2855 1567 2884 pro
1586 2848 1707 2875 Creatura
1721 2848 1795 2883 saepe
1813 2846 1950 2882 {usurpauit
1968 2847 2088 2875 Tertull.
2101 2846 2135 2874 de
2148 2849 2256 2876 Corona
2268 2847 2340 2876 miti
2362 2871 2389 2881 ,
2414 2835 2441 2870 i

1369 2887 1443 2913 alias.
1487 2886 1516 2912 V.
1536 2894 1561 2921 g.
1593 2884 1646 2911 Dei
1665 2883 1787 2915 conditio
1806 2883 1843 2909 est
1864 2889 1906 2910 tus
1925 2888 1953 2910 ct
1971 2892 2076 2911 merum
2088 2883 2209 2912 Tertull.
2222 2884 2256 2911 de
2267 2877 2371 2913 Hah-'²
2435 2887 2439 2898 ³

1371 2930 1393 2948 c.
1407 2926 1431 2952 8.
1453 2923 1472 2948 i.
1488 2927 1548 2956 opus
1561 2920 1704 2952 conditum,
1719 2919 1745 2956 s
1752 2916 1867 2955 facium.
2300 2936 2303 2937 ⁷
2348 2931 2359 2942 ,-

1411 2957 1757 2986 eonon-mulius,
1777 2962 1801 2980 e.
1838 2954 1900 2981 Adi.
1935 2954 2011 2990 Qud
2030 2962 2060 2981 ex
2075 2955 2216 2984 conditione
2228 2955 2367 2992 pendere·-

1372 2993 1432 3020 Pars
1453 2991 1641 3019 conditionalis
1658 2990 1805 3018 Martianus
1820 2989 1848 3016 in
1867 2990 1884 3016 l.
1898 2999 1982 3025 quum
1994 2989 2080 3017 heres.
2107 2991 2139 3018 D.
2158 2991 2191 3018 dc
2212 2990 2314 3027 acquiri
2328 2990 2363 3019 hv
2420 3002 2425 3021 :

1372 3027 1501 3055 Venditio
1524 3027 1540 3054 l.
1560 3038 1580 3062 4
1594 3034 1640 3064 pr.
1676 3027 1708 3054 D.
1729 3025 1762 3052 de
1783 3026 1812 3052 in
1831 3025 1908 3055 diem
1927 3025 2026 3052 addiet-
2097 3026 2282 3055 Comminatio
2301 3027 2333 3055 ‘l'
2357 3028 2370 3049 .'

1372 3064 1432 3092 adu.
1447 3064 1504 3090 Iud.
1526 3072 1548 3089 c.
1564 3071 1597 3096 13.
1653 3061 1734 3089 Datio
1753 3061 1770 3088 l.
1784 3070 1801 3095 9
1827 3061 1859 3088 D.
1873 3062 1905 3088 de
1918 3061 1999 3088 adim.
2015 3062 2091 3097 legat.
2151 3059 2368 3090 Conditionaleft'
2421 3065 2423 3072 ⁴

1373 3099 1473 3127 ditores
1487 3099 1611 3126 dicuntur
1625 3096 1671 3131 hi,
1695 3097 1802 3132 Qibus
1816 3097 1935 3124 nondum
1948 3098 2076 3132 competit
2088 3097 2177 3131 aelio,
2197 3093 2234 3126 est
2246 3104 2333 3129 autem
2360 3103 2366 3114 ⁶

1373 3136 1488 3171 petitura
1503 3145 1508 3161 :
1539 3135 1583 3161 vel
1603 3134 1650 3170 qui
1669 3134 1740 3169 spem
1759 3132 1871 3164 habent,
1890 3138 1919 3159 vt
1933 3139 2080 3168 competat,
2098 3141 2182 3170 nempe
2188 3133 2215 3170 fi
2226 3134 2356 3163 conditio.

1372 3172 1429 3198 dam
1442 3174 1538 3198 eueniat
1549 3170 1609 3205 le.
1624 3170 1652 3196 in
1666 3169 1682 3196 1,
1694 3178 1727 3203 54
1753 3169 1785 3195 D.
1798 3168 1831 3195 de
1843 3168 1919 3195 verb.
1932 3168 2017 3205 signif.
2147 3197 2149 3199 ,
2343 3193 2347 3196 ,
2358 3186 2362 3190 ‹
2421 3183 2424 3187 ·

1414 3203 1836 3234 coanTioNALi'TER.
1864 3204 1934 3231 Adu.
1975 3205 2006 3231 In
2027 3204 2259 3239 Institutionibut,
2288 3204 2370 3234 titul
2416 3199 2417 3202 ¹

1373 3243 1465 3277 legatis
1490 3240 1611 3279 §.longe
1622 3241 1722 3276 magist,
1739 3239 1788 3267 Sed
1806 3239 1824 3267 fi
1843 3240 2064 3268 conditionaliter
2082 3241 2218 3268 enuntiata
2235 3241 2318 3270 fuerit
2341 3233 2371 3272 -f

1373 3278 1446 3305 aliud
1460 3278 1527 3304 iuris
1539 3277 1590 3311 est,
1610 3284 1656 3304 etc.
1692 3275 1798 3304 Paullus
1815 3275 1844 3302 in
1862 3276 1880 3303 l.
1894 3276 1942 3311 qui
1953 3276 2102 3311 stipulator.
2126 3277 2159 3304 D.
2173 3277 2206 3304 de
2218 3276 2294 3305 verb.
2307 3285 2337 3304 ο-

1374 3314 1443 3341 Add.
1463 3314 1543 3340 Gaius
1561 3313 1579 3339 l.
1595 3320 1625 3348 ¹7
1644 3311 1668 3350 §.
1683 3321 1696 3345 3
1716 3312 1748 3339 de
1760 3311 1868 3339 Condit.
1882 3318 1907 3338 ct
1917 3312 2068 3339 Dcmonstr.
2348 3320 2363 3328 v

1411 3346 1809 3381 COND1T10NABiL18,
1832 3355 1855 3374 e.
1892 3347 1952 3374 Adi.
1990 3347 2187 3376 Tert1=11.adu.
2202 3347 2294 3376 Gnost.
2315 3351 2368 3375 c.1'
2414 3340 2425 3350 '⁹

1409 3391 1660 3416 CONDIVIDO,
1678 3386 1731 3410 ere.
1767 3383 2074 3418 C.Aurcl.Tard.1‚4.
2349 3383 2353 3414 J
2411 3375 2431 3385 Ἀ

1408 3421 1438 3448 Α
1457 3425 1610 3452 (ΣΟΝΒΟ,
1631 3423 1691 3452 ἔκ,
1717 3418 1858 3455 formatum
1875 3419 1976 3446 uidetur
2015 3433 2017 3435 >
2339 3443 2341 3445 .

1370 3455 1380 3468 ·
1413 3461 1655 3487 CONDATOR,
1678 3455 1743 3482 oris.
1779 3463 1815 3481 m.
1851 3452 2067 3488 Condatoribus,
2088 3455 2258 3488 συντιλιςαῐς,
2275 3454 2337 3482 Glo
2352 3454 2368 3479 ἱί
2408 3469 2410 3471 >

1375 3491 1422 3518 Gr.
1465 3491 1512 3519 Sed
1529 3491 1572 3517 Gl.
1585 3491 1632 3517 Gr.
1646 3491 1703 3518 Lat.
1718 3488 1857 3519 συντιλει-ἦς
1867 3490 2056 3517 Tributarius.
2095 3489 2210 3523 ,Wdeeur
2221 3493 2304 3527 itaque
2343 3502 2347 3511 2
2359 3487 2367 3511 ’ί

1374 3533 1418 3554 tor
1431 3529 1504 3553 etiam
1523 3526 1563 3552 illc
1578 3524 1637 3560 effe,
1655 3529 1699 3562 qui
1710 3534 1772 3552 cum
1787 3527 1848 3552 alii.»
1861 3525 1904 3552 dat
1922 3532 1947 3553 et
1958 3525 2063 3552 confert
2073 3524 2203 3553 tributum.
2352 3550 2358 3552 .

1412 3568 1517 3590 COND
1527 3560 1642 3594 ὄΰΕο,
1667 3561 1714 3594 ui,
1736 3560 1828 3594 8111111,
1853 3565 1907 3588 ἕπε.
1943 3558 2136 3596 [πμ-παιδεύω]
2176 3561 2254 3587 Plane
2267 3567 2292 3588 et
2308 3576 2312 3581 ¹
2399 3558 2413 3573 ”

1376 3597 1470 3625 docere.
1513 3598 1586 3625 Hirt.
1600 3595 1665 3624 Bell.
1678 3597 1736 3623 Afr.
1753 3604 1782 3630 19
1807 3597 1883 3631 Equo
1901 3596 2008 3624 frenato
2027 3595 2068 3623 vti
2079 3594 2264 3623 condocuerat.
2282 3594 2285 3601 “
2314 3590 2362 3623 {is
2403 3596 2409 3614 t.

1414 3639 1431 3660 c
1441 3639 1520 3661 own
1530 3639 1549 3660 0
1561 3638 1578 3659 c
1588 3639 1679 3665 Τνς,
1697 3641 1728 3665 a,
1747 3641 1802 3659 um.
1838 3633 1931 3660 Par-fic.
1964 3632 2046 3659 Plaut.
2061 3630 2140 3658 Poen.
2151 3638 2175 3664 3,
2188 3639 2216 3664 2,
2229 3639 2242 3664 3
2267 3631 2343 3665 F...

1377 3675 1407 3697 vt
1420 3668 1550 3696 condoeia
1565 3667 1618 3695 tibi
1633 3667 1682 3695 lint
1693 3667 1765 3695 dicta
1783 3667 1816 3695 ad
1831 3666 1896 3695 hanc
1915 3667 2057 3695 fallaciam.
2092 3671 2127 3692 Μ.
2154 3667 2223 3702 quin
2242 3666 2357 3702 ,εᾶερα
2402 3664 2420 3697 ζ’

1377 3705 1484 3732 doctior
1498 3705 1569 3737 suun,
1590 3712 1669 3739 quam
1687 3703 1807 3738 tragoedi
1824 3709 1870 3730 aut
1884 3703 1990 3730 comici.
2044 3701 2086 3729 Sic
2098 3703 2125 3727 in
2140 3709 2244 3738 utroque
2261 3700 2342 3743 vers·‘
2363 3700 2365 3703 ’

1374 3785 1391 3813 q
1409 3779 1419 3802 i
1426 3776 1558 3812 fabulam,
1570 3783 1641 3811 quam
1655 3773 1824 3810 affut-isunt,
1840 3773 2008 3809 viiafidelitn
2019 3771 2183 3806 edidicerunt,
2198 3771 2290 3810 gestum

1368 3786 1466 3849 seviunt.
1521 3811 1626 3846 Oportet
1642 3813 1705 3836 enim
1724 3807 1856 3843 histriones
1869 3812 1967 3844 peritos
1983 3805 2039 3840 ff,
2059 3814 2083 3833 et
2095 3808 2228 3844 fibulam,
2246 3814 2317 3847 w

1369 3848 1447 3883 sunt,
1459 3845 1538 3881 simu!
1554 3843 1692 3878 edidiciffi,
1710 3851 1840 3880 antequam
1858 3848 1887 3871 in
1895 3842 2198 3879 profi-miumprodeane,
2216 3851 2262 3880 quo
2279 3848 2308 3869 m

1370 3883 1487 3919 respexit.
1505 3886 1509 3892 ¹
1523 3882 1592 3908 Haec
1603 3881 1653 3908 tue.

1412 3920 1750 3950 convocantem,
1781 3917 1797 3942 e

1798 3914 1839 3949 ei,
1868 3912 1974 3947 actum,
2003 3914 2058 3942 ere.
2095 3899 2298 3959 [nidmujy't'
2356 3949 2361 3952 ι
