2474 4182
42 172 107 210 917
408 151 659 193 CIR
1535 155 1778 198 CIR
2121 178 2188 220 9¹3

45 256 122 282 quem
133 244 226 273 Graeci
238 241 351 280 περίοδον,
372 252 420 269 nos
440 248 496 269 tum
515 240 661 271 ambitum,
678 243 737 278 ¹tum
757 237 913 278 circuitum,
931 243 1079 278 tumrom-
1145 236 1298 273 mew‘yw'g'ffl‘
1311 239 1379 274 apud
1388 241 1502 281 Grqt‘coss
1520 251 1542 270 ct
1554 246 1703 281 περιμάζω,
1725 253 1748 274 et
1760 251 1932 284 περιμακτριάι
1946 251 2069 282 dicuntur.
2106 258 2189 286 Plaut.

45 281 253 318 prehensioncm,
275 285 319 305 aut
338 278 580 308 continuationem,
596 281 639 315 aut
661 274 931 313 circumscriptionem
952 274 1079 300 dicimusz
1146 273 1240 308 Amph.
1255 282 1277 305 2,
1287 282 1308 306 ρ,
1319 283 1367 308 144
1387 277 1459 310 Qun
1475 285 1501 305 tu
1517 280 1613 308 isthanc
1627 283 1702 310 iubes
1717 293 1765 318 pro
1778 285 1874 311 cerrita
1892 286 2067 316 Cil'cuniferri,
2114 294 2188 328 Virg-

24 337 25 341 ,
45 327 78 344 an
89 318 118 344 in
130 316 265 351 principiis
280 315 382 347 solum,
401 324 433 341 an
453 315 481 340 in
502 317 640 342 extremm,
658 318 691 335 an
704 316 854 349 in-vtraquc
867 318 939 344 parte
953 318 1080 350 numerus
1146 311 1210 350 Acii.
1225 311 1250 341 6,
1265 318 1315 342 229
1342 312 1412 336 litem
1434 318 1473 338 tcr
1494 315 1577 342 socios
1596 327 1661 351 pura
1681 320 1845 347 circumtulit
1863 321 1940 347 vnda,
2005 327 2010 348 ι
2026 325 2051 349 b,-
2068 327 2173 355 Seruius

23 342 25 361 ζ
45 354 169 380 tenendus
189 351 227 377 lit.
297 351 448 377 Verborum
464 347 605 377 circuitus,
623 344 868 380 conglutinatioque
887 347 944 383 Εἰς.
961 355 989 372 in
1003 347 1077 372 Orat.
1145 345 1327 378 Circumtulit,
1342 347 1475 381 Purgauit.
1512 352 1658 386 Antiquum
1671 355 1784 381 verbum
1799 356 1842 382 cst.
1880 357 1985 384 Plautus
1998 362 2040 391 (2,
2051 369 2086 392 42
2104 350 2191 398 flag}

24 386 26 414 b
46 393 85 423 78.
139 386 290 413 Verborum
310 387 435 413 circuitus
453 383 561 411 breuior
578 387 622 407 aut
643 381 749 421 longior
762 381 835 421 Idem
854 382 886 409 de
898 384 972 408 Orat.
991 390 1014 414 3,
1025 386 1078 421 i89.
1103 384 1117 411 5
1144 382 1193 420 Pro
1207 381 1304 407 laruato
1317 389 1340 407 tc
1353 384 1536 418 circumferam.
1553 389 1598 413 i.c.
1612 389 1739 424 Purgabo.
1762 385 2192 426 Namlustratioacircumlaiiorie

47 426 78 451 Et
90 431 114 456 3,
126 424 176 455 296
199 432 221 448 c.
235 431 258 455 5¹
280 424 371 457 Itaque
392 421 432 448 illi
447 425 560 446 veteres,
581 416 644 443 sicut
658 416 740 443 hodic
754 423 834 444 etiam
848 418 989 443 nonnullos
1004 417 1079 442 Vide·
1146 415 1216 442 dicia
1227 416 1280 456 ⁵est,
1297 417 1339 442 vel
1353 418 1460 451 taedae,
1479 420 1519 445 vel
1536 421 1660 450 victimae
1673 426 1701 451 in
1715 427 1892 460 quibusdam,
1917 429 1958 455 vel
1976 429 2094 457 sulfuris.
2150 435 2193 459 lu.

26 458 27 463 ,
45 468 118 491 mm,
139 467 222 493 quum
240 458 394 489 circuitum,
414 461 438 482 et
453 452 521 488 quali
533 451 626 478 orbem
648 453 790 479 verborum
805 453 934 480 conticere
949 462 1003 493 non
1023 452 1079 491 pos·
1145 452 1254 492 vena-lis.
1276 455 1451 494 (Sau2,158)
1480 456 1613 490 Cuperem
1627 459 1750 494 lustrari,
1772 463 1788 488 si
1803 473 1854 498 qua
1869 465 1995 491 darentur
2014 465 2119 492 Sulfura
2134 477 2194 495 cum

45 495 113 525 sent,
135 502 179 520 etc.
239 495 312 520 curt,
327 502 354 526 4,
369 495 406 523 16,
419 498 435 525 7
454 488 501 515 Sed
514 488 615 515 maiore
629 494 654 515 et
667 488 702 515 ob
717 489 744 515 id
758 491 858 515 tutiore
873 489 1014 515 circumitu
1028 487 1079 513 Ti·
1147 487 1246 520 taedis,
1266 495 1310 514 aut
1325 492 1342 514 il
1357 489 1427 516 foret
1442 490 1550 517 humida
1566 492 1662 521 laurus.
1700 498 1766 523 Haec
1780 499 1895 526 Seruius.
1943 501 2016 528 Non.
2031 510 2065 535 4,
2080 510 2113 528 20
2135 504 2195 529 Cir-

43 530 104 566 grin
123 531 233 564 superat.
261 532 279 555 i.
293 526 427 564 anfraHu,
442 523 592 564 ambagibur.
631 560 635 565 .
666 525 802 551 Naturalis
820 525 932 564 circuitu
952 525 1079 550 summam
1147 524 1280 549 cumferre
1297 524 1333 566 est
1355 526 1463 560 proprie
1484 527 1602 553 lustrare.
1675 531 1759 558 Lucil.
1779 535 1855 560 Tum
1881 536 1951 562 sarto
1964 537 2055 563 omnia
2072 538 2129 564 sum
2144 539 2195 565 cir.

43 575 103 592 cum
118 566 224 597 fatalem
237 564 287 592 tibi
304 561 461 600 confecerint
480 559 586 586 humeri
606 560 659 586 Cic.
675 560 706 587 de
719 562 807 587 Somn.
820 561 886 594 Scip.
899 568 920 600 ᾖ.
987 560 1080 599 ,Ρειεϊ-
1099 571 1127 589 ιο
1147 559 1269 599 cumlata.
1306 561 1347 586 Sic
1362 561 1479 602 thhofr.
1523 563 1571 589 Sed
1582 564 1690 591 Merccr.
1709 568 1784 594 Tum
1799 570 1870 597 facio
1887 572 1979 598 onmia
1993 573 2051 599 sunt
2070 574 2110 609 (f.
2121 574 2195 605 sum)

43 610 103 628 mre
118 601 224 629 omnem
237 599 374 626 circuitum
387 596 480 630 Virgil.
495 597 560 622 Aen.
576 605 609 629 ii,
622 599 684 631 767.
743 598 832 623 Petere
845 597 957 631 gloriam
970 603 1080 621 circuni·
1148 595 1326 621 circumlatus.
1371 597 1428 623 l'iil.
1439 603 1674 627 CilszMLATVs
1684 602 1749 628 Plin.
1758 612 1799 635 29,
1808 614 1833 638 4,
1991 607 2011 645 q
2034 617 2046 641 3
2069 611 2197 636 formulae

44 637 85 664 itu
101 638 174 664 cun·
189 645 215 670 9,
229 645 249 668 3,
264 644 301 668 14-
369 632 512 659 Peruenire
526 632 639 658 circuitu
656 632 688 658 ad
702 632 803 667 aliquid
818 631 946 666 Qiinet'il.
962 638 984 664 5,
997 638 1024 665 7,
1041 632 1079 656 16.
1146 633 1210 657 aliae
1225 641 1232 655 .·
1264 630 1330 656 Plin.
1345 631 1423 666 Epist.
1439 641 1461 664 3,
1477 641 1498 659 ιι
1527 633 1591 660 Inde
1607 636 1685 661 etiam
1702 647 1789 664 meum
1808 642 1949 675 meritum,
1966 651 1995 670 vt
2008 653 2087 677 vera,
2104 645 2141 672 ita
2154 647 2196 672 su.

43 674 77 700 ln
92 676 184 708 primis
204 671 333 699 Circuitus
346 667 418 704 fizrpe
432 669 490 694 Peri
508 668 595 694 hei-ian
607 667 754 704 fignificat,
768 669 813 704 fiu
832 668 1082 703 circumscriptionem
1147 675 1194 702 pra
1215 666 1341 706 meritum
1368 667 1565 695 Praedicatione
1585 671 1747 699 circumfert.
1822 676 1893 703 Idem
1908 679 1985 712 Epist.
2000 689 2029 712 3,
2051 683 2079 707 16
2105 683 2198 715 Quum

36 707 63 743 fi
81 717 146 734 urar.
202 705 329 740 Qiiutffll.
344 713 362 735 i,
377 712 416 735 10,
429 712 465 737 40
485 674 556 730 §lam
572 704 717 738 plurimum
730 706 828 736 refert,
849 704 923 730 cuius
939 702 967 728 sit
980 702 1082 728 formae
1147 702 1258 729 interim
1271 701 1338 728 illud
1354 703 1461 737 quidem
1481 705 1571 739 ingens
1587 707 1682 739 Fama,
1701 708 1763 735 haec
1777 711 1850 737 nulla
1863 714 2025 741 circumfert.
2099 718 2155 743 Cic.
2166 718 2199 744 de

21 738 22 741 ’
44 717 90 770 illle
103 743 240 770 circuitus:
257 739 456 774 reprehensique
470 740 643 766 aGeometris
658 741 716 766 sunt
730 739 849 766 historici
860 759 867 770 ‚
892 739 937 771 qui
953 738 1083 772 magnitu-
1104 747 1128 773 ις
1149 739 1223 766 Orat.
1238 747 1260 771 3,
1273 740 1309 773 76
1328 740 1395 778 ⁶246
1415 739 1609 778 Incolumitatis
1623 751 1652 768 ac
1666 744 1755 770 salutis
1769 747 1889 773 omnium
1903 751 1977 775 causa
1994 750 2114 778 videmus
2128 753 2200 780 hune

22 769 25 780 '
44 779 119 805 dines
133 778 273 805 insularum
285 775 344 801 satis
358 775 498 809 tigniticari
517 776 693 810 nauigationis
711 775 813 802 ambitu
827 774 1005 801 crediderunt.
1039 788 1084 793 ——-
1150 774 1243 801 statum
1258 775 1306 801 else
1320 773 1397 800 huius
1411 780 1494 815 totius
1509 778 1601 803 mundi
1622 785 1700 813 atque
1721 786 1846 814 naturae,
1867 786 2029 819 rotundum,
2045 794 2073 813 vt
2086 789 2187 815 caelum

45 814 136 849 Iugeri
169 828 213 833 —-
248 810 295 845 qui
317 810 347 837 sit
366 811 506 842 circuitus,
526 818 552 838 et
571 819 697 846 quantum
717 811 803 845 campi
819 809 937 841 claudat,
958 810 1085 843 colligere
1150 816 1273 845 terraque
1293 816 1322 837 vt
1347 809 1435 837 media
1450 812 1495 843 lit,
1514 820 1597 845 eaque
1612 814 1656 839 sua
1674 816 1702 841 vi
1723 823 1842 852 nutuque
1857 824 1996 847 teneatur:
2017 822 2076 854 Sol,
2102 831 2129 850 vt
2149 809 2201 851 ciri

44 849 204 885 expeditum.
239 846 457 874 circumductum
472 849 545 873 etiam
560 854 647 880 uocat,
659 854 682 872 ct
696 847 806 873 Lineam
821 846 1081 872 circumcurrentem.
1150 847 1329 886 cumferatur,
1349 852 1378 872 vt
1395 846 1501 873 accedat
1519 847 1553 873 ad
1568 847 1689 876 brumale
1704 851 1819 885 Quum,
1840 859 1865 879 et
1880 855 1940 880 inde
1957 857 2047 883 sensim
2061 859 2201 887 adscendat

80 891 99 912 c
110 892 146 912 ,R
156 890 172 911 C
184 890 204 909 v
213 889 238 909 M
249 889 288 909 1'1*
299 890 336 910 10
347 903 355 915 ³
375 884 415 909 vel
435 890 467 909 (31
480 889 497 909 R
506 890 522 910 C
532 890 551 909 v
561 891 569 909 1
580 891 600 909 T
610 891 619 909 1
630 889 648 908 ω
658 903 666 914 ‚
688 883 754 908 (mis.
791 882 810 909 f.
844 882 1006 917 [περιτροπὴ]
1028 881 1084 907 Cir·
1149 890 1177 908 in
1192 882 1323 908 diuersam
1336 887 1453 917 partem,
1473 889 1518 909 etc.
1591 884 1667 910 Curt.
1683 893 1705 917 5,
1721 894 1757 919 iz,
1766 897 1781 914 z
1803 889 1860 915 Nec
1874 891 1967 917 mirari
1980 891 2116 920 hominem
2131 905 2201 923 mer-

43 919 166 948 cumeundi
182 920 221 945 vel
238 916 310 944 astus
331 920 370 945 vel
388 928 481 944 munus.
531 918 590 945 Liu.
604 928 624 950 3,
637 920 653 944 6
678 917 812 944 Circuitio
827 926 856 956 ac
872 925 934 942 cura
948 916 1085 956 Aedilium
1103 928 1134 946 20
1151 917 1213 944 cede
1226 918 1390 944 vcondiie¹iu1n
1404 919 1496 945 omnia
1512 918 1608 945 habere
1623 921 1758 953 vaenalia,
1780 923 1831 949 line
1846 925 1970 960 pignore,
1990 927 2042 954 line
2058 930 2127 963 lare,
2148 938 2202 958 ter-

43 955 125 992 plebis
137 960 207 988 erat,
225 953 258 980 ad
272 962 316 981 eos
331 955 430 980 summa
444 963 534 981 rerum
547 963 575 980 ac
589 953 706 980 maiestas
719 953 870 980 Consularis
883 953 992 992 imperii
1006 961 1084 978 vene·
1149 962 1239 980 rarum
1253 953 1326 980 orbis
1339 953 1458 985 exulem,
1478 955 1624 989 ancipitem
1639 955 1756 989 hostem,
1775 959 1806 984 ad
1825 967 1917 987 nutum
1933 962 2069 990 licentium
2089 967 2201 994 circum-

31 989 90 1019 rat.
144 990 354 1017 *circumitione
376 990 493 1016 fluminis
517 990 641 1016 vallatum
668 990 862 1015 munimentum
885 989 1018 1014 Ammian.
1041 996 1082 1021 24.
1150 989 1226 1015 ferri.
1302 990 1408 1016 Colum.
1424 995 1445 1021 8,
1461 992 1499 1023 16,
1513 999 1525 1023 3
1552 992 1582 1017 Et
1596 991 1649 1018 iam
1662 1001 1722 1019 cum
1738 1001 1854 1021 auorum
1866 999 1997 1024 memoria
2011 1000 2202 1031 circumfertur

42 1026 193 1062 Apenninus
201 1026 329 1061 pertingit
340 1025 545 1052 circuitionibus
554 1031 643 1052 contra
655 1025 753 1051 fretum
769 1024 873 1050 Vitruu.
888 1032 914 1055 2,
930 1032 966 1050 10.
1013 1023 1083 1049 Ter.
1153 1024 1269 1059 Philippi
1289 1025 1390 1051 facium
1412 1032 1492 1060 atque
1505 1026 1616 1053 dicium.

41 1062 121 1089 Andr.
136 1072 154 1095 i,
166 1071 192 1094 2,
208 1071 232 1094 31
252 1063 290 1088 lta
305 1068 394 1097 aperte
412 1063 494 1096 ipsam
508 1070 565 1088 rein
583 1061 664 1087 modo
683 1060 824 1096 loquutus,
839 1058 908 1085 nihil
922 1059 1082 1086 circuitione
1184 1067 1201 1087 c
1213 1068 1220 1086 1
1232 1068 1275 1087 Rc
1287 1068 1305 1087 V
1315 1068 1339 1087 M
1349 1068 1364 1087 F
1376 1068 1391 1087 E
1401 1068 1418 1087 R
1428 1069 1443 1088 E
1455 1069 1475 1088 Ν
1485 1070 1514 1095 ς,
1536 1063 1612 1090 entis.
1650 1063 1711 1090 Liu.
1726 1073 1756 1098 2,
1770 1073 1799 1091 ιο
1825 1066 2024 1094 Circumferens
2042 1070 2104 1097 inde
2117 1078 2204 1100 truces

28 1121 29 1125 ,
41 1099 100 1125 vsus
112 1106 147 1124 es.
172 1102 190 1124 ι’.
203 1098 353 1135 ambagibus.
391 1099 495 1124 Guietus
509 1097 656 1123 Circitione
670 1098 719 1132 legi
732 1097 802 1128 vult,
821 1102 844 1121 et
856 1096 967 1135 CirccO,
984 1094 1083 1134 verbum
1099 1099 1128 1125 25
1151 1096 1292 1122 minaciter
1305 1097 1397 1123 oculos
1412 1097 1444 1123 ad
1457 1106 1588 1132 proceres.
1625 1099 1714 1134 Spolia
1728 1101 1916 1128 circumferens
1931 1103 2005 1129 Curt.
2021 1113 2065 1137 io,
2078 1115 2110 1139 2,
2124 1116 2166 1142 27.

32 1137 125 1170 Imm»
144 1132 253 1168 wls—‘est‘
267 1133 373 1164 Cisffli,
391 1133 519 1163 Cissim&
539 1132 668 1164 CirCffiQ
687 1132 805 1164 Cifciffl,
826 1131 959 1162 Circstol‘,
978 1137 1001 1155 et
1022 1130 1080 1156 ΕΠ·
1185 1139 1202 1159 C
1211 1140 1219 1158 1
1229 1139 1248 1158 R
1257 1139 1273 1159 C
1283 1139 1302 1159 V
1313 1140 1337 1159 M
1350 1139 1365 1159 F
1375 1140 1391 1159 E
1400 1140 1418 1159 R
1429 1140 1445 1159 E
1454 1141 1475 1159 Ν
1484 1141 1523 1161 TI
1533 1142 1572 1167 A,
1593 1144 1632 1162 ae.
1669 1136 1690 1162 f.
1729 1138 1806 1163 Linea
1818 1140 1924 1170 circuli,
1937 1141 2142 1174 conq22⁴ehevzcie›2s
2154 1146 2203 1169 cir-

40 1170 133 1196 citura.
189 1169 236 1197 scd
253 1169 352 1196 aliunde
367 1167 414 1201 {sia
432 1178 478 1195 non
496 1168 598 1203 probat,
619 1178 690 1204 quam
708 1178 736 1194 cx
752 1166 899 1202 Gloffizriis,
919 1175 1019 1205 quorum
1033 1175 1082 1191 mm
1148 1169 1236 1194 culum.
1294 1168 1376 1194 Linea
1390 1178 1474 1203 vsque
1488 1169 1519 1195 ad
1534 1171 1763 1199 circumferentias
1775 1173 1854 1200 ducta
1868 1175 1948 1201 Mart.
1957 1175 2056 1209 Capell.
2069 1181 2081 1206 8
2104 1186 2128 1210 p.
2142 1181 2205 1212 276.

30 1183 103 1243 isam«
116 1204 245 1241 eum-fide,-
260 1203 302 1238 ist.
373 1204 448 1230 Auel.
464 1204 495 1230 ad
506 1205 622 1231 Herenn.
636 1213 664 1236 4,
677 1213 708 1237 43
727 1203 862 1233 ,Circuitio
875 1202 910 1228 est
922 1208 1010 1228 oratio
1024 1210 1082 1241 rem
1150 1203 1282 1230 Scdilium
1296 1205 1513 1232 circumferentia
1526 1207 1603 1241 Apul.
1615 1207 1716 1235 Florid.
1729 1217 1748 1242 4
1762 1216 1807 1244 pr.
1822 1208 1849 1246 J:
1867 1219 1892 1244 p.
1906 1218 1963 1243 359,
1976 1220 1995 1244 4
2015 1212 2076 1238 Elm.
2096 1213 2206 1240 rotunda

40 1241 186 1276 [implicem
203 1242 308 1267 assumta
321 1239 537 1267 circumscribens
556 1240 738 1275 eloquutione.
813 1238 887 1272 Qiid
901 1246 967 1271 opus
983 1237 1018 1264 est
1032 1246 1083 1263 Clr-
1149 1239 1303 1276 amplitudo,
1317 1240 1421 1277 formae
1433 1242 1671 1277 Amphitheatralis.

39 1277 160 1304 cuitione
180 1283 206 1303 ct
225 1275 343 1303 anfractu
364 1276 420 1302 Cic.
439 1275 471 1301 de
487 1276 578 1302 Diuin.
593 1284 609 1302 2
628 1286 649 1302 c.
663 1278 701 1302 61.
772 1275 845 1301 Idem
858 1274 890 1300 de
903 1274 966 1301 Diu.
980 1282 996 1300 2
1017 1282 1038 1299 c.
1054 1280 1082 1307 17
1102 1287 1134 1312 30
1186 1283 1203 1303 c
1213 1283 1222 1301 1
1233 1283 1275 1303 Rc
1286 1283 1306 1302 v
1317 1284 1340 1303 M
1351 1284 1428 1303 LAT
1439 1284 1472 1304 ic
1482 1285 1491 1304 1
1503 1284 1521 1303 v
1532 1285 1562 1311 s,
1579 1288 1610 1311 a,
1633 1289 1686 1306 um.
1725 1280 1799 1316 ρ(ζιιοαῖ
1813 1281 1978 1318 circumferri
1986 1280 2084 1318 potest,
2101 1290 2145 1310 aut
2157 1286 2208 1311 cir.

40 1313 70 1340 de
82 1314 206 1349 Epicuro,
226 1313 277 1339 Hic
293 1312 478 1338 circumitione
492 1312 603 1345 quadam
616 1312 685 1338 Deos
701 1311 804 1338 tollens.
1149 1312 1300 1348 cumfertur.
1337 1312 1427 1339 Sidon.
1443 1313 1522 1349 Epist.
1537 1322 1563 1347 2,
1576 1323 1592 1341 2
1611 1315 1752 1349 Qiendam
1767 1317 1862 1344 viuum
1877 1324 1902 1344 et
1915 1318 2137 1346 circumlaticium
2152 1329 2208 1347 car-

78 1355 96 1376 c
109 1356 116 1375 i
127 1356 146 1375 r<
155 1355 172 1376 e
181 1356 202 1375 v
212 1346 224 1375 ἰ
235 1354 256 1375 Τ
267 1354 312 1374 oR
321 1368 329 1379 ,
343 1347 368 1384 s.
383 1354 400 1374 c
411 1355 418 1373 i
428 1354 444 1373 R
454 1354 470 1374 c
480 1355 499 1373 v
509 1355 533 1373 M
545 1355 553 1374 1
563 1354 584 1373 ‘r
594 1355 612 1375 o
622 1355 640 1374 R
649 1368 657 1380 ‚
669 1348 693 1384 s
714 1353 731 1374 c
747 1355 754 1373 ι
765 1354 783 1373 R
794 1352 811 1372 c
825 1353 834 1372 1
845 1352 866 1372 T
875 1352 893 1371 o
904 1352 939 1378 R,
956 1343 1083 1371 interdum
1151 1356 1237 1374 cerem
1254 1348 1421 1383 corpulentia
1435 1349 1508 1376 facit.

41 1387 115 1412 etiam
140 1391 158 1412 C
168 1391 176 1411 1
187 1390 205 1411 R
217 1389 234 1410 C
244 1389 295 1410 ΛΤ
305 1390 323 1410 0
334 1390 367 1416 R,
394 1384 457 1409 5¹5⁵·
494 1392 530 1409 ¹¹¹-
568 1384 720 1419 [ri-spineam,
744 1384 802 1408 Vet.
819 1381 916 1415 Gloflt]
944 1384 1083 1417 gt'sst'raflm
1187 1391 1205 1411 c
1215 1392 1224 1410 1
1234 1391 1277 1411 Rc
1289 1391 1308 1409 v
1322 1391 1346 1410 M
1355 1391 1431 1411 LAT
1441 1392 1449 1411 1
1460 1392 1495 1418 o,
1520 1385 1590 1412 onis.
1622 1386 1641 1413 f.
1685 1388 1730 1421 Vt,
1750 1389 1834 1416 Areae
1850 1389 2019 1417 circumlatio
2034 1390 2103 1425 apud
2115 1391 2209 1419 Hieri-

41 1427 113 1447 notat
130 1429 183 1452 eos,
208 1422 252 1455 qui
268 1428 408 1455 quartamque
427 1418 455 1445 de
473 1419 546 1454 causti
565 1422 722 1445 circmneunt;
768 1419 798 1444 In
812 1417 895 1453 specie
905 1416 945 1450 fic
964 1416 1083 1442 dicuntur
1150 1419 1274 1446 chuntem
1289 1420 1482 1447 Tert1111,ad11‚
1498 1422 1581 1447 Marc,
1594 1430 1622 1454 4²
1643 1430 1678 1448 η,

40 1456 144 1486 humiles
179 1456 259 1482 uidam
270 1461 434 1486 mercatores,
459 1454 601 1490 [noim-Mt]
639 1454 743 1488 leian.
763 1453 781 1479 l.
795 1461 807 1485 5
833 1452 859 1478 ff.
880 1453 912 1479 de
934 1452 1017 1492 instit.
1031 1451 1081 1478 aft-
1101 1456 1129 1482 33
1186 1462 1202 1482 C
1212 1463 1221 1481 1
1231 1462 1250 1481 R
1261 1461 1277 1481 c
1290 1461 1345 1481 VM
1355 1462 1372 1481 1.
1383 1457 1464 1483 Α’ΤΟ
1474 1464 1493 1483 R
1504 1477 1512 1489 ,
1540 1457 1605 1484 oris.
1642 1467 1678 1484 m.
1717 1458 1837 1486 Tertull.
1851 1460 1952 1487 aduers.
1967 1463 2050 1488 Marc.
2071 1470 2098 1495 1,
2117 1471 2146 1496 19
2172 1463 2213 1489 Vt.

61 1500 99 1525 ‚4
118 1465 260 1518 Sedqetiam
280 1499 325 1516 eos
339 1490 474 1517 Institores
493 1490 615 1516 dicendos
635 1490 749 1524 placuit,
767 1489 864 1524 quibus
883 1488 1017 1519 vestiarii,
1039 1487 1082 1514 vel
1149 1490 1302 1523 ostendam,
1317 1490 1453 1518 Christum
1472 1493 1559 1520 Iesum
1579 1502 1634 1520 non
1653 1494 1762 1520 alterius
1784 1495 1835 1521 Dei
1855 1496 2080 1524 circumlatorem.
2137 1498 2208 1525 Adii.

42 1490 160 1554 finienti
174 1527 235 1554 dant
251 1526 347 1553 vestem
361 1525 613 1558 circmnferendam,
631 1526 673 1552 vel
688 1524 898 1554 distrahendam,
917 1533 982 1558 quas
1000 1523 1082 1558 vulgo
1149 1525 1216 1553 ibid,
1238 1535 1293 1561 cap.
1309 1534 1347 1553 21,

39 1563 186 1590 Circitorcs
223 1564 272 1595 (al.
295 1562 475 1593 Circuitores)
493 1561 660 1596 appellamus.
696 1562 806 1589 Sumitur
819 1564 900 1597 igitur
912 1561 990 1586 codem
1003 1560 1083 1592 moda,
1186 1568 1202 1588 c
1212 1570 1222 1589 1
1231 1569 1250 1589 R
1259 1568 1275 1588 C
1286 1570 1307 1589 v
1316 1569 1366 1589 ML
1375 1562 1398 1589 Ᾱ
1407 1569 1428 1588 T
1437 1570 1458 1590 V
1467 1571 1490 1590 s.
1525 1564 1620 1591 partic.
1657 1564 1860 1600 [περικῃμῶεῐς]
1897 1566 1964 1593 Plin,
1976 1576 2016 1600 29²
2031 1576 2049 1601 4
2070 1569 2131 1595 1125
2147 1569 2211 1597 Ter

2 1617 3 1621 ,
35 1605 68 1624 vt
80 1598 148 1633 apud
158 1598 262 1625 Ebraeos
280 1607 331 1627 *ano
351 1597 416 1633 quod
425 1604 448 1623 ct
463 1597 578 1623 circuire
584 1595 733 1633 fignificat,
748 1604 772 1623 et
785 1603 950 1623 mercaturam
962 1604 1081 1622 exercere.
1150 1598 1181 1625 fit
1197 1598 1367 1625 circumlatus
1387 1597 1482 1625 domui
1500 1600 1595 1633 viuus,
1616 1601 1772 1634 vespertilio
1790 1603 1938 1629 amuletum
1959 1603 2004 1630 est.
2045 1604 2115 1630 Adel.
2135 1605 2153 1630 s.
2169 1613 2209 1637 32.

0 1656 3 1667 =,
39 1638 125 1673 Neque
139 1638 285 1663 Graecorum
299 1638 398 1672 ἔμπορος
416 1636 488 1662 aliud
500 1635 640 1672 fignificat.
688 1637 741 1662 Hoc
760 1638 856 1662 nomine
875 1639 958 1670 itaque
977 1641 1085 1669 compre·
1093 1645 1130 1671 40
1150 1634 1313 1662 Circumlata
1326 1640 1352 1661 et
1365 1634 1479 1661 deducta
1491 1636 1596 1667 oratio,
1619 1639 1636 1662 i.
1646 1636 1788 1671 periodica.
1845 1638 1955 1673 Qiin&
1971 1648 1999 1672 4,
2015 1648 2034 1671 1,
2048 1641 2091 1666 60.
2136 1641 2155 1666 F
2158 1641 2209 1668 lor.

0 1672 1 1702 J
54 1672 111 1698 endi
123 1671 239 1708 poſjimt,
259 1675 394 1708 quicunque
406 1675 600 1708 negotiationis,
619 1679 664 1698 aut
677 1678 762 1707 operae
776 1672 879 1698 humilis
892 1672 983 1706 causti,
1003 1672 1084 1706 regio·
1149 1680 1179 1704 4,
1197 1680 1217 1703 1,
1235 1679 1253 1703 4
1279 1670 1476 1697 Circumlatum
1498 1672 1595 1706 pateris
1610 1672 1764 1707 sanguinem
1784 1672 1870 1700 bibunt
1884 1678 2018 1702 coniurati.
2091 1676 2171 1703 Mart.
2184 1685 2210 1711 3,

0 1724 2 1728 ν
46 1717 94 1740 ies,
113 1708 201 1740 vrbes,
219 1709 313 1741 villas,
334 1708 432 1740 domor,
452 1707 547 1733 obeunt.
723 1707 743 1744 ‘ff
765 1716 780 1733 a
819 1708 999 1733 Honoratiores
1008 1710 1082 1741 fluit,
1151 1714 1181 1741 17
1201 1706 1366 1733 Circumlata
1380 1707 1427 1733 diu
1441 1707 1535 1734 meniis
1549 1707 1667 1735 scriblita
1686 1708 1813 1735 secundis,

53 1746 79 1770 ui
97 1746 124 1770 in
136 1743 218 1780 gradu
231 1743 334 1780 quodam
349 1745 454 1770 militiae
468 1741 600 1776 coifiituti
608 1763 616 1775 ,
636 1744 741 1779 vigilias
755 1743 935 1774 circumeunt,
956 1741 1009 1767 vid.
1028 1747 1047 1766 V
1059 1748 1083 1767 1-
1186 1749 1202 1769 C
1212 1750 1220 1768 1
1230 1749 1273 1769 RC
1284 1750 1304 1769 V
1314 1750 1339 1768 M
1348 1749 1364 1769 F
1374 1751 1383 1769 1
1393 1749 1413 1769 G
1423 1750 1453 1776 Ο,
1462 1746 1516 1770 ere.
1554 1745 1604 1778 [πε.
1613 1743 1715 1775 critiae-w,
1730 1745 1809 1771 Gioff.
1820 1746 1877 1773 Lat.
1886 1747 1949 1781 Gr.]
1986 1746 2084 1773 Cuneis
2099 1747 2209 1782 salignis

69 1786 102 1806 ιι.
111 1787 121 1806 ι
130 1787 151 1806 Λ
160 1786 173 1806 s
193 1779 345 1807 circumire.
398 1780 436 1805 De
449 1778 491 1804 his
507 1779 631 1812 Vegetius
646 1787 674 1810 3,
688 1783 702 1808 8
725 1777 837 1804 Idoncos
852 1784 878 1803 et
889 1776 1082 1812 probatiffimos
1148 1777 1298 1812 circumfigi
1313 1785 1419 1812 oportet
1433 1779 1499 1805 hanc
1513 1780 1579 1806 Cato
1593 1781 1624 1806 R.
1639 1781 1671 1806 R.
1687 1789 1709 1807 c.
1719 1789 1759 1807 20.
1796 1781 1857 1808 Duo
1871 1782 1973 1808 scelesti
1985 1782 2210 1817 circumfiguntur.-

69 1814 161 1842 ribuni
172 1815 289 1849 eligunt,
310 1815 357 1850 qui
370 1814 477 1848 vigilias
490 1814 663 1844 circumeant,
684 1818 712 1839 vt
724 1813 892 1846 renuntient,
912 1812 931 1839 si
944 1812 1082 1839 emerserit
1095 1819 1129 1845 45
1149 1813 1257 1841 Christo
1270 1814 1390 1840 Tertull.
1403 1814 1464 1841 adu.
1476 1816 1559 1841 Marc.
1570 1824 1598 1848 4,
1612 1824 1655 1848 42.

53 1851 129 1885 ulpa,
165 1859 231 1885 quos
268 1851 422 1877 circuitores
454 1849 594 1883 appellant.
667 1849 746 1875 Nunc
780 1849 895 1875 militiae
927 1848 1013 1877 faetus
1045 1848 1081 1874 est
1188 1855 1205 1875 C
1218 1857 1227 1875 1
1236 1856 1280 1876 Rc
1293 1856 1312 1874 V
1323 1857 1349 1876 M
1359 1857 1375 1876 F
1385 1857 1394 1876 1
1403 1858 1424 1876 N
1434 1857 1455 1877 G
1464 1858 1483 1877 o
1492 1870 1501 1883 ,
1528 1853 1582 1877 ere.
1632 1851 1690 1885 Qi
1715 1850 1769 1878 illis
1796 1853 1971 1887 peccatricem
1996 1853 2210 1882 circumfinxerit

55 1886 148 1919 radus,
169 1892 195 1912 et
213 1885 347 1912 circitores
367 1891 503 1911 vocantur.
547 1885 617 1910 Vnus
630 1884 688 1911 Cod.
707 1885 780 1911 habet
800 1891 818 1911 C
830 1893 839 1911 1
850 1892 869 1911 R
881 1891 898 1912 c
910 1891 933 1911 A
944 1890 966 1910 T
977 1890 1080 1911 ORES.
1150 1893 1257 1911 carnem
1273 1885 1394 1912 Tertull.
1412 1885 1444 1911 de
1459 1886 1556 1912 Anima
1576 1896 1597 1914 c.
1612 1894 1650 1918 23.

65 1931 76 1948 e
87 1922 128 1948 hir
141 1921 317 1948 circitoribus
335 1924 421 1956 agitur
435 1920 453 1946 l.
468 1929 485 1946 2
509 1921 539 1947 C.
555 1919 664 1946 Theod.
683 1919 715 1946 dc
736 1920 800 1946 filiis
814 1920 923 1947 militar.
937 1920 1081 1954 apparitor.
1186 1927 1203 1947 c
1213 1928 1221 1947 ι
1232 1927 1251 1946 R
1260 1927 1277 1947 c
1287 1928 1308 1947 V
1318 1928 1344 1947 M
1353 1928 1370 1947 F
1380 1928 1389 1947 1
1398 1929 1419 1948 N
1428 1929 1438 1948 ι
1447 1928 1465 1948 0
1473 1941 1482 1955 ,
1503 1925 1550 1949 ire.
1588 1921 1736 1950 December
1750 1922 1908 1950 sollemnem
1929 1925 2142 1953 circumi-iniebat
2163 1935 2209 1953 an-

65 1957 118 1984 uod
130 1956 147 1983 fi
162 1957 221 1991 quis
234 1956 299 1983 duos
313 1965 395 1991 equos
409 1955 515 1988 habeat,
529 1956 571 1982 vel
586 1964 668 1982 vnum
682 1956 817 1986 idoneum,
830 1963 856 1981 et
869 1957 975 1982 seruum
988 1964 1081 1987 vnum,
1151 1965 1214 1982 num
1233 1956 1316 1983 Solin.
1338 1966 1359 1983 c.
1374 1965 1396 1988 3.

44 2001 96 2019 ·uin
116 1999 133 2019 c
142 2000 150 2018 1
159 1999 177 2018 R
187 1997 204 2019 c
216 1999 226 2018 i
237 1999 258 2019 'r
267 1999 285 2018 ο
293 1999 313 2018 R
322 1999 332 2018 1
343 1999 363 2018 Λ
383 1991 483 2018 militet
503 1991 647 2026 dignitate,
674 1997 699 2017 et
720 1991 795 2018 binas
818 2000 932 2018 annonas
954 1991 1082 2025 accipiat,
1101 1998 1133 2026 50
1186 1999 1202 2019 c
1213 1999 1248 2018 in
1257 1999 1274 2019 c
1283 1999 1303 2018 v
1314 1999 1337 2018 iu
1349 2000 1365 2019 F
1374 1999 1390 2018 L
1400 2000 1421 2019 A
1429 1999 1450 2020 G
1460 2001 1477 2019 R
1486 2000 1505 2020 ο
1513 2013 1522 2025 ,
1543 1997 1597 2019 are.
1634 1994 1749 2027 Quaque
1762 2001 1810 2026 per
1823 1993 1983 2022 immensum
1997 1997 2210 2032 circumflagran-

55 2028 84 2054 ui
102 2027 196 2062 gradus
217 2027 366 2063 ponebatur
386 2027 446 2054 aliis
470 2027 527 2062 post
544 2026 673 2053 laborem.
743 2027 862 2054 Tertull.
884 2027 916 2054 ad
934 2026 1082 2054 Pammach.
1149 2027 1221 2054 tibus
1241 2027 1317 2054 astris
1354 2029 1478 2055 Circulus
1493 2028 1608 2062 obliquo
1625 2027 1677 2054 late
1694 2028 1763 2055 iacet
1777 2028 1888 2064 astriger
1902 2030 1969 2058 orbe
1983 2033 2079 2058 Auien.
2093 2033 2122 2058 in
2134 2036 2209 2060 Atat.

66 2072 120 2091 om.
133 2072 150 2090 2
169 2072 194 2098 p.
209 2071 247 2097 115
270 2063 390 2099 francof.
412 2063 495 2098 Finge
510 2063 627 2098 aliquem
642 2062 823 2090 Tribuniciac
837 2063 971 2098 potestatis
984 2064 1030 2089 suo
1044 2062 1084 2088 vi-
1149 2064 1270 2098 Virgine.

47 2100 74 2126 io
87 2100 270 2134 regradatum,
286 2108 333 2134 per
347 2098 445 2133 singula
458 2099 573 2125 militiae
586 2098 713 2133 equestris
728 2098 815 2125 officia
830 2099 862 2126 ad
873 2099 989 2126 Tironis
1004 2107 1083 2125 voca·
1185 2106 1201 2125 c
1213 2106 1221 2123 1
1231 2105 1250 2124 R
1259 2104 1275 2124 c
1284 2104 1339 2124 VM
1349 2104 1366 2124 F
1375 2106 1384 2125 1
1393 2105 1413 2124 R
1423 2105 1448 2125 M
1457 2105 1476 2125 ο
1485 2118 1493 2130 ,
1520 2102 1572 2126 arc.
1610 2097 1792 2136 [περιερείδειν]
1830 2100 1963 2127 Columel.
1977 2111 2010 2137 4,
2032 2110 2075 2137 17,
2093 2110 2110 2138 7
2136 2103 2211 2134 Nam

55 2135 130 2162 ulum
150 2134 324 2161 deuolutum:
355 2143 419 2161 num
437 2134 504 2169 quid
521 2143 553 2161 ex
566 2134 696 2161 Tribuno
715 2134 801 2161 statim
821 2135 866 2161 fiet
880 2135 976 2161 Tiro?
1004 2135 1082 2160 Non:
1147 2133 1194 2159 vbi
1212 2142 1306 2167 magna
1325 2134 1366 2160 vis
1390 2140 1417 2161 et
1438 2135 1556 2160 incursus
1575 2134 1611 2161 est
1628 2135 1799 2169 pluuiarum,
1820 2137 2070 2173 procellarumque,
2089 2138 2136 2166 vbi
2155 2140 2210 2166 fre·—

49 2171 80 2198 ed
99 2176 157 2197 ante
176 2170 361 2203 Primicerius,
381 2170 476 2196 deinde
493 2170 616 2202 Senator,
633 2171 811 2201 Ducenarius,
832 2170 974 2200 Biarchus,
996 2168 1080 2194 Circi·
1100 2170 1128 2197 5⁴5
1147 2168 1291 2202 quentibus
1306 2170 1382 2203 aquis
1396 2170 1460 2196 vitis
1474 2170 1665 2204 labefactatur,
1679 2172 1727 2198 vbi
1742 2173 1933 2207 praecipitibus
1947 2174 2038 2206 cliuis,
2060 2175 2133 2201 velut
2146 2185 2210 2210 pen-

43 2215 97 2238 ·or,
116 2207 216 2241 Eques,
237 2206 332 2232 deinde
351 2206 432 2232 Tiro.
491 2207 586 2232 Horum
605 2206 767 2232 Circitorum
778 2204 903 2239 frequens
922 2206 1011 2229 mentio
1031 2202 1049 2228 l.
1063 2211 1080 2229 2
1147 2203 1211 2230 dens
1230 2204 1347 2239 plurima
1361 2205 1490 2240 praesidia
1510 2206 1655 2241 desiderat,
1676 2207 1718 2234 ibi
1734 2208 1806 2243 quasi
1823 2209 1953 2244 quadrato
1975 2210 2211 2238 circumfirmanda

44 2242 68 2269 2.
81 2242 114 2268 de
130 2240 198 2268 offic.
223 2242 305 2267 Praef.
320 2242 403 2267 Praet.
422 2240 480 2267 Afr.
534 2242 614 2266 Erant
626 2240 661 2266 ad
672 2241 757 2266 horum
776 2242 941 2266 imitationem
959 2241 1033 2264 etiam
1049 2241 1078 2265 in
1148 2240 1184 2266 est
1205 2242 1319 2275 agmine.

46 2278 152 2303 ’alanna
163 2277 255 2303 militia
269 2276 430 2308 Circitores‚
450 2275 480 2302 de
493 2275 580 2311 quibus
596 2275 613 2302 l.
627 2284 639 2308 3
667 2276 698 2302 C.
712 2275 822 2302 Theod.
838 2275 869 2301 de
884 2274 1031 2310 Agentibus
1049 2274 1079 2301 in
1184 2281 1201 2302 c
1213 2284 1222 2303 1
1233 2283 1252 2303 R
1262 2283 1278 2303 C
1290 2284 1310 2304 V
1322 2283 1346 2302 M
1356 2284 1373 2304 F
1384 2284 1400 2303 L
1410 2285 1427 2304 E
1437 2284 1454 2304 c
1463 2285 1485 2304 T
1494 2285 1513 2305 ο
1521 2298 1530 2310 ,
1552 2278 1597 2311 xi,
1615 2287 1694 2311 xum,
1714 2281 1768 2306 ere.
1805 2280 1820 2312 [
1828 2279 2011 2315 περικέμπτω]
2049 2281 2124 2315 Virg.
2138 2283 2206 2309 Aen.

14 2323 17 2326 >
48 2311 128 2344 ebus,
145 2311 188 2338 vbi
199 2311 254 2338 illos
266 2310 377 2345 illustrat
392 2311 568 2348 Gothofrcdus.
604 2311 649 2338 Ad
660 2312 745 2338 horum
758 2313 864 2347 aliquem
871 2314 999 2346 pertinere
1011 2310 1080 2337 vide·
1145 2318 1169 2344 ς,
1185 2320 1222 2344 131
1243 2312 1390 2339 Constituit
1405 2313 1506 2346 signum
1526 2314 1613 2339 nautis
1634 2321 1724 2348 pater,
1745 2314 1815 2340 vnde
1828 2315 1930 2341 reuerti
1967 2315 2069 2342 scirent
2079 2336 2086 2347 ,
2107 2324 2133 2343 et
2148 2318 2208 2344 lon-

0 2366 1 2371 ,
46 2357 76 2374 ur
89 2348 239 2375 Vet.1nscr.
252 2347 319 2383 apud
329 2348 425 2384 Reiiiesi
438 2356 534 2381 20,324
552 2348 638 2374 Locus
652 2347 788 2382 Oportuni
801 2347 960 2380 Circitoris,
980 2346 1081 2373 Coniu-
1089 2353 1125 2379 60
1145 2356 1192 2381 gos
1213 2347 1261 2374 vbi
1279 2348 1488 2374 circumflec'iere
1509 2349 1607 2374 cursus.
1651 2350 1700 2375 Vbi
1717 2350 1839 2383 Seruius,
1858 2350 1928 2377 Bene
1946 2359 2000 2377 vno
2020 2352 2158 2386 sermone,
2179 2359 2208 2382 et

46 2383 124 2418 isque
141 2383 198 2410 eius
212 2381 341 2416 Albinae,
360 2389 406 2411 etc.
604 2380 625 2421 ff
650 2391 662 2415 3
699 2383 746 2410 Sed
758 2386 848 2416 ctiam,
865 2386 908 2419 qui
926 2386 954 2409 in
966 2385 1080 2418 priuato·
1145 2382 1344 2417 profectionem
1360 2383 1513 2417 complexus
1528 2383 1571 2419 est
1584 2389 1610 2410 et
1625 2385 1814 2412 reuerlioncm.

13 2419 15 2424 ’
49 2429 88 2446 um
102 2419 217 2455 praediis
236 2421 342 2455 vigilias
361 2419 456 2446 obirent
473 2419 638 2446 Circuitores
657 2416 723 2445 dieii
743 2419 871 2446 videntur.
927 2420 1031 2445 Petron.
1050 2425 1077 2450 53
1183 2424 1509 2452 cchvRiFLExvs,
1543 2428 1574 2452 a,
1602 2429 1656 2447 um.
1694 2421 1755 2448 Adi.
1791 2421 1987 2456 [περικκμπείς]
2040 2425 2089 2457 Vt,
2108 2425 2206 2452 Claud.

47 2462 91 2482 am'
101 2454 210 2482 nomina
222 2455 375 2482 villicorum
389 2461 414 2481 et
425 2455 561 2490 repudiata
577 2464 593 2481 a
607 2455 786 2482 Circumitore
802 2454 913 2486 liberta,
932 2455 962 2480 in
975 2454 1079 2492 balnea·
1147 2454 1211 2480 sext.
1221 2454 1301 2480 Cous.
1314 2455 1386 2480 Hon.
1396 2463 1438 2487 391
1457 2455 1615 2490 Spe&andos
1631 2456 1730 2484 iterum
1743 2458 1812 2484 nulli
1825 2457 1987 2485 celebrantia
1998 2458 2075 2486 ludos
2084 2461 2207 2488 Circum·

64 2491 101 2518 ris
113 2490 290 2518 contubernio
303 2491 334 2517 de
354 2490 470 2518 rehensa.
507 2493 558 2517 Hic
571 2491 736 2518 Circumitor
749 2491 842 2517 Custos
859 2489 937 2516 fundi
950 2488 1030 2524 fmJJe
1042 2490 1081 2527 ψ’·
1145 2490 1213 2516 flexa.
1225 2490 1295 2524 rapit
1308 2496 1432 2516 centenus
1445 2491 1545 2518 saecula
1560 2493 1661 2519 consul.
1733 2495 1765 2519 Ec
1783 2493 1906 2520 Prudent.
1921 2494 2019 2528 Apoth.
2037 2505 2063 2522 v.
2078 2505 2127 2530 203
2146 2498 2207 2524 Hos

50 2534 122 2560 etur,
140 2526 205 2563 quod
215 2536 300 2553 nomen
311 2536 322 2553 e
364 2527 382 2554 l.
397 2536 428 2560 92
448 2527 475 2553 ff.
494 2527 527 2554 de
542 2528 604 2562 Leg.
618 2536 640 2559 3.
679 2528 735 2553 Huc
747 2525 904 2561 referendum
916 2523 990 2556 illud,
1004 2523 1079 2563 Qud
1094 2528 1126 2558 ⁶5
1144 2533 1235 2552 omnes
1249 2526 1372 2560 quamuis
1386 2535 1478 2561 anceps
1492 2526 1660 2560 labyrinthus
1675 2534 1701 2555 et
1714 2538 1791 2556 error
1821 2529 2016 2558 Circumflexus
2031 2538 2098 2566 agat.

62 2561 102 2589 ihi
112 2569 215 2596 tecum,
233 2562 344 2590 circitor
361 2562 470 2590 moleste
482 2563 594 2598 Priapei.
612 2572 637 2588 n.
652 2564 680 2588 16
700 2571 724 2595 p.
737 2569 771 2587 20
797 2559 879 2599 custos
890 2559 976 2600 lorti,
989 2561 1077 2600 sccun-
1179 2567 1213 2588 c1
1223 2568 1295 2602 R.CV
1305 2569 1330 2588 M
1340 2568 1356 2588 F
1366 2569 1383 2589 L
1393 2569 1467 2590 EXV
1477 2570 1508 2596 S,
1540 2561 1578 2590 fis·
1616 2573 1651 2592 m·
1688 2565 1878 2601 [περίκαμψις]
1931 2566 1997 2593 pnn-
2018 2572 2046 2598 8,
2069 2577 2099 2594 u
2124 2569 2160 2595 Vt
2178 2574 2207 2596 et

51 2608 89 2625 um
101 2599 198 2635 Sciopp.
395 2596 417 2635 ff
435 2608 455 2632 4
490 2599 522 2624 In
538 2598 630 2625 Africa
649 2598 721 2627 sunt,
742 2596 790 2630 qui
806 2597 969 2623 circuitores
987 2595 1078 2622 dicun-
1144 2597 1213 2632 ipsos
1227 2598 1400 2625 circumflexu
1413 2598 1490 2625 facili
1504 2599 1632 2627 ambiant.
1683 2601 1731 2628 Sed
1745 2601 1877 2628 Harduin.
1892 2601 2093 2637 Circumplexu.
2131 2606 2207 2640 Legi-

56 2643 92 2667 ir,
111 2633 142 2661 hi
152 2635 317 2661 circumeunt
331 2640 428 2664 terras,
448 2639 474 2659 et
494 2643 561 2668 quos
573 2634 716 2659 inueniunt
731 2632 758 2657 in
773 2632 833 2664 via,
854 2638 951 2666 cogunt
970 2640 1030 2664 eos,
1048 2636 1078 2658 vt
1143 2640 1186 2660 tur
1199 2640 1280 2660 tamen
1294 2637 1369 2660 etiam
1386 2637 1414 2660 in
1429 2634 1495 2661 Edit.
1510 2635 1637 2663 Harduin.
1653 2638 1687 2670 6,
1700 2645 1733 2671 34
1762 2637 1837 2664 Caeli
1857 2637 2043 2665 circumflexus
2056 2650 2065 2671 ;
2097 2647 2122 2666 ει
2142 2649 2171 2673 2,
2191 2648 2206 2668 ι

65 2669 228 2696 terficiantur
247 2669 279 2696 ab
295 2669 349 2695 illis
365 2679 370 2694 :
396 2668 512 2694 dicentes
525 2669 551 2694 se
563 2668 707 2695 desiderare
727 2667 782 2702 pati
795 2668 970 2700 martyrium,
990 2673 1016 2694 et
1028 2667 1076 2694 sub
1144 2669 1241 2696 Mundi
1259 2670 1452 2697 circumflexus.

50 2705 111 2732 ausa
124 2703 172 2732 hac
189 2704 270 2731 multi
283 2703 474 2730 latrocinantur
487 2704 628 2730 interdum.
664 2704 783 2737 Qiidam
801 2710 889 2730 autem
905 2712 938 2730 ex
950 2703 990 2730 his
1003 2703 1078 2730 velut
1088 2715 1124 2743 70
1180 2712 1246 2732 CIR
1255 2712 1301 2733 cv
1311 2713 1336 2732 M
1345 2713 1412 2733 FLE
1421 2714 1441 2733 x
1450 2713 1502 2738 10,
1523 2707 1592 2734 finis.
1631 2707 1652 2734 f.
1690 2707 1767 2735 Idem.
1805 2708 1927 2735 Macrob.
1941 2709 2031 2736 Somn.
2045 2710 2113 2746 Scip.
2127 2720 2154 2743 1,
2173 2720 2204 2739 η

56 2739 187 2766 iothanati
201 2740 370 2772 moriuntur,
387 2739 439 2765 sese
453 2739 544 2766 dantes
558 2739 589 2766 ad
604 2740 804 2774 praecipitium,
825 2740 1013 2774 diuersumque
1021 2738 1080 2766 sub·
1139 2747 1184 2777 pr.
1211 2741 1356 2768 Zodiacum
1377 2742 1415 2768 ita
1433 2742 1531 2769 laGteus
1556 2743 1671 2770 circulus
1695 2744 1823 2779 obliquae
1842 2745 2069 2773 circumflexionis
2089 2748 2202 2774 occursu

52 2781 99 2801 unt
107 2795 116 2808 ,
135 2775 288 2802 calamitatis
306 2775 453 2802 interitum.
507 2776 570 2804 Sunt
588 2775 661 2803 iidem
683 2782 700 2803 c
712 2783 722 2803 1
730 2783 750 2803 R
760 2782 777 2803 c
790 2782 810 2801 v
819 2783 845 2803 Μ
855 2781 873 2803 C
885 2783 901 2803 Ε
910 2783 927 2803 L
935 2783 952 2802 1.
963 2782 1000 2802 ιο
1010 2783 1030 2803 N
1040 2781 1079 2802 Es
1145 2777 1289 2804 ambiendo
1303 2777 1500 2813 complectitur.

59 2809 115 2843 Hi,
139 2820 164 2837 υ.
179 2820 205 2838 υ.
1180 2819 1197 2840 C
1208 2821 1216 2839 1
1226 2820 1245 2839 R
1257 2820 1274 2840 C
1286 2821 1307 2840 v
1317 2821 1342 2840 M
1350 2820 1367 2840 F
1376 2820 1393 2840 L
1403 2821 1422 2841 0
1431 2835 1439 2847 ,
1461 2819 1513 2841 are.
1550 2815 1700 2851 [περιπνέω]
1743 2815 1855 2852 Vndique
1861 2816 1946 2852 flare,
1960 2823 1984 2843 et
1996 2817 2026 2843 ab
2039 2821 2108 2843 omni
2114 2824 2201 2853 parte.

72 2852 91 2873 c
101 2853 252 2874 1RCVM13
263 2853 312 2887 qv
322 2844 335 2873 ἴ
343 2853 409 2880 ΤΟ,
429 2851 482 2874 are.
503 2846 678 2883 [nefizirnnlw]
715 2847 777 2875 Liu.
792 2856 831 2881 ιο,
844 2856 877 2882 34
896 2848 1021 2882 Nequam
1035 2856 1080 2874 oc·
1145 2849 1201 2876 Cic.
1215 2850 1278 2876 Ver.
1291 2858 1315 2882 3,
1329 2855 1361 2883 98
1381 2859 1402 2876 c.
1415 2859 1448 2884 41
1475 2851 1517 2877 Sic
1537 2851 1573 2877 est
1593 2851 1637 2878 hic
1659 2852 1744 2884 ordo,
1764 2852 1835 2887 quafi
1852 2852 2001 2886 propositus
2020 2859 2100 2887 atque
2113 2855 2201 2880 editus

67 2882 130 2909 itam
142 2883 172 2909 in
184 2882 305 2909 fraudem
318 2883 435 2909 incautus
448 2889 547 2916 rueret,
561 2883 623 2910 duas
637 2889 736 2910 turmas
749 2884 884 2911 sociorum
892 2883 982 2910 Latini
992 2884 1079 2911 nomi-
1093 2892 1125 2920 75
1144 2885 1173 2911 in
1193 2884 1276 2912 altum
1285 2906 1294 2918 ,
1316 2892 1345 2912 vt
1364 2886 1397 2912 ab
1417 2887 1543 2914 omnibus
1561 2888 1647 2914 ventis
1669 2888 1789 2914 inuidiae
1807 2888 1967 2915 circumflari
1981 2889 2051 2922 poss'c
2066 2888 2200 2916 videatur.

52 2919 74 2944 is
87 2918 307 2953 circumequitare
321 2919 444 2952 moenia,
463 2925 543 2954 atque
556 2920 693 2954 explorare
710 2920 802 2947 omnia
815 2919 898 2946 iubet.
1142 2921 1379 2948 Circumflantibus
1392 2922 1494 2950 Austris
1510 2923 1572 2950 Stat.
1580 2922 1674 2951 Theb.
1689 2932 1720 2957 ii,
1734 2932 1776 2959 42.
1849 2925 1941 2950 Ventis
1953 2924 2010 2950 Alc.
2024 2925 2098 2951 Auit.
2111 2926 2158 2959 Ep.
2170 2933 2200 2957 31

71 2959 89 2980 c
100 2960 136 2980 ιιι
147 2960 164 2981 c
175 2961 229 2981 VM
238 2961 282 2981 ER
292 2961 310 2981 R
320 2961 339 2982 o
349 2975 358 2988 ,
385 2959 438 2982 are.
473 2955 693 2991 [περιπλανᾶθαι]
729 2955 807 2991 Apul.
827 2955 859 2982 de
874 2955 976 2982 Mundo
996 2965 1021 2992 p.
1036 2962 1077 2991 71,
1143 2957 1176 2984 ad
1190 2957 1275 2984 Faust.
1296 2964 1321 2984 et
1335 2958 1432 2991 Symni.
2169 2962 2173 2968 ⁴

83 2990 159 3024 Qiae
169 2990 293 3018 Saturnus
306 2990 448 3018 sublimior
462 2991 572 3025 triginta
591 2992 680 3026 spatiis
697 3001 827 3019 annorum
840 2992 1021 3020 circumerrat.
1178 3000 1195 3021 C
1205 3001 1214 3020 1
1223 3000 1242 3020 R
1251 3000 1268 3021 C
1276 3001 1296 3021 V
1306 3001 1332 3021 M
1341 3001 1358 3020 F
1367 3002 1384 3021 L
1393 3002 1414 3021 v
1422 3001 1441 3022 ο
1450 3015 1460 3028 ,
1479 2994 1526 3029 xi,
1545 3003 1609 3022 xum
1617 3015 1626 3028 ‚
1647 2996 1702 3022 ere.
1729 2995 1743 3029 [
1748 2995 1876 3031 περιρῥέω]
1914 2993 1980 3021 Plin.
1990 3002 2013 3028 5,
2021 3003 2055 3028 29
2073 2995 2103 3022 de
2111 2996 2198 3024 Caria.

73 3029 90 3051 C
101 3031 139 3052 m
149 3031 167 3053 c
178 3033 197 3053 v
208 3033 233 3053 M
242 3033 259 3053 F
269 3025 342 3053 FIRO
350 3046 359 3060 ,
385 3027 454 3060 fers,
479 3027 549 3059 tuli,
578 3027 676 3061 latum,
701 3028 782 3055 ferre.
819 3027 974 3064 [περιφέρω]
1018 3028 1076 3055 Cic.
1142 3029 1221 3056 Nunc
1239 3038 1299 3056 eam
1313 3030 1500 3058 circumfluunt
1513 3032 1657 3058 Maeander
1678 3036 1703 3057 et
1715 3031 1832 3057 Ouinius.
1903 3030 2031 3065 Pompon.
2051 3033 2079 3057 in
2099 3031 2117 3058 l.
2132 3041 2199 3067 ergo

62 3067 114 3086 err.
127 3068 154 3094 ι,
167 3069 217 3096 ¹04
238 3063 343 3095 Qiaeso
356 3062 474 3089 codicem
487 3063 645 3097 circumfer,
665 3063 771 3090 ostende
784 3075 791 3090 ι
816 3063 850 3089 ad
863 3073 938 3090 vnum
947 3062 1004 3100 pqsi
1016 3066 1077 3091 alte·
1092 3072 1124 3098 80
1143 3065 1175 3092 D.
1184 3066 1215 3092 de
1230 3066 1331 3101 acquir.
1339 3076 1392 3093 rer.
1403 3066 1503 3094 domin.
1521 3068 1627 3094 Tribus
1642 3066 1728 3092 modis
1736 3065 1821 3092 insula
1834 3065 1863 3091 in
1876 3066 1987 3093 flumine
2001 3066 2044 3093 fit:
2066 3068 2126 3094 Vno
2140 3077 2198 3094 mo-

66 3104 89 3120 m
101 3094 156 3130 fer·
209 3097 250 3125 Sic
263 3097 422 3132 Inspiciendi.
440 3100 514 3126 causa
531 3099 704 3126 circumferre
722 3098 827 3134 aliquid
844 3099 918 3126 Idem
931 3109 980 3135 pro
993 3101 1075 3127 Corn.
1143 3100 1177 3128 do
1188 3122 1196 3134 ,
1217 3111 1300 3137 quum
1318 3103 1435 3137 Agrum,
1454 3104 1504 3138 qui
1518 3103 1590 3129 aluei
1609 3111 1664 3128 non
1677 3102 1745 3133 fuit,
1766 3101 1859 3128 Amnis
1877 3102 2048 3129 circumfluit.
2102 3103 2197 3131 Altero

57 3129 118 3156 albo
133 3139 164 3158 ιι.
210 3149 217 3153 -
232 3133 329 3167 Virgil.
342 3134 406 3160 Aen.
420 3143 456 3167 12,
470 3140 512 3168 538
533 3136 593 3162 Huc
607 3142 687 3171 atque
701 3136 751 3162 huc
764 3135 840 3162 Acies
852 3136 1033 3169 circumtulit,
1056 3139 1074 3163 i.
1141 3137 1233 3171 niodo,
1250 3148 1333 3173 quum
1345 3139 1446 3172 locum,
1466 3139 1515 3174 qui
1526 3138 1597 3164 aluei
1611 3138 1680 3170 effer,
1699 3137 1794 3164 liceum
1807 3138 1947 3171 relinquit,
1967 3144 1992 3164 et
2008 3139 2197 3167 circumfluere

62 3167 124 3193 ulos.
195 3166 265 3194 mor.
279 3176 301 3200 3,
313 3177 338 3195 ιε
352 3176 397 3204 pr.
426 3170 558 3197 Romanus
576 3172 689 3207 populus
707 3171 773 3199 orbe
791 3176 850 3198 toto
864 3172 944 3198 Arma
963 3173 1075 3200 circum·
1141 3175 1238 3209 coepit,
1246 3182 1290 3201 etc.
1363 3174 1595 3202 Claudiaminsec.
1606 3174 1684 3201 Coris.
1694 3173 1749 3199 Stil.
1761 3178 1803 3205 328
1824 3174 1947 3200 Insolitus
1957 3174 2073 3201 frontem
2082 3175 2197 3203 circum-

63 3200 104 3228 lit.
176 3202 306 3236 Qiinexil.
320 3212 346 3236 2,
359 3212 384 3237 15
408 3206 480 3232 Haec
493 3206 587 3242 opinio
604 3207 738 3242 originem
758 3205 791 3234 ab
804 3207 917 3234 Isocrate
937 3207 1075 3241 (litamen
1140 3209 1200 3236 fluit
1218 3210 1304 3245 ignis,
1330 3213 1348 3237 i.
1368 3210 1495 3247 erubescit.
1575 3209 1683 3236 Robora
1703 3209 1890 3235 circumfluunt
1909 3209 2035 3237 dracones
2056 3212 2154 3238 Lucan.
2169 3221 2196 3245 3,

0 3248 14 3275 ,-
71 3246 135 3264 vera
158 3238 207 3264 Ars
232 3247 300 3273 quac
322 3239 508 3268 circumfertur
525 3243 582 3269 eius
596 3243 648 3276 est)
673 3243 764 3275 duxit,
789 3245 808 3269 i.
821 3244 883 3270 liber
895 3243 923 3270 de
936 3247 1001 3271 Arte
1020 3245 1074 3271 rhe-
1092 3249 1122 3278 85
1139 3254 1196 3280 421.
1223 3249 1241 3273 ι’.
1256 3250 1458 3282 circumi-eptam.
1510 3246 1591 3272 Etiam
1607 3245 1700 3280 Paffiue
1720 3245 1840 3271 Macrob.
1861 3245 1951 3272 Somn.
1970 3246 2038 3281 Scip.
2058 3256 2091 3280 2,
2111 3256 2128 3280 9
2148 3256 2194 3283 pr.

4 3275 19 3307 Υ
57 3276 129 3306 rica,
147 3276 190 3300 cui
206 3283 291 3300 nomen
304 3275 424 3311 Ichratis
436 3277 619 3340 praga-mptum
637 3277 679 3313 est.
749 3279 842 3306 Tacit.
855 3279 922 3306 Ami.
935 3289 970 3314 13,
984 3288 1016 3315 37
1043 3281 1075 3307 Et
1140 3281 1206 3308 Non
1218 3291 1287 3315 vno,
1309 3282 1352 3309 sed
1368 3283 1477 3317 gemino
1490 3281 1591 3310 Oceani
1609 3281 1711 3308 ambitu
1726 3286 1811 3306 terrae
1825 3289 1920 3315 corpus
1933 3290 2014 3308 omne
2033 3282 2195 3309 circuimiui.

66 3309 154 3344 emplo
169 3309 285 3336 hostium
298 3312 470 3340 circumferre
505 3313 587 3341 ellum
597 3315 711 3342 coaetus.
769 3315 845 3342 Curt.
859 3324 886 3349 9,
897 3323 921 3349 5,
933 3325 944 3342 1
963 3317 1073 3351 Iamque
1140 3317 1208 3344 Add.
1223 3318 1340 3345 Laetant.
1353 3328 1376 3352 2,
1392 3327 1428 3346 ιο.
1607 3316 1626 3354 q
1655 3325 1667 3342 2
1703 3317 1913 3350 Circumfluerc,
1930 3326 1978 3353 per
1991 3321 2192 3345 translaaoncm.

25 3353 27 3365 Α
59 3353 145 3378 cuam,
157 3354 210 3380 qua
224 3345 353 3381 Clypeum
365 3346 399 3373 ad
413 3347 482 3375 ictus
494 3349 696 3378 circumferebat
708 3351 860 3383 laffauerat,
877 3354 896 3378 i.
909 3350 1004 3378 iHibus
1015 3353 1075 3379 hinc
1139 3353 1269 3381 Laudatur
1283 3354 1384 3381 Plinius
1407 3374 1414 3381 .
1444 3373 1450 3379 .
1487 3352 1626 3388 Postquam
1641 3351 1730 3379 variae
1745 3351 1864 3387 vndique
1877 3361 1966 3388 gentes
1980 3354 2190 3380 circumnuxcre.

28 3395 34 3406 ι·
62 3380 90 3407 dc
101 3381 256 3407 venientibus
269 3382 413 3418 opponebat.
480 3384 585 3413 Sueton.
596 3386 697 3415 Domit.
711 3396 740 3414 ιο
760 3386 962 3423 Concionesque
979 3396 1074 3423 regum
1141 3390 1264 3417 Neutri'us
1271 3392 1351 3418 Plinii
1366 3391 1465 3417 Indices
1476 3389 1576 3415 hahent.
1614 3389 1700 3416 Varro
1707 3387 1738 3413 de
1747 3388 1778 3414 R.
1787 3389 1849 3421 R.2,
1857 3397 1908 3422 9‚2
1927 3390 2136 3417 Circumfluxerc
2151 3390 2191 3414 lu-

73 3416 170 3444 ducum
189 3426 220 3443 cx
234 3417 306 3444 Tito
317 3418 399 3445 Liuio
417 3418 602 3453 circumferre,
618 3423 730 3453 Crimen,
749 3422 818 3458 quast
835 3422 984 3457 afflHarztis
1000 3427 1074 3459 impe·
1081 3438 1118 3464 90
1139 3433 1202 3459 pum
1215 3426 1290 3453 muli.
1336 3426 1410 3453 Ideni
1422 3434 1445 3458 3,
1460 3432 1494 3457 13,
1506 3433 1518 3456 3
1540 3423 1594 3451 Vbi
1607 3430 1677 3451 tanta
1691 3423 1872 3452 circumfluxit
1885 3434 1934 3452 nos
1947 3435 2098 3457 ceruorum,
2113 3433 2190 3458 apro-

37 3461 105 3490 ιιιινι.
176 3453 289 3480 Lumina
302 3454 474 3482 circumferre
488 3455 533 3482 Sil.
543 3464 582 3491 17,
595 3463 644 3490 518.
716 3459 822 3491 Liu.21,
859 3478 866 3485 .
903 3478 910 3486 .
945 3460 1073 3494 Qiocun-
1137 3469 1215 3494 rum,
1230 3468 1261 3495 *et
1280 3468 1444 3489 caeterarum
1465 3459 1665 3495 quadrupedum
1686 3459 1840 3487 multitudo.
1915 3463 1957 3489 Sic
1979 3463 2190 3491 Circumuuere,

25 3494 40 3527 .'
69 3495 84 3514 e
95 3487 369 3522 circumtuliOculos,
383 3490 459 3525 plena
471 3492 561 3519 omnia
574 3493 654 3520 video
667 3494 820 3521 animorum
832 3499 858 3520 et
869 3493 985 3522 roboris.
1025 3496 1073 3522 Sil.
1139 3497 1153 3531 [
1161 3495 1278 3533 ἐυπορεῖν]
1303 3498 1446 3525 Abundare.
1483 3496 1540 3523 Cic.
1553 3496 1583 3522 in
1594 3494 1684 3522 Parad.
1698 3503 1709 3521 1
1736 3495 1844 3531 Qiippe
1860 3506 1945 3532 quum
1963 3497 2082 3523 viderem
2102 3495 2190 3520 hoini-

38 3551 40 3553 ,
60 3543 68 3556 ,
81 3525 129 3557 263
151 3524 301 3559 Spefflmdis
321 3526 395 3552 vrbis
414 3526 489 3553 teffis
508 3528 666 3564 templisque
685 3531 790 3557 serenos
805 3531 899 3556 Laetus
917 3531 1072 3558 circumfert
1131 3541 1184 3560 cnes
1198 3532 1238 3560 his
1256 3533 1335 3561 rebus
1349 3532 1572 3564 circumfluentes,
1586 3537 1713 3557 catanien
1723 3530 1869 3559 deiiderare
1883 3533 2012 3563 maxime,
2025 3531 2121 3566 quibus
2142 3530 2188 3556 ab-

59 3559 130 3586 culos
141 3567 168 3587 et
180 3560 280 3596 lingula
293 3561 378 3588 discit.
450 3562 532 3590 Ouid.
547 3564 612 3590 Met.
625 3567 660 3598 6,
672 3568 718 3599 169
742 3567 830 3601 thue
842 3565 942 3593 Oculos
959 3567 1072 3594 circum·
1138 3569 1277 3597 undarent.
1351 3571 1425 3596 Curt.
1439 3577 1476 3600 10,
1491 3576 1518 3600 2,
1532 3575 1566 3593 22
1590 3560 1714 3594 Secundis
1729 3567 1826 3602 rebuS,
1846 3578 1913 3603 quae
1926 3569 2124 3596 circuunt-inunt,
2139 3575 2187 3593 vos

37 3607 41 3612 ·
72 3595 94 3621 it
105 3595 158 3622 alta
169 3597 302 3658 sigiperbos.
323 3613 327 3615 >
358 3597 522 3626 Circumfert
534 3599 628 3626 Oscula
641 3601 748 3629 dextrae
761 3601 864 3629 Patriae
877 3601 964 3629 Valer.
972 3603 1071 3638 Argon.
1086 3611 1119 3637 95
1138 3604 1253 3632 insanire
1275 3605 1414 3640 coepistis,
1439 3602 1520 3630 obliti
1538 3602 1618 3628 status
1636 3602 1709 3634 eius,
1731 3613 1810 3639 quem
1834 3603 1963 3632 beneficio
1986 3602 2092 3628 exuistis
2115 3611 2185 3641 ΠἏΕΟ·

25 3633 43 3667 ”,
73 3638 122 3663 ¹23·
157 3631 186 3659 SC
216 3634 282 3660 locus
290 3631 430 3670 fiaespel‘l'us.
500 3635 606 3662 Sueten.
621 3635 650 3662 in
662 3637 735 3670 Caes.
748 3639 785 3670 46
811 3639 843 3665 In
856 3637 1070 3672 expeditionibus
1137 3639 1330 3668 Circumfluere
1347 3640 1519 3667 omnifariam
1529 3658 1538 3670 ,
1556 3637 1609 3666 vid.
1633 3645 1686 3666 OM
1697 3647 1717 3666 N
1726 3647 1735 3666 1
1745 3646 1790 3667 ΕΛ
1800 3647 1820 3667 R
1830 3648 1839 3666 1
1849 3648 1913 3667 AM.
1970 3639 2024 3677 Cic.
2032 3638 2064 3663 dc
2077 3638 2186 3664 Amicit.

22 3690 26 3693 ,
59 3665 154 3693 iseum
167 3673 193 3693 et
207 3667 307 3696 sectilia
319 3670 472 3696 Pauimenta
486 3671 681 3698 circumtuliffc.
749 3673 810 3700 Liu.
845 3693 852 3700 .
889 3693 896 3700 .
928 3675 984 3701 Hac
999 3676 1070 3709 Qe-
1137 3683 1169 3709 52.
1189 3677 1256 3711 Qiis
1275 3677 1328 3710 est,
1347 3685 1396 3712 pro
1411 3673 1490 3702 defini
1506 3672 1585 3701 fidem
1610 3680 1690 3709 atque
1709 3674 1867 3708 hominum,
1885 3675 1932 3710 qui
1948 3674 2029 3704 velit,
2049 3680 2077 3699 vt
2098 3682 2185 3713 neque

29 3706 38 3719 f
62 3700 100 3728 lae
111 3702 205 3729 domos
217 3704 333 3738 primum
346 3705 481 3732 nobilium
494 3707 673 3738 circumlatae,
686 3706 884 3743 celebrataeque
897 3709 1071 3738 sermonibus.
1138 3711 1230 3748 diligat
1244 3721 1421 3748 quemquam,
1443 3718 1491 3736 nee
1505 3709 1559 3744 ipse
1577 3709 1610 3737 ab
1625 3710 1681 3737 vllo
1700 3710 1844 3746 diligatur,
1864 3709 2047 3737 circumfluere
2058 3710 2185 3735 omnibus

32 3743 51 3768 '.
84 3737 158 3764 datm·
172 3732 247 3765 etiam
259 3739 340 3767 Plaut.
352 3742 435 3769 Merc.
450 3751 484 3775 4,
497 3750 519 3776 5,
535 3745 563 3769 16
588 3742 691 3770 Gradus
709 3743 830 3776 grandit,
848 3744 947 3772 emittit
967 3746 1070 3779 oculos,
1137 3748 1245 3783 Copiis,
1265 3755 1344 3783 atque
1358 3748 1386 3774 in
1400 3754 1521 3773 omnium
1533 3745 1694 3773 abundantia
1709 3749 1802 3774 viuere
1816 3749 1825 3773 3
1880 3745 1954 3772 Idem
1970 3745 2046 3769 Verr.
2058 3752 2082 3777 3,
2096 3753 2112 3777 9
2131 3754 2152 3771 c.
2164 3753 2183 3778 4

0 3766 25 3794 ἰδ
71 3773 184 3804 cumfert
198 3775 238 3806 se,
257 3774 370 3811 obstipae
387 3779 533 3805 verticem:
559 3778 605 3806 Sed
617 3788 664 3805 non
679 3778 798 3805 videntur
810 3777 960 3812 effiaplauti.
1000 3782 1069 3809 Tac.
1080 3792 1128 3812 100
1136 3783 1217 3812 Istum
1229 3784 1307 3811 rebus
1321 3782 1446 3809 omnibus
1459 3780 1577 3816 vndique
1593 3783 1690 3818 ereptis
1702 3783 1811 3817 impune
1831 3780 1981 3807 eludentem
1999 3779 2183 3806 eircu111.iuere

0 3797 26 3851 j*
73 3816 98 3834 n.
112 3817 138 3842 2,
150 3817 180 3842 52
200 3810 320 3846 Mazippa
331 3812 386 3840 leui
397 3822 458 3841 cum
471 3815 548 3849 copia
558 3814 697 3847 incendia,
715 3820 741 3841 et
755 3814 862 3848 caedes,
879 3821 905 3842 et
918 3817 1070 3845 Terrorem
1136 3825 1215 3855 atque
1231 3819 1365 3847 abundare
1378 3820 1387 3845 Ξ
1458 3817 1532 3844 Curt.
1546 3823 1576 3851 ³,
1592 3823 1621 3852 Β,
1637 3827 1665 3845 ¹2
1692 3817 1850 3844 Insatiabilis
1873 3815 2112 3856 autem‚³u³ri“³e
2130 3816 2183 3847 ω’

8 3839 34 3867 5-
78 3878 83 3883 ·
105 3843 221 3871 inferret.
293 3847 455 3877 Circumfert
475 3851 586 3884 tacitos,
613 3857 739 3885 tanquam
755 3852 800 3877 sua
824 3850 950 3885 Brachia,
975 3853 1071 3880 Vultus
1134 3855 1219 3883 adhuc
1234 3855 1345 3890 implere
1359 3853 1442 3886 velle,
1474 3853 1616 3889 quodiam
1627 3854 1797 3881 circumfluit.
1840 3851 1996 3884 Vicastaezm
2013 3856 2031 3876 c
2043 3859 2051 3877 ι
2062 3858 2081 3878 R
2091 3857 2107 3877 c
2119 3859 2135 3877 v
2145 3857 2182 3877 Μ-

0 3877 26 3911 φ
68 3879 111 3905 ud.
124 3880 187 3906 Met.
206 3888 218 3912 3
227 3900 237 3914 ,
254 3889 312 3914 24¹·
506 3884 528 3925 ff
554 3895 571 3913 2
607 3886 807 3919 circumferre,
821 3893 872 3922 pro
883 3894 1012 3925 purgare,
1033 3890 1070 3916 lu·
1135 3898 1179 3918 1³1.
1189 3899 1212 3919 v
1224 3898 1241 3918 ιε
1253 3899 1276 3918 Ν
1286 3898 1314 3918 s.

66 3923 123 3947 are,
155 3922 281 3951 νορῐθνθα,
300 3917 364 3953 quod
379 3922 424 3954 qui
434 3919 557 3955 lustrant,
577 3932 643 3954 eum,
661 3932 729 3959 quem
742 3920 867 3956 lustrant,
881 3923 955 3960 stupe
973 3925 1070 3988 affluid
1169 3933 1187 3954 c
1198 3935 1208 3954 1
1218 3935 1237 3954 R
1247 3933 1265 3953 c,
1277 3933 1298 3952 v
1306 3933 1331 3952 M
1341 3931 1357 3952 F
1365 3932 1382 3952 L
1391 3931 1436 3951 vr„
1445 3931 1468 3951 Ν
1476 3930 1489 3951 s
1496 3943 1506 3957 ‚
1530 3925 1608 3952 entis,
1644 3924 1737 3951 Par-tic.
1772 3921 1934 3958 [περιῤῥέων]
1976 3923 2026 3955 Vt,
2054 3922 2109 3948 Cic.
2130 3927 2178 3953 pro

51 3949 118 3976 rcum
133 3957 242 3985 ιτιηω,
261 3954 431 3988 circumeunt.-
466 3957 532 3990 undo
549 3965 575 3991 ,et
594 3958 720 3996 lustrare,
738 3958 854 3989 circuire
875 3957 918 3994 est.
961 3961 985 3988 Ι»
1011 3970 1024 3988 e
1041 3963 1296 4003 ec105Muraen.39
1307 3969 1374 3995 ιη
1393 3959 1422 3987 dc
1435 3960 1562 4031 (ἑατὲὠιέ,
1580 3961 1786 3991 circumfluente
1797 3958 1957 3986 colonorum
1969 3958 2179 4017 Aretinorili-netsuef
