<?xml version="1.0" encoding="UTF-8"?>
<!DOCTYPE html PUBLIC "-//W3C//DTD XHTML 1.0 Transitional//EN"
    "http://www.w3.org/TR/xhtml1/DTD/xhtml1-transitional.dtd">
<html xmlns="http://www.w3.org/1999/xhtml" xml:lang="en" lang="en">
 <head>
  <title>
</title>
<meta http-equiv="Content-Type" content="text/html;charset=utf-8" />
  <meta name='ocr-system' content='tesseract 3.04.00' />
  <meta name='ocr-capabilities' content='ocr_page ocr_carea ocr_par ocr_line ocrx_word'/>
</head>
<body>
  <div class='ocr_page' id='page_1' title='image "./novuslinguaeeter01gesn_0579.png"; bbox 0 0 2474 4182; ppageno 0'>
   <div class='ocr_carea' id='block_1_1' title="bbox 14 242 323 273">
    <p class='ocr_par' dir='ltr' id='par_1_1' title="bbox 14 242 323 273">
     <span class='ocr_line' id='line_1_1' title="bbox 14 242 323 273; baseline -0.016 -2"><span class='ocrx_word' id='word_1_1' title='bbox 14 263 16 268; x_wconf 85' lang='lat'>·</span> <span class='ocrx_word' id='word_1_2' title='bbox 58 244 89 270; x_wconf 83' lang='lat' dir='ltr'>de</span> <span class='ocrx_word' id='word_1_3' title='bbox 104 243 177 269; x_wconf 86' lang='lat' dir='ltr'>Petit.</span> <span class='ocrx_word' id='word_1_4' title='bbox 189 242 266 267; x_wconf 87' lang='lat' dir='ltr'>Cons.</span> <span class='ocrx_word' id='word_1_5' title='bbox 282 248 323 273; x_wconf 73' lang='lat'>43.</span> 
     </span>
    </p>
   </div>
   <div class='ocr_carea' id='block_1_2' title="bbox 58 81 719 136">
    <p class='ocr_par' dir='ltr' id='par_1_2' title="bbox 58 81 719 136">
     <span class='ocr_line' id='line_1_2' title="bbox 58 81 719 136; baseline 0 -16"><span class='ocrx_word' id='word_1_6' title='bbox 58 95 140 136; x_wconf 83' lang='lat'>¹053</span> <span class='ocrx_word' id='word_1_7' title='bbox 446 82 480 120; x_wconf 90' lang='lat' dir='ltr'>C</span> <span class='ocrx_word' id='word_1_8' title='bbox 558 82 593 120; x_wconf 85' lang='lat' dir='ltr'>O</span> <span class='ocrx_word' id='word_1_9' title='bbox 671 81 719 120; x_wconf 88' lang='lat' dir='ltr'><strong>M</strong></span> 
     </span>
    </p>
   </div>
   <div class='ocr_carea' id='block_1_3' title="bbox 56 167 1091 276">
    <p class='ocr_par' dir='ltr' id='par_1_3' title="bbox 56 167 1091 276">
     <span class='ocr_line' id='line_1_3' title="bbox 56 167 1091 204; baseline -0.003 -4"><span class='ocrx_word' id='word_1_10' title='bbox 56 173 85 200; x_wconf 90' lang='lat' dir='ltr'>in</span> <span class='ocrx_word' id='word_1_11' title='bbox 99 181 140 199; x_wconf 86' lang='lat' dir='ltr'>aes</span> <span class='ocrx_word' id='word_1_12' title='bbox 153 171 254 202; x_wconf 77' lang='lat' dir='ltr'>incidit,</span> <span class='ocrx_word' id='word_1_13' title='bbox 274 169 302 195; x_wconf 88' lang='lat' dir='ltr'>in</span> <span class='ocrx_word' id='word_1_14' title='bbox 318 177 371 204; x_wconf 89' lang='lat' dir='ltr'>quo</span> <span class='ocrx_word' id='word_1_15' title='bbox 386 170 479 204; x_wconf 84' lang='lat' dir='ltr'>populi</span> <span class='ocrx_word' id='word_1_16' title='bbox 492 169 568 201; x_wconf 77' lang='lat' dir='ltr'>iuffa,</span> <span class='ocrx_word' id='word_1_17' title='bbox 581 174 770 203; x_wconf 82' lang='lat' dir='ltr'>perpetuasque</span> <span class='ocrx_word' id='word_1_18' title='bbox 785 167 854 202; x_wconf 83' lang='lat' dir='ltr'>leges</span> <span class='ocrx_word' id='word_1_19' title='bbox 869 169 916 195; x_wconf 74' lang='lat' dir='ltr'>effe</span> <span class='ocrx_word' id='word_1_20' title='bbox 931 168 1027 203; x_wconf 87' lang='lat' dir='ltr'>voluit,</span> <span class='ocrx_word' id='word_1_21' title='bbox 1042 177 1091 204; x_wconf 84' lang='lat' dir='ltr'>pro</span> 
     </span>
     <span class='ocr_line' id='line_1_4' title="bbox 57 204 1090 235; baseline -0.002 -1"><span class='ocrx_word' id='word_1_22' title='bbox 57 208 144 235; x_wconf 84' lang='lat' dir='ltr'>nihilo</span> <span class='ocrx_word' id='word_1_23' title='bbox 156 206 321 233; x_wconf 85' lang='lat' dir='ltr'>habebuntur</span> <span class='ocrx_word' id='word_1_24' title='bbox 336 206 344 231; x_wconf 74' lang='lat'>3</span> <span class='ocrx_word' id='word_1_25' title='bbox 399 205 547 232; x_wconf 58' lang='lat' dir='ltr'>Perfcfium</span> <span class='ocrx_word' id='word_1_26' title='bbox 561 205 636 231; x_wconf 90' lang='lat' dir='ltr'>omni</span> <span class='ocrx_word' id='word_1_27' title='bbox 648 204 752 231; x_wconf 86' lang='lat' dir='ltr'>ratione</span> <span class='ocrx_word' id='word_1_28' title='bbox 767 206 1015 232; x_wconf 71' lang='lat' dir='ltr'>commentariolum</span> <span class='ocrx_word' id='word_1_29' title='bbox 1033 207 1090 232; x_wconf 87' lang='lat' dir='ltr'>Cic.</span> 
     </span>
     <span class='ocr_line' id='line_1_5' title="bbox 397 239 1090 276; baseline 0 -8"><span class='ocrx_word' id='word_1_30' title='bbox 397 241 578 268; x_wconf 76' lang='lat' dir='ltr'>Profitentimn</span> <span class='ocrx_word' id='word_1_31' title='bbox 592 239 817 266; x_wconf 80' lang='lat' dir='ltr'>commentariolis</span> <span class='ocrx_word' id='word_1_32' title='bbox 836 241 938 275; x_wconf 83' lang='lat' dir='ltr'>aliquid</span> <span class='ocrx_word' id='word_1_33' title='bbox 953 242 1090 276; x_wconf 82' lang='lat' dir='ltr'>vulgatum</span> 
     </span>
    </p>
   </div>
   <div class='ocr_carea' id='block_1_4' title="bbox 14 276 365 311">
    <p class='ocr_par' dir='ltr' id='par_1_4' title="bbox 14 276 365 311">
     <span class='ocr_line' id='line_1_6' title="bbox 14 276 365 311; baseline -0.014 -5"><span class='ocrx_word' id='word_1_34' title='bbox 14 292 17 306; x_wconf 79' lang='grc' dir='ltr'>ι,</span> <span class='ocrx_word' id='word_1_35' title='bbox 58 280 105 306; x_wconf 78' lang='lat' dir='ltr'>else</span> <span class='ocrx_word' id='word_1_36' title='bbox 119 276 245 311; x_wconf 63' lang='lat' dir='ltr'>Quinctil.</span> <span class='ocrx_word' id='word_1_37' title='bbox 264 284 283 307; x_wconf 83' lang='grc'>1,</span> <span class='ocrx_word' id='word_1_38' title='bbox 301 285 322 309; x_wconf 79' lang='lat'>5,</span> <span class='ocrx_word' id='word_1_39' title='bbox 339 284 365 311; x_wconf 78' lang='lat'>7.</span> 
     </span>
    </p>
   </div>
   <div class='ocr_carea' id='block_1_5' title="bbox 11 378 20 888">
    <p class='ocr_par' dir='ltr' id='par_1_5' title="bbox 11 378 20 898">
     <span class='ocr_line' id='line_1_7' title="bbox 15 378 18 452; baseline 0 0"><span class='ocrx_word' id='word_1_40' title='bbox 15 378 18 452; x_wconf 71' lang='lat'>3</span> 
     </span>
     <span class='ocr_line' id='line_1_8' title="bbox 11 780 20 888; baseline 0 0"><span class='ocrx_word' id='word_1_41' title='bbox 11 780 20 888; x_wconf 72' lang='lat'>3</span> 
     </span>
    </p>
   </div>
   <div class='ocr_carea' id='block_1_6' title="bbox 2 923 21 1119">
    <p class='ocr_par' dir='ltr' id='par_1_6' title="bbox 2 923 21 1132">
     <span class='ocr_line' id='line_1_9' title="bbox 12 923 20 947; baseline 0 0"><span class='ocrx_word' id='word_1_42' title='bbox 12 923 20 947; x_wconf 62' lang='grc'><strong>1,</strong></span> 
     </span>
     <span class='ocr_line' id='line_1_10' title="bbox 2 954 21 1032; baseline 0 0"><span class='ocrx_word' id='word_1_43' title='bbox 2 954 21 1032; x_wconf 63' lang='lat'>&lt;3</span> 
     </span>
     <span class='ocr_line' id='line_1_11' title="bbox 3 1034 15 1055; baseline 0 -13"><span class='ocrx_word' id='word_1_44' title='bbox 3 1034 15 1055; x_wconf 61' lang='lat'>.</span> 
     </span>
     <span class='ocr_line' id='line_1_12' title="bbox 14 1035 21 1119; baseline 0 0"><span class='ocrx_word' id='word_1_45' title='bbox 14 1035 21 1119; x_wconf 89' lang='lat'>3</span> 
     </span>
    </p>
   </div>
   <div class='ocr_carea' id='block_1_7' title="bbox 17 1134 24 1668">
    <p class='ocr_par' dir='ltr' id='par_1_7' title="bbox 17 1134 24 1668">
     <span class='ocr_line' id='line_1_13' title="bbox 17 1134 24 1668; baseline 0 0"><span class='ocrx_word' id='word_1_46' title='bbox 17 1134 24 1668; x_wconf 95' lang='lat' dir='ltr'> </span> 
     </span>
    </p>
   </div>
   <div class='ocr_carea' id='block_1_8' title="bbox 0 2884 1084 2959">
    <p class='ocr_par' dir='ltr' id='par_1_8' title="bbox 0 2884 1084 2959">
     <span class='ocr_line' id='line_1_14' title="bbox 0 2884 112 2909; baseline 0 0"><span class='ocrx_word' id='word_1_47' title='bbox 0 2906 9 2909; x_wconf 63' lang='grc'>-</span> <span class='ocrx_word' id='word_1_48' title='bbox 47 2891 55 2907; x_wconf 87' lang='grc'>1</span> <span class='ocrx_word' id='word_1_49' title='bbox 64 2884 81 2907; x_wconf 88' lang='lat'>6</span> <span class='ocrx_word' id='word_1_50' title='bbox 88 2891 112 2909; x_wconf 90' lang='lat' dir='ltr'>o.</span> 
     </span>
     <span class='ocr_line' id='line_1_15' title="bbox 0 2917 1084 2959; baseline 0.002 -15"><span class='ocrx_word' id='word_1_51' title='bbox 0 2937 2 2941; x_wconf 91' lang='lat'>.</span> <span class='ocrx_word' id='word_1_52' title='bbox 44 2917 100 2944; x_wconf 85' lang='lat' dir='ltr'>Cic.</span> <span class='ocrx_word' id='word_1_53' title='bbox 114 2917 146 2944; x_wconf 88' lang='lat' dir='ltr'>de</span> <span class='ocrx_word' id='word_1_54' title='bbox 157 2919 252 2945; x_wconf 87' lang='lat' dir='ltr'>Natur.</span> <span class='ocrx_word' id='word_1_55' title='bbox 261 2919 340 2945; x_wconf 83' lang='lat' dir='ltr'>Deor.</span> <span class='ocrx_word' id='word_1_56' title='bbox 355 2927 380 2952; x_wconf 88' lang='lat'>2,</span> <span class='ocrx_word' id='word_1_57' title='bbox 392 2924 433 2949; x_wconf 87' lang='lat'>128</span> <span class='ocrx_word' id='word_1_58' title='bbox 453 2919 554 2946; x_wconf 83' lang='lat' dir='ltr'>Deinde</span> <span class='ocrx_word' id='word_1_59' title='bbox 568 2926 652 2954; x_wconf 85' lang='lat' dir='ltr'>partes</span> <span class='ocrx_word' id='word_1_60' title='bbox 665 2919 785 2954; x_wconf 85' lang='lat' dir='ltr'>corporis</span> <span class='ocrx_word' id='word_1_61' title='bbox 798 2924 823 2945; x_wconf 90' lang='lat' dir='ltr'>et</span> <span class='ocrx_word' id='word_1_62' title='bbox 837 2919 870 2959; x_wconf 81' lang='lat' dir='ltr'>ad</span> <span class='ocrx_word' id='word_1_63' title='bbox 882 2920 1084 2954; x_wconf 87' lang='lat' dir='ltr'>procreandum,</span> 
     </span>
    </p>
   </div>
   <div class='ocr_carea' id='block_1_9' title="bbox 33 3882 1621 3926">
    <p class='ocr_par' dir='ltr' id='par_1_9' title="bbox 33 3882 1621 3926">
     <span class='ocr_line' id='line_1_16' title="bbox 33 3882 1621 3926; baseline 0.004 -16"><span class='ocrx_word' id='word_1_64' title='bbox 33 3883 35 3885; x_wconf 73' lang='grc'><strong><em>’</em></strong></span> <span class='ocrx_word' id='word_1_65' title='bbox 79 3885 98 3910; x_wconf 85' lang='lat' dir='ltr'>c</span> <span class='ocrx_word' id='word_1_66' title='bbox 107 3887 126 3910; x_wconf 91' lang='lat' dir='ltr'>o</span> <span class='ocrx_word' id='word_1_67' title='bbox 133 3887 160 3912; x_wconf 76' lang='lat' dir='ltr'>ivi</span> <span class='ocrx_word' id='word_1_68' title='bbox 168 3887 194 3909; x_wconf 77' lang='lat' dir='ltr'>M</span> <span class='ocrx_word' id='word_1_69' title='bbox 201 3887 212 3908; x_wconf 84' lang='lat'>1</span> <span class='ocrx_word' id='word_1_70' title='bbox 220 3887 234 3909; x_wconf 88' lang='lat' dir='ltr'>s</span> <span class='ocrx_word' id='word_1_71' title='bbox 241 3887 259 3909; x_wconf 80' lang='grc' dir='ltr'>ε</span> <span class='ocrx_word' id='word_1_72' title='bbox 266 3887 287 3909; x_wconf 77' lang='lat' dir='ltr'>R</span> <span class='ocrx_word' id='word_1_73' title='bbox 294 3887 312 3910; x_wconf 74' lang='grc' dir='ltr'><strong><em>ε</em></strong></span> <span class='ocrx_word' id='word_1_74' title='bbox 319 3887 332 3910; x_wconf 88' lang='lat' dir='ltr'>s</span> <span class='ocrx_word' id='word_1_75' title='bbox 341 3887 358 3911; x_wconf 90' lang='lat' dir='ltr'>c</span> <span class='ocrx_word' id='word_1_76' title='bbox 365 3887 385 3911; x_wconf 88' lang='grc' dir='ltr'>ο</span> <span class='ocrx_word' id='word_1_77' title='bbox 391 3901 402 3918; x_wconf 88' lang='lat'>,</span> <span class='ocrx_word' id='word_1_78' title='bbox 423 3884 478 3914; x_wconf 68' lang='lat' dir='ltr'>ere.</span> <span class='ocrx_word' id='word_1_79' title='bbox 488 3882 491 3883; x_wconf 72' lang='grc'>’</span> <span class='ocrx_word' id='word_1_80' title='bbox 514 3883 708 3921; x_wconf 61' lang='lat' dir='ltr'>[xarwnw&#39;foe]</span> <span class='ocrx_word' id='word_1_81' title='bbox 749 3883 907 3917; x_wconf 74' lang='lat' dir='ltr'><em>Vehementer</em></span> <span class='ocrx_word' id='word_1_82' title='bbox 916 3884 1075 3923; x_wconf 64' lang='lat' dir='ltr'>mifircffcere.</span> <span class='ocrx_word' id='word_1_83' title='bbox 1088 3888 1134 3920; x_wconf 81' lang='lat'>103</span> <span class='ocrx_word' id='word_1_84' title='bbox 1141 3888 1285 3926; x_wconf 76' lang='lat' dir='ltr'>Epistolam</span> <span class='ocrx_word' id='word_1_85' title='bbox 1304 3886 1386 3917; x_wconf 80' lang='lat' dir='ltr'>alicui</span> <span class='ocrx_word' id='word_1_86' title='bbox 1411 3886 1467 3914; x_wconf 82' lang='lat' dir='ltr'>Cic.</span> <span class='ocrx_word' id='word_1_87' title='bbox 1479 3887 1533 3914; x_wconf 67' lang='grc' dir='ltr'>Λα»,</span> <span class='ocrx_word' id='word_1_88' title='bbox 1547 3896 1568 3923; x_wconf 82' lang='lat'>1,</span> <span class='ocrx_word' id='word_1_89' title='bbox 1584 3896 1621 3917; x_wconf 67' lang='grc' dir='ltr'>ιο.</span> 
     </span>
    </p>
   </div>
   <div class='ocr_carea' id='block_1_10' title="bbox 19 2054 35 2997">
    <p class='ocr_par' dir='ltr' id='par_1_10' title="bbox 19 2054 35 2997">
     <span class='ocr_line' id='line_1_17' title="bbox 19 2054 35 2997; baseline 0 0"><span class='ocrx_word' id='word_1_90' title='bbox 19 2054 35 2997; x_wconf 95' lang='lat' dir='ltr'> </span> 
     </span>
    </p>
   </div>
   <div class='ocr_carea' id='block_1_11' title="bbox 14 3347 505 3410">
    <p class='ocr_par' dir='ltr' id='par_1_11' title="bbox 14 3347 505 3410">
     <span class='ocr_line' id='line_1_18' title="bbox 14 3347 287 3383; baseline -0.007 -9"><span class='ocrx_word' id='word_1_91' title='bbox 14 3365 18 3369; x_wconf 89' lang='lat'><em>-</em></span> <span class='ocrx_word' id='word_1_92' title='bbox 40 3347 188 3383; x_wconf 83' lang='lat' dir='ltr'>Virg.Acn.</span> <span class='ocrx_word' id='word_1_93' title='bbox 203 3355 230 3380; x_wconf 83' lang='lat'>9,</span> <span class='ocrx_word' id='word_1_94' title='bbox 240 3348 287 3381; x_wconf 69' lang='lat'>76:</span> 
     </span>
     <span class='ocr_line' id='line_1_19' title="bbox 16 3382 505 3410; baseline 0 0"><span class='ocrx_word' id='word_1_95' title='bbox 16 3384 19 3390; x_wconf 90' lang='grc'><strong>“</strong></span> <span class='ocrx_word' id='word_1_96' title='bbox 41 3383 90 3410; x_wconf 79' lang='lat' dir='ltr'>Per</span> <span class='ocrx_word' id='word_1_97' title='bbox 112 3384 236 3410; x_wconf 85' lang='lat' dir='ltr'>somnum</span> <span class='ocrx_word' id='word_1_98' title='bbox 256 3382 400 3409; x_wconf 85' lang='lat' dir='ltr'>commixta</span> <span class='ocrx_word' id='word_1_99' title='bbox 420 3391 505 3410; x_wconf 89' lang='lat' dir='ltr'>mero.</span> 
     </span>
    </p>
   </div>
   <div class='ocr_carea' id='block_1_12' title="bbox 39 3773 324 3802">
    <p class='ocr_par' dir='ltr' id='par_1_12' title="bbox 39 3773 324 3802">
     <span class='ocr_line' id='line_1_20' title="bbox 39 3773 324 3802; baseline -0.004 0"><span class='ocrx_word' id='word_1_100' title='bbox 39 3773 104 3802; x_wconf 73' lang='lat' dir='ltr'>haec</span> <span class='ocrx_word' id='word_1_101' title='bbox 118 3773 197 3801; x_wconf 84' lang='lat' dir='ltr'>habet</span> <span class='ocrx_word' id='word_1_102' title='bbox 212 3773 324 3801; x_wconf 84' lang='lat' dir='ltr'>brassica.</span> 
     </span>
    </p>
   </div>
   <div class='ocr_carea' id='block_1_13' title="bbox 0 2997 35 3877">
    <p class='ocr_par' dir='ltr' id='par_1_13' title="bbox 0 2997 35 3877">
     <span class='ocr_line' id='line_1_21' title="bbox 0 2997 35 3877; baseline 0 0"><span class='ocrx_word' id='word_1_103' title='bbox 0 2997 35 3877; x_wconf 95' lang='lat' dir='ltr'> </span> 
     </span>
    </p>
   </div>
   <div class='ocr_carea' id='block_1_14' title="bbox 50 310 1092 668">
    <p class='ocr_par' dir='ltr' id='par_1_14' title="bbox 50 310 1092 668">
     <span class='ocr_line' id='line_1_22' title="bbox 93 310 1092 345; baseline -0.001 -5"><span class='ocrx_word' id='word_1_104' title='bbox 93 320 136 340; x_wconf 91' lang='lat' dir='ltr'>co</span> <span class='ocrx_word' id='word_1_105' title='bbox 146 319 170 339; x_wconf 80' lang='grc' dir='ltr'><strong>Μ</strong></span> <span class='ocrx_word' id='word_1_106' title='bbox 182 319 205 338; x_wconf 80' lang='grc' dir='ltr'><strong>Μ</strong></span> <span class='ocrx_word' id='word_1_107' title='bbox 216 319 232 338; x_wconf 79' lang='lat' dir='ltr'>E</span> <span class='ocrx_word' id='word_1_108' title='bbox 243 319 263 337; x_wconf 74' lang='grc' dir='ltr'>Ν</span> <span class='ocrx_word' id='word_1_109' title='bbox 274 318 349 339; x_wconf 59' lang='grc' dir='ltr'>ΤΑΒ</span> <span class='ocrx_word' id='word_1_110' title='bbox 361 321 369 339; x_wconf 87' lang='grc'>1</span> <span class='ocrx_word' id='word_1_111' title='bbox 381 320 396 339; x_wconf 79' lang='lat' dir='ltr'>r.</span> <span class='ocrx_word' id='word_1_112' title='bbox 407 320 427 339; x_wconf 81' lang='lat' dir='ltr'>N</span> <span class='ocrx_word' id='word_1_113' title='bbox 437 320 449 340; x_wconf 86' lang='lat' dir='ltr'>s</span> <span class='ocrx_word' id='word_1_114' title='bbox 460 320 467 338; x_wconf 83' lang='lat'>1</span> <span class='ocrx_word' id='word_1_115' title='bbox 478 319 507 343; x_wconf 83' lang='lat' dir='ltr'>s,</span> <span class='ocrx_word' id='word_1_116' title='bbox 539 311 569 336; x_wconf 90' lang='lat' dir='ltr'>is.</span> <span class='ocrx_word' id='word_1_117' title='bbox 604 318 640 335; x_wconf 85' lang='lat' dir='ltr'>m.</span> <span class='ocrx_word' id='word_1_118' title='bbox 689 310 740 344; x_wconf 71' lang='lat' dir='ltr'>Qu·</span> <span class='ocrx_word' id='word_1_119' title='bbox 760 310 951 339; x_wconf 64' lang='lat' dir='ltr'>Commentarios</span> <span class='ocrx_word' id='word_1_120' title='bbox 969 320 1058 345; x_wconf 79' lang='lat' dir='ltr'>curat,</span> <span class='ocrx_word' id='word_1_121' title='bbox 1077 321 1092 339; x_wconf 86' lang='lat' dir='ltr'>a</span> 
     </span>
     <span class='ocr_line' id='line_1_23' title="bbox 57 345 1091 382; baseline 0.001 -8"><span class='ocrx_word' id='word_1_122' title='bbox 57 348 274 379; x_wconf 84' lang='lat' dir='ltr'>Commentariis,</span> <span class='ocrx_word' id='word_1_123' title='bbox 294 355 323 373; x_wconf 81' lang='lat' dir='ltr'>vt</span> <span class='ocrx_word' id='word_1_124' title='bbox 338 349 405 374; x_wconf 70' lang='lat' dir='ltr'>modo</span> <span class='ocrx_word' id='word_1_125' title='bbox 419 348 534 374; x_wconf 73' lang='lat' dir='ltr'>vidimus.</span> <span class='ocrx_word' id='word_1_126' title='bbox 587 345 715 371; x_wconf 84' lang='lat' dir='ltr'>Asconius</span> <span class='ocrx_word' id='word_1_127' title='bbox 730 346 757 371; x_wconf 90' lang='lat' dir='ltr'>in</span> <span class='ocrx_word' id='word_1_128' title='bbox 772 347 827 373; x_wconf 78' lang='lat' dir='ltr'>Cic.</span> <span class='ocrx_word' id='word_1_129' title='bbox 842 349 918 374; x_wconf 89' lang='lat' dir='ltr'>Vcrr.</span> <span class='ocrx_word' id='word_1_130' title='bbox 935 357 961 380; x_wconf 92' lang='lat'>1,</span> <span class='ocrx_word' id='word_1_131' title='bbox 973 356 1002 382; x_wconf 89' lang='lat'>71</span> <span class='ocrx_word' id='word_1_132' title='bbox 1024 357 1045 374; x_wconf 90' lang='lat' dir='ltr'>c.</span> <span class='ocrx_word' id='word_1_133' title='bbox 1060 353 1091 378; x_wconf 79' lang='lat'>28</span> 
     </span>
     <span class='ocr_line' id='line_1_24' title="bbox 57 381 1091 415; baseline 0.005 -10"><span class='ocrx_word' id='word_1_134' title='bbox 57 384 181 411; x_wconf 70' lang='lat' dir='ltr'>Accensus</span> <span class='ocrx_word' id='word_1_135' title='bbox 194 392 290 410; x_wconf 63' lang='lat' dir='ltr'>nomen</span> <span class='ocrx_word' id='word_1_136' title='bbox 305 383 340 409; x_wconf 76' lang='lat' dir='ltr'>est</span> <span class='ocrx_word' id='word_1_137' title='bbox 354 384 470 415; x_wconf 74' lang='lat' dir='ltr'>ordinis,</span> <span class='ocrx_word' id='word_1_138' title='bbox 489 387 513 407; x_wconf 86' lang='lat' dir='ltr'>et</span> <span class='ocrx_word' id='word_1_139' title='bbox 527 381 705 415; x_wconf 83' lang='lat' dir='ltr'>promotionis</span> <span class='ocrx_word' id='word_1_140' title='bbox 721 382 747 407; x_wconf 93' lang='lat' dir='ltr'>iu</span> <span class='ocrx_word' id='word_1_141' title='bbox 763 383 860 409; x_wconf 83' lang='lat' dir='ltr'>militia</span> <span class='ocrx_word' id='word_1_142' title='bbox 870 403 878 415; x_wconf 91' lang='lat'>,</span> <span class='ocrx_word' id='word_1_143' title='bbox 901 390 929 409; x_wconf 87' lang='lat' dir='ltr'>vt</span> <span class='ocrx_word' id='word_1_144' title='bbox 944 393 1013 410; x_wconf 90' lang='lat' dir='ltr'>nunc</span> <span class='ocrx_word' id='word_1_145' title='bbox 1027 384 1091 410; x_wconf 84' lang='lat' dir='ltr'>dici-</span> 
     </span>
     <span class='ocr_line' id='line_1_25' title="bbox 56 417 1091 453; baseline 0 -8"><span class='ocrx_word' id='word_1_146' title='bbox 56 425 98 446; x_wconf 91' lang='lat' dir='ltr'>tur</span> <span class='ocrx_word' id='word_1_147' title='bbox 110 419 230 453; x_wconf 84' lang='lat' dir='ltr'>Princeps</span> <span class='ocrx_word' id='word_1_148' title='bbox 244 419 285 445; x_wconf 87' lang='lat' dir='ltr'>vel</span> <span class='ocrx_word' id='word_1_149' title='bbox 301 417 545 444; x_wconf 76' lang='lat' dir='ltr'>Commentarienfls</span> <span class='ocrx_word' id='word_1_150' title='bbox 559 422 603 442; x_wconf 87' lang='lat' dir='ltr'>aut</span> <span class='ocrx_word' id='word_1_151' title='bbox 617 418 824 445; x_wconf 78' lang='lat' dir='ltr'>cornicularius.</span> <span class='ocrx_word' id='word_1_152' title='bbox 868 420 938 445; x_wconf 85' lang='lat' dir='ltr'>Haec</span> <span class='ocrx_word' id='word_1_153' title='bbox 952 420 1024 445; x_wconf 87' lang='lat' dir='ltr'>enim</span> <span class='ocrx_word' id='word_1_154' title='bbox 1044 428 1091 445; x_wconf 84' lang='lat' dir='ltr'>no-</span> 
     </span>
     <span class='ocr_line' id='line_1_26' title="bbox 56 453 1090 489; baseline -0.001 -8"><span class='ocrx_word' id='word_1_155' title='bbox 56 455 128 481; x_wconf 86' lang='lat' dir='ltr'>mina</span> <span class='ocrx_word' id='word_1_156' title='bbox 140 454 172 481; x_wconf 82' lang='lat' dir='ltr'>de</span> <span class='ocrx_word' id='word_1_157' title='bbox 188 455 345 489; x_wconf 84' lang='lat' dir='ltr'>Legionaria</span> <span class='ocrx_word' id='word_1_158' title='bbox 364 454 460 480; x_wconf 87' lang='lat' dir='ltr'>militia</span> <span class='ocrx_word' id='word_1_159' title='bbox 478 453 561 478; x_wconf 82' lang='lat' dir='ltr'>fiuuta</span> <span class='ocrx_word' id='word_1_160' title='bbox 576 453 641 478; x_wconf 84' lang='lat' dir='ltr'>sunt.</span> <span class='ocrx_word' id='word_1_161' title='bbox 703 454 761 480; x_wconf 40' lang='lat' dir='ltr'>ir&#39;iu&#39;.</span> <span class='ocrx_word' id='word_1_162' title='bbox 781 454 809 479; x_wconf 72' lang='lat' dir='ltr'>cle</span> <span class='ocrx_word' id='word_1_163' title='bbox 828 454 938 480; x_wconf 82' lang='lat' dir='ltr'>literatis</span> <span class='ocrx_word' id='word_1_164' title='bbox 958 454 1090 481; x_wconf 82' lang='lat' dir='ltr'>militibus</span> 
     </span>
     <span class='ocr_line' id='line_1_27' title="bbox 55 489 1091 526; baseline -0.002 -9"><span class='ocrx_word' id='word_1_165' title='bbox 55 500 182 526; x_wconf 70' lang='lat' dir='ltr'>corumque</span> <span class='ocrx_word' id='word_1_166' title='bbox 199 490 337 517; x_wconf 71' lang='lat' dir='ltr'>muneribus</span> <span class='ocrx_word' id='word_1_167' title='bbox 357 491 446 523; x_wconf 87' lang='lat' dir='ltr'>Veget.</span> <span class='ocrx_word' id='word_1_168' title='bbox 465 496 496 519; x_wconf 89' lang='lat'>2,</span> <span class='ocrx_word' id='word_1_169' title='bbox 518 496 553 519; x_wconf 80' lang='lat'>19.</span> <span class='ocrx_word' id='word_1_170' title='bbox 611 490 659 514; x_wconf 84' lang='lat' dir='ltr'>Pro</span> <span class='ocrx_word' id='word_1_171' title='bbox 678 489 812 516; x_wconf 62' lang='lat' dir='ltr'>‘lithulario</span> <span class='ocrx_word' id='word_1_172' title='bbox 822 490 875 524; x_wconf 80' lang='lat' dir='ltr'>sine</span> <span class='ocrx_word' id='word_1_173' title='bbox 891 489 1030 520; x_wconf 72' lang='lat' dir='ltr'>AHuario,</span> <span class='ocrx_word' id='word_1_174' title='bbox 1049 493 1091 525; x_wconf 80' lang='lat' dir='ltr'>qui</span> 
     </span>
     <span class='ocr_line' id='line_1_28' title="bbox 50 523 1090 562; baseline -0.001 -10"><span class='ocrx_word' id='word_1_175' title='bbox 50 527 164 562; x_wconf 75' lang='lat' dir='ltr'>publicus</span> <span class='ocrx_word' id='word_1_176' title='bbox 177 528 264 552; x_wconf 70' lang='lat' dir='ltr'>literas</span> <span class='ocrx_word' id='word_1_177' title='bbox 275 525 408 560; x_wconf 77' lang='lat' dir='ltr'>perscribit</span> <span class='ocrx_word' id='word_1_178' title='bbox 419 531 492 559; x_wconf 80' lang='lat' dir='ltr'>atque</span> <span class='ocrx_word' id='word_1_179' title='bbox 504 523 618 556; x_wconf 66' lang='lat' dir='ltr'>ajs&#39;iwmt.</span> <span class='ocrx_word' id='word_1_180' title='bbox 675 526 777 551; x_wconf 75' lang='lat' dir='ltr'>Paullus</span> <span class='ocrx_word' id='word_1_181' title='bbox 796 527 823 551; x_wconf 91' lang='lat' dir='ltr'>iu</span> <span class='ocrx_word' id='word_1_182' title='bbox 837 526 854 551; x_wconf 97' lang='lat' dir='ltr'>l.</span> <span class='ocrx_word' id='word_1_183' title='bbox 869 534 900 558; x_wconf 78' lang='lat'>45</span> <span class='ocrx_word' id='word_1_184' title='bbox 927 524 950 561; x_wconf 84' lang='lat'>§.</span> <span class='ocrx_word' id='word_1_185' title='bbox 965 528 981 551; x_wconf 89' lang='grc'><strong><em>6</em></strong></span> <span class='ocrx_word' id='word_1_186' title='bbox 1008 526 1039 551; x_wconf 92' lang='lat' dir='ltr'>D.</span> <span class='ocrx_word' id='word_1_187' title='bbox 1058 525 1090 557; x_wconf 67' lang='lat' dir='ltr'>dc</span> 
     </span>
     <span class='ocr_line' id='line_1_29' title="bbox 56 559 1092 596; baseline -0.002 -8"><span class='ocrx_word' id='word_1_188' title='bbox 56 563 108 588; x_wconf 76' lang='lat' dir='ltr'>iur.</span> <span class='ocrx_word' id='word_1_189' title='bbox 122 561 174 588; x_wconf 86' lang='lat' dir='ltr'>tisc.</span> <span class='ocrx_word' id='word_1_190' title='bbox 194 562 305 595; x_wconf 76' lang='lat' dir='ltr'>Qioties</span> <span class='ocrx_word' id='word_1_191' title='bbox 319 560 384 594; x_wconf 87' lang='lat' dir='ltr'>apud</span> <span class='ocrx_word' id='word_1_192' title='bbox 399 560 487 585; x_wconf 84' lang='lat' dir='ltr'>fiscum</span> <span class='ocrx_word' id='word_1_193' title='bbox 505 560 607 593; x_wconf 78' lang='lat' dir='ltr'>agitur,</span> <span class='ocrx_word' id='word_1_194' title='bbox 625 559 744 587; x_wconf 71' lang='lat' dir='ltr'>ac&#39;iorum</span> <span class='ocrx_word' id='word_1_195' title='bbox 759 561 867 596; x_wconf 86' lang='lat' dir='ltr'>potestas</span> <span class='ocrx_word' id='word_1_196' title='bbox 881 561 1031 595; x_wconf 84' lang='lat' dir='ltr'>postulanda</span> <span class='ocrx_word' id='word_1_197' title='bbox 1045 560 1092 592; x_wconf 82' lang='lat' dir='ltr'>est,</span> 
     </span>
     <span class='ocr_line' id='line_1_30' title="bbox 55 595 1090 629; baseline 0.003 -9"><span class='ocrx_word' id='word_1_198' title='bbox 55 604 83 624; x_wconf 80' lang='lat' dir='ltr'>vt</span> <span class='ocrx_word' id='word_1_199' title='bbox 96 598 194 624; x_wconf 71' lang='lat' dir='ltr'>merito</span> <span class='ocrx_word' id='word_1_200' title='bbox 209 599 242 624; x_wconf 67' lang='lat' dir='ltr'>iis</span> <span class='ocrx_word' id='word_1_201' title='bbox 256 597 294 623; x_wconf 83' lang='lat' dir='ltr'>vti</span> <span class='ocrx_word' id='word_1_202' title='bbox 306 595 396 621; x_wconf 84' lang='lat' dir='ltr'>liccat:</span> <span class='ocrx_word' id='word_1_203' title='bbox 421 603 504 629; x_wconf 84' lang='lat' dir='ltr'>eaque</span> <span class='ocrx_word' id='word_1_204' title='bbox 518 604 595 621; x_wconf 84' lang='lat' dir='ltr'>manu</span> <span class='ocrx_word' id='word_1_205' title='bbox 610 597 849 623; x_wconf 77' lang='lat' dir='ltr'>connncntaricnlis</span> <span class='ocrx_word' id='word_1_206' title='bbox 864 597 1011 624; x_wconf 82' lang='lat' dir='ltr'>adnotanda</span> <span class='ocrx_word' id='word_1_207' title='bbox 1024 598 1090 623; x_wconf 89' lang='lat' dir='ltr'>sunt.</span> 
     </span>
     <span class='ocr_line' id='line_1_31' title="bbox 56 628 1091 668; baseline 0.004 -13"><span class='ocrx_word' id='word_1_208' title='bbox 56 633 102 661; x_wconf 63' lang='lat' dir='ltr'>scd</span> <span class='ocrx_word' id='word_1_209' title='bbox 295 628 315 666; x_wconf 58' lang='lat' dir='ltr'><strong>ff</strong></span> <span class='ocrx_word' id='word_1_210' title='bbox 335 639 350 657; x_wconf 84' lang='lat'>2</span> <span class='ocrx_word' id='word_1_211' title='bbox 383 633 505 666; x_wconf 67' lang='lat' dir='ltr'>peculiari</span> <span class='ocrx_word' id='word_1_212' title='bbox 524 635 621 657; x_wconf 77' lang='lat' dir='ltr'>notione</span> <span class='ocrx_word' id='word_1_213' title='bbox 636 635 743 667; x_wconf 71' lang='lat' dir='ltr'>punitur</span> <span class='ocrx_word' id='word_1_214' title='bbox 763 633 1023 664; x_wconf 78' lang='lat' dir='ltr'>Commentariensis,</span> <span class='ocrx_word' id='word_1_215' title='bbox 1042 640 1091 668; x_wconf 80' lang='lat' dir='ltr'>pro</span> 
     </span>
    </p>
   </div>
   <div class='ocr_carea' id='block_1_15' title="bbox 1113 320 1127 346">
    <p class='ocr_par' dir='ltr' id='par_1_15' title="bbox 1113 320 1127 346">
     <span class='ocr_line' id='line_1_32' title="bbox 1113 320 1127 346; textangle 90"><span class='ocrx_word' id='word_1_216' title='bbox 1113 320 1127 346; x_wconf 63' lang='lat' dir='ltr'>u·</span> 
     </span>
    </p>
   </div>
   <div class='ocr_carea' id='block_1_16' title="bbox 1107 498 1136 516">
    <p class='ocr_par' dir='ltr' id='par_1_16' title="bbox 1107 498 1136 516">
     <span class='ocr_line' id='line_1_33' title="bbox 1107 498 1136 516; baseline -0.034 0"><span class='ocrx_word' id='word_1_217' title='bbox 1107 498 1136 516; x_wconf 90' lang='lat'>10</span> 
     </span>
    </p>
   </div>
   <div class='ocr_carea' id='block_1_17' title="bbox 1533 85 2201 149">
    <p class='ocr_par' dir='ltr' id='par_1_17' title="bbox 1533 85 2201 149">
     <span class='ocr_line' id='line_1_34' title="bbox 1533 85 2201 149; baseline 0.004 -24"><span class='ocrx_word' id='word_1_218' title='bbox 1533 85 1569 125; x_wconf 89' lang='lat' dir='ltr'>c</span> <span class='ocrx_word' id='word_1_219' title='bbox 1642 87 1678 126; x_wconf 91' lang='lat' dir='ltr'>o</span> <span class='ocrx_word' id='word_1_220' title='bbox 1753 87 1801 128; x_wconf 86' lang='lat' dir='ltr'><strong>M</strong></span> <span class='ocrx_word' id='word_1_221' title='bbox 2100 112 2201 149; x_wconf 20' lang='lat'>,054⁷</span> 
     </span>
    </p>
   </div>
   <div class='ocr_carea' id='block_1_18' title="bbox 1152 169 2203 633">
    <p class='ocr_par' dir='ltr' id='par_1_18' title="bbox 1156 169 2197 311">
     <span class='ocr_line' id='line_1_35' title="bbox 1157 169 2193 215; baseline 0.021 -21"><span class='ocrx_word' id='word_1_222' title='bbox 1157 169 1224 197; x_wconf 80' lang='lat' dir='ltr'>Ter.</span> <span class='ocrx_word' id='word_1_223' title='bbox 1241 169 1305 197; x_wconf 72' lang='lat' dir='ltr'>Hec.</span> <span class='ocrx_word' id='word_1_224' title='bbox 1321 178 1338 201; x_wconf 81' lang='lat'>1,</span> <span class='ocrx_word' id='word_1_225' title='bbox 1353 178 1377 202; x_wconf 83' lang='lat'>2,</span> <span class='ocrx_word' id='word_1_226' title='bbox 1392 179 1424 212; x_wconf 59' lang='lat'>33}</span> <span class='ocrx_word' id='word_1_227' title='bbox 1441 173 1490 212; x_wconf 56' lang='lat' dir='ltr'>⁵Ibi</span> <span class='ocrx_word' id='word_1_228' title='bbox 1505 172 1611 203; x_wconf 81' lang='lat' dir='ltr'>demum</span> <span class='ocrx_word' id='word_1_229' title='bbox 1631 177 1666 203; x_wconf 82' lang='lat' dir='ltr'>ita</span> <span class='ocrx_word' id='word_1_230' title='bbox 1680 185 1756 211; x_wconf 80' lang='lat' dir='ltr'><strong>aegre</strong></span> <span class='ocrx_word' id='word_1_231' title='bbox 1772 175 1849 210; x_wconf 83' lang='lat' dir='ltr'>tulit,</span> <span class='ocrx_word' id='word_1_232' title='bbox 1866 184 1894 204; x_wconf 84' lang='lat' dir='ltr'>vt</span> <span class='ocrx_word' id='word_1_233' title='bbox 1913 180 1992 214; x_wconf 78' lang='lat' dir='ltr'>ipsam</span> <span class='ocrx_word' id='word_1_234' title='bbox 2006 185 2162 215; x_wconf 76' lang='lat' dir='ltr'>Bacchidem</span> <span class='ocrx_word' id='word_1_235' title='bbox 2175 187 2193 215; x_wconf 84' lang='lat' dir='ltr'><strong>fi</strong></span> 
     </span>
     <span class='ocr_line' id='line_1_36' title="bbox 1157 206 2184 255; baseline 0.021 -26"><span class='ocrx_word' id='word_1_236' title='bbox 1157 206 1266 237; x_wconf 77' lang='lat' dir='ltr'>adesset,</span> <span class='ocrx_word' id='word_1_237' title='bbox 1307 206 1386 232; x_wconf 79' lang='lat' dir='ltr'>credo</span> <span class='ocrx_word' id='word_1_238' title='bbox 1409 206 1448 247; x_wconf 76' lang='lat' dir='ltr'>ibt</span> <span class='ocrx_word' id='word_1_239' title='bbox 1467 210 1524 235; x_wconf 87' lang='lat' dir='ltr'>eius</span> <span class='ocrx_word' id='word_1_240' title='bbox 1546 213 1791 240; x_wconf 82' lang='lat' dir='ltr'>commiserescerct.</span> <span class='ocrx_word' id='word_1_241' title='bbox 1847 214 1943 241; x_wconf 81' lang='lat' dir='ltr'>Ennius</span> <span class='ocrx_word' id='word_1_242' title='bbox 1958 219 2081 248; x_wconf 66' lang='lat' dir='ltr'>tic-&amp;oris</span> <span class='ocrx_word' id='word_1_243' title='bbox 2098 224 2184 255; x_wconf 90' lang='lat' dir='ltr'>Lytris</span> 
     </span>
     <span class='ocr_line' id='line_1_37' title="bbox 1156 242 2197 286; baseline 0.019 -20"><span class='ocrx_word' id='word_1_244' title='bbox 1156 243 1250 283; x_wconf 75' lang='lat' dir='ltr'>Seruos</span> <span class='ocrx_word' id='word_1_245' title='bbox 1263 247 1287 267; x_wconf 88' lang='lat' dir='ltr'>et</span> <span class='ocrx_word' id='word_1_246' title='bbox 1301 242 1415 281; x_wconf 75' lang='lat' dir='ltr'>vestrum</span> <span class='ocrx_word' id='word_1_247' title='bbox 1431 246 1588 279; x_wconf 78' lang='lat' dir='ltr'>imperium,</span> <span class='ocrx_word' id='word_1_248' title='bbox 1606 255 1631 274; x_wconf 88' lang='lat' dir='ltr'>et</span> <span class='ocrx_word' id='word_1_249' title='bbox 1646 247 1724 275; x_wconf 77' lang='lat' dir='ltr'>fidem</span> <span class='ocrx_word' id='word_1_250' title='bbox 1739 249 1940 282; x_wconf 80' lang='lat' dir='ltr'>Myrmidonum</span> <span class='ocrx_word' id='word_1_251' title='bbox 1953 254 2045 286; x_wconf 80' lang='lat' dir='ltr'>vigiles</span> <span class='ocrx_word' id='word_1_252' title='bbox 2060 243 2197 286; x_wconf 62' lang='lat' dir='ltr'>commiscz</span> 
     </span>
     <span class='ocr_line' id='line_1_38' title="bbox 1156 277 1462 311; baseline -0.003 -7"><span class='ocrx_word' id='word_1_253' title='bbox 1156 281 1248 304; x_wconf 71' lang='lat' dir='ltr'>rescire</span> <span class='ocrx_word' id='word_1_254' title='bbox 1264 277 1368 303; x_wconf 77' lang='lat' dir='ltr'>Nonius</span> <span class='ocrx_word' id='word_1_255' title='bbox 1383 286 1409 310; x_wconf 87' lang='lat'>7,</span> <span class='ocrx_word' id='word_1_256' title='bbox 1423 286 1462 311; x_wconf 78' lang='lat'>37.</span> 
     </span>
    </p>

    <p class='ocr_par' dir='ltr' id='par_1_19' title="bbox 1154 316 2199 453">
     <span class='ocr_line' id='line_1_39' title="bbox 1187 316 2198 358; baseline 0.013 -22"><span class='ocrx_word' id='word_1_257' title='bbox 1187 319 1209 352; x_wconf 34' lang='lat' dir='ltr'>*C</span> <span class='ocrx_word' id='word_1_258' title='bbox 1221 319 1240 338; x_wconf 93' lang='lat' dir='ltr'>O</span> <span class='ocrx_word' id='word_1_259' title='bbox 1253 320 1276 337; x_wconf 80' lang='grc' dir='ltr'>Μ</span> <span class='ocrx_word' id='word_1_260' title='bbox 1286 319 1326 338; x_wconf 74' lang='lat' dir='ltr'>Mi</span> <span class='ocrx_word' id='word_1_261' title='bbox 1337 321 1349 339; x_wconf 85' lang='lat' dir='ltr'>S</span> <span class='ocrx_word' id='word_1_262' title='bbox 1360 320 1375 339; x_wconf 86' lang='lat' dir='ltr'>E</span> <span class='ocrx_word' id='word_1_263' title='bbox 1385 320 1402 339; x_wconf 79' lang='lat' dir='ltr'>R</span> <span class='ocrx_word' id='word_1_264' title='bbox 1412 320 1455 340; x_wconf 76' lang='lat'>130</span> <span class='ocrx_word' id='word_1_265' title='bbox 1464 321 1498 344; x_wconf 86' lang='lat' dir='ltr'>R,</span> <span class='ocrx_word' id='word_1_266' title='bbox 1518 316 1567 341; x_wconf 60' lang='lat' dir='ltr'>Eri.</span> <span class='ocrx_word' id='word_1_267' title='bbox 1608 318 1763 346; x_wconf 65' lang='lat' dir='ltr'>Vehementer</span> <span class='ocrx_word' id='word_1_268' title='bbox 1782 319 1901 356; x_wconf 72' lang='lat' dir='ltr'>mifirfri.</span> <span class='ocrx_word' id='word_1_269' title='bbox 1939 322 2006 349; x_wconf 84' lang='lat' dir='ltr'>Gell.</span> <span class='ocrx_word' id='word_1_270' title='bbox 2028 331 2044 347; x_wconf 73' lang='lat'>7</span> <span class='ocrx_word' id='word_1_271' title='bbox 2053 343 2060 356; x_wconf 81' lang='lat'><strong>‚</strong></span> <span class='ocrx_word' id='word_1_272' title='bbox 2080 333 2092 358; x_wconf 67' lang='grc' dir='ltr'><em>ς</em></span> <span class='ocrx_word' id='word_1_273' title='bbox 2120 329 2198 355; x_wconf 75' lang='lat' dir='ltr'>Com.</span> 
     </span>
     <span class='ocr_line' id='line_1_40' title="bbox 1156 349 2198 391; baseline 0.016 -19"><span class='ocrx_word' id='word_1_274' title='bbox 1156 349 1366 391; x_wconf 75' lang='lat' dir='ltr'>misereaturque</span> <span class='ocrx_word' id='word_1_275' title='bbox 1386 350 1524 390; x_wconf 77' lang='lat' dir='ltr'>interitum</span> <span class='ocrx_word' id='word_1_276' title='bbox 1548 351 1620 385; x_wconf 86' lang='lat' dir='ltr'>cius,</span> <span class='ocrx_word' id='word_1_277' title='bbox 1647 355 1695 387; x_wconf 87' lang='lat' dir='ltr'>qui</span> <span class='ocrx_word' id='word_1_278' title='bbox 1715 364 1762 388; x_wconf 88' lang='lat' dir='ltr'>per</span> <span class='ocrx_word' id='word_1_279' title='bbox 1782 356 1838 382; x_wconf 83' lang='lat' dir='ltr'>vim</span> <span class='ocrx_word' id='word_1_280' title='bbox 1860 356 2001 385; x_wconf 65' lang='lat' dir='ltr'>exstintstus</span> <span class='ocrx_word' id='word_1_281' title='bbox 2025 350 2198 389; x_wconf 67' lang='lat' dir='ltr'>existimatur.</span> 
     </span>
     <span class='ocr_line' id='line_1_41' title="bbox 1154 384 2199 431; baseline 0.012 -20"><span class='ocrx_word' id='word_1_282' title='bbox 1154 384 1198 411; x_wconf 74' lang='lat' dir='ltr'>Sic</span> <span class='ocrx_word' id='word_1_283' title='bbox 1210 385 1319 423; x_wconf 35' lang='grc' dir='ltr'><strong>(ιζ-0111011.</strong></span> <span class='ocrx_word' id='word_1_284' title='bbox 1353 386 1396 411; x_wconf 86' lang='lat' dir='ltr'>AI.</span> <span class='ocrx_word' id='word_1_285' title='bbox 1410 385 1626 413; x_wconf 86' lang='lat' dir='ltr'>Comnuscretur.</span> <span class='ocrx_word' id='word_1_286' title='bbox 1663 391 1693 415; x_wconf 75' lang='lat' dir='ltr'>lit</span> <span class='ocrx_word' id='word_1_287' title='bbox 1706 391 1835 427; x_wconf 70' lang='lat' dir='ltr'>impeison.</span> <span class='ocrx_word' id='word_1_288' title='bbox 1852 393 1919 419; x_wconf 82' lang='lat' dir='ltr'>Gell.</span> <span class='ocrx_word' id='word_1_289' title='bbox 1931 396 2006 427; x_wconf 81' lang='lat'>16,19</span> <span class='ocrx_word' id='word_1_290' title='bbox 2025 396 2126 422; x_wconf 78' lang='lat' dir='ltr'>Nautas</span> <span class='ocrx_word' id='word_1_291' title='bbox 2142 406 2199 431; x_wconf 84' lang='lat' dir='ltr'>pre·</span> 
     </span>
     <span class='ocr_line' id='line_1_42' title="bbox 1156 419 1844 453; baseline 0.013 -9"><span class='ocrx_word' id='word_1_292' title='bbox 1156 428 1215 445; x_wconf 90' lang='lat' dir='ltr'>cum</span> <span class='ocrx_word' id='word_1_293' title='bbox 1233 419 1305 445; x_wconf 82' lang='lat' dir='ltr'>illius</span> <span class='ocrx_word' id='word_1_294' title='bbox 1318 419 1413 446; x_wconf 87' lang='lat' dir='ltr'>harum</span> <span class='ocrx_word' id='word_1_295' title='bbox 1428 421 1637 448; x_wconf 85' lang='lat' dir='ltr'>commiseritum</span> <span class='ocrx_word' id='word_1_296' title='bbox 1652 424 1699 449; x_wconf 74' lang='lat' dir='ltr'>effe</span> <span class='ocrx_word' id='word_1_297' title='bbox 1713 426 1844 453; x_wconf 76' lang='lat' dir='ltr'>illatenus.</span> 
     </span>
    </p>

    <p class='ocr_par' dir='ltr' id='par_1_20' title="bbox 1152 455 2203 633">
     <span class='ocr_line' id='line_1_43' title="bbox 1193 455 2202 498; baseline 0.014 -19"><span class='ocrx_word' id='word_1_298' title='bbox 1193 461 1209 496; x_wconf 69' lang='grc' dir='ltr'>ς</span> <span class='ocrx_word' id='word_1_299' title='bbox 1222 461 1241 480; x_wconf 86' lang='lat' dir='ltr'>o</span> <span class='ocrx_word' id='word_1_300' title='bbox 1253 462 1308 496; x_wconf 52' lang='lat' dir='ltr'>aiat</span> <span class='ocrx_word' id='word_1_301' title='bbox 1320 463 1328 481; x_wconf 93' lang='lat'>1</span> <span class='ocrx_word' id='word_1_302' title='bbox 1338 462 1350 480; x_wconf 87' lang='lat' dir='ltr'>s</span> <span class='ocrx_word' id='word_1_303' title='bbox 1362 455 1378 482; x_wconf 71' lang='lat'>1}</span> <span class='ocrx_word' id='word_1_304' title='bbox 1388 464 1404 482; x_wconf 77' lang='lat' dir='ltr'>n</span> <span class='ocrx_word' id='word_1_305' title='bbox 1415 464 1433 482; x_wconf 92' lang='lat' dir='ltr'>o</span> <span class='ocrx_word' id='word_1_306' title='bbox 1444 464 1473 488; x_wconf 85' lang='lat' dir='ltr'>R,</span> <span class='ocrx_word' id='word_1_307' title='bbox 1495 457 1552 496; x_wconf 39' lang='lat' dir='ltr'>ari..</span> <span class='ocrx_word' id='word_1_308' title='bbox 1580 457 1734 493; x_wconf 67' lang='grc' dir='ltr'>[κατελεέω]</span> <span class='ocrx_word' id='word_1_309' title='bbox 1772 462 1973 498; x_wconf 68' lang='lat' dir='ltr'>Misiricorcliam</span> <span class='ocrx_word' id='word_1_310' title='bbox 1992 474 2094 498; x_wconf 72' lang='lat' dir='ltr'>mouere,</span> <span class='ocrx_word' id='word_1_311' title='bbox 2112 467 2202 492; x_wconf 73' lang='lat' dir='ltr'>lamen-</span> 
     </span>
     <span class='ocr_line' id='line_1_44' title="bbox 1155 492 2201 534; baseline 0.012 -19"><span class='ocrx_word' id='word_1_312' title='bbox 1155 497 1217 530; x_wconf 61' lang='lat' dir='ltr'>tari.</span> <span class='ocrx_word' id='word_1_313' title='bbox 1235 525 1240 530; x_wconf 40' lang='lat'><strong>.</strong></span> <span class='ocrx_word' id='word_1_314' title='bbox 1255 492 1395 518; x_wconf 62' lang='lat' dir='ltr'>cic-Nem</span> <span class='ocrx_word' id='word_1_315' title='bbox 1410 501 1430 523; x_wconf 87' lang='lat'>1,</span> <span class='ocrx_word' id='word_1_316' title='bbox 1442 493 1477 525; x_wconf 87' lang='lat'>46</span> <span class='ocrx_word' id='word_1_317' title='bbox 1497 492 1572 525; x_wconf 79' lang='lat' dir='ltr'>Qud</span> <span class='ocrx_word' id='word_1_318' title='bbox 1585 503 1666 527; x_wconf 88' lang='lat' dir='ltr'>quum</span> <span class='ocrx_word' id='word_1_319' title='bbox 1680 498 1870 530; x_wconf 76' lang='lat' dir='ltr'>commiserati,</span> <span class='ocrx_word' id='word_1_320' title='bbox 1889 501 2028 534; x_wconf 80' lang='lat' dir='ltr'>conqueri,</span> <span class='ocrx_word' id='word_1_321' title='bbox 2045 507 2070 527; x_wconf 84' lang='lat' dir='ltr'>ct</span> <span class='ocrx_word' id='word_1_322' title='bbox 2084 510 2116 527; x_wconf 84' lang='lat' dir='ltr'>ex</span> <span class='ocrx_word' id='word_1_323' title='bbox 2129 501 2201 528; x_wconf 92' lang='lat' dir='ltr'>illius</span> 
     </span>
     <span class='ocr_line' id='line_1_45' title="bbox 1155 525 2203 568; baseline 0.011 -17"><span class='ocrx_word' id='word_1_324' title='bbox 1155 525 1258 552; x_wconf 81' lang='lat' dir='ltr'>inuidia</span> <span class='ocrx_word' id='word_1_325' title='bbox 1270 526 1414 554; x_wconf 77' lang='lat' dir='ltr'>deonerare</span> <span class='ocrx_word' id='word_1_326' title='bbox 1428 527 1547 562; x_wconf 88' lang='lat' dir='ltr'>aliquid,</span> <span class='ocrx_word' id='word_1_327' title='bbox 1567 535 1592 555; x_wconf 83' lang='lat' dir='ltr'>ct</span> <span class='ocrx_word' id='word_1_328' title='bbox 1612 529 1640 555; x_wconf 88' lang='lat' dir='ltr'>in</span> <span class='ocrx_word' id='word_1_329' title='bbox 1659 536 1684 555; x_wconf 90' lang='lat' dir='ltr'>te</span> <span class='ocrx_word' id='word_1_330' title='bbox 1701 532 1823 558; x_wconf 86' lang='lat' dir='ltr'>traiicere</span> <span class='ocrx_word' id='word_1_331' title='bbox 1843 536 1959 568; x_wconf 81' lang='lat' dir='ltr'>coeperit</span> <span class='ocrx_word' id='word_1_332' title='bbox 1975 537 1983 562; x_wconf 68' lang='grc' dir='ltr'>ἒ</span> <span class='ocrx_word' id='word_1_333' title='bbox 2055 538 2203 563; x_wconf 85' lang='lat' dir='ltr'>Commisc-</span> 
     </span>
     <span class='ocr_line' id='line_1_46' title="bbox 1155 561 2203 623; baseline 0.012 -36"><span class='ocrx_word' id='word_1_334' title='bbox 1155 562 1210 588; x_wconf 91' lang='lat' dir='ltr'>rari</span> <span class='ocrx_word' id='word_1_335' title='bbox 1229 561 1365 623; x_wconf 48' lang='lat' dir='ltr'>{tartunam</span> <span class='ocrx_word' id='word_1_336' title='bbox 1386 563 1498 590; x_wconf 85' lang='lat' dir='ltr'>alicuius</span> <span class='ocrx_word' id='word_1_337' title='bbox 1517 564 1586 598; x_wconf 69' lang='lat' dir='ltr'>Nep.</span> <span class='ocrx_word' id='word_1_338' title='bbox 1601 572 1639 599; x_wconf 85' lang='lat'>17,</span> <span class='ocrx_word' id='word_1_339' title='bbox 1654 573 1682 598; x_wconf 76' lang='grc' dir='ltr'>ς,</span> <span class='ocrx_word' id='word_1_340' title='bbox 1694 574 1717 591; x_wconf 90' lang='lat'>2.</span> <span class='ocrx_word' id='word_1_341' title='bbox 1790 568 1862 604; x_wconf 81' lang='lat' dir='ltr'>Conf.</span> <span class='ocrx_word' id='word_1_342' title='bbox 1877 570 1945 596; x_wconf 84' lang='lat' dir='ltr'>Gell.</span> <span class='ocrx_word' id='word_1_343' title='bbox 1959 579 1986 606; x_wconf 82' lang='lat'>7,</span> <span class='ocrx_word' id='word_1_344' title='bbox 2008 579 2020 605; x_wconf 79' lang='grc' dir='ltr'><em>ς</em></span> <span class='ocrx_word' id='word_1_345' title='bbox 2046 582 2115 608; x_wconf 76' lang='lat' dir='ltr'>quem</span> <span class='ocrx_word' id='word_1_346' title='bbox 2133 573 2203 599; x_wconf 73' lang='lat' dir='ltr'>modo</span> 
     </span>
     <span class='ocr_line' id='line_1_47' title="bbox 1152 604 1310 633; baseline 0 -11"><span class='ocrx_word' id='word_1_347' title='bbox 1152 604 1227 633; x_wconf 67' lang='lat' dir='ltr'>pratu</span> <span class='ocrx_word' id='word_1_348' title='bbox 1239 606 1310 623; x_wconf 78' lang='lat' dir='ltr'>imus.</span> 
     </span>
    </p>
   </div>
   <div class='ocr_carea' id='block_1_19' title="bbox 1192 635 1621 661">
    <p class='ocr_par' dir='ltr' id='par_1_21' title="bbox 1192 635 1621 661">
     <span class='ocr_line' id='line_1_48' title="bbox 1192 635 1621 661; baseline 0.002 -1"><span class='ocrx_word' id='word_1_349' title='bbox 1192 639 1208 660; x_wconf 92' lang='lat' dir='ltr'>C</span> <span class='ocrx_word' id='word_1_350' title='bbox 1218 640 1236 659; x_wconf 89' lang='lat' dir='ltr'>o</span> <span class='ocrx_word' id='word_1_351' title='bbox 1245 640 1268 659; x_wconf 83' lang='lat' dir='ltr'>M</span> <span class='ocrx_word' id='word_1_352' title='bbox 1280 639 1303 658; x_wconf 83' lang='lat' dir='ltr'><strong>M</strong></span> <span class='ocrx_word' id='word_1_353' title='bbox 1314 640 1321 658; x_wconf 94' lang='lat'>1</span> <span class='ocrx_word' id='word_1_354' title='bbox 1332 639 1344 658; x_wconf 91' lang='lat' dir='ltr'>s</span> <span class='ocrx_word' id='word_1_355' title='bbox 1354 639 1371 658; x_wconf 76' lang='lat'>13</span> <span class='ocrx_word' id='word_1_356' title='bbox 1381 639 1399 658; x_wconf 81' lang='lat' dir='ltr'>R</span> <span class='ocrx_word' id='word_1_357' title='bbox 1409 640 1491 659; x_wconf 60' lang='lat' dir='ltr'>ans.</span> <span class='ocrx_word' id='word_1_358' title='bbox 1528 635 1621 661; x_wconf 83' lang='lat' dir='ltr'>Partic.</span> 
     </span>
    </p>
   </div>
   <div class='ocr_carea' id='block_1_20' title="bbox 1657 635 2203 675">
    <p class='ocr_par' dir='ltr' id='par_1_22' title="bbox 1657 635 2203 675">
     <span class='ocr_line' id='line_1_49' title="bbox 1657 635 2203 675; baseline 0.02 -15"><span class='ocrx_word' id='word_1_359' title='bbox 1657 635 1858 673; x_wconf 66' lang='grc' dir='ltr'>[κατοικτείρων]</span> <span class='ocrx_word' id='word_1_360' title='bbox 1896 640 1964 667; x_wconf 78' lang='lat' dir='ltr'>Gell.</span> <span class='ocrx_word' id='word_1_361' title='bbox 1985 649 2006 673; x_wconf 71' lang='grc' dir='ltr'>ς,</span> <span class='ocrx_word' id='word_1_362' title='bbox 2028 649 2057 675; x_wconf 81' lang='lat'>¹4</span> <span class='ocrx_word' id='word_1_363' title='bbox 2084 641 2124 669; x_wconf 80' lang='lat' dir='ltr'>Ad</span> <span class='ocrx_word' id='word_1_364' title='bbox 2143 652 2203 671; x_wconf 77' lang='lat' dir='ltr'>ean-</span> 
     </span>
    </p>
   </div>
   <div class='ocr_carea' id='block_1_21' title="bbox 55 665 2205 712">
    <p class='ocr_par' dir='ltr' id='par_1_23' title="bbox 55 665 2205 712">
     <span class='ocr_line' id='line_1_50' title="bbox 55 665 2205 712; baseline 0.003 -18"><span class='ocrx_word' id='word_1_365' title='bbox 55 666 154 701; x_wconf 66' lang='lat' dir='ltr'>Custode</span> <span class='ocrx_word' id='word_1_366' title='bbox 167 677 196 694; x_wconf 84' lang='lat' dir='ltr'>ac</span> <span class='ocrx_word' id='word_1_367' title='bbox 203 665 330 703; x_wconf 63' lang='lat' dir='ltr'>praeseklo</span> <span class='ocrx_word' id='word_1_368' title='bbox 344 670 462 699; x_wconf 70' lang='lat' dir='ltr'>carceris,</span> <span class='ocrx_word' id='word_1_369' title='bbox 484 671 526 702; x_wconf 72' lang='lat' dir='ltr'>qui</span> <span class='ocrx_word' id='word_1_370' title='bbox 541 666 681 693; x_wconf 59' lang='lat' dir='ltr'>vinctorum</span> <span class='ocrx_word' id='word_1_371' title='bbox 693 672 791 694; x_wconf 76' lang='lat' dir='ltr'>nomina</span> <span class='ocrx_word' id='word_1_372' title='bbox 804 672 830 694; x_wconf 77' lang='lat' dir='ltr'>in</span> <span class='ocrx_word' id='word_1_373' title='bbox 843 669 1046 701; x_wconf 86' lang='lat' dir='ltr'>commentario,</span> <span class='ocrx_word' id='word_1_374' title='bbox 1065 668 1094 694; x_wconf 76' lang='lat' dir='ltr'>ni</span> <span class='ocrx_word' id='word_1_375' title='bbox 1112 676 1136 702; x_wconf 78' lang='grc' dir='ltr'>ις</span> <span class='ocrx_word' id='word_1_376' title='bbox 1156 668 1216 695; x_wconf 88' lang='lat' dir='ltr'>dem</span> <span class='ocrx_word' id='word_1_377' title='bbox 1230 668 1334 703; x_wconf 86' lang='lat' dir='ltr'>specum</span> <span class='ocrx_word' id='word_1_378' title='bbox 1346 668 1420 694; x_wconf 80' lang='lat' dir='ltr'>venit</span> <span class='ocrx_word' id='word_1_379' title='bbox 1434 668 1477 694; x_wconf 88' lang='lat' dir='ltr'>hic</span> <span class='ocrx_word' id='word_1_380' title='bbox 1493 669 1536 695; x_wconf 90' lang='lat' dir='ltr'>leo</span> <span class='ocrx_word' id='word_1_381' title='bbox 1554 670 1638 697; x_wconf 87' lang='lat' dir='ltr'>debili</span> <span class='ocrx_word' id='word_1_382' title='bbox 1653 666 1706 697; x_wconf 58' lang='lat' dir='ltr'>v&#39;no</span> <span class='ocrx_word' id='word_1_383' title='bbox 1721 679 1746 698; x_wconf 87' lang='lat' dir='ltr'>et</span> <span class='ocrx_word' id='word_1_384' title='bbox 1762 680 1872 699; x_wconf 81' lang='lat' dir='ltr'>cruento</span> <span class='ocrx_word' id='word_1_385' title='bbox 1886 676 1966 708; x_wconf 81' lang='lat' dir='ltr'>pede,</span> <span class='ocrx_word' id='word_1_386' title='bbox 1984 679 2098 711; x_wconf 64' lang='lat' dir='ltr'>gemitus</span> <span class='ocrx_word' id='word_1_387' title='bbox 2114 679 2205 712; x_wconf 71' lang='lat' dir='ltr'>edens,</span> 
     </span>
    </p>
   </div>
   <div class='ocr_carea' id='block_1_22' title="bbox 47 702 1092 1131">
    <p class='ocr_par' dir='ltr' id='par_1_24' title="bbox 54 702 1092 845">
     <span class='ocr_line' id='line_1_51' title="bbox 55 702 1092 739; baseline 0.001 -10"><span class='ocrx_word' id='word_1_388' title='bbox 55 702 87 736; x_wconf 72' lang='lat' dir='ltr'>est</span> <span class='ocrx_word' id='word_1_389' title='bbox 108 704 186 729; x_wconf 69' lang='lat' dir='ltr'>libello</span> <span class='ocrx_word' id='word_1_390' title='bbox 200 702 346 739; x_wconf 67' lang='lat' dir='ltr'>perscribat.</span> <span class='ocrx_word' id='word_1_391' title='bbox 406 703 487 729; x_wconf 84' lang='lat' dir='ltr'>Erunt</span> <span class='ocrx_word' id='word_1_392' title='bbox 508 704 772 733; x_wconf 82' lang='lat' dir='ltr'>commentaricnscS,</span> <span class='ocrx_word' id='word_1_393' title='bbox 793 704 889 738; x_wconf 86' lang='lat' dir='ltr'>quibus</span> <span class='ocrx_word' id='word_1_394' title='bbox 904 705 1092 731; x_wconf 86' lang='lat' dir='ltr'>damnatorum</span> 
     </span>
     <span class='ocr_line' id='line_1_52' title="bbox 54 737 1090 774; baseline 0.001 -9"><span class='ocrx_word' id='word_1_395' title='bbox 54 748 116 766; x_wconf 85' lang='lat' dir='ltr'>cura</span> <span class='ocrx_word' id='word_1_396' title='bbox 130 739 308 765; x_wconf 74' lang='lat' dir='ltr'>committatur</span> <span class='ocrx_word' id='word_1_397' title='bbox 323 737 371 764; x_wconf 93' lang='lat' dir='ltr'>Iul.</span> <span class='ocrx_word' id='word_1_398' title='bbox 387 739 495 765; x_wconf 85' lang='lat' dir='ltr'>Firmic.</span> <span class='ocrx_word' id='word_1_399' title='bbox 505 739 598 766; x_wconf 64' lang='lat' dir='ltr'>Antros.</span> <span class='ocrx_word' id='word_1_400' title='bbox 615 748 635 770; x_wconf 81' lang='lat'>3,</span> <span class='ocrx_word' id='word_1_401' title='bbox 648 742 673 765; x_wconf 92' lang='lat'>6.</span> <span class='ocrx_word' id='word_1_402' title='bbox 728 741 812 774; x_wconf 81' lang='lat' dir='ltr'>impp.</span> <span class='ocrx_word' id='word_1_403' title='bbox 829 740 846 765; x_wconf 92' lang='lat' dir='ltr'>l.</span> <span class='ocrx_word' id='word_1_404' title='bbox 857 748 876 772; x_wconf 79' lang='lat'>4</span> <span class='ocrx_word' id='word_1_405' title='bbox 901 741 932 766; x_wconf 88' lang='lat' dir='ltr'>C.</span> <span class='ocrx_word' id='word_1_406' title='bbox 947 740 979 766; x_wconf 86' lang='lat' dir='ltr'>de</span> <span class='ocrx_word' id='word_1_407' title='bbox 992 740 1090 767; x_wconf 86' lang='lat' dir='ltr'>custod.</span> 
     </span>
     <span class='ocr_line' id='line_1_53' title="bbox 54 774 1092 809; baseline 0.002 -8"><span class='ocrx_word' id='word_1_408' title='bbox 54 783 125 801; x_wconf 87' lang='lat' dir='ltr'>reor.</span> <span class='ocrx_word' id='word_1_409' title='bbox 180 774 219 800; x_wconf 80' lang='lat' dir='ltr'>Ad</span> <span class='ocrx_word' id='word_1_410' title='bbox 235 774 498 800; x_wconf 83' lang='lat' dir='ltr'>commentariensem</span> <span class='ocrx_word' id='word_1_411' title='bbox 527 781 690 809; x_wconf 83' lang='lat' dir='ltr'>receptarum</span> <span class='ocrx_word' id='word_1_412' title='bbox 712 776 884 809; x_wconf 86' lang='lat' dir='ltr'>personarum</span> <span class='ocrx_word' id='word_1_413' title='bbox 905 776 1023 802; x_wconf 80' lang='lat' dir='ltr'>custodia</span> <span class='ocrx_word' id='word_1_414' title='bbox 1045 776 1092 803; x_wconf 89' lang='lat' dir='ltr'>ob-</span> 
     </span>
     <span class='ocr_line' id='line_1_54' title="bbox 55 809 643 845; baseline -0.002 -8"><span class='ocrx_word' id='word_1_415' title='bbox 55 810 217 844; x_wconf 82' lang='lat' dir='ltr'>seruatioque</span> <span class='ocrx_word' id='word_1_416' title='bbox 240 809 389 843; x_wconf 85' lang='lat' dir='ltr'>pertineat:</span> <span class='ocrx_word' id='word_1_417' title='bbox 426 819 472 836; x_wconf 89' lang='lat' dir='ltr'>nec</span> <span class='ocrx_word' id='word_1_418' title='bbox 489 817 577 845; x_wconf 84' lang='lat' dir='ltr'>putet,</span> <span class='ocrx_word' id='word_1_419' title='bbox 597 818 643 836; x_wconf 78' lang='lat' dir='ltr'>etc.</span> 
     </span>
    </p>

    <p class='ocr_par' dir='ltr' id='par_1_25' title="bbox 47 845 1092 1059">
     <span class='ocr_line' id='line_1_55' title="bbox 90 845 1092 882; baseline -0.001 -10"><span class='ocrx_word' id='word_1_420' title='bbox 90 853 107 873; x_wconf 81' lang='lat' dir='ltr'>s:</span> <span class='ocrx_word' id='word_1_421' title='bbox 117 853 135 873; x_wconf 89' lang='lat'>0</span> <span class='ocrx_word' id='word_1_422' title='bbox 145 852 169 872; x_wconf 84' lang='grc' dir='ltr'><strong>Μ</strong></span> <span class='ocrx_word' id='word_1_423' title='bbox 180 852 204 871; x_wconf 86' lang='grc' dir='ltr'><strong><em>Μ</em></strong></span> <span class='ocrx_word' id='word_1_424' title='bbox 214 852 222 871; x_wconf 84' lang='lat'>1</span> <span class='ocrx_word' id='word_1_425' title='bbox 232 852 252 871; x_wconf 81' lang='lat' dir='ltr'>N</span> <span class='ocrx_word' id='word_1_426' title='bbox 265 853 293 871; x_wconf 75' lang='lat'>18</span> <span class='ocrx_word' id='word_1_427' title='bbox 303 851 324 870; x_wconf 89' lang='lat' dir='ltr'><strong>T</strong></span> <span class='ocrx_word' id='word_1_428' title='bbox 335 853 352 872; x_wconf 80' lang='lat' dir='ltr'>R</span> <span class='ocrx_word' id='word_1_429' title='bbox 362 853 381 872; x_wconf 93' lang='lat' dir='ltr'>O</span> <span class='ocrx_word' id='word_1_430' title='bbox 391 866 398 877; x_wconf 92' lang='lat'>‚</span> <span class='ocrx_word' id='word_1_431' title='bbox 419 851 471 873; x_wconf 56' lang='lat' dir='ltr'>xre.</span> <span class='ocrx_word' id='word_1_432' title='bbox 507 846 573 880; x_wconf 61' lang='lat' dir='ltr'>[tin-⁸</span> <span class='ocrx_word' id='word_1_433' title='bbox 589 848 633 878; x_wconf 68' lang='grc' dir='ltr'>γέω</span> <span class='ocrx_word' id='word_1_434' title='bbox 642 865 649 878; x_wconf 92' lang='lat'>,</span> <span class='ocrx_word' id='word_1_435' title='bbox 669 845 797 880; x_wconf 65' lang='grc' dir='ltr'>ὑπηρετῶ]</span> <span class='ocrx_word' id='word_1_436' title='bbox 834 846 900 873; x_wconf 64' lang='lat' dir='ltr'>Idem</span> <span class='ocrx_word' id='word_1_437' title='bbox 908 867 915 878; x_wconf 90' lang='lat'>‚</span> <span class='ocrx_word' id='word_1_438' title='bbox 935 846 1000 882; x_wconf 83' lang='lat' dir='ltr'>quod</span> <span class='ocrx_word' id='word_1_439' title='bbox 1010 848 1092 873; x_wconf 81' lang='lat' dir='ltr'>Mini-</span> 
     </span>
     <span class='ocr_line' id='line_1_56' title="bbox 47 879 1092 916; baseline 0 -8"><span class='ocrx_word' id='word_1_440' title='bbox 47 879 148 914; x_wconf 73' lang='lat' dir='ltr'>strare,</span> <span class='ocrx_word' id='word_1_441' title='bbox 166 880 282 907; x_wconf 67' lang='lat' dir='ltr'>sauclatur</span> <span class='ocrx_word' id='word_1_442' title='bbox 297 881 361 907; x_wconf 82' lang='lat' dir='ltr'>Pliu.</span> <span class='ocrx_word' id='word_1_443' title='bbox 377 887 418 913; x_wconf 74' lang='lat'>28,</span> <span class='ocrx_word' id='word_1_444' title='bbox 432 887 445 911; x_wconf 75' lang='lat'>8</span> <span class='ocrx_word' id='word_1_445' title='bbox 472 883 489 908; x_wconf 85' lang='lat' dir='ltr'>s.</span> <span class='ocrx_word' id='word_1_446' title='bbox 505 885 539 908; x_wconf 83' lang='lat'>26</span> <span class='ocrx_word' id='word_1_447' title='bbox 579 891 589 907; x_wconf 81' lang='lat' dir='ltr'>e</span> <span class='ocrx_word' id='word_1_448' title='bbox 605 882 724 915; x_wconf 61' lang='lat' dir='ltr'>ffiracna,</span> <span class='ocrx_word' id='word_1_449' title='bbox 745 882 827 916; x_wconf 84' lang='lat' dir='ltr'>Super</span> <span class='ocrx_word' id='word_1_450' title='bbox 842 883 933 908; x_wconf 81' lang='lat' dir='ltr'>onmia</span> <span class='ocrx_word' id='word_1_451' title='bbox 948 882 1000 914; x_wconf 86' lang='lat' dir='ltr'>est,</span> <span class='ocrx_word' id='word_1_452' title='bbox 1020 882 1092 916; x_wconf 90' lang='lat' dir='ltr'>quod</span> 
     </span>
     <span class='ocr_line' id='line_1_57' title="bbox 53 916 1092 952; baseline 0.001 -9"><span class='ocrx_word' id='word_1_453' title='bbox 53 923 194 943; x_wconf 80' lang='lat' dir='ltr'>extremam</span> <span class='ocrx_word' id='word_1_454' title='bbox 224 916 335 943; x_wconf 80' lang='lat' dir='ltr'>tiliulam</span> <span class='ocrx_word' id='word_1_455' title='bbox 357 917 475 944; x_wconf 83' lang='lat' dir='ltr'>intestini</span> <span class='ocrx_word' id='word_1_456' title='bbox 489 924 579 944; x_wconf 86' lang='lat' dir='ltr'>contra</span> <span class='ocrx_word' id='word_1_457' title='bbox 600 917 694 943; x_wconf 74' lang='lat' dir='ltr'>ductim</span> <span class='ocrx_word' id='word_1_458' title='bbox 713 926 742 943; x_wconf 88' lang='lat' dir='ltr'>ac</span> <span class='ocrx_word' id='word_1_459' title='bbox 762 917 917 951; x_wconf 77' lang='lat' dir='ltr'>potcstattnu</span> <span class='ocrx_word' id='word_1_460' title='bbox 937 918 1092 952; x_wconf 79' lang='lat' dir='ltr'>iniquitates</span> 
     </span>
     <span class='ocr_line' id='line_1_58' title="bbox 52 951 1091 988; baseline 0 -9"><span class='ocrx_word' id='word_1_461' title='bbox 52 951 276 984; x_wconf 74' lang='lat' dir='ltr'>comministram,</span> <span class='ocrx_word' id='word_1_462' title='bbox 297 960 322 978; x_wconf 84' lang='lat' dir='ltr'>et</span> <span class='ocrx_word' id='word_1_463' title='bbox 335 953 367 979; x_wconf 87' lang='lat' dir='ltr'>ad</span> <span class='ocrx_word' id='word_1_464' title='bbox 380 954 502 979; x_wconf 75' lang='lat' dir='ltr'>successus</span> <span class='ocrx_word' id='word_1_465' title='bbox 517 953 693 988; x_wconf 85' lang='lat' dir='ltr'>petitionum,</span> <span class='ocrx_word' id='word_1_466' title='bbox 714 952 932 987; x_wconf 85' lang='lat' dir='ltr'>iudiciorumque</span> <span class='ocrx_word' id='word_1_467' title='bbox 952 962 980 979; x_wconf 88' lang='lat' dir='ltr'>ac</span> <span class='ocrx_word' id='word_1_468' title='bbox 1001 954 1091 980; x_wconf 88' lang='lat' dir='ltr'>litium</span> 
     </span>
     <span class='ocr_line' id='line_1_59' title="bbox 51 987 1092 1024; baseline 0.003 -11"><span class='ocrx_word' id='word_1_469' title='bbox 51 994 176 1020; x_wconf 77' lang='lat' dir='ltr'>euentus,</span> <span class='ocrx_word' id='word_1_470' title='bbox 197 987 215 1014; x_wconf 84' lang='lat' dir='ltr'>fi</span> <span class='ocrx_word' id='word_1_471' title='bbox 229 989 341 1015; x_wconf 91' lang='lat' dir='ltr'>omuino</span> <span class='ocrx_word' id='word_1_472' title='bbox 355 995 455 1015; x_wconf 90' lang='lat' dir='ltr'>tantum</span> <span class='ocrx_word' id='word_1_473' title='bbox 471 989 567 1024; x_wconf 89' lang='lat' dir='ltr'>aliquis</span> <span class='ocrx_word' id='word_1_474' title='bbox 588 989 671 1014; x_wconf 85' lang='lat' dir='ltr'>secum</span> <span class='ocrx_word' id='word_1_475' title='bbox 691 988 792 1015; x_wconf 80' lang='lat' dir='ltr'>habeat.</span> <span class='ocrx_word' id='word_1_476' title='bbox 851 990 898 1016; x_wconf 72' lang='lat' dir='ltr'>Sed</span> <span class='ocrx_word' id='word_1_477' title='bbox 916 989 1092 1016; x_wconf 70' lang='lat' dir='ltr'>emendatiores</span> 
     </span>
     <span class='ocr_line' id='line_1_60' title="bbox 50 1024 479 1059; baseline 0.002 -9"><span class='ocrx_word' id='word_1_478' title='bbox 50 1024 242 1059; x_wconf 58' lang='lat' dir='ltr'>codIcerlcguut</span> <span class='ocrx_word' id='word_1_479' title='bbox 256 1025 479 1051; x_wconf 81' lang='lat' dir='ltr'>Commonstrant.</span> 
     </span>
    </p>

    <p class='ocr_par' dir='ltr' id='par_1_26' title="bbox 50 1059 788 1131">
     <span class='ocr_line' id='line_1_61' title="bbox 86 1059 788 1095; baseline 0.001 -10"><span class='ocrx_word' id='word_1_480' title='bbox 86 1065 104 1086; x_wconf 90' lang='lat' dir='ltr'><strong>c</strong></span> <span class='ocrx_word' id='word_1_481' title='bbox 115 1066 134 1086; x_wconf 92' lang='lat' dir='ltr'>o</span> <span class='ocrx_word' id='word_1_482' title='bbox 144 1066 167 1085; x_wconf 84' lang='lat' dir='ltr'>M</span> <span class='ocrx_word' id='word_1_483' title='bbox 177 1066 200 1085; x_wconf 81' lang='lat' dir='ltr'>M</span> <span class='ocrx_word' id='word_1_484' title='bbox 213 1059 255 1086; x_wconf 74' lang='lat' dir='ltr'>fN</span> <span class='ocrx_word' id='word_1_485' title='bbox 265 1068 284 1086; x_wconf 84' lang='lat'>0</span> <span class='ocrx_word' id='word_1_486' title='bbox 293 1068 322 1093; x_wconf 75' lang='lat' dir='ltr'>R,</span> <span class='ocrx_word' id='word_1_487' title='bbox 331 1062 378 1086; x_wconf 61' lang='lat' dir='ltr'>Eri.</span> <span class='ocrx_word' id='word_1_488' title='bbox 415 1061 556 1095; x_wconf 76' lang='grc' dir='ltr'>[οἰπειλέω]</span> <span class='ocrx_word' id='word_1_489' title='bbox 598 1060 674 1086; x_wconf 65' lang='lat' dir='ltr'>Valde</span> <span class='ocrx_word' id='word_1_490' title='bbox 688 1062 788 1086; x_wconf 70' lang='lat' dir='ltr'>minari.</span> 
     </span>
     <span class='ocr_line' id='line_1_62' title="bbox 50 1095 754 1131; baseline 0.001 -10"><span class='ocrx_word' id='word_1_491' title='bbox 50 1096 86 1122; x_wconf 88' lang='lat' dir='ltr'>Vt</span> <span class='ocrx_word' id='word_1_492' title='bbox 97 1095 224 1130; x_wconf 75' lang='lat' dir='ltr'>aquilifer</span> <span class='ocrx_word' id='word_1_493' title='bbox 238 1097 355 1122; x_wconf 87' lang='lat' dir='ltr'>moranti</span> <span class='ocrx_word' id='word_1_494' title='bbox 369 1098 394 1122; x_wconf 91' lang='lat' dir='ltr'>se</span> <span class='ocrx_word' id='word_1_495' title='bbox 407 1096 512 1131; x_wconf 81' lang='lat' dir='ltr'>cuspide</span> <span class='ocrx_word' id='word_1_496' title='bbox 527 1098 556 1123; x_wconf 80' lang='lat' dir='ltr'>tit</span> <span class='ocrx_word' id='word_1_497' title='bbox 570 1096 754 1122; x_wconf 87' lang='lat' dir='ltr'>comminatus.</span> 
     </span>
    </p>
   </div>
   <div class='ocr_carea' id='block_1_23' title="bbox 825 1060 1092 1128">
    <p class='ocr_par' dir='ltr' id='par_1_27' title="bbox 825 1060 1092 1128">
     <span class='ocr_line' id='line_1_63' title="bbox 825 1060 1092 1087; baseline 0 -1"><span class='ocrx_word' id='word_1_498' title='bbox 825 1060 931 1087; x_wconf 85' lang='lat' dir='ltr'>Sueton.</span> <span class='ocrx_word' id='word_1_499' title='bbox 949 1061 1019 1086; x_wconf 84' lang='lat' dir='ltr'>Caes.</span> <span class='ocrx_word' id='word_1_500' title='bbox 1029 1069 1050 1086; x_wconf 91' lang='lat' dir='ltr'>c.</span> <span class='ocrx_word' id='word_1_501' title='bbox 1059 1062 1092 1086; x_wconf 86' lang='lat'>62</span> 
     </span>
     <span class='ocr_line' id='line_1_64' title="bbox 827 1096 1091 1128; baseline -0.004 -6"><span class='ocrx_word' id='word_1_502' title='bbox 827 1097 888 1123; x_wconf 87' lang='lat' dir='ltr'>Liu.</span> <span class='ocrx_word' id='word_1_503' title='bbox 903 1105 941 1128; x_wconf 86' lang='lat'>10,</span> <span class='ocrx_word' id='word_1_504' title='bbox 954 1104 984 1128; x_wconf 82' lang='lat'>39</span> <span class='ocrx_word' id='word_1_505' title='bbox 1010 1096 1091 1122; x_wconf 86' lang='lat' dir='ltr'>Com-</span> 
     </span>
    </p>
   </div>
   <div class='ocr_carea' id='block_1_24' title="bbox 6 1131 948 1167">
    <p class='ocr_par' dir='ltr' id='par_1_28' title="bbox 6 1131 948 1167">
     <span class='ocr_line' id='line_1_65' title="bbox 6 1131 948 1167; baseline -0.001 -9"><span class='ocrx_word' id='word_1_506' title='bbox 6 1150 9 1154; x_wconf 84' lang='lat'>·</span> <span class='ocrx_word' id='word_1_507' title='bbox 51 1131 179 1158; x_wconf 84' lang='lat' dir='ltr'>minando</span> <span class='ocrx_word' id='word_1_508' title='bbox 194 1132 293 1166; x_wconf 59' lang='lat' dir='ltr'>magn,</span> <span class='ocrx_word' id='word_1_509' title='bbox 310 1141 389 1167; x_wconf 88' lang='lat' dir='ltr'>quam</span> <span class='ocrx_word' id='word_1_510' title='bbox 403 1132 543 1159; x_wconf 79' lang='lat' dir='ltr'>inserendo</span> <span class='ocrx_word' id='word_1_511' title='bbox 557 1140 669 1167; x_wconf 84' lang='lat' dir='ltr'>pugnam</span> <span class='ocrx_word' id='word_1_512' title='bbox 684 1132 738 1158; x_wconf 79' lang='lat' dir='ltr'>dies</span> <span class='ocrx_word' id='word_1_513' title='bbox 755 1131 948 1158; x_wconf 78' lang='lat' dir='ltr'>absumebatur.</span> 
     </span>
    </p>
   </div>
   <div class='ocr_carea' id='block_1_25' title="bbox 51 1166 1091 1382">
    <p class='ocr_par' dir='ltr' id='par_1_29' title="bbox 51 1166 1090 1238">
     <span class='ocr_line' id='line_1_66' title="bbox 85 1166 1090 1204; baseline -0.002 -10"><span class='ocrx_word' id='word_1_514' title='bbox 85 1174 129 1194; x_wconf 80' lang='lat' dir='ltr'>co</span> <span class='ocrx_word' id='word_1_515' title='bbox 139 1174 161 1193; x_wconf 83' lang='lat' dir='ltr'>M</span> <span class='ocrx_word' id='word_1_516' title='bbox 171 1174 289 1200; x_wconf 64' lang='lat' dir='ltr'>MNO,</span> <span class='ocrx_word' id='word_1_517' title='bbox 316 1172 368 1194; x_wconf 61' lang='lat' dir='ltr'>«ire.</span> <span class='ocrx_word' id='word_1_518' title='bbox 405 1168 556 1199; x_wconf 61' lang='lat' dir='ltr'>Contine-erc,</span> <span class='ocrx_word' id='word_1_519' title='bbox 580 1169 683 1204; x_wconf 72' lang='lat' dir='ltr'>Cogere,</span> <span class='ocrx_word' id='word_1_520' title='bbox 704 1168 822 1199; x_wconf 84' lang='lat' dir='ltr'>aMino,</span> <span class='ocrx_word' id='word_1_521' title='bbox 842 1176 877 1194; x_wconf 83' lang='lat' dir='ltr'>as.</span> <span class='ocrx_word' id='word_1_522' title='bbox 915 1166 1090 1201; x_wconf 82' lang='lat' dir='ltr'>Apul.Miles.</span> 
     </span>
     <span class='ocr_line' id='line_1_67' title="bbox 51 1203 772 1238; baseline 0 -9"><span class='ocrx_word' id='word_1_523' title='bbox 51 1210 68 1238; x_wconf 84' lang='lat'>7</span> <span class='ocrx_word' id='word_1_524' title='bbox 87 1212 111 1238; x_wconf 88' lang='lat' dir='ltr'>p.</span> <span class='ocrx_word' id='word_1_525' title='bbox 125 1211 179 1235; x_wconf 84' lang='lat'>192,</span> <span class='ocrx_word' id='word_1_526' title='bbox 192 1212 225 1236; x_wconf 87' lang='lat'>29</span> <span class='ocrx_word' id='word_1_527' title='bbox 246 1204 381 1238; x_wconf 86' lang='lat' dir='ltr'>Gregatim</span> <span class='ocrx_word' id='word_1_528' title='bbox 396 1213 472 1238; x_wconf 82' lang='lat' dir='ltr'>pecus</span> <span class='ocrx_word' id='word_1_529' title='bbox 489 1204 687 1230; x_wconf 75' lang='lat' dir='ltr'>comminantes.</span> <span class='ocrx_word' id='word_1_530' title='bbox 724 1203 772 1231; x_wconf 67' lang='lat' dir='ltr'>Sed</span> 
     </span>
    </p>

    <p class='ocr_par' dir='ltr' id='par_1_30' title="bbox 52 1237 952 1310">
     <span class='ocr_line' id='line_1_68' title="bbox 89 1237 952 1274; baseline -0.001 -8"><span class='ocrx_word' id='word_1_531' title='bbox 89 1246 169 1266; x_wconf 71' lang='lat' dir='ltr'>com</span> <span class='ocrx_word' id='word_1_532' title='bbox 182 1246 382 1272; x_wconf 63' lang='lat' dir='ltr'>MiNA&#39;rvs,</span> <span class='ocrx_word' id='word_1_533' title='bbox 405 1249 435 1272; x_wconf 88' lang='lat' dir='ltr'>a,</span> <span class='ocrx_word' id='word_1_534' title='bbox 457 1249 510 1266; x_wconf 85' lang='lat' dir='ltr'>um.</span> <span class='ocrx_word' id='word_1_535' title='bbox 547 1240 640 1266; x_wconf 69' lang='lat' dir='ltr'>Panic.</span> <span class='ocrx_word' id='word_1_536' title='bbox 657 1239 715 1274; x_wconf 79' lang='lat' dir='ltr'>pals.</span> <span class='ocrx_word' id='word_1_537' title='bbox 752 1249 767 1266; x_wconf 80' lang='lat' dir='ltr'>a</span> <span class='ocrx_word' id='word_1_538' title='bbox 787 1237 952 1266; x_wconf 87' lang='lat' dir='ltr'>Comminor.</span> 
     </span>
     <span class='ocr_line' id='line_1_69' title="bbox 52 1275 732 1310; baseline -0.003 -8"><span class='ocrx_word' id='word_1_539' title='bbox 52 1276 115 1302; x_wconf 86' lang='lat' dir='ltr'>Met.</span> <span class='ocrx_word' id='word_1_540' title='bbox 129 1277 145 1301; x_wconf 89' lang='lat'>6</span> <span class='ocrx_word' id='word_1_541' title='bbox 173 1284 196 1310; x_wconf 87' lang='lat' dir='ltr'>p.</span> <span class='ocrx_word' id='word_1_542' title='bbox 215 1280 310 1308; x_wconf 83' lang='lat'>184,12</span> <span class='ocrx_word' id='word_1_543' title='bbox 336 1276 520 1302; x_wconf 85' lang='lat' dir='ltr'>Comminatae</span> <span class='ocrx_word' id='word_1_544' title='bbox 539 1275 608 1302; x_wconf 88' lang='lat' dir='ltr'>mihi</span> <span class='ocrx_word' id='word_1_545' title='bbox 629 1275 732 1302; x_wconf 86' lang='lat' dir='ltr'>mortis.</span> 
     </span>
    </p>

    <p class='ocr_par' dir='ltr' id='par_1_31' title="bbox 51 1305 1091 1382">
     <span class='ocr_line' id='line_1_70' title="bbox 87 1305 1088 1345; baseline -0.003 -8"><span class='ocrx_word' id='word_1_546' title='bbox 87 1317 165 1338; x_wconf 86' lang='lat' dir='ltr'>COM</span> <span class='ocrx_word' id='word_1_547' title='bbox 174 1317 374 1344; x_wconf 73' lang='lat' dir='ltr'>MtNATto,</span> <span class='ocrx_word' id='word_1_548' title='bbox 408 1312 476 1338; x_wconf 73' lang='lat' dir='ltr'>onis.</span> <span class='ocrx_word' id='word_1_549' title='bbox 524 1312 544 1338; x_wconf 84' lang='lat' dir='ltr'>f.</span> <span class='ocrx_word' id='word_1_550' title='bbox 589 1311 764 1345; x_wconf 73' lang='grc' dir='ltr'>[α’πείλησις]</span> <span class='ocrx_word' id='word_1_551' title='bbox 809 1305 891 1335; x_wconf 68' lang='grc' dir='ltr'>Αὲἶω·</span> <span class='ocrx_word' id='word_1_552' title='bbox 914 1309 1088 1336; x_wconf 70' lang='lat' dir='ltr'>comminantis.</span> 
     </span>
     <span class='ocr_line' id='line_1_71' title="bbox 51 1344 1091 1382; baseline -0.001 -9"><span class='ocrx_word' id='word_1_553' title='bbox 51 1346 116 1374; x_wconf 88' lang='lat' dir='ltr'>Plin.</span> <span class='ocrx_word' id='word_1_554' title='bbox 133 1351 156 1378; x_wconf 84' lang='lat'>8,</span> <span class='ocrx_word' id='word_1_555' title='bbox 171 1354 204 1379; x_wconf 78' lang='lat'>43</span> <span class='ocrx_word' id='word_1_556' title='bbox 233 1346 282 1373; x_wconf 85' lang='lat' dir='ltr'>Sed</span> <span class='ocrx_word' id='word_1_557' title='bbox 303 1354 358 1373; x_wconf 90' lang='lat' dir='ltr'>tota</span> <span class='ocrx_word' id='word_1_558' title='bbox 378 1348 551 1374; x_wconf 89' lang='lat' dir='ltr'>comminatio</span> <span class='ocrx_word' id='word_1_559' title='bbox 570 1347 707 1382; x_wconf 78' lang='lat' dir='ltr'>prioribus</span> <span class='ocrx_word' id='word_1_560' title='bbox 725 1347 754 1372; x_wconf 91' lang='lat' dir='ltr'>in</span> <span class='ocrx_word' id='word_1_561' title='bbox 772 1344 882 1380; x_wconf 85' lang='lat' dir='ltr'>pedibus</span> <span class='ocrx_word' id='word_1_562' title='bbox 901 1345 963 1376; x_wconf 81' lang='lat' dir='ltr'>stat,</span> <span class='ocrx_word' id='word_1_563' title='bbox 984 1346 1023 1371; x_wconf 88' lang='lat' dir='ltr'>ira</span> <span class='ocrx_word' id='word_1_564' title='bbox 1043 1346 1091 1380; x_wconf 80' lang='lat' dir='ltr'>gli-</span> 
     </span>
    </p>
   </div>
   <div class='ocr_carea' id='block_1_26' title="bbox 1011 1222 1117 1272">
    <p class='ocr_par' dir='ltr' id='par_1_32' title="bbox 1011 1222 1117 1272">
     <span class='ocr_line' id='line_1_72' title="bbox 1011 1222 1117 1272; baseline 0 -8"><span class='ocrx_word' id='word_1_565' title='bbox 1011 1238 1089 1272; x_wconf 82' lang='lat' dir='ltr'>Apul.</span> <span class='ocrx_word' id='word_1_566' title='bbox 1105 1222 1117 1237; x_wconf 60' lang='lat'>³</span> 
     </span>
    </p>
   </div>
   <div class='ocr_carea' id='block_1_27' title="bbox 52 1381 1136 1418">
    <p class='ocr_par' dir='ltr' id='par_1_33' title="bbox 52 1381 1136 1418">
     <span class='ocr_line' id='line_1_73' title="bbox 52 1381 1136 1418; baseline -0.001 -9"><span class='ocrx_word' id='word_1_567' title='bbox 52 1383 137 1410; x_wconf 80' lang='lat' dir='ltr'>scente</span> <span class='ocrx_word' id='word_1_568' title='bbox 153 1382 266 1409; x_wconf 86' lang='lat' dir='ltr'>alternos</span> <span class='ocrx_word' id='word_1_569' title='bbox 280 1383 424 1417; x_wconf 85' lang='lat' dir='ltr'>replicans,</span> <span class='ocrx_word' id='word_1_570' title='bbox 442 1385 612 1418; x_wconf 80' lang='lat' dir='ltr'>spargensque</span> <span class='ocrx_word' id='word_1_571' title='bbox 630 1382 658 1408; x_wconf 89' lang='lat' dir='ltr'>in</span> <span class='ocrx_word' id='word_1_572' title='bbox 675 1382 758 1408; x_wconf 90' lang='lat' dir='ltr'>altum</span> <span class='ocrx_word' id='word_1_573' title='bbox 771 1389 891 1411; x_wconf 80' lang='lat' dir='ltr'>arenam,</span> <span class='ocrx_word' id='word_1_574' title='bbox 911 1387 936 1407; x_wconf 86' lang='lat' dir='ltr'>et</span> <span class='ocrx_word' id='word_1_575' title='bbox 952 1381 1022 1407; x_wconf 80' lang='lat' dir='ltr'>solus</span> <span class='ocrx_word' id='word_1_576' title='bbox 1035 1382 1090 1408; x_wconf 88' lang='lat' dir='ltr'>ani·</span> <span class='ocrx_word' id='word_1_577' title='bbox 1109 1387 1136 1413; x_wconf 60' lang='grc' dir='ltr'>ες</span> 
     </span>
    </p>
   </div>
   <div class='ocr_carea' id='block_1_28' title="bbox 45 1415 1092 2095">
    <p class='ocr_par' dir='ltr' id='par_1_34' title="bbox 50 1415 1092 1588">
     <span class='ocr_line' id='line_1_74' title="bbox 53 1415 1090 1452; baseline -0.001 -8"><span class='ocrx_word' id='word_1_578' title='bbox 53 1418 164 1445; x_wconf 88' lang='lat' dir='ltr'>malium</span> <span class='ocrx_word' id='word_1_579' title='bbox 184 1427 216 1444; x_wconf 92' lang='lat' dir='ltr'>eo</span> <span class='ocrx_word' id='word_1_580' title='bbox 236 1418 342 1445; x_wconf 89' lang='lat' dir='ltr'>stimulo</span> <span class='ocrx_word' id='word_1_581' title='bbox 361 1419 504 1445; x_wconf 76' lang='lat' dir='ltr'>ardescens.</span> <span class='ocrx_word' id='word_1_582' title='bbox 544 1420 581 1445; x_wconf 75' lang='lat' dir='ltr'>De</span> <span class='ocrx_word' id='word_1_583' title='bbox 604 1419 705 1444; x_wconf 78' lang='lat' dir='ltr'>Tauris.</span> <span class='ocrx_word' id='word_1_584' title='bbox 777 1415 874 1442; x_wconf 81' lang='lat' dir='ltr'>Fabius</span> <span class='ocrx_word' id='word_1_585' title='bbox 893 1417 1038 1452; x_wconf 79' lang='lat' dir='ltr'>circumagi</span> <span class='ocrx_word' id='word_1_586' title='bbox 1059 1417 1090 1444; x_wconf 89' lang='lat' dir='ltr'>ad</span> 
     </span>
     <span class='ocr_line' id='line_1_75' title="bbox 53 1451 1092 1490; baseline -0.001 -10"><span class='ocrx_word' id='word_1_587' title='bbox 53 1461 132 1481; x_wconf 85' lang='lat' dir='ltr'>nutus</span> <span class='ocrx_word' id='word_1_588' title='bbox 151 1455 421 1490; x_wconf 80' lang='lat' dir='ltr'>comminationesque</span> <span class='ocrx_word' id='word_1_589' title='bbox 440 1454 596 1481; x_wconf 77' lang='lat' dir='ltr'>Hannibalis</span> <span class='ocrx_word' id='word_1_590' title='bbox 614 1452 774 1487; x_wconf 87' lang='lat' dir='ltr'>flagitiosum</span> <span class='ocrx_word' id='word_1_591' title='bbox 793 1451 905 1479; x_wconf 87' lang='lat' dir='ltr'>ducebat</span> <span class='ocrx_word' id='word_1_592' title='bbox 922 1454 981 1479; x_wconf 87' lang='lat' dir='ltr'>Liu.</span> <span class='ocrx_word' id='word_1_593' title='bbox 1003 1456 1049 1483; x_wconf 79' lang='lat'>26,</span> <span class='ocrx_word' id='word_1_594' title='bbox 1070 1458 1092 1483; x_wconf 89' lang='lat'>8.</span> 
     </span>
     <span class='ocr_line' id='line_1_76' title="bbox 53 1487 1090 1524; baseline -0.002 -8"><span class='ocrx_word' id='word_1_595' title='bbox 53 1491 110 1517; x_wconf 86' lang='lat' dir='ltr'>Cic.</span> <span class='ocrx_word' id='word_1_596' title='bbox 126 1489 159 1516; x_wconf 89' lang='lat' dir='ltr'>de</span> <span class='ocrx_word' id='word_1_597' title='bbox 170 1491 244 1517; x_wconf 85' lang='lat' dir='ltr'>Orat.</span> <span class='ocrx_word' id='word_1_598' title='bbox 258 1499 279 1523; x_wconf 89' lang='lat'>3,</span> <span class='ocrx_word' id='word_1_599' title='bbox 293 1499 347 1524; x_wconf 74' lang='lat'>204</span> <span class='ocrx_word' id='word_1_600' title='bbox 367 1499 388 1516; x_wconf 81' lang='lat' dir='ltr'>c.</span> <span class='ocrx_word' id='word_1_601' title='bbox 403 1498 435 1523; x_wconf 76' lang='lat'>54</span> <span class='ocrx_word' id='word_1_602' title='bbox 461 1490 598 1516; x_wconf 84' lang='lat' dir='ltr'>Orationis</span> <span class='ocrx_word' id='word_1_603' title='bbox 616 1496 704 1514; x_wconf 86' lang='lat' dir='ltr'>autem</span> <span class='ocrx_word' id='word_1_604' title='bbox 718 1487 797 1522; x_wconf 85' lang='lat' dir='ltr'>ipfius</span> <span class='ocrx_word' id='word_1_605' title='bbox 810 1493 935 1522; x_wconf 86' lang='lat' dir='ltr'>tanquam</span> <span class='ocrx_word' id='word_1_606' title='bbox 951 1498 1090 1515; x_wconf 83' lang='lat' dir='ltr'>armorum</span> 
     </span>
     <span class='ocr_line' id='line_1_77' title="bbox 52 1523 1091 1559; baseline -0.002 -7"><span class='ocrx_word' id='word_1_607' title='bbox 52 1525 103 1557; x_wconf 85' lang='lat' dir='ltr'>est,</span> <span class='ocrx_word' id='word_1_608' title='bbox 123 1525 165 1551; x_wconf 82' lang='lat' dir='ltr'>vel</span> <span class='ocrx_word' id='word_1_609' title='bbox 177 1526 209 1552; x_wconf 88' lang='lat' dir='ltr'>ad</span> <span class='ocrx_word' id='word_1_610' title='bbox 221 1528 295 1552; x_wconf 83' lang='lat' dir='ltr'>vsum</span> <span class='ocrx_word' id='word_1_611' title='bbox 309 1525 481 1551; x_wconf 87' lang='lat' dir='ltr'>comminatio</span> <span class='ocrx_word' id='word_1_612' title='bbox 502 1531 527 1551; x_wconf 86' lang='lat' dir='ltr'>et</span> <span class='ocrx_word' id='word_1_613' title='bbox 541 1524 612 1559; x_wconf 87' lang='lat' dir='ltr'>quasi</span> <span class='ocrx_word' id='word_1_614' title='bbox 628 1524 739 1558; x_wconf 87' lang='lat' dir='ltr'>petitio,</span> <span class='ocrx_word' id='word_1_615' title='bbox 757 1523 800 1549; x_wconf 80' lang='lat' dir='ltr'>vel</span> <span class='ocrx_word' id='word_1_616' title='bbox 813 1523 844 1550; x_wconf 84' lang='lat' dir='ltr'>ad</span> <span class='ocrx_word' id='word_1_617' title='bbox 858 1524 1021 1553; x_wconf 71' lang='lat' dir='ltr'>venustatem</span> <span class='ocrx_word' id='word_1_618' title='bbox 1035 1525 1091 1559; x_wconf 85' lang='lat' dir='ltr'>ipsa</span> 
     </span>
     <span class='ocr_line' id='line_1_78' title="bbox 50 1561 181 1588; baseline -0.008 0"><span class='ocrx_word' id='word_1_619' title='bbox 50 1561 181 1588; x_wconf 62' lang='lat' dir='ltr'>trastatio.</span> 
     </span>
    </p>

    <p class='ocr_par' dir='ltr' id='par_1_35' title="bbox 49 1596 279 1636">
     <span class='ocr_line' id='line_1_79' title="bbox 49 1596 279 1636; baseline -0.013 -12"><span class='ocrx_word' id='word_1_620' title='bbox 49 1598 77 1624; x_wconf 90' lang='lat' dir='ltr'>vi</span> <span class='ocrx_word' id='word_1_621' title='bbox 92 1596 214 1631; x_wconf 83' lang='lat' dir='ltr'>repreffit.</span> <span class='ocrx_word' id='word_1_622' title='bbox 267 1632 279 1636; x_wconf 55' lang='lat'>—</span> 
     </span>
    </p>

    <p class='ocr_par' dir='ltr' id='par_1_36' title="bbox 47 1632 545 1695">
     <span class='ocr_line' id='line_1_80' title="bbox 86 1632 545 1665; baseline -0.002 -6"><span class='ocrx_word' id='word_1_623' title='bbox 86 1638 130 1659; x_wconf 89' lang='lat' dir='ltr'>co</span> <span class='ocrx_word' id='word_1_624' title='bbox 142 1639 165 1657; x_wconf 76' lang='grc' dir='ltr'><strong><em>Μ</em></strong></span> <span class='ocrx_word' id='word_1_625' title='bbox 178 1638 201 1657; x_wconf 73' lang='grc' dir='ltr'><strong>Μ</strong></span> <span class='ocrx_word' id='word_1_626' title='bbox 211 1639 219 1658; x_wconf 85' lang='grc'>1</span> <span class='ocrx_word' id='word_1_627' title='bbox 229 1637 363 1658; x_wconf 73' lang='lat' dir='ltr'>NATOR</span> <span class='ocrx_word' id='word_1_628' title='bbox 373 1651 381 1665; x_wconf 91' lang='lat'>‚</span> <span class='ocrx_word' id='word_1_629' title='bbox 407 1632 472 1659; x_wconf 76' lang='lat' dir='ltr'>oris.</span> <span class='ocrx_word' id='word_1_630' title='bbox 510 1641 545 1658; x_wconf 88' lang='lat' dir='ltr'>m.</span> 
     </span>
     <span class='ocr_line' id='line_1_81' title="bbox 47 1667 233 1695; baseline 0 -1"><span class='ocrx_word' id='word_1_631' title='bbox 47 1667 233 1695; x_wconf 82' lang='lat' dir='ltr'>comminator.</span> 
     </span>
    </p>

    <p class='ocr_par' dir='ltr' id='par_1_37' title="bbox 49 1702 1090 1774">
     <span class='ocr_line' id='line_1_82' title="bbox 87 1702 1090 1736; baseline 0 -7"><span class='ocrx_word' id='word_1_632' title='bbox 87 1709 104 1730; x_wconf 87' lang='lat' dir='ltr'>c</span> <span class='ocrx_word' id='word_1_633' title='bbox 118 1709 138 1729; x_wconf 91' lang='grc' dir='ltr'>ο</span> <span class='ocrx_word' id='word_1_634' title='bbox 148 1711 172 1729; x_wconf 86' lang='lat' dir='ltr'>M</span> <span class='ocrx_word' id='word_1_635' title='bbox 182 1710 286 1729; x_wconf 79' lang='lat' dir='ltr'>MINA</span> <span class='ocrx_word' id='word_1_636' title='bbox 296 1710 317 1730; x_wconf 87' lang='lat' dir='ltr'>T</span> <span class='ocrx_word' id='word_1_637' title='bbox 328 1703 439 1734; x_wconf 79' lang='lat' dir='ltr'>ivvs,</span> <span class='ocrx_word' id='word_1_638' title='bbox 469 1711 499 1735; x_wconf 83' lang='lat' dir='ltr'>a,</span> <span class='ocrx_word' id='word_1_639' title='bbox 530 1712 584 1729; x_wconf 89' lang='lat' dir='ltr'>um.</span> <span class='ocrx_word' id='word_1_640' title='bbox 622 1702 682 1729; x_wconf 87' lang='lat' dir='ltr'>Adi.</span> <span class='ocrx_word' id='word_1_641' title='bbox 719 1702 794 1729; x_wconf 85' lang='lat' dir='ltr'>Idem</span> <span class='ocrx_word' id='word_1_642' title='bbox 811 1702 911 1728; x_wconf 87' lang='lat' dir='ltr'>aduers.</span> <span class='ocrx_word' id='word_1_643' title='bbox 925 1702 1006 1728; x_wconf 86' lang='lat' dir='ltr'>Mare.</span> <span class='ocrx_word' id='word_1_644' title='bbox 1020 1710 1043 1735; x_wconf 89' lang='lat'>2,</span> <span class='ocrx_word' id='word_1_645' title='bbox 1059 1710 1090 1736; x_wconf 77' lang='lat'>25</span> 
     </span>
     <span class='ocr_line' id='line_1_83' title="bbox 49 1738 913 1774; baseline -0.003 -8"><span class='ocrx_word' id='word_1_646' title='bbox 49 1741 113 1770; x_wconf 84' lang='lat' dir='ltr'>Non</span> <span class='ocrx_word' id='word_1_647' title='bbox 127 1738 321 1769; x_wconf 85' lang='lat' dir='ltr'>dubitatiuum,</span> <span class='ocrx_word' id='word_1_648' title='bbox 342 1738 386 1764; x_wconf 88' lang='lat' dir='ltr'>sed</span> <span class='ocrx_word' id='word_1_649' title='bbox 400 1739 622 1765; x_wconf 87' lang='lat' dir='ltr'>comminatiuum</span> <span class='ocrx_word' id='word_1_650' title='bbox 637 1738 786 1774; x_wconf 85' lang='lat' dir='ltr'>exprimens</span> <span class='ocrx_word' id='word_1_651' title='bbox 801 1738 913 1764; x_wconf 86' lang='lat' dir='ltr'>sensum.</span> 
     </span>
    </p>

    <p class='ocr_par' dir='ltr' id='par_1_38' title="bbox 46 1773 1089 1839">
     <span class='ocr_line' id='line_1_84' title="bbox 85 1773 1089 1808; baseline -0.002 -5"><span class='ocrx_word' id='word_1_652' title='bbox 85 1781 461 1807; x_wconf 71' lang='lat' dir='ltr'>COMMINABVNDVS,</span> <span class='ocrx_word' id='word_1_653' title='bbox 487 1783 517 1807; x_wconf 89' lang='lat' dir='ltr'>a,</span> <span class='ocrx_word' id='word_1_654' title='bbox 542 1783 595 1801; x_wconf 88' lang='lat' dir='ltr'>nm.</span> <span class='ocrx_word' id='word_1_655' title='bbox 639 1774 698 1800; x_wconf 77' lang='lat' dir='ltr'>Adi.</span> <span class='ocrx_word' id='word_1_656' title='bbox 736 1773 810 1800; x_wconf 86' lang='lat' dir='ltr'>Idem</span> <span class='ocrx_word' id='word_1_657' title='bbox 829 1773 889 1800; x_wconf 85' lang='lat' dir='ltr'>adu.</span> <span class='ocrx_word' id='word_1_658' title='bbox 907 1774 990 1801; x_wconf 83' lang='lat' dir='ltr'>Marc.</span> <span class='ocrx_word' id='word_1_659' title='bbox 1010 1783 1043 1808; x_wconf 88' lang='lat'>4,</span> <span class='ocrx_word' id='word_1_660' title='bbox 1063 1781 1089 1808; x_wconf 81' lang='grc' dir='ltr'>ις</span> 
     </span>
     <span class='ocr_line' id='line_1_85' title="bbox 46 1809 446 1839; baseline -0.008 -1"><span class='ocrx_word' id='word_1_661' title='bbox 46 1811 186 1839; x_wconf 87' lang='lat' dir='ltr'>Inuehitur</span> <span class='ocrx_word' id='word_1_662' title='bbox 199 1809 446 1837; x_wconf 80' lang='lat' dir='ltr'>comminabundus.</span> 
     </span>
    </p>

    <p class='ocr_par' dir='ltr' id='par_1_39' title="bbox 45 1843 1091 2095">
     <span class='ocr_line' id='line_1_86' title="bbox 85 1843 1089 1881; baseline -0.002 -7"><span class='ocrx_word' id='word_1_663' title='bbox 85 1853 163 1875; x_wconf 83' lang='lat' dir='ltr'>COM</span> <span class='ocrx_word' id='word_1_664' title='bbox 173 1855 216 1874; x_wconf 79' lang='lat' dir='ltr'>Ml</span> <span class='ocrx_word' id='word_1_665' title='bbox 228 1854 248 1873; x_wconf 83' lang='lat' dir='ltr'>N</span> <span class='ocrx_word' id='word_1_666' title='bbox 264 1853 281 1871; x_wconf 89' lang='grc' dir='ltr'><strong><em>ν</em></strong></span> <span class='ocrx_word' id='word_1_667' title='bbox 292 1853 327 1878; x_wconf 91' lang='lat' dir='ltr'>o,</span> <span class='ocrx_word' id='word_1_668' title='bbox 354 1846 402 1877; x_wconf 89' lang='lat' dir='ltr'>ui,</span> <span class='ocrx_word' id='word_1_669' title='bbox 432 1848 525 1877; x_wconf 75' lang='lat' dir='ltr'>situm,</span> <span class='ocrx_word' id='word_1_670' title='bbox 552 1846 605 1872; x_wconf 50' lang='lat' dir='ltr'>ste.</span> <span class='ocrx_word' id='word_1_671' title='bbox 650 1843 800 1881; x_wconf 45' lang='grc' dir='ltr'>[συνῄδη</span> <span class='ocrx_word' id='word_1_672' title='bbox 820 1845 910 1880; x_wconf 76' lang='grc' dir='ltr'>μειᾶω]</span> <span class='ocrx_word' id='word_1_673' title='bbox 960 1846 1089 1878; x_wconf 78' lang='lat' dir='ltr'>Minuere,</span> 
     </span>
     <span class='ocr_line' id='line_1_87' title="bbox 48 1881 1090 1920; baseline -0.001 -11"><span class='ocrx_word' id='word_1_674' title='bbox 48 1890 71 1910; x_wconf 82' lang='lat' dir='ltr'>et</span> <span class='ocrx_word' id='word_1_675' title='bbox 85 1883 244 1920; x_wconf 73' lang='lat' dir='ltr'>confringere</span> <span class='ocrx_word' id='word_1_676' title='bbox 257 1889 343 1908; x_wconf 78' lang='lat' dir='ltr'>totum.</span> <span class='ocrx_word' id='word_1_677' title='bbox 380 1881 445 1907; x_wconf 82' lang='lat' dir='ltr'>Plin.</span> <span class='ocrx_word' id='word_1_678' title='bbox 459 1890 507 1912; x_wconf 84' lang='lat'>20,</span> <span class='ocrx_word' id='word_1_679' title='bbox 521 1891 540 1915; x_wconf 80' lang='lat'>4</span> <span class='ocrx_word' id='word_1_680' title='bbox 570 1881 654 1908; x_wconf 86' lang='lat' dir='ltr'>Satiui</span> <span class='ocrx_word' id='word_1_681' title='bbox 673 1890 739 1907; x_wconf 87' lang='lat' dir='ltr'>vero</span> <span class='ocrx_word' id='word_1_682' title='bbox 760 1881 863 1908; x_wconf 68' lang='lat' dir='ltr'>decotffi</span> <span class='ocrx_word' id='word_1_683' title='bbox 882 1891 958 1908; x_wconf 85' lang='lat' dir='ltr'>mane</span> <span class='ocrx_word' id='word_1_684' title='bbox 979 1882 1036 1917; x_wconf 91' lang='lat' dir='ltr'>poti</span> <span class='ocrx_word' id='word_1_685' title='bbox 1057 1882 1090 1908; x_wconf 85' lang='lat' dir='ltr'>ad</span> 
     </span>
     <span class='ocr_line' id='line_1_88' title="bbox 47 1917 772 1951; baseline -0.004 -5"><span class='ocrx_word' id='word_1_686' title='bbox 47 1925 135 1946; x_wconf 89' lang='lat' dir='ltr'>ternos</span> <span class='ocrx_word' id='word_1_687' title='bbox 148 1918 269 1951; x_wconf 77' lang='lat' dir='ltr'>cyathos,</span> <span class='ocrx_word' id='word_1_688' title='bbox 289 1917 474 1944; x_wconf 84' lang='lat' dir='ltr'>comminuunt</span> <span class='ocrx_word' id='word_1_689' title='bbox 487 1923 512 1943; x_wconf 89' lang='lat' dir='ltr'>et</span> <span class='ocrx_word' id='word_1_690' title='bbox 525 1917 638 1943; x_wconf 84' lang='lat' dir='ltr'>eiiciunt</span> <span class='ocrx_word' id='word_1_691' title='bbox 651 1917 772 1943; x_wconf 86' lang='lat' dir='ltr'>calculos.</span> 
     </span>
     <span class='ocr_line' id='line_1_89' title="bbox 45 1952 1089 1988; baseline -0.001 -7"><span class='ocrx_word' id='word_1_692' title='bbox 45 1961 124 1981; x_wconf 87' lang='lat' dir='ltr'>nutus</span> <span class='ocrx_word' id='word_1_693' title='bbox 132 1956 187 1982; x_wconf 87' lang='lat' dir='ltr'>Cic.</span> <span class='ocrx_word' id='word_1_694' title='bbox 196 1956 272 1981; x_wconf 87' lang='lat' dir='ltr'>Verr.</span> <span class='ocrx_word' id='word_1_695' title='bbox 281 1963 298 1987; x_wconf 73' lang='lat'><strong>4</strong></span> <span class='ocrx_word' id='word_1_696' title='bbox 306 1964 327 1980; x_wconf 90' lang='lat' dir='ltr'>c.</span> <span class='ocrx_word' id='word_1_697' title='bbox 335 1961 374 1986; x_wconf 75' lang='lat'>23.</span> <span class='ocrx_word' id='word_1_698' title='bbox 388 1953 456 1980; x_wconf 71' lang='lat' dir='ltr'>Add.</span> <span class='ocrx_word' id='word_1_699' title='bbox 467 1953 527 1979; x_wconf 83' lang='lat' dir='ltr'>Stat.</span> <span class='ocrx_word' id='word_1_700' title='bbox 536 1952 694 1987; x_wconf 77' lang='lat' dir='ltr'>Silu.1,6,73.</span> <span class='ocrx_word' id='word_1_701' title='bbox 708 1953 799 1980; x_wconf 88' lang='lat' dir='ltr'>Cic.in</span> <span class='ocrx_word' id='word_1_702' title='bbox 808 1954 931 1988; x_wconf 82' lang='lat' dir='ltr'>Pison.93</span> <span class='ocrx_word' id='word_1_703' title='bbox 951 1954 1089 1981; x_wconf 82' lang='lat' dir='ltr'>Illiautem</span> 
     </span>
     <span class='ocr_line' id='line_1_90' title="bbox 45 1988 1091 2025; baseline 0 -8"><span class='ocrx_word' id='word_1_704' title='bbox 45 1991 155 2018; x_wconf 82' lang='lat' dir='ltr'>statuam</span> <span class='ocrx_word' id='word_1_705' title='bbox 165 1991 237 2017; x_wconf 79' lang='lat' dir='ltr'>istius</span> <span class='ocrx_word' id='word_1_706' title='bbox 252 1990 423 2025; x_wconf 70' lang='lat' dir='ltr'>persimilem,</span> <span class='ocrx_word' id='word_1_707' title='bbox 439 1997 519 2023; x_wconf 89' lang='lat' dir='ltr'>quam</span> <span class='ocrx_word' id='word_1_708' title='bbox 527 1988 593 2016; x_wconf 86' lang='lat' dir='ltr'>stare</span> <span class='ocrx_word' id='word_1_709' title='bbox 600 1988 776 2015; x_wconf 83' lang='lat' dir='ltr'>celeberrimo</span> <span class='ocrx_word' id='word_1_710' title='bbox 790 1990 817 2015; x_wconf 92' lang='lat' dir='ltr'>in</span> <span class='ocrx_word' id='word_1_711' title='bbox 830 1989 889 2016; x_wconf 91' lang='lat' dir='ltr'>loco</span> <span class='ocrx_word' id='word_1_712' title='bbox 902 1991 1025 2017; x_wconf 86' lang='lat' dir='ltr'>voluerat</span> <span class='ocrx_word' id='word_1_713' title='bbox 1034 2011 1041 2022; x_wconf 91' lang='lat'>,</span> <span class='ocrx_word' id='word_1_714' title='bbox 1057 2000 1091 2017; x_wconf 88' lang='lat' dir='ltr'>ue</span> 
     </span>
     <span class='ocr_line' id='line_1_91' title="bbox 47 2024 1090 2061; baseline -0.001 -8"><span class='ocrx_word' id='word_1_715' title='bbox 47 2026 186 2054; x_wconf 78' lang='lat' dir='ltr'>suauiss&#39;uni</span> <span class='ocrx_word' id='word_1_716' title='bbox 202 2026 321 2052; x_wconf 88' lang='lat' dir='ltr'>hominis</span> <span class='ocrx_word' id='word_1_717' title='bbox 333 2025 466 2051; x_wconf 83' lang='lat' dir='ltr'>memoria</span> <span class='ocrx_word' id='word_1_718' title='bbox 481 2032 646 2057; x_wconf 84' lang='lat' dir='ltr'>moreretur,</span> <span class='ocrx_word' id='word_1_719' title='bbox 664 2024 814 2058; x_wconf 81' lang='lat' dir='ltr'>deturbant,</span> <span class='ocrx_word' id='word_1_720' title='bbox 831 2026 959 2061; x_wconf 80' lang='lat' dir='ltr'>affligunt,</span> <span class='ocrx_word' id='word_1_721' title='bbox 979 2027 1090 2053; x_wconf 80' lang='lat' dir='ltr'>cornmi-</span> 
     </span>
     <span class='ocr_line' id='line_1_92' title="bbox 366 2060 1089 2095; baseline 0.003 -8"><span class='ocrx_word' id='word_1_722' title='bbox 366 2061 403 2087; x_wconf 88' lang='lat' dir='ltr'>Id.</span> <span class='ocrx_word' id='word_1_723' title='bbox 419 2060 472 2088; x_wconf 85' lang='lat' dir='ltr'>Off.</span> <span class='ocrx_word' id='word_1_724' title='bbox 489 2069 512 2090; x_wconf 85' lang='lat'>2,</span> <span class='ocrx_word' id='word_1_725' title='bbox 524 2070 559 2093; x_wconf 87' lang='lat'>40</span> <span class='ocrx_word' id='word_1_726' title='bbox 586 2070 608 2087; x_wconf 93' lang='lat' dir='ltr'>c.</span> <span class='ocrx_word' id='word_1_727' title='bbox 623 2069 646 2087; x_wconf 88' lang='lat'>11</span> <span class='ocrx_word' id='word_1_728' title='bbox 670 2061 740 2095; x_wconf 87' lang='lat' dir='ltr'>Opes</span> <span class='ocrx_word' id='word_1_729' title='bbox 755 2060 848 2088; x_wconf 83' lang='lat' dir='ltr'>habuit</span> <span class='ocrx_word' id='word_1_730' title='bbox 868 2068 894 2088; x_wconf 88' lang='lat' dir='ltr'>et</span> <span class='ocrx_word' id='word_1_731' title='bbox 906 2063 993 2089; x_wconf 89' lang='lat' dir='ltr'>multo</span> <span class='ocrx_word' id='word_1_732' title='bbox 1005 2063 1089 2089; x_wconf 88' lang='lat' dir='ltr'>maio-</span> 
     </span>
    </p>
   </div>
   <div class='ocr_carea' id='block_1_29' title="bbox 583 1630 1091 1666">
    <p class='ocr_par' dir='ltr' id='par_1_40' title="bbox 583 1630 1091 1666">
     <span class='ocr_line' id='line_1_93' title="bbox 583 1630 1091 1666; baseline 0 -8"><span class='ocrx_word' id='word_1_733' title='bbox 583 1631 702 1658; x_wconf 87' lang='lat' dir='ltr'>Tertull.</span> <span class='ocrx_word' id='word_1_734' title='bbox 717 1630 777 1658; x_wconf 89' lang='lat' dir='ltr'>adu.</span> <span class='ocrx_word' id='word_1_735' title='bbox 792 1631 882 1658; x_wconf 85' lang='lat' dir='ltr'>Gnost.</span> <span class='ocrx_word' id='word_1_736' title='bbox 905 1641 927 1658; x_wconf 89' lang='lat' dir='ltr'>c.</span> <span class='ocrx_word' id='word_1_737' title='bbox 939 1640 957 1665; x_wconf 92' lang='lat'><em>9</em></span> <span class='ocrx_word' id='word_1_738' title='bbox 982 1632 1091 1666; x_wconf 86' lang='lat' dir='ltr'>Ignium</span> 
     </span>
    </p>
   </div>
   <div class='ocr_carea' id='block_1_30' title="bbox 47 2061 293 2096">
    <p class='ocr_par' dir='ltr' id='par_1_41' title="bbox 47 2061 293 2096">
     <span class='ocr_line' id='line_1_94' title="bbox 47 2061 293 2096; baseline -0.004 -7"><span class='ocrx_word' id='word_1_739' title='bbox 47 2069 132 2089; x_wconf 74' lang='lat' dir='ltr'>nitunt</span> <span class='ocrx_word' id='word_1_740' title='bbox 141 2082 149 2095; x_wconf 94' lang='lat'>,</span> <span class='ocrx_word' id='word_1_741' title='bbox 167 2061 293 2096; x_wconf 78' lang='lat' dir='ltr'>dissipant.</span> 
     </span>
    </p>
   </div>
   <div class='ocr_carea' id='block_1_31' title="bbox 2 2096 1135 2137">
    <p class='ocr_par' dir='ltr' id='par_1_42' title="bbox 2 2096 1135 2137">
     <span class='ocr_line' id='line_1_95' title="bbox 2 2096 1135 2137; baseline 0 -13"><span class='ocrx_word' id='word_1_742' title='bbox 2 2108 7 2118; x_wconf 68' lang='grc'>-’</span> <span class='ocrx_word' id='word_1_743' title='bbox 47 2106 88 2125; x_wconf 81' lang='lat' dir='ltr'>res</span> <span class='ocrx_word' id='word_1_744' title='bbox 101 2097 220 2125; x_wconf 88' lang='lat' dir='ltr'>Viriatus</span> <span class='ocrx_word' id='word_1_745' title='bbox 235 2097 387 2130; x_wconf 79' lang='lat' dir='ltr'>Lusitanus,</span> <span class='ocrx_word' id='word_1_746' title='bbox 403 2104 447 2123; x_wconf 82' lang='lat' dir='ltr'>ctc.</span> <span class='ocrx_word' id='word_1_747' title='bbox 476 2105 556 2132; x_wconf 88' lang='lat' dir='ltr'>quem</span> <span class='ocrx_word' id='word_1_748' title='bbox 575 2097 604 2122; x_wconf 91' lang='lat' dir='ltr'>C.</span> <span class='ocrx_word' id='word_1_749' title='bbox 619 2096 738 2127; x_wconf 83' lang='lat' dir='ltr'>Laelius,</span> <span class='ocrx_word' id='word_1_750' title='bbox 758 2096 794 2129; x_wconf 90' lang='lat' dir='ltr'>is,</span> <span class='ocrx_word' id='word_1_751' title='bbox 811 2097 856 2131; x_wconf 88' lang='lat' dir='ltr'>qui</span> <span class='ocrx_word' id='word_1_752' title='bbox 871 2099 970 2137; x_wconf 81' lang='lat' dir='ltr'>sapiens</span> <span class='ocrx_word' id='word_1_753' title='bbox 983 2100 1089 2133; x_wconf 87' lang='lat' dir='ltr'>vsurpa-</span> <span class='ocrx_word' id='word_1_754' title='bbox 1106 2109 1135 2134; x_wconf 74' lang='lat'>55</span> 
     </span>
    </p>
   </div>
   <div class='ocr_carea' id='block_1_32' title="bbox 44 2132 1089 2593">
    <p class='ocr_par' dir='ltr' id='par_1_43' title="bbox 44 2132 1089 2593">
     <span class='ocr_line' id='line_1_96' title="bbox 47 2132 1089 2167; baseline -0.002 -7"><span class='ocrx_word' id='word_1_755' title='bbox 47 2139 105 2165; x_wconf 86' lang='lat' dir='ltr'>tur,</span> <span class='ocrx_word' id='word_1_756' title='bbox 123 2135 230 2160; x_wconf 84' lang='lat' dir='ltr'>Praetor</span> <span class='ocrx_word' id='word_1_757' title='bbox 245 2133 324 2167; x_wconf 81' lang='lat' dir='ltr'>fregit</span> <span class='ocrx_word' id='word_1_758' title='bbox 337 2139 363 2159; x_wconf 90' lang='lat' dir='ltr'>et</span> <span class='ocrx_word' id='word_1_759' title='bbox 377 2133 552 2165; x_wconf 85' lang='lat' dir='ltr'>comminuit,</span> <span class='ocrx_word' id='word_1_760' title='bbox 568 2132 787 2166; x_wconf 81' lang='lat' dir='ltr'>ferocitatemque</span> <span class='ocrx_word' id='word_1_761' title='bbox 800 2133 856 2157; x_wconf 86' lang='lat' dir='ltr'>eius</span> <span class='ocrx_word' id='word_1_762' title='bbox 870 2139 906 2158; x_wconf 83' lang='lat' dir='ltr'>ita</span> <span class='ocrx_word' id='word_1_763' title='bbox 920 2134 1046 2166; x_wconf 68' lang='lat' dir='ltr'>repressit,</span> <span class='ocrx_word' id='word_1_764' title='bbox 1060 2139 1089 2158; x_wconf 88' lang='lat' dir='ltr'>vt</span> 
     </span>
     <span class='ocr_line' id='line_1_97' title="bbox 47 2167 1089 2204; baseline -0.005 -7"><span class='ocrx_word' id='word_1_765' title='bbox 47 2170 128 2199; x_wconf 74' lang='lat' dir='ltr'>facile</span> <span class='ocrx_word' id='word_1_766' title='bbox 140 2169 241 2197; x_wconf 86' lang='lat' dir='ltr'>bellum</span> <span class='ocrx_word' id='word_1_767' title='bbox 255 2169 368 2204; x_wconf 87' lang='lat' dir='ltr'>reliquis</span> <span class='ocrx_word' id='word_1_768' title='bbox 382 2169 505 2195; x_wconf 88' lang='lat' dir='ltr'>traderet.</span> <span class='ocrx_word' id='word_1_769' title='bbox 577 2167 712 2198; x_wconf 87' lang='lat' dir='ltr'>Auaritia,</span> <span class='ocrx_word' id='word_1_770' title='bbox 732 2167 891 2193; x_wconf 78' lang='lat' dir='ltr'>comminuit</span> <span class='ocrx_word' id='word_1_771' title='bbox 911 2172 990 2201; x_wconf 83' lang='lat' dir='ltr'>atque</span> <span class='ocrx_word' id='word_1_772' title='bbox 1004 2167 1089 2193; x_wconf 88' lang='lat' dir='ltr'>violat</span> 
     </span>
     <span class='ocr_line' id='line_1_98' title="bbox 48 2201 1088 2239; baseline -0.004 -7"><span class='ocrx_word' id='word_1_773' title='bbox 48 2204 166 2232; x_wconf 84' lang='lat' dir='ltr'>officium</span> <span class='ocrx_word' id='word_1_774' title='bbox 185 2205 240 2231; x_wconf 85' lang='lat' dir='ltr'>Cic.</span> <span class='ocrx_word' id='word_1_775' title='bbox 255 2213 304 2239; x_wconf 85' lang='lat' dir='ltr'>pro</span> <span class='ocrx_word' id='word_1_776' title='bbox 317 2205 410 2237; x_wconf 73' lang='lat' dir='ltr'>Quint.</span> <span class='ocrx_word' id='word_1_777' title='bbox 423 2206 457 2230; x_wconf 83' lang='lat'>26</span> <span class='ocrx_word' id='word_1_778' title='bbox 484 2213 505 2230; x_wconf 85' lang='lat' dir='ltr'>c.</span> <span class='ocrx_word' id='word_1_779' title='bbox 527 2205 551 2229; x_wconf 89' lang='lat'>6.</span> <span class='ocrx_word' id='word_1_780' title='bbox 622 2202 717 2229; x_wconf 85' lang='lat' dir='ltr'>Horat.</span> <span class='ocrx_word' id='word_1_781' title='bbox 732 2201 813 2229; x_wconf 86' lang='lat' dir='ltr'>Serm.</span> <span class='ocrx_word' id='word_1_782' title='bbox 829 2211 854 2236; x_wconf 87' lang='lat'>1,</span> <span class='ocrx_word' id='word_1_783' title='bbox 875 2210 902 2235; x_wconf 94' lang='lat'>1,</span> <span class='ocrx_word' id='word_1_784' title='bbox 923 2211 956 2236; x_wconf 80' lang='lat'>43</span> <span class='ocrx_word' id='word_1_785' title='bbox 983 2204 1088 2231; x_wconf 83' lang='lat' dir='ltr'>Auarus</span> 
     </span>
     <span class='ocr_line' id='line_1_99' title="bbox 44 2243 627 2278; baseline 0 -12"><span class='ocrx_word' id='word_1_786' title='bbox 44 2243 225 2278; x_wconf 73' lang='lat' dir='ltr'>interrogatus,</span> <span class='ocrx_word' id='word_1_787' title='bbox 624 2257 627 2261; x_wconf 89' lang='lat'><em>-</em></span> 
     </span>
     <span class='ocr_line' id='line_1_100' title="bbox 198 2273 978 2309; baseline 0 -8"><span class='ocrx_word' id='word_1_788' title='bbox 198 2273 272 2309; x_wconf 72' lang='lat' dir='ltr'>Quid</span> <span class='ocrx_word' id='word_1_789' title='bbox 285 2274 360 2301; x_wconf 90' lang='lat' dir='ltr'>iuuat</span> <span class='ocrx_word' id='word_1_790' title='bbox 372 2274 532 2301; x_wconf 81' lang='lat' dir='ltr'>immensum</span> <span class='ocrx_word' id='word_1_791' title='bbox 545 2278 572 2301; x_wconf 88' lang='lat' dir='ltr'>te</span> <span class='ocrx_word' id='word_1_792' title='bbox 586 2274 688 2308; x_wconf 84' lang='lat' dir='ltr'>argenti</span> <span class='ocrx_word' id='word_1_793' title='bbox 700 2274 819 2307; x_wconf 87' lang='lat' dir='ltr'>Pondus,</span> <span class='ocrx_word' id='word_1_794' title='bbox 838 2279 864 2302; x_wconf 89' lang='lat' dir='ltr'>et</span> <span class='ocrx_word' id='word_1_795' title='bbox 878 2274 939 2302; x_wconf 86' lang='lat' dir='ltr'>auri</span> <span class='ocrx_word' id='word_1_796' title='bbox 969 2296 978 2301; x_wconf 72' lang='lat'>.</span> 
     </span>
     <span class='ocr_line' id='line_1_101' title="bbox 199 2310 1088 2348; baseline 0 -10"><span class='ocrx_word' id='word_1_797' title='bbox 199 2311 303 2338; x_wconf 83' lang='lat' dir='ltr'>Furtim</span> <span class='ocrx_word' id='word_1_798' title='bbox 319 2310 416 2337; x_wconf 84' lang='lat' dir='ltr'>defossa</span> <span class='ocrx_word' id='word_1_799' title='bbox 429 2310 556 2336; x_wconf 89' lang='lat' dir='ltr'>timidum</span> <span class='ocrx_word' id='word_1_800' title='bbox 572 2310 707 2345; x_wconf 83' lang='lat' dir='ltr'>deponere</span> <span class='ocrx_word' id='word_1_801' title='bbox 721 2312 806 2337; x_wconf 63' lang='lat' dir='ltr'>terra?</span> <span class='ocrx_word' id='word_1_802' title='bbox 933 2310 1088 2348; x_wconf 77' lang='lat' dir='ltr'>Respondet,</span> 
     </span>
     <span class='ocr_line' id='line_1_102' title="bbox 199 2345 905 2381; baseline 0.001 -8"><span class='ocrx_word' id='word_1_803' title='bbox 199 2346 280 2381; x_wconf 87' lang='lat' dir='ltr'>Qtod</span> <span class='ocrx_word' id='word_1_804' title='bbox 294 2346 311 2372; x_wconf 82' lang='lat' dir='ltr'>li</span> <span class='ocrx_word' id='word_1_805' title='bbox 324 2347 504 2378; x_wconf 83' lang='lat' dir='ltr'>comminuas,</span> <span class='ocrx_word' id='word_1_806' title='bbox 524 2345 606 2372; x_wconf 82' lang='lat' dir='ltr'>vilem</span> <span class='ocrx_word' id='word_1_807' title='bbox 625 2347 759 2381; x_wconf 75' lang='lat' dir='ltr'>redigatur</span> <span class='ocrx_word' id='word_1_808' title='bbox 776 2346 808 2373; x_wconf 83' lang='lat' dir='ltr'>ad</span> <span class='ocrx_word' id='word_1_809' title='bbox 821 2347 905 2374; x_wconf 78' lang='lat' dir='ltr'>assem.</span> 
     </span>
     <span class='ocr_line' id='line_1_103' title="bbox 46 2381 1089 2419; baseline -0.001 -10"><span class='ocrx_word' id='word_1_810' title='bbox 46 2383 101 2410; x_wconf 79' lang='lat' dir='ltr'>Hoc</span> <span class='ocrx_word' id='word_1_811' title='bbox 112 2382 190 2416; x_wconf 73' lang='lat' dir='ltr'>dicit,</span> <span class='ocrx_word' id='word_1_812' title='bbox 201 2383 227 2417; x_wconf 76' lang='lat' dir='ltr'>Ji</span> <span class='ocrx_word' id='word_1_813' title='bbox 233 2382 338 2419; x_wconf 71' lang='lat' dir='ltr'>Jitbinde</span> <span class='ocrx_word' id='word_1_814' title='bbox 351 2382 448 2418; x_wconf 73' lang='lat' dir='ltr'>aliquid</span> <span class='ocrx_word' id='word_1_815' title='bbox 458 2381 573 2416; x_wconf 77' lang='lat' dir='ltr'>decerpas</span> <span class='ocrx_word' id='word_1_816' title='bbox 587 2387 611 2408; x_wconf 77' lang='lat' dir='ltr'>et</span> <span class='ocrx_word' id='word_1_817' title='bbox 622 2382 741 2418; x_wconf 72' lang='lat' dir='ltr'>auferas,</span> <span class='ocrx_word' id='word_1_818' title='bbox 758 2383 855 2409; x_wconf 65' lang='lat' dir='ltr'>tandem</span> <span class='ocrx_word' id='word_1_819' title='bbox 869 2383 903 2409; x_wconf 77' lang='lat' dir='ltr'>acl</span> <span class='ocrx_word' id='word_1_820' title='bbox 917 2381 988 2416; x_wconf 62' lang='lat' dir='ltr'>aſjcm</span> <span class='ocrx_word' id='word_1_821' title='bbox 997 2401 1004 2412; x_wconf 92' lang='lat'><strong><em>‚</em></strong></span> <span class='ocrx_word' id='word_1_822' title='bbox 1023 2382 1089 2408; x_wconf 80' lang='lat' dir='ltr'>nihi-</span> 
     </span>
     <span class='ocr_line' id='line_1_104' title="bbox 44 2417 1088 2455; baseline -0.004 -9"><span class='ocrx_word' id='word_1_823' title='bbox 44 2419 138 2455; x_wconf 70' lang='lat' dir='ltr'>lumque</span> <span class='ocrx_word' id='word_1_824' title='bbox 151 2418 211 2446; x_wconf 74' lang='lat' dir='ltr'>atleo</span> <span class='ocrx_word' id='word_1_825' title='bbox 222 2418 357 2455; x_wconf 73' lang='lat' dir='ltr'>redigetur.</span> <span class='ocrx_word' id='word_1_826' title='bbox 428 2417 504 2444; x_wconf 85' lang='lat' dir='ltr'>Vires</span> <span class='ocrx_word' id='word_1_827' title='bbox 517 2418 619 2452; x_wconf 82' lang='lat' dir='ltr'>ingenii</span> <span class='ocrx_word' id='word_1_828' title='bbox 635 2419 817 2445; x_wconf 85' lang='lat' dir='ltr'>comminuere</span> <span class='ocrx_word' id='word_1_829' title='bbox 835 2418 918 2445; x_wconf 86' lang='lat' dir='ltr'>Ouid.</span> <span class='ocrx_word' id='word_1_830' title='bbox 932 2426 963 2443; x_wconf 88' lang='lat' dir='ltr'>ex</span> <span class='ocrx_word' id='word_1_831' title='bbox 975 2418 1049 2442; x_wconf 91' lang='lat' dir='ltr'>Pont.</span> <span class='ocrx_word' id='word_1_832' title='bbox 1064 2425 1088 2449; x_wconf 82' lang='lat'>3,</span> 
     </span>
     <span class='ocr_line' id='line_1_105' title="bbox 45 2463 664 2490; baseline -0.002 -3"><span class='ocrx_word' id='word_1_833' title='bbox 45 2463 68 2487; x_wconf 74' lang='lat'>3,</span> <span class='ocrx_word' id='word_1_834' title='bbox 79 2463 92 2487; x_wconf 80' lang='lat'>3</span> <span class='ocrx_word' id='word_1_835' title='bbox 115 2475 121 2482; x_wconf 91' lang='lat'>·</span> <span class='ocrx_word' id='word_1_836' title='bbox 655 2484 664 2490; x_wconf 54' lang='lat'><em>„</em></span> 
     </span>
     <span class='ocr_line' id='line_1_106' title="bbox 45 2465 765 2524; baseline -0.004 -7"><span class='ocrx_word' id='word_1_837' title='bbox 45 2499 70 2523; x_wconf 78' lang='lat'>3,</span> <span class='ocrx_word' id='word_1_838' title='bbox 83 2465 134 2524; x_wconf 51' lang='lat'>134.</span> <span class='ocrx_word' id='word_1_839' title='bbox 203 2490 370 2517; x_wconf 88' lang='lat' dir='ltr'>Comminuti</span> <span class='ocrx_word' id='word_1_840' title='bbox 381 2499 410 2516; x_wconf 89' lang='lat' dir='ltr'>re</span> <span class='ocrx_word' id='word_1_841' title='bbox 422 2489 553 2516; x_wconf 78' lang='lat' dir='ltr'>familiari</span> <span class='ocrx_word' id='word_1_842' title='bbox 567 2489 624 2516; x_wconf 85' lang='lat' dir='ltr'>Cic.</span> <span class='ocrx_word' id='word_1_843' title='bbox 639 2491 693 2516; x_wconf 86' lang='lat' dir='ltr'>Att.</span> <span class='ocrx_word' id='word_1_844' title='bbox 703 2499 731 2523; x_wconf 85' lang='lat'>4,</span> <span class='ocrx_word' id='word_1_845' title='bbox 743 2497 765 2520; x_wconf 82' lang='lat'>3.</span> 
     </span>
     <span class='ocr_line' id='line_1_107' title="bbox 45 2526 478 2562; baseline 0 -10"><span class='ocrx_word' id='word_1_846' title='bbox 45 2532 71 2552; x_wconf 88' lang='lat' dir='ltr'>et</span> <span class='ocrx_word' id='word_1_847' title='bbox 84 2526 211 2562; x_wconf 79' lang='lat' dir='ltr'>depressae</span> <span class='ocrx_word' id='word_1_848' title='bbox 228 2526 265 2553; x_wconf 85' lang='lat' dir='ltr'>ld.</span> <span class='ocrx_word' id='word_1_849' title='bbox 277 2527 354 2553; x_wconf 87' lang='lat' dir='ltr'>Verr.</span> <span class='ocrx_word' id='word_1_850' title='bbox 368 2533 381 2559; x_wconf 78' lang='grc' dir='ltr'><em>ς</em></span> <span class='ocrx_word' id='word_1_851' title='bbox 401 2535 423 2552; x_wconf 91' lang='lat' dir='ltr'>c.</span> <span class='ocrx_word' id='word_1_852' title='bbox 437 2532 478 2560; x_wconf 81' lang='lat'>37.</span> 
     </span>
     <span class='ocr_line' id='line_1_108' title="bbox 80 2567 556 2593; baseline -0.008 -3"><span class='ocrx_word' id='word_1_853' title='bbox 80 2567 428 2593; x_wconf 75' lang='lat' dir='ltr'>COMMiNVENnvs‚</span> <span class='ocrx_word' id='word_1_854' title='bbox 447 2569 476 2592; x_wconf 88' lang='lat' dir='ltr'>a,</span> <span class='ocrx_word' id='word_1_855' title='bbox 501 2569 556 2587; x_wconf 91' lang='lat' dir='ltr'>um.</span> 
     </span>
    </p>
   </div>
   <div class='ocr_carea' id='block_1_33' title="bbox 820 2488 1086 2523">
    <p class='ocr_par' dir='ltr' id='par_1_44' title="bbox 820 2488 1086 2523">
     <span class='ocr_line' id='line_1_109' title="bbox 820 2488 1086 2523; baseline 0.004 -10"><span class='ocrx_word' id='word_1_856' title='bbox 820 2488 1010 2514; x_wconf 85' lang='lat' dir='ltr'>Connmnutae</span> <span class='ocrx_word' id='word_1_857' title='bbox 1022 2496 1086 2523; x_wconf 85' lang='lat' dir='ltr'>opes</span> 
     </span>
    </p>
   </div>
   <div class='ocr_carea' id='block_1_34' title="bbox 593 2558 1087 2594">
    <p class='ocr_par' dir='ltr' id='par_1_45' title="bbox 593 2558 1087 2594">
     <span class='ocr_line' id='line_1_110' title="bbox 593 2558 1087 2594; baseline 0.002 -9"><span class='ocrx_word' id='word_1_858' title='bbox 593 2558 687 2585; x_wconf 72' lang='lat' dir='ltr'>partic.</span> <span class='ocrx_word' id='word_1_859' title='bbox 724 2559 910 2594; x_wconf 75' lang='grc' dir='ltr'><strong>[συντρυττέος]</strong></span> <span class='ocrx_word' id='word_1_860' title='bbox 958 2559 1040 2586; x_wconf 80' lang='lat' dir='ltr'>Ouid.</span> <span class='ocrx_word' id='word_1_861' title='bbox 1055 2559 1087 2586; x_wconf 84' lang='lat' dir='ltr'>de</span> 
     </span>
    </p>
   </div>
   <div class='ocr_carea' id='block_1_35' title="bbox 0 2593 1087 2633">
    <p class='ocr_par' dir='ltr' id='par_1_46' title="bbox 0 2593 1087 2633">
     <span class='ocr_line' id='line_1_111' title="bbox 0 2593 1087 2633; baseline -0.002 -8"><span class='ocrx_word' id='word_1_862' title='bbox 0 2619 1 2628; x_wconf 63' lang='grc'>,</span> <span class='ocrx_word' id='word_1_863' title='bbox 44 2597 286 2633; x_wconf 75' lang='lat' dir='ltr'>Medicatn.fac.7z</span> <span class='ocrx_word' id='word_1_864' title='bbox 302 2598 420 2630; x_wconf 80' lang='lat' dir='ltr'>Vtraque</span> <span class='ocrx_word' id='word_1_865' title='bbox 430 2596 473 2622; x_wconf 83' lang='lat' dir='ltr'>sex</span> <span class='ocrx_word' id='word_1_866' title='bbox 486 2595 581 2623; x_wconf 85' lang='lat' dir='ltr'>habeat</span> <span class='ocrx_word' id='word_1_867' title='bbox 593 2603 678 2630; x_wconf 86' lang='lat' dir='ltr'>aequo</span> <span class='ocrx_word' id='word_1_868' title='bbox 692 2593 844 2621; x_wconf 82' lang='lat' dir='ltr'>discrimine</span> <span class='ocrx_word' id='word_1_869' title='bbox 859 2594 951 2628; x_wconf 87' lang='lat' dir='ltr'>libras,</span> <span class='ocrx_word' id='word_1_870' title='bbox 969 2596 1087 2631; x_wconf 87' lang='lat' dir='ltr'>Vtraque</span> 
     </span>
    </p>
   </div>
   <div class='ocr_carea' id='block_1_36' title="bbox 45 2631 1086 2874">
    <p class='ocr_par' dir='ltr' id='par_1_47' title="bbox 45 2631 999 2736">
     <span class='ocr_line' id='line_1_112' title="bbox 45 2631 844 2670; baseline -0.003 -11"><span class='ocrx_word' id='word_1_871' title='bbox 45 2633 78 2659; x_wconf 85' lang='lat' dir='ltr'>da</span> <span class='ocrx_word' id='word_1_872' title='bbox 88 2633 172 2668; x_wconf 84' lang='lat' dir='ltr'>nigris</span> <span class='ocrx_word' id='word_1_873' title='bbox 185 2631 389 2660; x_wconf 80' lang='lat' dir='ltr'>comminuenda</span> <span class='ocrx_word' id='word_1_874' title='bbox 402 2631 490 2658; x_wconf 87' lang='lat' dir='ltr'>molis.</span> <span class='ocrx_word' id='word_1_875' title='bbox 839 2665 844 2670; x_wconf 89' lang='lat'>.</span> 
     </span>
     <span class='ocr_line' id='line_1_113' title="bbox 82 2666 999 2702; baseline -0.001 -7"><span class='ocrx_word' id='word_1_876' title='bbox 82 2674 126 2695; x_wconf 86' lang='lat' dir='ltr'>co</span> <span class='ocrx_word' id='word_1_877' title='bbox 134 2675 159 2694; x_wconf 88' lang='lat' dir='ltr'>M</span> <span class='ocrx_word' id='word_1_878' title='bbox 168 2675 192 2694; x_wconf 83' lang='lat' dir='ltr'>M</span> <span class='ocrx_word' id='word_1_879' title='bbox 201 2676 212 2695; x_wconf 87' lang='lat'>1</span> <span class='ocrx_word' id='word_1_880' title='bbox 220 2675 242 2694; x_wconf 81' lang='lat' dir='ltr'>N</span> <span class='ocrx_word' id='word_1_881' title='bbox 251 2675 271 2694; x_wconf 94' lang='lat' dir='ltr'>v</span> <span class='ocrx_word' id='word_1_882' title='bbox 281 2675 302 2694; x_wconf 86' lang='lat' dir='ltr'>T</span> <span class='ocrx_word' id='word_1_883' title='bbox 311 2675 320 2694; x_wconf 92' lang='lat'>1</span> <span class='ocrx_word' id='word_1_884' title='bbox 329 2674 362 2693; x_wconf 85' lang='lat' dir='ltr'>M.</span> <span class='ocrx_word' id='word_1_885' title='bbox 399 2667 468 2694; x_wconf 85' lang='lat' dir='ltr'>Adu.</span> <span class='ocrx_word' id='word_1_886' title='bbox 504 2667 578 2702; x_wconf 83' lang='lat' dir='ltr'>Apic.</span> <span class='ocrx_word' id='word_1_887' title='bbox 592 2677 620 2702; x_wconf 90' lang='lat'>4,</span> <span class='ocrx_word' id='word_1_888' title='bbox 632 2675 651 2701; x_wconf 88' lang='lat'>4</span> <span class='ocrx_word' id='word_1_889' title='bbox 678 2666 874 2694; x_wconf 84' lang='lat' dir='ltr'>Comminunm</span> <span class='ocrx_word' id='word_1_890' title='bbox 888 2666 999 2694; x_wconf 89' lang='lat' dir='ltr'>concisa.</span> 
     </span>
     <span class='ocr_line' id='line_1_114' title="bbox 83 2702 620 2736; baseline 0.002 -6"><span class='ocrx_word' id='word_1_891' title='bbox 83 2703 311 2736; x_wconf 73' lang='lat' dir='ltr'>commles,</span> <span class='ocrx_word' id='word_1_892' title='bbox 344 2702 398 2729; x_wconf 81' lang='lat' dir='ltr'>vid.</span> <span class='ocrx_word' id='word_1_893' title='bbox 427 2710 620 2731; x_wconf 72' lang='lat' dir='ltr'>coM1st.</span> 
     </span>
    </p>

    <p class='ocr_par' dir='ltr' id='par_1_48' title="bbox 46 2737 1086 2874">
     <span class='ocr_line' id='line_1_115' title="bbox 83 2737 1086 2776; baseline -0.001 -11"><span class='ocrx_word' id='word_1_894' title='bbox 83 2745 100 2765; x_wconf 86' lang='lat' dir='ltr'>C</span> <span class='ocrx_word' id='word_1_895' title='bbox 109 2745 128 2765; x_wconf 95' lang='lat' dir='ltr'>o</span> <span class='ocrx_word' id='word_1_896' title='bbox 138 2745 162 2765; x_wconf 81' lang='grc' dir='ltr'><strong>Μ</strong></span> <span class='ocrx_word' id='word_1_897' title='bbox 172 2746 198 2766; x_wconf 82' lang='grc' dir='ltr'>Μ</span> <span class='ocrx_word' id='word_1_898' title='bbox 207 2746 239 2767; x_wconf 81' lang='lat' dir='ltr'>rs</span> <span class='ocrx_word' id='word_1_899' title='bbox 251 2745 268 2767; x_wconf 92' lang='lat' dir='ltr'>c</span> <span class='ocrx_word' id='word_1_900' title='bbox 280 2746 296 2766; x_wconf 83' lang='lat'>13</span> <span class='ocrx_word' id='word_1_901' title='bbox 305 2746 324 2766; x_wconf 93' lang='lat' dir='ltr'>o</span> <span class='ocrx_word' id='word_1_902' title='bbox 333 2758 340 2771; x_wconf 94' lang='lat'>,</span> <span class='ocrx_word' id='word_1_903' title='bbox 359 2739 468 2770; x_wconf 89' lang='lat' dir='ltr'>miscui,</span> <span class='ocrx_word' id='word_1_904' title='bbox 486 2739 593 2776; x_wconf 80' lang='lat' dir='ltr'>mistum</span> <span class='ocrx_word' id='word_1_905' title='bbox 609 2745 635 2767; x_wconf 89' lang='lat' dir='ltr'>et</span> <span class='ocrx_word' id='word_1_906' title='bbox 650 2739 763 2765; x_wconf 84' lang='lat' dir='ltr'>mixtum</span> <span class='ocrx_word' id='word_1_907' title='bbox 774 2758 782 2771; x_wconf 91' lang='lat'>,</span> <span class='ocrx_word' id='word_1_908' title='bbox 803 2742 856 2765; x_wconf 59' lang='lat' dir='ltr'>Fre.</span> <span class='ocrx_word' id='word_1_909' title='bbox 885 2737 1086 2775; x_wconf 68' lang='grc' dir='ltr'>[συγκεράννυμι,</span> 
     </span>
     <span class='ocr_line' id='line_1_116' title="bbox 46 2774 1086 2811; baseline 0.001 -11"><span class='ocrx_word' id='word_1_910' title='bbox 46 2775 221 2810; x_wconf 70' lang='grc' dir='ltr'>συμμίγνυμι]</span> <span class='ocrx_word' id='word_1_911' title='bbox 257 2776 320 2802; x_wconf 82' lang='lat' dir='ltr'>Bene</span> <span class='ocrx_word' id='word_1_912' title='bbox 333 2775 446 2811; x_wconf 65' lang='lat' dir='ltr'>mist-ere,</span> <span class='ocrx_word' id='word_1_913' title='bbox 465 2776 620 2811; x_wconf 72' lang='lat' dir='ltr'>Permiscere.</span> <span class='ocrx_word' id='word_1_914' title='bbox 654 2775 737 2802; x_wconf 81' lang='lat' dir='ltr'>Plaut.</span> <span class='ocrx_word' id='word_1_915' title='bbox 751 2774 817 2801; x_wconf 83' lang='lat' dir='ltr'>Pers.</span> <span class='ocrx_word' id='word_1_916' title='bbox 831 2782 851 2807; x_wconf 81' lang='lat'>1,</span> <span class='ocrx_word' id='word_1_917' title='bbox 862 2783 883 2807; x_wconf 80' lang='lat'>3,</span> <span class='ocrx_word' id='word_1_918' title='bbox 898 2782 915 2809; x_wconf 87' lang='lat'><strong>7</strong></span> <span class='ocrx_word' id='word_1_919' title='bbox 935 2775 1086 2802; x_wconf 89' lang='lat' dir='ltr'>Commisce</span> 
     </span>
     <span class='ocr_line' id='line_1_117' title="bbox 47 2810 617 2846; baseline 0.004 -10"><span class='ocrx_word' id='word_1_920' title='bbox 47 2810 160 2837; x_wconf 85' lang='lat' dir='ltr'>mulsum</span> <span class='ocrx_word' id='word_1_921' title='bbox 174 2822 182 2843; x_wconf 64' lang='grc' dir='ltr'><strong><em>ς</em></strong></span> <span class='ocrx_word' id='word_1_922' title='bbox 206 2810 318 2837; x_wconf 82' lang='lat' dir='ltr'>struthea</span> <span class='ocrx_word' id='word_1_923' title='bbox 338 2811 494 2845; x_wconf 88' lang='lat' dir='ltr'>coluteaque</span> <span class='ocrx_word' id='word_1_924' title='bbox 515 2820 617 2846; x_wconf 87' lang='lat' dir='ltr'>appara.</span> 
     </span>
     <span class='ocr_line' id='line_1_118' title="bbox 47 2845 603 2874; baseline 0.004 -2"><span class='ocrx_word' id='word_1_925' title='bbox 47 2845 151 2873; x_wconf 86' lang='lat' dir='ltr'>duobus</span> <span class='ocrx_word' id='word_1_926' title='bbox 164 2847 237 2873; x_wconf 87' lang='lat' dir='ltr'>rosae</span> <span class='ocrx_word' id='word_1_927' title='bbox 251 2847 436 2874; x_wconf 83' lang='lat' dir='ltr'>commiscetur</span> <span class='ocrx_word' id='word_1_928' title='bbox 448 2847 567 2874; x_wconf 86' lang='lat' dir='ltr'>Scribou.</span> <span class='ocrx_word' id='word_1_929' title='bbox 584 2856 603 2874; x_wconf 90' lang='lat'>1.</span> 
     </span>
    </p>
   </div>
   <div class='ocr_carea' id='block_1_37' title="bbox 167 2882 700 2917">
    <p class='ocr_par' dir='ltr' id='par_1_49' title="bbox 167 2882 700 2917">
     <span class='ocr_line' id='line_1_119' title="bbox 167 2882 700 2917; baseline 0.002 -8"><span class='ocrx_word' id='word_1_930' title='bbox 167 2883 241 2917; x_wconf 84' lang='lat' dir='ltr'>Aqua</span> <span class='ocrx_word' id='word_1_931' title='bbox 261 2882 373 2917; x_wconf 83' lang='lat' dir='ltr'>pluuiali</span> <span class='ocrx_word' id='word_1_932' title='bbox 389 2883 593 2910; x_wconf 86' lang='lat' dir='ltr'>commiscentur</span> <span class='ocrx_word' id='word_1_933' title='bbox 611 2883 647 2910; x_wconf 87' lang='lat' dir='ltr'>Id.</span> <span class='ocrx_word' id='word_1_934' title='bbox 660 2892 700 2917; x_wconf 82' lang='lat'>32.</span> 
     </span>
    </p>
   </div>
   <div class='ocr_carea' id='block_1_38' title="bbox 664 2847 1085 2916">
    <p class='ocr_par' dir='ltr' id='par_1_50' title="bbox 664 2847 1085 2916">
     <span class='ocr_line' id='line_1_120' title="bbox 664 2847 1084 2880; baseline 0 -6"><span class='ocrx_word' id='word_1_935' title='bbox 664 2848 695 2874; x_wconf 91' lang='lat' dir='ltr'>In</span> <span class='ocrx_word' id='word_1_936' title='bbox 709 2856 790 2874; x_wconf 89' lang='lat' dir='ltr'>vnum</span> <span class='ocrx_word' id='word_1_937' title='bbox 805 2847 976 2873; x_wconf 87' lang='lat' dir='ltr'>commiscere</span> <span class='ocrx_word' id='word_1_938' title='bbox 990 2847 1030 2874; x_wconf 88' lang='lat' dir='ltr'>Id.</span> <span class='ocrx_word' id='word_1_939' title='bbox 1044 2850 1084 2880; x_wconf 76' lang='lat'>56.</span> 
     </span>
     <span class='ocr_line' id='line_1_121' title="bbox 771 2883 1085 2916; baseline 0.003 -7"><span class='ocrx_word' id='word_1_940' title='bbox 771 2897 818 2902; x_wconf 88' lang='lat'>——</span> <span class='ocrx_word' id='word_1_941' title='bbox 853 2883 963 2910; x_wconf 88' lang='lat' dir='ltr'>caeteris</span> <span class='ocrx_word' id='word_1_942' title='bbox 976 2886 1034 2916; x_wconf 73' lang='lat'>265.</span> <span class='ocrx_word' id='word_1_943' title='bbox 1048 2889 1085 2916; x_wconf 77' lang='lat'>38.</span> 
     </span>
    </p>
   </div>
   <div class='ocr_carea' id='block_1_39' title="bbox 44 2953 1084 3097">
    <p class='ocr_par' dir='ltr' id='par_1_51' title="bbox 44 2953 1084 3097">
     <span class='ocr_line' id='line_1_122' title="bbox 44 2953 1084 2989; baseline 0.002 -9"><span class='ocrx_word' id='word_1_944' title='bbox 44 2959 71 2980; x_wconf 84' lang='lat' dir='ltr'>et</span> <span class='ocrx_word' id='word_1_945' title='bbox 85 2953 117 2980; x_wconf 88' lang='lat' dir='ltr'>ad</span> <span class='ocrx_word' id='word_1_946' title='bbox 133 2954 334 2989; x_wconf 84' lang='lat' dir='ltr'>concipiendum</span> <span class='ocrx_word' id='word_1_947' title='bbox 351 2954 492 2989; x_wconf 82' lang='lat' dir='ltr'>aptissimae</span> <span class='ocrx_word' id='word_1_948' title='bbox 502 2974 510 2987; x_wconf 86' lang='lat'>,</span> <span class='ocrx_word' id='word_1_949' title='bbox 530 2962 555 2982; x_wconf 89' lang='lat' dir='ltr'>et</span> <span class='ocrx_word' id='word_1_950' title='bbox 568 2957 597 2982; x_wconf 91' lang='lat' dir='ltr'>in</span> <span class='ocrx_word' id='word_1_951' title='bbox 609 2964 696 2988; x_wconf 79' lang='lat' dir='ltr'>mare,</span> <span class='ocrx_word' id='word_1_952' title='bbox 716 2962 742 2981; x_wconf 88' lang='lat' dir='ltr'>et</span> <span class='ocrx_word' id='word_1_953' title='bbox 758 2955 786 2981; x_wconf 90' lang='lat' dir='ltr'>in</span> <span class='ocrx_word' id='word_1_954' title='bbox 801 2955 900 2981; x_wconf 82' lang='lat' dir='ltr'>femina</span> <span class='ocrx_word' id='word_1_955' title='bbox 913 2956 1084 2982; x_wconf 86' lang='lat' dir='ltr'>commiscen-</span> 
     </span>
     <span class='ocr_line' id='line_1_123' title="bbox 44 2988 539 3025; baseline 0.004 -10"><span class='ocrx_word' id='word_1_956' title='bbox 44 2988 139 3016; x_wconf 83' lang='lat' dir='ltr'>dorum</span> <span class='ocrx_word' id='word_1_957' title='bbox 147 2999 296 3025; x_wconf 86' lang='lat' dir='ltr'>·corporum</span> <span class='ocrx_word' id='word_1_958' title='bbox 308 2991 392 3017; x_wconf 87' lang='lat' dir='ltr'>mirae</span> <span class='ocrx_word' id='word_1_959' title='bbox 404 2990 539 3017; x_wconf 85' lang='lat' dir='ltr'>libidines.</span> 
     </span>
     <span class='ocr_line' id='line_1_124' title="bbox 44 3024 1083 3063; baseline 0.004 -13"><span class='ocrx_word' id='word_1_960' title='bbox 44 3033 103 3051; x_wconf 88' lang='lat' dir='ltr'>cum</span> <span class='ocrx_word' id='word_1_961' title='bbox 112 3024 160 3052; x_wconf 93' lang='lat' dir='ltr'>illo</span> <span class='ocrx_word' id='word_1_962' title='bbox 166 3026 230 3061; x_wconf 87' lang='lat' dir='ltr'>quid</span> <span class='ocrx_word' id='word_1_963' title='bbox 241 3027 283 3053; x_wconf 81' lang='lat' dir='ltr'>rei</span> <span class='ocrx_word' id='word_1_964' title='bbox 295 3027 479 3059; x_wconf 84' lang='lat' dir='ltr'>commiscuit,</span> <span class='ocrx_word' id='word_1_965' title='bbox 499 3031 517 3054; x_wconf 93' lang='lat' dir='ltr'>i.</span> <span class='ocrx_word' id='word_1_966' title='bbox 525 3027 551 3061; x_wconf 82' lang='lat' dir='ltr'><em>fi</em></span> <span class='ocrx_word' id='word_1_967' title='bbox 565 3027 627 3063; x_wconf 84' lang='lat' dir='ltr'>quid</span> <span class='ocrx_word' id='word_1_968' title='bbox 636 3029 734 3063; x_wconf 76' lang='lat' dir='ltr'>negotio</span> <span class='ocrx_word' id='word_1_969' title='bbox 749 3025 782 3059; x_wconf 69' lang='lat' dir='ltr'>est</span> <span class='ocrx_word' id='word_1_970' title='bbox 795 3027 869 3053; x_wconf 76' lang='lat' dir='ltr'>alteri</span> <span class='ocrx_word' id='word_1_971' title='bbox 880 3036 933 3053; x_wconf 86' lang='lat' dir='ltr'>cum</span> <span class='ocrx_word' id='word_1_972' title='bbox 946 3037 980 3054; x_wconf 69' lang='lat' dir='ltr'>eo.</span> <span class='ocrx_word' id='word_1_973' title='bbox 1026 3029 1083 3055; x_wconf 85' lang='lat' dir='ltr'>Cic.</span> 
     </span>
     <span class='ocr_line' id='line_1_125' title="bbox 44 3059 1083 3097; baseline 0.005 -11"><span class='ocrx_word' id='word_1_974' title='bbox 44 3059 77 3086; x_wconf 87' lang='lat' dir='ltr'>de</span> <span class='ocrx_word' id='word_1_975' title='bbox 91 3061 198 3094; x_wconf 78' lang='lat' dir='ltr'>Amicit-</span> <span class='ocrx_word' id='word_1_976' title='bbox 207 3066 233 3091; x_wconf 83' lang='lat'>81</span> <span class='ocrx_word' id='word_1_977' title='bbox 250 3063 341 3089; x_wconf 85' lang='lat' dir='ltr'>Homo</span> <span class='ocrx_word' id='word_1_978' title='bbox 353 3068 378 3088; x_wconf 86' lang='lat' dir='ltr'>et</span> <span class='ocrx_word' id='word_1_979' title='bbox 391 3062 417 3088; x_wconf 87' lang='lat' dir='ltr'>se</span> <span class='ocrx_word' id='word_1_980' title='bbox 430 3063 485 3096; x_wconf 87' lang='lat' dir='ltr'>ipse</span> <span class='ocrx_word' id='word_1_981' title='bbox 498 3063 603 3097; x_wconf 84' lang='lat' dir='ltr'>diligit,</span> <span class='ocrx_word' id='word_1_982' title='bbox 622 3069 647 3089; x_wconf 88' lang='lat' dir='ltr'>et</span> <span class='ocrx_word' id='word_1_983' title='bbox 661 3064 772 3090; x_wconf 78' lang='lat' dir='ltr'>alterum</span> <span class='ocrx_word' id='word_1_984' title='bbox 784 3063 919 3097; x_wconf 87' lang='lat' dir='ltr'>anquirit,</span> <span class='ocrx_word' id='word_1_985' title='bbox 940 3064 1014 3090; x_wconf 87' lang='lat' dir='ltr'>cuius</span> <span class='ocrx_word' id='word_1_986' title='bbox 1029 3065 1083 3091; x_wconf 86' lang='lat' dir='ltr'>ani-</span> 
     </span>
    </p>
   </div>
   <div class='ocr_carea' id='block_1_40' title="bbox 11 3094 1131 3205">
    <p class='ocr_par' dir='ltr' id='par_1_52' title="bbox 11 3094 1131 3205">
     <span class='ocr_line' id='line_1_126' title="bbox 16 3094 1082 3133; baseline 0.005 -11"><span class='ocrx_word' id='word_1_987' title='bbox 16 3110 17 3115; x_wconf 70' lang='lat'><em>=</em></span> <span class='ocrx_word' id='word_1_988' title='bbox 43 3105 118 3122; x_wconf 90' lang='lat' dir='ltr'>mum</span> <span class='ocrx_word' id='word_1_989' title='bbox 140 3094 178 3123; x_wconf 84' lang='lat' dir='ltr'>ita</span> <span class='ocrx_word' id='word_1_990' title='bbox 190 3105 251 3124; x_wconf 87' lang='lat' dir='ltr'>cum</span> <span class='ocrx_word' id='word_1_991' title='bbox 273 3098 321 3124; x_wconf 91' lang='lat' dir='ltr'>suo</span> <span class='ocrx_word' id='word_1_992' title='bbox 342 3098 525 3131; x_wconf 87' lang='lat' dir='ltr'>commisceat,</span> <span class='ocrx_word' id='word_1_993' title='bbox 542 3106 572 3126; x_wconf 80' lang='lat' dir='ltr'>vt</span> <span class='ocrx_word' id='word_1_994' title='bbox 593 3098 690 3125; x_wconf 84' lang='lat' dir='ltr'>efficiat</span> <span class='ocrx_word' id='word_1_995' title='bbox 704 3107 785 3133; x_wconf 84' lang='lat' dir='ltr'>paene</span> <span class='ocrx_word' id='word_1_996' title='bbox 809 3107 891 3125; x_wconf 85' lang='lat' dir='ltr'>vnum</span> <span class='ocrx_word' id='word_1_997' title='bbox 913 3108 945 3125; x_wconf 86' lang='lat' dir='ltr'>ex</span> <span class='ocrx_word' id='word_1_998' title='bbox 968 3100 1082 3127; x_wconf 88' lang='lat' dir='ltr'>duobus.</span> 
     </span>
     <span class='ocr_line' id='line_1_127' title="bbox 11 3131 1083 3169; baseline 0.005 -11"><span class='ocrx_word' id='word_1_999' title='bbox 11 3144 13 3150; x_wconf 93' lang='lat'>·</span> <span class='ocrx_word' id='word_1_1000' title='bbox 41 3131 125 3159; x_wconf 88' lang='lat' dir='ltr'>Plaut.</span> <span class='ocrx_word' id='word_1_1001' title='bbox 139 3131 197 3159; x_wconf 85' lang='lat' dir='ltr'>Mil.</span> <span class='ocrx_word' id='word_1_1002' title='bbox 213 3141 244 3164; x_wconf 85' lang='lat'>2,</span> <span class='ocrx_word' id='word_1_1003' title='bbox 263 3140 287 3166; x_wconf 84' lang='grc' dir='ltr'>ς,</span> <span class='ocrx_word' id='word_1_1004' title='bbox 306 3135 350 3166; x_wconf 45' lang='lat'>68,</span> <span class='ocrx_word' id='word_1_1005' title='bbox 366 3134 421 3168; x_wconf 82' lang='lat' dir='ltr'>Ego</span> <span class='ocrx_word' id='word_1_1006' title='bbox 434 3133 516 3166; x_wconf 86' lang='lat' dir='ltr'>abeo,</span> <span class='ocrx_word' id='word_1_1007' title='bbox 529 3143 562 3161; x_wconf 87' lang='lat' dir='ltr'>ne</span> <span class='ocrx_word' id='word_1_1008' title='bbox 577 3135 643 3169; x_wconf 88' lang='lat' dir='ltr'>quid</span> <span class='ocrx_word' id='word_1_1009' title='bbox 662 3142 748 3161; x_wconf 88' lang='lat' dir='ltr'>tecum</span> <span class='ocrx_word' id='word_1_1010' title='bbox 767 3133 870 3161; x_wconf 85' lang='lat' dir='ltr'>consilii</span> <span class='ocrx_word' id='word_1_1011' title='bbox 890 3136 1083 3163; x_wconf 77' lang='lat' dir='ltr'>commisceam-</span> 
     </span>
     <span class='ocr_line' id='line_1_128' title="bbox 40 3168 1131 3205; baseline 0.005 -11"><span class='ocrx_word' id='word_1_1012' title='bbox 40 3168 86 3195; x_wconf 89' lang='lat' dir='ltr'>Ius</span> <span class='ocrx_word' id='word_1_1013' title='bbox 111 3168 268 3195; x_wconf 79' lang='lat' dir='ltr'>accusatoris</span> <span class='ocrx_word' id='word_1_1014' title='bbox 293 3177 353 3201; x_wconf 82' lang='lat' dir='ltr'>cum</span> <span class='ocrx_word' id='word_1_1015' title='bbox 370 3169 429 3196; x_wconf 86' lang='lat' dir='ltr'>iure</span> <span class='ocrx_word' id='word_1_1016' title='bbox 447 3170 592 3197; x_wconf 78' lang='lat' dir='ltr'>testimonii</span> <span class='ocrx_word' id='word_1_1017' title='bbox 609 3171 781 3198; x_wconf 85' lang='lat' dir='ltr'>commiscere</span> <span class='ocrx_word' id='word_1_1018' title='bbox 801 3169 902 3197; x_wconf 70' lang='lat' dir='ltr'>Auetor</span> <span class='ocrx_word' id='word_1_1019' title='bbox 921 3171 954 3198; x_wconf 89' lang='lat' dir='ltr'>ad</span> <span class='ocrx_word' id='word_1_1020' title='bbox 967 3173 1084 3199; x_wconf 84' lang='lat' dir='ltr'>Herenn.</span> <span class='ocrx_word' id='word_1_1021' title='bbox 1101 3176 1131 3205; x_wconf 81' lang='lat'>83</span> 
     </span>
    </p>
   </div>
   <div class='ocr_carea' id='block_1_41' title="bbox 211 3203 1082 3244">
    <p class='ocr_par' dir='ltr' id='par_1_53' title="bbox 211 3203 1082 3244">
     <span class='ocr_line' id='line_1_129' title="bbox 211 3203 1082 3244; baseline 0.006 -14"><span class='ocrx_word' id='word_1_1022' title='bbox 211 3203 312 3244; x_wconf 70' lang='lat' dir='ltr'>Populo</span> <span class='ocrx_word' id='word_1_1023' title='bbox 328 3205 494 3232; x_wconf 88' lang='lat' dir='ltr'>commisceri</span> <span class='ocrx_word' id='word_1_1024' title='bbox 514 3205 572 3235; x_wconf 84' lang='lat' dir='ltr'>Sen,</span> <span class='ocrx_word' id='word_1_1025' title='bbox 584 3206 662 3241; x_wconf 86' lang='lat' dir='ltr'>Epist.</span> <span class='ocrx_word' id='word_1_1026' title='bbox 682 3215 708 3241; x_wconf 88' lang='lat'>7.</span> <span class='ocrx_word' id='word_1_1027' title='bbox 780 3206 926 3241; x_wconf 86' lang='lat' dir='ltr'>Nunquam</span> <span class='ocrx_word' id='word_1_1028' title='bbox 947 3209 1082 3236; x_wconf 84' lang='lat' dir='ltr'>temeritas</span> 
     </span>
    </p>
   </div>
   <div class='ocr_carea' id='block_1_42' title="bbox 42 3212 141 3239">
    <p class='ocr_par' dir='ltr' id='par_1_54' title="bbox 42 3212 141 3239">
     <span class='ocr_line' id='line_1_130' title="bbox 42 3212 141 3239; baseline 0 0"><span class='ocrx_word' id='word_1_1029' title='bbox 42 3213 78 3239; x_wconf 79' lang='lat'>4,</span> <span class='ocrx_word' id='word_1_1030' title='bbox 96 3212 141 3239; x_wconf 89' lang='lat'>47-</span> 
     </span>
    </p>
   </div>
   <div class='ocr_carea' id='block_1_43' title="bbox 12 3239 777 3277">
    <p class='ocr_par' dir='ltr' id='par_1_55' title="bbox 12 3239 777 3277">
     <span class='ocr_line' id='line_1_131' title="bbox 12 3239 777 3277; baseline 0.004 -11"><span class='ocrx_word' id='word_1_1031' title='bbox 12 3253 18 3263; x_wconf 84' lang='lat'>·</span> <span class='ocrx_word' id='word_1_1032' title='bbox 41 3249 102 3266; x_wconf 88' lang='lat' dir='ltr'>cum</span> <span class='ocrx_word' id='word_1_1033' title='bbox 121 3239 248 3274; x_wconf 81' lang='lat' dir='ltr'>sapientia</span> <span class='ocrx_word' id='word_1_1034' title='bbox 267 3240 450 3267; x_wconf 84' lang='lat' dir='ltr'>commiscetur</span> <span class='ocrx_word' id='word_1_1035' title='bbox 467 3241 524 3268; x_wconf 80' lang='lat' dir='ltr'>Cic.</span> <span class='ocrx_word' id='word_1_1036' title='bbox 544 3251 594 3277; x_wconf 86' lang='lat' dir='ltr'>pro</span> <span class='ocrx_word' id='word_1_1037' title='bbox 611 3243 694 3269; x_wconf 81' lang='lat' dir='ltr'>Marc.</span> <span class='ocrx_word' id='word_1_1038' title='bbox 715 3252 737 3268; x_wconf 91' lang='lat' dir='ltr'>c.</span> <span class='ocrx_word' id='word_1_1039' title='bbox 752 3250 777 3269; x_wconf 86' lang='lat'>2.</span> 
     </span>
    </p>
   </div>
   <div class='ocr_carea' id='block_1_44' title="bbox 42 3277 1083 3349">
    <p class='ocr_par' dir='ltr' id='par_1_56' title="bbox 42 3277 1083 3349">
     <span class='ocr_line' id='line_1_132' title="bbox 79 3277 1082 3314; baseline 0.003 -11"><span class='ocrx_word' id='word_1_1040' title='bbox 79 3282 97 3303; x_wconf 90' lang='lat' dir='ltr'>c</span> <span class='ocrx_word' id='word_1_1041' title='bbox 108 3281 127 3302; x_wconf 93' lang='lat' dir='ltr'>o</span> <span class='ocrx_word' id='word_1_1042' title='bbox 138 3282 161 3302; x_wconf 72' lang='lat' dir='ltr'>:n</span> <span class='ocrx_word' id='word_1_1043' title='bbox 170 3283 195 3302; x_wconf 84' lang='lat' dir='ltr'><strong>M</strong></span> <span class='ocrx_word' id='word_1_1044' title='bbox 204 3282 213 3301; x_wconf 94' lang='lat'>1</span> <span class='ocrx_word' id='word_1_1045' title='bbox 223 3282 236 3302; x_wconf 91' lang='lat' dir='ltr'>s</span> <span class='ocrx_word' id='word_1_1046' title='bbox 244 3281 266 3301; x_wconf 79' lang='lat' dir='ltr'>&#39;r</span> <span class='ocrx_word' id='word_1_1047' title='bbox 274 3282 294 3301; x_wconf 92' lang='lat' dir='ltr'>v</span> <span class='ocrx_word' id='word_1_1048' title='bbox 303 3282 317 3303; x_wconf 85' lang='lat' dir='ltr'>s</span> <span class='ocrx_word' id='word_1_1049' title='bbox 325 3295 334 3308; x_wconf 94' lang='lat'><em>‚</em></span> <span class='ocrx_word' id='word_1_1050' title='bbox 351 3282 376 3302; x_wconf 78' lang='lat' dir='ltr'>et</span> <span class='ocrx_word' id='word_1_1051' title='bbox 395 3283 439 3303; x_wconf 88' lang='lat' dir='ltr'>co</span> <span class='ocrx_word' id='word_1_1052' title='bbox 448 3283 473 3302; x_wconf 86' lang='lat' dir='ltr'><strong>M</strong></span> <span class='ocrx_word' id='word_1_1053' title='bbox 482 3284 506 3303; x_wconf 89' lang='lat' dir='ltr'>M</span> <span class='ocrx_word' id='word_1_1054' title='bbox 516 3285 526 3304; x_wconf 91' lang='lat'>1</span> <span class='ocrx_word' id='word_1_1055' title='bbox 535 3285 553 3304; x_wconf 82' lang='lat' dir='ltr'>x</span> <span class='ocrx_word' id='word_1_1056' title='bbox 563 3285 584 3305; x_wconf 75' lang='lat' dir='ltr'>‘r</span> <span class='ocrx_word' id='word_1_1057' title='bbox 593 3285 614 3304; x_wconf 91' lang='lat' dir='ltr'>v</span> <span class='ocrx_word' id='word_1_1058' title='bbox 623 3285 636 3303; x_wconf 92' lang='lat' dir='ltr'>s</span> <span class='ocrx_word' id='word_1_1059' title='bbox 644 3298 653 3313; x_wconf 86' lang='lat'>,</span> <span class='ocrx_word' id='word_1_1060' title='bbox 670 3287 694 3310; x_wconf 80' lang='lat' dir='ltr'>a,</span> <span class='ocrx_word' id='word_1_1061' title='bbox 711 3287 766 3304; x_wconf 88' lang='lat' dir='ltr'>um.</span> <span class='ocrx_word' id='word_1_1062' title='bbox 787 3277 881 3304; x_wconf 83' lang='lat' dir='ltr'>Partic.</span> <span class='ocrx_word' id='word_1_1063' title='bbox 901 3280 1082 3314; x_wconf 67' lang='grc' dir='ltr'>[συμμιχθεῐς]</span> 
     </span>
     <span class='ocr_line' id='line_1_133' title="bbox 42 3311 1083 3349; baseline 0.004 -11"><span class='ocrx_word' id='word_1_1064' title='bbox 42 3312 146 3349; x_wconf 72' lang='lat' dir='ltr'>Legitur</span> <span class='ocrx_word' id='word_1_1065' title='bbox 159 3319 262 3347; x_wconf 66' lang='lat' dir='ltr'>utroque</span> <span class='ocrx_word' id='word_1_1066' title='bbox 276 3311 360 3343; x_wconf 88' lang='lat' dir='ltr'>modo,</span> <span class='ocrx_word' id='word_1_1067' title='bbox 371 3311 420 3347; x_wconf 77' lang='lat' dir='ltr'>scd</span> <span class='ocrx_word' id='word_1_1068' title='bbox 428 3313 568 3349; x_wconf 81' lang='lat' dir='ltr'>plerumque</span> <span class='ocrx_word' id='word_1_1069' title='bbox 579 3315 755 3341; x_wconf 87' lang='lat' dir='ltr'>Commixtus.</span> <span class='ocrx_word' id='word_1_1070' title='bbox 823 3314 976 3342; x_wconf 84' lang='lat' dir='ltr'>Commixta</span> <span class='ocrx_word' id='word_1_1071' title='bbox 986 3316 1083 3342; x_wconf 82' lang='lat' dir='ltr'>fauilla</span> 
     </span>
    </p>
   </div>
   <div class='ocr_carea' id='block_1_45' title="bbox 42 3386 1082 3458">
    <p class='ocr_par' dir='ltr' id='par_1_57' title="bbox 42 3386 1082 3458">
     <span class='ocr_line' id='line_1_134' title="bbox 574 3386 1082 3420; baseline 0.006 -9"><span class='ocrx_word' id='word_1_1072' title='bbox 574 3386 606 3411; x_wconf 72' lang='lat' dir='ltr'>Et</span> <span class='ocrx_word' id='word_1_1073' title='bbox 625 3387 691 3412; x_wconf 85' lang='lat' dir='ltr'>Aen.</span> <span class='ocrx_word' id='word_1_1074' title='bbox 706 3387 735 3418; x_wconf 88' lang='lat'>6,</span> <span class='ocrx_word' id='word_1_1075' title='bbox 749 3388 802 3420; x_wconf 87' lang='lat'>762</span> <span class='ocrx_word' id='word_1_1076' title='bbox 830 3386 931 3413; x_wconf 81' lang='lat' dir='ltr'>Primus</span> <span class='ocrx_word' id='word_1_1077' title='bbox 954 3387 986 3413; x_wconf 86' lang='lat' dir='ltr'>ad</span> <span class='ocrx_word' id='word_1_1078' title='bbox 1007 3396 1082 3414; x_wconf 84' lang='lat' dir='ltr'>auras</span> 
     </span>
     <span class='ocr_line' id='line_1_135' title="bbox 42 3417 1081 3458; baseline 0.004 -12"><span class='ocrx_word' id='word_1_1079' title='bbox 42 3417 178 3450; x_wconf 76' lang='lat' dir='ltr'>Aetherias</span> <span class='ocrx_word' id='word_1_1080' title='bbox 200 3418 268 3445; x_wconf 90' lang='lat' dir='ltr'>Italo</span> <span class='ocrx_word' id='word_1_1081' title='bbox 289 3418 448 3445; x_wconf 80' lang='lat' dir='ltr'>commixtus</span> <span class='ocrx_word' id='word_1_1082' title='bbox 471 3419 593 3453; x_wconf 83' lang='lat' dir='ltr'>sanguine</span> <span class='ocrx_word' id='word_1_1083' title='bbox 616 3422 703 3456; x_wconf 80' lang='lat' dir='ltr'>surget</span> <span class='ocrx_word' id='word_1_1084' title='bbox 740 3421 848 3448; x_wconf 89' lang='lat' dir='ltr'>Siluius.</span> <span class='ocrx_word' id='word_1_1085' title='bbox 920 3423 962 3450; x_wconf 85' lang='lat' dir='ltr'>Sic</span> <span class='ocrx_word' id='word_1_1086' title='bbox 983 3423 1081 3458; x_wconf 86' lang='lat' dir='ltr'>Georg.</span> 
     </span>
    </p>
   </div>
   <div class='ocr_carea' id='block_1_46' title="bbox 11 3453 1081 3561">
    <p class='ocr_par' dir='ltr' id='par_1_58' title="bbox 11 3453 1081 3561">
     <span class='ocr_line' id='line_1_136' title="bbox 11 3453 1081 3488; baseline -0.001 -2"><span class='ocrx_word' id='word_1_1087' title='bbox 11 3455 21 3470; x_wconf 77' lang='grc'>“·</span> <span class='ocrx_word' id='word_1_1088' title='bbox 41 3463 70 3488; x_wconf 74' lang='lat'>42</span> <span class='ocrx_word' id='word_1_1089' title='bbox 83 3462 132 3488; x_wconf 79' lang='lat'>500</span> <span class='ocrx_word' id='word_1_1090' title='bbox 157 3455 247 3485; x_wconf 92' lang='lat' dir='ltr'>Dixit,</span> <span class='ocrx_word' id='word_1_1091' title='bbox 267 3461 292 3480; x_wconf 86' lang='lat' dir='ltr'>et</span> <span class='ocrx_word' id='word_1_1092' title='bbox 308 3463 339 3480; x_wconf 72' lang='lat' dir='ltr'>ex</span> <span class='ocrx_word' id='word_1_1093' title='bbox 352 3454 438 3480; x_wconf 74' lang='lat' dir='ltr'>Oculis</span> <span class='ocrx_word' id='word_1_1094' title='bbox 453 3453 556 3487; x_wconf 87' lang='lat' dir='ltr'>subito,</span> <span class='ocrx_word' id='word_1_1095' title='bbox 582 3465 630 3483; x_wconf 88' lang='lat' dir='ltr'>ceu</span> <span class='ocrx_word' id='word_1_1096' title='bbox 657 3458 755 3484; x_wconf 84' lang='lat' dir='ltr'>Fumus</span> <span class='ocrx_word' id='word_1_1097' title='bbox 775 3457 804 3484; x_wconf 89' lang='lat' dir='ltr'>in</span> <span class='ocrx_word' id='word_1_1098' title='bbox 823 3465 899 3484; x_wconf 84' lang='lat' dir='ltr'>auras</span> <span class='ocrx_word' id='word_1_1099' title='bbox 921 3459 1081 3485; x_wconf 83' lang='lat' dir='ltr'>commixtus</span> 
     </span>
     <span class='ocr_line' id='line_1_137' title="bbox 14 3490 350 3526; baseline -0.003 -9"><span class='ocrx_word' id='word_1_1100' title='bbox 14 3520 16 3526; x_wconf 54' lang='lat'>.</span> <span class='ocrx_word' id='word_1_1101' title='bbox 41 3496 142 3523; x_wconf 73' lang='lat' dir='ltr'>tenues,</span> <span class='ocrx_word' id='word_1_1102' title='bbox 155 3490 225 3526; x_wconf 75' lang='lat' dir='ltr'>fugit</span> <span class='ocrx_word' id='word_1_1103' title='bbox 237 3490 350 3516; x_wconf 86' lang='lat' dir='ltr'>diuersa.</span> 
     </span>
     <span class='ocr_line' id='line_1_138' title="bbox 19 3526 446 3561; baseline -0.007 -7"><span class='ocrx_word' id='word_1_1104' title='bbox 19 3553 21 3555; x_wconf 91' lang='grc'><strong>,</strong></span> <span class='ocrx_word' id='word_1_1105' title='bbox 41 3526 200 3553; x_wconf 79' lang='lat' dir='ltr'>commixtus</span> <span class='ocrx_word' id='word_1_1106' title='bbox 217 3535 331 3561; x_wconf 85' lang='lat' dir='ltr'>corpore</span> <span class='ocrx_word' id='word_1_1107' title='bbox 351 3526 446 3552; x_wconf 71' lang='lat' dir='ltr'>ibetus.</span> 
     </span>
    </p>
   </div>
   <div class='ocr_carea' id='block_1_47' title="bbox 404 3490 1080 3530">
    <p class='ocr_par' dir='ltr' id='par_1_59' title="bbox 404 3490 1080 3530">
     <span class='ocr_line' id='line_1_139' title="bbox 404 3490 1080 3530; baseline 0.007 -15"><span class='ocrx_word' id='word_1_1108' title='bbox 404 3491 436 3516; x_wconf 84' lang='lat' dir='ltr'>Et</span> <span class='ocrx_word' id='word_1_1109' title='bbox 448 3490 544 3524; x_wconf 83' lang='lat' dir='ltr'>Georg.</span> <span class='ocrx_word' id='word_1_1110' title='bbox 560 3499 582 3523; x_wconf 82' lang='lat'>2,</span> <span class='ocrx_word' id='word_1_1111' title='bbox 595 3499 644 3528; x_wconf 86' lang='lat'>327</span> <span class='ocrx_word' id='word_1_1112' title='bbox 668 3492 767 3520; x_wconf 85' lang='lat' dir='ltr'>Aether</span> <span class='ocrx_word' id='word_1_1113' title='bbox 797 3494 908 3528; x_wconf 78' lang='lat' dir='ltr'>Magnus</span> <span class='ocrx_word' id='word_1_1114' title='bbox 923 3494 972 3520; x_wconf 89' lang='lat' dir='ltr'>alit</span> <span class='ocrx_word' id='word_1_1115' title='bbox 983 3503 1080 3530; x_wconf 87' lang='lat' dir='ltr'>magno</span> 
     </span>
    </p>
   </div>
   <div class='ocr_carea' id='block_1_48' title="bbox 41 3561 1083 3775">
    <p class='ocr_par' dir='ltr' id='par_1_60' title="bbox 41 3561 1083 3775">
     <span class='ocr_line' id='line_1_140' title="bbox 41 3561 543 3594; baseline -0.004 -6"><span class='ocrx_word' id='word_1_1116' title='bbox 41 3561 97 3588; x_wconf 87' lang='lat' dir='ltr'>niat</span> <span class='ocrx_word' id='word_1_1117' title='bbox 116 3561 250 3589; x_wconf 84' lang='lat' dir='ltr'>commista</span> <span class='ocrx_word' id='word_1_1118' title='bbox 263 3562 368 3594; x_wconf 82' lang='lat' dir='ltr'>calore,</span> <span class='ocrx_word' id='word_1_1119' title='bbox 399 3562 446 3589; x_wconf 82' lang='lat' dir='ltr'>Vis</span> <span class='ocrx_word' id='word_1_1120' title='bbox 464 3563 543 3587; x_wconf 82' lang='lat' dir='ltr'>venti.</span> 
     </span>
     <span class='ocr_line' id='line_1_141' title="bbox 42 3597 158 3632; baseline -0.009 -8"><span class='ocrx_word' id='word_1_1121' title='bbox 42 3597 158 3632; x_wconf 85' lang='lat' dir='ltr'>querela.</span> 
     </span>
     <span class='ocr_line' id='line_1_142' title="bbox 77 3630 1081 3672; baseline 0.005 -12"><span class='ocrx_word' id='word_1_1122' title='bbox 77 3639 95 3660; x_wconf 92' lang='lat' dir='ltr'>c</span> <span class='ocrx_word' id='word_1_1123' title='bbox 105 3639 124 3659; x_wconf 93' lang='lat' dir='ltr'>o</span> <span class='ocrx_word' id='word_1_1124' title='bbox 135 3630 160 3659; x_wconf 86' lang='lat' dir='ltr'>&#39;M</span> <span class='ocrx_word' id='word_1_1125' title='bbox 169 3638 195 3658; x_wconf 83' lang='lat' dir='ltr'>M</span> <span class='ocrx_word' id='word_1_1126' title='bbox 205 3639 332 3660; x_wconf 74' lang='lat' dir='ltr'>rx&#39;riiu.</span> <span class='ocrx_word' id='word_1_1127' title='bbox 368 3631 435 3659; x_wconf 85' lang='lat' dir='ltr'>Adu.</span> <span class='ocrx_word' id='word_1_1128' title='bbox 470 3633 530 3659; x_wconf 84' lang='lat' dir='ltr'>Vox</span> <span class='ocrx_word' id='word_1_1129' title='bbox 543 3632 611 3666; x_wconf 85' lang='lat' dir='ltr'>apud</span> <span class='ocrx_word' id='word_1_1130' title='bbox 624 3634 713 3666; x_wconf 86' lang='lat' dir='ltr'>Ictos,</span> <span class='ocrx_word' id='word_1_1131' title='bbox 731 3640 762 3660; x_wconf 85' lang='lat' dir='ltr'>vt</span> <span class='ocrx_word' id='word_1_1132' title='bbox 774 3633 792 3660; x_wconf 89' lang='lat' dir='ltr'>l.</span> <span class='ocrx_word' id='word_1_1133' title='bbox 804 3643 822 3661; x_wconf 84' lang='lat'>2.</span> <span class='ocrx_word' id='word_1_1134' title='bbox 841 3634 891 3672; x_wconf 88' lang='lat'>§.9</span> <span class='ocrx_word' id='word_1_1135' title='bbox 911 3636 938 3663; x_wconf 84' lang='lat' dir='ltr'>ff.</span> <span class='ocrx_word' id='word_1_1136' title='bbox 952 3636 984 3664; x_wconf 89' lang='lat' dir='ltr'>de</span> <span class='ocrx_word' id='word_1_1137' title='bbox 991 3638 1081 3664; x_wconf 83' lang='lat' dir='ltr'>Excus.</span> 
     </span>
     <span class='ocr_line' id='line_1_143' title="bbox 78 3667 1008 3703; baseline 0.008 -10"><span class='ocrx_word' id='word_1_1138' title='bbox 78 3675 125 3696; x_wconf 83' lang='lat' dir='ltr'>co</span> <span class='ocrx_word' id='word_1_1139' title='bbox 134 3674 159 3694; x_wconf 81' lang='lat' dir='ltr'>M</span> <span class='ocrx_word' id='word_1_1140' title='bbox 169 3674 193 3694; x_wconf 83' lang='lat' dir='ltr'><strong>M</strong></span> <span class='ocrx_word' id='word_1_1141' title='bbox 201 3675 212 3694; x_wconf 92' lang='lat'>1</span> <span class='ocrx_word' id='word_1_1142' title='bbox 220 3675 238 3695; x_wconf 88' lang='lat' dir='ltr'>x</span> <span class='ocrx_word' id='word_1_1143' title='bbox 246 3675 268 3694; x_wconf 83' lang='lat' dir='ltr'>&#39;r</span> <span class='ocrx_word' id='word_1_1144' title='bbox 278 3674 330 3701; x_wconf 86' lang='grc' dir='ltr'>ιο,</span> <span class='ocrx_word' id='word_1_1145' title='bbox 347 3668 418 3695; x_wconf 73' lang='lat' dir='ltr'>onis.</span> <span class='ocrx_word' id='word_1_1146' title='bbox 454 3668 474 3694; x_wconf 89' lang='lat' dir='ltr'>f.</span> <span class='ocrx_word' id='word_1_1147' title='bbox 510 3667 626 3703; x_wconf 63' lang='grc' dir='ltr'>[χεῖμα]</span> <span class='ocrx_word' id='word_1_1148' title='bbox 660 3668 739 3695; x_wconf 80' lang='lat' dir='ltr'>Gloss:</span> <span class='ocrx_word' id='word_1_1149' title='bbox 749 3670 809 3696; x_wconf 85' lang='lat' dir='ltr'>Vet.</span> <span class='ocrx_word' id='word_1_1150' title='bbox 829 3677 857 3696; x_wconf 81' lang='lat' dir='ltr'>et</span> <span class='ocrx_word' id='word_1_1151' title='bbox 869 3672 1008 3700; x_wconf 78' lang='lat' dir='ltr'>Firmicus.</span> 
     </span>
     <span class='ocr_line' id='line_1_144' title="bbox 77 3703 806 3738; baseline -0.001 -7"><span class='ocrx_word' id='word_1_1152' title='bbox 77 3705 364 3737; x_wconf 70' lang='lat' dir='ltr'>COMMIXTVRA,</span> <span class='ocrx_word' id='word_1_1153' title='bbox 383 3713 422 3731; x_wconf 83' lang='lat' dir='ltr'>ae.</span> <span class='ocrx_word' id='word_1_1154' title='bbox 459 3704 479 3730; x_wconf 89' lang='lat' dir='ltr'>f.</span> <span class='ocrx_word' id='word_1_1155' title='bbox 517 3705 584 3731; x_wconf 88' lang='lat' dir='ltr'>Cato</span> <span class='ocrx_word' id='word_1_1156' title='bbox 597 3704 629 3730; x_wconf 85' lang='lat' dir='ltr'>de</span> <span class='ocrx_word' id='word_1_1157' title='bbox 642 3703 712 3730; x_wconf 68' lang='lat' dir='ltr'>KR.</span> <span class='ocrx_word' id='word_1_1158' title='bbox 727 3711 782 3738; x_wconf 74' lang='lat'>157,</span> <span class='ocrx_word' id='word_1_1159' title='bbox 795 3713 806 3730; x_wconf 85' lang='lat'>1</span> 
     </span>
     <span class='ocr_line' id='line_1_145' title="bbox 41 3737 1083 3775; baseline 0.006 -10"><span class='ocrx_word' id='word_1_1160' title='bbox 41 3737 113 3770; x_wconf 77' lang='lat' dir='ltr'>dum,</span> <span class='ocrx_word' id='word_1_1161' title='bbox 130 3738 172 3765; x_wconf 89' lang='lat' dir='ltr'>Sic</span> <span class='ocrx_word' id='word_1_1162' title='bbox 185 3746 253 3773; x_wconf 85' lang='lat' dir='ltr'>quae</span> <span class='ocrx_word' id='word_1_1163' title='bbox 265 3741 393 3767; x_wconf 78' lang='lat' dir='ltr'>vo‘cantur</span> <span class='ocrx_word' id='word_1_1164' title='bbox 410 3741 508 3775; x_wconf 87' lang='lat' dir='ltr'>septem</span> <span class='ocrx_word' id='word_1_1165' title='bbox 521 3739 591 3767; x_wconf 89' lang='lat' dir='ltr'>bona</span> <span class='ocrx_word' id='word_1_1166' title='bbox 604 3740 632 3766; x_wconf 89' lang='lat' dir='ltr'>in</span> <span class='ocrx_word' id='word_1_1167' title='bbox 646 3740 867 3774; x_wconf 78' lang='lat' dir='ltr'>commixturam,</span> <span class='ocrx_word' id='word_1_1168' title='bbox 883 3749 977 3771; x_wconf 84' lang='lat' dir='ltr'>natura</span> <span class='ocrx_word' id='word_1_1169' title='bbox 991 3753 1083 3772; x_wconf 84' lang='lat' dir='ltr'>omma</span> 
     </span>
    </p>
   </div>
   <div class='ocr_carea' id='block_1_49' title="bbox 614 3562 1080 3599">
    <p class='ocr_par' dir='ltr' id='par_1_61' title="bbox 614 3562 1080 3599">
     <span class='ocr_line' id='line_1_146' title="bbox 614 3562 1080 3599; baseline 0.011 -10"><span class='ocrx_word' id='word_1_1170' title='bbox 614 3562 652 3589; x_wconf 89' lang='lat' dir='ltr'>Id.</span> <span class='ocrx_word' id='word_1_1171' title='bbox 671 3566 705 3596; x_wconf 91' lang='lat'>6,</span> <span class='ocrx_word' id='word_1_1172' title='bbox 729 3572 786 3599; x_wconf 81' lang='lat'>1137</span> <span class='ocrx_word' id='word_1_1173' title='bbox 812 3565 921 3591; x_wconf 89' lang='lat' dir='ltr'>Gemitu</span> <span class='ocrx_word' id='word_1_1174' title='bbox 943 3566 1080 3593; x_wconf 81' lang='lat' dir='ltr'>commista</span> 
     </span>
    </p>
   </div>
   <div class='ocr_carea' id='block_1_50' title="bbox 77 3810 965 3844">
    <p class='ocr_par' dir='ltr' id='par_1_62' title="bbox 77 3810 965 3844">
     <span class='ocr_line' id='line_1_147' title="bbox 77 3810 965 3844; baseline 0.005 -8"><span class='ocrx_word' id='word_1_1175' title='bbox 77 3815 96 3836; x_wconf 88' lang='lat' dir='ltr'>c</span> <span class='ocrx_word' id='word_1_1176' title='bbox 107 3814 357 3843; x_wconf 73' lang='lat' dir='ltr'>ommxscvvs,</span> <span class='ocrx_word' id='word_1_1177' title='bbox 371 3819 402 3844; x_wconf 78' lang='lat' dir='ltr'>a,</span> <span class='ocrx_word' id='word_1_1178' title='bbox 420 3821 477 3839; x_wconf 87' lang='lat' dir='ltr'>um.</span> <span class='ocrx_word' id='word_1_1179' title='bbox 512 3811 571 3838; x_wconf 83' lang='lat' dir='ltr'>Adi.</span> <span class='ocrx_word' id='word_1_1180' title='bbox 754 3810 833 3838; x_wconf 73' lang='lat' dir='ltr'>Gloss’.</span> <span class='ocrx_word' id='word_1_1181' title='bbox 847 3812 894 3839; x_wconf 85' lang='lat' dir='ltr'>Gr.</span> <span class='ocrx_word' id='word_1_1182' title='bbox 908 3813 965 3840; x_wconf 80' lang='lat' dir='ltr'>Lat.</span> 
     </span>
    </p>
   </div>
   <div class='ocr_carea' id='block_1_51' title="bbox 77 3809 908 3879">
    <p class='ocr_par' dir='ltr' id='par_1_63' title="bbox 77 3809 908 3879">
     <span class='ocr_line' id='line_1_148' title="bbox 679 3809 686 3819; baseline 0 0"><span class='ocrx_word' id='word_1_1183' title='bbox 679 3809 686 3819; x_wconf 77' lang='lat'>.</span> 
     </span>
     <span class='ocr_line' id='line_1_149' title="bbox 627 3822 661 3836; baseline 0 0"><span class='ocrx_word' id='word_1_1184' title='bbox 627 3822 642 3836; x_wconf 70' lang='grc' dir='ltr'><em>κ</em></span> <span class='ocrx_word' id='word_1_1185' title='bbox 655 3823 661 3836; x_wconf 78' lang='grc' dir='ltr'><strong><em>Ι</em></strong></span> 
     </span>
     <span class='ocr_line' id='line_1_150' title="bbox 77 3812 908 3879; baseline 0.004 -8"><span class='ocrx_word' id='word_1_1186' title='bbox 77 3849 97 3871; x_wconf 91' lang='lat' dir='ltr'>c</span> <span class='ocrx_word' id='word_1_1187' title='bbox 108 3841 407 3879; x_wconf 74' lang='lat' dir='ltr'>0MM1scu3i¹L1s,</span> <span class='ocrx_word' id='word_1_1188' title='bbox 426 3856 451 3874; x_wconf 86' lang='lat' dir='ltr'>e.</span> <span class='ocrx_word' id='word_1_1189' title='bbox 486 3847 547 3874; x_wconf 84' lang='lat' dir='ltr'>Adi.</span> <span class='ocrx_word' id='word_1_1190' title='bbox 582 3812 749 3873; x_wconf 32' lang='lat' dir='ltr'>suffisia</span> <span class='ocrx_word' id='word_1_1191' title='bbox 763 3847 858 3873; x_wconf 83' lang='lat' dir='ltr'>Anima</span> <span class='ocrx_word' id='word_1_1192' title='bbox 872 3856 908 3874; x_wconf 85' lang='lat'>12.</span> 
     </span>
    </p>
   </div>
   <div class='ocr_carea' id='block_1_52' title="bbox 1110 856 1146 874">
    <p class='ocr_par' dir='ltr' id='par_1_64' title="bbox 1110 856 1146 874">
     <span class='ocr_line' id='line_1_151' title="bbox 1110 856 1146 874; baseline -0.028 0"><span class='ocrx_word' id='word_1_1193' title='bbox 1110 856 1146 874; x_wconf 77' lang='lat'>20</span> 
     </span>
    </p>
   </div>
   <div class='ocr_carea' id='block_1_53' title="bbox 526 1024 1137 1060">
    <p class='ocr_par' dir='ltr' id='par_1_65' title="bbox 526 1024 1137 1060">
     <span class='ocr_line' id='line_1_152' title="bbox 526 1024 1137 1060; baseline -0.003 -9"><span class='ocrx_word' id='word_1_1194' title='bbox 526 1025 581 1051; x_wconf 63' lang='lat' dir='ltr'>Viti.</span> <span class='ocrx_word' id='word_1_1195' title='bbox 596 1024 720 1050; x_wconf 64' lang='lat' dir='ltr'>thrduin.</span> <span class='ocrx_word' id='word_1_1196' title='bbox 1105 1032 1137 1060; x_wconf 74' lang='lat'>25¹</span> 
     </span>
    </p>
   </div>
   <div class='ocr_carea' id='block_1_54' title="bbox 1107 1212 1137 1231">
    <p class='ocr_par' dir='ltr' id='par_1_66' title="bbox 1107 1212 1137 1231">
     <span class='ocr_line' id='line_1_153' title="bbox 1107 1212 1137 1231; baseline 0 0"><span class='ocrx_word' id='word_1_1197' title='bbox 1107 1212 1137 1231; x_wconf 73' lang='lat'>&#39;¹0</span> 
     </span>
    </p>
   </div>
   <div class='ocr_carea' id='block_1_55' title="bbox 253 1559 1137 1596">
    <p class='ocr_par' dir='ltr' id='par_1_67' title="bbox 253 1559 1137 1596">
     <span class='ocr_line' id='line_1_154' title="bbox 253 1559 1137 1596; baseline 0.001 -9"><span class='ocrx_word' id='word_1_1198' title='bbox 253 1561 355 1587; x_wconf 86' lang='lat' dir='ltr'>Sueton.</span> <span class='ocrx_word' id='word_1_1199' title='bbox 370 1560 468 1587; x_wconf 85' lang='lat' dir='ltr'>Tiber.</span> <span class='ocrx_word' id='word_1_1200' title='bbox 484 1568 516 1595; x_wconf 81' lang='lat'>37</span> <span class='ocrx_word' id='word_1_1201' title='bbox 536 1561 619 1595; x_wconf 82' lang='lat' dir='ltr'>Reges</span> <span class='ocrx_word' id='word_1_1202' title='bbox 635 1559 891 1586; x_wconf 81' lang='lat' dir='ltr'>comminationibus</span> <span class='ocrx_word' id='word_1_1203' title='bbox 906 1561 990 1595; x_wconf 81' lang='lat' dir='ltr'>magis</span> <span class='ocrx_word' id='word_1_1204' title='bbox 1010 1570 1091 1595; x_wconf 87' lang='lat' dir='ltr'>quam</span> <span class='ocrx_word' id='word_1_1205' title='bbox 1100 1571 1137 1596; x_wconf 87' lang='lat'>40</span> 
     </span>
    </p>
   </div>
   <div class='ocr_carea' id='block_1_56' title="bbox 1101 1744 1135 1771">
    <p class='ocr_par' dir='ltr' id='par_1_68' title="bbox 1101 1744 1135 1771">
     <span class='ocr_line' id='line_1_155' title="bbox 1101 1744 1135 1771; baseline 0 0"><span class='ocrx_word' id='word_1_1206' title='bbox 1101 1744 1135 1771; x_wconf 77' lang='lat'>45</span> 
     </span>
    </p>
   </div>
   <div class='ocr_carea' id='block_1_57' title="bbox 844 1918 1139 1959">
    <p class='ocr_par' dir='ltr' id='par_1_69' title="bbox 844 1918 1139 1959">
     <span class='ocr_line' id='line_1_156' title="bbox 844 1918 1139 1959; baseline 0 -15"><span class='ocrx_word' id='word_1_1207' title='bbox 844 1918 960 1945; x_wconf 86' lang='lat' dir='ltr'>Anuulus</span> <span class='ocrx_word' id='word_1_1208' title='bbox 979 1919 1090 1944; x_wconf 88' lang='lat' dir='ltr'>commi·</span> <span class='ocrx_word' id='word_1_1209' title='bbox 1107 1932 1139 1959; x_wconf 76' lang='lat'>30</span> 
     </span>
    </p>
   </div>
   <div class='ocr_carea' id='block_1_58' title="bbox 1102 2282 1137 2308">
    <p class='ocr_par' dir='ltr' id='par_1_70' title="bbox 1102 2282 1137 2308">
     <span class='ocr_line' id='line_1_157' title="bbox 1102 2282 1137 2308; baseline -0.029 0"><span class='ocrx_word' id='word_1_1210' title='bbox 1102 2282 1137 2308; x_wconf 76' lang='lat'>60&#39;</span> 
     </span>
    </p>
   </div>
   <div class='ocr_carea' id='block_1_59' title="bbox 191 2451 1134 2491">
    <p class='ocr_par' dir='ltr' id='par_1_71' title="bbox 191 2451 1134 2491">
     <span class='ocr_line' id='line_1_158' title="bbox 191 2451 1134 2491; baseline -0.002 -10"><span class='ocrx_word' id='word_1_1211' title='bbox 191 2455 318 2481; x_wconf 80' lang='lat' dir='ltr'>Lacrimis</span> <span class='ocrx_word' id='word_1_1212' title='bbox 341 2453 505 2486; x_wconf 86' lang='lat' dir='ltr'>comminui,</span> <span class='ocrx_word' id='word_1_1213' title='bbox 542 2456 560 2480; x_wconf 83' lang='lat' dir='ltr'>i.</span> <span class='ocrx_word' id='word_1_1214' title='bbox 587 2455 699 2487; x_wconf 48' lang='lat' dir='ltr'>Franci,</span> <span class='ocrx_word' id='word_1_1215' title='bbox 711 2453 804 2489; x_wconf 75' lang='lat' dir='ltr'>flec&#39;l&#39;i,</span> <span class='ocrx_word' id='word_1_1216' title='bbox 825 2454 943 2491; x_wconf 77' lang='lat' dir='ltr'>mitigari</span> <span class='ocrx_word' id='word_1_1217' title='bbox 954 2451 993 2478; x_wconf 88' lang='lat' dir='ltr'>Id.</span> <span class='ocrx_word' id='word_1_1218' title='bbox 1007 2452 1086 2486; x_wconf 79' lang='lat' dir='ltr'>Epist.</span> <span class='ocrx_word' id='word_1_1219' title='bbox 1102 2454 1134 2486; x_wconf 77' lang='lat'>65·</span> 
     </span>
    </p>
   </div>
   <div class='ocr_carea' id='block_1_60' title="bbox 1101 2640 1136 2668">
    <p class='ocr_par' dir='ltr' id='par_1_72' title="bbox 1101 2640 1136 2668">
     <span class='ocr_line' id='line_1_159' title="bbox 1101 2640 1136 2668; baseline 0 -8"><span class='ocrx_word' id='word_1_1220' title='bbox 1101 2640 1136 2668; x_wconf 81' lang='lat'>70</span> 
     </span>
    </p>
   </div>
   <div class='ocr_carea' id='block_1_61' title="bbox 667 2810 1130 2848">
    <p class='ocr_par' dir='ltr' id='par_1_73' title="bbox 667 2810 1130 2848">
     <span class='ocr_line' id='line_1_160' title="bbox 667 2810 1130 2848; baseline 0 -10"><span class='ocrx_word' id='word_1_1221' title='bbox 667 2811 732 2838; x_wconf 85' lang='lat' dir='ltr'>Inde</span> <span class='ocrx_word' id='word_1_1222' title='bbox 749 2811 864 2837; x_wconf 85' lang='lat' dir='ltr'>sumitur</span> <span class='ocrx_word' id='word_1_1223' title='bbox 875 2810 999 2843; x_wconf 85' lang='lat' dir='ltr'>cyathus,</span> <span class='ocrx_word' id='word_1_1224' title='bbox 1018 2817 1044 2837; x_wconf 85' lang='lat' dir='ltr'>et</span> <span class='ocrx_word' id='word_1_1225' title='bbox 1057 2812 1085 2838; x_wconf 91' lang='lat' dir='ltr'>in</span> <span class='ocrx_word' id='word_1_1226' title='bbox 1098 2820 1130 2848; x_wconf 73' lang='lat'>75</span> 
     </span>
    </p>
   </div>
   <div class='ocr_carea' id='block_1_62' title="bbox 610 2991 1133 3027">
    <p class='ocr_par' dir='ltr' id='par_1_74' title="bbox 610 2991 1133 3027">
     <span class='ocr_line' id='line_1_161' title="bbox 610 2991 1133 3027; baseline 0.004 -9"><span class='ocrx_word' id='word_1_1227' title='bbox 610 2991 692 3018; x_wconf 84' lang='lat' dir='ltr'>Plaut.</span> <span class='ocrx_word' id='word_1_1228' title='bbox 708 2991 774 3017; x_wconf 85' lang='lat' dir='ltr'>Rud.</span> <span class='ocrx_word' id='word_1_1229' title='bbox 789 2999 812 3023; x_wconf 68' lang='grc' dir='ltr'>ε,</span> <span class='ocrx_word' id='word_1_1230' title='bbox 826 2992 852 3024; x_wconf 89' lang='lat'>6,</span> <span class='ocrx_word' id='word_1_1231' title='bbox 865 2999 877 3023; x_wconf 77' lang='lat'><em>3</em></span> <span class='ocrx_word' id='word_1_1232' title='bbox 906 2991 977 3018; x_wconf 87' lang='lat' dir='ltr'>Nam</span> <span class='ocrx_word' id='word_1_1233' title='bbox 991 2992 1008 3018; x_wconf 84' lang='lat' dir='ltr'>fi</span> <span class='ocrx_word' id='word_1_1234' title='bbox 1023 2993 1082 3027; x_wconf 89' lang='lat' dir='ltr'>quis</span> <span class='ocrx_word' id='word_1_1235' title='bbox 1101 2998 1133 3024; x_wconf 88' lang='lat'>80</span> 
     </span>
    </p>
   </div>
   <div class='ocr_carea' id='block_1_63' title="bbox 338 3345 1132 3384">
    <p class='ocr_par' dir='ltr' id='par_1_75' title="bbox 338 3345 1132 3384">
     <span class='ocr_line' id='line_1_162' title="bbox 338 3345 1132 3384; baseline 0.006 -10"><span class='ocrx_word' id='word_1_1236' title='bbox 338 3345 377 3374; x_wconf 85' lang='lat' dir='ltr'>Id.</span> <span class='ocrx_word' id='word_1_1237' title='bbox 387 3347 452 3374; x_wconf 81' lang='lat' dir='ltr'>Aen.</span> <span class='ocrx_word' id='word_1_1238' title='bbox 465 3355 488 3380; x_wconf 78' lang='lat'>3,</span> <span class='ocrx_word' id='word_1_1239' title='bbox 502 3350 548 3381; x_wconf 82' lang='lat'>632</span> <span class='ocrx_word' id='word_1_1240' title='bbox 565 3349 668 3376; x_wconf 86' lang='lat' dir='ltr'>Saniem</span> <span class='ocrx_word' id='word_1_1241' title='bbox 681 3349 813 3383; x_wconf 62' lang='lat' dir='ltr'>erudiam,</span> <span class='ocrx_word' id='word_1_1242' title='bbox 833 3358 861 3376; x_wconf 90' lang='lat' dir='ltr'>ac</span> <span class='ocrx_word' id='word_1_1243' title='bbox 874 3350 956 3377; x_wconf 88' lang='lat' dir='ltr'>frusta</span> <span class='ocrx_word' id='word_1_1244' title='bbox 971 3360 1081 3378; x_wconf 85' lang='lat' dir='ltr'>cruento</span> <span class='ocrx_word' id='word_1_1245' title='bbox 1095 3360 1132 3384; x_wconf 89' lang='lat'>90</span> 
     </span>
    </p>
   </div>
   <div class='ocr_carea' id='block_1_64' title="bbox 1145 703 2210 3530">
    <p class='ocr_par' dir='ltr' id='par_1_76' title="bbox 1156 703 2205 771">
     <span class='ocr_line' id='line_1_163' title="bbox 1156 703 2205 750; baseline 0.005 -19"><span class='ocrx_word' id='word_1_1246' title='bbox 1156 712 1182 731; x_wconf 86' lang='lat' dir='ltr'>et</span> <span class='ocrx_word' id='word_1_1247' title='bbox 1195 713 1332 731; x_wconf 86' lang='lat' dir='ltr'>murmura</span> <span class='ocrx_word' id='word_1_1248' title='bbox 1346 703 1467 730; x_wconf 76' lang='lat' dir='ltr'>dolorem</span> <span class='ocrx_word' id='word_1_1249' title='bbox 1481 706 1682 741; x_wconf 80' lang='lat' dir='ltr'>cruciatumque</span> <span class='ocrx_word' id='word_1_1250' title='bbox 1696 708 1813 734; x_wconf 85' lang='lat' dir='ltr'>vulneris</span> <span class='ocrx_word' id='word_1_1251' title='bbox 1826 711 2049 747; x_wconf 81' lang='lat' dir='ltr'>commiserantia,</span> <span class='ocrx_word' id='word_1_1252' title='bbox 2069 719 2087 741; x_wconf 78' lang='lat' dir='ltr'>i.</span> <span class='ocrx_word' id='word_1_1253' title='bbox 2102 723 2205 750; x_wconf 72' lang='lat' dir='ltr'>conque-</span> 
     </span>
     <span class='ocr_line' id='line_1_164' title="bbox 1156 741 1446 771; baseline -0.003 -4"><span class='ocrx_word' id='word_1_1254' title='bbox 1156 743 1238 767; x_wconf 73' lang='lat' dir='ltr'>remia</span> <span class='ocrx_word' id='word_1_1255' title='bbox 1247 760 1253 771; x_wconf 91' lang='lat'><em>‚</em></span> <span class='ocrx_word' id='word_1_1256' title='bbox 1274 741 1446 766; x_wconf 69' lang='lat' dir='ltr'>lamentantia.</span> 
     </span>
    </p>

    <p class='ocr_par' dir='ltr' id='par_1_77' title="bbox 1157 779 2205 874">
     <span class='ocr_line' id='line_1_165' title="bbox 1191 779 2204 818; baseline 0.011 -17"><span class='ocrx_word' id='word_1_1257' title='bbox 1191 783 1208 803; x_wconf 85' lang='lat' dir='ltr'>c</span> <span class='ocrx_word' id='word_1_1258' title='bbox 1218 784 1236 803; x_wconf 86' lang='lat'>0</span> <span class='ocrx_word' id='word_1_1259' title='bbox 1247 784 1268 802; x_wconf 77' lang='grc' dir='ltr'><em>Μ</em></span> <span class='ocrx_word' id='word_1_1260' title='bbox 1280 783 1303 802; x_wconf 79' lang='grc' dir='ltr'><strong><em>Μ</em></strong></span> <span class='ocrx_word' id='word_1_1261' title='bbox 1311 783 1322 802; x_wconf 85' lang='grc'>1</span> <span class='ocrx_word' id='word_1_1262' title='bbox 1331 783 1343 802; x_wconf 88' lang='lat' dir='ltr'>s</span> <span class='ocrx_word' id='word_1_1263' title='bbox 1353 782 1369 802; x_wconf 79' lang='lat' dir='ltr'>F.</span> <span class='ocrx_word' id='word_1_1264' title='bbox 1378 782 1397 802; x_wconf 80' lang='lat' dir='ltr'>R</span> <span class='ocrx_word' id='word_1_1265' title='bbox 1407 783 1429 802; x_wconf 82' lang='lat' dir='ltr'>A</span> <span class='ocrx_word' id='word_1_1266' title='bbox 1439 782 1461 801; x_wconf 88' lang='lat' dir='ltr'>N</span> <span class='ocrx_word' id='word_1_1267' title='bbox 1472 782 1491 802; x_wconf 88' lang='lat' dir='ltr'>D</span> <span class='ocrx_word' id='word_1_1268' title='bbox 1500 783 1521 801; x_wconf 92' lang='lat' dir='ltr'>V</span> <span class='ocrx_word' id='word_1_1269' title='bbox 1530 783 1542 802; x_wconf 85' lang='lat' dir='ltr'>S</span> <span class='ocrx_word' id='word_1_1270' title='bbox 1552 796 1560 807; x_wconf 90' lang='lat'>‚</span> <span class='ocrx_word' id='word_1_1271' title='bbox 1587 785 1601 802; x_wconf 83' lang='lat' dir='ltr'>a</span> <span class='ocrx_word' id='word_1_1272' title='bbox 1609 797 1617 808; x_wconf 90' lang='lat'><em>‚</em></span> <span class='ocrx_word' id='word_1_1273' title='bbox 1648 787 1701 804; x_wconf 90' lang='lat' dir='ltr'>um.</span> <span class='ocrx_word' id='word_1_1274' title='bbox 1738 779 1831 806; x_wconf 86' lang='lat' dir='ltr'>Partic.</span> <span class='ocrx_word' id='word_1_1275' title='bbox 1876 781 1978 809; x_wconf 75' lang='lat' dir='ltr'>Auc&#39;ior</span> <span class='ocrx_word' id='word_1_1276' title='bbox 1997 783 2029 811; x_wconf 86' lang='lat' dir='ltr'>ad</span> <span class='ocrx_word' id='word_1_1277' title='bbox 2050 785 2169 812; x_wconf 88' lang='lat' dir='ltr'>Herenn.</span> <span class='ocrx_word' id='word_1_1278' title='bbox 2184 795 2204 818; x_wconf 73' lang='lat'>4</span> 
     </span>
     <span class='ocr_line' id='line_1_166' title="bbox 1158 811 2205 852; baseline 0.011 -15"><span class='ocrx_word' id='word_1_1279' title='bbox 1158 821 1178 837; x_wconf 88' lang='lat' dir='ltr'>c.</span> <span class='ocrx_word' id='word_1_1280' title='bbox 1195 820 1221 844; x_wconf 79' lang='lat'>53</span> <span class='ocrx_word' id='word_1_1281' title='bbox 1241 819 1306 838; x_wconf 59' lang='lat' dir='ltr'>ectr.</span> <span class='ocrx_word' id='word_1_1282' title='bbox 1333 812 1403 838; x_wconf 86' lang='lat' dir='ltr'>Haec</span> <span class='ocrx_word' id='word_1_1283' title='bbox 1422 811 1562 838; x_wconf 82' lang='lat' dir='ltr'>exornatio</span> <span class='ocrx_word' id='word_1_1284' title='bbox 1582 812 1729 846; x_wconf 83' lang='lat' dir='ltr'>plurimum</span> <span class='ocrx_word' id='word_1_1285' title='bbox 1742 815 1825 849; x_wconf 85' lang='lat' dir='ltr'>potest</span> <span class='ocrx_word' id='word_1_1286' title='bbox 1843 816 1872 843; x_wconf 89' lang='lat' dir='ltr'>in</span> <span class='ocrx_word' id='word_1_1287' title='bbox 1886 819 2069 852; x_wconf 83' lang='lat' dir='ltr'>amplificanda</span> <span class='ocrx_word' id='word_1_1288' title='bbox 2091 827 2118 847; x_wconf 87' lang='lat' dir='ltr'>et</span> <span class='ocrx_word' id='word_1_1289' title='bbox 2132 830 2205 848; x_wconf 87' lang='lat' dir='ltr'>com-</span> 
     </span>
     <span class='ocr_line' id='line_1_167' title="bbox 1157 847 1419 874; baseline 0.004 -2"><span class='ocrx_word' id='word_1_1290' title='bbox 1157 847 1304 874; x_wconf 75' lang='lat' dir='ltr'>misti-anda</span> <span class='ocrx_word' id='word_1_1291' title='bbox 1323 856 1360 873; x_wconf 88' lang='lat' dir='ltr'>re.</span> <span class='ocrx_word' id='word_1_1292' title='bbox 1414 847 1419 851; x_wconf 67' lang='grc'><em>”</em></span> 
     </span>
    </p>

    <p class='ocr_par' dir='ltr' id='par_1_78' title="bbox 1156 880 2204 990">
     <span class='ocr_line' id='line_1_168' title="bbox 1193 880 2204 923; baseline 0.008 -15"><span class='ocrx_word' id='word_1_1293' title='bbox 1193 890 1237 909; x_wconf 87' lang='lat' dir='ltr'>co</span> <span class='ocrx_word' id='word_1_1294' title='bbox 1247 891 1270 909; x_wconf 80' lang='lat' dir='ltr'>M</span> <span class='ocrx_word' id='word_1_1295' title='bbox 1281 891 1303 909; x_wconf 74' lang='lat' dir='ltr'>M</span> <span class='ocrx_word' id='word_1_1296' title='bbox 1315 891 1344 910; x_wconf 88' lang='lat' dir='ltr'>1s</span> <span class='ocrx_word' id='word_1_1297' title='bbox 1356 880 1373 910; x_wconf 64' lang='grc' dir='ltr'><em>ὅ</em></span> <span class='ocrx_word' id='word_1_1298' title='bbox 1384 889 1448 915; x_wconf 79' lang='lat' dir='ltr'>Ro,</span> <span class='ocrx_word' id='word_1_1299' title='bbox 1468 882 1536 909; x_wconf 72' lang='lat' dir='ltr'>onis.</span> <span class='ocrx_word' id='word_1_1300' title='bbox 1573 892 1609 909; x_wconf 88' lang='lat' dir='ltr'>m.</span> <span class='ocrx_word' id='word_1_1301' title='bbox 1647 883 1767 910; x_wconf 77' lang='lat' dir='ltr'>Tertull.</span> <span class='ocrx_word' id='word_1_1302' title='bbox 1786 886 1844 911; x_wconf 87' lang='lat' dir='ltr'>adu.</span> <span class='ocrx_word' id='word_1_1303' title='bbox 1860 887 1941 915; x_wconf 83' lang='lat' dir='ltr'>Marc.</span> <span class='ocrx_word' id='word_1_1304' title='bbox 1957 900 1990 923; x_wconf 82' lang='lat'>4,</span> <span class='ocrx_word' id='word_1_1305' title='bbox 2010 893 2042 923; x_wconf 83' lang='lat'>36</span> <span class='ocrx_word' id='word_1_1306' title='bbox 2066 892 2204 918; x_wconf 75' lang='lat' dir='ltr'>Haeretici</span> 
     </span>
     <span class='ocr_line' id='line_1_169' title="bbox 1156 919 2204 964; baseline 0.005 -20"><span class='ocrx_word' id='word_1_1307' title='bbox 1156 919 1370 945; x_wconf 83' lang='lat' dir='ltr'>commiserones.</span> <span class='ocrx_word' id='word_1_1308' title='bbox 1455 920 1670 954; x_wconf 68' lang='grc' dir='ltr'>Συνταλκίπωρος,</span> <span class='ocrx_word' id='word_1_1309' title='bbox 1691 922 1709 945; x_wconf 88' lang='grc' dir='ltr'>ι’.</span> <span class='ocrx_word' id='word_1_1310' title='bbox 1728 921 1887 948; x_wconf 79' lang='lat' dir='ltr'>commisero</span> <span class='ocrx_word' id='word_1_1311' title='bbox 1900 925 1938 950; x_wconf 86' lang='lat' dir='ltr'>Id.</span> <span class='ocrx_word' id='word_1_1312' title='bbox 1954 925 1991 952; x_wconf 85' lang='lat' dir='ltr'>ib.</span> <span class='ocrx_word' id='word_1_1313' title='bbox 2009 935 2065 959; x_wconf 88' lang='lat' dir='ltr'>c.9.</span> <span class='ocrx_word' id='word_1_1314' title='bbox 2101 926 2142 960; x_wconf 47' lang='lat' dir='ltr'>1,ss</span> <span class='ocrx_word' id='word_1_1315' title='bbox 2155 931 2204 964; x_wconf 68' lang='lat' dir='ltr'>[gs.</span> 
     </span>
     <span class='ocr_line' id='line_1_170' title="bbox 1156 952 1807 990; baseline 0.002 -10"><span class='ocrx_word' id='word_1_1316' title='bbox 1156 961 1214 986; x_wconf 85' lang='lat' dir='ltr'>tur,</span> <span class='ocrx_word' id='word_1_1317' title='bbox 1235 958 1277 989; x_wconf 71' lang='lat' dir='ltr'>qui</span> <span class='ocrx_word' id='word_1_1318' title='bbox 1290 964 1343 980; x_wconf 81' lang='lat' dir='ltr'>cum</span> <span class='ocrx_word' id='word_1_1319' title='bbox 1355 956 1414 980; x_wconf 74' lang='lat' dir='ltr'>aliis</span> <span class='ocrx_word' id='word_1_1320' title='bbox 1427 954 1501 988; x_wconf 70' lang='lat' dir='ltr'>misti·</span> <span class='ocrx_word' id='word_1_1321' title='bbox 1519 952 1567 987; x_wconf 64' lang='lat' dir='ltr'>est,</span> <span class='ocrx_word' id='word_1_1322' title='bbox 1581 955 1667 990; x_wconf 63' lang='lat' dir='ltr'>socius</span> <span class='ocrx_word' id='word_1_1323' title='bbox 1679 956 1807 982; x_wconf 78' lang='lat' dir='ltr'>malornm.</span> 
     </span>
    </p>

    <p class='ocr_par' dir='ltr' id='par_1_79' title="bbox 1155 990 2206 1159">
     <span class='ocr_line' id='line_1_171' title="bbox 1195 990 2206 1030; baseline 0.009 -14"><span class='ocrx_word' id='word_1_1324' title='bbox 1195 995 1212 1016; x_wconf 86' lang='lat' dir='ltr'>C</span> <span class='ocrx_word' id='word_1_1325' title='bbox 1224 996 1242 1016; x_wconf 88' lang='lat'>0</span> <span class='ocrx_word' id='word_1_1326' title='bbox 1255 997 1276 1015; x_wconf 82' lang='lat' dir='ltr'>M</span> <span class='ocrx_word' id='word_1_1327' title='bbox 1288 997 1312 1015; x_wconf 82' lang='lat' dir='ltr'>M</span> <span class='ocrx_word' id='word_1_1328' title='bbox 1322 997 1331 1015; x_wconf 90' lang='lat'>1</span> <span class='ocrx_word' id='word_1_1329' title='bbox 1341 997 1352 1015; x_wconf 82' lang='lat' dir='ltr'>s</span> <span class='ocrx_word' id='word_1_1330' title='bbox 1363 996 1378 1014; x_wconf 68' lang='grc' dir='ltr'><strong>Ε</strong></span> <span class='ocrx_word' id='word_1_1331' title='bbox 1388 997 1407 1016; x_wconf 80' lang='lat' dir='ltr'>R</span> <span class='ocrx_word' id='word_1_1332' title='bbox 1418 997 1438 1016; x_wconf 80' lang='grc' dir='ltr'>Λ</span> <span class='ocrx_word' id='word_1_1333' title='bbox 1449 998 1470 1016; x_wconf 85' lang='grc' dir='ltr'><strong>Τ</strong></span> <span class='ocrx_word' id='word_1_1334' title='bbox 1481 998 1488 1016; x_wconf 91' lang='grc'>1</span> <span class='ocrx_word' id='word_1_1335' title='bbox 1499 997 1518 1016; x_wconf 92' lang='lat'>0</span> <span class='ocrx_word' id='word_1_1336' title='bbox 1528 1010 1536 1022; x_wconf 82' lang='lat'><em>‚</em></span> <span class='ocrx_word' id='word_1_1337' title='bbox 1557 990 1625 1016; x_wconf 79' lang='lat' dir='ltr'>onis.</span> <span class='ocrx_word' id='word_1_1338' title='bbox 1663 990 1682 1016; x_wconf 86' lang='lat' dir='ltr'>f.</span> <span class='ocrx_word' id='word_1_1339' title='bbox 1719 992 1926 1026; x_wconf 61' lang='grc' dir='ltr'>[κατσιὸιτειρσις]</span> <span class='ocrx_word' id='word_1_1340' title='bbox 1963 994 2017 1021; x_wconf 86' lang='lat' dir='ltr'>Cic.</span> <span class='ocrx_word' id='word_1_1341' title='bbox 2040 996 2071 1023; x_wconf 84' lang='lat' dir='ltr'>dc</span> <span class='ocrx_word' id='word_1_1342' title='bbox 2086 998 2160 1024; x_wconf 86' lang='lat' dir='ltr'>Orat.</span> <span class='ocrx_word' id='word_1_1343' title='bbox 2177 1007 2206 1030; x_wconf 83' lang='lat' dir='ltr'>z,</span> 
     </span>
     <span class='ocr_line' id='line_1_172' title="bbox 1156 1024 2206 1067; baseline 0.006 -17"><span class='ocrx_word' id='word_1_1344' title='bbox 1156 1032 1198 1057; x_wconf 78' lang='lat'>125</span> <span class='ocrx_word' id='word_1_1345' title='bbox 1218 1035 1239 1051; x_wconf 86' lang='lat' dir='ltr'>c.</span> <span class='ocrx_word' id='word_1_1346' title='bbox 1256 1030 1285 1054; x_wconf 88' lang='lat'>28</span> <span class='ocrx_word' id='word_1_1347' title='bbox 1307 1024 1380 1058; x_wconf 73' lang='lat' dir='ltr'>Quid</span> <span class='ocrx_word' id='word_1_1348' title='bbox 1395 1025 1426 1051; x_wconf 88' lang='lat' dir='ltr'>de</span> <span class='ocrx_word' id='word_1_1349' title='bbox 1441 1026 1493 1059; x_wconf 75' lang='lat' dir='ltr'>Qu.</span> <span class='ocrx_word' id='word_1_1350' title='bbox 1508 1026 1587 1059; x_wconf 76' lang='lat' dir='ltr'>Regis</span> <span class='ocrx_word' id='word_1_1351' title='bbox 1602 1026 1834 1053; x_wconf 85' lang='lat' dir='ltr'>commiseratione</span> <span class='ocrx_word' id='word_1_1352' title='bbox 1849 1027 1955 1054; x_wconf 70' lang='lat' dir='ltr'>dicam?</span> <span class='ocrx_word' id='word_1_1353' title='bbox 1996 1033 2014 1056; x_wconf 84' lang='grc' dir='ltr'>ι’.</span> <span class='ocrx_word' id='word_1_1354' title='bbox 2041 1031 2206 1067; x_wconf 63' lang='lat' dir='ltr'>defacultme</span> 
     </span>
     <span class='ocr_line' id='line_1_173' title="bbox 1155 1061 2205 1098; baseline 0.003 -11"><span class='ocrx_word' id='word_1_1355' title='bbox 1155 1062 1224 1087; x_wconf 77' lang='lat' dir='ltr'>iuius</span> <span class='ocrx_word' id='word_1_1356' title='bbox 1239 1063 1352 1086; x_wconf 63' lang='lat' dir='ltr'>mouendi</span> <span class='ocrx_word' id='word_1_1357' title='bbox 1366 1068 1388 1086; x_wconf 78' lang='lat' dir='ltr'>ct</span> <span class='ocrx_word' id='word_1_1358' title='bbox 1403 1061 1531 1088; x_wconf 73' lang='lat' dir='ltr'>excitandi</span> <span class='ocrx_word' id='word_1_1359' title='bbox 1545 1062 1750 1098; x_wconf 61' lang='lat' dir='ltr'>misericordiam.</span> <span class='ocrx_word' id='word_1_1360' title='bbox 1793 1061 1863 1089; x_wconf 77' lang='lat' dir='ltr'>Add.</span> <span class='ocrx_word' id='word_1_1361' title='bbox 1879 1072 1901 1095; x_wconf 78' lang='lat'>3,</span> <span class='ocrx_word' id='word_1_1362' title='bbox 1916 1072 1962 1095; x_wconf 82' lang='lat'>219</span> <span class='ocrx_word' id='word_1_1363' title='bbox 1981 1073 2002 1090; x_wconf 90' lang='lat' dir='ltr'>c.</span> <span class='ocrx_word' id='word_1_1364' title='bbox 2016 1070 2053 1097; x_wconf 73' lang='lat'>58.</span> <span class='ocrx_word' id='word_1_1365' title='bbox 2125 1069 2205 1094; x_wconf 81' lang='lat' dir='ltr'>Com-</span> 
     </span>
     <span class='ocr_line' id='line_1_174' title="bbox 1156 1096 2206 1132; baseline 0.007 -10"><span class='ocrx_word' id='word_1_1366' title='bbox 1156 1097 1354 1123; x_wconf 84' lang='lat' dir='ltr'>miserationem</span> <span class='ocrx_word' id='word_1_1367' title='bbox 1368 1096 1479 1123; x_wconf 84' lang='lat' dir='ltr'>breuem</span> <span class='ocrx_word' id='word_1_1368' title='bbox 1492 1096 1540 1122; x_wconf 79' lang='lat' dir='ltr'>ess&#39;e</span> <span class='ocrx_word' id='word_1_1369' title='bbox 1555 1103 1661 1132; x_wconf 84' lang='lat' dir='ltr'>oportet</span> <span class='ocrx_word' id='word_1_1370' title='bbox 1675 1108 1680 1123; x_wconf 91' lang='lat'>:</span> <span class='ocrx_word' id='word_1_1371' title='bbox 1711 1097 1782 1124; x_wconf 86' lang='lat' dir='ltr'>nihil</span> <span class='ocrx_word' id='word_1_1372' title='bbox 1804 1098 1877 1125; x_wconf 82' lang='lat' dir='ltr'>euim</span> <span class='ocrx_word' id='word_1_1373' title='bbox 1891 1100 2001 1131; x_wconf 79' lang='lat' dir='ltr'>lacrima</span> <span class='ocrx_word' id='word_1_1374' title='bbox 2018 1100 2098 1128; x_wconf 87' lang='lat' dir='ltr'>citius</span> <span class='ocrx_word' id='word_1_1375' title='bbox 2113 1104 2206 1130; x_wconf 81' lang='lat' dir='ltr'>arescit</span> 
     </span>
     <span class='ocr_line' id='line_1_175' title="bbox 1157 1132 1552 1159; baseline -0.005 0"><span class='ocrx_word' id='word_1_1376' title='bbox 1157 1132 1258 1159; x_wconf 66' lang='lat' dir='ltr'>Auctor</span> <span class='ocrx_word' id='word_1_1377' title='bbox 1276 1132 1308 1158; x_wconf 88' lang='lat' dir='ltr'>ad</span> <span class='ocrx_word' id='word_1_1378' title='bbox 1323 1133 1439 1158; x_wconf 84' lang='lat' dir='ltr'>Herenn.</span> <span class='ocrx_word' id='word_1_1379' title='bbox 1451 1141 1466 1158; x_wconf 89' lang='lat'>2</span> <span class='ocrx_word' id='word_1_1380' title='bbox 1488 1140 1552 1159; x_wconf 71' lang='lat' dir='ltr'>extr.</span> 
     </span>
    </p>

    <p class='ocr_par' dir='ltr' id='par_1_80' title="bbox 1156 1174 2207 1236">
     <span class='ocr_line' id='line_1_176' title="bbox 1194 1174 2207 1204; baseline 0.002 -8"><span class='ocrx_word' id='word_1_1381' title='bbox 1194 1174 1441 1196; x_wconf 79' lang='lat' dir='ltr'>COMMISSVM</span> <span class='ocrx_word' id='word_1_1382' title='bbox 1457 1188 1465 1200; x_wconf 97' lang='lat'>,</span> <span class='ocrx_word' id='word_1_1383' title='bbox 1501 1175 1725 1195; x_wconf 77' lang='lat' dir='ltr'>COMMISSIO</span> <span class='ocrx_word' id='word_1_1384' title='bbox 1739 1188 1749 1202; x_wconf 85' lang='lat'>,</span> <span class='ocrx_word' id='word_1_1385' title='bbox 1786 1175 2079 1204; x_wconf 75' lang='lat' dir='ltr'>COMMISSVRA,</span> <span class='ocrx_word' id='word_1_1386' title='bbox 2114 1174 2207 1200; x_wconf 64' lang='lat' dir='ltr'>cont-</span> 
     </span>
     <span class='ocr_line' id='line_1_177' title="bbox 1156 1204 1664 1236; baseline -0.002 -5"><span class='ocrx_word' id='word_1_1387' title='bbox 1156 1210 1316 1236; x_wconf 80' lang='lat' dir='ltr'>M1ssvs,</span> <span class='ocrx_word' id='word_1_1388' title='bbox 1351 1204 1406 1229; x_wconf 84' lang='lat' dir='ltr'>vid.</span> <span class='ocrx_word' id='word_1_1389' title='bbox 1429 1210 1664 1231; x_wconf 79' lang='lat' dir='ltr'>coMM1TTo.</span> 
     </span>
    </p>

    <p class='ocr_par' dir='ltr' id='par_1_81' title="bbox 1155 1238 2208 1456">
     <span class='ocr_line' id='line_1_178' title="bbox 1192 1238 2206 1278; baseline 0.004 -13"><span class='ocrx_word' id='word_1_1390' title='bbox 1192 1247 1208 1267; x_wconf 90' lang='lat' dir='ltr'>C</span> <span class='ocrx_word' id='word_1_1391' title='bbox 1218 1247 1237 1267; x_wconf 92' lang='lat' dir='ltr'>o</span> <span class='ocrx_word' id='word_1_1392' title='bbox 1246 1247 1270 1265; x_wconf 80' lang='lat' dir='ltr'>M</span> <span class='ocrx_word' id='word_1_1393' title='bbox 1280 1247 1303 1266; x_wconf 85' lang='lat' dir='ltr'>M</span> <span class='ocrx_word' id='word_1_1394' title='bbox 1313 1247 1322 1265; x_wconf 95' lang='lat'>1</span> <span class='ocrx_word' id='word_1_1395' title='bbox 1334 1245 1356 1265; x_wconf 82' lang='lat' dir='ltr'>&#39;r</span> <span class='ocrx_word' id='word_1_1396' title='bbox 1368 1238 1381 1266; x_wconf 75' lang='lat' dir='ltr'>s</span> <span class='ocrx_word' id='word_1_1397' title='bbox 1391 1246 1411 1266; x_wconf 82' lang='lat' dir='ltr'>G</span> <span class='ocrx_word' id='word_1_1398' title='bbox 1421 1246 1440 1265; x_wconf 91' lang='lat' dir='ltr'>o</span> <span class='ocrx_word' id='word_1_1399' title='bbox 1454 1260 1462 1271; x_wconf 88' lang='lat'>,</span> <span class='ocrx_word' id='word_1_1400' title='bbox 1482 1244 1535 1266; x_wconf 76' lang='lat' dir='ltr'>are.</span> <span class='ocrx_word' id='word_1_1401' title='bbox 1557 1239 1713 1273; x_wconf 72' lang='lat' dir='ltr'>[nan-nma&#39;w,</span> <span class='ocrx_word' id='word_1_1402' title='bbox 1732 1239 1911 1276; x_wconf 65' lang='grc' dir='ltr'>καταπραῧναι]</span> <span class='ocrx_word' id='word_1_1403' title='bbox 1948 1243 2073 1278; x_wconf 74' lang='lat' dir='ltr'>Mitigcre</span> <span class='ocrx_word' id='word_1_1404' title='bbox 2087 1242 2206 1278; x_wconf 72' lang='lat' dir='ltr'>undique.</span> 
     </span>
     <span class='ocr_line' id='line_1_179' title="bbox 1155 1275 2207 1312; baseline 0.002 -9"><span class='ocrx_word' id='word_1_1405' title='bbox 1155 1276 1349 1310; x_wconf 82' lang='lat' dir='ltr'>Commitigare</span> <span class='ocrx_word' id='word_1_1406' title='bbox 1363 1275 1479 1302; x_wconf 86' lang='lat' dir='ltr'>sandalio</span> <span class='ocrx_word' id='word_1_1407' title='bbox 1493 1283 1570 1310; x_wconf 87' lang='lat' dir='ltr'>caput</span> <span class='ocrx_word' id='word_1_1408' title='bbox 1583 1275 1694 1302; x_wconf 87' lang='lat' dir='ltr'>alicuius</span> <span class='ocrx_word' id='word_1_1409' title='bbox 1709 1277 1778 1302; x_wconf 86' lang='lat' dir='ltr'>Ter.</span> <span class='ocrx_word' id='word_1_1410' title='bbox 1793 1278 1859 1303; x_wconf 89' lang='lat' dir='ltr'>Eun.</span> <span class='ocrx_word' id='word_1_1411' title='bbox 1874 1287 1902 1309; x_wconf 86' lang='lat'>5,</span> <span class='ocrx_word' id='word_1_1412' title='bbox 1918 1282 1941 1309; x_wconf 85' lang='lat'>8,</span> <span class='ocrx_word' id='word_1_1413' title='bbox 1960 1288 1978 1312; x_wconf 88' lang='lat'>4</span> <span class='ocrx_word' id='word_1_1414' title='bbox 2011 1279 2061 1306; x_wconf 85' lang='lat' dir='ltr'>Vbi</span> <span class='ocrx_word' id='word_1_1415' title='bbox 2075 1279 2207 1311; x_wconf 84' lang='lat' dir='ltr'>Donatus,</span> 
     </span>
     <span class='ocr_line' id='line_1_180' title="bbox 1155 1311 2207 1350; baseline 0.002 -12"><span class='ocrx_word' id='word_1_1416' title='bbox 1155 1311 1361 1347; x_wconf 85' lang='lat' dir='ltr'>Commitigari‚</span> <span class='ocrx_word' id='word_1_1417' title='bbox 1381 1311 1417 1338; x_wconf 87' lang='lat' dir='ltr'>est</span> <span class='ocrx_word' id='word_1_1418' title='bbox 1431 1312 1586 1338; x_wconf 86' lang='lat' dir='ltr'>Tundendo</span> <span class='ocrx_word' id='word_1_1419' title='bbox 1599 1311 1715 1349; x_wconf 84' lang='lat' dir='ltr'>deprimi</span> <span class='ocrx_word' id='word_1_1420' title='bbox 1734 1318 1812 1347; x_wconf 87' lang='lat' dir='ltr'>atque</span> <span class='ocrx_word' id='word_1_1421' title='bbox 1830 1313 1945 1348; x_wconf 80' lang='lat' dir='ltr'>deponi,</span> <span class='ocrx_word' id='word_1_1422' title='bbox 1967 1316 1994 1339; x_wconf 81' lang='lat' dir='ltr'>in</span> <span class='ocrx_word' id='word_1_1423' title='bbox 2007 1323 2053 1350; x_wconf 81' lang='lat' dir='ltr'>qno</span> <span class='ocrx_word' id='word_1_1424' title='bbox 2064 1314 2131 1349; x_wconf 60' lang='lat' dir='ltr'>falli</span> <span class='ocrx_word' id='word_1_1425' title='bbox 2140 1321 2207 1350; x_wconf 73' lang='lat' dir='ltr'>puto</span> 
     </span>
     <span class='ocr_line' id='line_1_181' title="bbox 1156 1347 2208 1385; baseline 0.003 -12"><span class='ocrx_word' id='word_1_1426' title='bbox 1156 1349 1358 1374; x_wconf 78' lang='lat' dir='ltr'>Grammaticum.</span> <span class='ocrx_word' id='word_1_1427' title='bbox 1402 1347 1595 1381; x_wconf 83' lang='lat' dir='ltr'>Commitigare</span> <span class='ocrx_word' id='word_1_1428' title='bbox 1608 1350 1641 1381; x_wconf 62' lang='lat' dir='ltr'>⁶st</span> <span class='ocrx_word' id='word_1_1429' title='bbox 1654 1348 1762 1379; x_wconf 71' lang='lat' dir='ltr'>mollire,</span> <span class='ocrx_word' id='word_1_1430' title='bbox 1781 1352 1864 1375; x_wconf 76' lang='lat' dir='ltr'>mitem</span> <span class='ocrx_word' id='word_1_1431' title='bbox 1878 1349 1977 1376; x_wconf 48' lang='lat' dir='ltr'>»rddere</span> <span class='ocrx_word' id='word_1_1432' title='bbox 1985 1369 1992 1381; x_wconf 90' lang='lat'>,</span> <span class='ocrx_word' id='word_1_1433' title='bbox 2010 1350 2075 1385; x_wconf 80' lang='lat' dir='ltr'>quod</span> <span class='ocrx_word' id='word_1_1434' title='bbox 2081 1349 2118 1385; x_wconf 78' lang='lat' dir='ltr'>fit</span> <span class='ocrx_word' id='word_1_1435' title='bbox 2132 1353 2208 1376; x_wconf 71' lang='lat' dir='ltr'>etiam</span> 
     </span>
     <span class='ocr_line' id='line_1_182' title="bbox 1155 1382 2206 1422; baseline 0.003 -13"><span class='ocrx_word' id='word_1_1436' title='bbox 1155 1383 1277 1409; x_wconf 75' lang='lat' dir='ltr'>mulcendo</span> <span class='ocrx_word' id='word_1_1437' title='bbox 1302 1389 1325 1408; x_wconf 79' lang='lat' dir='ltr'>ct</span> <span class='ocrx_word' id='word_1_1438' title='bbox 1340 1382 1426 1409; x_wconf 74' lang='lat' dir='ltr'>blande</span> <span class='ocrx_word' id='word_1_1439' title='bbox 1437 1383 1569 1418; x_wconf 77' lang='lat' dir='ltr'>fouendo:</span> <span class='ocrx_word' id='word_1_1440' title='bbox 1594 1383 1642 1419; x_wconf 80' lang='lat' dir='ltr'>secl</span> <span class='ocrx_word' id='word_1_1441' title='bbox 1660 1382 1805 1410; x_wconf 71' lang='lat' dir='ltr'>adiunHmn</span> <span class='ocrx_word' id='word_1_1442' title='bbox 1825 1384 1941 1411; x_wconf 86' lang='lat' dir='ltr'>sandalio</span> <span class='ocrx_word' id='word_1_1443' title='bbox 1959 1385 2073 1418; x_wconf 78' lang='lat' dir='ltr'>indicat,</span> <span class='ocrx_word' id='word_1_1444' title='bbox 2087 1386 2206 1422; x_wconf 70' lang='lat' dir='ltr'>scurram</span> 
     </span>
     <span class='ocr_line' id='line_1_183' title="bbox 1156 1418 1982 1456; baseline 0.002 -12"><span class='ocrx_word' id='word_1_1445' title='bbox 1156 1425 1256 1454; x_wconf 72' lang='lat' dir='ltr'>optare,</span> <span class='ocrx_word' id='word_1_1446' title='bbox 1275 1424 1306 1444; x_wconf 83' lang='lat' dir='ltr'>vt</span> <span class='ocrx_word' id='word_1_1447' title='bbox 1321 1425 1395 1452; x_wconf 81' lang='lat' dir='ltr'>caput</span> <span class='ocrx_word' id='word_1_1448' title='bbox 1408 1421 1485 1445; x_wconf 81' lang='lat' dir='ltr'>militi</span> <span class='ocrx_word' id='word_1_1449' title='bbox 1491 1419 1607 1454; x_wconf 75' lang='lat' dir='ltr'>Jimdalii</span> <span class='ocrx_word' id='word_1_1450' title='bbox 1619 1418 1711 1445; x_wconf 47' lang='lat' dir='ltr'>&amp;tibur</span> <span class='ocrx_word' id='word_1_1451' title='bbox 1724 1419 1794 1446; x_wconf 80' lang='lat' dir='ltr'>tuber</span> <span class='ocrx_word' id='word_1_1452' title='bbox 1806 1430 1836 1445; x_wconf 84' lang='lat' dir='ltr'>ac</span> <span class='ocrx_word' id='word_1_1453' title='bbox 1848 1420 1982 1456; x_wconf 67' lang='lat' dir='ltr'>mollcfiit.</span> 
     </span>
    </p>

    <p class='ocr_par' dir='ltr' id='par_1_82' title="bbox 1145 1454 2210 3530">
     <span class='ocr_line' id='line_1_184' title="bbox 1193 1454 2208 1489; baseline 0.003 -9"><span class='ocrx_word' id='word_1_1454' title='bbox 1193 1461 1209 1480; x_wconf 85' lang='lat' dir='ltr'>C</span> <span class='ocrx_word' id='word_1_1455' title='bbox 1217 1461 1236 1481; x_wconf 94' lang='lat' dir='ltr'>O</span> <span class='ocrx_word' id='word_1_1456' title='bbox 1247 1461 1268 1480; x_wconf 77' lang='lat' dir='ltr'>M</span> <span class='ocrx_word' id='word_1_1457' title='bbox 1279 1461 1303 1480; x_wconf 80' lang='lat' dir='ltr'>M</span> <span class='ocrx_word' id='word_1_1458' title='bbox 1314 1461 1322 1479; x_wconf 94' lang='lat'>1</span> <span class='ocrx_word' id='word_1_1459' title='bbox 1332 1459 1352 1478; x_wconf 94' lang='lat' dir='ltr'>T</span> <span class='ocrx_word' id='word_1_1460' title='bbox 1362 1460 1384 1479; x_wconf 90' lang='lat' dir='ltr'>T</span> <span class='ocrx_word' id='word_1_1461' title='bbox 1394 1461 1413 1480; x_wconf 90' lang='grc' dir='ltr'>Ο</span> <span class='ocrx_word' id='word_1_1462' title='bbox 1421 1473 1428 1485; x_wconf 89' lang='grc'>,</span> <span class='ocrx_word' id='word_1_1463' title='bbox 1448 1454 1476 1480; x_wconf 76' lang='grc' dir='ltr'>ῑίῖ</span> <span class='ocrx_word' id='word_1_1464' title='bbox 1485 1474 1492 1485; x_wconf 84' lang='grc'>,</span> <span class='ocrx_word' id='word_1_1465' title='bbox 1513 1455 1588 1481; x_wconf 86' lang='lat' dir='ltr'>issum</span> <span class='ocrx_word' id='word_1_1466' title='bbox 1598 1475 1606 1487; x_wconf 88' lang='lat'><em>‚</em></span> <span class='ocrx_word' id='word_1_1467' title='bbox 1626 1457 1680 1481; x_wconf 62' lang='lat' dir='ltr'>ere.</span> <span class='ocrx_word' id='word_1_1468' title='bbox 1718 1454 1848 1488; x_wconf 69' lang='grc' dir='ltr'>[συνάπτω</span> <span class='ocrx_word' id='word_1_1469' title='bbox 1856 1475 1864 1487; x_wconf 87' lang='grc'>,</span> <span class='ocrx_word' id='word_1_1470' title='bbox 1880 1457 2006 1489; x_wconf 75' lang='grc' dir='ltr'>ἐπιτρέπω,</span> <span class='ocrx_word' id='word_1_1471' title='bbox 2018 1455 2113 1489; x_wconf 65' lang='lat' dir='ltr'>mettim,</span> <span class='ocrx_word' id='word_1_1472' title='bbox 2119 1458 2208 1489; x_wconf 71' lang='grc' dir='ltr'>πλημ·</span> 
     </span>
     <span class='ocr_line' id='line_1_185' title="bbox 1155 1489 2208 1525; baseline 0.004 -10"><span class='ocrx_word' id='word_1_1473' title='bbox 1155 1491 1256 1524; x_wconf 72' lang='grc' dir='ltr'>μελὲω]</span> <span class='ocrx_word' id='word_1_1474' title='bbox 1294 1490 1398 1524; x_wconf 79' lang='lat' dir='ltr'>Proprie</span> <span class='ocrx_word' id='word_1_1475' title='bbox 1420 1489 1456 1515; x_wconf 87' lang='lat' dir='ltr'>est</span> <span class='ocrx_word' id='word_1_1476' title='bbox 1478 1490 1582 1516; x_wconf 84' lang='lat' dir='ltr'>insimul</span> <span class='ocrx_word' id='word_1_1477' title='bbox 1602 1491 1708 1516; x_wconf 88' lang='lat' dir='ltr'>mittere</span> <span class='ocrx_word' id='word_1_1478' title='bbox 1727 1496 1771 1516; x_wconf 89' lang='lat' dir='ltr'>aut</span> <span class='ocrx_word' id='word_1_1479' title='bbox 1787 1491 1958 1525; x_wconf 78' lang='lat' dir='ltr'>coniungere.</span> <span class='ocrx_word' id='word_1_1480' title='bbox 2011 1492 2090 1519; x_wconf 88' lang='lat' dir='ltr'>Nunc</span> <span class='ocrx_word' id='word_1_1481' title='bbox 2108 1501 2141 1518; x_wconf 91' lang='lat' dir='ltr'>eo</span> <span class='ocrx_word' id='word_1_1482' title='bbox 2154 1493 2208 1519; x_wconf 80' lang='lat' dir='ltr'>vti-</span> 
     </span>
     <span class='ocr_line' id='line_1_186' title="bbox 1155 1525 2207 1562; baseline 0.003 -11"><span class='ocrx_word' id='word_1_1483' title='bbox 1155 1535 1217 1553; x_wconf 84' lang='lat' dir='ltr'>mur</span> <span class='ocrx_word' id='word_1_1484' title='bbox 1229 1532 1255 1552; x_wconf 85' lang='lat' dir='ltr'>et</span> <span class='ocrx_word' id='word_1_1485' title='bbox 1269 1534 1317 1560; x_wconf 89' lang='lat' dir='ltr'>pro</span> <span class='ocrx_word' id='word_1_1486' title='bbox 1330 1525 1417 1551; x_wconf 74' lang='lat' dir='ltr'>facere</span> <span class='ocrx_word' id='word_1_1487' title='bbox 1427 1545 1435 1557; x_wconf 93' lang='lat'>‚</span> <span class='ocrx_word' id='word_1_1488' title='bbox 1455 1531 1501 1551; x_wconf 85' lang='lat' dir='ltr'>aut</span> <span class='ocrx_word' id='word_1_1489' title='bbox 1519 1534 1569 1559; x_wconf 88' lang='lat' dir='ltr'>pro</span> <span class='ocrx_word' id='word_1_1490' title='bbox 1584 1525 1711 1560; x_wconf 86' lang='lat' dir='ltr'>incipere.</span> <span class='ocrx_word' id='word_1_1491' title='bbox 1748 1526 1845 1552; x_wconf 80' lang='lat' dir='ltr'>Festus.</span> <span class='ocrx_word' id='word_1_1492' title='bbox 1903 1528 1997 1562; x_wconf 78' lang='lat' dir='ltr'>Nempe</span> <span class='ocrx_word' id='word_1_1493' title='bbox 2005 1530 2090 1562; x_wconf 75' lang='lat' dir='ltr'>primo</span> <span class='ocrx_word' id='word_1_1494' title='bbox 2105 1531 2207 1554; x_wconf 84' lang='lat' dir='ltr'>coniun—</span> 
     </span>
     <span class='ocr_line' id='line_1_187' title="bbox 1154 1560 2208 1599; baseline 0.001 -10"><span class='ocrx_word' id='word_1_1495' title='bbox 1154 1571 1210 1599; x_wconf 78' lang='lat' dir='ltr'>gere</span> <span class='ocrx_word' id='word_1_1496' title='bbox 1222 1568 1293 1588; x_wconf 74' lang='lat' dir='ltr'>notat</span> <span class='ocrx_word' id='word_1_1497' title='bbox 1306 1563 1392 1596; x_wconf 56' lang='lat' dir='ltr'>quouis</span> <span class='ocrx_word' id='word_1_1498' title='bbox 1404 1560 1472 1587; x_wconf 77' lang='lat' dir='ltr'>modo</span> <span class='ocrx_word' id='word_1_1499' title='bbox 1482 1581 1490 1593; x_wconf 90' lang='lat'>,</span> <span class='ocrx_word' id='word_1_1500' title='bbox 1510 1568 1534 1587; x_wconf 79' lang='lat' dir='ltr'>ct</span> <span class='ocrx_word' id='word_1_1501' title='bbox 1547 1561 1606 1588; x_wconf 82' lang='lat' dir='ltr'>hinc</span> <span class='ocrx_word' id='word_1_1502' title='bbox 1619 1561 1717 1588; x_wconf 69' lang='lat' dir='ltr'>tradere</span> <span class='ocrx_word' id='word_1_1503' title='bbox 1731 1567 1805 1587; x_wconf 77' lang='lat' dir='ltr'>ettam</span> <span class='ocrx_word' id='word_1_1504' title='bbox 1822 1568 1894 1597; x_wconf 77' lang='lat' dir='ltr'>atque</span> <span class='ocrx_word' id='word_1_1505' title='bbox 1908 1565 2055 1597; x_wconf 77' lang='lat' dir='ltr'>permittere</span> <span class='ocrx_word' id='word_1_1506' title='bbox 2067 1562 2134 1598; x_wconf 80' lang='lat' dir='ltr'>fidei</span> <span class='ocrx_word' id='word_1_1507' title='bbox 2146 1565 2208 1590; x_wconf 80' lang='lat' dir='ltr'>altc-</span> 
     </span>
     <span class='ocr_line' id='line_1_188' title="bbox 1155 1597 2209 1634; baseline 0.001 -9"><span class='ocrx_word' id='word_1_1508' title='bbox 1155 1601 1228 1625; x_wconf 85' lang='lat' dir='ltr'>rius:</span> <span class='ocrx_word' id='word_1_1509' title='bbox 1265 1604 1316 1623; x_wconf 84' lang='lat' dir='ltr'>tum</span> <span class='ocrx_word' id='word_1_1510' title='bbox 1333 1599 1458 1623; x_wconf 77' lang='lat' dir='ltr'>concitare</span> <span class='ocrx_word' id='word_1_1511' title='bbox 1473 1604 1496 1622; x_wconf 79' lang='lat' dir='ltr'>et</span> <span class='ocrx_word' id='word_1_1512' title='bbox 1503 1597 1611 1633; x_wconf 79' lang='lat' dir='ltr'>facere,</span> <span class='ocrx_word' id='word_1_1513' title='bbox 1631 1604 1660 1623; x_wconf 84' lang='lat' dir='ltr'>vt</span> <span class='ocrx_word' id='word_1_1514' title='bbox 1674 1600 1701 1623; x_wconf 82' lang='lat' dir='ltr'>in</span> <span class='ocrx_word' id='word_1_1515' title='bbox 1713 1603 1825 1633; x_wconf 69' lang='lat' dir='ltr'>pugnam</span> <span class='ocrx_word' id='word_1_1516' title='bbox 1843 1605 1996 1624; x_wconf 76' lang='lat' dir='ltr'>concurrant</span> <span class='ocrx_word' id='word_1_1517' title='bbox 2016 1600 2063 1625; x_wconf 79' lang='lat' dir='ltr'>alii</span> <span class='ocrx_word' id='word_1_1518' title='bbox 2077 1609 2084 1623; x_wconf 89' lang='lat'><em>:</em></span> <span class='ocrx_word' id='word_1_1519' title='bbox 2116 1606 2209 1634; x_wconf 78' lang='lat' dir='ltr'>porro,</span> 
     </span>
     <span class='ocr_line' id='line_1_189' title="bbox 1153 1632 2206 1673; baseline 0.002 -13"><span class='ocrx_word' id='word_1_1520' title='bbox 1153 1635 1260 1660; x_wconf 61' lang='lat' dir='ltr'>violarit</span> <span class='ocrx_word' id='word_1_1521' title='bbox 1269 1632 1454 1659; x_wconf 71' lang='lat' dir='ltr'>conditionibus</span> <span class='ocrx_word' id='word_1_1522' title='bbox 1455 1632 1555 1667; x_wconf 73' lang='lat' dir='ltr'>facere,</span> <span class='ocrx_word' id='word_1_1523' title='bbox 1563 1640 1592 1659; x_wconf 82' lang='lat' dir='ltr'>vt</span> <span class='ocrx_word' id='word_1_1524' title='bbox 1600 1635 1639 1659; x_wconf 78' lang='lat' dir='ltr'>lex</span> <span class='ocrx_word' id='word_1_1525' title='bbox 1646 1634 1738 1665; x_wconf 73' lang='lat' dir='ltr'>valeat,</span> <span class='ocrx_word' id='word_1_1526' title='bbox 1748 1640 1772 1658; x_wconf 78' lang='lat' dir='ltr'>et</span> <span class='ocrx_word' id='word_1_1527' title='bbox 1779 1642 1832 1659; x_wconf 81' lang='lat' dir='ltr'>cum</span> <span class='ocrx_word' id='word_1_1528' title='bbox 1840 1635 1961 1660; x_wconf 76' lang='lat' dir='ltr'>violatore</span> <span class='ocrx_word' id='word_1_1529' title='bbox 1962 1633 2009 1669; x_wconf 68' lang='lat' dir='ltr'>fia)</span> <span class='ocrx_word' id='word_1_1530' title='bbox 2018 1636 2206 1673; x_wconf 73' lang='lat' dir='ltr'>congrediatur.</span> 
     </span>
     <span class='ocr_line' id='line_1_190' title="bbox 1152 1666 2210 1706; baseline 0.002 -11"><span class='ocrx_word' id='word_1_1531' title='bbox 1152 1671 1222 1705; x_wconf 74' lang='lat' dir='ltr'>Qae</span> <span class='ocrx_word' id='word_1_1532' title='bbox 1229 1671 1277 1695; x_wconf 75' lang='lat' dir='ltr'>iam</span> <span class='ocrx_word' id='word_1_1533' title='bbox 1285 1670 1401 1703; x_wconf 67' lang='lat' dir='ltr'>exemplis</span> <span class='ocrx_word' id='word_1_1534' title='bbox 1409 1668 1607 1695; x_wconf 65' lang='lat' dir='ltr'>declarabuntur.</span> <span class='ocrx_word' id='word_1_1535' title='bbox 1612 1668 1655 1694; x_wconf 80' lang='lat' dir='ltr'>Ad</span> <span class='ocrx_word' id='word_1_1536' title='bbox 1659 1666 1843 1694; x_wconf 62' lang='lat' dir='ltr'>coniunctionis</span> <span class='ocrx_word' id='word_1_1537' title='bbox 1848 1672 1929 1705; x_wconf 78' lang='lat' dir='ltr'>igitur</span> <span class='ocrx_word' id='word_1_1538' title='bbox 1936 1676 1960 1696; x_wconf 80' lang='lat' dir='ltr'>ct</span> <span class='ocrx_word' id='word_1_1539' title='bbox 1966 1673 2066 1696; x_wconf 77' lang='lat' dir='ltr'>unionis</span> <span class='ocrx_word' id='word_1_1540' title='bbox 2071 1680 2161 1706; x_wconf 74' lang='lat' dir='ltr'>genera</span> <span class='ocrx_word' id='word_1_1541' title='bbox 2169 1671 2210 1697; x_wconf 69' lang='lat' dir='ltr'>di.-</span> 
     </span>
     <span class='ocr_line' id='line_1_191' title="bbox 1153 1703 2207 1741; baseline 0.002 -10"><span class='ocrx_word' id='word_1_1542' title='bbox 1153 1705 1225 1741; x_wconf 80' lang='lat' dir='ltr'>versa</span> <span class='ocrx_word' id='word_1_1543' title='bbox 1235 1704 1356 1740; x_wconf 74' lang='lat' dir='ltr'>rtfi’rtur.</span> <span class='ocrx_word' id='word_1_1544' title='bbox 1384 1706 1413 1730; x_wconf 90' lang='lat' dir='ltr'>V.</span> <span class='ocrx_word' id='word_1_1545' title='bbox 1420 1714 1445 1740; x_wconf 80' lang='lat' dir='ltr'>g.</span> <span class='ocrx_word' id='word_1_1546' title='bbox 1454 1704 1520 1730; x_wconf 82' lang='lat' dir='ltr'>Plin.</span> <span class='ocrx_word' id='word_1_1547' title='bbox 1530 1705 1574 1738; x_wconf 84' lang='lat' dir='ltr'>Ep.</span> <span class='ocrx_word' id='word_1_1548' title='bbox 1585 1713 1621 1735; x_wconf 86' lang='lat'>10,</span> <span class='ocrx_word' id='word_1_1549' title='bbox 1630 1712 1660 1737; x_wconf 88' lang='lat'>41</span> <span class='ocrx_word' id='word_1_1550' title='bbox 1679 1703 1728 1730; x_wconf 85' lang='lat' dir='ltr'>Sed</span> <span class='ocrx_word' id='word_1_1551' title='bbox 1736 1704 1878 1737; x_wconf 86' lang='lat' dir='ltr'>incertum,</span> <span class='ocrx_word' id='word_1_1552' title='bbox 1887 1711 1977 1732; x_wconf 90' lang='lat' dir='ltr'>vtrum</span> <span class='ocrx_word' id='word_1_1553' title='bbox 1986 1706 2017 1732; x_wconf 88' lang='lat' dir='ltr'>ad</span> <span class='ocrx_word' id='word_1_1554' title='bbox 2025 1706 2207 1741; x_wconf 82' lang='lat' dir='ltr'>colligendum</span> 
     </span>
     <span class='ocr_line' id='line_1_192' title="bbox 1154 1739 2207 1774; baseline 0.001 -7"><span class='ocrx_word' id='word_1_1555' title='bbox 1154 1740 1295 1767; x_wconf 84' lang='lat' dir='ltr'>humorem</span> <span class='ocrx_word' id='word_1_1556' title='bbox 1309 1740 1556 1766; x_wconf 87' lang='lat' dir='ltr'>circumiacentium</span> <span class='ocrx_word' id='word_1_1557' title='bbox 1571 1748 1697 1774; x_wconf 82' lang='lat' dir='ltr'>agrorum</span> <span class='ocrx_word' id='word_1_1558' title='bbox 1706 1760 1714 1771; x_wconf 93' lang='lat'>,</span> <span class='ocrx_word' id='word_1_1559' title='bbox 1729 1749 1761 1766; x_wconf 90' lang='lat' dir='ltr'>an</span> <span class='ocrx_word' id='word_1_1560' title='bbox 1773 1739 1804 1766; x_wconf 86' lang='lat' dir='ltr'>ad</span> <span class='ocrx_word' id='word_1_1561' title='bbox 1813 1741 2034 1768; x_wconf 87' lang='lat' dir='ltr'>committendum</span> <span class='ocrx_word' id='word_1_1562' title='bbox 2047 1742 2153 1768; x_wconf 91' lang='lat' dir='ltr'>flumini</span> <span class='ocrx_word' id='word_1_1563' title='bbox 2169 1742 2207 1769; x_wconf 84' lang='lat' dir='ltr'>la-</span> 
     </span>
     <span class='ocr_line' id='line_1_193' title="bbox 1154 1774 2207 1812; baseline 0.002 -9"><span class='ocrx_word' id='word_1_1564' title='bbox 1154 1779 1242 1810; x_wconf 84' lang='lat' dir='ltr'>cum,i</span> <span class='ocrx_word' id='word_1_1565' title='bbox 1265 1774 1473 1812; x_wconf 76' lang='lat' dir='ltr'>Coningendum.</span> <span class='ocrx_word' id='word_1_1566' title='bbox 1530 1775 1626 1802; x_wconf 82' lang='lat' dir='ltr'>Catuli.</span> <span class='ocrx_word' id='word_1_1567' title='bbox 1642 1778 1686 1807; x_wconf 82' lang='lat'>60,</span> <span class='ocrx_word' id='word_1_1568' title='bbox 1701 1777 1768 1807; x_wconf 86' lang='lat'>(61)</span> <span class='ocrx_word' id='word_1_1569' title='bbox 1788 1784 1817 1811; x_wconf 89' lang='lat'>17</span> <span class='ocrx_word' id='word_1_1570' title='bbox 1836 1778 1926 1810; x_wconf 72' lang='lat' dir='ltr'>Quare</span> <span class='ocrx_word' id='word_1_1571' title='bbox 1939 1786 2009 1804; x_wconf 90' lang='lat' dir='ltr'>nunc</span> <span class='ocrx_word' id='word_1_1572' title='bbox 2027 1778 2138 1805; x_wconf 78' lang='lat' dir='ltr'>Animos</span> <span class='ocrx_word' id='word_1_1573' title='bbox 2156 1779 2207 1805; x_wconf 79' lang='lat' dir='ltr'>sal-</span> 
     </span>
     <span class='ocr_line' id='line_1_194' title="bbox 1153 1808 2207 1846; baseline 0.002 -6"><span class='ocrx_word' id='word_1_1574' title='bbox 1153 1820 1208 1840; x_wconf 88' lang='lat' dir='ltr'>tem</span> <span class='ocrx_word' id='word_1_1575' title='bbox 1222 1811 1382 1839; x_wconf 78' lang='lat' dir='ltr'>committite</span> <span class='ocrx_word' id='word_1_1576' title='bbox 1396 1811 1505 1839; x_wconf 83' lang='lat' dir='ltr'>vestros.</span> <span class='ocrx_word' id='word_1_1577' title='bbox 1561 1813 1590 1839; x_wconf 76' lang='lat' dir='ltr'>Si</span> <span class='ocrx_word' id='word_1_1578' title='bbox 1603 1821 1662 1838; x_wconf 79' lang='lat' dir='ltr'>vera</span> <span class='ocrx_word' id='word_1_1579' title='bbox 1674 1811 1712 1846; x_wconf 79' lang='lat' dir='ltr'>fit</span> <span class='ocrx_word' id='word_1_1580' title='bbox 1727 1808 1801 1838; x_wconf 61' lang='lat' dir='ltr'>lessio</span> <span class='ocrx_word' id='word_1_1581' title='bbox 1823 1813 1915 1846; x_wconf 86' lang='lat' dir='ltr'>(Nam</span> <span class='ocrx_word' id='word_1_1582' title='bbox 1932 1815 2116 1842; x_wconf 65' lang='lat' dir='ltr'>metioraltera</span> <span class='ocrx_word' id='word_1_1583' title='bbox 2135 1814 2207 1842; x_wconf 82' lang='lat' dir='ltr'>vide-</span> 
     </span>
     <span class='ocr_line' id='line_1_195' title="bbox 1154 1847 2206 1885; baseline 0.002 -10"><span class='ocrx_word' id='word_1_1584' title='bbox 1154 1855 1211 1881; x_wconf 80' lang='lat' dir='ltr'>tur,</span> <span class='ocrx_word' id='word_1_1585' title='bbox 1231 1849 1402 1883; x_wconf 84' lang='lat' dir='ltr'>conuertite)</span> <span class='ocrx_word' id='word_1_1586' title='bbox 1413 1848 1518 1885; x_wconf 60' lang='lat' dir='ltr'>sumit,</span> <span class='ocrx_word' id='word_1_1587' title='bbox 1538 1851 1680 1884; x_wconf 80' lang='lat' dir='ltr'>coniungite</span> <span class='ocrx_word' id='word_1_1588' title='bbox 1699 1847 1733 1874; x_wconf 82' lang='lat' dir='ltr'>ad</span> <span class='ocrx_word' id='word_1_1589' title='bbox 1752 1848 1941 1885; x_wconf 73' lang='lat' dir='ltr'>excogitandum</span> <span class='ocrx_word' id='word_1_1590' title='bbox 1954 1849 2088 1884; x_wconf 68' lang='lat' dir='ltr'>coifilium.</span> <span class='ocrx_word' id='word_1_1591' title='bbox 2141 1851 2206 1877; x_wconf 85' lang='lat' dir='ltr'>Cer-</span> 
     </span>
     <span class='ocr_line' id='line_1_196' title="bbox 1154 1884 2206 1920; baseline 0.002 -9"><span class='ocrx_word' id='word_1_1592' title='bbox 1154 1885 1200 1912; x_wconf 86' lang='lat' dir='ltr'>vix</span> <span class='ocrx_word' id='word_1_1593' title='bbox 1214 1886 1393 1911; x_wconf 85' lang='lat' dir='ltr'>committitur</span> <span class='ocrx_word' id='word_1_1594' title='bbox 1414 1894 1461 1919; x_wconf 86' lang='lat' dir='ltr'>per</span> <span class='ocrx_word' id='word_1_1595' title='bbox 1480 1884 1572 1912; x_wconf 86' lang='lat' dir='ltr'>vitalia</span> <span class='ocrx_word' id='word_1_1596' title='bbox 1593 1884 1699 1911; x_wconf 84' lang='lat' dir='ltr'>vincula</span> <span class='ocrx_word' id='word_1_1597' title='bbox 1715 1884 1803 1918; x_wconf 81' lang='lat' dir='ltr'>primo</span> <span class='ocrx_word' id='word_1_1598' title='bbox 1822 1890 1881 1911; x_wconf 79' lang='lat' dir='ltr'>artu</span> <span class='ocrx_word' id='word_1_1599' title='bbox 1895 1885 1982 1912; x_wconf 86' lang='lat' dir='ltr'>Valer.</span> <span class='ocrx_word' id='word_1_1600' title='bbox 1996 1886 2095 1920; x_wconf 75' lang='lat' dir='ltr'>Argon.</span> <span class='ocrx_word' id='word_1_1601' title='bbox 2110 1894 2138 1919; x_wconf 90' lang='lat'>4,</span> <span class='ocrx_word' id='word_1_1602' title='bbox 2151 1894 2206 1919; x_wconf 80' lang='lat'>310.</span> 
     </span>
     <span class='ocr_line' id='line_1_197' title="bbox 1154 1920 2207 1957; baseline 0.001 -10"><span class='ocrx_word' id='word_1_1603' title='bbox 1154 1922 1234 1948; x_wconf 88' lang='lat' dir='ltr'>Furta</span> <span class='ocrx_word' id='word_1_1604' title='bbox 1248 1922 1415 1947; x_wconf 81' lang='lat' dir='ltr'>committere</span> <span class='ocrx_word' id='word_1_1605' title='bbox 1429 1920 1536 1947; x_wconf 86' lang='lat' dir='ltr'>latebris</span> <span class='ocrx_word' id='word_1_1606' title='bbox 1545 1941 1553 1953; x_wconf 93' lang='lat'><em>‚</em></span> <span class='ocrx_word' id='word_1_1607' title='bbox 1580 1923 1597 1947; x_wconf 90' lang='lat' dir='ltr'>i.</span> <span class='ocrx_word' id='word_1_1608' title='bbox 1612 1920 1757 1957; x_wconf 62' lang='lat' dir='ltr'>abscondere</span> <span class='ocrx_word' id='word_1_1609' title='bbox 1769 1920 1830 1947; x_wconf 90' lang='lat' dir='ltr'>Stat.</span> <span class='ocrx_word' id='word_1_1610' title='bbox 1840 1920 1927 1947; x_wconf 87' lang='lat' dir='ltr'>Achil.</span> <span class='ocrx_word' id='word_1_1611' title='bbox 1942 1930 1965 1954; x_wconf 67' lang='grc' dir='ltr'>ε,</span> <span class='ocrx_word' id='word_1_1612' title='bbox 1978 1930 2035 1954; x_wconf 82' lang='lat'>322.</span> <span class='ocrx_word' id='word_1_1613' title='bbox 2080 1922 2207 1949; x_wconf 81' lang='lat' dir='ltr'>Gemmas</span> 
     </span>
     <span class='ocr_line' id='line_1_198' title="bbox 1155 1957 2207 1993; baseline 0.001 -10"><span class='ocrx_word' id='word_1_1614' title='bbox 1155 1957 1323 1984; x_wconf 80' lang='lat' dir='ltr'>committere</span> <span class='ocrx_word' id='word_1_1615' title='bbox 1336 1966 1428 1989; x_wconf 87' lang='lat' dir='ltr'>mero,</span> <span class='ocrx_word' id='word_1_1616' title='bbox 1443 1964 1494 1992; x_wconf 80' lang='lat' dir='ltr'>pro</span> <span class='ocrx_word' id='word_1_1617' title='bbox 1508 1958 1606 1983; x_wconf 77' lang='lat' dir='ltr'>Merum</span> <span class='ocrx_word' id='word_1_1618' title='bbox 1621 1958 1772 1983; x_wconf 79' lang='lat' dir='ltr'>committere</span> <span class='ocrx_word' id='word_1_1619' title='bbox 1803 1960 1902 1990; x_wconf 74' lang='lat' dir='ltr'>emmis,</span> <span class='ocrx_word' id='word_1_1620' title='bbox 1946 1960 1965 1983; x_wconf 88' lang='lat' dir='ltr'>i.</span> <span class='ocrx_word' id='word_1_1621' title='bbox 1988 1961 2120 1993; x_wconf 79' lang='lat' dir='ltr'>gemmatis</span> <span class='ocrx_word' id='word_1_1622' title='bbox 2128 1965 2207 1993; x_wconf 76' lang='lat' dir='ltr'>pocu-</span> 
     </span>
     <span class='ocr_line' id='line_1_199' title="bbox 1154 1991 2207 2029; baseline -0.001 -9"><span class='ocrx_word' id='word_1_1623' title='bbox 1154 1994 1195 2020; x_wconf 77' lang='lat' dir='ltr'>lis.</span> <span class='ocrx_word' id='word_1_1624' title='bbox 1235 1993 1372 2029; x_wconf 74' lang='lat' dir='ltr'>Hypallcgc</span> <span class='ocrx_word' id='word_1_1625' title='bbox 1385 1991 1418 2026; x_wconf 70' lang='lat' dir='ltr'>est</span> <span class='ocrx_word' id='word_1_1626' title='bbox 1430 1992 1498 2028; x_wconf 78' lang='lat' dir='ltr'>apud</span> <span class='ocrx_word' id='word_1_1627' title='bbox 1510 1993 1573 2019; x_wconf 83' lang='lat' dir='ltr'>Stat.</span> <span class='ocrx_word' id='word_1_1628' title='bbox 1588 1993 1679 2019; x_wconf 91' lang='lat' dir='ltr'>Theb.</span> <span class='ocrx_word' id='word_1_1629' title='bbox 1694 1999 1770 2026; x_wconf 85' lang='lat'>1,149</span> <span class='ocrx_word' id='word_1_1630' title='bbox 1820 2002 1848 2019; x_wconf 88' lang='lat' dir='ltr'>ec</span> <span class='ocrx_word' id='word_1_1631' title='bbox 1863 2002 1938 2020; x_wconf 86' lang='lat' dir='ltr'>curas</span> <span class='ocrx_word' id='word_1_1632' title='bbox 1951 2002 2027 2020; x_wconf 88' lang='lat' dir='ltr'>mero</span> <span class='ocrx_word' id='word_1_1633' title='bbox 2036 1994 2207 2020; x_wconf 83' lang='lat' dir='ltr'>committere</span> 
     </span>
     <span class='ocr_line' id='line_1_200' title="bbox 1154 2028 2208 2064; baseline 0 -9"><span class='ocrx_word' id='word_1_1634' title='bbox 1154 2038 1285 2064; x_wconf 85' lang='lat' dir='ltr'>gemmas,</span> <span class='ocrx_word' id='word_1_1635' title='bbox 1322 2030 1410 2064; x_wconf 82' lang='lat' dir='ltr'>Atque</span> <span class='ocrx_word' id='word_1_1636' title='bbox 1429 2037 1525 2055; x_wconf 83' lang='lat' dir='ltr'>aurum</span> <span class='ocrx_word' id='word_1_1637' title='bbox 1544 2029 1647 2055; x_wconf 85' lang='lat' dir='ltr'>violare</span> <span class='ocrx_word' id='word_1_1638' title='bbox 1667 2028 1742 2054; x_wconf 90' lang='lat' dir='ltr'>cibis.</span> <span class='ocrx_word' id='word_1_1639' title='bbox 1813 2029 1888 2055; x_wconf 88' lang='lat' dir='ltr'>Curt.</span> <span class='ocrx_word' id='word_1_1640' title='bbox 1901 2037 1926 2060; x_wconf 76' lang='lat'>3,</span> <span class='ocrx_word' id='word_1_1641' title='bbox 1942 2038 1968 2060; x_wconf 91' lang='lat'>1,</span> <span class='ocrx_word' id='word_1_1642' title='bbox 1988 2037 2012 2060; x_wconf 81' lang='lat'>13</span> <span class='ocrx_word' id='word_1_1643' title='bbox 2038 2030 2115 2062; x_wconf 82' lang='lat' dir='ltr'>Qae</span> <span class='ocrx_word' id='word_1_1644' title='bbox 2134 2034 2208 2056; x_wconf 75' lang='lat' dir='ltr'>terra</span> 
     </span>
     <span class='ocr_line' id='line_1_201' title="bbox 1153 2063 2207 2097; baseline 0 -5"><span class='ocrx_word' id='word_1_1645' title='bbox 1153 2065 1201 2092; x_wconf 88' lang='lat' dir='ltr'>nisi</span> <span class='ocrx_word' id='word_1_1646' title='bbox 1217 2071 1296 2091; x_wconf 84' lang='lat' dir='ltr'>tenue</span> <span class='ocrx_word' id='word_1_1647' title='bbox 1310 2065 1452 2091; x_wconf 74' lang='lat' dir='ltr'>discrimen</span> <span class='ocrx_word' id='word_1_1648' title='bbox 1466 2065 1612 2096; x_wconf 85' lang='lat' dir='ltr'>obiiceret,</span> <span class='ocrx_word' id='word_1_1649' title='bbox 1625 2064 1720 2095; x_wconf 88' lang='lat' dir='ltr'>maria,</span> <span class='ocrx_word' id='word_1_1650' title='bbox 1729 2072 1796 2097; x_wconf 88' lang='lat' dir='ltr'>quae</span> <span class='ocrx_word' id='word_1_1651' title='bbox 1808 2072 1878 2089; x_wconf 89' lang='lat' dir='ltr'>nunc</span> <span class='ocrx_word' id='word_1_1652' title='bbox 1892 2063 2000 2096; x_wconf 86' lang='lat' dir='ltr'>diuidit,</span> <span class='ocrx_word' id='word_1_1653' title='bbox 2014 2064 2207 2092; x_wconf 86' lang='lat' dir='ltr'>committeret.</span> 
     </span>
     <span class='ocr_line' id='line_1_202' title="bbox 1153 2098 2206 2134; baseline 0.001 -8"><span class='ocrx_word' id='word_1_1654' title='bbox 1153 2101 1210 2127; x_wconf 84' lang='lat' dir='ltr'>Sen.</span> <span class='ocrx_word' id='word_1_1655' title='bbox 1225 2100 1296 2126; x_wconf 89' lang='lat' dir='ltr'>Med.</span> <span class='ocrx_word' id='word_1_1656' title='bbox 1313 2108 1341 2132; x_wconf 71' lang='grc'>3,-</span> <span class='ocrx_word' id='word_1_1657' title='bbox 1358 2102 1395 2134; x_wconf 87' lang='lat' dir='ltr'>sq.</span> <span class='ocrx_word' id='word_1_1658' title='bbox 1427 2100 1543 2125; x_wconf 81' lang='lat' dir='ltr'>Gemino</span> <span class='ocrx_word' id='word_1_1659' title='bbox 1564 2098 1711 2125; x_wconf 83' lang='lat' dir='ltr'>Corinthus</span> <span class='ocrx_word' id='word_1_1660' title='bbox 1731 2098 1809 2125; x_wconf 88' lang='lat' dir='ltr'>litori</span> <span class='ocrx_word' id='word_1_1661' title='bbox 1825 2107 1961 2134; x_wconf 86' lang='lat' dir='ltr'>opponens</span> <span class='ocrx_word' id='word_1_1662' title='bbox 1979 2108 2068 2127; x_wconf 86' lang='lat' dir='ltr'>moras</span> <span class='ocrx_word' id='word_1_1663' title='bbox 2089 2106 2206 2127; x_wconf 75' lang='lat' dir='ltr'>cremata</span> 
     </span>
     <span class='ocr_line' id='line_1_203' title="bbox 1152 2134 2206 2169; baseline 0.003 -10"><span class='ocrx_word' id='word_1_1664' title='bbox 1152 2136 1266 2160; x_wconf 85' lang='lat' dir='ltr'>flammis</span> <span class='ocrx_word' id='word_1_1665' title='bbox 1280 2135 1365 2160; x_wconf 85' lang='lat' dir='ltr'>maria</span> <span class='ocrx_word' id='word_1_1666' title='bbox 1377 2134 1528 2160; x_wconf 88' lang='lat' dir='ltr'>committet</span> <span class='ocrx_word' id='word_1_1667' title='bbox 1541 2134 1603 2160; x_wconf 92' lang='lat' dir='ltr'>duo.</span> <span class='ocrx_word' id='word_1_1668' title='bbox 1673 2134 1749 2161; x_wconf 90' lang='lat' dir='ltr'>Curt.</span> <span class='ocrx_word' id='word_1_1669' title='bbox 1762 2143 1792 2168; x_wconf 84' lang='lat'>4,</span> <span class='ocrx_word' id='word_1_1670' title='bbox 1804 2143 1830 2168; x_wconf 84' lang='lat'>2,</span> <span class='ocrx_word' id='word_1_1671' title='bbox 1844 2137 1873 2161; x_wconf 89' lang='lat'>16</span> <span class='ocrx_word' id='word_1_1672' title='bbox 1894 2135 2016 2162; x_wconf 78' lang='lat' dir='ltr'>iacienda</span> <span class='ocrx_word' id='word_1_1673' title='bbox 2035 2137 2120 2162; x_wconf 85' lang='lat' dir='ltr'>moles</span> <span class='ocrx_word' id='word_1_1674' title='bbox 2138 2142 2206 2169; x_wconf 84' lang='lat' dir='ltr'>erat,</span> 
     </span>
     <span class='ocr_line' id='line_1_204' title="bbox 1152 2169 2205 2207; baseline 0.003 -11"><span class='ocrx_word' id='word_1_1675' title='bbox 1152 2179 1220 2205; x_wconf 88' lang='lat' dir='ltr'>quae</span> <span class='ocrx_word' id='word_1_1676' title='bbox 1236 2169 1330 2196; x_wconf 85' lang='lat' dir='ltr'>vrbem</span> <span class='ocrx_word' id='word_1_1677' title='bbox 1345 2169 1494 2196; x_wconf 85' lang='lat' dir='ltr'>continenti</span> <span class='ocrx_word' id='word_1_1678' title='bbox 1509 2169 1700 2197; x_wconf 83' lang='lat' dir='ltr'>committeret.</span> <span class='ocrx_word' id='word_1_1679' title='bbox 1773 2172 1806 2196; x_wconf 81' lang='lat' dir='ltr'>Et</span> <span class='ocrx_word' id='word_1_1680' title='bbox 1824 2178 1851 2205; x_wconf 89' lang='lat'>7,</span> <span class='ocrx_word' id='word_1_1681' title='bbox 1869 2178 1897 2205; x_wconf 91' lang='lat'>7,</span> <span class='ocrx_word' id='word_1_1682' title='bbox 1911 2180 1941 2204; x_wconf 88' lang='lat'>14</span> <span class='ocrx_word' id='word_1_1683' title='bbox 1965 2172 2041 2205; x_wconf 83' lang='lat' dir='ltr'>Qiae</span> <span class='ocrx_word' id='word_1_1684' title='bbox 2055 2177 2108 2199; x_wconf 84' lang='lat' dir='ltr'>tam</span> <span class='ocrx_word' id='word_1_1685' title='bbox 2121 2172 2205 2207; x_wconf 84' lang='lat' dir='ltr'>longo</span> 
     </span>
     <span class='ocr_line' id='line_1_205' title="bbox 1152 2205 2205 2237; baseline 0.002 -5"><span class='ocrx_word' id='word_1_1686' title='bbox 1152 2205 1297 2232; x_wconf 86' lang='lat' dir='ltr'>interuallo</span> <span class='ocrx_word' id='word_1_1687' title='bbox 1313 2212 1408 2232; x_wconf 87' lang='lat' dir='ltr'>natura</span> <span class='ocrx_word' id='word_1_1688' title='bbox 1422 2206 1530 2232; x_wconf 85' lang='lat' dir='ltr'>videtur</span> <span class='ocrx_word' id='word_1_1689' title='bbox 1544 2206 1690 2237; x_wconf 85' lang='lat' dir='ltr'>diremisse,</span> <span class='ocrx_word' id='word_1_1690' title='bbox 1713 2214 1765 2232; x_wconf 85' lang='lat' dir='ltr'>vna</span> <span class='ocrx_word' id='word_1_1691' title='bbox 1779 2206 1895 2232; x_wconf 65' lang='lat' dir='ltr'>viftoria</span> <span class='ocrx_word' id='word_1_1692' title='bbox 1916 2205 2005 2233; x_wconf 89' lang='lat' dir='ltr'>subito</span> <span class='ocrx_word' id='word_1_1693' title='bbox 2024 2209 2205 2235; x_wconf 83' lang='lat' dir='ltr'>committere.</span> 
     </span>
     <span class='ocr_line' id='line_1_206' title="bbox 1153 2241 2206 2277; baseline 0.002 -8"><span class='ocrx_word' id='word_1_1694' title='bbox 1153 2241 1255 2269; x_wconf 66' lang='lat' dir='ltr'>Nofles</span> <span class='ocrx_word' id='word_1_1695' title='bbox 1272 2241 1336 2268; x_wconf 85' lang='lat' dir='ltr'>duas</span> <span class='ocrx_word' id='word_1_1696' title='bbox 1353 2242 1539 2273; x_wconf 89' lang='lat' dir='ltr'>committere,</span> <span class='ocrx_word' id='word_1_1697' title='bbox 1579 2244 1597 2266; x_wconf 89' lang='lat' dir='ltr'>i.</span> <span class='ocrx_word' id='word_1_1698' title='bbox 1629 2244 1791 2277; x_wconf 79' lang='lat' dir='ltr'>coniungere,</span> <span class='ocrx_word' id='word_1_1699' title='bbox 1812 2242 1907 2277; x_wconf 67' lang='lat' dir='ltr'>exclusi)</span> <span class='ocrx_word' id='word_1_1700' title='bbox 1920 2242 1959 2267; x_wconf 77' lang='lat' dir='ltr'>die</span> <span class='ocrx_word' id='word_1_1701' title='bbox 1980 2242 2061 2269; x_wconf 89' lang='lat' dir='ltr'>Ouid.</span> <span class='ocrx_word' id='word_1_1702' title='bbox 2075 2244 2168 2270; x_wconf 89' lang='lat' dir='ltr'>Amor.</span> <span class='ocrx_word' id='word_1_1703' title='bbox 2183 2253 2206 2276; x_wconf 92' lang='lat'>1,</span> 
     </span>
     <span class='ocr_line' id='line_1_207' title="bbox 1153 2273 2205 2312; baseline 0.002 -8"><span class='ocrx_word' id='word_1_1704' title='bbox 1153 2286 1189 2310; x_wconf 82' lang='lat'>13,</span> <span class='ocrx_word' id='word_1_1705' title='bbox 1197 2279 1241 2310; x_wconf 87' lang='lat'>46.</span> <span class='ocrx_word' id='word_1_1706' title='bbox 1276 2279 1314 2303; x_wconf 77' lang='lat' dir='ltr'>Dc</span> <span class='ocrx_word' id='word_1_1707' title='bbox 1324 2279 1393 2303; x_wconf 79' lang='lat' dir='ltr'>Iouis</span> <span class='ocrx_word' id='word_1_1708' title='bbox 1399 2273 1520 2302; x_wconf 63' lang='lat' dir='ltr'>trinosiio</span> <span class='ocrx_word' id='word_1_1709' title='bbox 1528 2285 1574 2311; x_wconf 83' lang='lat' dir='ltr'>quo</span> <span class='ocrx_word' id='word_1_1710' title='bbox 1582 2276 1711 2302; x_wconf 78' lang='lat' dir='ltr'>Herculem</span> <span class='ocrx_word' id='word_1_1711' title='bbox 1716 2279 1811 2312; x_wconf 77' lang='lat' dir='ltr'>genuit.</span> <span class='ocrx_word' id='word_1_1712' title='bbox 1847 2277 1885 2303; x_wconf 85' lang='lat' dir='ltr'>Eo</span> <span class='ocrx_word' id='word_1_1713' title='bbox 1894 2277 1976 2310; x_wconf 69' lang='grc' dir='ltr'>Γᾱὲὶο,</span> <span class='ocrx_word' id='word_1_1714' title='bbox 1988 2278 2122 2306; x_wconf 84' lang='lat' dir='ltr'>testiculus</span> <span class='ocrx_word' id='word_1_1715' title='bbox 2131 2280 2205 2306; x_wconf 84' lang='lat' dir='ltr'>intus</span> 
     </span>
     <span class='ocr_line' id='line_1_208' title="bbox 1151 2311 2205 2352; baseline 0.003 -14"><span class='ocrx_word' id='word_1_1716' title='bbox 1151 2311 1319 2346; x_wconf 88' lang='lat' dir='ltr'>reponendus</span> <span class='ocrx_word' id='word_1_1717' title='bbox 1327 2312 1492 2345; x_wconf 82' lang='lat' dir='ltr'>est,0raeque</span> <span class='ocrx_word' id='word_1_1718' title='bbox 1500 2311 1580 2338; x_wconf 89' lang='lat' dir='ltr'>scroti</span> <span class='ocrx_word' id='word_1_1719' title='bbox 1588 2311 1685 2338; x_wconf 90' lang='lat' dir='ltr'>suturis</span> <span class='ocrx_word' id='word_1_1720' title='bbox 1694 2311 1763 2338; x_wconf 85' lang='lat' dir='ltr'>inter</span> <span class='ocrx_word' id='word_1_1721' title='bbox 1770 2312 1795 2338; x_wconf 89' lang='lat' dir='ltr'>se</span> <span class='ocrx_word' id='word_1_1722' title='bbox 1803 2313 2018 2346; x_wconf 83' lang='lat' dir='ltr'>committendae,</span> <span class='ocrx_word' id='word_1_1723' title='bbox 2027 2317 2045 2340; x_wconf 92' lang='lat' dir='ltr'>i.</span> <span class='ocrx_word' id='word_1_1724' title='bbox 2054 2318 2205 2352; x_wconf 61' lang='lat' dir='ltr'>coniungam</span> 
     </span>
     <span class='ocr_line' id='line_1_209' title="bbox 1154 2347 2204 2383; baseline 0.004 -10"><span class='ocrx_word' id='word_1_1725' title='bbox 1154 2347 1198 2373; x_wconf 74' lang='lat' dir='ltr'>dae</span> <span class='ocrx_word' id='word_1_1726' title='bbox 1213 2347 1280 2373; x_wconf 89' lang='lat' dir='ltr'>Cels.</span> <span class='ocrx_word' id='word_1_1727' title='bbox 1291 2354 1318 2381; x_wconf 91' lang='lat'>7,</span> <span class='ocrx_word' id='word_1_1728' title='bbox 1333 2355 1371 2380; x_wconf 84' lang='lat'>19.</span> <span class='ocrx_word' id='word_1_1729' title='bbox 1407 2347 1518 2373; x_wconf 70' lang='lat' dir='ltr'>Saturae</span> <span class='ocrx_word' id='word_1_1730' title='bbox 1527 2347 1621 2382; x_wconf 89' lang='lat' dir='ltr'>capitis</span> <span class='ocrx_word' id='word_1_1731' title='bbox 1629 2347 1657 2373; x_wconf 90' lang='lat' dir='ltr'>in</span> <span class='ocrx_word' id='word_1_1732' title='bbox 1664 2356 1779 2382; x_wconf 82' lang='lat' dir='ltr'>vnguem</span> <span class='ocrx_word' id='word_1_1733' title='bbox 1788 2348 1993 2376; x_wconf 88' lang='lat' dir='ltr'>committuntur</span> <span class='ocrx_word' id='word_1_1734' title='bbox 2004 2349 2073 2383; x_wconf 82' lang='lat' dir='ltr'>Id.8,</span> <span class='ocrx_word' id='word_1_1735' title='bbox 2084 2359 2101 2379; x_wconf 86' lang='lat'>1.</span> <span class='ocrx_word' id='word_1_1736' title='bbox 2142 2351 2204 2378; x_wconf 79' lang='lat' dir='ltr'>isid.</span> 
     </span>
     <span class='ocr_line' id='line_1_210' title="bbox 1152 2382 2204 2421; baseline 0.005 -13"><span class='ocrx_word' id='word_1_1737' title='bbox 1152 2390 1173 2409; x_wconf 88' lang='lat' dir='ltr'><strong>v</strong></span> <span class='ocrx_word' id='word_1_1738' title='bbox 1184 2389 1205 2408; x_wconf 88' lang='lat' dir='ltr'>N</span> <span class='ocrx_word' id='word_1_1739' title='bbox 1215 2389 1265 2409; x_wconf 83' lang='lat' dir='ltr'>Gv</span> <span class='ocrx_word' id='word_1_1740' title='bbox 1276 2390 1284 2408; x_wconf 98' lang='lat'>1</span> <span class='ocrx_word' id='word_1_1741' title='bbox 1294 2390 1317 2409; x_wconf 92' lang='lat' dir='ltr'>s.</span> <span class='ocrx_word' id='word_1_1742' title='bbox 1370 2382 1503 2409; x_wconf 88' lang='lat' dir='ltr'>Columel.</span> <span class='ocrx_word' id='word_1_1743' title='bbox 1518 2391 1540 2415; x_wconf 88' lang='lat'>2,</span> <span class='ocrx_word' id='word_1_1744' title='bbox 1550 2382 1570 2413; x_wconf 68' lang='lat'>&#39;8</span> <span class='ocrx_word' id='word_1_1745' title='bbox 1590 2383 1640 2410; x_wconf 88' lang='lat' dir='ltr'>Sed</span> <span class='ocrx_word' id='word_1_1746' title='bbox 1653 2383 1671 2409; x_wconf 86' lang='lat' dir='ltr'>si</span> <span class='ocrx_word' id='word_1_1747' title='bbox 1687 2384 1738 2410; x_wconf 83' lang='lat' dir='ltr'>seri</span> <span class='ocrx_word' id='word_1_1748' title='bbox 1754 2385 1813 2410; x_wconf 88' lang='lat' dir='ltr'>sunt</span> <span class='ocrx_word' id='word_1_1749' title='bbox 1827 2384 1943 2418; x_wconf 85' lang='lat' dir='ltr'>imbres,</span> <span class='ocrx_word' id='word_1_1750' title='bbox 1963 2387 2086 2421; x_wconf 87' lang='lat' dir='ltr'>quamuis</span> <span class='ocrx_word' id='word_1_1751' title='bbox 2102 2386 2204 2414; x_wconf 84' lang='lat' dir='ltr'>sitienti</span> 
     </span>
     <span class='ocr_line' id='line_1_211' title="bbox 1153 2417 2206 2458; baseline 0.006 -14"><span class='ocrx_word' id='word_1_1752' title='bbox 1153 2418 1225 2449; x_wconf 87' lang='lat' dir='ltr'>solo,</span> <span class='ocrx_word' id='word_1_1753' title='bbox 1241 2417 1314 2444; x_wconf 67' lang='lat' dir='ltr'>refie</span> <span class='ocrx_word' id='word_1_1754' title='bbox 1328 2419 1417 2445; x_wconf 87' lang='lat' dir='ltr'>semen</span> <span class='ocrx_word' id='word_1_1755' title='bbox 1436 2419 1623 2446; x_wconf 86' lang='lat' dir='ltr'>committitur.</span> <span class='ocrx_word' id='word_1_1756' title='bbox 1695 2419 1778 2446; x_wconf 86' lang='lat' dir='ltr'>Sulcis</span> <span class='ocrx_word' id='word_1_1757' title='bbox 1798 2421 1968 2448; x_wconf 86' lang='lat' dir='ltr'>committere</span> <span class='ocrx_word' id='word_1_1758' title='bbox 1986 2423 2087 2449; x_wconf 82' lang='lat' dir='ltr'>semina</span> <span class='ocrx_word' id='word_1_1759' title='bbox 2104 2422 2206 2458; x_wconf 85' lang='lat' dir='ltr'>Virgil.</span> 
     </span>
     <span class='ocr_line' id='line_1_212' title="bbox 1153 2455 2205 2493; baseline 0.005 -12"><span class='ocrx_word' id='word_1_1760' title='bbox 1153 2455 1251 2489; x_wconf 83' lang='lat' dir='ltr'>Georg.</span> <span class='ocrx_word' id='word_1_1761' title='bbox 1266 2463 1283 2485; x_wconf 87' lang='lat'>1,</span> <span class='ocrx_word' id='word_1_1762' title='bbox 1299 2463 1355 2486; x_wconf 77' lang='lat'>223.</span> <span class='ocrx_word' id='word_1_1763' title='bbox 1426 2455 1532 2481; x_wconf 84' lang='lat' dir='ltr'>Terrae</span> <span class='ocrx_word' id='word_1_1764' title='bbox 1546 2455 1646 2481; x_wconf 87' lang='lat' dir='ltr'>semina</span> <span class='ocrx_word' id='word_1_1765' title='bbox 1660 2456 1828 2482; x_wconf 87' lang='lat' dir='ltr'>committere</span> <span class='ocrx_word' id='word_1_1766' title='bbox 1841 2456 1950 2484; x_wconf 85' lang='lat' dir='ltr'>Tibull.</span> <span class='ocrx_word' id='word_1_1767' title='bbox 1964 2466 1986 2490; x_wconf 88' lang='lat'>1,</span> <span class='ocrx_word' id='word_1_1768' title='bbox 2002 2465 2028 2493; x_wconf 88' lang='lat'>7,</span> <span class='ocrx_word' id='word_1_1769' title='bbox 2041 2467 2076 2491; x_wconf 78' lang='lat'>31.</span> <span class='ocrx_word' id='word_1_1770' title='bbox 2140 2459 2205 2486; x_wconf 74' lang='lat' dir='ltr'>Stir—</span> 
     </span>
     <span class='ocr_line' id='line_1_213' title="bbox 1151 2490 2205 2528; baseline 0.005 -12"><span class='ocrx_word' id='word_1_1771' title='bbox 1151 2499 1196 2525; x_wconf 86' lang='lat' dir='ltr'>pes</span> <span class='ocrx_word' id='word_1_1772' title='bbox 1211 2490 1380 2517; x_wconf 89' lang='lat' dir='ltr'>committere</span> <span class='ocrx_word' id='word_1_1773' title='bbox 1395 2491 1477 2517; x_wconf 85' lang='lat' dir='ltr'>ramis</span> <span class='ocrx_word' id='word_1_1774' title='bbox 1491 2491 1597 2517; x_wconf 89' lang='lat' dir='ltr'>Lucret.</span> <span class='ocrx_word' id='word_1_1775' title='bbox 1611 2499 1634 2524; x_wconf 74' lang='grc' dir='ltr'>ς,</span> <span class='ocrx_word' id='word_1_1776' title='bbox 1650 2493 1712 2525; x_wconf 78' lang='lat'>1364</span> <span class='ocrx_word' id='word_1_1777' title='bbox 1737 2491 1765 2518; x_wconf 82' lang='lat' dir='ltr'>de</span> <span class='ocrx_word' id='word_1_1778' title='bbox 1777 2491 1900 2526; x_wconf 69' lang='lat' dir='ltr'>insitione.</span> <span class='ocrx_word' id='word_1_1779' title='bbox 1974 2495 2069 2521; x_wconf 86' lang='lat' dir='ltr'>Horat.</span> <span class='ocrx_word' id='word_1_1780' title='bbox 2082 2494 2164 2521; x_wconf 86' lang='lat' dir='ltr'>Serm.</span> <span class='ocrx_word' id='word_1_1781' title='bbox 2180 2503 2205 2528; x_wconf 84' lang='lat'>2,</span> 
     </span>
     <span class='ocr_line' id='line_1_214' title="bbox 1151 2526 2205 2567; baseline 0.006 -16"><span class='ocrx_word' id='word_1_1782' title='bbox 1151 2535 1180 2559; x_wconf 87' lang='lat'>4,</span> <span class='ocrx_word' id='word_1_1783' title='bbox 1195 2534 1222 2559; x_wconf 73' lang='lat'>25</span> <span class='ocrx_word' id='word_1_1784' title='bbox 1245 2526 1382 2559; x_wconf 84' lang='lat' dir='ltr'>Qtoniam</span> <span class='ocrx_word' id='word_1_1785' title='bbox 1396 2527 1486 2553; x_wconf 87' lang='lat' dir='ltr'>vacuis</span> <span class='ocrx_word' id='word_1_1786' title='bbox 1499 2527 1666 2553; x_wconf 86' lang='lat' dir='ltr'>committere</span> <span class='ocrx_word' id='word_1_1787' title='bbox 1679 2527 1753 2554; x_wconf 85' lang='lat' dir='ltr'>venis</span> <span class='ocrx_word' id='word_1_1788' title='bbox 1788 2528 1853 2554; x_wconf 92' lang='lat' dir='ltr'>Non</span> <span class='ocrx_word' id='word_1_1789' title='bbox 1867 2528 1914 2555; x_wconf 88' lang='lat' dir='ltr'>nisi</span> <span class='ocrx_word' id='word_1_1790' title='bbox 1930 2529 1990 2556; x_wconf 88' lang='lat' dir='ltr'>lene</span> <span class='ocrx_word' id='word_1_1791' title='bbox 2002 2529 2092 2563; x_wconf 86' lang='lat' dir='ltr'>dccet,</span> <span class='ocrx_word' id='word_1_1792' title='bbox 2111 2530 2205 2567; x_wconf 72' lang='lat' dir='ltr'>Jitbau-</span> 
     </span>
     <span class='ocr_line' id='line_1_215' title="bbox 1151 2562 2203 2601; baseline 0.006 -13"><span class='ocrx_word' id='word_1_1793' title='bbox 1151 2562 1222 2588; x_wconf 81' lang='lat' dir='ltr'>ditm·</span> <span class='ocrx_word' id='word_1_1794' title='bbox 1235 2563 1345 2589; x_wconf 89' lang='lat' dir='ltr'>Vinum.</span> <span class='ocrx_word' id='word_1_1795' title='bbox 1418 2563 1507 2589; x_wconf 83' lang='lat' dir='ltr'>Vitem</span> <span class='ocrx_word' id='word_1_1796' title='bbox 1521 2563 1597 2589; x_wconf 86' lang='lat' dir='ltr'>tenui</span> <span class='ocrx_word' id='word_1_1797' title='bbox 1618 2563 1787 2590; x_wconf 84' lang='lat' dir='ltr'>committere</span> <span class='ocrx_word' id='word_1_1798' title='bbox 1807 2564 1880 2591; x_wconf 90' lang='lat' dir='ltr'>sulco</span> <span class='ocrx_word' id='word_1_1799' title='bbox 1898 2566 1974 2600; x_wconf 88' lang='lat' dir='ltr'>Virg.</span> <span class='ocrx_word' id='word_1_1800' title='bbox 1988 2566 2087 2601; x_wconf 86' lang='lat' dir='ltr'>Georg.</span> <span class='ocrx_word' id='word_1_1801' title='bbox 2101 2575 2132 2598; x_wconf 88' lang='lat'>2,</span> <span class='ocrx_word' id='word_1_1802' title='bbox 2146 2571 2203 2600; x_wconf 65' lang='lat'><em>289·</em></span> 
     </span>
     <span class='ocr_line' id='line_1_216' title="bbox 1151 2598 2204 2636; baseline 0.004 -11"><span class='ocrx_word' id='word_1_1803' title='bbox 1151 2598 1207 2625; x_wconf 91' lang='lat' dir='ltr'>Cic.</span> <span class='ocrx_word' id='word_1_1804' title='bbox 1222 2607 1271 2633; x_wconf 87' lang='lat' dir='ltr'>pro</span> <span class='ocrx_word' id='word_1_1805' title='bbox 1284 2599 1359 2625; x_wconf 84' lang='lat' dir='ltr'>Rosc.</span> <span class='ocrx_word' id='word_1_1806' title='bbox 1368 2598 1457 2625; x_wconf 84' lang='lat' dir='ltr'>Amer.</span> <span class='ocrx_word' id='word_1_1807' title='bbox 1471 2601 1507 2632; x_wconf 84' lang='lat'>64</span> <span class='ocrx_word' id='word_1_1808' title='bbox 1526 2607 1547 2625; x_wconf 94' lang='lat' dir='ltr'>c.</span> <span class='ocrx_word' id='word_1_1809' title='bbox 1560 2607 1588 2631; x_wconf 83' lang='lat'>23</span> <span class='ocrx_word' id='word_1_1810' title='bbox 1607 2599 1689 2633; x_wconf 80' lang='lat' dir='ltr'>Qiod</span> <span class='ocrx_word' id='word_1_1811' title='bbox 1701 2605 1805 2634; x_wconf 86' lang='lat' dir='ltr'>poterat</span> <span class='ocrx_word' id='word_1_1812' title='bbox 1819 2601 1879 2627; x_wconf 86' lang='lat' dir='ltr'>sane</span> <span class='ocrx_word' id='word_1_1813' title='bbox 1893 2601 1941 2627; x_wconf 82' lang='lat' dir='ltr'>esse</span> <span class='ocrx_word' id='word_1_1814' title='bbox 1954 2601 2126 2636; x_wconf 86' lang='lat' dir='ltr'>suspiciosum</span> <span class='ocrx_word' id='word_1_1815' title='bbox 2139 2611 2204 2629; x_wconf 73' lang='lat' dir='ltr'>neu—-</span> 
     </span>
     <span class='ocr_line' id='line_1_217' title="bbox 1151 2634 2204 2670; baseline 0.004 -10"><span class='ocrx_word' id='word_1_1816' title='bbox 1151 2639 1224 2661; x_wconf 86' lang='lat' dir='ltr'>trum</span> <span class='ocrx_word' id='word_1_1817' title='bbox 1238 2634 1355 2660; x_wconf 67' lang='lat' dir='ltr'>sensisse?</span> <span class='ocrx_word' id='word_1_1818' title='bbox 1375 2635 1467 2660; x_wconf 89' lang='lat' dir='ltr'>ausum</span> <span class='ocrx_word' id='word_1_1819' title='bbox 1481 2639 1569 2661; x_wconf 84' lang='lat' dir='ltr'>autem</span> <span class='ocrx_word' id='word_1_1820' title='bbox 1584 2635 1632 2661; x_wconf 80' lang='lat' dir='ltr'>esse</span> <span class='ocrx_word' id='word_1_1821' title='bbox 1645 2644 1807 2670; x_wconf 85' lang='lat' dir='ltr'>quemquam</span> <span class='ocrx_word' id='word_1_1822' title='bbox 1821 2637 1847 2662; x_wconf 84' lang='lat' dir='ltr'>se</span> <span class='ocrx_word' id='word_1_1823' title='bbox 1860 2636 1889 2662; x_wconf 90' lang='lat' dir='ltr'>in</span> <span class='ocrx_word' id='word_1_1824' title='bbox 1901 2636 1929 2663; x_wconf 88' lang='lat' dir='ltr'>id</span> <span class='ocrx_word' id='word_1_1825' title='bbox 1942 2638 2067 2665; x_wconf 88' lang='lat' dir='ltr'>conclaue</span> <span class='ocrx_word' id='word_1_1826' title='bbox 2081 2638 2204 2664; x_wconf 85' lang='lat' dir='ltr'>commit-</span> 
     </span>
     <span class='ocr_line' id='line_1_218' title="bbox 1150 2670 2202 2705; baseline 0.004 -9"><span class='ocrx_word' id='word_1_1827' title='bbox 1150 2676 1208 2697; x_wconf 85' lang='lat' dir='ltr'>tere</span> <span class='ocrx_word' id='word_1_1828' title='bbox 1224 2679 1257 2696; x_wconf 87' lang='lat' dir='ltr'>eo</span> <span class='ocrx_word' id='word_1_1829' title='bbox 1271 2670 1431 2705; x_wconf 80' lang='lat' dir='ltr'>potiffimum</span> <span class='ocrx_word' id='word_1_1830' title='bbox 1449 2677 1584 2705; x_wconf 86' lang='lat' dir='ltr'>tempore,</span> <span class='ocrx_word' id='word_1_1831' title='bbox 1603 2678 1649 2698; x_wconf 76' lang='lat' dir='ltr'>etc.</span> <span class='ocrx_word' id='word_1_1832' title='bbox 1722 2671 1814 2698; x_wconf 66' lang='lat' dir='ltr'>Tecto</span> <span class='ocrx_word' id='word_1_1833' title='bbox 1834 2672 1859 2698; x_wconf 88' lang='lat' dir='ltr'>se</span> <span class='ocrx_word' id='word_1_1834' title='bbox 1880 2674 2049 2700; x_wconf 84' lang='lat' dir='ltr'>committere</span> <span class='ocrx_word' id='word_1_1835' title='bbox 2070 2674 2151 2701; x_wconf 89' lang='lat' dir='ltr'>Ouid.</span> <span class='ocrx_word' id='word_1_1836' title='bbox 2167 2682 2202 2700; x_wconf 85' lang='lat' dir='ltr'>ex</span> 
     </span>
     <span class='ocr_line' id='line_1_219' title="bbox 1150 2707 2203 2741; baseline 0.004 -9"><span class='ocrx_word' id='word_1_1837' title='bbox 1150 2707 1235 2732; x_wconf 85' lang='lat' dir='ltr'>Ponto</span> <span class='ocrx_word' id='word_1_1838' title='bbox 1256 2714 1278 2738; x_wconf 70' lang='grc' dir='ltr'>ε,</span> <span class='ocrx_word' id='word_1_1839' title='bbox 1296 2714 1322 2738; x_wconf 89' lang='lat'>2,</span> <span class='ocrx_word' id='word_1_1840' title='bbox 1343 2714 1382 2741; x_wconf 81' lang='lat'>37.</span> <span class='ocrx_word' id='word_1_1841' title='bbox 1454 2707 1511 2733; x_wconf 90' lang='lat' dir='ltr'>Cic.</span> <span class='ocrx_word' id='word_1_1842' title='bbox 1526 2707 1580 2733; x_wconf 87' lang='lat' dir='ltr'>Att.</span> <span class='ocrx_word' id='word_1_1843' title='bbox 1595 2714 1630 2740; x_wconf 75' lang='grc' dir='ltr'>ις,</span> <span class='ocrx_word' id='word_1_1844' title='bbox 1650 2715 1672 2733; x_wconf 89' lang='grc'>11</span> <span class='ocrx_word' id='word_1_1845' title='bbox 1697 2707 1746 2734; x_wconf 86' lang='lat' dir='ltr'>Sed</span> <span class='ocrx_word' id='word_1_1846' title='bbox 1764 2707 1860 2735; x_wconf 64' lang='lat' dir='ltr'>auoior</span> <span class='ocrx_word' id='word_1_1847' title='bbox 1877 2718 1931 2735; x_wconf 89' lang='lat' dir='ltr'>non</span> <span class='ocrx_word' id='word_1_1848' title='bbox 1950 2710 2023 2741; x_wconf 89' lang='lat' dir='ltr'>sum,</span> <span class='ocrx_word' id='word_1_1849' title='bbox 2042 2715 2072 2736; x_wconf 91' lang='lat' dir='ltr'>vt</span> <span class='ocrx_word' id='word_1_1850' title='bbox 2090 2715 2117 2735; x_wconf 83' lang='lat' dir='ltr'>te</span> <span class='ocrx_word' id='word_1_1851' title='bbox 2137 2708 2203 2736; x_wconf 74' lang='lat' dir='ltr'>vrbi</span> 
     </span>
     <span class='ocr_line' id='line_1_220' title="bbox 1151 2741 2202 2781; baseline 0.002 -13"><span class='ocrx_word' id='word_1_1852' title='bbox 1151 2741 1312 2768; x_wconf 57' lang='lat' dir='ltr'>committas</span> <span class='ocrx_word' id='word_1_1853' title='bbox 1370 2743 1400 2768; x_wconf 88' lang='lat' dir='ltr'>In</span> <span class='ocrx_word' id='word_1_1854' title='bbox 1413 2741 1454 2768; x_wconf 86' lang='lat' dir='ltr'>his</span> <span class='ocrx_word' id='word_1_1855' title='bbox 1467 2743 1578 2769; x_wconf 80' lang='lat' dir='ltr'>omnibus</span> <span class='ocrx_word' id='word_1_1856' title='bbox 1590 2743 1760 2770; x_wconf 84' lang='lat' dir='ltr'>committere</span> <span class='ocrx_word' id='word_1_1857' title='bbox 1773 2742 1807 2777; x_wconf 71' lang='lat' dir='ltr'>est</span> <span class='ocrx_word' id='word_1_1858' title='bbox 1822 2747 1977 2781; x_wconf 72' lang='lat' dir='ltr'>coniungere,</span> <span class='ocrx_word' id='word_1_1859' title='bbox 1991 2746 2051 2771; x_wconf 63' lang='lat' dir='ltr'>licet</span> <span class='ocrx_word' id='word_1_1860' title='bbox 2062 2748 2090 2770; x_wconf 84' lang='lat' dir='ltr'>in</span> <span class='ocrx_word' id='word_1_1861' title='bbox 2103 2745 2202 2780; x_wconf 78' lang='lat' dir='ltr'>quibus-</span> 
     </span>
     <span class='ocr_line' id='line_1_221' title="bbox 1152 2778 2203 2842; baseline 0 -37"><span class='ocrx_word' id='word_1_1862' title='bbox 1152 2778 1209 2805; x_wconf 73' lang='lat' dir='ltr'>dam</span> <span class='ocrx_word' id='word_1_1863' title='bbox 1222 2780 1295 2805; x_wconf 75' lang='lat' dir='ltr'>etiam</span> <span class='ocrx_word' id='word_1_1864' title='bbox 1309 2781 1376 2804; x_wconf 78' lang='lat' dir='ltr'>notio</span> <span class='ocrx_word' id='word_1_1865' title='bbox 1390 2779 1470 2804; x_wconf 77' lang='lat' dir='ltr'>altera</span> <span class='ocrx_word' id='word_1_1866' title='bbox 1489 2778 1599 2805; x_wconf 76' lang='lat' dir='ltr'>obtinere</span> <span class='ocrx_word' id='word_1_1867' title='bbox 1614 2778 1706 2814; x_wconf 73' lang='lat' dir='ltr'>posJit,</span> <span class='ocrx_word' id='word_1_1868' title='bbox 1727 2789 1776 2816; x_wconf 81' lang='lat' dir='ltr'>qua</span> <span class='ocrx_word' id='word_1_1869' title='bbox 1972 2778 1993 2842; x_wconf 51' lang='grc' dir='ltr'><em>Ἠ</em></span> <span class='ocrx_word' id='word_1_1870' title='bbox 2015 2788 2031 2806; x_wconf 87' lang='lat'>2</span> <span class='ocrx_word' id='word_1_1871' title='bbox 2068 2780 2203 2806; x_wconf 85' lang='lat' dir='ltr'>Commit-</span> 
     </span>
     <span class='ocr_line' id='line_1_222' title="bbox 1150 2812 2201 2877; baseline 0.002 -37"><span class='ocrx_word' id='word_1_1872' title='bbox 1150 2821 1206 2840; x_wconf 88' lang='lat' dir='ltr'>tere</span> <span class='ocrx_word' id='word_1_1873' title='bbox 1223 2812 1256 2847; x_wconf 80' lang='lat' dir='ltr'>est</span> <span class='ocrx_word' id='word_1_1874' title='bbox 1271 2813 1384 2846; x_wconf 64' lang='lat' dir='ltr'>tradere,</span> <span class='ocrx_word' id='word_1_1875' title='bbox 1415 2813 1580 2850; x_wconf 59' lang='lat' dir='ltr'>[Emi-fimare,</span> <span class='ocrx_word' id='word_1_1876' title='bbox 1599 2814 1719 2877; x_wconf 61' lang='lat' dir='ltr'>naeedmf]</span> <span class='ocrx_word' id='word_1_1877' title='bbox 1757 2816 1875 2842; x_wconf 86' lang='lat' dir='ltr'>Donatus</span> <span class='ocrx_word' id='word_1_1878' title='bbox 1887 2814 1919 2841; x_wconf 88' lang='lat' dir='ltr'>ad</span> <span class='ocrx_word' id='word_1_1879' title='bbox 1934 2816 1973 2842; x_wconf 93' lang='lat' dir='ltr'>An</span> <span class='ocrx_word' id='word_1_1880' title='bbox 1993 2825 2014 2842; x_wconf 89' lang='lat' dir='ltr'>r.</span> <span class='ocrx_word' id='word_1_1881' title='bbox 2032 2824 2055 2847; x_wconf 85' lang='lat'>3,</span> <span class='ocrx_word' id='word_1_1882' title='bbox 2069 2823 2091 2848; x_wconf 81' lang='grc' dir='ltr'>ς,</span> <span class='ocrx_word' id='word_1_1883' title='bbox 2106 2824 2118 2848; x_wconf 79' lang='lat'>3</span> <span class='ocrx_word' id='word_1_1884' title='bbox 2142 2816 2201 2842; x_wconf 73' lang='lat' dir='ltr'>Ser-</span> 
     </span>
     <span class='ocr_line' id='line_1_223' title="bbox 1149 2850 2200 2885; baseline 0.001 -8"><span class='ocrx_word' id='word_1_1885' title='bbox 1149 2858 1220 2877; x_wconf 90' lang='lat' dir='ltr'>vone</span> <span class='ocrx_word' id='word_1_1886' title='bbox 1239 2850 1359 2876; x_wconf 82' lang='lat' dir='ltr'>fortunas</span> <span class='ocrx_word' id='word_1_1887' title='bbox 1377 2859 1448 2876; x_wconf 86' lang='lat' dir='ltr'>meas</span> <span class='ocrx_word' id='word_1_1888' title='bbox 1466 2859 1510 2877; x_wconf 87' lang='lat' dir='ltr'>me</span> <span class='ocrx_word' id='word_1_1889' title='bbox 1523 2850 1678 2877; x_wconf 78' lang='lat' dir='ltr'>commisisse</span> <span class='ocrx_word' id='word_1_1890' title='bbox 1710 2852 1793 2878; x_wconf 71' lang='lat' dir='ltr'>utili?</span> <span class='ocrx_word' id='word_1_1891' title='bbox 1817 2851 2035 2883; x_wconf 84' lang='lat' dir='ltr'>Committimus,</span> <span class='ocrx_word' id='word_1_1892' title='bbox 2055 2859 2122 2885; x_wconf 90' lang='lat' dir='ltr'>quae</span> <span class='ocrx_word' id='word_1_1893' title='bbox 2135 2860 2200 2878; x_wconf 79' lang='lat' dir='ltr'>cum</span> 
     </span>
     <span class='ocr_line' id='line_1_224' title="bbox 1149 2885 2201 2921; baseline 0.003 -10"><span class='ocrx_word' id='word_1_1894' title='bbox 1149 2895 1246 2921; x_wconf 76' lang='lat' dir='ltr'>magno</span> <span class='ocrx_word' id='word_1_1895' title='bbox 1261 2885 1382 2921; x_wconf 84' lang='lat' dir='ltr'>periculo</span> <span class='ocrx_word' id='word_1_1896' title='bbox 1394 2885 1518 2913; x_wconf 80' lang='lat' dir='ltr'>volumus</span> <span class='ocrx_word' id='word_1_1897' title='bbox 1531 2887 1580 2914; x_wconf 85' lang='lat' dir='ltr'>esse</span> <span class='ocrx_word' id='word_1_1898' title='bbox 1593 2887 1702 2913; x_wconf 85' lang='lat' dir='ltr'>seruata.</span> <span class='ocrx_word' id='word_1_1899' title='bbox 1773 2887 1841 2913; x_wconf 86' lang='lat' dir='ltr'>Ter.</span> <span class='ocrx_word' id='word_1_1900' title='bbox 1849 2887 1930 2913; x_wconf 83' lang='lat' dir='ltr'>Andr.</span> <span class='ocrx_word' id='word_1_1901' title='bbox 1944 2895 1963 2919; x_wconf 90' lang='lat'>1,</span> <span class='ocrx_word' id='word_1_1902' title='bbox 1978 2894 2001 2920; x_wconf 73' lang='grc' dir='ltr'>ς,</span> <span class='ocrx_word' id='word_1_1903' title='bbox 2015 2889 2043 2912; x_wconf 87' lang='lat'>61</span> <span class='ocrx_word' id='word_1_1904' title='bbox 2065 2887 2138 2914; x_wconf 82' lang='lat' dir='ltr'>Bona</span> <span class='ocrx_word' id='word_1_1905' title='bbox 2151 2896 2201 2914; x_wconf 92' lang='lat' dir='ltr'>no-</span> 
     </span>
     <span class='ocr_line' id='line_1_225' title="bbox 1148 2921 2210 2955; baseline -0.001 -7"><span class='ocrx_word' id='word_1_1906' title='bbox 1148 2922 1199 2948; x_wconf 84' lang='lat' dir='ltr'>stra</span> <span class='ocrx_word' id='word_1_1907' title='bbox 1214 2921 1278 2948; x_wconf 86' lang='lat' dir='ltr'>haec</span> <span class='ocrx_word' id='word_1_1908' title='bbox 1293 2921 1346 2949; x_wconf 87' lang='lat' dir='ltr'>tibi</span> <span class='ocrx_word' id='word_1_1909' title='bbox 1361 2923 1519 2955; x_wconf 79' lang='lat' dir='ltr'>committo,</span> <span class='ocrx_word' id='word_1_1910' title='bbox 1539 2928 1565 2949; x_wconf 86' lang='lat' dir='ltr'>et</span> <span class='ocrx_word' id='word_1_1911' title='bbox 1579 2928 1640 2949; x_wconf 89' lang='lat' dir='ltr'>tuae</span> <span class='ocrx_word' id='word_1_1912' title='bbox 1655 2922 1752 2948; x_wconf 83' lang='lat' dir='ltr'>mando</span> <span class='ocrx_word' id='word_1_1913' title='bbox 1768 2921 1839 2948; x_wconf 83' lang='lat' dir='ltr'>fidei.</span> <span class='ocrx_word' id='word_1_1914' title='bbox 1911 2923 1966 2948; x_wconf 88' lang='lat' dir='ltr'>Cic.</span> <span class='ocrx_word' id='word_1_1915' title='bbox 1982 2921 2035 2949; x_wconf 75' lang='lat' dir='ltr'>Off.</span> <span class='ocrx_word' id='word_1_1916' title='bbox 2049 2931 2072 2955; x_wconf 81' lang='lat'>2,</span> <span class='ocrx_word' id='word_1_1917' title='bbox 2092 2931 2119 2955; x_wconf 75' lang='lat'>33</span> <span class='ocrx_word' id='word_1_1918' title='bbox 2146 2924 2210 2949; x_wconf 78' lang='lat' dir='ltr'>Ita..</span> 
     </span>
     <span class='ocr_line' id='line_1_226' title="bbox 1149 2957 2199 2993; baseline 0.002 -9"><span class='ocrx_word' id='word_1_1919' title='bbox 1149 2966 1202 2993; x_wconf 86' lang='lat' dir='ltr'>que</span> <span class='ocrx_word' id='word_1_1920' title='bbox 1216 2957 1257 2984; x_wconf 86' lang='lat' dir='ltr'>his</span> <span class='ocrx_word' id='word_1_1921' title='bbox 1273 2958 1383 2984; x_wconf 87' lang='lat' dir='ltr'>salutem</span> <span class='ocrx_word' id='word_1_1922' title='bbox 1397 2958 1512 2985; x_wconf 82' lang='lat' dir='ltr'>nostram</span> <span class='ocrx_word' id='word_1_1923' title='bbox 1522 2979 1530 2991; x_wconf 96' lang='lat'>,</span> <span class='ocrx_word' id='word_1_1924' title='bbox 1544 2958 1585 2985; x_wconf 91' lang='lat' dir='ltr'>his</span> <span class='ocrx_word' id='word_1_1925' title='bbox 1598 2959 1730 2990; x_wconf 65' lang='lat' dir='ltr'>fortunam,</span> <span class='ocrx_word' id='word_1_1926' title='bbox 1745 2957 1785 2983; x_wconf 89' lang='lat' dir='ltr'>his</span> <span class='ocrx_word' id='word_1_1927' title='bbox 1798 2957 1898 2984; x_wconf 89' lang='lat' dir='ltr'>liberos</span> <span class='ocrx_word' id='word_1_1928' title='bbox 1911 2957 2049 2984; x_wconf 70' lang='lat' dir='ltr'>reotiffime</span> <span class='ocrx_word' id='word_1_1929' title='bbox 2063 2959 2199 2986; x_wconf 79' lang='lat' dir='ltr'>committi</span> 
     </span>
     <span class='ocr_line' id='line_1_227' title="bbox 1148 2992 2198 3025; baseline 0.002 -5"><span class='ocrx_word' id='word_1_1930' title='bbox 1148 2994 1318 3021; x_wconf 84' lang='lat' dir='ltr'>arbitramur.</span> <span class='ocrx_word' id='word_1_1931' title='bbox 1390 2994 1567 3021; x_wconf 86' lang='lat' dir='ltr'>Committere·</span> <span class='ocrx_word' id='word_1_1932' title='bbox 1591 3000 1617 3020; x_wconf 89' lang='lat' dir='ltr'>et</span> <span class='ocrx_word' id='word_1_1933' title='bbox 1640 2992 1827 3020; x_wconf 86' lang='lat' dir='ltr'>commendare</span> <span class='ocrx_word' id='word_1_1934' title='bbox 1834 3012 1842 3025; x_wconf 88' lang='lat'>,</span> <span class='ocrx_word' id='word_1_1935' title='bbox 1876 2993 1929 3020; x_wconf 82' lang='lat' dir='ltr'>vicl.</span> <span class='ocrx_word' id='word_1_1936' title='bbox 1955 3000 1972 3021; x_wconf 92' lang='lat' dir='ltr'>C</span> <span class='ocrx_word' id='word_1_1937' title='bbox 1981 3000 1999 3020; x_wconf 93' lang='grc'>0</span> <span class='ocrx_word' id='word_1_1938' title='bbox 2008 3000 2033 3019; x_wconf 91' lang='grc' dir='ltr'><strong>Μ</strong></span> <span class='ocrx_word' id='word_1_1939' title='bbox 2042 3000 2066 3020; x_wconf 81' lang='lat' dir='ltr'>M</span> <span class='ocrx_word' id='word_1_1940' title='bbox 2075 3001 2092 3020; x_wconf 83' lang='lat' dir='ltr'>E</span> <span class='ocrx_word' id='word_1_1941' title='bbox 2101 3002 2124 3021; x_wconf 86' lang='lat' dir='ltr'>N</span> <span class='ocrx_word' id='word_1_1942' title='bbox 2132 3001 2150 3022; x_wconf 86' lang='lat' dir='ltr'>D</span> <span class='ocrx_word' id='word_1_1943' title='bbox 2161 3001 2180 3022; x_wconf 95' lang='grc' dir='ltr'>Ο</span> <span class='ocrx_word' id='word_1_1944' title='bbox 2189 3014 2198 3021; x_wconf 88' lang='grc'><strong>.</strong></span> 
     </span>
     <span class='ocr_line' id='line_1_228' title="bbox 1147 3028 2198 3065; baseline 0 -8"><span class='ocrx_word' id='word_1_1945' title='bbox 1147 3031 1203 3057; x_wconf 89' lang='lat' dir='ltr'>Cic.</span> <span class='ocrx_word' id='word_1_1946' title='bbox 1221 3031 1293 3057; x_wconf 88' lang='lat' dir='ltr'>Fam.</span> <span class='ocrx_word' id='word_1_1947' title='bbox 1314 3040 1336 3063; x_wconf 79' lang='lat'>3,</span> <span class='ocrx_word' id='word_1_1948' title='bbox 1356 3039 1386 3056; x_wconf 92' lang='lat'>10</span> <span class='ocrx_word' id='word_1_1949' title='bbox 1418 3031 1492 3065; x_wconf 75' lang='lat' dir='ltr'>Quid</span> <span class='ocrx_word' id='word_1_1950' title='bbox 1514 3030 1583 3056; x_wconf 86' lang='lat' dir='ltr'>mihi</span> <span class='ocrx_word' id='word_1_1951' title='bbox 1603 3029 1649 3056; x_wconf 89' lang='lat' dir='ltr'>ille</span> <span class='ocrx_word' id='word_1_1952' title='bbox 1666 3038 1721 3055; x_wconf 91' lang='lat' dir='ltr'>non</span> <span class='ocrx_word' id='word_1_1953' title='bbox 1742 3028 1873 3055; x_wconf 85' lang='lat' dir='ltr'>commisit</span> <span class='ocrx_word' id='word_1_1954' title='bbox 1889 3030 1898 3054; x_wconf 77' lang='lat'>3</span> <span class='ocrx_word' id='word_1_1955' title='bbox 1933 3029 1998 3064; x_wconf 88' lang='lat' dir='ltr'>quid</span> <span class='ocrx_word' id='word_1_1956' title='bbox 2016 3038 2071 3056; x_wconf 87' lang='lat' dir='ltr'>non</span> <span class='ocrx_word' id='word_1_1957' title='bbox 2091 3039 2198 3058; x_wconf 88' lang='lat' dir='ltr'>mecum</span> 
     </span>
     <span class='ocr_line' id='line_1_229' title="bbox 1147 3064 2198 3101; baseline 0 -9"><span class='ocrx_word' id='word_1_1958' title='bbox 1147 3066 1379 3093; x_wconf 69' lang='lat' dir='ltr'>communicaust?</span> <span class='ocrx_word' id='word_1_1959' title='bbox 1449 3066 1523 3094; x_wconf 89' lang='lat' dir='ltr'>Idem</span> <span class='ocrx_word' id='word_1_1960' title='bbox 1543 3074 1592 3100; x_wconf 88' lang='lat' dir='ltr'>pro</span> <span class='ocrx_word' id='word_1_1961' title='bbox 1616 3065 1704 3091; x_wconf 88' lang='lat' dir='ltr'>Domo</span> <span class='ocrx_word' id='word_1_1962' title='bbox 1718 3073 1729 3091; x_wconf 85' lang='lat'>1</span> <span class='ocrx_word' id='word_1_1963' title='bbox 1761 3066 1796 3091; x_wconf 84' lang='lat' dir='ltr'>Vt</span> <span class='ocrx_word' id='word_1_1964' title='bbox 1815 3064 1904 3091; x_wconf 86' lang='lat' dir='ltr'>omnis</span> <span class='ocrx_word' id='word_1_1965' title='bbox 1924 3064 2050 3100; x_wconf 81' lang='lat' dir='ltr'>Reipubl.</span> <span class='ocrx_word' id='word_1_1966' title='bbox 2069 3065 2198 3101; x_wconf 78' lang='lat' dir='ltr'>dignitas,</span> 
     </span>
     <span class='ocr_line' id='line_1_230' title="bbox 1147 3100 2196 3136; baseline 0 -7"><span class='ocrx_word' id='word_1_1967' title='bbox 1147 3103 1269 3130; x_wconf 88' lang='lat' dir='ltr'>omnium</span> <span class='ocrx_word' id='word_1_1968' title='bbox 1284 3103 1387 3129; x_wconf 87' lang='lat' dir='ltr'>ciuium</span> <span class='ocrx_word' id='word_1_1969' title='bbox 1401 3103 1485 3136; x_wconf 89' lang='lat' dir='ltr'>salus,</span> <span class='ocrx_word' id='word_1_1970' title='bbox 1504 3103 1576 3134; x_wconf 81' lang='lat' dir='ltr'>vita,</span> <span class='ocrx_word' id='word_1_1971' title='bbox 1597 3100 1704 3127; x_wconf 87' lang='lat' dir='ltr'>libertas</span> <span class='ocrx_word' id='word_1_1972' title='bbox 1711 3120 1720 3132; x_wconf 88' lang='lat'>,</span> <span class='ocrx_word' id='word_1_1973' title='bbox 1738 3109 1814 3133; x_wconf 85' lang='lat' dir='ltr'>arae,</span> <span class='ocrx_word' id='word_1_1974' title='bbox 1835 3100 1908 3132; x_wconf 86' lang='lat' dir='ltr'>foci,</span> <span class='ocrx_word' id='word_1_1975' title='bbox 1929 3100 1967 3127; x_wconf 86' lang='lat' dir='ltr'>dii</span> <span class='ocrx_word' id='word_1_1976' title='bbox 1981 3107 2097 3135; x_wconf 86' lang='lat' dir='ltr'>penates,</span> <span class='ocrx_word' id='word_1_1977' title='bbox 2116 3102 2196 3133; x_wconf 82' lang='lat' dir='ltr'>bona,</span> 
     </span>
     <span class='ocr_line' id='line_1_231' title="bbox 1147 3135 2198 3172; baseline 0 -7"><span class='ocrx_word' id='word_1_1978' title='bbox 1147 3139 1288 3172; x_wconf 85' lang='lat' dir='ltr'>fortunae,</span> <span class='ocrx_word' id='word_1_1979' title='bbox 1308 3139 1466 3166; x_wconf 86' lang='lat' dir='ltr'>domicilia:</span> <span class='ocrx_word' id='word_1_1980' title='bbox 1500 3137 1600 3164; x_wconf 83' lang='lat' dir='ltr'>vestrae</span> <span class='ocrx_word' id='word_1_1981' title='bbox 1621 3136 1779 3171; x_wconf 86' lang='lat' dir='ltr'>sapientiae,</span> <span class='ocrx_word' id='word_1_1982' title='bbox 1802 3135 1880 3166; x_wconf 84' lang='lat' dir='ltr'>fidei,</span> <span class='ocrx_word' id='word_1_1983' title='bbox 1898 3136 2075 3172; x_wconf 81' lang='lat' dir='ltr'>potestatique</span> <span class='ocrx_word' id='word_1_1984' title='bbox 2090 3138 2198 3165; x_wconf 73' lang='lat' dir='ltr'>comissa</span> 
     </span>
     <span class='ocr_line' id='line_1_232' title="bbox 1148 3171 2197 3210; baseline 0 -9"><span class='ocrx_word' id='word_1_1985' title='bbox 1148 3174 1301 3210; x_wconf 86' lang='lat' dir='ltr'>creditaque</span> <span class='ocrx_word' id='word_1_1986' title='bbox 1321 3176 1369 3202; x_wconf 79' lang='lat' dir='ltr'>esse</span> <span class='ocrx_word' id='word_1_1987' title='bbox 1387 3175 1538 3202; x_wconf 87' lang='lat' dir='ltr'>videantur.</span> <span class='ocrx_word' id='word_1_1988' title='bbox 1579 3171 1648 3200; x_wconf 72' lang='lat' dir='ltr'>Adai.</span> <span class='ocrx_word' id='word_1_1989' title='bbox 1663 3171 1702 3198; x_wconf 92' lang='lat' dir='ltr'>Id.</span> <span class='ocrx_word' id='word_1_1990' title='bbox 1718 3171 1750 3198; x_wconf 85' lang='lat' dir='ltr'>ad</span> <span class='ocrx_word' id='word_1_1991' title='bbox 1765 3173 1802 3205; x_wconf 82' lang='lat' dir='ltr'>Q</span> <span class='ocrx_word' id='word_1_1992' title='bbox 1813 3172 1898 3198; x_wconf 80' lang='lat' dir='ltr'>Fratr.</span> <span class='ocrx_word' id='word_1_1993' title='bbox 1913 3181 1939 3205; x_wconf 88' lang='lat'>1,</span> <span class='ocrx_word' id='word_1_1994' title='bbox 1954 3180 1964 3199; x_wconf 93' lang='lat'>1</span> <span class='ocrx_word' id='word_1_1995' title='bbox 1988 3182 2010 3199; x_wconf 87' lang='lat' dir='ltr'>c.</span> <span class='ocrx_word' id='word_1_1996' title='bbox 2024 3181 2051 3206; x_wconf 88' lang='lat'>9.</span> <span class='ocrx_word' id='word_1_1997' title='bbox 2113 3175 2197 3201; x_wconf 60' lang='lat' dir='ltr'>Com*</span> 
     </span>
     <span class='ocr_line' id='line_1_233' title="bbox 1146 3208 2198 3243; baseline 0 -6"><span class='ocrx_word' id='word_1_1998' title='bbox 1146 3211 1252 3237; x_wconf 86' lang='lat' dir='ltr'>mittere</span> <span class='ocrx_word' id='word_1_1999' title='bbox 1260 3217 1285 3237; x_wconf 87' lang='lat' dir='ltr'>et</span> <span class='ocrx_word' id='word_1_2000' title='bbox 1293 3211 1399 3238; x_wconf 84' lang='lat' dir='ltr'>credere</span> <span class='ocrx_word' id='word_1_2001' title='bbox 1413 3211 1544 3238; x_wconf 86' lang='lat' dir='ltr'>honorem</span> <span class='ocrx_word' id='word_1_2002' title='bbox 1557 3208 1639 3235; x_wconf 87' lang='lat' dir='ltr'>alicui</span> <span class='ocrx_word' id='word_1_2003' title='bbox 1657 3208 1713 3234; x_wconf 91' lang='lat' dir='ltr'>Cic.</span> <span class='ocrx_word' id='word_1_2004' title='bbox 1728 3208 1805 3234; x_wconf 85' lang='lat' dir='ltr'>Verr.</span> <span class='ocrx_word' id='word_1_2005' title='bbox 1819 3214 1842 3240; x_wconf 79' lang='grc' dir='ltr'>ς,</span> <span class='ocrx_word' id='word_1_2006' title='bbox 1856 3215 1893 3240; x_wconf 77' lang='lat'>35.</span> <span class='ocrx_word' id='word_1_2007' title='bbox 1963 3209 2108 3243; x_wconf 84' lang='lat' dir='ltr'>Imaginem</span> <span class='ocrx_word' id='word_1_2008' title='bbox 2122 3211 2198 3237; x_wconf 85' lang='lat' dir='ltr'>suam</span> 
     </span>
     <span class='ocr_line' id='line_1_234' title="bbox 1147 3243 2195 3282; baseline -0.001 -10"><span class='ocrx_word' id='word_1_2009' title='bbox 1147 3247 1314 3274; x_wconf 86' lang='lat' dir='ltr'>committere</span> <span class='ocrx_word' id='word_1_2010' title='bbox 1329 3246 1487 3282; x_wconf 84' lang='lat' dir='ltr'>pingendam</span> <span class='ocrx_word' id='word_1_2011' title='bbox 1504 3243 1624 3272; x_wconf 84' lang='lat' dir='ltr'>Scribon.</span> <span class='ocrx_word' id='word_1_2012' title='bbox 1635 3244 1682 3278; x_wconf 87' lang='lat' dir='ltr'>Ep.</span> <span class='ocrx_word' id='word_1_2013' title='bbox 1720 3263 1726 3269; x_wconf 92' lang='lat'>.</span> <span class='ocrx_word' id='word_1_2014' title='bbox 1764 3261 1771 3269; x_wconf 87' lang='lat'>.</span> <span class='ocrx_word' id='word_1_2015' title='bbox 1807 3243 1888 3269; x_wconf 69' lang='lat' dir='ltr'>Recte</span> <span class='ocrx_word' id='word_1_2016' title='bbox 1908 3245 2076 3272; x_wconf 87' lang='lat' dir='ltr'>committere</span> <span class='ocrx_word' id='word_1_2017' title='bbox 2090 3244 2195 3281; x_wconf 82' lang='lat' dir='ltr'>aliquid</span> 
     </span>
     <span class='ocr_line' id='line_1_235' title="bbox 1148 3278 2195 3315; baseline -0.002 -7"><span class='ocrx_word' id='word_1_2018' title='bbox 1148 3281 1228 3310; x_wconf 81' lang='lat' dir='ltr'>alicui</span> <span class='ocrx_word' id='word_1_2019' title='bbox 1241 3283 1297 3310; x_wconf 90' lang='lat' dir='ltr'>Cic.</span> <span class='ocrx_word' id='word_1_2020' title='bbox 1313 3284 1384 3310; x_wconf 87' lang='lat' dir='ltr'>Fam.</span> <span class='ocrx_word' id='word_1_2021' title='bbox 1402 3291 1422 3314; x_wconf 94' lang='lat'>1,</span> <span class='ocrx_word' id='word_1_2022' title='bbox 1434 3290 1460 3315; x_wconf 88' lang='lat'>9.</span> <span class='ocrx_word' id='word_1_2023' title='bbox 1485 3283 1503 3307; x_wconf 95' lang='lat' dir='ltr'>i.</span> <span class='ocrx_word' id='word_1_2024' title='bbox 1518 3287 1582 3307; x_wconf 82' lang='lat' dir='ltr'>tum.</span> <span class='ocrx_word' id='word_1_2025' title='bbox 1637 3279 1768 3306; x_wconf 84' lang='lat' dir='ltr'>Alendum</span> <span class='ocrx_word' id='word_1_2026' title='bbox 1791 3278 1908 3314; x_wconf 87' lang='lat' dir='ltr'>aliquem</span> <span class='ocrx_word' id='word_1_2027' title='bbox 1928 3281 2096 3307; x_wconf 82' lang='lat' dir='ltr'>committere</span> <span class='ocrx_word' id='word_1_2028' title='bbox 2113 3280 2195 3308; x_wconf 80' lang='lat' dir='ltr'>alicui</span> 
     </span>
     <span class='ocr_line' id='line_1_236' title="bbox 1148 3314 2194 3352; baseline -0.002 -8"><span class='ocrx_word' id='word_1_2029' title='bbox 1148 3318 1229 3345; x_wconf 87' lang='lat' dir='ltr'>Ouid.</span> <span class='ocrx_word' id='word_1_2030' title='bbox 1243 3320 1307 3345; x_wconf 73' lang='lat' dir='ltr'>Met.</span> <span class='ocrx_word' id='word_1_2031' title='bbox 1331 3327 1372 3351; x_wconf 82' lang='lat'>13,</span> <span class='ocrx_word' id='word_1_2032' title='bbox 1391 3326 1444 3352; x_wconf 81' lang='lat'>431.</span> <span class='ocrx_word' id='word_1_2033' title='bbox 1520 3314 1674 3350; x_wconf 78' lang='lat' dir='ltr'>Regendum</span> <span class='ocrx_word' id='word_1_2034' title='bbox 1693 3314 1811 3349; x_wconf 86' lang='lat' dir='ltr'>aliquem</span> <span class='ocrx_word' id='word_1_2035' title='bbox 1831 3316 2001 3343; x_wconf 83' lang='lat' dir='ltr'>committere</span> <span class='ocrx_word' id='word_1_2036' title='bbox 2021 3317 2100 3343; x_wconf 83' lang='lat' dir='ltr'>alicui</span> <span class='ocrx_word' id='word_1_2037' title='bbox 2118 3316 2194 3343; x_wconf 83' lang='lat' dir='ltr'>Idem</span> 
     </span>
     <span class='ocr_line' id='line_1_237' title="bbox 1147 3350 2191 3388; baseline -0.001 -10"><span class='ocrx_word' id='word_1_2038' title='bbox 1147 3353 1180 3379; x_wconf 90' lang='lat' dir='ltr'>de</span> <span class='ocrx_word' id='word_1_2039' title='bbox 1195 3355 1250 3381; x_wconf 84' lang='lat' dir='ltr'>Art.</span> <span class='ocrx_word' id='word_1_2040' title='bbox 1265 3355 1324 3381; x_wconf 84' lang='lat' dir='ltr'>Am.</span> <span class='ocrx_word' id='word_1_2041' title='bbox 1337 3363 1361 3387; x_wconf 75' lang='lat'>3,</span> <span class='ocrx_word' id='word_1_2042' title='bbox 1376 3361 1430 3388; x_wconf 74' lang='lat'>327.</span> <span class='ocrx_word' id='word_1_2043' title='bbox 1509 3352 1633 3378; x_wconf 83' lang='lat' dir='ltr'>Arbitrio</span> <span class='ocrx_word' id='word_1_2044' title='bbox 1652 3350 1765 3378; x_wconf 72' lang='lat' dir='ltr'>alicuius</span> <span class='ocrx_word' id='word_1_2045' title='bbox 1787 3350 1891 3386; x_wconf 87' lang='lat' dir='ltr'>aliquid</span> <span class='ocrx_word' id='word_1_2046' title='bbox 1910 3353 2077 3379; x_wconf 84' lang='lat' dir='ltr'>committere</span> <span class='ocrx_word' id='word_1_2047' title='bbox 2095 3353 2191 3378; x_wconf 84' lang='lat' dir='ltr'>Horat.</span> 
     </span>
     <span class='ocr_line' id='line_1_238' title="bbox 1147 3386 2194 3423; baseline -0.003 -8"><span class='ocrx_word' id='word_1_2048' title='bbox 1147 3389 1227 3416; x_wconf 79' lang='lat' dir='ltr'>Sei-m.</span> <span class='ocrx_word' id='word_1_2049' title='bbox 1248 3399 1274 3421; x_wconf 86' lang='lat'>2,</span> <span class='ocrx_word' id='word_1_2050' title='bbox 1294 3398 1324 3423; x_wconf 78' lang='lat'>5,</span> <span class='ocrx_word' id='word_1_2051' title='bbox 1344 3397 1411 3422; x_wconf 78' lang='lat'>105.</span> <span class='ocrx_word' id='word_1_2052' title='bbox 1467 3388 1512 3414; x_wconf 89' lang='lat' dir='ltr'>AI.</span> <span class='ocrx_word' id='word_1_2053' title='bbox 1534 3387 1698 3414; x_wconf 80' lang='lat' dir='ltr'>Permitterc.</span> <span class='ocrx_word' id='word_1_2054' title='bbox 1789 3386 1860 3413; x_wconf 85' lang='lat' dir='ltr'>Ter.</span> <span class='ocrx_word' id='word_1_2055' title='bbox 1882 3387 1951 3422; x_wconf 88' lang='lat' dir='ltr'>prol.</span> <span class='ocrx_word' id='word_1_2056' title='bbox 1972 3389 2037 3415; x_wconf 90' lang='lat' dir='ltr'>Hec.</span> <span class='ocrx_word' id='word_1_2057' title='bbox 2066 3395 2098 3420; x_wconf 80' lang='lat'>53</span> <span class='ocrx_word' id='word_1_2058' title='bbox 2135 3387 2194 3412; x_wconf 89' lang='lat' dir='ltr'>Stu-</span> 
     </span>
     <span class='ocr_line' id='line_1_239' title="bbox 1147 3421 2192 3458; baseline -0.003 -8"><span class='ocrx_word' id='word_1_2059' title='bbox 1147 3424 1221 3452; x_wconf 88' lang='lat' dir='ltr'>dium</span> <span class='ocrx_word' id='word_1_2060' title='bbox 1251 3426 1337 3458; x_wconf 85' lang='lat' dir='ltr'>suum,</span> <span class='ocrx_word' id='word_1_2061' title='bbox 1365 3432 1391 3451; x_wconf 87' lang='lat' dir='ltr'>et</span> <span class='ocrx_word' id='word_1_2062' title='bbox 1420 3425 1446 3450; x_wconf 83' lang='lat' dir='ltr'>se</span> <span class='ocrx_word' id='word_1_2063' title='bbox 1477 3423 1507 3449; x_wconf 88' lang='lat' dir='ltr'>in</span> <span class='ocrx_word' id='word_1_2064' title='bbox 1540 3423 1653 3451; x_wconf 81' lang='lat' dir='ltr'>vestram</span> <span class='ocrx_word' id='word_1_2065' title='bbox 1681 3421 1812 3448; x_wconf 88' lang='lat' dir='ltr'>commisit</span> <span class='ocrx_word' id='word_1_2066' title='bbox 1841 3422 1930 3450; x_wconf 86' lang='lat' dir='ltr'>fidem.</span> <span class='ocrx_word' id='word_1_2067' title='bbox 2020 3422 2102 3449; x_wconf 87' lang='lat' dir='ltr'>Plaut.</span> <span class='ocrx_word' id='word_1_2068' title='bbox 2122 3421 2192 3448; x_wconf 83' lang='lat' dir='ltr'>Rud.</span> 
     </span>
     <span class='ocr_line' id='line_1_240' title="bbox 1146 3458 2193 3494; baseline -0.004 -6"><span class='ocrx_word' id='word_1_2069' title='bbox 1146 3468 1159 3492; x_wconf 81' lang='lat'>3</span> <span class='ocrx_word' id='word_1_2070' title='bbox 1167 3480 1176 3493; x_wconf 89' lang='lat'>‚</span> <span class='ocrx_word' id='word_1_2071' title='bbox 1195 3469 1227 3494; x_wconf 83' lang='lat'>2,</span> <span class='ocrx_word' id='word_1_2072' title='bbox 1248 3471 1257 3488; x_wconf 93' lang='lat'>1</span> <span class='ocrx_word' id='word_1_2073' title='bbox 1266 3470 1275 3488; x_wconf 91' lang='grc'>1</span> <span class='ocrx_word' id='word_1_2074' title='bbox 1309 3462 1388 3488; x_wconf 88' lang='lat' dir='ltr'>More</span> <span class='ocrx_word' id='word_1_2075' title='bbox 1423 3459 1534 3494; x_wconf 88' lang='lat' dir='ltr'>antiquo</span> <span class='ocrx_word' id='word_1_2076' title='bbox 1567 3459 1596 3485; x_wconf 90' lang='lat' dir='ltr'>in</span> <span class='ocrx_word' id='word_1_2077' title='bbox 1629 3458 1740 3484; x_wconf 85' lang='lat' dir='ltr'>tutelam</span> <span class='ocrx_word' id='word_1_2078' title='bbox 1773 3459 1850 3486; x_wconf 78' lang='lat' dir='ltr'>stium</span> <span class='ocrx_word' id='word_1_2079' title='bbox 1883 3458 2071 3486; x_wconf 82' lang='lat' dir='ltr'>commiserunt</span> <span class='ocrx_word' id='word_1_2080' title='bbox 2104 3463 2193 3492; x_wconf 74' lang='lat' dir='ltr'>caput.</span> 
     </span>
     <span class='ocr_line' id='line_1_241' title="bbox 1145 3493 2192 3530; baseline -0.002 -10"><span class='ocrx_word' id='word_1_2081' title='bbox 1145 3496 1213 3523; x_wconf 81' lang='lat' dir='ltr'>Ter.</span> <span class='ocrx_word' id='word_1_2082' title='bbox 1227 3498 1293 3524; x_wconf 77' lang='lat' dir='ltr'>Eun.</span> <span class='ocrx_word' id='word_1_2083' title='bbox 1307 3504 1331 3529; x_wconf 76' lang='grc' dir='ltr'>ς,</span> <span class='ocrx_word' id='word_1_2084' title='bbox 1343 3505 1369 3529; x_wconf 88' lang='lat'>2,</span> <span class='ocrx_word' id='word_1_2085' title='bbox 1383 3502 1420 3530; x_wconf 86' lang='lat'>47</span> <span class='ocrx_word' id='word_1_2086' title='bbox 1443 3495 1498 3529; x_wconf 87' lang='lat' dir='ltr'>Ego</span> <span class='ocrx_word' id='word_1_2087' title='bbox 1506 3503 1548 3520; x_wconf 88' lang='lat' dir='ltr'>me</span> <span class='ocrx_word' id='word_1_2088' title='bbox 1557 3500 1617 3520; x_wconf 87' lang='lat' dir='ltr'>tuae</span> <span class='ocrx_word' id='word_1_2089' title='bbox 1630 3493 1788 3521; x_wconf 88' lang='lat' dir='ltr'>commendo</span> <span class='ocrx_word' id='word_1_2090' title='bbox 1801 3500 1827 3521; x_wconf 85' lang='lat' dir='ltr'>et</span> <span class='ocrx_word' id='word_1_2091' title='bbox 1849 3495 1988 3521; x_wconf 89' lang='lat' dir='ltr'>committo</span> <span class='ocrx_word' id='word_1_2092' title='bbox 2009 3493 2079 3519; x_wconf 81' lang='lat' dir='ltr'>fidei.</span> <span class='ocrx_word' id='word_1_2093' title='bbox 2149 3493 2192 3519; x_wconf 71' lang='lat' dir='ltr'>1n=</span> 
     </span>
    </p>
   </div>
   <div class='ocr_carea' id='block_1_65' title="bbox 517 3525 2191 3566">
    <p class='ocr_par' dir='ltr' id='par_1_83' title="bbox 517 3525 2191 3566">
     <span class='ocr_line' id='line_1_242' title="bbox 517 3525 2191 3566; baseline -0.004 -6"><span class='ocrx_word' id='word_1_2094' title='bbox 517 3525 620 3553; x_wconf 50' lang='lat' dir='ltr'>Lucra·</span> <span class='ocrx_word' id='word_1_2095' title='bbox 632 3530 663 3561; x_wconf 86' lang='lat'>6,</span> <span class='ocrx_word' id='word_1_2096' title='bbox 679 3536 721 3560; x_wconf 80' lang='lat'>321</span> <span class='ocrx_word' id='word_1_2097' title='bbox 745 3529 780 3555; x_wconf 83' lang='lat' dir='ltr'>At</span> <span class='ocrx_word' id='word_1_2098' title='bbox 793 3529 922 3563; x_wconf 58' lang='lat' dir='ltr'>tepefacta</span> <span class='ocrx_word' id='word_1_2099' title='bbox 935 3536 1023 3557; x_wconf 85' lang='lat' dir='ltr'>tamen</span> <span class='ocrx_word' id='word_1_2100' title='bbox 1037 3540 1080 3557; x_wconf 84' lang='lat' dir='ltr'>ve-</span> <span class='ocrx_word' id='word_1_2101' title='bbox 1096 3536 1129 3561; x_wconf 81' lang='lat'>95</span> <span class='ocrx_word' id='word_1_2102' title='bbox 1147 3532 1231 3566; x_wconf 76' lang='lat' dir='ltr'>geniis</span> <span class='ocrx_word' id='word_1_2103' title='bbox 1255 3531 1476 3565; x_wconf 61' lang='lat' dir='ltr'>coniecturaeque</span> <span class='ocrx_word' id='word_1_2104' title='bbox 1493 3530 1646 3564; x_wconf 87' lang='lat' dir='ltr'>aliquorum</span> <span class='ocrx_word' id='word_1_2105' title='bbox 1664 3529 1769 3565; x_wconf 86' lang='lat' dir='ltr'>aliquid</span> <span class='ocrx_word' id='word_1_2106' title='bbox 1788 3531 1956 3557; x_wconf 85' lang='lat' dir='ltr'>committere</span> <span class='ocrx_word' id='word_1_2107' title='bbox 1982 3530 2038 3555; x_wconf 87' lang='lat' dir='ltr'>Cic.</span> <span class='ocrx_word' id='word_1_2108' title='bbox 2050 3536 2101 3562; x_wconf 81' lang='lat' dir='ltr'>pro</span> <span class='ocrx_word' id='word_1_2109' title='bbox 2113 3526 2191 3555; x_wconf 85' lang='lat' dir='ltr'>Rosc.</span> 
     </span>
    </p>
   </div>
   <div class='ocr_carea' id='block_1_66' title="bbox 1144 3564 2193 3708">
    <p class='ocr_par' dir='ltr' id='par_1_84' title="bbox 1144 3564 2193 3708">
     <span class='ocr_line' id='line_1_243' title="bbox 1145 3564 2192 3603; baseline -0.004 -9"><span class='ocrx_word' id='word_1_2110' title='bbox 1145 3568 1234 3596; x_wconf 76' lang='lat' dir='ltr'>Amer.</span> <span class='ocrx_word' id='word_1_2111' title='bbox 1247 3576 1299 3601; x_wconf 78' lang='lat'>123.</span> <span class='ocrx_word' id='word_1_2112' title='bbox 1368 3566 1470 3601; x_wconf 86' lang='lat' dir='ltr'>Populo</span> <span class='ocrx_word' id='word_1_2113' title='bbox 1484 3566 1509 3592; x_wconf 88' lang='lat' dir='ltr'>se</span> <span class='ocrx_word' id='word_1_2114' title='bbox 1522 3565 1690 3593; x_wconf 86' lang='lat' dir='ltr'>committere</span> <span class='ocrx_word' id='word_1_2115' title='bbox 1710 3566 1768 3592; x_wconf 82' lang='lat' dir='ltr'>Cic.</span> <span class='ocrx_word' id='word_1_2116' title='bbox 1781 3575 1831 3602; x_wconf 86' lang='lat' dir='ltr'>pro</span> <span class='ocrx_word' id='word_1_2117' title='bbox 1844 3567 1932 3593; x_wconf 91' lang='lat' dir='ltr'>Domo</span> <span class='ocrx_word' id='word_1_2118' title='bbox 1951 3573 1996 3599; x_wconf 87' lang='lat'>49.</span> <span class='ocrx_word' id='word_1_2119' title='bbox 2066 3564 2192 3603; x_wconf 70' lang='lat' dir='ltr'>Potestati</span> 
     </span>
     <span class='ocr_line' id='line_1_244' title="bbox 1144 3598 2193 3637; baseline -0.004 -8"><span class='ocrx_word' id='word_1_2120' title='bbox 1144 3603 1256 3631; x_wconf 87' lang='lat' dir='ltr'>alicuius</span> <span class='ocrx_word' id='word_1_2121' title='bbox 1275 3602 1477 3637; x_wconf 85' lang='lat' dir='ltr'>Rempublicam</span> <span class='ocrx_word' id='word_1_2122' title='bbox 1495 3606 1522 3627; x_wconf 88' lang='lat' dir='ltr'>et</span> <span class='ocrx_word' id='word_1_2123' title='bbox 1536 3610 1609 3628; x_wconf 88' lang='lat' dir='ltr'>arma</span> <span class='ocrx_word' id='word_1_2124' title='bbox 1626 3601 1720 3636; x_wconf 88' lang='lat' dir='ltr'>populi</span> <span class='ocrx_word' id='word_1_2125' title='bbox 1732 3603 1900 3628; x_wconf 87' lang='lat' dir='ltr'>committere</span> <span class='ocrx_word' id='word_1_2126' title='bbox 1922 3601 1976 3626; x_wconf 86' lang='lat' dir='ltr'>Cic.</span> <span class='ocrx_word' id='word_1_2127' title='bbox 1988 3606 2038 3634; x_wconf 86' lang='lat' dir='ltr'>pro</span> <span class='ocrx_word' id='word_1_2128' title='bbox 2051 3598 2148 3626; x_wconf 77' lang='lat' dir='ltr'>Milon.</span> <span class='ocrx_word' id='word_1_2129' title='bbox 2161 3601 2193 3626; x_wconf 83' lang='lat'>61</span> 
     </span>
     <span class='ocr_line' id='line_1_245' title="bbox 1145 3635 2192 3674; baseline -0.003 -9"><span class='ocrx_word' id='word_1_2130' title='bbox 1145 3648 1168 3666; x_wconf 87' lang='lat' dir='ltr'>c.</span> <span class='ocrx_word' id='word_1_2131' title='bbox 1181 3648 1217 3672; x_wconf 79' lang='lat'>23.</span> <span class='ocrx_word' id='word_1_2132' title='bbox 1290 3638 1328 3666; x_wconf 83' lang='lat' dir='ltr'>Id.</span> <span class='ocrx_word' id='word_1_2133' title='bbox 1344 3646 1393 3673; x_wconf 84' lang='lat' dir='ltr'>pro</span> <span class='ocrx_word' id='word_1_2134' title='bbox 1407 3636 1503 3663; x_wconf 89' lang='lat' dir='ltr'>Milon.</span> <span class='ocrx_word' id='word_1_2135' title='bbox 1517 3638 1548 3667; x_wconf 82' lang='lat'>68</span> <span class='ocrx_word' id='word_1_2136' title='bbox 1562 3646 1584 3664; x_wconf 88' lang='lat' dir='ltr'>c.</span> <span class='ocrx_word' id='word_1_2137' title='bbox 1599 3645 1627 3670; x_wconf 77' lang='lat'>25</span> <span class='ocrx_word' id='word_1_2138' title='bbox 1647 3637 1746 3664; x_wconf 80' lang='lat' dir='ltr'>Omnes</span> <span class='ocrx_word' id='word_1_2139' title='bbox 1760 3637 1812 3664; x_wconf 91' lang='lat' dir='ltr'>tibi</span> <span class='ocrx_word' id='word_1_2140' title='bbox 1827 3637 1892 3671; x_wconf 80' lang='lat' dir='ltr'>reip.</span> <span class='ocrx_word' id='word_1_2141' title='bbox 1906 3641 1990 3670; x_wconf 82' lang='lat' dir='ltr'>partes</span> <span class='ocrx_word' id='word_1_2142' title='bbox 2002 3643 2093 3674; x_wconf 78' lang='lat' dir='ltr'>aegras</span> <span class='ocrx_word' id='word_1_2143' title='bbox 2109 3640 2135 3661; x_wconf 82' lang='lat' dir='ltr'>et</span> <span class='ocrx_word' id='word_1_2144' title='bbox 2154 3635 2192 3662; x_wconf 81' lang='lat' dir='ltr'>la-</span> 
     </span>
     <span class='ocr_line' id='line_1_246' title="bbox 1146 3670 2192 3708; baseline -0.005 -7"><span class='ocrx_word' id='word_1_2145' title='bbox 1146 3674 1236 3703; x_wconf 86' lang='lat' dir='ltr'>bantes</span> <span class='ocrx_word' id='word_1_2146' title='bbox 1247 3696 1255 3708; x_wconf 90' lang='lat'>,</span> <span class='ocrx_word' id='word_1_2147' title='bbox 1272 3682 1302 3701; x_wconf 86' lang='lat' dir='ltr'>vt</span> <span class='ocrx_word' id='word_1_2148' title='bbox 1316 3683 1358 3700; x_wconf 85' lang='lat' dir='ltr'>eas</span> <span class='ocrx_word' id='word_1_2149' title='bbox 1372 3673 1413 3699; x_wconf 86' lang='lat' dir='ltr'>his</span> <span class='ocrx_word' id='word_1_2150' title='bbox 1426 3672 1507 3700; x_wconf 87' lang='lat' dir='ltr'>armis</span> <span class='ocrx_word' id='word_1_2151' title='bbox 1520 3673 1621 3700; x_wconf 85' lang='lat' dir='ltr'>sanares</span> <span class='ocrx_word' id='word_1_2152' title='bbox 1633 3679 1661 3699; x_wconf 89' lang='lat' dir='ltr'>et</span> <span class='ocrx_word' id='word_1_2153' title='bbox 1678 3673 1847 3700; x_wconf 83' lang='lat' dir='ltr'>confirmares</span> <span class='ocrx_word' id='word_1_2154' title='bbox 1867 3673 1914 3698; x_wconf 82' lang='lat' dir='ltr'>effe</span> <span class='ocrx_word' id='word_1_2155' title='bbox 1934 3670 2086 3696; x_wconf 70' lang='lat' dir='ltr'>commissas.</span> <span class='ocrx_word' id='word_1_2156' title='bbox 2158 3671 2192 3697; x_wconf 78' lang='lat' dir='ltr'>Ee</span> 
     </span>
    </p>
   </div>
   <div class='ocr_carea' id='block_1_67' title="bbox 826 3703 2192 3749">
    <p class='ocr_par' dir='ltr' id='par_1_85' title="bbox 826 3703 2192 3749">
     <span class='ocr_line' id='line_1_247' title="bbox 826 3703 2192 3749; baseline 0 -18"><span class='ocrx_word' id='word_1_2157' title='bbox 826 3705 870 3731; x_wconf 83' lang='lat' dir='ltr'>vbi</span> <span class='ocrx_word' id='word_1_2158' title='bbox 882 3710 990 3743; x_wconf 79' lang='lat' dir='ltr'>imputo</span> <span class='ocrx_word' id='word_1_2159' title='bbox 1002 3710 1138 3749; x_wconf 65' lang='lat' dir='ltr'>legen-100</span> <span class='ocrx_word' id='word_1_2160' title='bbox 1146 3717 1181 3744; x_wconf 89' lang='lat'>70</span> <span class='ocrx_word' id='word_1_2161' title='bbox 1192 3720 1213 3738; x_wconf 94' lang='lat' dir='ltr'>c.</span> <span class='ocrx_word' id='word_1_2162' title='bbox 1229 3714 1264 3738; x_wconf 91' lang='lat'>26</span> <span class='ocrx_word' id='word_1_2163' title='bbox 1285 3711 1353 3737; x_wconf 88' lang='lat' dir='ltr'>Cum</span> <span class='ocrx_word' id='word_1_2164' title='bbox 1365 3709 1472 3735; x_wconf 78' lang='lat' dir='ltr'>Senatus</span> <span class='ocrx_word' id='word_1_2165' title='bbox 1486 3708 1512 3734; x_wconf 84' lang='lat' dir='ltr'>ei</span> <span class='ocrx_word' id='word_1_2166' title='bbox 1526 3709 1704 3741; x_wconf 86' lang='lat' dir='ltr'>commiserit,</span> <span class='ocrx_word' id='word_1_2167' title='bbox 1724 3715 1756 3739; x_wconf 64' lang='lat' dir='ltr'>vtv</span> <span class='ocrx_word' id='word_1_2168' title='bbox 1766 3709 1885 3740; x_wconf 83' lang='lat' dir='ltr'>videret,</span> <span class='ocrx_word' id='word_1_2169' title='bbox 1905 3714 1938 3732; x_wconf 87' lang='lat' dir='ltr'>ne</span> <span class='ocrx_word' id='word_1_2170' title='bbox 1951 3705 2017 3740; x_wconf 87' lang='lat' dir='ltr'>quid</span> <span class='ocrx_word' id='word_1_2171' title='bbox 2030 3706 2097 3740; x_wconf 82' lang='lat' dir='ltr'>resp.</span> <span class='ocrx_word' id='word_1_2172' title='bbox 2110 3703 2192 3732; x_wconf 85' lang='lat' dir='ltr'>detri-</span> 
     </span>
    </p>
   </div>
   <div class='ocr_carea' id='block_1_68' title="bbox 1422 3740 2191 3780">
    <p class='ocr_par' dir='ltr' id='par_1_86' title="bbox 1422 3740 2191 3780">
     <span class='ocr_line' id='line_1_248' title="bbox 1422 3740 2191 3780; baseline -0.004 -10"><span class='ocrx_word' id='word_1_2173' title='bbox 1422 3742 1537 3770; x_wconf 86' lang='lat' dir='ltr'>Publicis</span> <span class='ocrx_word' id='word_1_2174' title='bbox 1556 3744 1693 3780; x_wconf 77' lang='lat' dir='ltr'>praesidiis</span> <span class='ocrx_word' id='word_1_2175' title='bbox 1714 3751 1741 3771; x_wconf 89' lang='lat' dir='ltr'>et</span> <span class='ocrx_word' id='word_1_2176' title='bbox 1756 3744 1836 3770; x_wconf 80' lang='lat' dir='ltr'>armis</span> <span class='ocrx_word' id='word_1_2177' title='bbox 1848 3743 1873 3768; x_wconf 85' lang='lat' dir='ltr'>se</span> <span class='ocrx_word' id='word_1_2178' title='bbox 1886 3740 2051 3768; x_wconf 83' lang='lat' dir='ltr'>committere</span> <span class='ocrx_word' id='word_1_2179' title='bbox 2070 3741 2128 3768; x_wconf 89' lang='lat' dir='ltr'>Cic.</span> <span class='ocrx_word' id='word_1_2180' title='bbox 2140 3749 2191 3776; x_wconf 87' lang='lat' dir='ltr'>pro</span> 
     </span>
    </p>
   </div>
   <div class='ocr_carea' id='block_1_69' title="bbox 1324 3776 2190 3846">
    <p class='ocr_par' dir='ltr' id='par_1_87' title="bbox 1324 3776 2190 3846">
     <span class='ocr_line' id='line_1_249' title="bbox 1324 3776 2190 3811; baseline -0.005 -5"><span class='ocrx_word' id='word_1_2181' title='bbox 1324 3800 1330 3806; x_wconf 96' lang='lat'>.</span> <span class='ocrx_word' id='word_1_2182' title='bbox 1368 3780 1479 3806; x_wconf 87' lang='lat' dir='ltr'>Causam</span> <span class='ocrx_word' id='word_1_2183' title='bbox 1502 3779 1585 3807; x_wconf 85' lang='lat' dir='ltr'>alicui</span> <span class='ocrx_word' id='word_1_2184' title='bbox 1615 3781 1671 3807; x_wconf 90' lang='lat' dir='ltr'>Cic.</span> <span class='ocrx_word' id='word_1_2185' title='bbox 1692 3779 1725 3806; x_wconf 89' lang='lat' dir='ltr'>de</span> <span class='ocrx_word' id='word_1_2186' title='bbox 1745 3780 1819 3806; x_wconf 84' lang='lat' dir='ltr'>Orat.</span> <span class='ocrx_word' id='word_1_2187' title='bbox 1841 3786 1862 3809; x_wconf 92' lang='lat'>1,</span> <span class='ocrx_word' id='word_1_2188' title='bbox 1884 3784 1941 3811; x_wconf 86' lang='lat'>174.</span> <span class='ocrx_word' id='word_1_2189' title='bbox 2014 3776 2132 3803; x_wconf 84' lang='lat' dir='ltr'>Consilia</span> <span class='ocrx_word' id='word_1_2190' title='bbox 2145 3777 2190 3802; x_wconf 81' lang='lat' dir='ltr'>sua</span> 
     </span>
     <span class='ocr_line' id='line_1_250' title="bbox 1563 3811 2188 3846; baseline -0.013 -2"><span class='ocrx_word' id='word_1_2191' title='bbox 1563 3817 1647 3844; x_wconf 85' lang='lat' dir='ltr'>Curas</span> <span class='ocrx_word' id='word_1_2192' title='bbox 1667 3817 1722 3843; x_wconf 85' lang='lat' dir='ltr'>suas</span> <span class='ocrx_word' id='word_1_2193' title='bbox 1744 3813 1853 3840; x_wconf 70' lang='lat' dir='ltr'>auribus</span> <span class='ocrx_word' id='word_1_2194' title='bbox 1871 3811 1982 3839; x_wconf 81' lang='lat' dir='ltr'>alterius</span> <span class='ocrx_word' id='word_1_2195' title='bbox 2003 3812 2062 3838; x_wconf 87' lang='lat' dir='ltr'>Sen.</span> <span class='ocrx_word' id='word_1_2196' title='bbox 2077 3812 2188 3846; x_wconf 78' lang='lat' dir='ltr'>Hippol-</span> 
     </span>
    </p>
   </div>
   <div class='ocr_carea' id='block_1_70' title="bbox 1144 3747 1351 3781">
    <p class='ocr_par' dir='ltr' id='par_1_88' title="bbox 1144 3747 1351 3781">
     <span class='ocr_line' id='line_1_251' title="bbox 1144 3747 1351 3781; baseline -0.014 -8"><span class='ocrx_word' id='word_1_2197' title='bbox 1144 3747 1229 3774; x_wconf 85' lang='lat' dir='ltr'>menti</span> <span class='ocrx_word' id='word_1_2198' title='bbox 1239 3750 1351 3781; x_wconf 84' lang='lat' dir='ltr'>caperet.</span> 
     </span>
    </p>
   </div>
   <div class='ocr_carea' id='block_1_71' title="bbox 1142 3782 2188 3919">
    <p class='ocr_par' dir='ltr' id='par_1_89' title="bbox 1142 3782 2188 3919">
     <span class='ocr_line' id='line_1_252' title="bbox 1144 3782 1286 3809; baseline -0.007 -1"><span class='ocrx_word' id='word_1_2199' title='bbox 1144 3782 1240 3809; x_wconf 86' lang='lat' dir='ltr'>Milon.</span> <span class='ocrx_word' id='word_1_2200' title='bbox 1280 3800 1286 3807; x_wconf 94' lang='lat'>.</span> 
     </span>
     <span class='ocr_line' id='line_1_253' title="bbox 1143 3816 1894 3851; baseline -0.009 -7"><span class='ocrx_word' id='word_1_2201' title='bbox 1143 3817 1225 3844; x_wconf 75' lang='lat' dir='ltr'>alicui</span> <span class='ocrx_word' id='word_1_2202' title='bbox 1248 3817 1304 3844; x_wconf 80' lang='lat' dir='ltr'>Cic.</span> <span class='ocrx_word' id='word_1_2203' title='bbox 1323 3816 1400 3842; x_wconf 82' lang='lat' dir='ltr'>Verr.</span> <span class='ocrx_word' id='word_1_2204' title='bbox 1423 3822 1447 3848; x_wconf 80' lang='lat'>3,</span> <span class='ocrx_word' id='word_1_2205' title='bbox 1467 3817 1492 3841; x_wconf 90' lang='lat'>6.</span> <span class='ocrx_word' id='word_1_2206' title='bbox 1889 3847 1894 3851; x_wconf 36' lang='grc' dir='ltr'>ι</span> 
     </span>
     <span class='ocr_line' id='line_1_254' title="bbox 1142 3847 2188 3886; baseline -0.007 -7"><span class='ocrx_word' id='word_1_2207' title='bbox 1142 3856 1201 3884; x_wconf 74' lang='lat'>608.</span> <span class='ocrx_word' id='word_1_2208' title='bbox 1272 3850 1407 3878; x_wconf 67' lang='lat' dir='ltr'>Delictum</span> <span class='ocrx_word' id='word_1_2209' title='bbox 1428 3850 1570 3878; x_wconf 85' lang='lat' dir='ltr'>hominum</span> <span class='ocrx_word' id='word_1_2210' title='bbox 1590 3852 1714 3879; x_wconf 83' lang='lat' dir='ltr'>fortunae</span> <span class='ocrx_word' id='word_1_2211' title='bbox 1732 3849 1835 3876; x_wconf 86' lang='lat' dir='ltr'>iudicio</span> <span class='ocrx_word' id='word_1_2212' title='bbox 1863 3848 1919 3874; x_wconf 85' lang='lat' dir='ltr'>Cic.</span> <span class='ocrx_word' id='word_1_2213' title='bbox 1940 3855 1990 3882; x_wconf 86' lang='lat' dir='ltr'>pro</span> <span class='ocrx_word' id='word_1_2214' title='bbox 2011 3847 2117 3886; x_wconf 66' lang='lat' dir='ltr'>Cluent3</span> <span class='ocrx_word' id='word_1_2215' title='bbox 2133 3853 2188 3877; x_wconf 87' lang='lat'>¹29·</span> 
     </span>
     <span class='ocr_line' id='line_1_255' title="bbox 1693 3882 2188 3919; baseline -0.018 -5"><span class='ocrx_word' id='word_1_2216' title='bbox 1693 3883 1921 3915; x_wconf 70' lang='lat' dir='ltr'>Existimationem</span> <span class='ocrx_word' id='word_1_2217' title='bbox 1933 3891 1962 3911; x_wconf 86' lang='lat' dir='ltr'>ac</span> <span class='ocrx_word' id='word_1_2218' title='bbox 1980 3883 2051 3919; x_wconf 81' lang='lat' dir='ltr'>spem</span> <span class='ocrx_word' id='word_1_2219' title='bbox 2068 3882 2188 3914; x_wconf 78' lang='lat' dir='ltr'>reliquae</span> 
     </span>
    </p>
   </div>
   <div class='ocr_carea' id='block_1_72' title="bbox 1432 3915 2186 3952">
    <p class='ocr_par' dir='ltr' id='par_1_90' title="bbox 1432 3915 2186 3952">
     <span class='ocr_line' id='line_1_256' title="bbox 1432 3915 2186 3952; baseline 0 -10"><span class='ocrx_word' id='word_1_2220' title='bbox 1432 3923 1450 3952; x_wconf 67' lang='lat'><em>6</em></span> <span class='ocrx_word' id='word_1_2221' title='bbox 1468 3923 1492 3952; x_wconf 75' lang='lat' dir='ltr'>R</span> <span class='ocrx_word' id='word_1_2222' title='bbox 1527 3931 1544 3952; x_wconf 67' lang='lat'><em>2</em></span> <span class='ocrx_word' id='word_1_2223' title='bbox 2113 3915 2186 3942; x_wconf 54' lang='lat' dir='ltr'>ritae</span> 
     </span>
    </p>
   </div>
  </div>
 </body>
</html>
