2474 4182
295 95 364 133 559
722 74 761 113 Α
828 70 865 109 V
928 69 959 108 R
1791 65 1831 104 A
1885 63 1923 103 V
1983 65 2016 104 R
2352 75 2434 120 550,

298 173 384 197 Varro
398 168 429 195 de
444 168 474 194 L.
487 167 518 193 1..
536 168 562 198 6,
575 173 587 197 ς
601 174 624 200 p.
638 172 676 195 32,
692 171 720 193 3³
739 162 842 187 Aurora
857 157 955 185 dicitur
967 163 1026 184 ante
1039 157 1105 184 Solis
1120 164 1225 188 ortum,
1245 155 1277 182 ab
1296 162 1338 186 eo,
1394 162 1420 184 2.
1435 161 1470 185 33,
1488 153 1521 180 od
1534 162 1647 191 magnum
1657 153 1756 190 pondus
1768 151 1937 179 indicandum.
2010 154 2100 187 Rude,
2119 155 2171 183 vid.
2185 154 2208 183 h.
2218 165 2244 182 υ.
2313 144 2422 192 Rutilum

299 206 373 242 quod
386 205 420 232 ab
437 204 497 239 igne
510 202 577 228 Solis
590 207 647 227 tum
659 206 739 224 aui-co
753 199 798 222 a'e'r
809 194 929 221 aureseit.
1002 195 1023 221 1.
1037 193 1103 229 Cacs-
1119 194 1229 229 Scaliger
1253 193 1338 217 Exerc-
1394 189 1532 228 Claudian.
1546 189 1577 215 de
1590 191 1666 225 Rapt.
1680 191 1797 226 Proserp.
1814 198 1834 221 ι,
1847 194 1896 221 183.
1952 188 2044 216 quen.
2057 190 2106 217 Sat.
2117 199 2145 226 7,
2159 197 2190 224 89
2208 191 2328 219 Semestri
2339 201 2422 228 vatum

299 250 341 278 78.
367 245 425 272 item
441 249 494 273 325,
512 247 538 264 12
567 238 683 264 Aurora,
703 235 803 268 inquit,
822 228 855 264 est
869 237 922 256 tota
936 231 1028 257 Graeca
1042 239 1099 256 vox.
1136 231 1209 255 Cuius
1219 225 1341 263 posti-rma
1395 225 1507 258 digitos,
1525 225 1687 259 circumligat
1707 234 1789 257 auro,
1809 232 1838 251 vt
1875 223 1958 251 uidam
1976 226 2078 257 volum,
2097 229 2190 254 Anulis
2206 225 2305 260 aestiuis
2320 236 2342 254 et
2351 230 2431 260 hiber--

297 286 361 315 Pam
376 275 461 312 [ὥρα]
475 276 575 301 Gmoeis
588 271 667 296 adhuc
680 271 707 293 in
721 268 766 303 vsu
780 265 822 300 est.
858 268 933 292 Prior
945 272 1025 292 autem
1039 265 1221 295 nobistantum,
1231 264 1340 289 Aurum.
1396 270 1445 285 7115.
1483 261 1523 287 Sic
1538 264 1601 286 enim
1623 261 1666 295 esse
1680 260 1815 295 Semtstrcs.
1851 234 1898 288 geli
1915 261 2002 286 melius
2018 262 2169 297 intelligitur
2192 262 2345 291 Tribunatu,-
2355 254 2435 302 snm-⁴,

300 313 368 343 ΑΜ,
386 314 471 338 varro
484 310 515 335 de
529 308 595 334 L.L.
611 314 632 330 c.
646 313 682 335 91.
738 303 793 329 Cic.
802 302 833 328 de
843 301 904 328 Diu.
921 312 939 334 ι,
954 310 987 328 20
1008 303 1097 337 Quini
1111 301 1226 335 primum
1241 297 1341 333 gelidos
1362 308 1375 334 ς
1389 294 1472 329 stris,
1497 298 1540 331 qui
1565 296 1655 323 tribuit
1680 299 1720 323 ius
1737 298 1807 323 anuli
1825 299 1903 323 aurci.
1993 295 2144 331 Signatum,
2168 298 2222 324 vid.
2239 298 2264 324 h.
2283 307 2308 324 υ.
2327 306 2349 326 ct
2363 307 2388 337 p,
2401 313 2415 330 a

300 358 375 378 rores
389 355 483 374 aurora
499 343 621 370 remittet.
660 341 708 366 Pro
719 340 798 375 plaga
810 340 935 365 orientali.
957 337 1038 364 Ouid.
1055 338 1117 363 Met.
1132 346 1150 368 1,
1165 339 1193 362 61
1213 336 1295 361 Eurus
1310 332 1342 358 ad
1397 331 1515 358 Fabium.
1605 332 1724 359 Soliduni
1750 332 1831 360 Ouid.
1852 332 1943 359 Amor.
1964 340 1992 364 3,
2017 337 2047 363 3,
2070 339 2106 365 53.
2196 333 2332 360 Solicitum
2376 323 2431 366 vids
2449 356 2451 362 ,

302 386 449 414 Auroram,
470 377 675 409 Nabathaeaque
689 383 769 409 regna
782 373 887 401 recellit.
948 375 996 400 Pro
1010 379 1130 407 tempore,
1152 373 1240 405 Vsque
1253 370 1285 396 ab
1299 378 1342 394 au·
1397 376 1422 407 n.
1450 375 1462 400 ς
1489 365 1597 392 Bibunt.
1675 367 1846 395 Subaeratuni
1870 368 1938 394 Pers.
1960 368 2010 393 Sat.
2027 376 2054 400 ς,
2076 369 2130 393 106.
2207 354 2348 397 Terribile'
2367 359 2424 408 sigui

301 429 363 449 rora
377 419 408 446 ad
423 418 471 444 hoc
482 434 489 446 ‚
511 412 582 447 quod
597 411 652 437 diei
666 410 702 437 est
724 411 806 437 Plaut.
820 411 897 436 Poen.
914 418 933 442 ι,
948 418 972 440 2,
987 414 1009 439 8.
1084 408 1166 433 Lutea
1189 408 1263 440 Virg.
1277 406 1340 431 Aen.
1398 413 1434 430 ris
1454 411 1564 434 aurum,
1589 405 1607 428 i.
1627 402 1749 429 Cauarum
1763 403 1862 440 figuris
1877 403 2008 430 horrendis
2026 404 2088 429 Stat.
2096 401 2187 429 Theb.
2201 404 2227 435 6,
2240 406 2292 436 536.
2359 394 2437 437 Tus.
2471 391 2474 433 1

303 465 330 491 7,
344 458 385 481 26.
456 448 553 476 Pallida
574 447 646 481 Virg.
662 447 758 481 Georg.
777 456 795 479 i,
809 447 873 480 446.
897 444 986 481 praesti
1006 447 1027 470 it
1040 443 1196 479 grandinem.
1270 441 1345 479 Virg.
1400 439 1447 466 tile
1471 446 1564 464 aurum
1587 437 1639 464 fine
1663 437 1717 464 alia'
1735 439 1846 466 materie
1876 439 1941 466 Plin.
1962 447 2006 471 33,
2029 447 2051 470 3.
2131 438 2315 472 Tolosanum,
2334 442 2433 471 Prmms
2450 446 2460 467 ,¹

305 493 368 519 Aen,
384 498 411 521 4,
425 494 480 521 447
520 485 550 510 iit
569 484 623 509 iam
643 482 728 517 prima
747 490 820 508 nouo
837 480 972 516 spargebat
988 454 1093 506 iumine
1108 484 1189 504 terras
1224 476 1344 503 Tithoni
1359 480 1386 498 10
1400 475 1464 500 bium
1478 477 1504 499 in
1519 476 1735 509 eum,quimag721-;
1747 484 1776 501 ac
1783 475 1911 511 fatalibus
1923 473 2034 509 affiasmr
2048 474 2136 505 malis,
2154 483 2264 510 nouoque
2276 484 2304 501 ac
2322 477 2435 513 φηψηημςἸ
2456 487 2459 495 .

303 533 424 553 croceum
446 522 567 555 linquens
586 527 683 545 aurora
701 518 797 544 cubile.
840 518 888 544 Vbi
901 516 1006 543 Seruius
1016 534 1023 547 ‚
1045 514 1131 541 Prima
1144 521 1255 545 aurora,
1277 511 1345 538 Desi-
1400 510 1430 536 do
1445 512 1521 536 exitio
1530 512 1609 544 perit.
1681 509 1748 536 Gell.
1764 518 1786 542 3,
1798 519 1816 543 9
1833 520 1887 537 cum
1901 511 1929 537 de
1945 520 2015 545 equo
2029 510 2123 536 Seiano
2136 508 2249 542 disistit,
2272 510 2380 546 Eadem,
2390 517 2424 543 m.
2437 524 2439 527 ·
2454 513 2460 540 ἦ

302 560 392 595 gnatio
408 556 534 592 temporis
548 554 599 587 est,
617 563 671 581 non
687 554 749 580 Diei
761 553 910 588 descriptio.
946 551 1021 577 Vnde
1039 549 1136 581 infert,
1172 563 1217 568 —-
1253 554 1281 574 vt
1296 547 1347 582 pri—
1401 549 1471 582 quit,
1490 545 1525 571 est
1551 544 1678 571 sententia
1702 545 1774 571 illius
1790 555 1896 581 quoque
1911 547 2009 573 veteris
2029 544 2184 581 prouerbii,
2204 545 2276 580 quod
2291 546 2327 572 ita
2336 540 2474 580 ὂίἃὶωιιὶὶῐζ·

302 605 376 622 ηιιιιιι
391 594 519 621 albescere
535 592 620 617 lucem
655 590 738 617 Vidit.
810 590 942 624 Purpurea
962 586 1042 613 Ouid.
1052 587 1116 612 Met.
1131 594 1154 618 3,
1169 590 1221 618 184.
1294 585 1346 609 Ro·
1401 582 1563 620 accepimus,
1581 590 1667 606 aurum
1687 580 1841 617 Tolosanum.
1912 583 1983 609 Nam
2004 591 2064 608 cum
2083 580 2212 616 oppidum
2226 575 2463 614 Tolosanumdniffl

302 631 371 659 scida
393 629 475 657 Ouid.
489 627 521 654 ad
535 627 594 653 Liu.
608 628 657 656 281.
728 624 766 652 Id.
786 625 850 652 Met.
865 634 890 657 2,
906 632 944 650 ιιι
1401 625 1470 657 terra
1486 616 1571 656 Gallia
1585 618 1622 650 Q
1634 616 1734 656 Caepio
1750 617 1823 643 COS.
1838 617 2000 652 diripuisset,
2019 617 2186 651 multumque
2201 617 2259 643 aui-i
2272 617 2300 643 in
2319 616 2431 657 eius'ops
2446 632 2466 646 a.

500 664 563 690 Ecce
577 662 644 697 vigil
663 661 746 688 rutilo
766 661 889 696 patefecit
912 658 945 686 ab
963 664 1025 685 ortu
1363 659 1387 684 ¹5
1402 652 1580 692 puli-templis
1601 652 1704 684 fuisset,
1721 652 1841 687 quisquis
1861 661 1892 679 ex
1905 662 1936 680 ca
1954 653 2102 688 direptione
2117 661 2211 679 aurum
2223 653 2324 687 attigit,
2338 643 2461 685 “ιίίὲωῆ

501 700 645 733 Purpureas
660 699 763 724 Aurora
778 697 848 723 fores
868 702 892 722 et
909 695 983 729 plena
996 695 1117 720 rosarum
1404 688 1595 723 cruciabilique
1626 688 1699 714 exim
1732 689 1821 722 periit.
1891 690 1975 716 Paullo
1995 691 2070 716 oliti-r
2090 688 2180 715 lustin.
2195 696 2234 721 32,
2249 697 2270 720 3.
2337 684 2426 733 Ciculq
2445 702 2448 705 Δ
2472 705 2474 717 ,

500 736 590 766 Atria,
608 733 751 768 diffugiunt
770 732 872 764 stellae,
893 739 1006 766 quarum
1022 729 1127 764 agmina
1142 727 1212 760 cogit
1403 725 1466 750 Nat.
1480 725 1559 750 Deor.
1575 733 1597 755 3,
1616 733 1634 756 4
1656 724 1790 757 Cognosce
1804 723 1867 750 alias
1884 724 2066 760 quaestiones,
2083 724 2143 751 auri
2155 723 2306 756 Tolosani,
2322 725 2380 753 coni
2434 717 2450 741 ⁸*

500 770 607 797 Lucifer
625 777 670 796 etc.
958 767 962 769 “
1114 763 1240 789 Dimouet
1253 766 1349 798 aurora
1403 760 1485 786 tionis
1502 759 1681 794 Iugurthinae.
1859 757 1880 797 Ἴ
1897 768 1910 793 ς
1934 761 2014 788 Verba
2027 772 2034 786 .·
2070 760 2220 792 Abdicare,
2252 762 2284 786 it.
2308 760 2358 795 Ap·
2385 768 2399 784 s
2436 783 2438 791 .

303 808 457 835 humentem
471 806 592 833 vmbram
606 805 669 841 polo
687 804 761 838 Virg.
777 804 841 830 Aen.
857 812 878 835 3,
892 807 945 834 389.
1019 800 1116 826 Euocat
1131 805 1253 836 auroram
1269 800 1349 820 canti·
1404 804 1448 828 re,
1486 795 1539 822 vid.
1583 796 1608 822 h.
1640 805 1665 821 υ.
1736 794 1818 822 Ardet
1847 803 1915 822 auro
1945 796 2050 832 clypeus
2079 796 2140 823 Stat.
2156 795 2243 822 Achil.
2258 804 2283 828 2,
2297 804 2342 829 49.
2358 795 2437 823 {⁶³³⁴
2468 823 2470 825 ,

304 844 353 871 bus
373 844 425 870 ales
441 843 539 869 cristati
554 842 609 868 oris
648 840 728 867 Ouid.
744 840 809 866 Met.
825 848 850 870 1,
873 843 926 871 598.
997 835 1111 873 Effinge-t
1122 833 1237 859 tenebris
1253 838 1350 870 aurora
1363 838 1394 857 20
1402 838 1453 867 get.
1488 831 1556 858 Add.
1571 831 1709 863 quen.10‚
1724 838 1767 865 27.
1804 831 1949 858 Attondere
1960 832 2075 867 aliquem
2089 841 2171 864 auro,
2187 830 2240 858 uid,
2253 829 2423 859 ΑΤοΝῃζ,
2436 858 2437 864 1

302 880 400 915 sugatis
439 878 520 905 Ouid.
545 879 608 904 Met.
630 886 645 903 2
657 897 664 909 ‚
686 885 744 909 ¹44-
819 875 910 908 Fulget
923 873 950 898 in
963 871 1044 897 roseis
1057 870 1126 903 bigis
1140 876 1236 894 aurora
1272 867 1347 900 virg.
1403 867 1614 894 Bibuntsolicito
1626 875 1692 893 auro
1700 865 1805 901 superbi
1826 867 2035 902 Seu-Hipp.519.
2071 870 2144 895 Dicit
2156 867 2307 899 solicitum,
2406 862 2424 890 ,ι’
2469 865 2472 874 ’

304 917 370 942 Aen.
385 924 411 950 7,
426 918 468 940 26.
522 925 529 932 -
541 913 644 940 Lustrat
658 910 795 938 Phoebaea
810 908 927 943 lampade
941 913 1022 946 terras
1035 914 1132 932 aurora
1154 905 1227 938 Virg.
1242 903 1306 929 Aen·
1321 912 1347 935 4,
1403 913 1463 929 auro
1476 903 1570 935 hibunt,
1578 903 1675 939 soliciti
1682 903 1744 938 sum
1754 906 1952 938 propterveneni
1951 904 2124 940 suspicionem.
2165 904 2263 937 Captus
2276 911 2341 930 auro
2372 907 2386 913 ”

303 954 329 977 6.
402 952 489 976 Portat
502 958 597 976 aurora
611 949 682 975 diem
696 947 794 974 croceis
808 946 882 980 cquis
900 942 982 969 Ouid.
997 942 1030 968 ad
1045 942 1104 967 Liu.
1124 946 1181 970 282.
1253 939 1347 978 Remo·
1403 940 1616 971 Carm.2,13‚36.
1660 940 1741 965 Plaut.
1751 939 1817 964 Rud-
1827 946 1878 971 5‚3,
1886 947 1914 970 53
1934 940 2009 966 Auro
2016 934 2378 966 contraCedoinodestuma
2420 953 2423 958 ·
2469 952 2474 957 ·

303 992 347 1014 vet
360 995 456 1013 aurora
468 985 613 1012 nocturnos
626 985 698 1018 ignes
718 981 800 1009 Ouid.
815 982 879 1006 Met.
893 988 920 1011 4,
934 980 990 1007 628-
1062 976 1187 1003 Rubcscit
1206 974 1285 1001 stellis
1304 982 1348 999 au-
1403 985 1460 1002 rein
1470 995 1477 1007 ,
1495 978 1513 1001 i.
1523 974 1599 1001 vende
1606 974 1718 1010 mihipro
1734 974 2005 1009 icqualipondereauri.
2040 975 2153 1002 Cludere
2166 984 2248 1008 auro,
2267 974 2320 1001 vid.
2331 981 2379 1002 cL
2454 971 2459 979 ’

302 1031 365 1050 rora
379 1022 476 1056 fugatis
492 1017 496 1021 ’
517 1018 590 1055 Virg.
606 1022 669 1046 Aen.
686 1028 706 1050 3,
722 1025 771 1050 52¹·
842 1016 952 1048 Surge-ns
966 1022 1061 1039 aurora
1075 1012 1204 1047 relinquit
1215 1012 1351 1037 Oceanum
1362 1019 1390 1044 23
1405 1010 1583 1038 Commodare
1596 1019 1691 1037 aurum
1734 1010 1864 1043 Qineffil.
1878 1018 1902 1043 ς,
1918 1019 1951 1042 13.
2023 1011 2187 1038 consumere
2207 1019 2301 1037 aurum
2320 1010 2348 1037 in
2360 1010 2381 1040 1“
2420 1006 2432 1037 ,5¹

303 1059 378 1093 Virg.
393 1059 457 1084 Aen.
473 1066 505 1087 11,
521 1066 574 1088 129.
646 1056 680 1081 Vt
692 1062 773 1089 quum
789 1051 902 1077 coruscis
916 1049 1020 1076 flatibus
1035 1051 1140 1075 Aurora
1160 1047 1262 1074 caelum
1282 1046 1349 1080 spar-
1402 1047 1456 1074 vid.
1478 1053 1649 1073 coxsvmo.
1719 1046 1790 1073 Fluit
1802 1045 1908 1081 ignibus
1920 1055 2015 1072 aurum
2033 1046 2114 1073 Ouid.
2128 1048 2194 1073 Met.
2209 1055 2235 1077 2,
2248 1054 2300 1079 251.
2372 1043 2374 1045 ’
2418 1039 2423 1060 ³

303 1095 367 1121 serit
388 1093 464 1120 Prud.
479 1095 576 1126 Hymn.
593 1101 612 1122 ι,
629 1099 665 1116 21.
739 1087 844 1114 Vehimt
860 1094 983 1112 auroram
997 1084 1167 1111 Phaethontis
1187 1082 1250 1117 equi
1273 1082 1348 1115 Virg.
1404 1083 1469 1110 bare
1487 1082 1586 1109 defoffo
1608 1090 1673 1108 auro
1694 1082 1768 1115 Virg.
1792 1083 1890 1116 Georg.
1901 1091 1924 1114 2,
1939 1090 1996 1117 507.
2069 1081 2197 1117 Effingere
2211 1083 2240 1109 in
2253 1090 2336 1114 auro,
2376 1102 2377 1105 ,
2436 1107 2437 1110 ,

301 1131 367 1157 Aen.
383 1138 406 1163 ς,
421 1137 472 1162 105.
508 1130 589 1154 Vocat
603 1134 724 1153 auroram
743 1123 851 1149 Lucifer
871 1121 1025 1149 Ouid.Met.
1037 1124 1137 1154 ii,296.
1175 1118 1227 1146 Sub
1241 1126 1348 1149 aurora,
1396 1119 1494 1156 figuris
1513 1121 1648 1153 exprimere
1675 1118 1749 1151 Virg.
1769 1118 1834 1145 Aen.
1855 1120 1887 1151 6,
1907 1127 1946 1150 32.
2018 1117 2148 1152 Effulgere
2168 1127 2234 1145 auro
2257 1119 2332 1152 Virg.
2346 1119 2376 1145 A
2420 1113 2431 1137 ³³

302 1167 376 1193 Circa
390 1165 523 1191 diluculum
540 1162 621 1190 Ouid.
636 1160 712 1195 Epist.
730 1168 766 1192 19,
781 1167 833 1191 195.
1406 1163 1448 1187 132
1468 1158 1486 1181 i.
1508 1156 1617 1180 Auratis
1630 1151 1738 1186 vestibus
1749 1161 1792 1180 aut
1807 1157 1894 1180 armis.
1965 1154 2064 1180 Emere
2078 1163 2171 1181 aui-uin
2178 1160 2249 1181 terra
2268 1153 2348 1181 Ouid.
2421 1175 2423 1180 ,

340 1209 361 1228 Λ
375 1207 395 1227 v
407 1208 424 1226 R
434 1207 452 1226 Ο
462 1207 478 1225 R
490 1207 510 1226 Α
521 1207 540 1225 Ν
550 1206 562 1225 s
572 1219 579 1230 ,
600 1198 675 1224 antis.
712 1195 866 1222 illuminans
885 1192 963 1220 Gloss‘.
979 1192 1035 1219 Isid.
1363 1198 1395 1223 30
1405 1199 1427 1223 3,
1442 1196 1465 1222 8,
1479 1198 1514 1223 53.
1577 1190 1713 1215 Flatientes
1728 1198 1795 1216 auro
1809 1190 1908 1224 spicae,
1936 1193 1956 1216 i.
1984 1192 2067 1216 Aureo
2081 1191 2159 1217 colore
2179 1189 2259 1217 Ouid.
2272 1191 2338 1217 Met.
2352 1195 2378 1223 93
2416 1184 2431 1195 ,η

339 1244 360 1264 Α
372 1243 391 1262 v
402 1243 447 1262 Ro
458 1242 475 1260 R
486 1242 503 1262 Ε
513 1241 526 1261 s
536 1242 551 1261 C
561 1242 594 1265 o,
609 1241 661 1259 ere.
700 1230 849 1258 Adellieliu.
864 1229 895 1256 de
910 1229 983 1263 Virg.
997 1238 1018 1254 c.
1033 1237 1072 1260 30.
1406 1226 1506 1253 Illituin
1528 1234 1622 1252 aurum
1642 1224 1757 1251 vestibus
1780 1226 1848 1252 Hor.
1868 1227 1956 1252 Carm.
1971 1236 2000 1260 4,
2014 1235 2040 1258 9,
2056 1235 2092 1258 ¹4·
2145 1225 2298 1253 Intenditur
2310 1233 2379 1252 aurov

339 1279 360 1299 Α
370 1279 389 1297 v
401 1278 446 1297 Rv
457 1277 476 1296 G
487 1278 505 1296 Ο
515 1290 522 1302 ,
541 1270 593 1296 ΨΑ,
617 1276 666 1295 AV
677 1274 694 1293 R
704 1275 712 1293 1
722 1274 741 1294 G
750 1274 779 1294 O.
1168 1296 1172 1301 ¹
1325 1293 1331 1299 .
1403 1271 1486 1297 pura,
1505 1264 1523 1288 i.
1547 1263 1619 1288 Auro
1632 1264 1771 1291 intexitur,
1789 1261 1854 1297 quod
1866 1271 1895 1288 cx
1905 1267 2031 1297 purpura,
2047 1263 2126 1288 velun*
2134 1261 2258 1297 flamma,
2272 1263 2362 1289 eluceat
2383 1255 2385 1257 ‚
2410 1252 2423 1291 J*

338 1315 388 1334 Λν
400 1313 499 1338 RVM,
518 1307 535 1332 i.
557 1314 583 1332 n.
605 1304 728 1339 [mua-las,
745 1303 842 1343 xfuflov
901 1299 1003 1331 Festus,
1026 1299 1129 1324 Aurum
1148 1294 1265 1328 dietum,
1286 1303 1350 1329 qma
1403 1298 1495 1325 Theb.
1512 1306 1551 1330 10,
1564 1300 1606 1323 60.
1676 1296 1852 1323 Includuntur
1863 1306 1930 1324 auro
1944 1297 2079 1332 Smaragdi
2104 1298 2208 1326 Lucret.
2221 1307 2256 1331 4,
2275 1306 2342 1324 1120.
2403 1296 2406 1297 ⁷

303 1343 442 1378 praecipue
457 1341 612 1368 custoditur.
649 1340 749 1366 Graece
763 1348 834 1365 enim
849 1341 925 1373 ωρεῖν,
943 1333 1201 1374 ςιιίὶοάὶιεοάιειῑιιτ.
1247 1331 1350 1371 Hippo·
1403 1334 1495 1360 duitur
1514 1332 1624 1368 pedibus
1642 1340 1752 1365 aurum,
1772 1332 1825 1359 vid.
1844 1339 1958 1360 1NDVO.
2030 1334 2120 1360 Insuto
2141 1333 2257 1360 vestibus
2276 1341 2341 1359 auro
2364 1345 2385 1363 μ.

301 1385 383 1405 «rates
409 1378 490 1410 (Scal.
511 1380 618 1414 corrigit
631 1375 813 1410 Hypsicrates)
838 1373 956 1400 medicus
970 1371 1001 1398 de
1014 1379 1123 1397 nomine
1138 1373 1313 1407 inuentoriS,⁴
1324 1365 1351 1392 id
1363 1372 1391 1398 35
1404 1369 1487 1397 Ouid.
1501 1370 1558 1396 Art.
1571 1378 1594 1401 3,
1609 1378 1654 1401 ι3ι.
1726 1369 1842 1396 Micante
1856 1378 1922 1396 auro
1936 1369 2005 1396 clara
2019 1370 2092 1404 regia
2112 1369 2194 1396 Ouid.
2210 1370 2274 1396 Met.
2288 1378 2312 1402 2,
2326 1377 2350 1395 2..
2368 1364 2393 1397 ιζ’
2410 1369 2422 1387 >¹

303 1414 405 1441 distuni
421 1419 509 1449 putat,
527 1422 607 1448 quein
620 1412 767 1439 vocitatum
781 1411 818 1437 ait
832 1411 943 1436 Aurum.
1015 1405 1132 1440 Qiidam
1147 1415 1161 1431 a
1175 1403 1351 1431 similitudine
1403 1409 1422 1432 i,
1436 1405 1580 1442 Refulgens.
1654 1403 1783 1431 Radiante
1796 1413 1862 1432 auro
1876 1405 1962 1432 nitens
1983 1405 2065 1432 Ouid.
2078 1406 2143 1432 Met.
2156 1415 2185 1439 4,
2192 1407 2251 1438 636.
2320 1405 2357 1431 Re
2375 1403 2382 1411 ¹
2398 1397 2421 1413 '¹¹¹

300 1459 414 1477 aurorae
429 1449 528 1475 coloris
540 1457 638 1475 nomen
650 1447 752 1474 traxisse
766 1446 916 1473 existimant
930 1456 935 1470 :
970 1442 1094 1469 nonnulli
1107 1442 1169 1476 quia
1183 1440 1283 1466 menses
1303 1438 1350 1465 ho·
1405 1451 1471 1470 auro
1485 1441 1578 1468 domus
1599 1441 1703 1468 Lucret.
1720 1449 1743 1473 2,
1756 1449 1796 1475 27.
1868 1441 1993 1475 Rigentes
2012 1449 2079 1468 auro
2095 1442 2208 1468 exuuiae
2234 1440 2280 1468 Sil.
2294 1448 2328 1473 ις,
2363 1460 2370 1467 .
2381 1459 2385 1469 .
2418 1433 2422 1441 ⁸

303 1487 407 1513 minum
421 1490 522 1512 auertat
536 1485 621 1519 (Scal.
636 1486 756 1514 coniicit,
777 1487 920 1513 auruncet,
939 1478 968 1505 id
980 1478 1015 1505 cst
1029 1482 1147 1509 auertat)
1163 1487 1168 1502 :
1203 1476 1250 1502 alii
1272 1484 1287 1501 a
1308 1474 1350 1501 Sa·
1405 1477 1540 1513 Spefiatur
1553 1486 1648 1504 aurum
1661 1477 1689 1503 in
1705 1476 1827 1511 ignibus,
1861 1477 1916 1504 vid.
1936 1476 2047 1512 Specto,
2066 1477 2095 1503 in
2108 1484 2223 1506 erclo.
2294 1475 2407 1503 Subdu-

303 1521 375 1549 binis
393 1520 547 1548 translatum
566 1525 673 1554 putant,
693 1517 765 1553 quod
798 1517 840 1543 illi
870 1517 970 1543 Ausum
997 1513 1128 1541 dicebant.
1166 1513 1233 1538 Haec
1252 1510 1350 1538 Festus.
1405 1523 1501 1541 aurum
1517 1520 1602 1540 terrae
1629 1512 1712 1539 Ouid,
1727 1512 1760 1539 de
1775 1513 1838 1539 Arte
1851 1513 1910 1540 Am,
1924 1522 1946 1545 3,
1962 1521 2012 1545 123,
2039 1516 2057 1539 i,
2072 1512 2203 1546 ffdg‘gur,
2272 1513 2360 1539 vacua
2379 1529 2386 1533 .
2415 1509 2417 1515 ¹

302 1559 375 1586 Aliis
388 1554 483 1583 reftius
494 1555 594 1582 videtur
607 1563 691 1580 nomen
706 1551 797 1586 duxisti*
811 1563 825 1578 α
834 1552 909 1588 fuluo
925 1555 976 1577 eius
988 1552 1065 1577 colore
1077 1570 1084 1581 ,
1103 1548 1166 1584 αἰὶροι
1179 1551 1243 1574 enim
1257 1547 1391 1583 fulgor40
1405 1559 1466 1577 rum
1488 1558 1580 1580 mero,
1599 1551 1617 1574 i.
1638 1550 1736 1575 Aurea:
1753 1555 1858 1584 pateras
1879 1549 1941 1576 Stat.
1963 1548 2056 1575 Theb.
2082 1557 2104 1582 ς,
2127 1554 2176 1579 188.
2247 1548 2361 1575 Vaenire
2379 1561 2388 1569 ,ι
2410 1541 2421 1555 ’“’

303 1594 408 1619 Graecis
421 1602 428 1617 .·
463 1594 524 1628 quin
539 1593 639 1617 Latinis
654 1592 735 1616 ctiam.
779 1588 883 1615 Videtur
900 1588 934 1614 ad
950 1587 995 1614 hoc
1018 1585 1096 1622 ipsum
1119 1592 1214 1619 etymon
1243 1585 1352 1610 alludere
1406 1587 1477 1613 Auro
1489 1584 1565 1611 vendi
1586 1585 1654 1610 Hor.
1668 1584 1749 1611 Semi.
1763 1593 1788 1617 2,
1796 1592 1822 1617 2,
1835 1592 1875 1618 25.
1949 1584 2078 1611 Reuereri
2090 1584 2123 1611 ab
2137 1593 2203 1611 auro
2215 1583 2348 1618 fulgorem
2380 1583 2382 1586 ’
2416 1575 2421 1600 f

304 1629 380 1663 Virg.
396 1629 460 1655 Aen.
475 1628 502 1659 6,
522 1635 574 1660 204
595 1625 715 1651 Discolor
729 1624 798 1650 vnde
814 1625 872 1651 auri
885 1632 931 1658 per
946 1631 1033 1649 ramos
1045 1629 1108 1649 aura
1127 1620 1239 1647 refulsit.
1304 1618 1353 1645 Vbi
1406 1629 1428 1649 Α
1443 1621 1485 1648 vel
1498 1627 1539 1647 AB
1557 1619 1772 1654 Praepofitiones,
1970 1617 1990 1658 q
2009 1623 2025 1646 5
2045 1622 2148 1646 Aurum
2163 1619 2231 1655 apud
2248 1622 2338 1646 Pop-ta,
2355 1603 2368 1641 ⁹,
2382 1610 2430 1639 -Js'ff'

304 1664 412 1691 Seruius
427 1674 432 1689 :
469 1662 536 1688 Auri
551 1670 629 1692 aura,
650 1660 777 1694 Splendor
791 1660 859 1686 auri.
896 1660 966 1686 Hinc
981 1665 1005 1684 et
1018 1659 1120 1684 Aurum
1135 1656 1234 1682 dicitur
1247 1654 1353 1689 asplen-
1406 1657 1435 1683 ds
1447 1658 1499 1683 luce
1512 1657 1577 1684 Solis
1590 1654 1737 1689 ctstderum.
1815 1654 1874 1681 Vid.
1889 1655 1974 1690 Heius
1989 1656 2022 1682 ad
2036 1656 2093 1684 Val.
2107 1656 2190 1682 Flacc.
2205 1664 2230 1688 2,
2244 1661 2280 1689 58.
2316 1655 2388 1688 1d.,.-

303 1699 368 1727 dore
379 1720 387 1732 ,
406 1699 454 1734 qui
473 1697 508 1724 est
530 1697 558 1723 in
579 1706 611 1722 eo
631 1696 747 1721 metallo,
946 1692 967 1732 q
985 1703 1000 1719 z
1022 1694 1126 1719 Aurum
1152 1698 1181 1717 vt
1207 1690 1354 1725 nobiliffima
1406 1693 1490 1719 Saeuo
1503 1701 1562 1718 cum
1576 1699 1630 1717 nox
1645 1690 1797 1717 accenditur
1810 1698 1893 1723 aum,
1906 1693 1924 1716 i.
1937 1689 2078 1724 illustratur
2091 1701 2106 1718 a
2118 1692 2224 1718 Cometa.

296 1743 363 1772 pars
388 1734 552 1764 diuitiarum,
567 1739 616 1767 pro
642 1732 683 1757 his
705 1729 830 1756 interdum
846 1733 968 1764 ponitur,
984 1739 1032 1755 non
1053 1726 1154 1761 exclusti
1174 1733 1255 1753 tamen
1268 1725 1353 1760 opibus
1360 1733 1394 1760 45
1443 1733 1564 1758 AVRO,
1583 1730 1636 1752 are.
1657 1724 1771 1761 [χρυσόω
1784 1726 1883 1752 Onom.
1895 1727 2092 1761 Vet.Lat„Gr.]
2122 1725 2310 1763 Vfirbumsuff
2322 1728 2387 1753 mm·
2404 1729 2410 1745 ἲ

302 1773 371 1798 aliis.
405 1771 507 1796 Aurum
520 1774 545 1794 et
558 1776 620 1802 opes
629 1787 637 1798 ‚
656 1766 810 1801 praecipuae
823 1764 956 1791 bellorum
969 1766 1058 1790 causae
1084 1763 1175 1789 Tacit.
1184 1763 1251 1788 Ann.
1269 1763 1296 1788 16
1305 1781 1313 1794 ,
1335 1769 1353 1787 ι.
1401 1762 1492 1800 fiaeodet
1505 1769 1557 1788 tum
1570 1762 1668 1788 Inauro
1683 1760 1852 1795 compositum,
1878 1767 1930 1786 tum
1944 1762 2059 1789 deriuari:
2067 1783 2076 1795 ,
2097 1772 2157 1798 quae
2170 1772 2225 1789 mox
2238 1763 2331 1789 damus.
2394 1756 2403 1760 Ἀ

303 1805 377 1840 Quid
390 1814 444 1831 non
456 1804 581 1831 mortalia
595 1801 702 1837 pefiora
715 1801 787 1835 cogis
796 1820 803 1832 ,
824 1800 892 1826 Auri
905 1800 975 1826 sacra
988 1799 1072 1824 sanies
1092 1798 1166 1832 Virg.
1183 1801 1246 1823 Aen.
1261 1806 1273 1829 3
1282 1817 1290 1829 ,
1311 1803 1352 1830 57.
1406 1798 1485 1835 ipsum
1499 1797 1597 1824 verbum
1606 1796 1716 1833 fundum
1723 1796 1792 1831 Jiztis
1807 1803 1899 1822 certum
1910 1797 2018 1823 nondum
2029 1798 2110 1823 hahet.
2160 1800 2228 1825 Nam
2244 1798 2307 1835 quod
2319 1796 2423 1825 Manil..

304 1844 409 1869 Aurum
421 1849 513 1867 omnes
528 1839 600 1866 vie‘ta
612 1839 666 1865 iam
684 1838 780 1873 pietate
791 1836 898 1867 colunt,
933 1848 977 1854 -
1014 1835 1089 1860 Auro
1102 1834 1173 1867 pulsa
1185 1833 1267 1864 fides,
1287 1840 1354 1858 auro
1409 1836 1452 1867 516
1471 1834 1561 1861 babent
1574 1832 1651 1859 codd.
1684 1832 1783 1863 uidam,
1807 1832 1874 1858 Cum
1888 1831 2006 1857 vitreum
2027 1832 2128 1859 findens
2149 1834 2254 1861 curauit
2273 1834 2370 1861 vellere
2387 1841 2427 1868 pol

303 1878 410 1905 venalia
428 1878 503 1907 iura,
522 1879 625 1902 Aurum
638 1875 680 1901 lex
693 1873 813 1908 sequitur
831 1872 907 1906 Prop.
921 1879 944 1903 3,
960 1879 995 1902 12,
1007 1875 1052 1910 348.
1108 1867 1182 1908 Conf.
1198 1868 1225 1893 de
1238 1869 1263 1893 Ia
1276 1866 1354 1893 Cerda
1408 1875 1466 1896 tum
1481 1879 1486 1894 :
1519 1869 1623 1904 vulgara
1637 1869 1658 1894 le
1688 1871 1711 1893 io
1724 1865 1757 1900 est
1771 1872 1864 1893 aurato
1877 1866 1990 1893 vellere:
2027 1869 2152 1894 Bentleius
2161 1879 2191 1895 ex
2204 1872 2318 1907 ingenio,
2338 1876 2427 1896 tranat>

304 1914 339 1941 ad
367 1913 442 1948 Virg.
458 1913 523 1939 Aen.
537 1920 566 1944 3,
587 1913 628 1944 56.
698 1911 802 1936 Aurum
816 1907 890 1934 ferro
906 1912 1046 1933 nocentius
1080 1903 1164 1940 Ouid.
1181 1904 1246 1930 Met.
1269 1911 1289 1934 ι,
1304 1910 1355 1934 ¹4¹·
1368 1911 1400 1938 50
1409 1903 1517 1939 peetore
1530 1908 1642 1937 pontum
1659 1902 1780 1929 Tertull.
1797 1902 1830 1928 de
1843 1903 1943 1928 Coron.
1957 1903 2016 1929 Mil.
2031 1913 2053 1930 c.
2069 1912 2096 1930 iz
2115 1904 2185 1931 Hinc
2199 1912 2308 1933 aui-atur
2318 1903 2422 1933 laminii
2438 1900 2440 1922 l

305 1951 425 1981 Aurum,
441 1954 491 1983 pro
504 1949 598 1974 Aureis
613 1948 696 1972 nuruis
722 1945 777 1972 Cic.
793 1952 842 1978 pro
862 1943 946 1970 Flacc.
970 1944 1010 1971 68.
1046 1949 1095 1975 pro
1106 1940 1212 1967 Cluent.
1239 1946 1285 1973 179
1308 1944 1355 1963 ctc.
1409 1941 1500 1972 Auro,
1523 1947 1599 1965 auras
1618 1944 1699 1965 tamen
1712 1938 1826 1974 agnoscit
1843 1938 1965 1964 Priscian.
1981 1938 1998 1964 l.
2013 1944 2026 1968 8
2048 1947 2072 1972 p.
2087 1944 2136 1969 828.

307 1987 426 2016 Aurum,
442 1990 492 2018 pro
510 1984 663 2009 ornamentis
689 1983 788 2011 aureis,
808 1981 913 2005 maxime
932 1977 1101 2004 muliebribus.
1172 1975 1254 2002 Plaut.
1274 1972 1353 2000 Most.
1446 1976 1655 2002 AvaI'rvs.
1697 1973 1759 2001 Adi.
1796 1970 1964 2008 [διάχρυσος]
2001 1975 2137 2010 participii
2156 1975 2257 2012 forma,
2275 1975 2345 2002 Aur„
2369 1973 2420 2001 te&

306 2028 330 2054 ς,
343 2029 364 2053 ι,
377 2029 412 2047 20
432 2017 551 2053 Agedum
570 2015 720 2050 contempla
740 2023 836 2041 aurum
856 2019 882 2040 et
895 2012 1000 2047 pallam.
1037 2012 1108 2038 Ter.
1122 2013 1186 2038 Eun.
1202 2020 1230 2044 4,
1246 2018 1292 2043 ι,3
1314 2010 1356 2035 In·
1410 2013 1451 2038 vel
1464 2008 1600 2042 indubius,
1636 2016 1681 2042 vt,
1717 2010 1817 2036 Aurata
1828 2007 1895 2034 tecta
1931 2008 1987 2034 Cic.
2007 2009 2036 2034 in
2052 2010 2141 2037 Parad.
2163 2013 2180 2038 6
2198 2021 2220 2038 e.
2239 2020 2260 2044 3.
2331 2009 2420 2037 Ami&

306 2063 378 2084 terea
389 2063 484 2082 aurum
495 2053 544 2080 sibi
557 2052 624 2078 clam
635 2051 734 2078 mulier
746 2049 845 2082 demit,
866 2048 909 2074 dat
921 2047 1007 2079 mihi,
1020 2052 1049 2073 vt
1062 2047 1191 2072 auferam.
1261 2080 1266 2084 -
1301 2042 1322 2081 ff
1342 2053 1354 2077 3
1410 2046 1491 2073 Ouid.
1511 2047 1577 2075 Met.
1600 2054 1641 2078 14,
1660 2047 1716 2077 263.
1785 2045 1899 2071 Ani-atus
1918 2044 1988 2070 aries
2007 2044 2168 2071 Colchorum
2204 2047 2258 2072 Cic.
2277 2046 2305 2071 'in
2318 2047 2391 2072 Orat.
2401 2051 2421 2070 ι(

304 2089 464 2125 Substantiua
483 2095 507 2115 et
517 2087 653 2116 Adieftma
672 2086 753 2123 casiam
773 2085 896 2121 obliquum
916 2085 1037 2120 regentia.
1075 2082 1192 2107 Aceruus
1210 2088 1269 2120 auri
1285 2080 1354 2105 Hor.
1369 2090 1398 2115 55
1412 2081 1488 2107 Caffis
1501 2087 1592 2108 aurata
1608 2081 1670 2107 Stat.
1684 2079 1777 2108 Theb.
1792 2087 1819 2115 7,
1834 2082 1891 2106 661.
1963 2080 2063 2107 Currus
2097 2080 2153 2107 Cic.
2171 2069 2231 2106 5³0st
2258 2079 2314 2106 red.
2329 2080 2357 2105 in
2369 2079 2426 2106 Seru

308 2126 387 2163 Epist.
397 2134 457 2162 ιιι,
472 2132 517 2159 47.
589 2124 687 2155 Amore
703 2121 763 2149 auri
776 2129 867 2148 caecus
883 2119 956 2154 Virg.
965 2119 1029 2145 Aen.
1040 2126 1060 2149 1,
1072 2125 1131 2150 349.
1203 2116 1272 2141 Auri
1285 2115 1356 2154 sacra
1410 2123 1445 2149 27
1456 2124 1478 2141 c.
1494 2123 1527 2140 11.
1600 2115 1693 2141 Claud.
1706 2116 1736 2142 in
1749 2115 1859 2142 Secund.
1873 2116 1951 2142 Cons.
1966 2116 2021 2142 Stil.
2035 2118 2087 2143 226
2105 2116 2217 2142 Auratos
2229 2114 2398 2141 Rhodiisim
2412 2107 2422 2115 ⁴'

309 2165 400 2190 Fames
420 2162 494 2188 Idem
507 2161 572 2187 Aen.
594 2168 622 2192 3,
644 2167 684 2193 37.
757 2157 893 2184 Concolor
911 2163 977 2182 auro
997 2153 1043 2180 Sil.
1058 2161 1084 2186 1,
1120 2173 1126 2179 .
1164 2172 1171 2178 .
1244 2150 1355 2189 Corusci
1410 2150 1530 2177 nascente
1562 2149 1704 2181 Minerua,
1737 2150 1872 2176 Induififfe
1895 2152 1991 2176 Iouem
2011 2151 2159 2185 perhibent.
2241 2149 2341 2177 Milites
2358 2150 2380 2176 L
2411 2143 2429 2159 ⁶⁵

306 2207 373 2226 auro
393 2198 517 2228 iuuenes,
544 2199 562 2221 i.
581 2197 674 2222 Aureis
688 2193 772 2220 induti
790 2195 869 2220 armis
887 2190 983 2225 virgil.
1001 2191 1066 2216 Aen.
1079 2197 1111 2221 9,
1129 2190 1182 2220 163.
1254 2185 1355 2212 Diuitis
1410 2195 1455 2219 40.
1490 2188 1509 2212 i.
1530 2194 1606 2212 aurea
1627 2193 1699 2211 arma
1716 2182 1848 2221 gestantes.
1917 2186 2033 2211 Monilia
2055 2186 2137 2214 Ouid.
2152 2187 2217 2217 Met,
2231 2193 2255 2219 ς,
2269 2194 2310 2219 52.
2388 2190 2390 2193 “

307 2234 368 2261 auri
382 2232 524 2267 imperiosa
538 2231 619 2257 sames
639 2231 737 2256 Lucan.
755 2228 788 2255 ad
801 2229 886 2254 Pison.
901 2232 955 2257 208.
1025 2224 1125 2259 Fulgor
1143 2223 1176 2250 ab
1197 2230 1262 2249 auro
1282 2222 1355 2249 fusus
1410 2221 1507 2249 Catull.
1520 2223 1562 2253 65,
1599 2240 1606 2247 .
1646 2240 1652 2247 .
1689 2223 1708 2246 i.
1723 2221 1801 2246 vellus
1812 2228 1920 2246 aureum.
1990 2220 2097 2247 Trabes
2115 2220 2225 2247 Tibull.
2237 2229 2267 2253 3,
2278 2229 2301 2253 3,
2317 2223 2353 2247 16.

309 2270 367 2297 Val.
381 2270 480 2303 Argon.
495 2274 518 2300 ς,
535 2274 594 2299 ²42·
664 2264 774 2299 Infignis
795 2272 861 2291 auro
881 2269 906 2289 et
927 2264 1059 2296 purpura,
1083 2259 1136 2286 vid.
1158 2265 1200 2284 iN
1212 2264 1224 2282 s
1235 2263 1395 2288 10N18.60
1409 2257 1446 2284 ibi
1459 2255 1597 2292 Broukhus.
1668 2256 1810 2291 comparat.
1846 2255 2038 2289 Saginatiorem
2055 2262 2081 2283 et
2100 2256 2263 2284 auratiorem
2283 2263 2308 2283 et
2327 2256 2380 2284 in-'

309 2305 413 2333 Pondus
433 2302 494 2331 auri
508 2300 618 2329 Tibull.
633 2309 658 2333 ι,
677 2309 709 2333 9,
728 2309 765 2332 32.
835 2297 977 2325 Pretiosior
995 2305 1061 2323 auro
1081 2294 1163 2322 Ouid.
1179 2294 1243 2320 Met.
1263 2298 1292 2323 8,
1311 2299 1356 2327 79.
1409 2292 1523 2320 hostiam
1537 2291 1645 2318 caedere
1663 2291 1743 2318 Tert.
1757 2291 1789 2318 de
1803 2290 1899 2317 Idolol.
1920 2300 1941 2317 c.
1955 2293 1980 2318 6.

308 2342 413 2369 Saniem
426 2339 486 2367 auri
498 2341 680 2374 interpretatur
693 2336 760 2363 Plin.
774 2343 801 2368 33
821 2344 861 2370 pr.
890 2332 954 2370 quod
968 2333 1057 2358 Graeci
1075 2328 1247 2365 χρυσοκόλλαν
1260 2328 1357 2360 dicunt,
1445 2335 1525 2355 AVR
1534 2335 1586 2354 AT
1596 2334 1630 2354 11.
1640 2334 1670 2354 ls
1682 2347 1692 2360 ³
1712 2336 1734 2354 e,
1769 2329 1840 2354 Aur,-
1855 2327 1961 2362 speciem
1986 2326 2085 2354 habem-
2127 2327 2210 2354 solim
2227 2337 2249 2354 c·
2272 2335 2297 2362 ¹3
2314 2327 2372 2354 fin..

309 2377 419 2405 Eruitur
432 2384 527 2402 aurum
542 2380 567 2400 et
581 2371 743 2405 chrysocolla
757 2371 847 2403 iuxta,
865 2375 894 2396 vt
914 2367 1055 2404 pretiosior
1066 2365 1200 2397 videatur,
1214 2373 1313 2391 nomen
1326 2372 1358 2404 ex
1413 2365 1458 2396 (al.
1474 2367 1516 2397 25)
1538 2363 1567 2390 de
1577 2363 1661 2397 cyano
1674 2372 1785 2400 gemma,
1806 2363 1888 2389 Gnari
1903 2363 1932 2389 jn
1945 2372 2046 2390 marem
2059 2369 2085 2390 et
2098 2363 2228 2391 feminam
2243 2363 2377 2391 diuidunt.

309 2422 376 2441 auro
395 2411 543 2439 custodiens
557 2421 562 2436 :
597 2417 691 2444 parum
710 2408 782 2437 enim
795 2413 945 2436 erat,vnam
959 2404 1030 2430 vitae
1042 2402 1170 2429 inuenisse
1183 2400 1296 2436 pestem,
1308 2398 1357 2426 nisi
1411 2400 1491 2427 minis
1504 2400 1576 2426 nitor
1591 2408 1673 2433 purus
1687 2399 1738 2425 est:
1759 2407 1843 2425 niares
1856 2398 1992 2433 punctulis
2011 2399 2045 2426 ad
2058 2399 2170 2434 gratiam
2183 2398 2372 2427 interlucentib

311 2450 340 2476 in
353 2449 440 2484 pretio
453 2448 513 2474 esset
525 2445 585 2474 auri
598 2445 679 2471 etiam
692 2444 784 2471 sanies.
855 2443 941 2468 Venas
959 2440 1018 2467 auri
1037 2438 1111 2473 sequi
1131 2438 1238 2464 Lucret.
1255 2438 1282 2468 6,
1301 2440 1356 2466 808.
1368 2437 1399 2469 63
1408 2436 1495 2463 ratilis
1514 2434 1666 2470 puluiculus
1680 2435 1774 2462 variat.

309 2484 333 2523 ff
353 2493 373 2518 4
396 2483 511 2520 Epitheta
526 2493 533 2507 :
568 2483 661 2508 quen.
674 2481 725 2507 Sat.
740 2488 760 2512 1,
775 2483 803 2509 28
823 2477 943 2504 Ventilet
956 2475 1086 2502 aestiuum
1099 2473 1189 2509 digitis
1204 2471 1359 2499 sudantibus
1450 2479 1502 2498 AV
1512 2472 1695 2504 RATVRA,
1713 2479 1751 2497 ae.
1786 2469 1807 2497 f.
1844 2469 2001 2505 [χρύσωσις]
2037 2469 2167 2504 Quinctil.
2181 2476 2206 2503 8,
2223 2472 2250 2503 6,
2263 2475 2302 2502 28,
2323 2469 2356 2496 de
2376 2484 2382 2494 .
2397 2475 2419 2504 ⁵„

311 2529 423 2552 aurum,
457 2519 514 2546 Nec
529 2517 639 2545 sufferre
657 2522 736 2551 queat
751 2514 862 2542 maioris
879 2513 996 2548 pondera
1011 2519 1137 2546 gemmae.
1195 2507 1271 2535 Ridet
1288 2509 1360 2534 luxu·
1413 2507 1488 2543 lage,
1511 2506 1561 2534 Sed
1577 2515 1676 2532 nornen
1693 2506 1823 2538 immuto,
1843 2510 1872 2532 vt
1887 2514 1971 2540 quum
1990 2512 2081 2532 aurata
2098 2505 2182 2539 tedia,
2199 2514 2279 2533 aurea
2293 2516 2299 2532 :
2335 2505 2401 2540 pusil
2420 2513 2421 2516 ¹

312 2559 378 2582 riam
391 2554 515 2590 Crispini,
534 2556 576 2590 qui
589 2554 695 2580 leuiores
706 2559 755 2588 per
768 2549 882 2584 aestatem
900 2549 987 2577 anulos
1001 2545 1117 2584 gestaret.
1173 2544 1358 2584 Argentosum‚
1415 2553 1431 2570 a
1445 2552 1511 2570 vero
1532 2541 1655 2575 discedo,
1682 2542 1744 2577 quia
1761 2550 1816 2568 non
1830 2541 1865 2568 est
1883 2541 1932 2568 nifi
1950 2550 2009 2576 pars
2026 2547 2160 2569 auratura.
2213 2542 2257 2571 sic
2271 2543 2366 2578 primae
2381 2540 2423 2568 Edi

313 2590 504 2621 Barbaricum,
526 2589 580 2616 vid.
601 2589 626 2615 h.
639 2598 664 2615 v.
738 2587 892 2617 Caelatum,
910 2584 963 2611 vid.
979 2590 1092 2611 CAELo.
1163 2582 1359 2611 Coronarium‚
1414 2581 1562 2606 Auraturae
1575 2578 1630 2605 MS.
1667 2577 1714 2606 Sed
1731 2580 1880 2604 recentiores
1892 2579 1938 2614 leg.
1955 2586 2013 2611 pars
2026 2583 2124 2604 aurata.

330 2627 375 2654 uid
391 2625 461 2660 estet,
480 2625 548 2651 dicat
567 2624 636 2651 Gell.
649 2631 672 2656 ς,
693 2625 710 2650 6
734 2621 928 2657 Triumphales
949 2627 1064 2647 coronae
1083 2619 1142 2645 sunt
1160 2625 1272 2649 aureae,
1292 2624 1400 2653 quae-70
1450 2620 1712 2646 AVRAMENTVM,
1732 2613 1750 2640 i.
1773 2622 1799 2639 n.
1825 2613 1987 2648 [χρύσωμα,
2001 2612 2100 2647 Gloffi]
2133 2611 2261 2640 Putabam
2273 2609 2378 2645 instrum
2398 2633 2404 2643 k

314 2660 520 2698 imperatoribus
533 2659 569 2686 ob
582 2659 712 2687 honorem
725 2657 857 2693 triumphi
869 2657 1024 2684 mittuntur.
1060 2654 1089 2682 id
1104 2653 1185 2688 vulgo
1200 2653 1299 2679 dicitur
1307 2652 1360 2679 Au·
1413 2650 1457 2685 effe
1472 2649 1612 2684 &odiendo
1629 2656 1674 2677 aut
1681 2648 1816 2686 purgando
1833 2658 1894 2675 auro
1909 2648 2121 2675 accommodatum.
2169 2648 2237 2675 Plin.
2250 2656 2288 2680 33,
2301 2655 2313 2680 3
2333 2647 2353 2674 s.
2366 2655 2388 2674 1
2416 2662 2418 2664 ·

314 2708 375 2726 rum
389 2696 569 2724 coronarium.
604 2695 660 2721 Cic.
676 2694 708 2720 de
721 2695 792 2729 Lege
805 2695 867 2728 Agr.
883 2702 909 2725 1,
924 2702 952 2720 iz
973 2693 1011 2719 Ex
1023 2699 1089 2718 auro
1108 2689 1266 2720 coronario,
1287 2686 1361 2722 quod
1416 2687 1505 2723 spania
1523 2685 1634 2721 strigiles
1654 2692 1730 2713 vocat
1748 2685 1808 2711 auri
1827 2683 1949 2719 paruulas
1966 2684 2070 2717 massas,
2090 2683 2163 2719 quod
2180 2683 2259 2719 super
2273 2683 2347 2710 omni
2398 2684 2401 2687 ‘
2426 2677 2427 2684 ¹

314 2742 400 2769 neque
414 2732 580 2759 consumtum
593 2731 620 2757 in
633 2731 818 2762 monimento,
836 2738 922 2763 neque
941 2729 971 2755 in
989 2727 1122 2754 aerarium
1136 2726 1250 2752 relatum
1265 2723 1312 2756 fit,
1331 2722 1360 2749 id
1415 2724 1445 2750 in
1465 2723 1544 2749 massa
1562 2727 1716 2749 auramento
1735 2721 1850 2755 capitur,
1873 2729 1956 2755 quum
1975 2727 2077 2746 caetera
2094 2720 2122 2746 in
2140 2719 2256 2746 metallis
2280 2728 2337 2754 rep

315 2770 348 2797 ad
362 2768 535 2796 Decemuiros
553 2766 649 2793 referri
663 2765 746 2792 iubet.
783 2764 857 2800 Conf.
872 2764 947 2791 Idem
961 2764 990 2790 in
1003 2763 1089 2790 Pison.
1108 2772 1130 2788 c.
1143 2770 1184 2796 37.
1219 2759 1284 2788 Cod.
1298 2759 1359 2786 Iust.
1415 2759 1587 2795 perficiantur
1606 2764 1651 2785 etc.
1695 2756 1743 2785 Sed
1759 2756 1929 2783 emendatiora
1942 2757 2092 2792 exemplaria
2103 2757 2205 2793 legunt,
2223 2756 2256 2782 In
2268 2755 2346 2782 massa

315 2815 360 2837 ιο,
373 2812 412 2840 73.
450 2803 516 2831 Cod.
529 2802 668 2829 Theodos.
688 2810 731 2834 12,
756 2810 790 2834 13,
818 2801 899 2837 ibique
916 2807 998 2826 utrum
1018 2809 1046 2826 ue
1060 2796 1207 2833 Gothofrqd.
1246 2797 1360 2822 Breuitcr
1370 2801 1402 2829 75
1412 2801 1504 2822 mento
1521 2794 1632 2830 capitur.
2355 2790 2373 2825 ‚⁴
2387 2799 2391 2802 ·

314 2843 390 2869 Seru.
402 2839 436 2867 ad
449 2841 514 2866 Aen.
530 2844 554 2871 8,
567 2846 612 2873 721
634 2837 714 2871 Qiod
728 2845 742 2863 a
757 2835 836 2864 vietis
850 2835 972 2871 gentibus
990 2844 1007 2862 o
1047 2834 1189 2861 concessam
1208 2831 1361 2858 immunita·
1453 2835 1675 2859 Avicnnivs.
1711 2827 1772 2854 Adi.
1827 2827 1880 2860 Vt,
1900 2826 2011 2854 Auraria
2033 2826 2140 2854 metalla
2164 2825 2230 2853 Plin.
2250 2833 2293 2861 37,
2311 2833 2347 2853 12.
2372 2821 2388 2845 ³5
2419 2852 2423 2855 ,

315 2884 370 2905 tem
381 2873 608 2910 triumphantibus
622 2872 779 2899 donabatur.
814 2871 895 2898 Aliud
908 2872 1073 2898 Coronatum
1083 2878 1177 2896 aui-uin
1196 2868 1257 2895 Stat.
1266 2867 1332 2894 Silii.
1340 2875 1363 2899 3,
1416 2867 1566 2902 Negotium
1579 2865 1661 2893 Plaut.
1675 2863 1767 2891 Bacch.
1782 2871 1805 2896 2,
1820 2871 1846 2896 2,
1859 2871 1895 2896 51.
1965 2862 2066 2889 statera
2078 2862 2184 2889 auraria
2201 2862 2315 2897 pendere
2327 2862 2358 2888 V
2379 2879 2382 2895 3
2407 2870 2409 2873 ¹

315 2924 345 2948 4,
359 2922 384 2940 2.
405 2919 488 2947 nempe
506 2911 547 2937 vel
560 2911 640 2945 Pyxis
651 2918 735 2941 auri-a,
743 2907 857 2944 formam
874 2917 976 2934 coronae
994 2906 1101 2937 babens,
1118 2906 1159 2931 vel
1177 2905 1304 2936 circulus,
1323 2906 1364 2929 cui
1419 2904 1492 2930 Non.
1506 2904 1533 2935 6,
1540 2911 1580 2937 41.
1616 2900 1743 2928 Aur-arius
1756 2900 1849 2926 Canon
1861 2898 1879 2925 l.
1894 2906 1922 2925 10
1937 2898 2010 2925 C.de
2024 2899 2136 2925 excusat.
2150 2907 2222 2925 mun.
2237 2899 2255 2925 s.
2267 2896 2378 2924 Penfita

315 2950 435 2985 implexae
453 2956 533 2974 comat
547 2947 646 2973 Earini.
714 2944 773 2970 Sen.
786 2944 816 2970 in
828 2943 938 2977 Hippol.
954 2951 996 2975 321
1017 2943 1102 2969 Crura
1117 2939 1250 2967 Distin&o
1268 2939 1364 2974 religa·
1417 2939 1488 2966 raria
1508 2938 1525 2965 l.
1539 2947 1552 2964 2
1573 2938 1602 2965 C.
1616 2936 1649 2964 de
1665 2935 1754 2963 fundis
1767 2934 1911 2969 patrimon.
1937 2943 1997 2970 quae
2017 2941 2041 2960 et
2059 2933 2182 2967 funelio,
2200 2937 2259 2960 item
2277 2942 2305 2960 ue
2323 2941 2383 2968 pra

317 2985 358 3012 vit
376 2993 461 3016 auro,
487 2986 505 3009 i.
523 2984 607 3009 aureis
624 2980 762 3007 cothurnis.
831 2978 913 3004 Diues
932 2987 1024 3005 aurum
1040 2979 1138 3005 Lucan.
1159 2976 1192 3003 ad
1205 2976 1290 3002 Pison.
1306 2980 1363 3005 208.
1374 2980 1406 3007 80
1418 2975 1524 3002 auraria
1549 2979 1670 3006 vocatur,
1692 2978 1716 2999 et
1726 2970 1878 3006 fimpliciter
1898 2970 2012 2996 Auraria
2036 2970 2053 2996 1.
2074 2978 2105 3003 ²9
2132 2970 2162 2997 C.
2175 2969 2260 2996 Theo
2279 2989 2287 2996 .
2305 2968 2337 2996 de
2356 2967 2385 2996 [ι’

317 3020 428 3048 Fadium
441 3027 552 3050 aurum,
569 3017 632 3054 quid
635 3015 690 3051 fit,
709 3013 766 3042 ICti
781 3013 917 3050 disputant.
952 3013 1091 3040 Audiamus
1105 3013 1210 3048 leian.
1227 3012 1244 3038 l.
1259 3019 1293 3046 27
1312 3009 1363 3048 §.4
1417 3010 1535 3046 praepos.
1553 3016 1608 3036 erat
1620 3005 1758 3045 praestatio
1777 3016 1792 3033 a
1809 3005 1986 3033 mercatoribus
2005 3012 2028 3032 st
2041 3005 2238 3042 negotiatoribus
2255 3005 2368 3042 conferri

317 3056 350 3083 de
370 3057 444 3083 Auro
463 3055 581 3089 Argento
599 3051 718 3084 munde,
739 3051 766 3078 Si
788 3047 891 3078 Fabium
909 3058 1003 3076 aurum
1022 3050 1138 3083 legatum
1158 3048 1212 3080 est,
1231 3055 1311 3074 omne
1332 3046 1365 3073 ad
1423 3046 1483 3075 Vid.
1498 3046 1580 3073 ICtos.
1637 3043 1736 3072 Marcia
1749 3042 1855 3069 aui-aria
1871 3047 1896 3068 et
1910 3042 2095 3076 margaritaria
2107 3041 2140 3068 de
2154 3042 2225 3068 sacra
2236 3041 2299 3074 via,
2319 3041 2373 3071 Ve,

319 3101 381 3119 cum
395 3091 524 3127 pertinet,
545 3088 588 3116 cui
603 3089 718 3123 legatum
731 3087 785 3120 est,
804 3094 837 3112 ex
852 3093 908 3121 quo
920 3093 987 3111 auro
1006 3084 1109 3119 aliquid
1121 3084 1156 3110 est
1169 3083 1291 3110 effectum
1327 3097 1363 3103 --
1417 3082 1484 3118 apud
1495 3083 1625 3109 Murator.
1639 3082 1701 3115 964.
1722 3080 1881 3106 Mereatur-ae
1901 3087 1987 3114 genus.
2183 3075 2205 3116 ff
2231 3085 2248 3104 2.
2269 3074 2387 3104 Aurar‘'-'

319 3128 404 3154 veluti
423 3127 485 3154 vasa
503 3133 598 3156 aurea,
617 3123 790 3155 emblemata,
810 3122 896 3157 ligna,
915 3129 1010 3148 aurum
1028 3118 1159 3146 muliebre
1194 3135 1239 3140 —-
1276 3117 1325 3146 Sed
1345 3117 1363 3144 fi
1420 3117 1582 3149 Fautoribus,
1598 3116 1652 3144 vid.
1667 3122 1758 3144 AvRA
1778 3123 1828 3150 pro
1838 3115 1949 3140 Fauore.
2382 3131 2386 3140 ,

320 3161 446 3198 infestum
467 3162 584 3197 legatum
602 3160 654 3193 est,
679 3158 752 3194 quod
771 3158 828 3185 eius
848 3158 885 3185 ita
903 3156 1004 3184 saeium
1024 3155 1076 3187 est,
1096 3161 1126 3181 vt
1143 3164 1176 3181 eo
1194 3154 1227 3181 ad
1242 3163 1314 3187 rem,
1331 3153 1364 3180 ad
1378 3157 1406 3185 85
1456 3159 1661 3186 AVRAR1A,
1676 3160 1715 3179 ae.
1751 3150 1772 3177 s.
1809 3149 2001 3186 [χρυσκργιῖσν]
2045 3149 2141 3182 Locus,
2161 3147 2206 3175 vbi
2225 3157 2312 3174 aurum
2328 3157 2379 3174 2⁴

321 3207 400 3233 quarn
414 3203 594 3232 comparatum
608 3195 644 3223 est
653 3215 661 3228 ,
681 3203 736 3222 non
749 3193 823 3230 poffis
838 3194 878 3220 vti
893 3192 946 3219 fine
958 3191 1121 3224 refectione,
1139 3190 1266 3225 quodque
1285 3189 1317 3217 ab
1331 3199 1365 3216 eo
1419 3189 1522 3218 Fodina
1536 3189 1656 3221 auraria,
1668 3187 1722 3222 flue
1733 3186 1900 3222 Aurifodina.
1937 3185 2030 3212 Tacit.
2044 3185 2111 3211 Ann.
2125 3186 2152 3217 6,
2167 3192 2198 3217 19
2217 3183 2344 3211 Ani-arias

322 3239 394 3269 patre
406 3234 520 3260 familias
534 3232 626 3259 infecti
639 3239 752 3258 numero
764 3229 865 3262 fuerat,
885 3228 993 3256 videtur
1009 3227 1123 3262 legatum
1139 3227 1194 3252 efl'e.
1231 3226 1258 3252 Si
1276 3232 1365 3252 autem
1419 3225 1553 3254 Tiberius
1567 3224 1689 3260 seposuit.
1724 3221 1792 3250 Add.
1807 3221 1899 3248 Iustin.
1912 3226 1935 3253 8,
1949 3230 1971 3254 3,
1987 3229 2024 3247 12.

322 3271 425 3296 Aurum
442 3270 485 3295 vel
498 3270 643 3304 Argentum
651 3266 677 3302 fi
704 3273 779 3293 iatum
796 3265 911 3300 legatum
932 3264 983 3295 est;
1004 3263 1032 3290 id
1050 3262 1238 3298 paterfamilias
1258 3261 1366 3288 videtur
1456 3267 1566 3289 AVRA
1576 3267 1597 3288 T
1609 3266 1628 3287 ο
1638 3267 1674 3293 R,
1692 3258 1757 3286 oris.
1791 3258 1850 3284 Vet.
1865 3256 1944 3283 Gloff.
1964 3255 2098 3292 χρυσωτήε.

322 3305 477 3332 testamento
492 3304 597 3339 legasse,
615 3312 669 3339 quo
702 3303 758 3330 eius
769 3301 859 3336 aliqua
872 3301 959 3328 forma
973 3299 1009 3326 est
1023 3299 1183 3334 expressum,
1202 3299 1281 3324 veluti
1298 3306 1365 3332 quae
1458 3304 1508 3324 Αν
1518 3303 1592 3323 REA
1602 3302 1687 3323 Tvs.
1743 3292 1803 3320 Adi.
1856 3293 1947 3319 Sidon.
1965 3293 2054 3320 Carni.
2072 3300 2106 3325 9,
2125 3292 2178 3325 296
2209 3291 2241 3318 In
2261 3289 2351 3318 castris
2374 3303 2377 3310 v

322 3340 441 3375 Philippi
456 3340 527 3370 sunt,
546 3340 663 3375 itemque
674 3338 846 3370 nomismata,
859 3342 885 3363 et
898 3335 1002 3363 similia.
1039 3334 1143 3361 Paullus
1158 3334 1174 3360 l.
1189 3342 1216 3366 32
1237 3331 1259 3370 §.
1275 3342 1284 3360 1
1304 3333 1363 3360 eod.
1369 3344 1404 3369 90
1419 3338 1460 3360 ter
1481 3338 1613 3360 aureatus.
2362 3343 2364 3345 >

324 3377 399 3404 Auro
414 3374 494 3402 Fauo
506 3374 711 3402 adnumerantur
725 3379 843 3409 gemmae
859 3371 946 3399 anulis
962 3371 1079 3398 inclusae
1113 3383 1158 3389 --
1193 3369 1306 3400 Cymbia
1326 3378 1366 3396 ar·
1458 3376 1480 3396 A
1489 3375 1510 3395 ν
1519 3376 1537 3395 R
1547 3375 1563 3395 E
1573 3375 1593 3394 v
1602 3374 1625 3393 S.
1667 3364 1728 3394 Adi.
1771 3365 1896 3400 [χρειω-ἔς,
1909 3375 1932 3397 χ
1947 3362 2036 3396 υσεῖος]
2078 3360 2152 3397 Qiod
2163 3359 2196 3395 est
2210 3371 2239 3388 ex
2253 3363 2335 3393 auro?

324 3418 417 3448 gentea
431 3410 522 3438 crustis
537 3410 624 3437 aureis
641 3411 743 3445 illigata
757 3420 762 3436 :
784 3409 951 3444 margaritae,
960 3415 1028 3443 quae
1044 3406 1081 3433 ita
1096 3405 1259 3432 ornamentis
1271 3405 1367 3432 mulie·
1420 3405 1523 3431 colorem
1535 3406 1608 3436 auri,
1629 3402 1670 3429 vel
1675 3403 1786 3437 pretium
1799 3400 1873 3433 adeo,
1894 3400 1926 3426 ha
1942 3405 1982 3432 et,
2005 3405 2051 3431 vt,
2065 3398 2168 3424 Aureae
2181 3397 2288 3430 literae,
2307 3398 2360 3433 qui.

324 3448 419 3476 bribus
438 3451 575 3473 contextae
595 3446 652 3472 sunt
665 3465 673 3478 ‚
698 3453 727 3474 vt
744 3445 775 3472 in
792 3445 834 3472 his
852 3443 969 3479 aspectus
993 3443 1051 3469 auri
1073 3441 1209 3477 potentior
1227 3440 1256 3466 sit
1270 3460 1277 3472 ‚
1299 3448 1367 3467 auro
1421 3440 1481 3475 phis
1502 3440 1651 3466 consecrata
1672 3436 1795 3465 Chilonis
1814 3441 1950 3471 praecepta
1967 3440 2085 3461 memorat
2104 3432 2170 3460 Plin.
2185 3441 2219 3468 7,
2234 3441 2273 3466 32.
2314 3433 2360 3464 Et,
2380 3434 2384 3439 '

326 3483 398 3511 t'ac'to
422 3482 628 3509 adnumerantur
649 3489 694 3508 etc.
746 3480 845 3517 Virgil.
857 3481 922 3507 Aen.
943 3487 986 3511 10,
1008 3485 1056 3513 527
1086 3477 1151 3504 Sunt
1173 3477 1232 3502 auri
1251 3476 1368 3510 pondera
1422 3476 1496 3502 bulla
1514 3475 1595 3502 Plaut.
1609 3472 1678 3501 Rud.
1693 3481 1722 3506 4,
1735 3482 1763 3507 4,
1777 3480 1832 3507 127.
1904 3472 1981 3498 Aetas
1994 3477 2072 3496 aurea
2085 3468 2167 3496 Ouid.
2182 3469 2246 3496 Met.
2260 3477 2288 3501 i,
2301 3473 2343 3501 89.
2363 3485 2367 3490 ·
2380 3490 2383 3494 ,
2424 3466 2426 3474 “

326 3519 401 3547 Facti
413 3517 509 3546 inseeti
530 3526 562 3543 ue
581 3516 657 3544 mihi.
711 3517 772 3544 Liu.
788 3525 831 3551 34,
844 3519 860 3543 6
883 3516 998 3543 Cautum
1016 3519 1088 3545 erat,
1106 3521 1161 3547 quo
1182 3520 1214 3537 nc
1233 3512 1290 3546 plus
1309 3512 1367 3539 auri
1377 3518 1408 3543 95
1422 3512 1473 3538 Sat.
1489 3519 1512 3544 2,
1528 3516 1556 3545 58
1575 3509 1714 3544 Praecipui
1727 3508 1820 3541 sunto,
1833 3507 1917 3542 fitque
1929 3506 1983 3534 illis
1997 3512 2075 3532 aurea
2087 3503 2178 3531 barba.
2226 3505 2330 3538 Praecip

326 3562 352 3582 ct
365 3554 467 3590 argenti
480 3553 506 3580 sa
536 3553 562 3586 i,
580 3561 635 3587 quo
653 3561 689 3579 ne
711 3553 768 3586 plus
781 3552 873 3588 [ignati
885 3550 986 3587 argenti
998 3556 1024 3576 et
1036 3549 1103 3576 aeris
1116 3547 1190 3574 domi
1205 3547 1369 3574 haberemus.
1424 3547 1537 3579 deorum,
1549 3545 1576 3581 Ji
1588 3554 1663 3573 aurea
1675 3545 1730 3571 illis
1743 3543 1819 3571 barba
1832 3543 1950 3570 addatur.
1990 3539 2048 3568 Vid.
2062 3539 2132 3566 Suet.
2146 3539 2230 3574 Calig.
2239 3547 2266 3572 52
2286 3539 2318 3565 In
2329 3546 2387 3575 pus«,

331 3591 444 3618 Fuluum
458 3598 567 3620 aurum,
584 3587 638 3614 vid.
655 3594 793 3615 1ssVva9.
830 3587 930 3620 Fufile,
951 3584 1084 3623 Liquidum
1098 3582 1179 3611 Ouid.
1189 3584 1251 3609 Met.
1267 3592 1298 3615 ιι,
1315 3585 1369 3610 126.
1424 3581 1542 3618 proccffit
1576 3595 1623 3601 —
1658 3579 1741 3607 modo
1760 3579 1788 3606 in
1801 3577 1914 3614 crepidis
1947 3589 1993 3597 —
2026 3575 2184 3610 plerumque
2205 3583 2271 3602 vero
2289 3582 2359 3606 aure
2381 3576 2391 3588 ¹*

328 3627 357 3652 de
370 3626 444 3654 Mida
459 3625 537 3652 bibere
548 3625 652 3651 volente.
715 3623 883 3651 Gemmatum
893 3643 901 3656 ,
920 3624 1031 3650 Gammae
1042 3629 1103 3647 auro
1118 3617 1224 3654 inclusae
1236 3619 1370 3645 Stat.Silu.
1425 3619 1529 3645 fulmen
1541 3623 1649 3650 tenens,
1669 3625 1697 3643 ac
1712 3615 1858 3648 fuscinam,
1875 3619 1920 3641 aut
1936 3610 2093 3642 caduceum,
2114 3610 2225 3638 deorum
2240 3609 2360 3645 insignia.
2384 3613 2385 3616 ’
2418 3610 2420 3612 ’

330 3670 353 3694 3,
365 3671 393 3695 4,
406 3670 450 3696 94·
471 3666 497 3688 tt
510 3659 627 3688 Martial-
643 3667 683 3691 ¹4,
696 3666 751 3691 ¹09-
823 3659 970 3694 Implexum
985 3655 1103 3685 crinibus
1116 3663 1210 3681 aui-uni
1224 3654 1288 3680 Plin.
1298 3663 1334 3687 33,
1351 3663 1369 3681 ι.
1427 3655 1505 3681 saries
1524 3652 1622 3688 Virgil.
1637 3653 1701 3679 Aen.
1716 3657 1739 3685 8,
1755 3653 1812 3685 639.
1881 3647 1981 3679 Color,
1995 3646 2063 3673 Auri
2075 3647 2177 3673 colorem
2189 3646 2303 3683 referens
2316 3644 2363 3672 Pli'
2380 3665 2382 3667 -

329 3697 475 3730 infectum,
494 3695 548 3724 vid.
562 3702 590 3731 p.
603 3705 627 3722 α.
642 3693 758 3721 Factum.
793 3695 862 3721 Add.
878 3695 939 3721 Liu.
954 3702 995 3728 34,
1010 3701 1048 3726 52.
1112 3692 1242 3717 Intcxtum
1255 3689 1508 3718 vestibusiooOuid.
1523 3690 1587 3715 Met.
1600 3696 1638 3721 12,
1651 3696 1696 3721 395
1716 3686 1801 3714 Barba
1814 3690 1870 3712 erat
1882 3682 2027 3717 incipiens,
2045 3680 2143 3709 barbae
2162 3682 2237 3710 color
2248 3689 2358 3714 aureus,
2368 3692 2375 3699 >
2413 3681 2421 3717 ἱ,

330 3732 411 3760 Ouid.
425 3734 488 3759 Met.
501 3734 528 3764 6,
543 3734 597 3759 166.
668 3729 735 3756 Leui
751 3738 842 3756 manus
859 3730 986 3757 labuntur
997 3729 1031 3756 ab
1042 3736 1108 3756 auro
1117 3747 1124 3759 ,
1146 3726 1175 3752 de
1189 3726 1258 3751 Helle
1266 3723 1371 3761 frustra
1427 3735 1478 3761 que
1513 3725 1549 3751 Ex
1563 3724 1683 3750 humeris
1697 3722 1800 3750 medion
1813 3727 1888 3747 coma
1901 3716 2071 3746 descendebat
2086 3718 2114 3744 in
2127 3726 2223 3745 armos.
2295 3715 2387 3751 Conis·
2412 3747 2420 3752 ,.

329 3768 411 3794 Ianam
424 3771 513 3795 arietis
520 3765 685 3803 prehendente
704 3765 789 3792 Valer.
805 3766 902 3799 Argon.
923 3774 948 3798 1,
968 3774 1028 3801 290.
1101 3763 1194 3790 Latum
1215 3762 1307 3787 quen.
1321 3761 1372 3787 Sat.
1426 3771 1471 3789 rea
1485 3761 1560 3794 Virg.
1575 3761 1640 3786 Aen.
1655 3767 1682 3794 7,
1697 3764 1750 3791 189,
1767 3758 1867 3788 irmiia,
1882 3761 1912 3781 vt
1924 3754 1981 3780 vult
1994 3752 2108 3780 Seruius.
2144 3753 2193 3782 Sed
2204 3749 2284 3789 1³⁰³}st
2295 3747 2377 3783 etia'm

331 3810 370 3834 io,
384 3811 425 3837 27.
444 3807 461 3829 i.
492 3804 586 3830 oculum
598 3803 712 3838 amplum.
767 3801 878 3827 Lentum
891 3801 972 3828 Ouid.
987 3801 1019 3827 de
1032 3801 1094 3827 Arte
1107 3799 1165 3826 Am.
1180 3805 1202 3830 3,
1218 3804 1267 3828 ¹23-
1320 3796 1371 3822 Mi·
1426 3799 1499 3833 iungi
1510 3805 1563 3822 cum
1579 3795 1666 3829 virga,
1683 3790 1804 3829 etsi-andi
1814 3789 1902 3826 versus
1911 3795 1960 3852 ἰρει·
1976 3787 2113 3829 §uniusne
2184 3789 2280 3816 Horat.
2295 3786 2343 3822 Epi
2438 3807 2440 3809 >

329 3847 390 3864 cans
407 3839 462 3865 Oui
484 3839 561 3866 .Met.
576 3847 597 3874 2,
612 3846 634 3864 2.
706 3835 833 3864 Nitidum
851 3835 889 3863 Id.
903 3835 970 3863 ibid.
982 3845 1009 3869 9,
1023 3838 1078 3867 688.
1147 3832 1285 3864 Obryzum
1304 3830 1371 3857 Plin.
1427 3838 1458 3863 28
1475 3833 1566 3861 Aurea
1578 3831 1667 3865 fruges
1679 3828 1771 3857 Italiae
1785 3825 1865 3861 pleno
1877 3825 1910 3852 de
1924 3823 2002 3852 undit
2013 3825 2098 3859 Copia
2112 3833 2204 3852 cornu.
2241 3822 2325 3858 Copia
2358 3835 2369 3851 1
2382 3822 2387 3839 ἵ
2405 3821 2414 3834 '⁴

329 3882 368 3907 33.
382 3882 403 3905 3·
431 3883 457 3899 v·
469 3873 494 3900 h·
508 3883 533 3900 v·
604 3872 771 3908 Philippeum
784 3870 866 3899 Phut·
880 3872 957 3899 Cure-
973 3881 993 3903 3.
1007 3879 1051 3907 70·
1121 3869 1220 3904 Pingue
1241 3867 1307 3895 Purs·
1320 3866 1371 3893 5³³-
1383 3870 1503 3904 105Deam
1516 3867 1648 3894 ubertatit.
1719 3861 1797 3890 Di&-
1808 3869 1904 3894 aurea,
1923 3859 2096 3897 elegentifflma
2112 3867 2137 3893 gt
2149 3862 2270 3888 maximae
2283 3860 2324 3886 vei
2351 3872 2362 3883 .'
2377 3870 2379 3872 v
2422 3852 2424 3860 ’
2471 3850 2474 3861 “

884 3943 915 3984 0
