2474 4182
266 165 348 202 ¹103
641 154 674 193 C
772 151 809 190 O
898 152 942 191 N
1802 150 1835 190 C
1917 151 1953 191 O
2033 147 2136 192 N*
2301 123 2455 217 ,11047

268 240 383 267 delatum
398 246 423 267 et
437 241 526 268 datum
541 244 670 276 (anulum)
696 247 724 268 vt
749 242 774 279 se
795 241 827 267 ad
852 250 913 267 eum
936 241 1116 268 conciliarem.
1172 239 1212 274 Est
1234 243 1317 277 igitur
1417 241 1712 275 CONCILIJ‘tTvs,
1725 251 1748 272 a,
1762 251 1816 268 um.
1855 242 1948 268 Partic.
1969 241 2199 279 [συνηλλαγμέγος]
2220 244 2332 279 Ρ11“11,17,
2345 243 2373 277 23
2393 231 2421 273 di
2452 237 2455 265 1

267 278 377 302 lenoniae
396 278 564 312 turpitudinis
585 278 690 303 cei-hum.
745 279 785 303 Sic
807 278 912 304 Sueton.
926 279 997 304 Caes.
1015 287 1052 310 50,
1067 287 1084 310 4
1111 277 1317 303 Existimabatur
1381 280 1479 303 ratione
1498 274 1651 308 arbustorum
1669 269 1769 313 [σῴσω
1782 299 1789 308 ,
1816 279 1887 304 Inter
1907 279 1932 303 se
1952 277 2030 303 obuii
2052 278 2208 312 miscentur,
2232 280 2422 316 alliganturque
2447 310 2450 316 ,
2468 293 2471 300 ·

270 312 384 338 Seruilia
404 315 483 339 etiam
504 314 585 339 tiliam
608 314 679 338 suam
693 313 818 338 Tertiam
839 314 944 340 Caesari
964 313 1116 339 conciliare.
1168 313 1214 340 S'cd
1234 313 1316 339 Plaut.
1381 322 1434 339 vna
1454 311 1604 343 conciliati,
1635 312 1815 346 virgultorum
1838 314 1966 340 comitatu
1991 313 2081 339 obiter
2097 314 2209 347 rigorati
2227 324 2278 349 qua
2297 315 2423 344 deficiant.
2472 301 2474 314 Ι

269 347 354 373 Trin.
369 357 394 380 2,
414 358 437 379 2,
458 358 499 380 10,-
527 349 601 374 Tute
616 348 647 374 ad
669 357 730 374 eum
750 348 842 381 adeas,
861 355 916 375 tute
931 350 1073 380 concilies,
1092 354 1147 374 tute
1163 349 1266 383 poscas,
1286 347 1319 373 aii
1383 347 1484 374 Mulier
1503 347 1644 374 conciliata
1663 348 1724 374 viro
1756 349 1851 376 CatulI.
1872 353 1916 384 67,
1939 358 1990 381 130.
2061 350 2099 375 Dc
2115 350 2191 375 seruo
2205 350 2272 376 male
2285 351 2421 379 conciliato
2452 363 2469 374 w

268 382 382 416 honestas
398 388 497 418 nuptias
509 388 629 418 pertinet.
677 385 714 410 Dc
727 387 846 420 nequitiis
859 386 962 412 Petron.
978 393 1023 418 ¹27
1048 384 1182 410 Feminam
1198 389 1318 410 ornatam
1343 388 1357 415 ς
1384 383 1479 409 dicium
1495 384 1564 409 modo
1578 392 1602 408 n.
1618 391 1640 409 2.
1713 384 1843 416 Qiinffil.
1859 396 1885 419 4,
1901 395 1921 415 2,
1934 394 1965 417 :4
1994 383 2034 410 Ad
2047 393 2104 411 rem
2118 384 2296 418 accipiendam
2311 385 2424 416 iudicem
2451 386 2456 413 1
2470 402 2474 410 .

304 433 350 438 -
387 419 502 445 concilio
516 419 582 452 tibi,
602 428 619 445 o
632 420 746 452 iuuenis,
763 421 891 446 sororem.
933 421 989 447 Vini.
1009 426 1025 445 C
1037 426 1317 446 0NC11.1ATR1:<.
1384 419 1444 445 fieri
1457 419 1686 451 conciliatiorem,
1703 419 1861 447 dociliorem
1875 428 1900 447 et
1917 420 2098 447 intentiorem.
2150 420 2287 447 Est‘nobis
2305 421 2423 450 concilia.
2444 414 2474 456 s]

267 454 316 481 Sed
327 453 448 487 honestum
462 453 495 486 est
510 456 581 481 Caes.
590 456 616 481 B.
627 456 715 488 G.5,4
735 456 785 482 Eos
798 456 946 490 singulatim
955 455 1141 490 Cingentorigi
1155 455 1318 481 conciliauit.
1384 455 1493 482 tilI'unus
1505 454 1540 480 ob
1555 455 1626 481 vitae
1641 454 1820 488 integritatem
1841 456 1986 488 Symmacli.
2002 457 2046 490 Ep.
2062 464 2088 488 9,
2103 457 2143 488 36.
2396 474 2401 478 1
2414 467 2417 470 ·
2450 457 2452 491 J
2469 468 2474 493 3

270 490 416 517 Conciliari
431 490 499 516 mihi
513 500 574 517 eum
588 492 667 525 cupio
684 492 752 526 Nep.
767 501 792 524 2,
807 501 843 523 10,
859 502 876 518 1.
931 491 1086 518 Parentibus
1101 498 1126 517 ct
1142 491 1193 517 diis
1209 491 1317 517 immor·
1422 497 1438 517 C
1448 498 1467 518 O
1479 498 1499 516 N
1512 497 1528 516 C
1540 498 1547 516 1
1558 498 1573 517 L
1584 498 1592 516 1
1603 491 1680 516 ᾸΤΥ
1691 497 1704 515 S
1714 510 1721 522 ,
1744 489 1781 517 fis.
1803 499 1837 516 m.
1873 491 2034 526 [σύμφυσις]
2070 489 2218 524 Coninifflio.
2237 491 2424 528 Lucret.2‚93³4
2450 494 2451 518 E
2465 498 2474 532 fi

271 525 366 552 talibus
376 545 383 556 ,
398 531 423 550 et
437 526 536 559 patriae
550 536 596 553 nos
611 528 726 562 primum
741 535 833 554 natura
847 528 970 554 conciliat
984 528 1039 553 Cic.
1049 527 1081 553 de
1090 527 1182 561 Arusp.
1193 527 1266 560 Resp.
1277 535 1316 560 57.
1387 527 1452 554 Non
1466 527 1526 552 ficri
1539 533 1659 560 partum,
1676 525 1724 551 nili
1739 526 1853 552 concilio
1867 533 1925 553 ante
1939 527 2047 559 coae'to,
2084 527 2141 553 Nec
2156 526 2301 562 quidquam
2314 534 2424 556 commu-
2450 522 2474 554 Μ

272 563 345 587 Auro
359 562 516 588 conciliatur
529 572 604 589 amor
628 564 745 598 Propert.
760 573 781 596 3,
800 572 837 595 12,
852 573 891 595 50.
963 564 1017 589 Cic.
1034 564 1105 589 Fam.
1120 571 1156 592 12,
1170 571 1199 594 23
1228 563 1318 588 Profe·
1342 574 1372 592 10
1387 564 1438 589 tari
1452 563 1503 589 line
1517 562 1675 592 conciliatu,
1711 561 1792 595 istnc
1806 566 1995 598 congregatione
2008 572 2031 589 ct
2044 571 2186 598 coagmrnro
2195 562 2305 598 seminis.
2357 563 2424 598 Idsz,
2447 557 2474 594 ’.ξ’

271 596 327 622 &us
340 596 448 623 obuiam
463 597 614 632 legionibus
633 599 812 625 Macedonicis
825 607 953 634 quatuor,
977 608 1041 634 quas
1056 598 1105 625 fibi
1119 599 1262 625 conciliare
1277 607 1320 632 pe·
1386 607 1421 632 99
1447 599 1478 624 Et
1491 605 1665 632 quaecunque
1680 598 1763 632 magis
1782 597 1915 624 condenso
1929 599 2072 625 conciliatu
2091 598 2198 632 linguis
2211 597 2357 624 interuallis
2369 607 2424 628 corb
2444 598 2455 608 ''

270 632 347 657 cunia
368 633 508 667 cogitabat.
581 634 652 660 Idem
672 635 752 661 Acad.
772 645 799 668 4,
820 644 855 666 131
889 635 1004 661 Honeste
1022 642 1109 661 autem
1126 635 1219 661 viuere
1232 635 1321 660 frucn-
1382 642 1449 659 nexa
1463 633 1597 659 resultant.
1634 632 1703 659 Add.
1717 642 1736 666 1,
1745 641 1800 668 575.
1838 635 1866 660 Ει
1877 634 2242 668 Paruoconciliatucorpora,
2257 636 2274 658 i.
2283 641 2424 669 rara2,133.
2450 631 2452 638 ’

271 674 323 693 tem
341 667 419 694 rebus
434 668 489 700 his,
513 678 577 704 quas
588 671 686 705 primas
700 671 804 696 homini
824 677 916 696 natura
936 670 1076 703 conciliet,
1095 676 1120 696 ct
1136 678 1209 696 vetus
1223 669 1320 696 Acade·
1418 675 1462 695 CO
1474 677 1493 695 Ν
1504 674 1520 694 C
1531 676 1538 694 1
1549 676 1564 694 L
1576 676 1584 695 1
1594 670 1645 695 AT
1655 675 1673 695 O
1683 676 1702 695 R
1717 689 1725 701 ‚
1758 669 1823 695 (πίε.
1855 679 1890 695 m.
1928 669 2124 703 [συναλλακἼής,
2150 667 2313 703 διοιλλοικἿής]
2349 669 2451 702 Intersit

272 704 326 729 mia
341 705 456 737 censuit,
475 712 520 731 etc.
594 707 624 732 Et
639 716 687 740 pro
702 707 775 733 Rosc.
793 708 882 732 Amer.
896 709 925 739 63
957 708 1048 739 Quini
1064 707 1142 732 etiam
1166 706 1234 730 feras
1249 705 1320 730 inter
1377 711 1439 739 pres
1452 705 1644 730 conciliationis.
1681 705 1823 731 Amicitiae
1844 705 1912 732 Suet.
1927 705 1993 739 Aug.
2008 714 2028 730 c.
2041 711 2082 738 48.
2127 705 2291 740 Nuptiarum
2309 704 2415 739 Nepss,
2430 720 2431 723 =

272 739 338 769 sese,
357 746 444 773 partus
464 747 543 775 atque
563 742 685 768 educatio
704 738 729 768 ct
743 749 835 768 natura
856 743 910 777 ipsa
924 743 1057 768 conciliet.
1129 742 1255 766 Amorem
1270 739 1319 765 sibi
1340 746 1365 772 ις
1384 749 1419 772 12,
1436 748 1459 766 2.
1516 740 1680 766 Proditionis
1702 741 1761 767 Liu.
1778 749 1821 775 27,
1837 749 1860 773 15
1882 748 1946 766 exlr.
2020 742 2096 767 Varr.
2112 742 2144 768 de
2157 743 2188 768 R.
2205 742 2235 767 R.
2249 748 2275 772 2,
2287 749 2314 773 4,
2326 745 2339 770 8
2402 746 2408 751 “

271 775 415 801 conciliare
432 775 465 802 ab
479 777 613 811 aliquibus
644 779 700 804 Cic.
716 787 764 812 pro
777 777 856 804 Arch.
881 787 909 813 17
924 787 945 804 c.
959 783 981 808 8.
1053 775 1133 803 Ouid.
1149 775 1227 809 Epist.
1243 777 1269 807 6,
1284 783 1321 808 94
1384 785 1425 802 res
1445 775 1507 802 0610
1529 776 1657 802 mensium
1678 776 1774 812 incipit
1788 777 1878 802 salire:
1908 782 2060 810 permanet,
2080 783 2109 803 vt
2126 777 2154 803 id
2167 777 2238 804 reete
2250 775 2338 802 facere
2349 784 2375 812 p=

272 810 343 836 Male
357 812 494 845 quaeritur
512 812 749 845 herbis,Moribus
761 820 786 840 et
804 814 890 840 forma
906 812 1086 839 conciliandus
1098 820 1181 836 amor.
1257 810 1321 836 Ani-
1384 811 1416 837 ad
1431 811 1557 846 primum.
1589 811 1684 838 deinde
1703 813 1724 838 it
1745 817 1834 843 retro,
1854 812 1941 847 quoad
1963 813 2101 847 perueniat
2116 813 2153 839 ⁴ad
2173 813 2284 839 lanium.
2304 810 2347 838 hie
2364 819 2415 843 ran}

272 855 346 872 mum
360 848 472 874 alicuius
487 850 630 875 conciliare
645 849 694 876 fibi
713 850 772 876 Liu.
790 858 809 882 1,
824 858 859 883 35.
917 851 963 874 Ρ31·
976 854 1043 873 aetas
1057 847 1160 872 animos
1176 846 1320 873 conciliare
1384 847 1543 874 conciliator
1558 847 1650 873 suillae
1669 848 1753 874 carnis
1765 848 1839 874 datus
1852 847 1961 882 populo.
2335 864 2340 868 —
2364 866 2365 871 .
2420 845 2439 857 ''

271 882 336 908 solet
350 884 379 909 C.
393 884 484 909 Gallus
497 885 567 919 Eleg.
582 894 607 917 2,
621 894 662 918 54.
737 886 846 911 Animos
860 885 1003 917 coniugum
1016 882 1141 908 conciliat
1154 888 1241 916 partus
1261 883 1318 909 Sen.
1417 890 1462 910 co
1473 890 1493 909 N
1503 884 1669 910 C1L1ATTR
1681 891 1717 911 ix
1727 905 1734 916 ,
1766 884 1822 910 icis.
1850 884 1870 910 f.
1906 882 2079 919 [προξενήτρια
2098 883 2157 909 Vct.
2172 882 2273 916 Gloffi]
2319 881 2359 909 Ea.
2422 884 2423 889 ¹

272 919 350 944 Herc.
373 920 431 945 Oet.
451 928 514 954 407.
587 921 697 947 Animos
718 921 836 947 iudicum
857 920 905 945 libi
927 918 1072 944 conciliare
1105 917 1239 951 Qiinciil.
1257 928 1284 951 4,
1301 927 1318 944 1.
1333 929 1367 947 20
1384 924 1443 951 tur,
1473 921 1499 944 in
1519 922 1557 945 uit
1576 919 1680 952 Festus,
1712 929 1780 955 quae
1801 919 1868 946 viris
1891 919 2016 945 conciliat
2028 927 2139 951 vxores,
2165 924 2190 944 ct
2209 916 2338 945 vxoribus
2349 917 2377 944 v'
2414 924 2418 933 ²

271 953 352 980 Plaut.
366 955 449 981 Trin.
464 964 488 987 z,
502 964 528 989 4,
542 965 578 989 42
604 957 679 983 Meus
694 964 783 991 gnatus
797 964 838 981 me
851 954 882 980 ad
895 961 920 979 te
935 954 1020 986 misit,
1042 954 1112 980 inter
1127 956 1151 980 se
1164 960 1244 988 atque
1257 960 1318 980 tuos
1384 955 1441 981 Cic.
1456 954 1488 980 de
1532 960 1566 981 at.
1580 955 1660 982 Deor.
1684 965 1704 988 1,
1719 961 1750 990 78
1766 965 1787 981 c.
1805 964 1836 990 27
1871 955 1935 982 Non
1949 955 2025 981 vides
2046 964 2125 989 quam
2141 953 2237 980 blanda
2255 952 2382 980 concilia:
2438 957 2439 961 ’

270 988 425 1017 affinitatem
439 997 467 1017 vt
480 992 660 1018 conciliarem.
707 994 787 1018 Arma
800 990 848 1016 libi
868 991 943 1023 Virg.
959 990 1024 1016 Aen.
1040 999 1077 1020 10,
1092 998 1139 1022 151,
1157 993 1174 1016 i.
1184 993 1267 1026 jocios
1280 1001 1321 1017 ar·
1383 996 1408 1016 ct
1423 999 1502 1025 quam
1517 991 1557 1016 sui
1570 991 1615 1022 fit,
1637 991 1695 1018 lena
1710 992 1763 1026 ipsa
1777 992 1887 1018 natura?
1960 991 2000 1018 Sic
2019 987 2134 1016 Vid‘uam
2154 991 2202 1016 effe
2216 988 2321 1021 censui,
2343 988 2371 1015 it

270 1033 358 1052 mator.
431 1027 506 1053 Artes
520 1029 576 1053 suas
588 1027 680 1059 dic-iis,
715 1025 747 1059 est
767 1026 855 1052 Verbis
876 1027 955 1052 alicui
969 1025 1135 1052 commendare
1150 1034 1229 1052 artem
1237 1026 1320 1061 fitam,
1383 1026 1477 1053 ancilla
1487 1047 1494 1058 ,
1514 1027 1682 1053 conciliatrix
1698 1036 1764 1062 quae
1779 1033 1850 1059 erat,
1867 1026 1971 1053 dicebat
1984 1025 2053 1052 mihi
2073 1026 2155 1052 Plaut.
2163 1025 2223 1052 Mil.
2236 1033 2258 1058 ς,
2273 1032 2310 1059 17.
2339 1028 2341 1030 ’

268 1068 313 1087 aut
325 1068 385 1096 opus
400 1062 501 1098 aliquod
513 1067 579 1089 artis·
586 1065 646 1098 sitae
671 1061 752 1087 Ouid.
767 1061 853 1088 Trist.
866 1069 889 1093 3,
906 1070 936 1092 11,
950 1071 991 1095 42.
1063 1061 1259 1088 Auctoritatem
1282 1062 1321 1088 rei
1382 1062 1500 1089 ciliatrix
1513 1062 1664 1095 amicitiae,
1684 1063 1793 1090 virtutis
1807 1063 1901 1098 opinio
1928 1063 1983 1089 Cic.
1999 1062 2030 1088 de
2044 1062 2150 1088 Amicit.
2166 1070 2197 1096 37
2210 1071 2232 1087 c.
2247 1069 2280 1087 11.
2374 1088 2376 1090 ,

269 1096 351 1124 alicui
378 1098 443 1124 Plin.
465 1107 502 1131 33,
523 1107 540 1124 1.
614 1097 670 1123 Cic.
685 1098 756 1123 Fam.
778 1107 805 1130 4,
826 1106 849 1129 13
879 1098 956 1124 Τ11111
977 1096 1101 1123 omnibus
1120 1098 1213 1124 amicis
1233 1106 1320 1130 care0,
1338 1109 1368 1135 25
1381 1098 1550 1125 conciliatrix
1564 1098 1600 1124 est
1614 1098 1742 1125 humanae
1757 1100 1873 1126 maxime
1886 1099 2016 1125 societatis
2047 1098 2119 1124 Idem
2136 1097 2168 1124 de
2185 1095 2277 1131 Legib.
2293 1104 2313 1129 1,
2327 1103 2358 1130 27
2374 1110 2379 1117 ι

270 1141 387 1167 quorum
401 1133 612 1160 Beniuolentiam
626 1133 703 1159 nobis
716 1133 870 1159 conciliarat
883 1142 929 1168 per
949 1142 991 1159 me
1004 1132 1138 1168 quondam
1152 1140 1177 1159 te
1190 1134 1263 1159 socio
1277 1133 1319 1159 de·
1421 1140 1438 1161 c
1450 1140 1469 1160 o
1478 1140 1499 1159 N
1511 1140 1528 1160 C
1539 1141 1548 1160 1
1559 1142 1573 1160 L
1585 1141 1592 1160 1
1604 1141 1625 1161 A
1635 1141 1656 1160 Τ
1665 1142 1683 1161 R
1694 1143 1702 1161 1
1712 1143 1728 1162 C
1737 1133 1757 1160 ὕ
1766 1141 1811 1162 1.Α
1828 1156 1836 1167 ,
1860 1143 1898 1161 ac.
1922 1135 1942 1160 f.
1978 1134 2080 1161 Dimin.
2118 1134 2173 1160 Cic.
2191 1142 2239 1168 pro
2252 1132 2322 1159 Sext.
2337 1135 2381 1165 ἵει]
2416 1137 2420 1141 ⁴

271 1169 342 1195 fene]
357 1169 520 1203 Respublica.
591 1168 665 1194 Idem
673 1169 705 1195 de
713 1170 787 1195 Orat.
803 1178 824 1201 2,
842 1178 890 1195 200
917 1169 1009 1203 Populi
1026 1169 1238 1195 Beniuolentiam
1252 1169 1321 1195 mihi
1383 1170 1444 1196 Erat
1457 1170 1528 1196 enim
1551 1169 1693 1197 hominum
1711 1171 1852 1206 opinioni,
1873 1169 2017 1197 nobilitate
2035 1171 2090 1205 ipsa
2109 1169 2205 1197 blanda
2224 1162 2394 1196 conciliaui&
2423 1162 2425 1166 ⁴

272 1205 450 1230 conciliaram.
499 1204 643 1230 Cat-itatem
659 1205 706 1230 libi
726 1205 764 1231 Id.
780 1204 811 1231 de
828 1205 884 1231 Fin.
907 1214 926 1237 1,
949 1213 971 1238 ς.
1023 1206 1095 1231 Caes.
1111 1205 1286 1239 Bell.Gall.7,
1302 1213 1320 1240 7
1383 1205 1590 1232 commendatus.
2413 1203 2415 1209 ’

270 1241 379 1265 Interim
395 1239 532 1266 Lucterius
546 1241 681 1266 Cadurcus
704 1241 732 1266 in
746 1241 863 1267 Rutenos
884 1241 971 1267 missus
991 1249 1049 1267 eam
1069 1241 1204 1267 ciuitatem
1222 1242 1320 1267 Aruer·
1419 1248 1437 1268 c
1449 1249 1468 1268 O
1478 1249 1499 1268 N
1509 1248 1698 1268 C11.1A'r10
1713 1261 1722 1274 ‚
1750 1241 1818 1268 onis.
1842 1241 1862 1268 f.
1900 1241 2065 1275 [συναλλαγὴ
2077 1262 2085 1274 ,
2116 1239 2242 1274 σίκείωσις]
2277 1239 2334 1266 Cic.
2370 1239 2386 1276 J
2400 1273 2403 1275 .

271 1276 308 1300 nis
323 1276 457 1301 conciliat.
530 1276 602 1302 Idcm
618 1276 680 1303 Bell.
696 1277 780 1303 Ciuil.
795 1285 817 1309 3,
833 1284 859 1309 55
887 1277 1037 1303 Nonnullas
1051 1276 1129 1303 vrbes
1144 1286 1190 1311 per
1206 1277 1261 1303 vim
1277 1285 1319 1302 cx—
1336 1287 1368 1311 30
1381 1286 1410 1310 4,
1426 1286 1468 1311 14¹
1499 1277 1647 1303 Honestum
1660 1284 1747 1303 autem
1761 1277 1834 1312 quod
1848 1278 1959 1304 ducatur
1971 1287 1986 1304 a
1999 1277 2189 1304 conciliatione
2202 1282 2319 1302 naturae.
2367 1286 2376 1299 κ

270 1311 414 1344 pugnauit,
434 1311 550 1345 reliquas
564 1313 684 1338 ciuitates
699 1312 878 1339 circummiffis
899 1312 1093 1347 legationibus,
1121 1313 1241 1339 amicitia
1256 1313 1319 1339 Cae·
1382 1314 1559 1340 Communem
1573 1313 1655 1339 totius
1668 1313 1771 1347 generis
1783 1313 1924 1340 hominum
1938 1313 2155 1340 conciliationem
2170 1317 2196 1340 et
2210 1309 2385 1339 consociati».
2402 1324 2416 1343 ,ι

268 1347 332 1372 saris
344 1347 486 1373 conciliare
502 1348 629 1374 studebat.
703 1349 758 1375 Cic.
769 1349 872 1380 Fam.3,
888 1357 916 1374 10
935 1349 989 1384 Ego
1003 1355 1090 1375 autem
1104 1349 1182 1375 citius
1197 1359 1256 1375 cum
1275 1357 1318 1381 cO,
1382 1349 1487 1381 colere,
1507 1350 1596 1380 tueri,
1616 1350 1719 1376 seruare
1733 1349 1859 1376 debemus
1879 1349 1952 1376 Idem
1965 1349 2018 1376 Off.
2034 1358 2043 1376 1
2058 1359 2080 1376 c.
2096 1358 2134 1383 41.
2191 1350 2223 1375 Et
2236 1347 2268 1374 de
2281 1346 2365 1374 Natu-¹
2381 1371 2386 1381 ¹
2407 1376 2410 1377 .
2424 1367 2426 1369 -
2441 1358 2443 1362 ⁴

269 1383 315 1417 qui
337 1388 393 1408 tuas
413 1384 568 1410 inimicitias
589 1384 750 1419 suscepisset,
776 1390 893 1411 veterem
914 1384 1131 1412 coniunctionem
1148 1384 1319 1417 diremissem,
1382 1393 1408 1416 2,
1428 1390 1460 1420 78
1489 1386 1560 1411 Inter
1581 1386 1659 1419 seque
1678 1385 1750 1420 quasi
1770 1386 1847 1412 ciuili
1867 1385 2057 1412 conciliatione
2080 1391 2106 1411 et
2125 1384 2250 1411 societate
2269 1383 2379 1409 coniun

269 1428 348 1452 quam
362 1428 460 1445 nouam
475 1419 662 1451 conciliassent,
733 1421 877 1447 Dominam
890 1420 970 1447 alicui
984 1420 1140 1447 conciliauit
1152 1429 1228 1446 amor
1248 1421 1319 1447 Mar·
1383 1421 1439 1447 Cic.
1455 1430 1504 1455 pro
1518 1421 1621 1447 Cluent.
1636 1426 1670 1454 84
1683 1430 1704 1447 c.
1718 1430 1744 1454 31
1766 1422 1800 1448 At
1813 1422 1885 1448 enim
1898 1422 2037 1457 pecuniam
2053 1421 2160 1448 Staleno
2174 1419 2248 1446 dedit
2261 1417 2378 1454 Oppiani*
2405 1420 2425 1429 “·

268 1454 322 1480 tial.
338 1463 375 1487 12,
391 1463 429 1484 cz.
486 1456 576 1481 Fidem
590 1456 618 1482 in
632 1456 744 1482 dicendo
758 1457 882 1483 conciliat
897 1456 1070 1491 amplificatio
1090 1457 1146 1483 Cic.
1157 1456 1184 1482 in
1195 1457 1317 1489 Partit.5.
1337 1463 1366 1490 33
1384 1465 1439 1483 non
1453 1457 1484 1483 ad
1498 1456 1722 1491 corrumpendum
1736 1457 1884 1491 iudicium,
1905 1458 1948 1484 sed
1961 1457 1994 1484 ad
2007 1457 2226 1484 conciliationem
2240 1455 2347 1490 gratiae.
2416 1460 2420 1465 “

270 1490 362 1516 Fidem
375 1490 488 1517 alicuius
497 1491 642 1517 conciliare
656 1493 742 1518 famae
760 1492 936 1519 Ouid.Trist.
947 1502 974 1526 4,
983 1500 1005 1525 ς,
1021 1501 1058 1526 14.
1131 1493 1211 1519 Certe
1225 1501 1284 1527 ego,
1298 1491 1316 1518 si
1384 1493 1416 1519 de
1429 1493 1486 1519 Fin.
1500 1501 1523 1525 3,
1537 1501 1562 1518 21
1589 1492 1676 1519 Ρ111113
1691 1493 1727 1519 est
1739 1494 1811 1519 enim
1831 1493 1986 1521 conciliatio
1999 1492 2118 1520 hominis
2132 1493 2164 1520 ad
2179 1501 2225 1525 ea,
2246 1499 2313 1526 quae
2326 1490 2342 1517 f
2429 1487 2437 1518 1
2451 1518 2453 1522 ,

269 1525 372 1557 sineres,
388 1527 494 1552 titulum
509 1526 559 1552 tibi
572 1526 682 1553 reddere
698 1527 806 1560 vellem,
823 1529 854 1553 Et
870 1537 957 1554 raram
971 1528 1057 1554 famae
1071 1528 1215 1554 conciliare
1229 1528 1317 1554 fidem.
1383 1529 1498 1554 cundum
1517 1535 1655 1560 naturam,
1674 1532 1692 1554 i.
1708 1527 1862 1556 Coniunffio.
2348 1534 2350 1538 ’

269 1562 391 1587 Gloriam
406 1562 530 1589 conciliat
544 1563 700 1597 magnitudo
713 1564 832 1598 negotii,
851 1564 962 1597 gratiam
977 1564 1117 1599 aequitatis
1131 1564 1240 1599 largitio
1261 1565 1317 1590 Cic.
1418 1570 1435 1590 c
1445 1571 1463 1590 o
1474 1570 1494 1589 N
1506 1570 1522 1590 C
1533 1571 1541 1589 1
1552 1571 1568 1589 L
1581 1571 1620 1590 1A
1630 1571 1651 1590 'r
1661 1565 1708 1590 VR
1717 1571 1754 1597 Α,
1775 1574 1813 1591 ae.
1827 1566 1846 1591 f.
1866 1567 1916 1592 Pro
1924 1566 2111 1592 Conciliatione.
2132 1562 2276 1599 Sen.Epist.
2287 1569 2322 1596 97
2340 1560 2445 1598 Qun·

268 1606 316 1631 pro
325 1598 445 1623 Muracn.
460 1606 490 1629 41
507 1607 579 1624 exzo.
617 1599 737 1625 Gratiam
745 1599 903 1625 conciliante
917 1599 1012 1626 ancilla
1029 1600 1134 1626 Petron.
1152 1608 1198 1626 112.
1236 1600 1319 1627 Plaut.
1382 1599 1495 1626 Clodius
1509 1600 1604 1626 iisdem
1617 1600 1693 1626 vitiis
1708 1600 1837 1635 gratiosus
1852 1600 1950 1636 quibus
1962 1609 2059 1627 nocens
2069 1621 2078 1633 ,
2099 1599 2286 1626 conciliaturas
2300 1605 2346 1624 exe
2427 1604 2435 1628 1

268 1634 342 1667 Capt.
360 1642 379 1665 1,
388 1641 420 1672 -2‚
434 1638 461 1662 28
477 1633 507 1672 ‘Si
522 1633 578 1659 vllo
591 1633 668 1668 paeto
683 1633 729 1659 ille
744 1635 803 1660 Huc
818 1635 957 1661 conciliari
971 1635 1070 1670 potest,
1088 1639 1106 1662 i.
1119 1636 1211 1662 reduci.
1255 1637 1319 1662 Gra-
1332 1648 1369 1674 40
1381 1636 1409 1662 in
1424 1636 1479 1670 ipsa
1493 1636 1584 1662 causae
1596 1635 1732 1668 dictione,
1760 1639 1779 1662 i.
1794 1636 1917 1663 iudicibus
1926 1637 1999 1673 suis,
2024 1644 2054 1663 vt
2061 1634 2185 1672 sestupri-
2194 1644 2261 1662 reum
2274 1634 2303 1660 ab
2315 1635 2339 1660 ol
2408 1652 2435 1669 ³„

267 1669 331 1695 tiam
346 1668 394 1694 sibi
409 1668 553 1695 conciliare
567 1678 614 1703 per
626 1678 683 1695 rem
703 1669 821 1704 aliquam
854 1671 910 1696 Cic.
928 1680 976 1705 pro
991 1672 1060 1706 Lege
1073 1672 1167 1698 Manil.
1180 1680 1223 1706 79.
1278 1673 1319 1697 Iu—
1375 1674 1538 1706 promitteret
1552 1671 1671 1707 srucium
1689 1672 1812 1698 libidinis.
1872 1674 1965 1708 Nempe
1978 1672 2082 1708 respicit
2100 1671 2134 1698 ad
2150 1671 2227 1704 illud,
2246 1680 2291 1706 quo
2319 1671 2359 1696 aio·
2379 1698 2386 1706 ⁷.
2407 1673 2409 1675 '
2429 1671 2443 1691 13

267 1704 407 1730 commoda
421 1704 501 1730 alicui
519 1705 623 1731 Lucret.
640 1714 662 1737 3,
676 1710 734 1739 877.
790 1704 925 1731 Inuidiam
938 1706 1019 1732 alicui
1037 1707 1144 1740 Ve11.2‚
1159 1710 1198 1739 56.
1252 1707 1319 1733 Lau-
1382 1708 1436 1733 Att.
1454 1714 1474 1738 1,
1495 1709 1524 1732 16
1546 1707 1607 1731 med.
1645 1707 1732 1733 Etiam
1753 1708 1844 1734 noctes
1862 1715 1994 1735 certarum
2013 1708 2175 1740 mulierum,
2196 1713 2275 1742 atque
2287 1699 2437 1746 adolQ

266 1740 328 1766 dem
342 1740 473 1766 maiorem
495 1740 627 1774 Qiinchl.
643 1749 668 1772 2,
681 1748 706 1774 7.
779 1741 893 1767 Miseros
905 1741 987 1775 magis
1000 1741 1109 1767 fortuna
1122 1743 1246 1768 conciliat
1260 1743 1319 1769 finis.
1382 1742 1501 1768 tulorum
1519 1741 1655 1768 nobilium
1672 1742 1888 1770 introductiones
1906 1753 1962 1770 non
1980 1744 2062 1770 nullis
2084 1743 2217 1770 iudicibus
2237 1751 2286 1777 pro
2305 1747 2346 1768 me
2436 1757 2437 1761 =

267 1776 324 1802 Seu.
345 1775 443 1802 Phoeu.
464 1779 519 1809 386.
590 1775 727 1811 Philippus
747 1776 907 1810 Olympiada
934 1785 1048 1803 vxorem
1070 1777 1143 1803 ducit
1161 1778 1320 1804 conciliante
1382 1777 1490 1803 cumulo
1505 1777 1624 1803 fuerunt.
2351 1787 2353 1790 ⁴
2379 1794 2382 1799 ·
2411 1788 2419 1805 ,ν-
2441 1787 2443 1809 ,’

267 1811 371 1846 nuptias
389 1811 484 1838 Arisba
516 1812 606 1838 lustin.
628 1820 654 1846 7,
668 1815 694 1844 6,
712 1821 749 1838 10.
821 1812 903 1839 Plaut.
917 1813 1001 1839 Trin.
1017 1822 1045 1846 4,
1059 1821 1085 1845 2,
1099 1821 1128 1845 14
1165 1814 1204 1839 Eo
1223 1813 1320 1838 condu-
1336 1820 1369 1846 45
1421 1819 1465 1839 co
1475 1818 1522 1838 Nc
1532 1820 1541 1838 1
1552 1819 1573 1837 N
1585 1818 1758 1845 ERATVS,
1785 1822 1809 1845 a,
1839 1821 1893 1839 um.
1931 1813 1992 1839 Adi.
2028 1813 2149 1841 Tertull.
2164 1813 2196 1840 de
2211 1813 2302 1841 Pudic.
2315 1820 2338 1838 c.
2352 1808 2444 1844 [affl

268 1847 327 1874 &or
342 1847 437 1874 melius
457 1847 488 1873 de
502 1856 545 1874 me
559 1857 640 1883 nugas
659 1847 860 1878 conciliarunt,
885 1850 904 1874 i.
917 1852 1076 1885 nugatoriam
1084 1848 1158 1883 fitam
1173 1858 1223 1874 rem
1237 1850 1322 1874 melius
1382 1847 1468 1873 habitu
1477 1850 1674 1882 poenitentium,
1699 1851 1717 1874 ι’.
1736 1858 1788 1874 cum
1804 1850 1864 1875 aliis
1875 1851 1956 1875 cinere
1970 1848 2119 1886 conspersus.
2176 1854 2181 1855 ⁷
2362 1856 2385 1874 Λ
2396 1851 2421 1875 v''·
2441 1857 2443 1862 ¹

265 1892 318 1910 mco
333 1890 405 1918 opera
421 1883 546 1919 perficiet.
617 1883 683 1910 Plin.
697 1889 738 1916 28,
753 1889 766 1914 8
803 1884 928 1910 Intestina
948 1890 974 1910 et
992 1884 1086 1910 fimum
1104 1893 1215 1916 eorum,
1238 1893 1322 1918 quum
1420 1888 1618 1915 CONCINNIS,
1632 1891 1654 1908 e.
1675 1883 1734 1909 Adi.
1751 1884 1901 1917 Apul.Met.
1916 1892 1929 1916 5
1943 1894 1967 1919 p.
1983 1887 2040 1919 167,
2055 1894 2088 1911 20
2107 1885 2254 1911 Lucernam
2265 1882 2428 1914 concinnum

267 1919 294 1946 id
309 1919 406 1946 animal
420 1920 496 1945 nullo
510 1919 572 1946 cibo
585 1920 675 1952 viuat,
696 1929 755 1946 cum
769 1919 905 1946 simiarum
920 1921 996 1946 vrina
1006 1940 1013 1952 ,
1039 1920 1109 1946 illita
1124 1920 1218 1946 ianuae
1231 1920 1322 1946 inimi·
1422 1923 1549 1945 CONCIN
1559 1924 1634 1950 st,
1647 1926 1670 1950 a,
1686 1927 1740 1944 um.
1755 1919 1816 1945 Adi.
1835 1918 1958 1952 [silbam
1978 1919 2105 1953 ἓμμελῆς,
2125 1919 2280 1951 ἐυσυνθετᾰς,
2298 1917 2427 1953 εὔρυθμά)

267 1964 360 1982 corum
369 1975 378 1988 ,
402 1955 504 1982 Odium
517 1956 639 1982 omnium
654 1955 795 1982 hominum
811 1955 851 1982 his
865 1956 1017 1983 conciliare.
1071 1957 1157 1990 Opem
1171 1956 1322 1991 potentium
1386 1953 1535 1989 Compqfitus
1549 1961 1572 1980 et
1586 1961 1705 1983 ornatum
1723 1963 1752 1980 ex
1765 1954 1824 1980 Con
1833 1973 1841 1987 ,
1865 1961 1888 1980 et
1902 1955 2002 1981 Cinnus
2015 1955 2184 1990 compositum,
2203 1954 2276 1989 quod
2294 1953 2331 1980 est
2351 1961 2424 1988 genui

269 1991 326 2017 Cic.
342 1991 374 2017 ad
388 1991 483 2017 061311.
554 1992 649 2019 Otium
664 1992 771 2026 regioni
791 1992 861 2027 Nep.
876 2001 920 2025 20,
934 2001 956 2024 3,
972 2001 996 2019 2.
1051 1992 1119 2018 Ter.
1134 1993 1231 2019 Heaut.
1246 2000 1323 2025 5,3,2
1339 2001 1371 2029 50
1386 1990 1505 2025 potionis
1520 1999 1551 2017 ex
1566 1990 1656 2016 multis
1668 1989 1821 2025 liquoribus
1835 1989 1996 2021 conscoluin,
2012 1991 2111 2018 auclore
2125 1991 2219 2018 Nonio
2227 1999 2245 2021 i,
2253 1997 2315 2024 207.
2351 1987 2422 2024 Quid

268 2026 340 2051 Exeo
353 2035 417 2060 ergo
431 2032 461 2051 vt
469 2027 560 2053 Pacem
573 2027 723 2053 conciliem.
777 2028 869 2054 Pacem
882 2028 915 2054 ab
924 2029 1025 2063 aliquo,
1039 2028 1107 2054 illum
1117 2030 1221 2064 placare
1240 2027 1322 2054 Plaut.
1385 2026 1447 2062 quid
1459 2029 1541 2063 igitur
1556 2035 1585 2052 ex
1600 2025 1769 2061 compositione
1775 2026 1912 2062 speciosum
1931 2032 1974 2052 aut
1986 2032 2069 2061 aptum
2082 2024 2130 2058 qli,
2150 2026 2308 2052 concinnum
2318 2031 2424 2061 vocatu»)

270 2061 348 2087 Most.
363 2069 386 2095 ς,
400 2070 422 2092 2,
435 2062 461 2087 6.
533 2062 625 2088 Pacem
639 2063 709 2088 inter
722 2063 794 2088 ciues
827 2065 883 2090 Cic.
900 2065 971 2090 Fam.
989 2073 1028 2096 10,
1043 2071 1086 2098 27.
1156 2063 1231 2090 Idem
1242 2065 1322 2090 Verr.
1385 2061 1491 2088 Plautus
1507 2062 1575 2089 Pers.
1591 2072 1620 2096 4,
1637 2070 1660 2094 3,
1674 2068 1710 2096 77
1741 2061 1784 2088 Sat
1804 2061 1898 2097 edepol
1915 2061 2045 2088 concinna
2059 2062 2135 2088 facie.
2188 2060 2255 2086 Plin.
2269 2061 2308 2091 16,
2321 2067 2354 2093 34

268 2105 293 2128 2,
307 2105 350 2131 141
386 2097 452 2123 Non
471 2096 540 2122 mihi
553 2095 818 2131 praetermittendum
831 2098 953 2129 videtur,
978 2108 1012 2124 ne
1032 2098 1099 2124 illud
1115 2099 1225 2132 quidem
1240 2108 1322 2132 genus
1386 2107 1420 2124 va
1432 2098 1491 2124 sunt
1505 2103 1530 2125 et
1543 2098 1684 2132 angulosa,
1704 2097 1937 2132 concinnioraque.
2011 2097 2101 2124 Samus
2115 2094 2243 2123 concinna
2270 2094 2339 2121 H6r.
2406 2094 2419 2104 ’“

268 2132 394 2167 pecuniae
409 2132 576 2164 conciliatae,
589 2140 668 2166 quam
684 2137 712 2158 tu
727 2140 741 2158 a
754 2131 910 2158 ciuitatibus
922 2132 1065 2158 statuarum
1079 2134 1189 2159 nomine
1203 2133 1322 2166 cq'e‘gisti.
1386 2140 1406 2162 1,
1423 2141 1445 2158 11
1458 2140 1503 2167 pr.
1576 2133 1676 2160 Amicis
1690 2135 1836 2160 concinnus
1867 2135 1935 2161 Hor.
1951 2133 2033 2160 Serm.
2050 2142 2070 2166 1,
2083 2140 2107 2165 3,
2122 2141 2162 2166 50.
2190 2134 2208 2158 i.
2225 2136 2316 2170 aptus,
2334 2161 2339 2167 μ

271 2169 303 2194 Et
319 2176 363 2202 142
390 2169 480 2201 Qiare
492 2174 519 2193 et
533 2167 580 2193 iste
602 2175 622 2193 Η
633 2175 655 2194 S.
676 2174 720 2194 cx
730 2175 748 2194 x
771 2167 856 2193 millia
869 2176 923 2193 vno
938 2175 1032 2202 genere
1044 2167 1196 2194 conciliarit
1210 2173 1236 2193 et
1249 2176 1322 2201 cepe·
1339 2172 1368 2200 ςς
1386 2166 1507 2192 modatus.
1578 2168 1736 2194 Concinnae'
1751 2175 1894 2204 acutaeque
1914 2169 2058 2196 sententiae
2089 2169 2146 2195 Cic.
2160 2167 2193 2194 de
2211 2167 2283 2193 Clar.
2296 2165 2372 2192 Ota*

270 2204 315 2230 rit.
370 2203 435 2229 Plin.
450 2211 489 2235 14,
504 2207 528 2232 18
547 2202 663 2228 Thasios
677 2202 729 2227 duo
744 2211 838 2236 genera
851 2203 909 2228 vini
924 2203 1010 2229 facere
1025 2203 1158 2237 proditur,
1173 2212 1255 2229 vnum
1268 2211 1322 2237 quo
1385 2210 1407 2227 c.
1418 2209 1460 2234 95¹.
1517 2201 1599 2236 Aptus
1614 2208 1639 2228 et
1652 2203 1795 2230 concinnus
1808 2204 1839 2230 ad
1852 2213 1909 2231 rem
1924 2204 2024 2231 reditus
2044 2204 2118 2231 Idem
2130 2203 2162 2230 de
2174 2203 2249 2230 Orat.
2264 2210 2287 2234 3,
2301 2204 2359 2233 201,

270 2240 381 2266 Somnus
403 2238 580 2270 concilietur,
599 2238 712 2264 alterum
733 2246 799 2264 vero
811 2246 866 2272 quo
880 2238 995 2271 fugetur.
1068 2239 1164 2264 Toros
1183 2239 1244 2265 Stat.
1259 2238 1322 2265 Silu.
1385 2236 1418 2263 de
1434 2237 1492 2263 Fin.
1506 2244 1527 2270 ς,
1544 2246 1568 2269 13
1582 2247 1605 2264 c.
1624 2246 1637 2272 5
1670 2239 1823 2266 Concinnus
1839 2240 1934 2266 deinde
1949 2246 1974 2266 et
1986 2240 2091 2274 elegans
2104 2239 2184 2266 huius
2197 2238 2333 2278 difispulus
2346 2245 2348 2247 ·

270 2284 294 2307 3,
308 2283 330 2307 ς,
344 2282 388 2309 70.
409 2277 427 2301 i.
439 2276 557 2309 nuptias,
587 2275 690 2300 Veneris
704 2279 772 2307 opus.
844 2273 922 2299 Vires
943 2272 1086 2299 conciliare
1109 2273 1207 2308 flumen
1215 2274 1323 2310 flumini
1384 2272 1451 2299 Plin.
1465 2281 1503 2305 35,
1519 2281 1547 2299 10
1567 2275 1766 2302 Annumeratur
1779 2275 1820 2302 his
1835 2282 1860 2302 et
1873 2275 2044 2310 Nicophanes
2057 2275 2161 2310 elegans
2178 2280 2204 2301 et
2218 2281 2342 2300 concinni

270 2311 381 2342 dicitur,
401 2314 429 2336 in
442 2309 506 2346 quod
518 2309 606 2346 influit
622 2309 695 2335 Idem
711 2308 802 2336 Theb.
815 2317 842 2341 9,
854 2316 914 2342 450.
967 2308 1024 2334 Cic.
1038 2309 1091 2334 Att.
1107 2317 1127 2340 1,
1144 2317 1152 2334 1
1175 2309 1215 2334 Ad
1228 2317 1322 2335 eorum
1384 2315 1414 2334 vt
1432 2308 1534 2335 vetusta
1553 2318 1636 2343 opera
1654 2311 1776 2345 pingeret
1793 2317 1900 2346 propter
1918 2312 2100 2338 aeternitatem
2120 2320 2219 2338 rerum.
2291 2309 2341 2335 Le

270 2346 437 2373 voluntatem
462 2345 531 2373 mihi
552 2345 762 2377 conciliandam,
791 2345 911 2371 maximo
939 2349 966 2370 te
986 2343 1055 2370 mihi
1075 2344 1134 2370 vsui
1152 2344 1211 2370 fore
1230 2343 1322 2371 video.
1342 2345 1378 2369 60
1386 2345 1515 2371 concinna
1529 2344 1583 2371 cito
1597 2345 1714 2372 satietate
1725 2345 1843 2375 afficiunt
1861 2347 1968 2374 aurium
1989 2348 2090 2374 sensum
2106 2344 2336 2374 fastidiofiffimum
2354 2355 2370 2372 1-,

271 2383 400 2408 Voluntas
415 2391 525 2414 eorum,
543 2381 640 2416 quibus
654 2380 762 2415 probari
774 2379 910 2412 volumus,
930 2379 1099 2406 concilianda
1118 2379 1190 2406 Idem
1204 2379 1232 2406 in
1247 2379 1322 2406 Orat.
1385 2379 1418 2404 ad
1431 2380 1529 2406 Heren.
1548 2390 1575 2414 4,
1598 2388 1636 2413 32.
1718 2383 1849 2409 Venusiae
1867 2389 1894 2409 et
1912 2384 2057 2410 concinnae
2075 2383 2218 2410 sententiae
2246 2381 2302 2408 Cic.
2315 2380 2356 2406 dea
2372 2412 2373 2415 Ἴ

274 2420 327 2444 162..
382 2418 457 2452 Virg.
473 2418 536 2444 Aen.
553 2426 572 2449 1,
587 2425 622 2452 79
651 2417 700 2443 Tu
716 2416 785 2443 mihi
798 2415 976 2451 quodcunque
991 2415 1041 2442 hoc
1056 2416 1158 2450 Regni,
1177 2422 1205 2442 tu
1219 2416 1324 2450 Sceptra
1386 2414 1461 2441 Orat.
1475 2422 1528 2447 323.
1583 2417 1656 2443 Idem
1669 2416 1698 2444 in
1711 2417 1797 2444 Pison.
1813 2425 1846 2444 22
1866 2419 1918 2444 Hic
1931 2424 2019 2445 autem
2033 2428 2087 2445 non
2099 2425 2154 2445 tam
2166 2417 2323 2444 concinnus·
2348 2423 2367 2440 v..

271 2455 419 2489 Iouemque
457 2453 601 2480 Coucilias.
662 2453 741 2479 Verba
755 2453 829 2479 Aeoli
841 2451 875 2478 ad
889 2454 1013 2479 Iunonem.
1075 2453 1122 2478 Vbi
1135 2451 1253 2484 Seruius,
1268 2453 1323 2484 Hy·
1385 2458 1434 2476 nec
1446 2455 1500 2476 tam
1514 2450 1626 2477 musicus
1640 2450 1740 2479 iacebat
1752 2454 1781 2480 in
1796 2454 1842 2480 suo
1855 2454 2019 2480 Graecorum
2034 2454 2149 2486 foetore,
2162 2460 2242 2488 atque
2253 2453 2330 2479 vino.
2372 2458 2375 2468 '³
2407 2475 2412 2482 ,

271 2489 357 2515 steron
379 2494 505 2524 proteron
523 2489 552 2515 in
571 2489 644 2515 sensu
658 2487 703 2515 est.
756 2488 821 2514 Non
841 2488 913 2514 enim
932 2488 1034 2523 Iupiter
1055 2488 1215 2515 conciliatur
1227 2487 1324 2520 Aeolo,
1385 2486 1426 2512 tio
1441 2485 1586 2518 concinna,
1607 2485 1745 2520 distintSta,
1765 2495 1872 2521 ornata,
1892 2489 1987 2516 festina
2006 2488 2044 2515 Id.
2055 2489 2086 2515 de
2101 2489 2177 2515 Orat.
2189 2497 2213 2520 3,
2227 2493 2268 2520 98.
2339 2486 2373 2514 Su
2406 2483 2417 2517 ’ἶ

273 2523 317 2552 sed
332 2526 428 2552 Aeolus
443 2525 517 2556 Ioui,
537 2524 606 2560 quali
621 2524 754 2559 superiori
767 2523 934 2551 conciliatur.
972 2523 1159 2551 Conciliantur
1173 2529 1262 2550 autem
1276 2532 1323 2550 no-
1342 2521 1374 2553 65·
1387 2522 1531 2548 concinnus
1543 2527 1655 2556 vti-aque
1668 2522 1760 2557 lingua
1778 2524 1846 2551 Hor.
1859 2525 1941 2551 Sci-m.
1957 2533 1976 2557 1,
1990 2533 2028 2558 10,
2041 2533 2077 2557 ²3·
2095 2527 2114 2551 i.
2128 2531 2185 2560 apto
2192 2519 2338 2558 permistus.

273 2561 320 2593 vi,
345 2561 561 2588 Reconciliantur
581 2560 695 2595 antiqui.
769 2560 816 2587 Sed
835 2561 966 2587 Seruianae
986 2559 1152 2596 obstruationi
1169 2562 1323 2586 contrarium
1386 2557 1503 2583 &orium
1524 2558 1581 2584 Cic.
1597 2559 1635 2592 Q
1645 2559 1714 2585 Frat.
1727 2567 1751 2593 3,
1766 2566 1785 2586 1.
1856 2560 1952 2586 Versus
1970 2561 2038 2587 Hor.
2053 2559 2131 2595 Epist.
2146 2568 2171 2591 2,
2184 2566 2262 2593 1274.
2313 2555 2362 2597 „Ad
2373 2559 2406 2590 p
2420 2548 2426 2566 '

273 2599 347 2622 etiam
371 2595 404 2629 2st
423 2596 501 2622 illud.-
553 2596 647 2622 Hostia
665 2595 785 2623 caelestes
804 2596 964 2622 conciliasset
982 2595 1061 2622 heros
1095 2595 1191 2623 Catuli.
1212 2598 1263 2628 69,
1277 2603 1322 2630 77.
1386 2593 1547 2620 suadendum
1568 2594 1728 2627 concinnus,
1753 2594 1886 2630 perfectus
1906 2600 1930 2622 et
1952 2594 2050 2629 politus
2070 2595 2152 2622 homo
2181 2594 2237 2621 Cic.
2252 2594 2280 2620 in
2291 2592 2379 2619 Pison.
2393 2572 2428 2640 ’,1

275 2633 342 2659 Hor.
360 2632 388 2658 in
402 2632 466 2658 Arte
478 2633 549 2658 Poet.
566 2634 611 2664 196
640 2631 668 2657 de
680 2632 769 2664 choro,
800 2632 848 2658 Ille
863 2631 942 2658 bonis
955 2632 1112 2666 faueatque‚
1125 2638 1151 2658 et
1164 2632 1325 2658 concilietur
1386 2629 1539 2657 Concinnus
1553 2630 1582 2655 in
1596 2629 1916 2666 breuitatefespondendi
1936 2630 2006 2666 Nep.
2022 2639 2057 2664 15,
2069 2638 2090 2664 ς,
2104 2639 2127 2657 1.-
2185 2630 2298 2664 Compar.
2334 2626 2363 2659 [ἔ
2382 2638 2391 2646 ’
2406 2638 2407 2642 ’

274 2668 367 2695 amice.
440 2667 562 2693 Concilia
576 2675 637 2692 euni
650 2666 701 2693 huc
726 2667 808 2694 Plaut.
822 2668 896 2702 Capt.
911 2676 933 2700 3,
948 2677 967 2700 1,
981 2675 1016 2700 33.
1043 2671 1060 2693 i.
1081 2675 1111 2694 vt
1123 2667 1170 2694 huc
1180 2671 1282 2699 veniat,
1301 2673 1325 2693 et
1385 2667 1499 2700 λέςερος]
1535 2665 1592 2692 Cic.
1609 2666 1638 2692 in
1652 2666 1726 2693 Orat.
1739 2675 1768 2693 21
1785 2676 1806 2695 c.
1820 2670 1837 2694 6
1870 2667 1927 2693 Alii
1939 2667 1968 2693 in
1980 2666 2072 2693 eadem
2086 2665 2225 2693 ieiunitate
2239 2662 2332 2691 contin

273 2703 397 2739 nobiscnm
409 2710 533 2735 moretur,
554 2700 628 2737 effice.
680 2703 787 2729 Sursum
800 2704 938 2730 conciliari
960 2704 1065 2730 Lucret.
1080 2706 1106 2736 6,
1121 2709 1176 2736 889.
1190 2703 1323 2740 fignificat
1337 2710 1373 2738 70
1386 2701 1414 2727 id
1428 2701 1464 2728 est
1482 2701 1576 2733 faceti,
1601 2702 1725 2729 florentes
1745 2703 1826 2729 etiam
1845 2709 1871 2729 et
1889 2702 1986 2729 leuiter
2005 2702 2101 2730 ornati.
2174 2702 2262 2733 Venus
2276 2707 2341 2726 cone

273 2743 301 2765 in
315 2741 391 2765 altum
405 2742 550 2769 conuenire,
570 2738 599 2764 de
613 2738 763 2773 corpusculis
776 2739 868 2765 leuibus
882 2749 911 2766 ex
924 2748 987 2774 aqua
1000 2740 1186 2775 emergentibus.
1267 2736 1287 2776 ff
1310 2747 1323 2764 2
1384 2738 1490 2764 Lucret.
1511 2746 1546 2770 4,
1569 2745 1634 2772 1271.
2329 2744 2333 2750 ¹

274 2775 427 2802 Conciliare
443 2773 485 2808 effe
499 2783 574 2801 emere
589 2773 657 2800 docet
672 2774 791 2800 Donatus
805 2775 838 2800 ad
849 2774 912 2801 illud
924 2775 1039 2804 Terent.
1076 2776 1141 2802 Eun.
1156 2784 1184 2808 4,
1200 2783 1228 2808 4,
1241 2783 1254 2800 2
1272 2776 1323 2802 Fu·
1424 2778 1441 2799 C
1453 2779 1472 2800 ο
1481 2779 1502 2798 N
1514 2779 1531 2800 c
1543 2780 1552 2798 1
1563 2780 1585 2799 Ν
1596 2780 1618 2799 N
1630 2780 1657 2800 E.
1676 2773 1743 2800 Adu.
1780 2773 1933 2810 [ἐμμελῶς]
1957 2772 2103 2810 Compofite,
2118 2766 2251 2809 eleganter.

276 2811 376 2845 gitiuc‚
397 2809 491 2845 prodi,
507 2810 575 2837 male
590 2809 744 2836 conciliate:
771 2816 868 2844 magno
881 2817 949 2837 erute
963 2810 1098 2845 fignificat.
1146 2811 1217 2838 Nam
1233 2811 1322 2838 omnis
1385 2808 1462 2835 tinne
1475 2808 1586 2835 vestitus
1617 2810 1700 2836 Plaut.
1714 2808 1791 2844 Epid.
1803 2818 1829 2842 2,
1844 2819 1870 2843 2,
1883 2815 1921 2842 38.
1992 2810 2130 2837 Coneinne
2150 2808 2240 2835 dicere
2257 2806 2301 2834 vel
2323 2812 2337 2827 ‘·>

275 2847 420 2873 conuentio
434 2846 588 2873 conciliatio
601 2845 763 2872 nominatur.
819 2847 907 2872 Vtitur
921 2846 1000 2873 eodem
1013 2850 1123 2873 conuicio
1137 2849 1212 2873 etiam
1240 2846 1323 2873 Plaut.
1385 2845 1442 2872 Cic.
1458 2844 1490 2871 de
1502 2845 1577 2871 Orat.
1589 2852 1616 2879 2,
1652 2865 1658 2871 .
1703 2864 1709 2871 .
1764 2846 1902 2873 Concinne
1923 2845 2081 2872 distribuere
2100 2853 2157 2871 rem
2176 2844 2294 2879 aliquam
2313 2842 2338 2875 1·⁷

276 2883 367 2909 Pseud.
383 2891 402 2915 1,
417 2891 441 2915 2,
458 2891 476 2909 1.
541 2883 572 2908 Et
586 2881 661 2916 Epid.
676 2891 698 2914 3,
711 2891 738 2916 4,
758 2883 789 2914 36
814 2889 839 2907 Μ
851 2888 873 2907 1.
907 2881 982 2908 Estne
999 2882 1068 2909 mihi
1088 2889 1157 2909 emta
1179 2882 1259 2909 haec?
1278 2890 1321 2911 PE.
1340 2884 1372 2914 75
1386 2882 1460 2907 Orat.
1475 2889 1496 2911 2,
1511 2886 1536 2910 81
1551 2890 1572 2907 c.
1589 2889 1626 2914 19.
1698 2882 1729 2907 Et
1743 2889 1791 2915 pro
1804 2881 1880 2908 Rofc.
1902 2882 1979 2908 Com.
1993 2890 2030 2915 49
2060 2881 2139 2907 Hunc
2159 2880 2326 2915 posteaquam
2356 2906 2358 2908 ,

279 2919 334 2945 lstis
354 2918 458 2953 legibus
479 2917 575 2944 habeas
595 2917 665 2944 licet.
721 2924 745 2944 M
755 2925 775 2944 1.
795 2916 979 2944 Conciliauisti
993 2918 1117 2952 pulchre,
1137 2921 1156 2945 i.
1177 2917 1323 2951 vendidisti.
1385 2917 1440 2948 vit,
1461 2925 1554 2951 rogare
1567 2915 1671 2951 coepit,
1690 2916 1785 2943 blande
1798 2923 1823 2943 et
1837 2917 1975 2944 Concinne
1988 2917 2104 2948 scilicet,
2120 2916 2252 2948 Mentire,
2272 2921 2318 2942 etc.

276 2953 297 2992 ff
320 2963 332 2987 3
375 2955 479 2981 Verbum
500 2953 651 2980 Conciliare
669 2963 717 2980 non
729 2956 827 2986 minus,
852 2962 924 2989 quam
937 2953 1089 2980 Concilium
1103 2963 1204 2986 nomen,
1224 2954 1258 2980 ad
1270 2964 1324 2981 cor·
1385 2962 1438 2988 que
1450 2952 1496 2979 ille
1508 2953 1664 2979 concinnius
1678 2952 1818 2988 eloquetur
1836 2954 1932 2980 Auson.
1947 2954 2020 2980 Grat.
2033 2952 2090 2979 Aet.
2106 2962 2127 2979 c.
2144 2958 2165 2982 8.

270 2997 361 3026 porum
376 2989 570 3017 conium‘b'omw
579 2992 699 3024 pertinet.
769 2988 874 3016 Lucret.
888 2991 914 3022 6,
928 2993 974 3022 889
1004 2989 1138 3017 Praeterea
1155 2989 1269 3024 dispersa
1284 2990 1324 3017 fo·
1423 2995 1468 3016 CO
1479 2996 1501 3015 N
1511 2994 1527 3015 c
1540 2994 1580 3016 ΙΝ
1591 2995 1613 3015 Ν
1624 2987 1637 3015 i
1648 2995 1670 3015 Τ
1680 2996 1702 3015 Α
1712 2994 1741 3024 s,
1763 2989 1820 3015 atis.
1839 2989 1859 3016 f.
1897 2989 2056 3023 [ἒμμέλευῃ
2075 2988 2216 3024 ἒᾳρυθμιῖι]
2253 2987 2275 3014 Ο
2313 3000 2318 3008 ι
2360 3000 2363 3008 1

277 3035 318 3053 ras
331 3034 469 3061 erumpere
482 3026 554 3060 cogit
567 3025 614 3052 Vis
627 3033 674 3060 per
687 3033 783 3060 aquam
797 3025 884 3052 subito
893 3045 901 3058 ‚
916 3024 1069 3059 sursumque
1087 3034 1117 3052 ea
1131 3026 1270 3052 conciliari
1279 3046 1285 3056 ,
1305 3030 1324 3052 i.
1384 3027 1474 3061 gantia
1483 3044 1491 3057 ,
1519 3034 1546 3050 ea
1553 3025 1717 3061 praesertim,
1747 3033 1808 3060 qnae
1822 3034 1851 3051 ex
1869 3028 2044 3060 temperatione
2062 3031 2086 3051 et
2101 3021 2270 3060 periiiil'tione.
2321 3020 2364 3049 C'-

276 3063 369 3089 leuiora
382 3070 485 3097 corpora
495 3069 541 3097 per
554 3069 642 3097 aquam
655 3061 764 3098 dispersa
778 3061 916 3088 truduntur
928 3063 956 3087 in
968 3061 1060 3092 altum,
1077 3061 1158 3097 ibique
1173 3064 1324 3098 coniungun—
1340 3066 1371 3091 80
1383 3060 1456 3087 Clar.
1472 3061 1547 3087 Orat.
1560 3063 1609 3091 286
1630 3062 1664 3087 At
1677 3060 1742 3096 quid
1754 3061 1790 3087 est
1803 3066 1856 3087 tam
1870 3060 1985 3087 nauum
1994 3081 2002 3094 ,
2024 3066 2076 3087 tam
2090 3061 2222 3087 minutum
2232 3078 2240 3092 ,
2257 3062 2311 3084 tam
2324 3057 2365 3097 inrf

278 3104 329 3124 tur.
383 3097 666 3131 Seren.Sammon.7,·5
699 3097 816 3123 Gramen
829 3094 982 3130 hyoscyami
994 3105 1067 3122 cerae
1082 3097 1197 3132 seuoque
1217 3097 1323 3124 vetusto
1386 3105 1465 3132 quam
1479 3103 1567 3123 tamen
1584 3096 1768 3131 consequitur,
1791 3097 1968 3123 concinnitate
1983 3096 2103 3132 puerile?
2175 3095 2275 3122 Ornata
2294 3093 2357 3120 sen·-

278 3133 415 3160 Concilia:
435 3133 500 3169 quod
518 3140 569 3167 720
588 3132 702 3164 dixerat,
728 3133 773 3159 Vis
792 3139 818 3160 ct
831 3133 1016 3166 hyoscyamum
1035 3140 1109 3159 cerae
1122 3132 1238 3168 seuoque
1252 3135 1324 3168 iuga-
1384 3142 1446 3159 rum
1460 3132 1623 3159 concinnitas
1653 3132 1726 3159 Idem
1740 3131 1772 3158 de
1787 3131 1856 3159 Clar.
1870 3133 1944 3160 Orat.
1958 3141 2001 3167 323
2011 3142 2034 3160 c.
2048 3136 2088 3166 9‘5.
2159 3130 2312 3158 Verborum
2324 3128 2357 3156 e'·

278 3173 335 3194 tum
349 3167 479 3195 NeeiereZ
522 3168 674 3195 Conciliare
693 3175 716 3195 et
730 3168 846 3196 Neoere
859 3175 882 3195 et
895 3169 989 3204 Iugare
1012 3168 1078 3195 nihil
1090 3168 1238 3205 aliudsunt,
1252 3179 1324 3205 quam
1384 3168 1452 3195 nitas
1472 3168 1509 3194 Id.
1525 3168 1553 3194 in
1565 3169 1640 3195 Orat.
1655 3176 1703 3202 149
1715 3178 1736 3195 c.
1750 3172 1796 3202 44.
1869 3170 1900 3195 Et
1912 3169 1987 3195 Orat.
2001 3174 2029 3202 83
2043 3178 2065 3194 c.
2080 3174 2110 3201 25
2135 3166 2210 3194 Illam
2224 3171 2317 3193 autem·
2344 3177 2347 3186 =

277 3206 379 3240 iungere
396 3211 419 3230 et
435 3204 542 3240 miscere.
598 3205 730 3240 Speciatim
747 3211 828 3232 autem
847 3203 881 3231 ad
903 3205 1014 3232 Fullones
1022 3204 1152 3240 pertinet,
1172 3213 1225 3231 cum
1240 3206 1322 3232 lanam
1384 3204 1505 3236 nitatem,
1518 3213 1585 3239 quae
1599 3203 1744 3231 verborum
1758 3203 1961 3231 collocationem
1976 3204 2111 3231 illuminat
2123 3202 2165 3229 his
2179 3201 2359 3234 luminibusfj

278 3245 385 3276 cogunt,
406 3246 428 3264 et
443 3249 483 3271 ea,
509 3249 569 3276 quae
580 3249 595 3266 a
608 3239 726 3275 cogendo
747 3240 871 3267 coactilia
890 3242 1027 3273 vocantur,
1045 3237 1163 3275 efficiunt.
1236 3241 1322 3268 Varro
1339 3244 1368 3272 ες
1383 3238 1495 3271 Graeci,
1515 3239 1585 3275 quasi
1599 3240 1703 3275 aliquos
1714 3239 1797 3275 gestus
1809 3240 1956 3273 orationis,
1975 3240 2099 3274 σχήματα
2120 3238 2261 3274 appellant.
2352 3263 2358 3269 .

279 3274 311 3302 de
326 3275 355 3301 L.
370 3274 398 3300 L.
414 3282 426 3307 ς
441 3283 465 3308 p.
481 3283 508 3307 53
517 3283 561 3311 pr.
587 3275 610 3302 A
623 3275 786 3310 cogitatione
800 3275 969 3309 Concilium,
985 3274 1055 3302 vnde
1068 3275 1233 3308 Consilium,
1248 3274 1321 3312 quod
1384 3275 1571 3303 concinnitatis
1584 3274 1688 3302 efficere
1717 3276 1773 3303 Ci'c.
1787 3275 1815 3302 in
1829 3275 1903 3302 Orat.
1922 3281 1956 3306 81.
2028 3277 2060 3302 Et
2072 3278 2099 3302 in
2115 3275 2214 3311 plurali
2231 3272 2313 3301 eone·
2332 3283 2360 3300 w:

271 3315 308 3351 ¹vt
321 3309 505 3336 vestimentum
519 3311 587 3345 apud
599 3311 729 3338 fullonem
751 3321 810 3339 cum
824 3310 930 3348 cogitur
939 3330 948 3344 ‚
971 3311 1113 3338 Consiliari
1126 3311 1233 3338 dicitur.
1270 3314 1322 3339 Mi·
1382 3311 1450 3338 dixit
1475 3311 1578 3338 Gellius
1589 3319 1616 3344 2,
1630 3313 1672 3338 26.
1691 3321 1721 3338 ex
1735 3312 1854 3338 Fauorini
1867 3312 1958 3338 verbis.

274 3347 329 3384 scet
341 3351 425 3381 aperte
438 3346 523 3372 Varro
539 3345 703 3380 Consilium,
718 3348 885 3379 Concilium,
905 3346 1063 3381 Confiliari,
1082 3347 1242 3374 Conciliari:
1265 3348 1321 3382 flue
1417 3353 1463 3374 co
1475 3354 1496 3373 N
1507 3350 1574 3375 cxix*
1586 3354 1607 3373 N
1620 3345 1634 3374 ἴ
1641 3353 1724 3374 TER.
1759 3346 1827 3374 Adu.
1863 3347 1931 3374 Gell.
1947 3352 1983 3380 18,
1997 3355 2022 3374 2.
2312 3374 2315 3379 .
2330 3351 2345 3367 Α·

277 3389 355 3409 totum
367 3381 412 3408 hoc
429 3378 462 3414 est
475 3390 490 3406 a
503 3381 619 3408 librariis
627 3403 636 3415 ,
671 3392 754 3410 uorum
767 3383 965 3421 consuetudinem
978 3383 1028 3409 iam
1039 3385 1177 3410 notauimur
1185 3394 1192 3408 .·
1206 3382 1259 3417 stne
1272 3384 1323 3421 ipfi
1419 3389 1436 3410 C
1445 3390 1464 3410 0
1475 3389 1497 3409 N
1508 3389 1525 3410 C
1538 3389 1608 3410 INN
1618 3390 1628 3410 1
1637 3389 1658 3410 T
1667 3384 1713 3410 VD
1722 3389 1741 3410 0
1750 3403 1758 3416 ,
1779 3383 1838 3409 inis.
1856 3384 1876 3409 f.
1914 3383 2076 3417 [ἐμμέλεια]
2112 3378 2284 3409 concinnitas.
2326 3382 2353 3411 ῥ’.

277 3419 364 3444 Varro
375 3425 439 3443 more
451 3416 498 3452 βο
511 3392 708 3450 infimilitugine
723 3418 790 3454 [ufir.
831 3418 926 3454 Vqffius
933 3424 1008 3455 pater
1020 3421 1047 3445 in
1061 3420 1164 3454 Etymol.
1178 3418 1279 3454 etfilius
1291 3420 1325 3446 ad
1334 3424 1370 3449 90
1382 3419 1486 3446 Inuent.
1502 3426 1558 3452 1‚2;
1566 3428 1586 3446 c.
1601 3423 1626 3449 18
1643 3418 1795 3454 Splendoris
1807 3425 1833 3445 et
1845 3418 1999 3446 festiuitatis
2012 3423 2038 3445 et
2048 3416 2274 3453 concinnitudinis
2285 3413 2342 3442 m'‹=

278 3450 375 3480 Catull.
390 3460 414 3488 p.
430 3460 473 3485 ¹95
486 3452 522 3487 sq.
543 3455 569 3478 in
580 3460 696 3492 quantum
708 3453 742 3488 est
749 3454 887 3491 fullonium
900 3454 1015 3487 verbum,
1035 3463 1050 3481 a
1064 3455 1128 3482 saltu
1142 3454 1191 3481 illo
1203 3453 1320 3482 fullonio
1381 3454 1411 3481 in
1425 3455 1451 3481 se
1464 3454 1600 3481 continere
1615 3453 1701 3481 debet.
2089 3468 2091 3470 -
2107 3468 2109 3470 ·
2146 3466 2148 3470 ·
2312 3457 2346 3486 ¹⁴,

276 3498 345 3525 quem
367 3494 441 3515 vocar
464 3487 522 3514 Sen-
543 3487 621 3522 Epist.
637 3497 661 3521 ις
689 3496 760 3526 atque
778 3490 836 3517 adeo
854 3500 870 3517 a
889 3489 1051 3517 consiliando
1072 3491 1202 3522 deriuant,
1227 3491 1290 3526 qnod
1306 3500 1322 3518 a
1420 3496 1544 3518 CONCI
1556 3496 1655 3523 NNo,
1676 3494 1728 3517 are.
1766 3488 1902 3524 [313er
1922 3489 2069 3524 συντίθημι,
2085 3485 2241 3522 munigno]
2276 3486 2343 3526 11111-Δ
2396 3515 2407 3523 ..

278 3523 440 3551 consiliendo
453 3532 502 3550 non
514 3524 589 3549 aliter
602 3523 707 3557 differt,
726 3535 797 3562 quam
809 3525 958 3558 consiliari,
982 3528 1000 3552 i.
1015 3526 1139 3561 consilium
1157 3524 1217 3552 dare
1231 3535 1245 3551 a
1259 3536 1320 3553 con·
1382 3534 1498 3561 ponere,
1518 3525 1606 3561 inquit
1623 3525 1720 3552 Festus.
1775 3525 1857 3552 Plaut.
1871 3525 1941 3552 Asin.
1956 3533 1978 3558 1,
1991 3533 2015 3557 3,
2029 3527 2065 3559 64
2088 3524 2190 3558 Auceps
2202 3521 2309 3558 quando
2326 3529 2346 3548 ιε,

277 3560 397 3586 suleudo.
453 3558 487 3594 Js.
511 3557 608 3594 Vqffius
629 3560 645 3585 Ι.
659 3569 681 3585 c.
704 3565 778 3587 etiam
791 3562 925 3590 consiliata
938 3560 1036 3597 tapetia
1048 3565 1075 3588 in
1089 3561 1180 3588 Plauto
1194 3561 1283 3588 Pseud.
1299 3571 1320 3596 1,
1383 3561 1459 3588 nauit
1473 3569 1576 3595 aream,
1602 3560 1714 3588 effiindit
1727 3559 1816 3587 cibum
1825 3581 1833 3594 ,
1857 3561 1881 3588 h.
1901 3570 1920 3588 e.
1934 3564 2033 3598 optauit
2041 3560 2055 3594 ,“
2066 3561 2215 3595 composuit,
2228 3558 2316 3594 fecit?
2341 3579 2344 3583 -

279 3603 305 3628 2,
320 3603 348 3628 ¹4
363 3593 441 3631 fuiffe
455 3596 512 3621 olim
519 3601 612 3630 putat,
637 3594 681 3621 vbi
693 3596 858 3629 conchyliata
870 3606 934 3625 nunc
947 3599 1077 3634 leguntur:
1103 3603 1133 3624 vt
1145 3603 1170 3624 et
1190 3596 1280 3624 Sticho
1294 3607 1320 3631 2,
1336 3605 1368 3631 9,-
1383 3597 1466 3624 dauer
1476 3605 1554 3632 aegre
1566 3597 1752 3631 concinnatum
1765 3601 1852 3624 terrae
1866 3597 1928 3624 dare
1956 3596 2034 3632 Apul.
2050 3595 2114 3622 Met.
2128 3601 2146 3628 7
2159 3602 2183 3628 p.
2198 3601 2252 3627 ¹99.
2327 3595 2342 3628 ⁵]

278 3639 305 3663 2,
318 3638 350 3663 54
376 3631 417 3656 vbi
431 3631 537 3657 consuta
557 3630 677 3662 eduntur,
701 3631 867 3664 conchyliata
878 3631 989 3666 restituit
1003 3634 1150 3660 Gronouius.
1203 3633 1320 3668 Equidem
1383 3641 1430 3660 11111
1454 3633 1512 3660 Scn.
1527 3633 1572 3668 Ep.
1586 3641 1612 3668 7.
1684 3632 1781 3659 Lutum
1794 3633 1969 3666 concinnare,
2005 3633 2159 3665 1²,-separare
2178 3637 2202 3655 et
2212 3629 2245 3664 su
2267 3631 2327 3690 ’ἔον-

278 3675 327 3692 non
342 3665 438 3697 dubito,
450 3665 589 3702 fullonium
605 3674 696 3707 quoque
709 3665 752 3700 effe
771 3668 870 3694 verbum
882 3667 945 3695 illud
963 3668 1056 3705 ipsum,
1076 3667 1141 3705 quod
1152 3666 1233 3695 adhuc
1244 3671 1320 3704 expli-
1382 3676 1448 3695 mum
1460 3667 1647 3702 instaurandam
1673 3668 1756 3695 Plaut.
1772 3668 1839 3695 Rud.
1854 3675 1873 3701 1,
1888 3676 1914 3700 2,
1928 3673 1950 3698 8.
2019 3665 2096 3705 Palla·
2111 3664 2202 3705 probe·
2213 3664 2266 3700 lepi
2306 3679 2310 3686 ι
2324 3671 2327 3684 ¹

278 3704 396 3727 cauimus.
439 3703 528 3728 Vtrum
541 3711 598 3728 vero
611 3710 627 3728 a
638 3701 758 3733 ciliis,id
769 3700 802 3735 est
811 3705 884 3738 pilis,
895 3703 1010 3737 ducatur,
1026 3712 1049 3731 et
1061 3706 1091 3732 ab
1104 3703 1191 3731 iisdem
1196 3702 1252 3738 sint
1263 3713 1319 3739 quo·
1384 3704 1488 3731 cinnata
1507 3703 1580 3731 Idem
1592 3705 1664 3731 Men.
1677 3712 1700 3737 3,
1717 3707 1740 3737 3,
1755 3712 1777 3730 2.
1850 3703 2018 3730 Concinnare
2030 3700 2137 3727 struices
2151 3701 2291 3735 patinarias
2321 3699 2340 3718 ·'

277 3745 322 3772 que
335 3735 446 3769 Cilicia,
468 3736 599 3772 quodvult
620 3736 730 3774 Scaliger
752 3738 787 3764 ad
805 3738 880 3765 Varr.
896 3738 914 3765 l.
927 3747 949 3765 c.
969 3746 1039 3767 tanto
1057 3743 1140 3767 minus
1158 3739 1232 3775 ausim
1252 3738 1320 3774 affir-
1382 3748 1402 3772 1,
1421 3748 1441 3773 1,
1460 3741 1504 3766 26.
1575 3739 1728 3775 Trapetum
1757 3739 1824 3765 Cato
1845 3746 1894 3772 135.
1913 3745 1939 3773 7.
2009 3736 2114 3762 Vestem
2140 3736 2222 3764 Plaut.
2234 3735 2338 3770 Men-,⁵
2393 3761 2404 3766 .,

233 3801 237 3805 ,
277 3781 360 3804 mare,
379 3772 444 3807 quod
460 3772 529 3799 illius
538 3771 738 3810 significationis
756 3773 862 3800 nondum
880 3775 1011 3809 exemplum
1031 3775 1134 3802 allatum
1147 3772 1189 3809 est.
1224 3775 1321 3811 Rurfics
1329 3780 1375 3799 100
1384 3775 1463 3802 Viam
1483 3774 1555 3802 Idem
1568 3774 1648 3802 Stich.
1663 3784 1688 3808 2,
1703 3783 1721 3806 1,
1736 3781 1770 3806 13.
1843 3774 1944 3802 Vinum
1963 3771 2030 3799 Ptin.
2046 3781 2086 3806 14,
2101 3781 2140 3798 20.
2165 3769 2349 3804 admistis-r,
2389 3776 2393 3807 g

277 3806 441 3842 duriusculum
454 3806 486 3840 ql}
499 3807 580 3835 (licere
599 3815 677 3834 totum
693 3809 738 3835 hot:
757 3809 856 3836 uerbum
870 3819 885 3835 a
908 3809 1026 3837 saliendo
1042 3811 1169 3844 deriuari,
1187 3816 1260 3846 atque
1271 3817 1320 3846 per
1383 3810 1484 3838 busdam
1495 3810 1595 3837 condire
1608 3818 1632 3837 et
1644 3811 1772 3837 medicari.
1837 3809 1896 3836 Vid.
1909 3808 1986 3845 Cato
2004 3808 2036 3834 R.
2051 3808 2082 3834 R.
2104 3816 2157 3841 114,
2173 3813 2195 3833 a.
2215 3813 2264 3839 115,
2275 3809 2300 3832 '2-
2342 3811 2344 3814 '

276 3843 292 3870 S
300 3842 457 3879 scribendum
469 3842 520 3876 effe.
557 3843 676 3870 Dedimus
685 3843 781 3880 quidem
795 3846 903 3881 exempla
915 3847 1004 3878 ita,vt
1016 3849 1043 3872 in
1057 3845 1256 3883 emendanffimis
1268 3849 1322 3882 qui·
1383 3846 1450 3874 Plin.
1465 3855 1506 3880 14,
1521 3848 1550 3873 16
1562 3847 1581 3873 s.
1593 3855 1632 3880 19,
1645 3854 1666 3880 ς.
1702 3845 1811 3872 Vultum
1832 3845 1936 3872 Fen-on.
1957 3852 1979 3869 c.
1989 3851 2034 3876 113.
2071 3843 2236 3870 Concinnare
2249 3841 2300 3868 etia

273 3879 365 3914 busque
378 3877 451 3904 libris
462 3876 570 3913 exprsffiz
577 3879 648 3915 sunt.
1384 3881 1451 3908 dixit
1468 3881 1534 3908 Plin.
1574 3902 1580 3909 .
1619 3901 1626 3908 .
1669 3881 1855 3913 concinnare,
1871 3879 1976 3911 Facere,
1989 3876 2090 3906 auclore
2106 3877 2202 3906 Nonio
2215 3885 2236 3910 1,
2248 3880 2298 3911 307

313 3921 330 3942 c
340 3921 359 3941 0
371 3919 393 3939 N
404 3920 438 3940 CI
451 3918 467 3938 1.
478 3920 486 3939 1
497 3920 518 3940 Α
527 3921 548 3940 N
557 3921 581 3946 s,
601 3915 662 3941 ntis.
697 3915 764 3942 Part.
800 3915 904 3943 Praeter
915 3915 992 3944 allata
1011 3916 1094 3944 Ouid.
1108 3917 1183 3945 Rem.
1197 3917 1255 3944 Am.
1268 3924 1318 3951 524
1382 3916 1478 3952 Amph.
1493 3926 1517 3949 2,
1531 3926 1556 3950 2,
1571 3919 1605 3950 69
1623 3916 1706 3944 Nulla
1721 3925 1762 3943 res
1773 3922 1827 3942 tam
1839 3914 1980 3941 delirantes
1994 3914 2116 3942 homines
2127 3913 2291 3940 concinnate
2373 3930 2383 3947 2

275 3951 313 3978 En
333 3949 412 3977 etiam
427 3953 511 3982 parte·
530 3949 697 3977 conciliantis
716 3960 775 3986 ago.
1329 3957 1373 3985 105
1381 3951 1501 3980 insanum
1516 3952 1606 3980 verbio
1618 3952 1757 3980 concinnat
1769 3951 1822 3977 sui·
1841 3950 1879 3977 Id.
1894 3950 1968 3985 Capt.
1980 3959 2003 3984 3,
2015 3959 2042 3984 4,
2055 3951 2098 3984 69.
2132 3947 2341 4001 91’3111.Τ1·111·1“”ι
2364 3953 2366 3956 ⁴
