2474 4182
294 140 368 181 939
683 122 718 162 C
808 123 824 158 1
910 116 948 158 V

294 217 353 244 Sen.
368 214 480 248 Thyest.
494 223 541 249 453
566 213 632 241 Non
650 209 747 238 vertici
761 208 808 235 alti
820 207 920 235 montis
933 207 1081 244 impositam
1095 207 1207 234 domum
1227 205 1258 232 Et
1276 204 1341 231 emi-

295 259 402 279 nentem
414 252 508 279 ciuitas
521 249 637 277 Humilis
652 247 751 273 tremit.
787 245 907 271 Humilis
914 244 990 279 fimul
1006 245 1040 271 ad
1049 244 1126 278 situm
1140 243 1210 269 vrbis
1228 241 1341 277 respicit,

313 297 355 315 uae
367 291 447 314 monti
457 287 576 322 fiibiacct.
649 284 781 309 Immunes
794 281 912 307 ciuitates
929 287 954 307 et
974 280 1088 311 liberae,
1107 278 1161 305 vid.
1187 283 1340 304 IMMVNIS.

319 330 394 356 auta,
413 326 465 350 vid.
493 330 508 348 1,
518 328 539 347 Λ
549 326 661 346 VTvs.
733 317 831 343 Libera
855 317 910 344 Cic.
930 316 1042 350 Philipp.
1067 324 1093 347 i,
1110 324 1137 347 4.
1209 311 1340 346 Locuples
1358 348 1360 350 q

295 361 396 395 copiis,
431 356 576 390 Maledica,
593 353 661 388 eust.
676 354 702 380 ll.
737 354 793 379 Cic.
808 362 857 388 pro
872 354 953 380 Corn.
968 352 1039 378 Balb.
1053 360 1086 383 34
1106 351 1203 389 Neque
1216 348 1288 374 enini
1303 346 1340 373 est
1364 348 1379 376 5

294 403 400 427 meum,
418 399 508 420 contra
526 392 567 418 ius
587 391 688 425 optime
701 389 814 416 Meritae
831 389 964 420 ciuitatis,
980 393 1070 413 contra
1089 386 1245 419 opinionem
1264 390 1339 410 vetu-

293 432 364 458 statis
374 451 381 463 ‚
397 435 487 455 contra
502 426 688 454 auctoritatem
701 425 807 452 Senatus
819 424 915 451 dicere.
959 425 1028 450 Bene
1041 428 1143 447 morata
1157 426 1182 447 et
1196 420 1264 446 bene
1278 428 1339 445 con-

294 468 383 494 stituta
395 465 450 491 Cic.
467 472 516 498 pro
529 463 588 490 Mil.
602 472 623 488 c.
638 470 679 495 34.
749 462 818 488 Bene
832 462 951 487 Moratae
974 459 1093 485 ciuitates
1111 457 1168 483 Cic.
1181 456 1213 482 de
1228 457 1302 483 Orat.
1317 463 1339 488 1,

292 508 330 535 ες.
367 499 501 527 Hannibal
520 498 587 534 apud
600 498 659 525 Liu.
674 506 715 530 30,
729 505 759 529 30
786 496 972 530 Qiodcunque
992 494 1139 528 egerimus,
1152 498 1240 519 ratum
1261 491 1288 517 id
1303 491 1340 517 ci-

291 539 386 565 vitates
401 535 514 563 Nostrae
529 534 669 561 habiturae
689 534 754 560 sunt.

288 582 363 609 quam
380 575 482 608 quisquc
496 569 604 603 nostrum
610 572 725 606 patriam
737 568 860 596 haberant
872 568 975 593 (lonium.
1012 564 1086 601 Conf.
1100 564 1336 591 Scholiast.1uuen.

289 618 313 641 1,
330 617 363 641 51.
402 610 472 634 Grot.
491 606 525 633 ad
545 607 641 633 Matth.
660 616 694 638 11,
714 615 734 632 1.
805 602 1001 630 Prudentitlima
1021 601 1115 628 ciuitas
1130 599 1292 633 Qiin&il.5,
1308 607 1338 624 11.

290 645 366 672 Idem
379 653 401 675 ς,
416 652 440 669 11
458 643 493 669 Vt
505 651 617 677 corpora
629 641 717 668 nostra
732 641 785 667 sine
800 646 897 671 niente,
911 639 947 665 ita
961 638 1054 664 ciuitas
1063 637 1123 663 Sine
1139 636 1204 670 lege,
1214 635 1266 661 suis
1279 642 1337 667 pai·-

289 680 380 712 fibus,
394 685 422 706 vt
435 678 524 705 neruis
537 687 566 705 ac
580 678 719 712 sanguine,
734 684 758 702 et
770 675 898 702 membris
912 674 952 701 vti
970 683 1023 700 non
1044 672 1136 707 potest.
1208 705 1213 709 .
1238 705 1242 709 .
1280 666 1301 705 ff
1323 677 1336 700 3

289 716 418 744 formulae
431 714 577 741 verborum:
613 713 770 741 Abstrahor
782 712 919 738 ciuitatem
940 719 954 736 a
975 709 1100 738 seruitio,
1136 704 1336 735 Administrare,
1357 710 1381 736 ¹3

289 752 344 781 vid.
357 751 398 779 his
411 751 503 777 verbis.
537 750 595 777 Cic.
611 748 687 776 Offic.
702 758 722 780 1,
735 753 763 778 88
789 749 821 774 Et
833 753 921 774 tamen
942 747 978 772 ita
992 742 1127 779 probanda
1135 741 1174 781 *est
1187 740 1336 780 mansuetu-

289 788 324 814 do
345 793 423 821 atque
443 787 601 818 clementia,
619 792 648 811 vt
665 784 822 811 adhibeatur
835 782 948 817 Reipub.
967 781 1040 807 causa
1057 780 1197 809 seueritas„
1217 778 1270 802 sinc
1283 784 1335 815 qua

287 822 468 851 administrari
485 823 580 849 ciuitas
599 830 653 847 non
665 820 757 856 potest.
830 818 956 848 Adoriri,
976 815 1034 854 vicl.⁴
1049 819 1205 853 AI{OR10R.
1222 847 1227 852 ι
1276 813 1336 838 Cic.

288 868 339 894 pro
353 860 434 886 Corn.
449 858 523 885 Balb.
537 867 560 890 31
580 857 709 884 Romulus
724 856 833 883 foedere
847 854 944 880 Sabino
958 851 1049 877 docuit
1062 855 1143 875 etiam
1161 846 1280 888 hostibus
1295 856 1335 874 re-

287 894 418 930 cipiendis
442 896 541 929 Augei-i
560 893 625 920 lianc
650 893 788 919 ciuitatem
807 895 940 923 oportere.
1010 884 1162 912 Conciliare
1187 888 1335 915 ciuitatem,
1353 892 1385 910 20

286 930 341 958 vid.
369 938 386 958 C
395 937 468 957 ONC
478 938 511 957 iL
521 938 531 957 1
540 937 569 957 0.
640 928 769 955 Conferre
784 925 868 951 studia
881 930 905 949 et
918 921 1048 949 beneficia
1064 922 1091 947 in
1107 920 1245 947 ciuitatem
1259 919 1334 946 Idem

286 976 337 1002 pro
350 968 431 994 Corn.
447 965 520 993 Balb.
535 974 577 999 43.
632 962 780 990 Coniuncta
793 958 887 986 officiis
901 959 994 984 cluitas
1004 978 1011 989 ,
1030 957 1083 984 vid.
1107 963 1124 983 C
1133 964 1152 983 o
1162 963 1201 982 NI
1212 961 1233 981 V
1243 962 1265 981 N
1275 961 1294 983 G
1305 962 1333 982 o.

287 1005 319 1030 Ec
333 1012 382 1038 pro
396 1002 475 1029 Arch.
489 1003 506 1028 6
537 1003 614 1028 Hunc
630 997 825 1025 Heracliensem
839 995 929 1021 multis
948 993 1102 1020 ciuitatibus
1119 992 1282 1026 expetitum,
1304 991 1335 1018 in

285 1038 334 1067 hac
349 1042 436 1065 autem
447 1037 550 1069 legibus
558 1035 735 1062 Constitutum
744 1051 751 1062 ‚
763 1031 795 1057 de
808 1030 895 1057 nostra
914 1030 1023 1056 ciuitate
1036 1028 1192 1056 ejiciemus?
1263 1028 1333 1054 Con-

285 1075 373 1102 tinere
386 1066 523 1100 ciuitatem
537 1073 565 1097 in
579 1069 684 1102 officio,
710 1067 763 1095 vid.
787 1073 803 1094 C
816 1074 834 1093 O
846 1073 866 1092 N
877 1073 899 1093 Τ
908 1074 917 1092 1
929 1072 951 1092 N
961 1073 978 1092 Ε
989 1072 1018 1092 O.
1089 1063 1219 1091 Contacta
1240 1063 1335 1089 ciuitas
1350 1065 1379 1091 25

286 1111 378 1142 rabie,
398 1110 451 1136 vid.
475 1115 491 1134 c
502 1115 520 1133 0
531 1111 699 1133 NTiNGO.
755 1104 811 1130 Cic.
831 1103 860 1129 in
874 1103 962 1128 Somn.
975 1101 1043 1136 Scip.
1057 1109 1070 1133 3
1103 1101 1134 1126 In
1153 1106 1178 1126 te
1197 1108 1281 1125 vnum
1296 1104 1333 1126 at-

286 1156 339 1182 que
354 1147 381 1172 in
402 1152 476 1171 tuum
495 1151 592 1169 nomen
611 1142 636 1167 se
655 1147 710 1168 tota
725 1141 870 1167 Conuertet
890 1138 992 1164 ciuitas.
1061 1136 1162 1163 Eiicere
1181 1135 1298 1170 aliquem
1319 1144 1334 1161 e

287 1183 394 1209 ciuitate
408 1180 481 1206 Idem
496 1187 544 1214 pro
559 1178 647 1204 Domo
661 1182 698 1206 88.
755 1177 786 1202 Et
800 1176 876 1201 Verr.
894 1176 919 1205 6,
932 1176 967 1208 76
996 1172 1155 1198 Vniuersam
1168 1172 1193 1198 se
1212 1171 1334 1197 funditus

285 1218 361 1244 illam
377 1215 536 1242 Euersurum
551 1213 598 1240 ess'e
613 1213 747 1239 ciuitatem
766 1210 928 1237 minabatur.
1001 1209 1136 1235 Exsecrata
1151 1207 1334 1233 Phocaeorum

285 1253 379 1279 ciuitas
393 1252 487 1278 Horat.
502 1249 584 1285 Epod.
602 1251 639 1281 16,
653 1256 689 1283 17.
732 1248 787 1274 Cic.
802 1255 850 1281 pro
864 1247 952 1272 Domo
968 1253 1008 1271 101
1038 1245 1069 1270 In
1082 1253 1112 1270 ea
1126 1243 1216 1278 possiin
1232 1243 1334 1269 intueri
1351 1252 1384 1276 30

285 1289 396 1315 domum
409 1286 624 1313 meamEuersam
638 1293 692 1311 uon
706 1283 738 1310 ab
758 1283 870 1309 inimico
883 1290 960 1314 meo,
977 1280 1019 1306 sed
1040 1280 1074 1306 ab
1092 1279 1166 1307 hoste
1185 1278 1332 1311 communi,

284 1330 312 1351 ct
324 1324 357 1351 ab
372 1322 466 1350 eodem
482 1320 660 1351 Exstruehm,
673 1326 698 1346 et
712 1319 821 1354 positam
836 1319 865 1344 in
878 1317 962 1345 oculis
977 1316 1104 1343 ciuitatis.
1178 1316 1259 1342 Ferre
1278 1315 1332 1341 suf-

285 1360 403 1394 fragium
416 1368 470 1385 non
484 1358 515 1384 de
529 1357 612 1389 ciuis,
637 1356 679 1382 sed
694 1355 810 1382 ciuitatis
825 1354 907 1380 salute
921 1353 996 1379 Idem
1010 1361 1058 1386 pro
1071 1353 1160 1378 Domo
1173 1360 1216 1383 90.
1289 1352 1332 1388 In-

285 1396 381 1422 ducere
392 1395 421 1421 in
432 1394 569 1421 ciuitatem
582 1402 640 1419 rem
654 1390 893 1426 perniciosissimam
907 1389 946 1416 Id.
961 1387 1037 1415 Offic.
1053 1396 1072 1414 1.
1141 1386 1283 1413 Instituere
1296 1386 1333 1412 ci-

284 1433 378 1459 vitates
392 1431 449 1458 Cic.
461 1429 495 1456 de
508 1430 583 1456 Orat.
599 1437 618 1460 1,
632 1430 672 1457 86.
715 1426 846 1459 Qiine‘til.
861 1435 882 1459 1,
894 1427 920 1457 6,
934 1434 973 1458 44
996 1423 1081 1454 Velli,
1095 1422 1217 1457 frangere
1229 1431 1333 1449 comam
1350 1420 1379 1446 35

286 1467 316 1496 in
331 1467 441 1502 gradus,
461 1472 487 1491 et
507 1466 536 1491 in
550 1463 650 1490 balneis
663 1468 817 1497 perpotare,
835 1460 983 1495 quamlibet
1000 1459 1063 1486 haec
1077 1459 1225 1485 Inuaserint
1240 1459 1334 1485 ciuita-

285 1510 356 1535 tem,
379 1511 434 1528 non
457 1501 511 1527 erit
534 1499 711 1530 consuetudo,
736 1497 798 1532 quia
816 1497 886 1523 nihil
906 1496 1005 1523 horum
1024 1501 1094 1522 caret
1120 1494 1332 1529 reprehensione.

286 1540 391 1566 Munita
405 1539 463 1564 iure
478 1536 588 1567 ciuitas,
602 1542 627 1561 et
640 1534 747 1560 libertas
765 1533 821 1559 Cic.
834 1541 883 1567 pro
897 1532 986 1558 Domo
999 1538 1044 1566 77.
1094 1531 1168 1557 Caes.
1183 1530 1246 1557 Bell.
1263 1530 1331 1556 Gall.

286 1583 310 1609 5,
324 1584 333 1601 1
364 1573 422 1601 Nili
448 1572 476 1598 id
494 1571 623 1602 fecerint,
647 1570 698 1594 sese
712 1568 785 1595 bello
795 1568 932 1594 ciuitatem
945 1568 1143 1594 persecuturum
1163 1566 1331 1593 demonstrat.

285 1611 342 1643 Cic.
355 1618 404 1644 pro
422 1609 510 1635 Domo
523 1612 555 1636 80
579 1606 657 1631 Tum
671 1604 753 1638 igitur
766 1604 880 1629 maiores
893 1603 976 1629 nostri
988 1602 1127 1638 popularet
1142 1611 1196 1628 non
1215 1602 1332 1628 fuerunt:
1340 1608 1377 1634 40

285 1646 334 1681 qui
348 1646 380 1672 de
393 1644 500 1671 ciuitate
516 1649 541 1668 et
559 1641 683 1668 libertate
704 1647 735 1665 ea
748 1639 807 1665 iura
820 1639 974 1665 Sanxerunt.
1044 1638 1169 1672 Suspensa
1183 1646 1212 1664 ac
1228 1638 1333 1664 solicita

284 1681 360 1710 Idem
377 1689 426 1715 pro
447 1680 536 1706 Domo
555 1679 598 1710 96.
840 1682 858 1706 4
901 1673 1099 1708 Fre-quentiffima
1116 1673 1219 1700 Ciuitas
1238 1673 1333 1700 dicitur

284 1719 330 1745 Ius
344 1719 442 1743 ciuium.
480 1716 534 1741 Hoc
547 1716 586 1739 ius
592 1709 768 1748 florcntiffima
780 1709 905 1744 republica
919 1715 942 1734 et
950 1708 998 1744 Jicb
1019 1708 1162 1743 Caesaribus
1180 1708 1334 1743 aliquamdiu

285 1760 337 1780 tres
356 1751 451 1790 gradus
466 1750 567 1778 habuit:
603 1748 697 1775 Summo
717 1753 740 1772 et
758 1748 865 1784 maximo
882 1743 937 1785 1*pr
950 1746 1055 1779 proprie
1068 1744 1179 1769 Romana
1194 1745 1334 1778 Qiriti'um

285 1790 384 1815 Ciuitas
402 1786 571 1814 tribuebatur:
586 1786 728 1819 proximum
742 1788 795 1807 crat
808 1781 951 1807 Latinitas:
971 1779 1086 1805 ultimum
1099 1781 1270 1813 minimumque
1284 1779 1335 1804 Ita-
1346 1779 1380 1805 45
1399 1779 1418 1812 (

287 1825 339 1851 liae
356 1827 404 1851 ius.
461 1821 519 1849 Vid.
547 1821 631 1856 Sigon.
652 1818 680 1844 de
697 1819 788 1854 Antiq.
810 1818 867 1844 Iure
887 1817 957 1842 Rom.
972 1815 1024 1841 Ciu.
1040 1820 1085 1850 pr.
1108 1813 1205 1849 Onufr.
1226 1815 1334 1839 Pamcin.

286 1861 377 1888 Comm.
388 1869 404 1892 3
422 1858 451 1885 de
463 1859 524 1893 Rep.
537 1858 640 1884 Rom-m.
656 1861 679 1881 et
693 1854 820 1889 spanhem.
833 1855 860 1878 in
868 1852 933 1878 Orbe
940 1852 1058 1883 Romano,
1067 1859 1113 1886 quo
1128 1856 1198 1885 opere
1212 1855 1263 1875 tum
1276 1857 1335 1885 gra·

285 1896 331 1923 dus
344 1896 400 1922 illos
413 1896 527 1921 ciuitatis
539 1894 608 1920 Rom.
628 1896 742 1917 accurate
759 1890 908 1923 eiplicauit.
929 1893 981 1913 tum
998 1884 1116 1922 quomodo
1127 1886 1262 1921 paullatim
1281 1894 1336 1911 cum

281 1932 399 1968 pluribus
417 1932 595 1957 communicata
605 1925 643 1961 fit
662 1928 769 1956 ciuitas,
789 1923 865 1950 donec
877 1925 1002 1949 Antonini
1009 1922 1151 1949 Caracallac
1163 1919 1337 1954 constitutione

287 1976 369 1994 omnes
379 1969 406 1992 in
419 1965 474 1992 orbe
487 1966 557 1991 Rom.
572 1964 643 1989 Ciues
654 1963 723 1989 Rom.
743 1958 827 1993 eff'et‘h'
836 1959 908 1995 fimt.
980 1958 1035 1985 Cic.
1047 1958 1124 1984 Verr.
1139 1963 1163 1989 ς,
1175 1959 1222 1983 162
1257 1957 1337 1982 Com·
1353 1959 1385 1986 50

289 2001 483 2030 memoratione
497 1997 614 2025 ciuitatis
631 1996 722 2022 omnia
742 1995 855 2022 verbera
882 1993 1059 2028 Depulsurum
1073 2012 1080 2023 ,
1099 1992 1298 2026 cruciatumque
1321 2001 1336 2018 a

289 2046 403 2073 corpore
415 2034 582 2063 deiecturum
600 2031 787 2059 arbitrabatur.
826 2030 883 2056 Vid.
900 2040 926 2055 n.
942 2039 956 2055 2
977 2029 1052 2055 Ciuis
1070 2028 1214 2054 Romanus.
1281 2027 1338 2053 Cic.

289 2083 340 2110 pro
358 2072 442 2101 Balbo
456 2080 482 2103 31
519 2070 676 2103 Nunquam·
685 2066 722 2093 est
744 2065 888 2092 intermissa
907 2073 921 2090 a
938 2063 1084 2094 maioribus
1107 2062 1204 2088 nostris
1228 2061 1338 2095 largitio

289 2116 317 2137 et
331 2106 540 2136 communicatio
557 2103 683 2131 ciuitatis.
756 2101 829 2127 Ideni
842 2105 890 2136 pro
904 2100 993 2126 Domo
1006 2104 1037 2131 98
1070 2097 1101 2124 Id
1121 2103 1209 2124 autem
1228 2102 1257 2122 vt
1277 2097 1337 2122 esset

290 2144 455 2174 laciendum,
474 2149 529 2168 non
542 2139 702 2167 Ademtionc
719 2136 853 2169 ciuitatis,
867 2135 909 2162 sed
920 2135 999 2167 tecti,
1013 2138 1039 2160 et
1059 2142 1158 2168 aquae,
1173 2138 1199 2159 et
1216 2132 1283 2167 ignis
1297 2131 1338 2158 in-
1355 2137 1383 2165 55

290 2180 451 2208 terdi&ione
465 2176 605 2203 faciebant.
659 2173 784 2200 Adimere
797 2172 948 2202 ciuitatem,
961 2180 987 2197 υ.
1001 2170 1026 2196 h.
1040 2179 1066 2195 υ.
1121 2169 1177 2195 Cic.
1191 2177 1240 2202 pro
1253 2168 1336 2195 Corn.

290 2216 364 2245 Balb.
381 2224 412 2248 3ο
433 2213 498 2240 Vidi
510 2216 615 2246 egomet
627 2208 768 2236 nonnullos
781 2207 920 2241 imperitos
933 2205 1054 2232 homines
1068 2204 1171 2230 nostros
1179 2204 1250 2230 ciues
1259 2203 1337 2230 Athe.

291 2253 334 2279 nis
345 2252 374 2278 in
388 2257 501 2277 numero
519 2247 641 2274 iudicum
657 2250 736 2279 atque
750 2243 970 2277 Areopagitarum
979 2261 986 2273 ,
1007 2246 1079 2267 certa
1090 2240 1181 2272 tribu,
1200 2245 1274 2266 certo
1287 2247 1337 2265 nu-

291 2296 383 2322 mero,
397 2294 480 2322 quum
492 2285 646 2318 ignorarent
660 2280 678 2307 fi
695 2280 770 2306 illam
784 2278 921 2305 ciuitatem
943 2278 1020 2303 essent
1037 2275 1142 2309 adepti,
1156 2275 1222 2301 hanc
1240 2275 1265 2301 se
1280 2283 1338 2309 per-

291 2323 400 2355 didisse,
413 2321 462 2348 nifi
477 2318 642 2355 postliminio
656 2315 852 2351 recuperasl'ent.
924 2313 1054 2339 Amittere
1066 2311 1203 2337 ciuitatem
1217 2311 1274 2337 Cic.
1289 2319 1339 2350 pro
1347 2313 1382 2338 60

292 2359 399 2388 Caecin.
411 2366 466 2384 100.
537 2355 668 2382 Asciscere
683 2353 711 2379 in
724 2351 877 2383 ciuitatem,
914 2347 1073 2375 Adscribere
1089 2347 1195 2373 ciuitati
1213 2352 1239 2372 et
1253 2346 1283 2372 in
1302 2354 1338 2372 ci-

292 2395 403 2422 vitatem
412 2414 420 2427 ‚
435 2403 462 2419 υ.
475 2392 515 2419 hh.
529 2400 573 2418 vv.
646 2389 702 2416 Cic.
716 2396 765 2423 pro
772 2386 851 2413 Arch.
868 2394 896 2412 10
916 2384 989 2418 Quid
1004 2384 1051 2416 est,
1064 2382 1137 2417 quod
1149 2382 1181 2408 de
1201 2382 1258 2408 eius
1272 2381 1338 2408 ciui-

293 2436 346 2458 tate
360 2428 503 2461 dubitetis,
519 2425 671 2463 praesertim
685 2433 767 2459 quum
782 2423 841 2449 aliis
853 2429 962 2456 quoque
975 2418 1130 2447 ciuitatibus
1144 2418 1228 2444 fuerit
1236 2417 1340 2444 Adscri-

293 2472 352 2501 ptus
361 2467 371 2493 3
409 2464 544 2499 Consequi
551 2459 822 2489 ciuitatembcneficio
834 2457 929 2492 Populi
936 2457 1013 2483 Rom.
1027 2455 1066 2482 Id.
1075 2463 1124 2490 pro
1132 2455 1213 2481 Corn.
1222 2453 1294 2480 Balb.
1304 2462 1339 2486 31.

293 2503 350 2529 Cic.
365 2510 414 2536 pro
427 2502 509 2527 Corn.
528 2498 603 2526 Balb.
618 2505 645 2531 55
676 2497 744 2523 Ante
762 2495 899 2522 ciuitatem
912 2491 1078 2519 Veliensibus
1095 2491 1204 2530 Datani,
1217 2489 1248 2530 de
1268 2490 1340 2529 sena.
1354 2488 1385 2519 65

294 2543 336 2565 tus
351 2536 492 2566 sententia,
506 2541 551 2561 etc.
598 2534 670 2560 Idem
684 2541 733 2567 pro
746 2533 828 2558 Corn.
842 2529 915 2556 Balb.
928 2534 956 2558 28
983 2528 1048 2555 Non
1066 2526 1115 2553 ess‘e
1129 2526 1207 2552 huius
1221 2531 1339 2565 ciuitatis

294 2573 374 2606 ciuis,
384 2572 432 2608 qui
445 2572 470 2597 se
484 2570 532 2596 alii
550 2569 655 2596 ciuitati
668 2567 780 2599 Dicarit,
795 2565 888 2601 potest.
925 2566 957 2591 Et
972 2564 990 2590 s.
1005 2572 1036 2596 30
1063 2562 1164 2589 Peritus
1174 2570 1240 2588 vero
1255 2561 1339 2587 nostri

295 2609 378 2636 moris
394 2617 423 2635 ac
441 2606 508 2634 iuris
520 2613 600 2631 nemo
619 2613 750 2638 mquam,
764 2603 812 2638 qui
830 2601 896 2628 hanc
914 2600 1051 2627 ciuitatem
1069 2598 1184 2625 retinere
1197 2596 1294 2629 vellet,
1311 2597 1339 2622 in

295 2645 374 2672 aliam
392 2645 418 2671 se
439 2642 575 2669 ciuitatem
589 2640 703 2666 Dicauit.
755 2639 812 2665 Cic.
829 2646 877 2672 pro
891 2637 972 2664 Corn.
985 2635 1059 2662 Balb.
1074 2643 1104 2667 30
1144 2635 1181 2660 Ex
1195 2642 1246 2668 qua
1260 2633 1338 2659 nobis

294 2679 468 2708 interdictum
488 2677 534 2710 fit,
547 2682 577 2703 vt
589 2684 675 2710 neque
692 2674 832 2701 adsciscere
853 2673 957 2704 ciuem,
972 2677 1017 2698 aut
1029 2671 1137 2697 ciuitate
1149 2670 1255 2696 Donare
1268 2668 1340 2703 pessi-
1349 2675 1385 2702 70

296 2726 362 2744 mus.
398 2714 472 2742 Idem
484 2722 533 2748 pro
548 2713 636 2739 Domo
648 2718 683 2745 79
714 2711 744 2737 L.
756 2709 826 2736 Sulla
839 2708 929 2735 vietor
948 2706 1062 2742 Republ.
1082 2711 1235 2741 recuperata
1257 2704 1340 2731 comi-

295 2753 341 2781 tiis
354 2750 508 2779 centuriatis
521 2747 657 2774 ciuitatem
669 2745 776 2780 Eripere
789 2754 844 2771 non
859 2743 954 2779 potuit.
996 2744 1064 2770 Hinc
1083 2742 1139 2769 Cic.
1153 2750 1202 2776 pro
1214 2742 1302 2767 Domo
1315 2745 1341 2770 81

296 2790 331 2816 At
344 2794 372 2815 tu
387 2787 468 2814 etiam
482 2786 595 2819 Ereptor
607 2781 733 2814 ciuitatis,
746 2781 830 2815 legem
844 2780 876 2806 de
887 2779 996 2807 iniuriis
1009 2778 1123 2814 publicis
1137 2777 1227 2804 tulisti.
1266 2776 1340 2803 Idem

298 2824 330 2851 de
343 2822 435 2858 Legib.
451 2830 477 2854 2,
490 2829 503 2854 ς
521 2821 560 2848 Ita
573 2827 656 2855 quum
667 2823 729 2845 ortu
743 2816 912 2847 Tusculanus
924 2815 998 2847 esset,
1012 2814 1147 2841 ciuitatem
1162 2814 1274 2839 Romam
1288 2813 1342 2838 Ha-

297 2860 366 2888 buit.
386 2861 423 2886 De
436 2859 535 2885 Catone.
608 2853 745 2888 Impertiri
760 2852 897 2878 ciuitatem
911 2851 1027 2885 gratuito
1040 2850 1120 2877 alicui
1134 2849 1190 2876 Cic.
1199 2857 1247 2883 pro
1260 2846 1340 2874 Arch.
1354 2851 1386 2879 75

299 2905 339 2923 10.
392 2895 423 2921 In
436 2891 586 2927 Largienda
606 2891 715 2917 ciuitate
729 2897 821 2923 parcus
833 2887 890 2913 Cic.
906 2895 954 2920 pro
966 2885 1050 2912 Balbo
1065 2894 1085 2919 ς.
1142 2884 1182 2912 Id.
1196 2893 1245 2919 pro
1258 2884 1340 2910 Corn.

297 2930 374 2959 Balb.
387 2938 412 2963 31
431 2930 475 2956 Ne
489 2928 548 2963 quis
562 2926 663 2953 inuitus
670 2925 779 2952 ciuitate
793 2924 927 2954 Mutetur,
942 2930 1008 2947 neue
1020 2921 1049 2947 in
1062 2921 1171 2948 ciuitate
1185 2926 1288 2947 maneat
1302 2920 1342 2946 in-

298 2964 385 2994 vituss
417 2967 448 2993 Et
461 2963 528 2991 ibid.
542 2971 566 2996 31
593 2962 698 2995 Qubus
717 2969 749 2988 ex
765 2957 919 2986 ciuitatibus
937 2965 985 2983 nec
1003 2956 1089 2983 coae'fi
1108 2957 1186 2984 effent
1204 2955 1342 2982 ciuitatem

300 3004 422 3035 Mutare,
435 3000 516 3036 si'qui
533 2998 682 3025 noluissent.
755 2995 882 3030 Recipere
903 2993 931 3020 in
951 2992 1087 3019 ciuitatem
1107 2993 1164 3019 Cic.
1188 3000 1237 3026 pro
1257 2992 1340 3018 Corn.

300 3039 373 3065 Balb.
388 3046 422 3070 31.
457 3038 488 3064 Et
501 3044 550 3070 pro
565 3033 644 3061 Arch.
657 3042 700 3060 22.
1251 3063 1256 3067 1
1281 3063 1286 3067 ”

301 3082 343 3107 43.
363 3072 417 3100 vid.
436 3071 505 3099 modo
518 3071 621 3098 Dicare.
658 3069 715 3096 Cic.
730 3077 779 3102 pro
791 3067 879 3102 Ligar.
892 3070 919 3098 33
945 3066 998 3091 Aut
1010 3070 1062 3090 tres
1075 3063 1177 3096 Ligarii
1191 3063 1219 3089 in
1234 3069 1342 3089 ciuitate

303 3108 445 3136 Retinendi
459 3109 527 3140 sunt,
546 3112 591 3133 aut
603 3111 655 3132 tres
666 3113 698 3132 ex
716 3103 826 3130 ciuitate
838 3099 1039 3129 exterminandi.
1110 3099 1244 3134 Suscipere
1264 3098 1292 3124 in
1306 3099 1342 3125 ci-

302 3145 414 3170 vitatem
434 3143 507 3170 Idem
526 3142 558 3169 dc
577 3140 671 3176 Legib.
689 3149 711 3173 2,
731 3147 752 3174 ς.
824 3137 964 3165 Tribuere
983 3135 1119 3162 ciuitatem
1138 3134 1176 3160 Id.
1196 3143 1244 3168 pro
1259 3135 1340 3161 Corn.

301 3179 375 3207 Balb.
389 3186 428 3213 37.
624 3175 645 3215 ff
664 3183 677 3210 ς
714 3173 783 3202 Illud
792 3184 821 3201 ex
833 3174 950 3209 his‚quae
962 3175 989 3198 in
1001 3171 1053 3208 ipso
1064 3173 1190 3206 principio
1203 3170 1343 3206 ficpcrioris

300 3218 396 3242 numeri
409 3214 532 3245 diximus,
545 3219 658 3249 apparet,
671 3211 796 3239 Ciuitatis
809 3212 906 3236 nomine
924 3217 973 3234 non
985 3209 1059 3234 vuius
1078 3211 1175 3232 tantum
1193 3207 1263 3231 vrbis
1277 3208 1342 3232 iiico·
1358 3205 1387 3234 85
1406 3207 1506 3233 Orator
1532 3204 1665 3239 Qiinffil.
1679 3205 1799 3231 Prooein.
1815 3211 1853 3230 10.

300 3253 340 3279 las
352 3252 491 3282 contineri,
504 3249 551 3285 sed
557 3251 668 3284 plurium
686 3251 760 3274 etiam
771 3245 874 3282 foedere
893 3243 996 3280 quodam
1014 3240 1163 3269 iimt‘larum.
1208 3241 1253 3281 sss.
1269 3242 1340 3268 Caes,

301 3286 367 3315 Bell.
381 3284 448 3313 Gall.
463 3293 483 3317 1,
498 3293 525 3310 12
550 3284 644 3311 Omnis
662 3283 756 3310 ciuitas
773 3280 912 3308 Heluetiae
930 3280 959 3306 in
972 3284 1087 3314 quatuor
1107 3284 1186 3312 pagos
1198 3275 1282 3303 diuisa
1295 3277 1340 3304 est.

302 3324 335 3351 Et
347 3331 418 3349 mox:
438 3321 497 3347 Pars
512 3319 627 3346 ciuitatis
640 3319 780 3346 Heluetiae
798 3316 926 3351 insignem
939 3315 1114 3341 calamitatem
1132 3311 1232 3347 Populo
1246 3313 1341 3342 Roma.-

301 3367 338 3385 no
353 3357 487 3384 intulerat.
566 3355 719 3389 Brigantum
737 3353 830 3380 ciuitas
850 3351 941 3380 Tacit.
954 3351 1044 3386 Agric.
1059 3357 1098 3384 17,
1113 3357 1134 3374 2.
1210 3348 1342 3375 Hermun-

301 3395 429 3422 durorum
439 3391 531 3418 ciuitas
540 3390 613 3416 Idem
621 3391 710 3417 Germ:
725 3399 766 3424 41,
778 3398 796 3417 1.
838 3388 971 3416 Vbiorum
984 3386 1077 3413 ciuitas
1089 3385 1161 3411 Idem
1169 3384 1234 3423 111111ζ
1244 3392 1311 3418 1,37,
1320 3393 1340 3416 3.
1348 3393 1384 3418 90

339 3435 356 3456 c
370 3424 551 3455 1V1‘1'A'1W7
563 3433 624 3456 1.Λ,
643 3435 680 3452 ae.
708 3426 728 3452 f.
755 3423 857 3452 Dimi'n.
891 3423 950 3450 sen.
972 3422 1005 3448 de
1026 3425 1112 3448 morte
1131 3418 1237 3447 Claudii
1257 3429 1280 3453 p.
1295 3425 1341 3452 852.

302 3465 356 3492 Hic
370 3463 478 3500 quaestu
491 3463 517 3489 se
531 3461 688 3493 sustinebat,
702 3461 815 3488 vendere
834 3458 984 3487 ciuitatulas
996 3457 1112 3489 solebat,
1124 3458 1142 3482 i‘.
1162 3458 1219 3481 iura
1239 3458 1341 3491 exiguae

302 3503 426 3527 ciuitatis.
497 3498 528 3525 Et
547 3497 624 3532 Apul.
644 3497 707 3524 Met.
722 3505 750 3522 io
773 3505 798 3531 p.
812 3501 858 3529 238
894 3495 935 3521 Ad
955 3493 1084 3529 quandam
1098 3490 1264 3518 ciuitatulam
1283 3499 1341 3526 per-

300 3545 430 3562 venimus.

336 3578 353 3598 c
362 3579 370 3597 1
380 3579 400 3598 ν
412 3572 467 3598 i1.1
478 3569 512 3602 s,'
528 3577 551 3596 e.
586 3566 745 3602 [πολιτικὰς]
782 3566 854 3601 Qiod
865 3565 900 3593 acl
916 3569 983 3593 ciues
993 3566 1122 3601 pertinet,
1136 3560 1234 3597 diuersa
1246 3561 1340 3596 quidem
1352 3566 1384 3592 95

302 3609 413 3638 ratione,
426 3615 497 3642 quam
516 3604 570 3641 ipsi:
585 3602 743 3636 Substantiam
762 3601 891 3637 diffiniunt.
946 3599 1110 3628 Cic.·Diiiin.
1123 3599 1199 3624 Verr.
1215 3601 1240 3626 ¹8
1266 3596 1339 3636 Nam

303 3641 406 3668 ciuibus
426 3650 507 3676 quum
527 3642 585 3668 sunt
604 3644 708 3673 ereptae
725 3637 866 3671 pecuniae,
885 3637 962 3663 ciuili
977 3636 1034 3664 fei-e
1045 3634 1174 3666 Affione,
1193 3637 1220 3658 et
1233 3639 1339 3666 priuato

303 3676 362 3704 iure
377 3684 538 3710 repetuntur.
574 3674 671 3702 Ciuilis
683 3672 770 3704 aetio,
785 3681 832 3708 qua
844 3676 908 3698 ciuis
921 3682 985 3698 imus
998 3672 1154 3707 ampliares,
1163 3667 1210 3704 sed
1221 3667 1279 3704 fizo,
1291 3676 1339 3694 non

297 3713 387 3750 populi
400 3715 511 3743 nominc,
524 3713 629 3738 alterum
640 3711 680 3736 vel
693 3711 778 3740 ciuem,
786 3708 826 3734 vel
831 3710 1001 3743 peregrinum,
1010 3707 1206 3743 persequuntur:
1241 3712 1289 3739 qua
1301 3713 1341 3729 ra-

303 3751 371 3775 tione
383 3747 463 3773 ciuile
478 3748 539 3774 idem
551 3747 611 3783 fere
623 3744 687 3782 quod
715 3747 823 3775 riuatum
912 3742 918 3747 “

304 3785 400 3818 accipi,
414 3781 569 3814 qsiendcmus.
639 3781 688 3808 Gcl
702 3801 707 3807 .
722 3788 759 3812 iz,
773 3786 783 3805 1
798 3778 832 3804 ad
862 3787 930 3810 nem,
953 3779 1076 3812 Magnam
1092 3778 1149 3804 fere
1167 3780 1267 3810 partem
1286 3782 1340 3800 non

304 3819 430 3846 naturalis
447 3817 491 3842 ille
507 3819 587 3844 Amor
600 3817 650 3847 est,
666 3815 708 3843 sed
723 3814 810 3842 ciuilis
824 3820 849 3840 et
867 3812 1027 3848 opinabilis,
1042 3817 1060 3840 i.
1080 3816 1146 3840 inter
1159 3814 1225 3838 ciues
1241 3807 1340 3842 ivisiitu-

304 3861 354 3881 tus.
369 3853 422 3880 vid.
443 3853 514 3879 Dies.
570 3853 681 3879 Animus
699 3851 768 3878 Suet.
781 3850 854 3876 Caes.
868 3856 900 3883 75
911 3856 935 3875 ct
948 3848 1040 3876 Claud.
1055 3858 1065 3876 i
1086 3849 1182 3884 aequale
1196 3850 1235 3873 ius
1247 3847 1339 3872 ciuium

303 3890 450 3926 obseruans,
463 3888 492 3924 ft
506 3894 529 3913 et
541 3889 604 3913 alios
616 3891 682 3914 ciues
696 3885 755 3920 effi,
769 3888 891 3922 cogitans.
926 3885 967 3912 Sic
980 3884 1134 3919 Imperium.
1180 3883 1260 3910 Arma
1273 3880 1340 3906 ciui-

303 3925 338 3954 lia
346 3924 428 3962 {quaa
441 3927 507 3950 ciues
515 3922 635 3960 inferunt
647 3924 742 3958 ciuibus
754 3920 848 3949 Claud.
862 3920 892 3947 in
903 3928 942 3956 pr.
957 3920 1034 3948 Cons-
1047 3919 1104 3947 Stil.
1116 3926 1143 3953 2,
1155 3923 1193 3953 85.
1228 3918 1270 3947 Sic
1282 3916 1340 3944 Cic.

811 533 940 563 Nostrae,
961 534 979 556 i.
1003 529 1068 556 vnde
1088 532 1188 565 quisque
1213 525 1338 560 nostrum:
1356 536 1386 554 10

1379 2112 1383 2117 -
1401 2097 1431 2123 vi
1443 2097 1534 2122 itatem
1556 2097 1605 2122 effe
1622 2096 1818 2123 iudicauerunt.

755 3031 881 3059 Retinere
893 3029 1029 3056 ciuitatcm
1041 3028 1097 3054 Cic.
1112 3036 1159 3061 pro
1174 3028 1254 3054 Corn.
1269 3026 1342 3054 Balb.
1356 3029 1388 3056 80
1405 3027 1459 3060 est,
1480 3026 1551 3061 quod
1571 3035 1625 3052 non
1637 3024 1771 3052 ciuilibus
1782 3023 1888 3056 verbis,
1905 3024 1949 3051 sed
1971 3024 2104 3059 precatiue
2122 3025 2302 3060 relinquitur,

829 3742 855 3777 Ji
874 3744 968 3778 ›usti-at.
1005 3745 1046 3770 Sic
1060 3743 1103 3769 Ius
1115 3739 1204 3768 Ciuile
1217 3737 1339 3765 interdum
1348 3746 1396 3765 100
1441 3747 1459 3768 c
1468 3748 1476 3767 i
1485 3747 1505 3767 v
1516 3747 1524 3767 1
1535 3747 1551 3766 L
1561 3738 1575 3766 i'
1583 3746 1604 3766 T
1613 3746 1673 3771 As,
1693 3739 1750 3765 atis.
1777 3736 1799 3763 f.

1795 115 1849 155 c·
1913 119 1928 154 1
2009 115 2046 157 v
2359 139 2453 178 940¹

1407 203 1461 245 Att:
1474 210 1502 238 7,
1516 212 1541 236 ¹3
1562 204 1651 232 Genus
1665 206 1734 232 Belli
1747 206 1819 241 quod
1832 205 1862 232 {it
1872 204 1956 231 vides.
1971 205 2007 231 ita
2026 205 2107 232 ciuile
2120 207 2172 240 est,
2183 214 2212 241 vt
2223 218 2277 237 non
2294 219 2327 237 ex
2341 211 2436 244 ciuium
2455 202 2458 220 l

1406 239 1576 271 distensione,
1592 240 1635 266 sed
1647 250 1678 267 ex
1692 243 1769 268 vuius
1787 242 1886 277 perditi
1899 241 1965 268 ciuis
1985 240 2094 267 audacia
2107 239 2197 270 natum
2213 245 2251 272 sit.
2288 239 2382 274 Lucan.
2396 257 2404 275 1
2426 259 2452 278 ι-

1405 275 1477 302 Bella
1491 284 1536 309 per
1550 275 1701 302 Aemathios
1715 278 1771 311 plus
1781 286 1860 312 quani
1872 277 1964 303 ciuilia
1976 283 2096 311 camp08,
2132 278 2226 312 Iusque
2244 281 2332 308 datum
2351 269 2437 313 scele'ri

1404 311 1538 343 canimus,
1557 321 1605 337 uon
1618 314 1686 337 inter
1699 315 1764 338 ciues
1781 320 1893 346 tantum,
1906 312 1953 350 sed
1967 315 2033 339 inter
2047 310 2261 348 coniunc‘liffimos.
2331 318 2394 345 Belli
2405 321 2438 347 ci-

1405 347 1469 373 vilis
1490 347 1572 373 aestus
1586 348 1655 373 Hor.
1671 347 1750 381 Epist.
1765 356 1786 379 2,
1801 357 1823 381 2,
1838 356 1884 384 47.
1940 348 2015 375 Busta
2036 348 2128 374 ciuilia
2146 349 2262 384 Propert.
2277 359 2303 383 2,
2316 359 2336 384 1,
2350 361 2382 388 27
2398 364 2437 382 vo·
2455 349 2458 369 ¹

1403 389 1445 409 cat
1465 383 1567 417 Campos
1580 383 1747 417 Philippcros,
1766 385 1793 408 in
1813 385 1900 419 quibus
1917 391 1940 410 et
1954 384 2031 420 occifiz
2044 384 2121 420 finit,
2135 390 2160 410 et
2190 386 2270 419 epulta
2283 388 2438 417 Romanorum
2454 409 2470 417 .-

1403 420 1481 445 multa
1493 418 1649 452 mi‘llia‚bcllo
1662 419 1734 444 ciuili
1749 421 1814 445 inter
1827 419 1949 454 Caejarem
1963 427 1987 447 et
2002 422 2149 455 Pompeium.
2206 421 2344 449 Calainitas
2356 424 2438 452 ciuilia
2454 447 2455 454 ,
2472 416 2474 419 ¹

1405 455 1461 483 Cic.
1480 464 1529 489 pro
1550 454 1655 480 Caecin.
1672 459 1695 483 18
1716 463 1736 480 c.
1750 462 1767 488 7
1790 463 1820 479 ex
1839 454 1899 481 bello
1912 457 1984 482 ciuili
1995 463 2061 482 orta.
2093 455 2149 482 Cic.
2162 454 2194 481 de
2209 457 2282 483 Orat.
2296 466 2316 490 1,
2329 467 2364 492 49
2382 468 2403 487 c.
2415 470 2437 488 n

1402 491 1477 517 Plato
1490 491 1522 516 de
1540 489 1618 516 rebus
1632 498 1645 516 a
1656 489 1785 516 ciuilibus
1796 490 1990 518 controuersiis
2007 490 2186 518 remotissimis
2202 491 2333 519 ,diuinitus
2352 494 2386 522 est
2400 495 2438 523 ,Ιο-
2451 487 2474 531 ’,κ

1405 533 1479 553 cutus
1488 546 1496 558 ‚
1517 529 1535 552 i.
1554 535 1614 561 quae
1631 529 1658 551 in
1672 528 1791 557 ciuitate,
1804 532 1848 552 aut
1861 525 1890 551 de
1906 527 1978 553 rebus
1995 530 2103 559 ciuium,
2117 535 2164 563 qua
2178 527 2287 562 publicis
2303 538 2351 565 qua
2357 533 2450 566 priua-
2464 543 2472 551 ι

1403 565 1439 588 tis
1451 569 1571 598 aguntur.
1608 562 1698 588 Cruor
1712 561 1802 588 ciuilis
1818 561 1874 587 Cic.
1889 570 1938 595 pro
1949 562 2034 589 Planc.
2050 565 2082 589 26
2095 572 2116 589 c.
2132 571 2160 588 10
2178 572 2248 598 quem
2259 566 2324 590 ciues
2334 565 2442 602 fundere.
2454 556 2463 590 ,Ῑ

1402 599 1499 623 volunt.
1534 598 1576 624 Sic
1589 600 1652 623 enim
1665 599 1712 633 leg.
1719 604 1769 632 pro
1783 598 1888 623 Errore.
1962 598 2049 625 Curae
2062 598 2170 631 ciuile-S,
2184 601 2202 625 s.
2221 608 2280 625 cura
2299 599 2327 625 de
2339 601 2428 629 ciuibus
2454 600 2455 605 ¹

1402 640 1446 659 aut
1458 642 1517 668 quae
1530 635 1606 658 ciuem
1617 633 1704 659 decent
1723 634 1790 659 Hor.
1807 633 1894 659 Carni.
1911 641 1933 664 3,
1947 638 1970 665 8,
1985 641 2022 667 17.
2093 635 2156 660 Dies
2169 634 2235 659 elin.
2250 642 2272 666 2,
2287 642 2330 669 77.
2350 645 2365 662 a
2381 623 2460 665 cmiii*

1405 668 1564 704 busfinitus,
1578 675 1607 695 vt
1615 670 1708 696 Amor.
1745 668 1882 695 Diffidium
1896 668 1990 695 Claud.
1999 669 2031 695 de
2043 669 2109 696 Bell.
2122 669 2193 696 Gild.
2208 678 2255 702 241
2270 670 2323 696 vid.
2335 666 2459 704 Bellumffl

1401 705 1484 731 Error
1496 704 1548 731 vici.
1561 705 1657 731 Cruor.
1694 706 1762 731 Hor.
1777 705 1865 731 Carin.
1877 713 1906 737 4,
1921 713 1955 736 ις,
1970 709 1996 735 18
2023 704 2137 732 Custode
2150 714 2241 732 rerum
2255 706 2376 741 Caesare,
2387 706 2464 737 1111111(

1402 741 1490 768 Furor
1525 740 1639 773 Ciuilis,
1652 747 1698 767 aut
1710 741 1751 766 vis
1765 741 1864 766 eximet
1876 740 1979 771 otium,
1997 743 2016 766 i.
2030 740 2117 766 bellum
2128 742 2201 767 ciuile
2211 747 2255 767 aut
2263 741 2362 777 seditio.
2382 738 2443 779 {aii-

1400 777 1506 811 perium
1520 776 1601 802 ciuile
1616 783 1642 802 et
1655 776 1752 802 iustum
1765 776 1796 802 ad
1812 776 1977 802 voluntatem
1990 782 2127 802 cruentam
2139 777 2296 803 conuersum
2315 759 2452 815 Amnffligil

1402 821 1433 845 14
1445 821 1484 847 pr.
1505 815 1523 838 i.
1545 813 1615 848 quale
1629 815 1655 838 in
1669 815 1734 838 ciues
1745 818 1885 842 exercetur,
1897 821 1947 838 non
1961 814 1989 837 in
1999 812 2096 848 seruos.
2150 813 2194 840 Sic
2210 813 2392 846 Ingreffiispra
2431 806 2452 843 ¹ll

1422 848 1427 852 ’
2093 849 2155 874 Iura
2176 848 2269 875 ciuilia
2282 849 2350 876 Hor.
2361 812 2451 920 ὃὲμ

1401 857 1441 874 nis
1456 848 1558 880 ciuilis,
1572 854 1597 874 et
1611 847 1740 874 humanus
1759 847 1890 881 Qiiiielil.
1909 856 1930 880 3,
1944 852 1967 880 8,
1982 855 2023 880 59.

1402 893 1423 916 i,
1436 892 1462 917 9,
1476 892 1515 916 39.
1552 885 1596 910 lus
1611 884 1691 911 ciuile
1704 884 1829 910 interdum
1842 883 1958 910 naturali
1969 886 2116 918 opponitur,
2128 890 2158 910 vt
2170 885 2271 917 Amor,
2284 884 2354 911 Dies.
2366 902 2379 913 ,-
2441 891 2456 916 ς·

1400 929 1450 955 pro
1465 920 1533 946 Sext.
1546 929 1567 946 c.
1582 929 1617 953 42
1639 919 1768 947 Nondum
1781 929 1869 954 neque
1882 919 2015 951 naturali,
2028 928 2114 953 neque
2133 919 2208 946 ciuili
2229 921 2288 947 iure
2307 919 2387 948 deseri
2409 923 2428 945 cf
2442 939 2444 942 >

1400 957 1457 982 Hoc
1471 955 1540 982 modo
1554 956 1692 983 Publicuni
1708 959 1781 982 ctiam
1795 956 1836 981 ius
1849 953 2031 990 complectitur.
2065 954 2114 982 Sed
2132 955 2257 982 interdum
2266 955 2363 991 publico
2375 966 2388 987 ii
2399 949 2423 986 ,'·

1399 995 1471 1018 nitur
1486 992 1544 1018 Cic.
1557 992 1634 1018 Verr.
1649 1001 1657 1018 1
1677 1001 1699 1018 c.
1714 1000 1746 1025 42
1767 991 1895 1018 Cornelia
1908 992 1960 1017 Lex
1977 991 2180 1022 testamentaria,
2195 991 2367 1023 mimaria,ca
2446 988 2447 991 ¹

1400 1027 1565 1062 complures,
1580 1027 1609 1054 in
1621 1027 1719 1062 quibus
1732 1036 1787 1054 non
1800 1028 1841 1054 ius
1854 1035 1956 1053 nouum
1971 1026 2080 1062 aliquod
2093 1027 2194 1062 populo
2206 1022 2428 1062 constituitur,31›

1399 1065 1529 1095 sancitur,
1544 1069 1588 1099 vt,
1601 1063 1673 1098 quod
1686 1065 1788 1098 semper
1801 1063 1901 1090 malum
1915 1062 2017 1090 facinus
2036 1063 2135 1096 fucrit,
2153 1063 2211 1089 eius
2224 1063 2342 1098 quaestio
2353 1063 2404 1092 ad·-
2417 1085 2419 1087 -
2436 1083 2438 1087 ν

1399 1100 1491 1134 pulum
1505 1099 1635 1134 pertineat
1656 1099 1723 1135 (quo
1740 1099 1792 1135 ipsiu
1803 1099 1899 1134 publici
1913 1101 1979 1126 iuris
1985 1105 2052 1134 pars
2063 1098 2157 1134 fiunt)
2174 1107 2206 1125 ex
2227 1105 2299 1126 certo
2320 1104 2414 1136 temp

1399 1136 1438 1161 De
1454 1135 1513 1162 iure
1529 1144 1594 1162 vero
1608 1135 1701 1167 ciuili,
1716 1135 1734 1161 fi
1749 1135 1808 1169 quis
1819 1135 1887 1161 noui
1902 1134 1968 1170 quid
1988 1134 2150 1167 instituerit,
2165 1135 2186 1161 is
2199 1134 2306 1167 omnia,
2318 1124 2447 1170 quaest*⁴

1399 1177 1425 1197 te
1441 1171 1497 1198 aeta
1512 1172 1585 1203 sunt,
1597 1177 1653 1197 rata
1668 1171 1717 1197 csse
1730 1180 1785 1197 non
1799 1171 1917 1205 patitur?
1949 1169 1995 1204 Est
2008 1174 2105 1206 igitur,
2120 1177 2149 1196 vt
2160 1170 2230 1197 modo
2243 1170 2272 1197 de:
2285 1160 2439 1199 Athon-,3⁹¹⁹

1398 1207 1524 1239 cebamus,
1536 1207 1577 1233 ius
1593 1207 1691 1240 ciuile,
1706 1216 1752 1242 quo
1770 1213 1850 1243 agunt
1869 1209 1938 1233 ciues
1952 1209 2056 1241 priuato
2071 1213 2095 1233 et
2101 1205 2149 1241 fico
2162 1209 2274 1239 nomine,
2288 1216 2337 1234 non
2348 1213 2377 1244 p
2388 1194 2437 1239 [Ἰ

1400 1243 1456 1270 Cic.
1471 1252 1520 1277 pro
1534 1243 1639 1269 Caecin.
1653 1253 1674 1269 c.
1690 1251 1702 1269 a
1733 1244 1768 1270 Vt
1788 1244 1816 1269 in
1830 1242 1878 1268 hac
1898 1243 1973 1269 causa
1985 1251 2040 1269 non
2053 1241 2085 1269 de
2104 1242 2277 1277 improbitate
2297 1243 2336 1277 (i.
2350 1251 2377 1271 υι

1398 1282 1438 1305 ius
1450 1279 1577 1314 publicum
1592 1277 1624 1312 est
1645 1278 1787 1313 iudicium)
1804 1278 1930 1311 Aebutii,
1947 1278 1991 1305 sed
2011 1278 2043 1305 de
2061 1278 2121 1305 iure
2141 1278 2218 1305 ciuili
2236 1278 2366 1306 iudicium
2391 1293 2399 1308 ι,

1397 1314 1544 1342 videretur.
1582 1315 1687 1342 Pulchre
1705 1314 1765 1340 hacc
1783 1312 1900 1347 Ermstus
1918 1317 1946 1340 in
1965 1314 2037 1341 Claui
2056 1315 2166 1341 ciceron.
2203 1314 2272 1343 Add.
2290 1314 2363 1351 infra

1399 1351 1489 1377 ciuile.
1565 1351 1620 1377 Lex
1640 1350 1730 1377 ciuilis
1750 1359 1778 1376 ac
1795 1350 1900 1385 publica
1913 1350 1970 1377 Cic.
1985 1350 2147 1385 proCaecin.
2163 1357 2200 1385 74
2220 1359 2243 1377 c.
2255 1351 2291 1377 26
2309 1359 2367 1386 quae
2378 1353 2443 1383 diga

1397 1396 1478 1413 omnes
1491 1386 1539 1414 obli
1558 1393 1593 1412 at.
1663 1387 1734 1414 Mars
1748 1386 1836 1412 ciuilis
1845 1407 1853 1418 ‚
1867 1387 1961 1413 Bellum
1975 1389 2043 1413 inter
2057 1389 2123 1413 ciues
2142 1385 2225 1413 Ouid.
2238 1379 2316 1421 Epist.
2330 1388 2356 1419 6,
2416 1400 2425 1407 ‹-

1398 1422 1511 1449 Cadmeis
1522 1395 1664 1459 fiinibus.
1713 1422 1770 1448 Cic.
1784 1422 1836 1449 Off.
1853 1431 1872 1453 1,
1888 1427 1934 1455 148
1965 1422 2023 1448 Nec
2036 1431 2189 1457 quenquam
2203 1421 2255 1448 hoc
2275 1430 2366 1450 errore
2388 1432 2403 1450 ·τ,
2428 1421 2434 1428 “

1399 1464 1519 1493 oportet.
1539 1463 1567 1484 vt
1583 1457 1600 1484 fi
1618 1457 1683 1492 quid
1696 1458 1813 1484 Socrates
1826 1462 1871 1485 aut
1890 1457 2040 1492 Aristippus
2059 1459 2265 1485 contraMorem
2281 1457 2424 1490 consue-js
2446 1487 2447 1493 ¹

1397 1503 1513 1529 nemque
1528 1493 1638 1520 ciuilem
1652 1494 1775 1526 fecerint,
1788 1501 1833 1520 etc.
1848 1528 1851 1529 .
1903 1493 1987 1520 Nefas
2001 1494 2082 1520 ciuile
2100 1492 2162 1521 stat.
2176 1493 2242 1520 Silu.
2259 1502 2279 1524 r,
2294 1498 2326 1524 80
2351 1493 2372 1523 B

1396 1531 1479 1557 ciuile.
1551 1529 1620 1557 Odia
1634 1529 1727 1556 Claud.
1741 1529 1773 1555 de
1785 1529 1851 1556 Bell.
1865 1529 1994 1563 Get-2563.
2012 1532 2031 1556 i.
2047 1530 2117 1556 bella.
2161 1529 2209 1557 Sed
2218 1530 2274 1557 Cic.
2288 1538 2338 1565 pro
2374 1524 2421 1559 ΜΞ,

1396 1575 1418 1592 c.
1434 1574 1469 1599 ¹3-
1489 1574 1535 1601 quo
1549 1568 1615 1592 ciuis
1632 1568 1709 1591 ciuem
1721 1565 1797 1601 salica
1815 1574 1875 1602 erga
1892 1572 1969 1601 remp.
1982 1568 2094 1601 pietate,
2107 1572 2284 1602 quatenusper
2302 1567 2368 1602 leges.

1397 1605 1456 1638 quia
1468 1602 1558 1628 malum
1572 1604 1650 1627 ciuem
1664 1607 1757 1637 putat,
1766 1601 1933 1637 persequitur.
1991 1599 2086 1628 Officia
2099 1601 2234 1635 Qinc'til.
2248 1610 2271 1634 2,
2283 1609 2312 1634 4,
2323 1609 2358 1636 27
2378 1620 2380 1622 -
2416 1615 2418 1622 ι

1397 1638 1494 1663 Oratio
1514 1636 1602 1662 ciuilis
1611 1637 1749 1663 Cic.Oi·at.
1764 1646 1796 1669 30
1818 1647 1839 1663 c.
1851 1645 1878 1670 9,
1910 1645 1954 1663 uae
1973 1639 2002 1662 in
2015 1637 2079 1673 foro
2098 1637 2165 1673 apud
2179 1640 2262 1670 ciues,
2276 1637 2304 1664 de
2319 1636 2360 1664 reb
2376 1632 2382 1657 ἶ
2398 1632 2407 1662 [⁷
2441 1640 2443 1649 ’

1397 1675 1465 1699 vium
1478 1672 1519 1698 vel
1529 1674 1646 1697 ciuitatis
1657 1671 1777 1698 habetur:
1794 1673 1867 1705 Ipsae
1881 1673 1890 1697 i
1902 1672 1943 1698 lae
1957 1673 2098 1700 conciones
2119 1673 2279 1707 Thucydidis
2295 1673 2333 1700 ita
2350 1667 2381 1700 m*
2392 1671 2413 1698 ἰἰι
2441 1670 2443 1673 ’

1398 1707 1496 1734 habent
1514 1705 1637 1733 obscuras
1655 1705 1810 1740 abditasque
1830 1707 1986 1740 sententias,
1998 1709 2046 1736 vix
2065 1714 2095 1736 vt
2113 1708 2314 1743 intelligantur,
2325 1707 2428 1743 quod&
2457 1732 2459 1735 .

1397 1744 1426 1769 in
1446 1743 1568 1770 oratione
1590 1741 1665 1768 ciuili
1684 1741 1782 1767 vitium
1800 1741 1844 1767 vel
1863 1741 2020 1769 maximum.
2093 1743 2185 1771 Debeo
2211 1753 2262 1779 pro
2279 1745 2355 1771 ciuili
2371 1736 2426 1773 Pal}

1421 1784 1539 1813 quantum
1558 1780 1622 1803 ciuis
1636 1775 1740 1812 potest)
1759 1784 1842 1811 remp.
1863 1776 1934 1803 velle
1951 1777 2065 1810 saluam,
2077 1779 2176 1805 Matius
2196 1781 2253 1806 Cic.
2268 1781 2340 1808 Fam.
2354 1772 2433 1811 113.ss

1401 1814 1458 1840 Cic.
1470 1813 1585 1846 Philipp.
1598 1820 1625 1846 7,
1639 1813 1763 1851 8-Itaque
1776 1812 1821 1838 ille
1831 1812 1951 1846 ego‚qui
1964 1813 2067 1847 semper
2079 1813 2174 1840 auctor
2186 1815 2256 1849 pacis
2263 1816 2318 1842 fui:
2349 1815 2439 1850 cuiqui,

1400 1849 1452 1875 Pax
1471 1847 1624 1882 praesertim
1643 1847 1747 1879 ciuilis,
1765 1847 1876 1880 (ciuium
1894 1848 1961 1874 inter
1971 1848 2023 1884 fi)
2043 1857 2195 1884 quanquam
2213 1850 2338 1877 omnibus
2357 1849 2431 1880 bonis

1400 1883 1471 1911 inihi
1483 1890 1570 1911 tamen
1584 1883 1611 1909 in
1627 1882 1796 1917 priinis,fuit
1810 1881 1946 1916 optabilis.
2014 1885 2090 1919 Virg.
2098 1885 2163 1912 Aen.
2177 1887 2203 1919 6,
2216 1893 2270 1920 772
2289 1887 2377 1920 Atque
2388 1894 2428 1912 vn

1400 1919 1477 1947 brata
1489 1924 1583 1955 gerunt
1598 1918 1676 1944 ciuili
1686 1923 1807 1958 tempor-a
1821 1919 1945 1952 Qercu,
1962 1921 1980 1944 i.
1993 1928 2084 1947 corona
2096 1921 2190 1947 Ciuica.
2213 1920 2272 1948 Vid.
2285 1931 2341 1948 mox
2363 1927 2427 1948 Clv:
2444 1915 2447 1932 l

1402 1963 1468 1984 cvs.
1524 1955 1581 1981 Cic.
1596 1954 1628 1981 de
1642 1955 1716 1981 Orat.
1729 1962 1752 1987 3,
1768 1961 1798 1986 59
1813 1962 1835 1979 c.
1850 1956 1879 1980 16
1909 1954 1978 1980 Cum
1991 1962 2007 1980 3
2018 1955 2057 1981 Re
2069 1955 2146 1983 ciuili
2163 1962 2190 1983 et
2203 1964 2218 1982 a
2235 1957 2349 1991 negotiis
2362 1956 2427 1983 anin

1401 1991 1517 2027 quodam
1537 1990 1640 2018 iudicio
1659 1989 1850 2022 abhorrerent,
1870 1992 1889 2015 i.
1911 1998 1926 2015 a
1944 1998 1971 2015 re
1989 1993 2056 2016 omni
2070 1990 2186 2024 publica,
2204 1998 2227 2017 et
2255 1993 2393 2028 iugulorum
2413 1999 2427 2016 c
2444 2003 2445 2006 ι

1402 2031 1471 2054 vium
1482 2026 1570 2061 cazfis.
1643 2025 1754 2060 Sanguis
1769 2026 1874 2053 Luci-et.
1888 2033 1912 2057 3,
1927 2031 1972 2059 70.
1991 2027 2011 2051 i.
2030 2026 2098 2052 Bella
2117 2027 2219 2058 ciuilia,
2226 2026 2279 2059 flue
2297 2027 2420 2060 Οἱιιίιιηι,”

1402 2069 1442 2088 ter
1458 2062 1574 2088 efliones.
1611 2061 1744 2094 Quinctil.
1757 2070 1784 2094 2,
1799 2068 1833 2094 ις,
1845 2069 1873 2094 33
1888 2060 2052 2087 Rhetoricen
2066 2066 2155 2087 autem
2170 2061 2280 2095 quidam
2293 2060 2368 2088 eaud
2381 2074 2393 2084 »ε

1876 2096 1973 2123 Cicero
1987 2096 2116 2124 scientiae
2133 2096 2222 2124 ciuilis
2241 2102 2343 2132 partem
2440 2112 2441 2122 1

1403 2131 1491 2158 ciuilis
1505 2138 1593 2158 autem
1607 2131 1716 2157 scientia
1728 2131 1801 2157 idem
1816 2131 1888 2165 quod
1900 2131 2029 2166 sapientia
2043 2131 2088 2159 est.
2126 2134 2220 2168 Nempe
2234 2133 2290 2160 Cic.
2304 2131 2378 2159 deo
2421 2129 2423 2136 ’

1403 2177 1445 2200 123
1465 2177 1487 2193 c.
1502 2176 1528 2199 31
1548 2167 1667 2194 Ciuilem
1687 2166 1823 2193 scientiam
1840 2171 1934 2197 vocat,
1948 2166 2073 2202 quidquid
2087 2167 2157 2202 scire
2175 2168 2244 2195 debet
2257 2171 2297 2200 is,
2309 2170 2353 2204 qui

1401 2204 1475 2230 vibus
1486 2203 1612 2240 fingam,
1626 2204 1666 2229 vel
1678 2205 1727 2228 toti
1740 2204 1842 2228 ciuitati
1857 2204 1968 2228 oratione
1980 2202 2030 2238 sua
2043 2201 2156 2238 prodest}
2169 2204 2233 2230 vult.
2270 2204 2342 2231 Reru
2361 2218 2371 2227 v«

1403 2239 1471 2266 lium
1484 2238 1667 2273 cognitionem
1680 2243 1759 2264 vocat
1771 2237 1839 2263 ibid.
1856 2246 1877 2270 1,
1892 2239 1927 2263 60
1946 2246 1967 2263 c.
1986 2246 2025 2271 14.
2073 2239 2105 2265 Et
2112 2239 2145 2265 de
2152 2239 2254 2266 Inuent.
2268 2248 2288 2272 1,
2300 2242 2317 2266 6
2332 2248 2353 2267 c.
2370 2254 2375 2256 -

1401 2275 1465 2302 vilis
1479 2273 1607 2309 quaedam
1620 2274 1690 2300 ratio
1704 2273 1756 2306 est,
1791 2287 1837 2292 -—
1873 2273 1935 2299 Eius
1947 2273 2078 2307 quaedam
2093 2283 2189 2308 magna
2200 2280 2227 2301 et
2241 2275 2329 2310 ampla
2341 2285 2374 2310 p·

1403 2310 1549 2343 artificiosa
1563 2309 1726 2344 eloquentia.
1781 2308 1854 2336 Nam
1871 2317 1958 2343 neque
1978 2317 2039 2336 cum
2057 2309 2091 2336 iis
2105 2309 2248 2343 sentimus,
2277 2311 2324 2346 qui
2343 2310 2368 2338 ei
2384 2329 2385 2332 ι

1404 2347 1546 2373 Scientiam
1560 2345 1715 2380 eloquentia
1733 2353 1788 2370 non
1806 2349 1898 2378 putant
1911 2344 2050 2380 indigere,
2069 2351 2095 2372 et
2110 2344 2142 2372 ab
2160 2345 2209 2378 iis,
2221 2345 2270 2381 qui
2287 2356 2344 2373 eam
2357 2355 2389 2382 pp

1403 2391 1511 2409 omnem
1524 2381 1640 2408 rhetoris
1658 2381 1687 2407 vi
1706 2386 1731 2407 et
1746 2380 1862 2411 artificio
1880 2380 2023 2408 contineri.
2059 2382 2149 2415 Qiare
2169 2380 2235 2408 hane
2250 2382 2398 2412 oratorias

1404 2418 1530 2445 cultatem
1550 2417 1579 2443 in
1598 2425 1631 2443 eo
1651 2425 1748 2451 genere
1762 2422 1946 2451 ponemus‚vt
1959 2425 2016 2443 eam
2036 2417 2126 2443 ciuilis
2147 2416 2268 2444 scientiae
2279 2419 2419 2452 partem*-

1402 2454 1529 2480 dicamus.
1570 2452 1630 2479 Vid.
1652 2458 1817 2479 civiLl'rAs
1833 2462 1862 2479 ex
1874 2452 2070 2486 QiinGtiliano.
2108 2453 2235 2480 Sermone
2243 2458 2306 2480 noto
2318 2451 2421 2484 ciuil'

1404 2497 1434 2529 et¹
1444 2489 1556 2524 proprio
1568 2489 1609 2514 vti
1621 2488 1692 2515 Suet.
1707 2488 1824 2514 Gramm.
1837 2497 1867 2514 io
1880 2495 1945 2515 extr.
1966 2491 1984 2514 i.
1999 2492 2072 2523 ,inter
2085 2491 2151 2517 ciues
2158 2488 2219 2525 fisos
2230 2486 2324 2523 ifiiato.
2338 2503 2344 2507 -
2375 2487 2426 2514 Str:

1404 2535 1447 2561 ges
1461 2524 1553 2551 Claud.
1569 2525 1631 2550 sext.
1646 2525 1725 2551 Coris.
1740 2525 1812 2550 Hon.
1826 2529 1873 2554 118.
1908 2525 1964 2551 Cic.
1980 2533 2029 2560 pro
2043 2525 2119 2551 Font.
2133 2527 2162 2551 16
2176 2533 2197 2551 c.
2212 2529 2225 2554 8
2250 2523 2395 2557 S‘ijnimico
2405 2528 2424 2549 tt

1405 2562 1437 2588 sti
1451 2561 1522 2588 credi
1535 2569 1589 2587 non
1608 2560 1743 2595 oportuit,
1757 2559 1896 2586 inimicior
1909 2560 2039 2587 Marcello
2059 2561 2175 2593 Crassus,
2190 2566 2216 2587 et
2229 2558 2425 2587 Fimbriaescai

1405 2607 1448 2624 rus
1469 2606 1500 2623 ex
1521 2596 1648 2623 ciuilibus
1661 2594 1772 2628 Studiis,
1788 2601 1868 2630 atque
1889 2595 2084 2624 obtrectatione
2104 2595 2366 2631 domesticasquam
2390 2607 2409 2617 ¹·

1405 2633 1491 2660 Galli?
1529 2631 1630 2659 Ciuilia
1643 2631 1734 2658 Studia
1738 2631 1800 2667 sum
1813 2634 1927 2666 partium
1942 2635 1969 2658 in
1986 2632 2069 2668 repub.
2083 2631 2245 2668 diuet-finum.
2282 2630 2328 2659 Sed
2339 2631 2359 2663 E
2376 2617 2438 2667 ¹:³3⁸*

1404 2676 1428 2702 8,
1443 2678 1481 2700 10,
1495 2677 1523 2695 10
1545 2669 1654 2694 Seuerus
1667 2673 1770 2702 praeter
1783 2666 1908 2694 bellicam
1923 2667 2036 2702 gloriani
2054 2669 2134 2695 etiam
2149 2667 2277 2694 ciuilibus
2289 2660 2403 2694 studii-'s
2424 2685 2427 2695 i

1405 2715 1449 2732 rus
1463 2704 1532 2736 fuit,
1545 2713 1570 2730 v.
1585 2713 1609 2740 g.
1624 2705 1777 2739 eloquentia,
1790 2703 1928 2738 prudentia
1939 2705 1961 2730 Ie
1980 2713 2019 2730 um
2033 2710 2079 2731 ctc.
2150 2702 2240 2730 Verba
2257 2702 2350 2730 ciuil'n
2408 2683 2433 2716 ᾗ

1405 2742 1478 2768 ICtos
1496 2747 1619 2766 vocantur
1640 2739 1716 2767 verba
1735 2740 1889 2775 legatorum,
1917 2739 1958 2772 in]
1969 2742 2119 2772 ieutionum,
2138 2737 2344 2775 substitutionum
2354 2745 2383 2770 ‚‘
2406 2743 2417 2766 ’.ἰ

1404 2780 1478 2803 etiam
1496 2775 1604 2802 DireCla
1618 2775 1756 2804 dicuntum
1774 2781 1804 2800 vt
1823 2782 1911 2801 contra
1922 2774 2165 2811 fideicommifforum
2183 2775 2301 2810 precaria
2315 2794 2324 2808 ,
2344 2773 2350 2779 ’
2369 2771 2383 2802 ²ss
2402 2774 2421 2808 ζ,

1404 2812 1524 2846 obliqua.
1578 2811 1678 2838 In'illis
1693 2816 1776 2845 nempe
1789 2808 1940 2844 simpliciter
1957 2818 1981 2837 et
1993 2810 2087 2838 dir-ech
2104 2810 2202 2838 indicat
2220 2808 2322 2844 testator
2344 2823 2349 2831 ·

1399 2849 1460 2884 suo,
1481 2846 1546 2884 quod
1557 2854 1587 2874 vt
1598 2850 1662 2873 ciuis
1675 2846 1764 2879 habet,
1783 2846 1845 2881 quid
1849 2845 1913 2881 fieri
1925 2848 2004 2873 velit:
2018 2849 2046 2873 in
2059 2846 2100 2873 his
2113 2850 2205 2883 rogat,
2229 2853 2253 2873 et
2265 2846 2296 2873 ab
2307 2847 2377 2878 ami·‚
2414 2846 2419 2871 J
2431 2862 2435 2871 .

1405 2884 1472 2910 cibus
1485 2886 1618 2918 impetrare
1624 2880 1721 2915 studet.
1744 2895 1751 2904 κ
1769 2882 1838 2908 Haec
1848 2882 1963 2916 pluribus
1975 2881 2087 2909 declarat
2099 2883 2183 2908 Cuiac.
2204 2882 2262 2918 Obs.
2283 2890 2304 2914 1,
2318 2882 2379 2914 3ςή
2415 2900 2419 2911 ,2
2434 2906 2436 2911 ,

1405 2919 1473 2947 modo
1485 2928 1562 2946 vnum
1581 2920 1685 2945 alterum
1704 2926 1732 2944 ue
1749 2918 1881 2952 exemplum
1900 2923 2027 2952 ponemus.
2099 2918 2189 2952 Papin.
2210 2917 2228 2944 l.
2241 2925 2259 2952 7
2288 2916 2379 2944 ude
2410 2915 2434 2951 *j'

1404 2961 1431 2982 et
1445 2963 1505 2990 pup.
1519 2953 1617 2981 Verbis
1629 2953 1683 2980 ciui
1696 2952 1755 2980 ibus
1767 2952 1980 2979 substitutionem
1999 2953 2057 2988 post
2070 2960 2194 2988 quartum
2207 2952 2371 2980 decimum&
2430 2951 2435 2958 ’

1405 2991 1498 3018 aetatis
1511 2990 1607 3017 frustra
1620 2989 1680 3016 fieri
1696 2988 1830 3015 conuenit.
1884 2988 1990 3023 leian.
2005 2988 2086 3015 instit.
2101 2989 2141 3016 T.
2155 2996 2186 3022 25
2206 2982 2371 3050 I-'iticicoukisvl

1404 3071 1459 3090 non
1471 3062 1512 3088 his
1521 3061 1655 3095 formulis,
1664 3069 1731 3096 quae
1743 3059 1775 3087 ad
1789 3059 1932 3086 haeredum
1946 3060 2141 3087 institutionem
2154 3059 2365 3088 accommodatae

1404 3098 1448 3126 sed
1462 3097 1630 3133 precationis.
1688 3096 1739 3123 Vir
1758 3095 1804 3122 illc
1817 3104 1880 3122 vere
1897 3095 1987 3124 ciuilis
2005 3101 2031 3122 et
2044 3096 2212 3131 publicarum
2230 3096 2335 3130 priuata
2363 3106 2373 3116 ιι

1404 3143 1495 3162 rerum
1507 3131 1730 3161 administrationi
1743 3131 1954 3158 accommodatus
1963 3152 1971 3164 ,
1991 3132 2039 3167 qui
2050 3140 2141 3167 regere
2153 3131 2268 3158 consiliis
2281 3130 2366 3163 vrben,
2410 3160 2414 3165 ,

1403 3169 1467 3197 dare
1481 3169 1600 3205 legibus,
1627 3167 1767 3195 emendare
1782 3166 1889 3194 iudiciis
1903 3167 1992 3202 poffit,
2019 3176 2074 3194 non
2086 3168 2152 3195 alius
2171 3168 2208 3194 est
2225 3165 2355 3203 prefeeh,

1924 3203 1972 3230 Vis
1991 3203 2078 3230 ciuilis
2104 3209 2131 3230 et
2147 3203 2299 3231 ,festucaria
2310 3205 2375 3230 ..129
2396 3203 2416 3236 ſs.

1405 3251 1449 3274 20,
1463 3250 1490 3268 io
1503 3248 1567 3268 extr.
1581 3249 1660 3275 verae
1677 3249 1706 3266 ac
1719 3239 1817 3266 solidae
1834 3242 1984 3274 opponitur,
2003 3239 2089 3266 bellum
2101 3239 2218 3266 iudiciale
2237 3240 2324 3266 armis.
2352 3234 2363 3268 ‘j
2410 3238 2412 3240 ’

1405 3277 1484 3313 Epist.
1501 3286 1521 3310 i,
1534 3285 1554 3310 1,
1571 3278 1600 3303 16
1619 3276 1699 3305 Nunc
1710 3274 1787 3310 agilis
1799 3273 1852 3308 fio,
1879 3280 1905 3301 et
1917 3275 2019 3302 mersor
2032 3274 2158 3301 ciuilibus
2171 3274 2264 3308 undis,
2283 3276 2301 3300 i.
2318 3281 2347 3305 re¹
2357 3278 2365 3293 Γ

1399 3312 1480 3350 pisto,
1503 3319 1527 3339 ει·
1538 3311 1619 3339 turbis
1629 3311 1698 3338 illius
1710 3311 1831 3338 inuoluor.
1901 3310 1970 3337 Suet.
1985 3311 2014 3339 in
2026 3310 2125 3337 Tiber.
2143 3312 2185 3341 26.
2202 3311 2302 3337 Verum
2319 3307 2368 3336 li‘f

1404 3355 1493 3381 metu,
1512 3347 1622 3375 ciuilem
1640 3348 1665 3374 fle
1679 3346 1823 3373 admodum
1836 3345 1907 3373 inter
1919 3346 2048 3378 initia,ae
2063 3346 2154 3381 paullo
2166 3345 2255 3378 minus
2268 3342 2355 3381 quatit

1404 3391 1462 3412 tum
1475 3384 1553 3418 Egit,
1581 3386 1599 3410 i.
1611 3390 1701 3419 parum
1720 3382 1819 3417 abfuit,
1841 3390 1887 3417 quo
1910 3385 1993 3408 minus
1999 3385 2129 3417 priuatum
2146 3388 2238 3418 ageret.
2297 3388 2301 3391 '
2408 3410 2409 3414 ,

1404 3429 1432 3454 4,
1446 3428 1458 3453 3
1478 3418 1580 3446 Ciuilia
1593 3418 1625 3445 de
1638 3419 1663 3445 se
1678 3417 1754 3453 loqui
1773 3420 1839 3444 inter
1857 3417 1942 3444 laudes
1959 3416 2110 3454 Vespasiani.
2145 3417 2240 3444 Contra
2257 3415 2362 3446 Tae-f
2407 3434 2410 3446 ξ

1404 3465 1442 3488 iz,
1456 3457 1474 3482 6
1492 3453 1732 3490 Tanquam—dueta
1745 3453 1773 3479 in
1785 3452 1989 3480 matrimoniimi
2003 3453 2128 3487 Vipsania
2162 3466 2208 3473 ·—
2244 3451 2302 3487 plus
2312 3452 2361 3486 qu

1402 3492 1469 3519 vilia
1482 3491 1608 3525 agitaret,
1623 3492 1642 3516 i.
1659 3498 1687 3516 ea
1698 3490 1826 3516 moliretur
1834 3509 1843 3522 ,
1856 3488 1921 3514 vnde
1938 3490 2007 3516 illum
2019 3490 2124 3523 amplius
2135 3487 2204 3522 quid,
2236 3496 2291 3514 uam
2303 3485 2357 3513 c‘iu

1402 3528 1465 3554 velle
1478 3532 1616 3562 appareret.
1652 3523 1726 3560 Qod
1738 3524 1863 3560 Calpurn.
1872 3524 1946 3550 Decl.
1958 3526 1975 3550 6
1995 3524 2054 3550 Plus
2067 3531 2147 3557 quam
2160 3497 2253 3550 ciuifia
2264 3523 2313 3557 cup,
2326 3552 2330 3558 .
2399 3529 2412 3559 ι’,

1403 3564 1444 3591 Sic
1458 3565 1532 3588 etiam
1546 3562 1658 3596 Compar.
1679 3560 1811 3593 Ciuilior,
1834 3559 1916 3587 Ouid.
1933 3559 2018 3586 Trist.
2031 3568 2059 3593 4,
2071 3567 2100 3591 4,
2114 3566 2138 3590 13
2168 3559 2226 3593 Ipse
2245 3558 2339 3594 patefit,¹>
2387 3558 2395 3565 ²

1423 3597 1470 3624 uid
1484 3597 1556 3624 enim
1567 3596 1674 3624 ciuilius
1688 3595 1754 3622 illo?
1772 3603 1820 3622 etc.
1855 3597 1886 3622 In
1898 3593 2041 3628 colloquiis
2054 3594 2135 3620 etiam
2148 3593 2300 3621 humillimo
2329 3595 2340 3632 a*

1403 3633 1509 3661 liffiuius
1528 3633 1582 3660 fuit
1599 3632 1680 3667 Spart.
1695 3632 1725 3658 in
1737 3631 1800 3659 Adr.
1820 3640 1843 3657 c.
1855 3639 1899 3658 20.
1969 3628 2158 3664 Aequiffimum
2179 3630 2204 3656 se
2222 3634 2248 3656 et
2264 3620 2336 3655 ciuili

1402 3669 1526 3706 praebuit
1539 3669 1647 3703 Eutrop.
1663 3673 1687 3701 8,
1703 3676 1722 3694 1.
1743 3670 1770 3694 in
1788 3666 1874 3703 quibus
1884 3664 1995 3693 omnibus
2006 3663 2041 3692 ad
2055 3663 2246 3693 moderationem
2262 3668 2287 3691 et

1401 3706 1574 3741 aequalitatem
1592 3706 1682 3730 ciuium
1699 3702 1820 3738 refertur.
2224 3718 2226 3720 .
2270 3715 2279 3720 .
2301 3718 2303 3722 ,
2338 3700 2339 3705 ’

1834 3733 1945 3763 Animus
1965 3736 2050 3762 ciuilis
2063 3745 2093 3762 ac
2104 3736 2245 3763 moderatus
2263 3733 2298 3761 ab

1403 3783 1442 3804 ter
1456 3786 1485 3804 ac
1491 3776 1554 3812 suae
1565 3777 1680 3802 ciuitatis
1691 3774 1790 3805 memor,
1797 3771 1893 3808 s.a11·os
1903 3779 1975 3807 aeque
1987 3780 2017 3797 ac
2023 3771 2053 3807 se
2068 3774 2144 3798 ciuem
2157 3770 2200 3806 ff
2213 3771 2295 3807 cogito

1404 3812 1434 3838 in
1447 3811 1554 3846 August.
1569 3819 1623 3843 c.5i
1644 3807 1808 3836 Clementiae
1814 3812 1840 3833 et
1847 3805 1985 3833 ciuilitatis
1992 3807 2049 3833 eius
2059 3808 2142 3834 multa
2149 3813 2174 3834 et
2180 3811 2292 3841 1113ἕ113Δ

1403 3847 1527 3878 fuerunt„
1555 3845 1628 3873 Idem
1640 3845 1668 3871 in
1679 3842 1770 3871 Claud.
1784 3851 1812 3875 35
1829 3841 1926 3868 Primis
1936 3842 2045 3877 imperii
2057 3842 2164 3875 diebus,
2175 3843 2322 3878 quanquam

1403 3883 1506 3914 ximus)
1521 3881 1633 3908 iactator
1652 3878 1807 3909 ciuilitatis,
1826 3885 1912 3912 neque
1924 3878 2052 3905 conuiuia
2064 3879 2134 3905 inire
2150 3878 2226 3904 ausus
2243 3874 2294 3905 est,

2442 1806 2445 1824 l

1353 3925 1394 3953 105
1401 3917 1479 3954 Apud
1485 3916 1635 3955 posteriores
1645 3917 1673 3942 in
1685 3916 1751 3942 vitio
1762 3911 1806 3948 effi
1817 3916 1911 3949 coepit„
1945 3913 2082 3951 Lamprid.
2094 3913 2170 3947 Alex.
2181 3920 2217 3940 20
2236 3911 2305 3938 Cum
2315 3904 2346 3934 et*
2397 3914 2408 3923 ¹⁴

2332 3932 2411 3968 «ἐπα

2326 3968 2329 3975 ι
