2474 4182
306 123 372 161 5¹9
731 108 771 148 Α
831 105 875 143 Τ
930 103 976 143 Τ
1053 159 1057 165 .
1829 107 1869 145 A
1923 105 1966 144 T
2028 93 2085 146 T·
2351 85 2448 160 7520}

309 200 358 226 106
375 198 472 226 Hercle
483 207 550 226 vero
563 203 591 223 tu
607 194 711 223 cauebis
721 215 728 227 ‚
746 202 780 220 ne
794 202 836 220 me
849 193 952 228 attigas.
999 193 1067 221 Idem
1080 194 1158 221 Most.
1172 204 1198 227 2,
1213 204 1238 227 2,
1251 202 1281 228 37
1303 193 1354 220 Ab·
1411 194 1468 224 lico,
1483 195 1590 229 Iamque
1603 195 1624 221 is
1637 194 1826 222 transcenderit
1836 201 1947 220 aetatem
1960 194 2061 228 primae
2067 195 2254 228 quentac,nee
2263 195 2324 222 dum
2332 185 2434 234 Senefiii
2448 187 2449 192 ¹

309 234 406 261 scedite
415 255 422 268 ,
437 234 513 261 aedes
526 242 558 260 ne
572 232 696 265 attigatiS.
732 230 773 257 Sic
788 229 848 255 ΕΔΑ.
861 236 923 255 vctt.
938 235 962 256 et
977 227 1057 263 reste,
1072 236 1143 266 puto.
1182 230 1267 264 Postea
1279 231 1357 256 attin·
1412 230 1446 255 tis
1459 229 1585 263 attigerit.
1620 231 1685 257 Rem
1697 239 1908 266 vnamquamque
1922 230 2070 265 lingulatiin
2082 231 2210 267 attingere
2222 233 2280 258 Cic.
2290 232 2450 270 delnu.1‚9i-2

309 271 374 305 gite.
417 271 490 298 Non.
511 271 526 296 l.
538 279 558 295 c.
575 278 603 294 ex
618 265 728 300 Turpil.
744 264 856 291 Leucad.
882 265 925 291 Ne
939 274 982 291 me
994 266 1103 301 attigas,
1122 273 1201 301 atque
1212 266 1288 292 aufer
1303 274 1356 290 ma-
1412 272 1476 296 c.32.
1497 265 1615 291 Strictim
1623 267 1732 302 attigisti
1742 267 1841 293 ld.Att.
1850 274 1898 298 2‚i.
1923 264 2446 305 StudialeuiterSuet.declar-Grani.e.9*

309 315 383 334 num.
439 306 532 333 Accius
552 302 694 336 Erigouis:
732 303 787 335 Age
814 309 876 335 age,
896 301 1026 334 amolire,
1045 303 1153 334 amitte,
1174 311 1237 328 caue
1258 301 1355 327 vestem
1414 298 1434 337 fl
1457 309 1468 326 2
1488 300 1534 327 Sed
1553 308 1576 326 et
1599 303 1664 328 alias
1676 303 1808 364 aformulas
1828 306 1908 337 parit.
1945 302 2001 328 Cic.
2019 301 2132 335 QFrat.
2148 309 2167 334 1,
2181 310 2191 328 ι
2212 303 2254 332 De
2265 303 2306 329 his
2319 303 2447 338 rebu35n0=

308 343 412 377 attigas.
483 342 551 367 Cim!
564 341 638 363 ettam
652 337 733 363 Plaut.
747 336 868 363 Bacchid.
881 345 904 369 3,
917 346 941 370 3,
954 347 984 371 4¹
1005 338 1049 364 Ne
1062 338 1155 372 attigas
1171 346 1282 372 puerum
1296 337 1356 363 istac
1374 344 1386 369 ς
1413 335 1477 371 quid
1491 336 1609 370 attingat.
1662 339 1673 363 1
1695 357 1700 363 .
1715 338 1747 365 de
1762 338 1854 372 Legib.
1869 347 1892 369 z,
1907 346 1918 368 ς
1939 337 1987 363 Sed
2001 337 2130 363 nimirum
2142 345 2186 363 me
2196 336 2248 363 alia
2260 346 2365 372 quoque
2376 330 2444 376 cam}

307 380 397 410 causa,
419 375 525 412 quando
537 373 600 399 fecit
614 372 727 400 strenue.
780 372 829 401 sed
839 372 933 400 editum
945 376 973 400 in
988 374 1064 399 Gron.
1077 374 1197 408 attingas.
1240 374 1319 400 Plura
1331 372 1360 398 id
1413 371 1541 404 delectat,
1558 381 1624 407 quae
1644 378 1670 398 te
1688 382 1742 400 non
1759 375 1867 408 attingit
1885 374 1931 399 ita.
2003 375 2034 399 Et
2047 372 2078 398 de
2093 373 2150 398 Fin.
2163 380 2186 404 ς,
2201 380 2236 405 24
2254 374 2343 406 Qium
2355 370 2443 404 animai

307 423 386 451 genus
399 412 468 439 dabit
482 412 575 436 Parrus
590 410 650 435 Lex.
665 409 730 435 Crit.
1414 407 1532 442 processit
1544 407 1677 442 paullum,
1697 415 1724 435 et
1736 416 1863 444 quatenus
1876 409 2009 444 quidquid
2028 409 2053 434 se
2070 407 2198 441 attingat,
2217 407 2249 434 ad
2273 409 2350 443 seque
2372 413 2448 445 pem,
2459 434 2466 440 ‚

347 457 367 475 Λ
379 455 428 475 TT
439 452 476 472 1G
486 453 506 471 v
516 452 567 471 vs.
587 444 600 478 [
609 443 751 479 προσαφῆς]
785 443 816 470 ab
831 443 944 478 Attig0;
978 443 1044 480 quod
1056 446 1094 470 ita
1107 446 1216 470 vicinum
1229 441 1272 476 est,
1280 449 1310 470 vt
1322 449 1360 469 at·
1415 450 1491 475 neat⁷
1511 444 1657 478 perspicere
1676 445 1778 479 coepit,
1797 451 1854 472 tum
1874 445 1966 471 sentim
1985 444 2080 478 incipit
2099 442 2239 478 progredi,
2259 444 2360 479 seseque
2371 448 2464 481 agno}⁴

308 488 402 520 tingat.
439 480 516 516 Apul.
529 489 547 513 4
561 489 585 515 p.
602 485 656 513 148,
671 488 688 514 7
707 480 807 506 Domus
821 480 936 514 attiguae
951 479 1073 506 fortunas
1085 479 1270 505 arbitraturus.
1329 480 1360 504 Et
1415 480 1483 506 scere
1496 484 1521 505 et
1536 479 1694 513 intelligere.
1765 481 1822 507 Cic.
1836 482 1889 508 Att.
1901 490 1926 514 9,
1943 489 1964 507 ιι
1983 481 2010 507 Si
2024 489 2076 515 qua
2089 479 2121 506 de
2134 479 2261 513 Pompeio
2279 480 2474 510 nostro'tum,·.-ffi

309 530 333 554 p.
351 527 398 552 ¹55,
412 525 447 551 27
465 518 573 551 Iamque
588 516 722 550 proximas
734 516 856 542 ciuitates
869 522 894 542 et
909 515 1021 550 attiguas
1038 515 1159 548 regiones
1179 515 1249 554 fain—a
1267 523 1359 550 perua-
1380 515 1462 546 mdo,
1484 521 1510 541 et
1524 515 1614 541 tibiae
1628 515 1703 549 Rcip.
1717 516 1913 543 reconciliando
1925 525 1987 543 cura
2000 523 2025 543 te
2037 515 2159 550 attingit,
2175 517 2194 540 i.
2216 515 2242 541 Si
2254 523 2301 550 qua
2315 514 2347 548 est
2359 511 2452 557 'mhi‘

308 556 385 581 serat.
441 554 473 579 Et
485 555 503 579 6
519 561 543 587 p.
557 557 611 586 178,
626 556 652 581 18
689 551 809 578 Pei-cunis
835 551 978 579 frondibus
1004 551 1102 587 attigui
1134 559 1260 577 nemoris.
1314 551 1356 578 Sic
1413 561 1443 577 ra
1458 554 1532 576 etiam
1546 553 1657 577 minima.
1728 551 1821 585 Digito
1833 552 1935 579 caelum
1948 552 2077 587 attingere
2092 551 2231 582 dicuntur,
2248 553 2290 586 qui
2296 551 2374 587 supra
2387 554 2451 583 nin..

308 590 465 624 Contiguus.
512 587 579 614 Add.
594 588 692 622 Aggen.
706 587 771 614 Vrb.
790 597 814 622 p.
827 590 869 618 68.
1411 588 1500 612 talium
1514 586 1690 618 conditionem,
1707 595 1737 612 ac
1749 587 1799 613 diis
1807 591 1920 622 proximi
1932 587 1975 622 cffi'
1988 589 2114 615 videntur.
2150 586 2207 612 Cic.
2222 586 2274 612 Att.
2288 594 2313 618 2,
2329 595 2338 613 1
2358 588 2385 614 Ν
2404 595 2412 619 j
2452 593 2455 597 ·

345 632 426 653 ATT
438 632 446 650 i
456 631 559 657 Livs,
579 623 631 650 vid.
647 630 669 650 Α
679 630 718 650 Ti
729 630 744 649 L
754 631 763 650 1
774 631 794 650 v
805 631 827 650 s.
1239 656 1244 660 .
1338 654 1344 660 .
1413 628 1501 648 autem
1523 622 1654 657 principes
1668 621 1755 656 digito
1769 623 1795 648 se
1808 623 1908 649 caelum
1921 631 2012 658 putant
2025 624 2170 658 attingere,
2190 621 2208 648 fi
2223 621 2290 648 niuli
2307 621 2447 654 barbadam

344 668 396 688 AT
406 668 427 688 T
438 658 449 686 ἶ
459 667 503 686 Lv
514 668 544 692 s,
563 659 641 686 Piscis
663 660 692 686 in
720 659 804 690 Pado,
825 659 922 685 inertia
945 658 1130 693 pinguescens,
1151 655 1183 684 ad
1209 656 1283 682 mille
1309 655 1357 680 ali·
1415 658 1521 692 piscinis
1535 658 1609 691 sunt,
1630 658 1677 692 qui
1691 658 1723 684 ad
1736 666 1843 684 manum
1855 660 1984 686 accedant.
2069 659 2108 686 Id.
2123 658 2205 685 Tusc.
2221 665 2249 689 ς,
2265 665 2291 689 35
2316 658 2416 687 Laelius
2425 662 2447 688 ε,

306 697 415 731 quando
434 696 533 728 libras,
551 701 670 722 catenato
692 702 782 729 captus
799 694 895 727 hamo,
914 703 961 721 nec
980 694 1029 721 nisi
1043 694 1126 721 boum
1137 692 1206 727 iugis
1218 690 1358 718 extr-acqua
1376 699 1401 725 ις
1417 693 1502 727 digito
1521 703 1600 729 quern
1620 694 1758 728 attigisset,
1803 702 1881 721 oenas
1902 695 2023 727 dedisset,
2055 698 2073 721 i.
2095 695 2122 722 Si
2136 695 2177 720 vel
2194 692 2306 728 leuzffi'me
2323 697 2422 731 tetigi

308 733 374 760 Plin.
388 742 414 765 9,
430 740 454 765 ις
474 732 492 758 s.
508 739 546 767 17.
1414 736 1444 755 vt
1451 729 1532 765 Jiipra
1543 733 1593 756 iam
1605 730 1743 756 indicatum
1757 703 1801 763 elil?
1864 731 1970 757 Porcius
1985 731 2104 758 Licinius
2117 729 2306 764 epigrammate
2318 731 2381 764 apud
2397 735 2407 754 f:
2424 723 2444 752 ,·'“

345 777 367 797 A
377 776 429 796 TT
439 776 448 794 1
458 776 496 800 N,
516 769 557 794 val
575 774 656 794 A‘r'r
667 775 675 794 i
686 774 698 793 s
708 787 716 800 ,
734 766 786 792 vid.
808 772 859 793 AT
870 774 888 792 Y
899 773 920 792 s.
1414 765 1481 791 lium
1502 773 1538 797 19,
1553 774 1570 798 9
1593 765 1620 792 Si
1633 765 1726 800 Digito
1740 765 1870 801 attiger0,
1883 766 2021 793 incendam
2035 767 2125 793 siluam
2146 764 2221 791 simul
2233 773 2348 792 omnem.
2380 782 2382 784 v
2413 773 2417 789 s
2444 792 2446 795 .

342 812 395 832 ΛΤ
405 812 426 831 Τ
436 811 547 836 ΙΝΛΕ,
566 812 652 830 arum.
680 803 699 829 f.
738 803 768 828 ln
785 802 870 837 specie
889 801 1066 828 maceriarum
1086 804 1230 832 congerunt
1250 798 1360 833 lapides,
1414 809 1464 835 pro
1472 801 1542 827 Cael.
1558 806 1586 831 28
1599 810 1656 828 c.12
1677 802 1708 828 Et
1720 801 1814 827 audiui
1827 810 1881 828 non
1894 802 1984 834 modo,
1999 803 2045 838 qui
2059 800 2366 837 primoribuslabrisgu
2379 820 2381 823 ⁴
2395 808 2397 824 :

306 846 333 868 et
346 841 441 868 attinas
453 839 593 874 appellant,
605 840 646 867 Sic
653 838 737 865 Flaec.
750 847 775 872 p.
784 847 801 871 4
819 837 883 874 quod
895 840 1011 862 nimirum
1018 835 1047 871 se
1060 837 1163 860 inuicem
1177 837 1336 870 contingunt.
1412 845 1493 870 genus
1507 836 1557 863 hoc
1570 837 1641 863 vitae
1650 858 1657 869 ,
1677 844 1703 864 et
1721 838 1846 864 extremis
1867 841 1915 868 (vt
1928 837 2043 869 dicitur)
2062 837 2160 873 Digitis
2173 836 2327 870 attigissent,
2344 835 2388 864 sed
2410 830 2435 874 ζ*

344 885 366 905 Α
376 883 397 903 Τ
407 883 445 903 TI
456 883 478 902 N
489 883 505 903 c
513 883 534 902 T
545 882 565 902 v
574 882 587 902 s
596 895 605 908 ,
622 874 676 901 vid.
699 881 721 901 A
730 881 748 901 D
757 881 795 900 ‘ri
809 881 829 899 N
838 881 854 900 c
864 880 885 900 T
893 881 913 898 ν
924 881 946 899 s.
1363 880 1398 898 20
1410 878 1494 899 totam
1513 872 1716 899 adolescentiam
1736 872 1917 908 voluptatibus
1938 873 2072 901 dedissent.
2146 873 2202 899 Cic.
2224 872 2255 898 de
2269 872 2326 898 Fin.
2339 880 2362 906 3,
2384 888 2386 892 .
2430 891 2431 895 ,

343 919 427 940 ATT
439 910 505 938 ῙΝΕ
515 918 550 944 ο,
558 910 584 946 ]Ζ
604 917 684 937 ADT
694 917 734 936 IN
744 916 758 935 1·
769 915 804 941 0,
825 910 869 940 ui,
890 911 942 934 ere.
965 906 1106 940 [κατέχω]
1128 906 1170 932 Au
1189 914 1226 931 ere
1241 906 1355 941 aliquan-
1411 909 1449 935 ita
1463 909 1510 934 else
1525 908 1558 934 sic
1573 908 1702 943 probant,
1720 909 1793 943 quod
1813 914 1956 943 antequam
1973 910 2095 944 voluptas
2113 914 2158 935 aut
2171 908 2257 934 Dolor
2269 907 2401 942 attigerit
2427 902 2433 916 s

305 954 357 975 eum
371 946 504 982 uideturfi
541 948 690 983 ifle-ationem
704 944 905 979 verbisimplicif
923 943 1025 969 Tenere.
1062 941 1143 967 Plaut.
1166 946 1233 981 ’aph
1248 949 1274 972 2,
1287 950 1312 973 2,
1327 943 1356 967 16
1409 944 1506 971 lutaria
1518 950 1640 979 appetant
1653 946 1743 979 parui,
1761 945 2000 980 aspernenturque,
2021 951 2066 972 etc.
2120 945 2181 971 Liu.
2194 952 2239 978 27,
2274 963 2282 970 .
2378 973 2381 980 Ι
2428 941 2431 945 “

308 985 387 1012 Nunc
402 985 455 1012 iam
468 993 499 1010 cii
513 990 567 1009 tros
581 982 691 1012 attinet,
709 984 727 1006 i.
743 979 1046 1018 admo-u1*t‚'et·app11·cat.
1100 977 1193 1017 Tacit.
1207 977 1275 1002 Ann·
1286 985 1312 1009 1,
1328 984 1355 1009 35
1410 986 1485 1006 erant
1497 981 1637 1015 perpauci,
1657 990 1723 1016 quos
1737 990 1767 1007 ea
1782 981 1894 1007 infamia
1907 981 2055 1014 attingeret.
2126 981 2183 1006 Cic.
2206 982 2277 1006 ram.
2291 987 2314 1011 3,
2331 988 2358 1005 10
2437 1005 2439 1008 ,

306 1021 346 1047 Ν1
358 1019 476 1055 proximi
489 1018 642 1054 prehensam
657 1017 776 1042 dcxtmm
790 1024 819 1054 ψ
831 1014 1012 1053 ὃῐΐῑῐῑυῑῐῖἒῐῑῑχ
1057 1011 1284 1045 ldemfllst·2‚¹4
1306 1013 1356 1039 De·
1411 1016 1498 1043 studio
1513 1016 1644 1050 prouidit,
1663 1026 1696 1042 ne
1714 1026 1765 1052 qua
1781 1026 1824 1043 nie
1838 1017 1911 1043 illius
1929 1016 2057 1050 temporis
2074 1015 2181 1042 Inuidia
2197 1015 2346 1049 attingeret.
2375 1039 2381 1049 ,
2427 1012 2446 1050 ..ii

306 1057 374 1083 letae
388 1064 480 1083 omnes
492 1055 584 1089 copiae
598 1054 701 1081 forent,
719 1051 748 1076 ni
771 1049 905 1076 wefforem
925 1049 1240 1089 exereitllmflttmusssss
1263 1048 1355 1075 Obscu-
1366 1056 1397 1082 23
1410 1053 1443 1078 de
1468 1053 1542 1078 Orat.
1559 1060 1578 1084 1,
1594 1057 1624 1087 87
1638 1062 1660 1079 c.
1674 1061 1700 1085 ¹9
1727 1054 1799 1079 Haec
1821 1059 1908 1079 autem
1931 1053 1981 1078 effe
2002 1052 2106 1086 penitus
2126 1052 2155 1078 in
2177 1051 2265 1078 media
2285 1050 2389 1085 philos

305 1101 366 1119 runi
381 1091 476 1118 noetis.
518 1093 549 1117 Et
561 1088 661 1115 Sallust.
678 1087 742 1113 Bell.
757 1085 912 1126 Iugurth3c.
926 1087 967 1112 116
985 1085 1124 1125 Attinuisse
1143 1084 1290 1111 Numidam
1311 1085 1355 1119 spe
1410 1089 1512 1114 retrusa
1526 1095 1604 1122 atque
1619 1087 1708 1115 abdita
1717 1108 1725 1121 ‚
1744 1097 1811 1123 quae
1830 1089 1873 1115 iffi
1886 1087 2006 1115 rhetore,-
2017 1097 2049 1113 ne
2063 1087 2227 1122 primoribus
2240 1086 2348 1122 quidem

305 1128 384 1163 pacis.
442 1128 482 1155 Sic
503 1127 565 1152 Neu
585 1122 746 1159 prolatandis
761 1121 938 1148 seditionibus
952 1129 1000 1147 nos
1013 1129 1041 1147 m
1055 1120 1225 1147 solicitudine
1244 1120 1356 1147 attineas
1408 1124 1559 1158 attigissent.
1631 1124 1761 1158 Sanguine
1775 1124 1890 1159 aliquem
1911 1124 2042 1158 attingere
2070 1123 2136 1149 Plin.
2152 1123 2230 1158 Epist.
2245 1130 2271 1157 7,
2285 1131 2328 1155 24.
2372 1127 2380 1147 ,¹

305 1164 364 1191 Sall.
379 1164 453 1190 Orat.
467 1161 584 1196 Philippi
597 1170 623 1186 n.
640 1161 674 1185 16.
714 1160 807 1184 lterum
822 1158 912 1184 Tacit.
927 1158 994 1197 A.¹¹¹¹'
1011 1166 1033 1189 3,
1048 1158 1079 1188 36
1099 1156 1273 1183 Precabantur
1285 1157 1354 1196 Dru-¹
1410 1161 1487 1186 Verr.
1501 1168 1526 1192 2,
1542 1168 1573 1194 27
1588 1169 1609 1185 c.
1625 1168 1653 1186 ιο
1687 1161 1750 1193 Qio
1764 1168 1878 1195 quisque
1893 1166 1918 1187 te
1927 1160 2042 1186 maxime
2055 1165 2228 1194 cognatione,
2242 1157 2386 1191 affinitate,
2426 1161 2429 1164 ’

303 1201 376 1231 suni,
396 1198 470 1225 daret
485 1196 596 1223 vltionis
610 1194 774 1228 exemplum,
791 1193 874 1220 donec
895 1199 1004 1220 accitam
1023 1192 1228 1232 conuitfftauique
1246 1192 1357 1218 attineri
1410 1195 1561 1222 testitudine
1573 1195 1664 1230 aliqua
1676 1196 1829 1230 attingebat,
1902 1195 1941 1222 101.
1954 1197 2008 1222 Αῃ,
2022 1204 2047 1227 25
2060 1204 2096 1228 24
2111 1194 2228 1227 Deinde,
2240 1203 2307 1229 quos
2320 1194 2348 1220 in
2362 1193 2387 1220 S.

304 1235 411 1271 publica
431 1232 548 1260 custodia
567 1231 644 1258 iulIit.
682 1230 774 1256 Tacit.
794 1231 861 1255 Ann.
877 1238 917 1261 13,
938 1238 972 1263 27
993 1230 1069 1261 Qios
1088 1228 1208 1254 vindicta
1227 1234 1354 1262 patronus
1363 1237 1396 1261 30
1407 1240 1441 1257 ne
1453 1231 1599 1257 tenuissima
1613 1231 1721 1266 quidem
1735 1231 1882 1266 suspicione
1894 1231 2032 1266 attigerat,
2051 1239 2097 1256 eos
2108 1230 2268 1257 nominauit.
2359 1230 2396 1256 [r

303 1280 358 1298 non
371 1269 544 1300 liberauerit,
565 1267 640 1293 velut
654 1266 763 1292 Vinculo
777 1265 911 1292 seruitutis
925 1265 1042 1304 attin-eri.
1089 1264 1169 1304 'Idem
1184 1265 1251 1289 Ann.
1267 1272 1291 1295 13
1299 1284 1312 1304 ,⁸
1321 1271 1354 1298 37
1408 1267 1487 1294 Arch,
1503 1272 1534 1297 28
1555 1268 1627 1301 Qms
1639 1276 1680 1294 res
1695 1276 1743 1293 nos
1755 1267 1783 1293 in
1797 1267 1942 1294 Consulatu
1954 1267 2045 1294 nostro
2058 1266 2197 1293 vobiscum
2211 1265 2286 1293 simul
2308 1273 2357 1299 pro
2380 1270 2391 1287 i-

303 1307 369 1333 Satis
384 1310 536 1339 comperto,
556 1302 707 1337 Vologesen
719 1300 870 1328 defeEtione
885 1301 1033 1333 Hyrcaniae
1047 1306 1156 1326 attineri
1169 1299 1260 1326 suadet
1273 1300 1303 1326 T
1304 1300 1353 1326 iri-
1409 1303 1488 1329 huius
1509 1302 1583 1329 vrbis
1602 1310 1681 1338 atque
1699 1303 1824 1338 imperii,
1843 1309 1870 1330 et
1888 1312 1938 1337 pro
1955 1303 2013 1330 vita
2029 1303 2147 1336 ciuium,
2167 1311 2268 1337 proque
2281 1301 2364 1328 vniue
2386 1302 2394 1324 f
2436 1298 2437 1308 ¹

301 1342 358 1369 dati
371 1341 494 1376 precibus
510 1339 647 1366 Caesarem
662 1337 779 1372 aggredi.
837 1339 898 1363 Item
918 1337 984 1362 Ann.
1002 1345 1029 1368 ι,
1048 1343 1078 1367 ςο
1103 1335 1147 1362 Ob
1166 1336 1286 1362 amiffum
1301 1336 1354 1372 Au·
1409 1338 1482 1373 publ.
1503 1338 1636 1373 gessimus,
1656 1339 1744 1374 attigit
1772 1339 1816 1366 hic
1838 1338 1979 1372 Versibus,
2006 1345 2085 1374 atque
2119 1337 2266 1365 inchoauit.
2357 1338 2393 1364 E?

301 1377 404 1413 gustum
425 1375 565 1403 discordiis
581 1375 733 1402 attincmur.
804 1374 835 1399 Et
850 1373 918 1399 Ann.
933 1382 972 1406 14,
989 1374 1021 1405 56
1042 1372 1138 1412 Seneca
1156 1380 1231 1398 rarus
1250 1381 1296 1406 per
1310 1381 1354 1398 vr·
1409 1375 1484 1402 Rosc.
1500 1376 1589 1401 Anier.
1604 1382 1635 1408 59
1649 1384 1672 1401 c.
1684 1380 1715 1406 28
1734 1376 1824 1410 Vsque
1837 1383 1870 1401 eo
1884 1375 2078 1408 animaduerti,
2096 1374 2214 1406 ludices,
2232 1382 2294 1400 eum
2306 1372 2349 1399 ioc
2382 1373 2390 1403 J

301 1414 373 1446 bem,
391 1412 462 1448 quasi
475 1411 628 1439 valetudine
641 1410 752 1442 infensa,
767 1414 812 1435 aut
823 1409 966 1443 saPlentiae
981 1407 1073 1434 studus
1086 1407 1161 1434 domi
1173 1408 1341 1434 attineretur.
1366 1417 1395 1443 35
1411 1419 1462 1446 que
1475 1410 1538 1437 alias
1551 1420 1592 1437 res
1606 1419 1700 1445 agere,
1721 1417 1781 1438 ante
1795 1420 1875 1446 quam
1888 1410 2090 1446 Chrysogonum
2105 1409 2252 1437 nominaui,
2287 1411 2367 1444 quem'
2385 1412 2391 1428 ἴ

340 1456 390 1476 AT
399 1456 420 1476 T
429 1457 438 1475 1
448 1456 470 1475 N
479 1455 496 1474 E
506 1453 527 1473 T
537 1467 546 1480 ‚
566 1446 714 1483 [προσήκει]
744 1445 804 1482 fere
822 1445 1020 1481 impersonaliter
1037 1444 1130 1483 legitur
1139 1464 1147 1476 ,
1162 1450 1210 1479 pro
1230 1445 1352 1476 Pertinet,
1406 1453 1488 1482 atque
1499 1447 1592 1481 attigi,
1612 1446 1699 1473 statim
1713 1446 1795 1473 homo
1809 1447 1834 1473 se
1847 1446 1941 1473 erexit.
1983 1446 2031 1475 Vbi
2037 1448 2096 1473 Vet.
2106 1445 2191 1472 Schol.
2204 1446 2273 1472 Bene
2286 1445 2355 1471 dixit
2371 1454 2374 1460 .
2388 1447 2395 1466 ι’

301 1485 388 1518 decet,
408 1485 530 1511 conuenit.
609 1481 657 1509 Sed
675 1485 749 1508 etiam
763 1479 921 1516 substantiua
939 1480 1055 1506 admittit
1059 1481 1208 1520 singularia¹
1212 1483 1315 1515 pariter
1327 1486 1353 1505 et
1406 1488 1558 1518 potentem,
1578 1488 1605 1510 et
1623 1483 1670 1518 qui
1689 1484 1715 1509 se
1735 1483 1821 1510 nollet
1832 1483 1977 1510 nominari.
2049 1482 2105 1509 Cic.
2120 1490 2170 1517 pro
2185 1481 2264 1508 Arch.
2278 1488 2306 1516 17
2341 1485 2356 1505 θ
2386 1493 2389 1503 ι

295 1521 419 1557 pluralia.
473 1519 528 1545 Cic.
544 1516 621 1544 Acad.
636 1526 664 1551 4,
678 1524 709 1555 37
736 1516 814 1556 Ninil
829 1517 924 1556 atti-net
938 1516 970 1542 de
983 1515 1121 1542 assensione
1135 1524 1248 1542 omnino
1264 1515 1351 1550 loqui.
1406 1518 1453 1553 ipsi
1468 1518 1531 1545 haec
1544 1527 1632 1553 neque
1644 1519 1790 1554 attingere,
1808 1527 1897 1555 neque
1909 1519 1983 1545 sensu
1997 1518 2089 1545 nostro
2102 1517 2204 1553 gustare
2217 1517 2354 1552 possemus,
2365 1521 2392 1543 tu

301 1558 340 1584 De
354 1565 409 1592 quo
422 1554 488 1590 quid
507 1554 632 1584 sentiam,
650 1552 720 1578 nihil
741 1558 835 1578 attinet
854 1552 942 1578 dicere
970 1552 1026 1578 Cic.
1041 1552 1113 1578 Fam.
1126 1560 1160 1584 4,
1175 1559 1200 1586 7.
1294 1551 1349 1578 Ne·
1404 1564 1436 1583 ea
1451 1554 1546 1581 mirari
1559 1554 1726 1582 deberemus,
2393 1578 2395 1584 ,

300 1602 353 1628 que
367 1592 439 1618 enim
454 1590 548 1617 attinet
562 1597 708 1623 repugnare
722 1593 831 1614 naturae
848 1587 885 1614 Id.
899 1587 951 1614 Off.
966 1597 976 1614 1
989 1597 1010 1627 c..
1028 1596 1064 1619 31.
1116 1587 1178 1627 *Nec
1197 1596 1265 1622 quae
1277 1587 1390 1624 nihil40
1439 1597 1461 1617 Α
1473 1596 1494 1616 T
1509 1596 1530 1617 'r
1541 1597 1550 1616 1
1562 1596 1585 1616 Ν
1597 1596 1617 1617 G
1626 1597 1642 1617 E
1654 1597 1676 1616 N
1687 1598 1699 1618 s
1709 1611 1717 1623 ‚
1737 1591 1814 1618 entis,
1851 1589 1976 1626 Aequalis
1989 1590 2063 1616 astris
2076 1589 2200 1624 gradior,
2218 1595 2245 1616 et
2258 1587 2370 1616 ςιιιιᾶοσ

297 1629 413 1655 attinent
422 1626 459 1663 fi·
471 1625 506 1653 ad
516 1634 612 1652 amores
630 1625 698 1650 Hor.
713 1624 800 1649 Carni.
815 1632 834 1656 1,
851 1632 888 1655 19,
903 1632 938 1649 12.
976 1624 1032 1650 Cle·
1046 1622 1079 1649 (le
1092 1624 1150 1649 Fffl·
1164 1632 1193 1656 42
1206 1629 1234 1655 38
1257 1623 1285 1650 Si
1298 1623 1349 1658 igi·
1403 1626 1495 1653 Altum
1508 1625 1622 1661 superbo
1635 1627 1735 1652 vertice
1747 1627 1876 1660 attingens
1890 1625 1982 1661 polum
2000 1626 2059 1653 Seii.
2075 1625 2188 1658 Thyest.
2203 1627 2258 1655 886.

299 1670 343 1692 tur
355 1664 403 1690 illa
414 1662 516 1689 cultura
528 1660 627 1686 vitium
642 1660 669 1685 in
683 1659 739 1685 vite
752 1658 829 1692 insit,
846 1659 900 1693 ipsa
921 1664 1037 1691 caetera,
1058 1658 1154 1691 credo,
1178 1659 1261 1691 velit,
1281 1667 1349 1694 quae
1440 1669 1461 1689 A
1475 1668 1498 1688 ‘r
1509 1668 1677 1689 TACTvs.
1706 1661 1800 1689 Partic.
1822 1668 1868 1693 vt,
1890 1661 2009 1688 [madius
2029 1661 2089 1688 telis
2116 1661 2161 1688 Sil.
2185 1670 2229 1693 ιι,
2249 1668 2304 1695 147.
2375 1671 2380 1682 >
2413 1687 2424 1693 ,,

298 1700 333 1727 ad
344 1698 482 1726 colendam
498 1696 581 1736 uitem
595 1694 762 1726 attinebunt,
780 1694 842 1720 sicut
856 1702 947 1728 antea,
963 1702 1008 1721 etc.
1051 1694 1144 1720 Aliena
1158 1703 1257 1729 eaque,
1278 1695 1349 1721 nihil
1402 1697 1476 1724 mine
1489 1698 1600 1724 attaCtus
1620 1698 1750 1732 Inscripti.
1765 1697 1939 1724 deArualibus
1947 1697 2080 1725 Fratribus
2088 1697 2188 1734 paffim.
2214 1696 2273 1724 Vrii.
2289 1695 2379 1732 Gqfiier

299 1744 367 1770 quac
380 1734 412 1761 ad
425 1739 450 1760 te
465 1736 576 1759 attinent
596 1731 665 1757 Ter.
680 1731 777 1756 Heaut.
793 1738 812 1761 1,
825 1739 844 1762 i,
858 1739 902 1762 24.
973 1731 1012 1756 Id.
1033 1730 1107 1756 Adel.
1121 1738 1154 1763 2,
1170 1739 1195 1763 1,
1210 1739 1239 1762 32
1259 1732 1348 1756 Iamne
1402 1733 1533 1759 Catonem
1551 1742 1575 1768 Ρ·
1589 1740 1636 1767 ¹27
1643 1733 1686 1769 sq·
1764 1754 1767 1758 ·
2380 1730 2435 1775 ’Ἣ

298 1780 341 1799 me
353 1771 393 1797 vis
410 1769 515 1799 dicere,
533 1766 605 1801 quod
619 1765 651 1792 ad
667 1771 692 1791 te
705 1765 799 1791 attinet
815 1766 823 1790 3
864 1765 916 1804 Vbi
930 1765 1063 1805 Donatus,
1079 1766 1160 1799 Qiod
1174 1765 1227 1792 tibi
1241 1765 1347 1801 prodest
1356 1772 1389 1799 45
1438 1775 1460 1795 A
1470 1774 1551 1795 'r'rA
1561 1774 1637 1796 c‘rv
1647 1776 1676 1800 s,
1696 1767 1735 1794 sis.
1757 1777 1793 1795 ni.
1823 1767 1946 1802 [ἔκαφῆ]
1981 1768 2059 1802 Virg.
2081 1769 2146 1795 Aen.
2170 1776 2197 1804 7,
2220 1770 2265 1801 350v
2291 1767 2358 1804 defi
2379 1777 2390 1789 .-

296 1814 324 1833 et
348 1804 521 1832 commodum
543 1803 595 1829 est?
632 1802 691 1827 Hoc
714 1801 746 1827 ad
762 1809 805 1827 mc
823 1806 933 1832 attinet,
955 1801 1034 1840 Nihil
1049 1801 1081 1827 ad
1095 1810 1137 1827 ine
1151 1801 1247 1828 attinet
1265 1802 1347 1828 Plaut.
1402 1812 1471 1840 quem
1484 1803 1573 1831 AleHo
1585 1802 1701 1837 infinum
1718 1805 1822 1831 Amatae
1835 1806 1987 1835 coniecerat,
2004 1804 2054 1829 Ille
2068 1803 2138 1830 inter
2156 1804 2255 1837 vestes,
2273 1810 2300 1830 et
2310 1791 2435 1849 laeuial'l

298 1841 390 1870 Bacch.
403 1850 429 1874 2,
444 1849 470 1872 2,
485 1848 510 1873 51
528 1838 677 1873 Negotium
690 1837 722 1863 ad
736 1845 778 1862 me
791 1837 885 1863 attinet
897 1845 1043 1862 aurariuin.
1079 1836 1148 1862 Ter.
1162 1837 1244 1877 Andr.
1259 1846 1278 1869 1,
1287 1846 1312 1869 2,
1321 1840 1349 1864 16
1403 1839 1479 1866 δῖοι-ει
1490 1839 1574 1874 lapsus
1593 1839 1721 1866 Voluitur
1734 1839 1832 1866 atta&u
1845 1838 1928 1865 nullo.
1970 1838 2018 1865 Vbi
2032 1839 2105 1865 Seru.
2122 1840 2182 1865 Sine
2194 1841 2293 1872 morsu,
2307 1839 2359 1866 sine
2386 1850 2395 1861 l
2411 1844 2422 1861 -¹

298 1878 379 1906 Nihil
393 1876 426 1904 ad
439 1885 482 1902 me
496 1875 598 1901 attinet.
645 1873 718 1900 Idem
729 1872 802 1913 Adel.
810 1881 833 1905 3,
841 1878 902 1904 3,82
924 1872 1002 1912 Illum
1017 1880 1081 1898 curo
1094 1881 1187 1904 vnum,
1201 1872 1248 1898 ille
1261 1872 1293 1898 ad
1306 1881 1349 1899 me
1404 1876 1492 1901 Varro
1505 1875 1537 1901 de
1552 1876 1583 1902 R.
1599 1875 1630 1901 R.
1645 1884 1669 1908 2,
1683 1883 1706 1908 ς,
1720 1880 1734 1906 8
1753 1875 1867 1902 Corium
1881 1874 1980 1901 attafni
1994 1882 2048 1900 non
2059 1874 2179 1909 asperum
2193 1885 2221 1902 ac
2237 1876 2332 1902 durum
2339 1881 2375 1911 po
2410 1885 2413 1894 ¹

295 1915 400 1942 attinet.
456 1911 531 1945 Qiid
546 1910 611 1937 istuc
623 1909 657 1936 ad
672 1917 714 1936 me
726 1914 819 1935 attinet
834 1909 842 1934 ἒ
857 1908 939 1934 Plaut.
955 1906 1028 1943 Epid.
1043 1916 1062 1940 1,
1077 1916 1097 1940 1,
1111 1915 1155 1943 70.
1229 1908 1285 1934 Cic.
1300 1916 1349 1942 pro
1404 1913 1432 1935 iu
1443 1919 1530 1946 genere
1542 1911 1649 1937 bubulo:
1676 1911 1739 1936 Pall.
1754 1919 1774 1942 i,
1788 1918 1826 1943 35,
1840 1918 1862 1936 ιι
1883 1910 1974 1936 Mures
1987 1910 2113 1942 rusticos,
2133 1910 2150 1936 si
2165 1920 2283 1946 querrieo
2293 1909 2427 1939 cinei-ead

298 1951 374 1978 Rosc.
389 1950 478 1975 Amet.
493 1955 536 1973 120
548 1956 569 1972 c.
586 1954 616 1978 41
633 1946 728 1972 Seruos
740 1945 819 1979 ipsos,
833 1943 907 1979 quod
920 1944 951 1971 ad
967 1953 1009 1970 me
1021 1944 1132 1977 attinet,
1154 1952 1242 1979 neque
1255 1952 1349 1978 arguo,
1359 1952 1391 1978 30
1404 1951 1446 1972 tus
1460 1954 1555 1972 eorum
1569 1947 1667 1972 satures
1676 1966 1684 1978 ,
1703 1945 1801 1972 attactu
1814 1946 1949 1979 frequenti
1962 1945 2059 1971 scabies
2071 1946 2210 1980 occupabit
2222 1954 2248 1974 et
2259 1947 2379 1982 perimet.

297 1994 385 2020 neque
400 1991 494 2018 purgo.
537 1983 626 2014 Qiam
641 1980 673 2006 ad
687 1989 744 2006 rem
758 1979 860 2011 dicam,
881 1979 932 2006 hoc
944 1981 1057 2006 attinere
1072 1980 1205 2006 somnium
1218 1980 1227 2006 3
1266 1980 1348 2006 Plaut.
1441 1989 1464 2009 Α
1473 1987 1524 2008 ΤΤ
1533 1990 1542 2009 1
1552 1989 1582 2015 s,
1599 1983 1640 2008 vel
1660 1989 1683 2008 A
1692 1987 1714 2007 T
1725 1987 1793 2007 TYs
1802 2001 1810 2012 ,
1829 1981 1881 2007 vid.
1897 1987 1919 2007 A
1931 1986 1953 2006 T
1965 1986 2014 2006 ΤΗ
2025 1988 2034 2006 1
2045 1987 2056 2007 S
2066 2000 2075 2013 ,
2093 1983 2123 2007 it.
2140 1989 2163 2010 A
2173 1988 2257 2010 'r-Ys:

297 2020 367 2048 Rud.
380 2029 403 2053 3,
417 2028 438 2052 1,
452 2027 489 2051 19.
559 2017 626 2042 Hor.
643 2014 725 2049 Epod.
740 2022 766 2047 4,
780 2021 807 2048 17
834 2014 908 2047 Quid
923 2015 1017 2041 attinet
1027 2013 1128 2042 tot'ora
1141 2016 1252 2042 nauium
1272 2016 1349 2050 graui
1442 2025 1493 2045 AT
1503 2024 1524 2043 T
1534 2024 1577 2045 01-
1588 2024 1632 2045 ER
1642 2024 1661 2044 o
1670 2038 1678 2050 ,
1696 2021 1750 2043 are.
1786 2016 1915 2042 Laudatur
1929 2015 2004 2042 Atria
2021 2016 2195 2045 attolerabant·
2210 2018 2303 2045 statuas
2322 2016 2422 2052 palmat-

298 2056 419 2084 Rostrata
432 2053 494 2080 duci
509 2051 626 2087 pondere
663 2051 763 2077 contri¹
781 2050 918 2089 latrones}
1404 2053 1470 2079 deae
1488 2054 1566 2088 Apul.
1580 2054 1646 2080 Met.
1662 2062 1687 2080 2.
1724 2052 1844 2079 Elmenh.
1866 2061 1890 2086 p.
1905 2054 1947 2078 116
1965 2050 2128 2079 attollebant.

332 2100 355 2120 Α
365 2098 388 2118 τ
401 2097 422 2116 Τ
432 2098 442 2117 ι
451 2096 473 2115 N
482 2095 504 2116 G
513 2096 532 2115 o
540 2108 548 2120 ,
581 2088 622 2113 vel
650 2093 671 2113 A
681 2093 700 2113 D
709 2092 731 2111 Τ
741 2093 750 2112 1
760 2092 809 2112 NG
819 2092 838 2112 o
846 2105 854 2117 ‚
882 2085 920 2119 ‘igi
930 2105 938 2117 ,
972 2083 1059 2111 aetum
1068 2104 1076 2116 ‚
1108 2085 1162 2110 ere.
1200 2082 1349 2124 [gni-mm,
1440 2095 1463 2113 A
1471 2094 1493 2113 'r
1502 2095 1524 2113 T
1534 2096 1543 2114 1
1555 2095 1577 2114 T
1588 2088 1610 2114 x?
1619 2095 1635 2114 i.
1644 2095 1664 2115 o
1675 2108 1684 2120 ,
1701 2092 1754 2115 are.
1794 2089 1907 2115 Titulum
1919 2093 2049 2124 apponere.
2085 2087 2196 2114 Rufinus
2217 2087 2250 2113 de
2261 2085 2379 2119 Origene
2389 2095 2422 2121 ,a

297 2127 457 2163 ἶφιίηημαι,
475 2123 600 2156 initiandus]
637 2123 736 2149 Leniter
756 2128 800 2148 tan
820 2130 875 2153 ere,
893 2120 1018 2156 tangendo
1032 2119 1152 2146 accedere.
1174 2120 1249 2154 Virg.
1259 2120 1311 2145 Ecl.
1325 2128 1347 2152 ς,
1362 2123 1390 2149 55
1402 2120 1444 2148 his
1459 2121 1552 2154 libris,
1573 2131 1640 2156 quos
1653 2123 1709 2156 περὶ
1724 2122 1806 2158 ἀρχῶν
1818 2123 1976 2149 attitulauit.
2109 2136 2111 2139 ·

297 2166 333 2192 26
369 2176 415 2183 --
451 2169 499 2187 nec
513 2158 641 2194 graminis
655 2158 744 2192 attigit
758 2130 869 2184 beriam
890 2156 974 2182 nedum
989 2154 1108 2193 gustauit.
1149 2156 1218 2182 Ter.
1233 2155 1307 2181 Adel.
1322 2163 1347 2186 2,
1440 2164 1462 2184 Α
1472 2163 1493 2182 Τ
1503 2152 1525 2182 ’ᾗ
1534 2164 1553 2184 o
1562 2164 1578 2183 L
1588 2163 1650 2188 Lo,
1669 2158 1722 2183 ere.
1744 2158 1865 2192 [r'nm'fw,
1883 2157 1985 2192 αἰωρέω,
2002 2157 2156 2192 μετεωοίξω]
2191 2157 2355 2193 Aliquantum
2376 2159 2381 2167 ²
2415 2157 2417 2162 ’

299 2209 320 2232 ι,
334 2207 366 2232 24
385 2196 510 2230 Tetigin'
526 2196 565 2220 tui
580 2193 682 2228 aliquid
697 2195 706 2219 3
744 2199 769 2220 C.
791 2193 809 2219 fi
822 2193 959 2226 attigisses,
970 2192 1054 2218 ferres
1069 2191 1255 2218 infortunium,
1300 2191 1348 2217 Vbi
1401 2202 1443 2224 re,
1466 2194 1575 2230 Erigere.
1610 2191 1693 2218 Plaut.
1709 2192 1766 2218 Cas.
1780 2201 1809 2226 4,
1823 2200 1852 2224 4,
1866 2200 1876 2217 1
1893 2191 1990 2217 Sensim
2004 2185 2185 2225 super‘attolle
2198 2193 2282 2219 limen
2293 2190 2370 2225 pedes

298 2235 433 2265 Donatus,
454 2232 513 2258 Plus
528 2230 596 2256 dixit
607 2228 738 2263 Artigiffes
748 2248 756 2260 ,
776 2237 857 2262 quani
870 2229 900 2253 T
902 2228 1021 2261 etigifses.
1058 2227 1099 2253 Est
1114 2227 1185 2252 enim
1200 2227 1285 2252 multo
1298 2226 1347 2252 nii·
1403 2234 1493 2261 nupta.
1577 2228 1629 2253 Liu
1633 2247 1820 2254 .....
1858 2227 2003 2261 Qiunique
2016 2227 2042 2253 se
2056 2227 2169 2261 quisque
2183 2227 2304 2254 attollere
2321 2235 2348 2253 ac
2363 2226 2385 2252 l

298 2279 347 2297 nus
361 2269 517 2303 Attingere,
537 2274 618 2300 quam
630 2264 765 2298 Tangere.
804 2263 877 2289 Idem
890 2264 955 2289 Ecn.
971 2273 998 2295 4,
1012 2264 1038 2293 6,
1054 2271 1069 2288 2
1091 2263 1173 2295 Atqui
1189 2262 1205 2287 fi
1220 2262 1294 2287 illam
1308 2261 1347 2287 di·
1404 2264 1493 2289 vellet.
1566 2263 1676 2297 Frangit
1697 2268 1724 2288 et
1752 2262 1852 2288 attollit
1875 2263 1946 2287 vires
1969 2263 1998 2288 in
2023 2262 2111 2288 milite
2132 2263 2208 2289 causa
2244 2263 2322 2297 Prop.
2337 2271 2365 2296 4,
2382 2276 2386 2284 ι

297 2307 355 2341 gito
369 2303 487 2339 attigerit
501 2310 571 2334 vno,
589 2299 663 2327 oculi
676 2300 741 2326 ilico
754 2298 923 2325 effodientur.
965 2298 1013 2325 Vbi
1024 2298 1157 2327 Donatus,
1172 2298 1269 2331 Digito
1283 2298 1389 2327 vn0‚60
1404 2300 1472 2325 Hor.
1488 2297 1566 2332 Epist.
1584 2306 1603 2323 1.
1617 2306 1656 2333 17,
1668 2302 1695 2330 58
1717 2298 1775 2324 Nec
1788 2296 1867 2323 semel
1880 2297 1971 2323 irrisus
1984 2298 2074 2324 triuiis
2093 2298 2214 2325 attollere
2233 2305 2307 2325 curat
2357 2299 2376 2325 F

298 2341 385 2371 Moris
398 2338 620 2367 comminantium
634 2335 685 2369 est,
704 2334 737 2361 ad
750 2335 877 2370 exiguum
890 2342 1017 2360 reuocare
1030 2333 1174 2365 commista,
1187 2342 1255 2368 quae
1269 2333 1295 2359 se
1309 2332 1348 2359 vl-
1405 2343 1482 2360 crure
1496 2334 1612 2368 planum.
1648 2334 1708 2359 Liu.
1722 2338 1746 2365 8,
1762 2340 1778 2367 7
1798 2333 1886 2366 Qiem
1897 2332 2005 2367 cuspide
2017 2341 2163 2369 parmaque
2177 2334 2315 2366 innixum,
2331 2339 2381 2360 att

297 2384 374 2405 tutos
387 2374 547 2412 praedicent.
584 2375 639 2401 lam
652 2370 810 2405 Substantiua
819 2377 951 2405 ponamus,
971 2369 1059 2406 quibus
1072 2369 1203 2405 accufimdi
1216 2369 1272 2404 caste
1293 2371 1348 2394 itm-
1404 2376 1458 2397 tem
1470 2371 1496 2396 se
1510 2378 1525 2396 a
1541 2369 1617 2405 graui
1630 2369 1704 2402 casu,
1715 2368 1832 2395 Manlius
1845 2367 1878 2395 ab
1889 2367 1983 2404 iugulo
1995 2369 2044 2402 ita,
2059 2374 2088 2396 vt
2101 2378 2148 2404 per
2165 2370 2246 2397 costas
2265 2370 2366 2397 ferrum

296 2417 378 2450 gitur.
428 2413 532 2447 Aquam
544 2409 673 2443 attingere
687 2413 778 2434 mento
808 2406 865 2433 Cic.
887 2406 970 2432 Tusc.
995 2414 1015 2437 i,
1040 2414 1067 2431 10
1090 2414 1112 2431 c.
1135 2413 1156 2437 ς.
1176 2404 1204 2430 de
1231 2405 1350 2431 Tantalo.
1406 2412 1496 2438 neret,
1515 2411 1602 2432 terrae
1614 2404 1706 2432 affixit.
1759 2404 1826 2431 Plin.
1841 2413 1886 2439 24,
1900 2412 1929 2430 10
1945 2405 2013 2432 Item
2028 2404 2216 2432 chamaecisson
2228 2404 2360 2440 appellant

300 2451 391 2482 Quum
404 2457 450 2483 per
462 2452 573 2474 aetatem
591 2444 710 2471 nondum
725 2443 803 2470 huius
818 2441 1006 2469 auetoritatem
1018 2441 1071 2467 loci
1082 2441 1211 2475 attingere
1225 2440 1350 2466 auderem
1404 2451 1472 2474 ram,
1487 2450 1543 2468 non
1553 2441 1719 2468 attollentem
1729 2441 1755 2467 se
1768 2449 1783 2467 a
1796 2446 1883 2472 terra,
1898 2443 1917 2466 3·-
1925 2439 2064 2477 serpentem
2075 2441 2152 2467 humi·
2221 2441 2334 2468 Arcadia
2351 2450 2366 2467 a
2386 2454 2397 2459 ..

300 2486 356 2512 Cic.
373 2493 422 2520 pro
436 2484 465 2510 L.
477 2483 550 2510 Man.
563 2490 584 2508 c.
603 2489 612 2507 1
632 2481 665 2507 al.
683 2480 744 2506 male
757 2479 921 2513 contingere.
964 2477 1047 2504 Plaut.
1061 2478 1143 2503 Merc.
1156 2477 1224 2511 prol.
1238 2485 1269 2509 32
1289 2477 1348 2502 Hoc
1361 2476 1392 2509 65
1408 2485 1452 2505 tur
1466 2478 1495 2504 in
1507 2483 1613 2504 montes
1626 2478 1669 2504 sex
1682 2482 1762 2511 atque
1776 2476 1844 2503 LXX
1863 2476 1928 2503 Plin.
1940 2485 1969 2511 4,
1981 2478 2006 2502 6.
2043 2477 2139 2503 Arcem
2148 2476 2225 2503 tectis
2238 2476 2361 2503 attollere
2402 2482 2405 2483 ⁷

300 2520 363 2548 ideo
376 2520 422 2553 fit,
442 2519 505 2554 quia
524 2526 592 2553 quae
611 2515 681 2543 nihil
694 2515 826 2549 attingunt
840 2514 873 2541 ad
886 2523 943 2540 rem
952 2533 959 2546 ,
976 2522 1023 2539 nec
1036 2514 1095 2539 sunt
1109 2513 1166 2539 vsui
1175 2533 1182 2545 ,
1203 2512 1266 2539 haec
1280 2520 1349 2539 ama-
1405 2515 1471 2541 Aen.
1486 2522 1509 2555 3,
1523 2522 1568 2547 ¹34
1591 2513 1640 2541 Vbi
1654 2513 1778 2545 Seruius,
1796 2511 1826 2538 Id
1839 2511 1876 2538 est
1887 2511 1981 2538 domos
1993 2511 2140 2540 aedificare.
2210 2512 2312 2539 Arenae
2324 2511 2400 2538 attoll
2409 2497 2427 2533 :i

299 2563 344 2583 tor
357 2556 459 2591 profert
471 2556 546 2589 saepe
561 2552 672 2580 aduerso
685 2558 814 2586 tempore.
851 2549 931 2577 Nihil
944 2549 1091 2584 attingunt,
1108 2552 1125 2574 i.
1138 2551 1213 2584 plane
1231 2558 1279 2574 non
1294 2555 1350 2574 tan·
1403 2556 1448 2577 tur
1469 2551 1544 2584 Virg.
1560 2550 1625 2576 Aen.
1641 2557 1668 2583 9,
1683 2556 1740 2584 714.
1792 2546 1879 2574 Colles
1892 2548 1940 2574 alti
1955 2547 2127 2581 attolluntur,
2146 2547 2170 2574 b.
2182 2556 2202 2574 e.
2216 2547 2357 2584 Affurgunt
2368 2552 2391 2573 et
2405 2555 2420 2574 ei

336 2599 379 2624 nt,
398 2590 465 2617 nihil
474 2589 508 2617 ad
519 2599 569 2616 rem
575 2588 689 2624 faciunt.
761 2587 833 2613 Caes.
847 2586 912 2612 Bell.
922 2585 990 2612 Gall.
1004 2595 1032 2619 4,
1046 2594 1073 2617 33
1090 2585 1146 2620 Ipse
1161 2584 1227 2612 hora
1242 2583 1350 2610 circiter
1401 2592 1497 2613 vantur
1515 2584 1580 2612 Plin.
1595 2594 1633 2618 12,
1646 2593 1684 2619 ¹4·
1754 2583 1848 2610 Gloria
1861 2584 1885 2610 se
1898 2583 1997 2610 attollit
2021 2584 2095 2618 Virg.
2113 2585 2180 2610 Aen.
2198 2592 2232 2617 4,
2248 2585 2304 2619 ¹7⁶·
2374 2583 2397 2609 1·
2412 2608 2417 2617 ἐ

321 2627 357 2654 ici
369 2632 472 2662 quarta,
487 2634 547 2651 cum
560 2625 652 2658 primis
665 2622 778 2649 nauibus
793 2622 958 2649 Britanniam
972 2621 1069 2655 attigit.
1104 2621 1160 2647 Cic.
1174 2620 1205 2646 dc
1220 2621 1294 2647 Orat.
1304 2628 1347 2652 2,1
1403 2622 1501 2656 Georg.
1517 2631 1545 2656 4,
1558 2628 1605 2656 217
1622 2621 1654 2647 Et
1666 2621 1740 2656 saepe
1754 2619 1880 2646 attollunt
1895 2619 2022 2646 humeris.
2057 2619 2149 2646 Tacit.
2164 2619 2231 2646 Anii.
2242 2621 2270 2651 6,
2282 2621 2315 2653 3‘7
2334 2618 2363 2645 N
2389 2632 2408 2641 u>
2421 2646 2425 2658 ·

300 2663 404 2698 Opinio
418 2662 487 2693 fuit,
504 2661 534 2687 L.
550 2659 665 2686 Crassum
679 2667 734 2684 non
749 2659 805 2692 plus
819 2659 930 2693 attigisse
944 2657 1104 2689 Dominae,
1124 2665 1203 2691 quam
1224 2660 1390 2690 quantam'lo
1402 2666 1466 2685 vere
1486 2657 1606 2689 accolae,
1625 2655 1785 2691 Euphratem
1800 2655 1875 2682 nulla
1891 2655 2023 2682 imbrium
2044 2655 2074 2682 vi
2096 2655 2188 2690 sponte
2202 2661 2228 2681 et
2242 2654 2391 2681 immensu

301 2699 389 2734 prima
403 2698 450 2725 illa
463 2695 561 2732 puerili
575 2694 740 2721 institutione
755 2695 885 2728 potuisset.
976 2693 1032 2719 Cic.
1046 2693 1118 2719 Fam.
1134 2700 1156 2725 ς,
1171 2697 1184 2722 8
1203 2693 1243 2719 De
1258 2700 1300 2718 ine
1316 2691 1349 2718 fic
1402 2694 1472 2720 tolli.
1508 2694 1539 2720 In
1552 2692 1654 2719 caelum
1673 2692 1740 2718 Plin.
1754 2700 1792 2724 21,
1805 2699 1830 2727 7.
1885 2692 2022 2723 Frontem,
2035 2693 2053 2717 i.
2062 2691 2181 2718 adducere
2193 2689 2308 2732 ‚Qiinet
2322 2696 2396 2725 ιι,·
2414 2685 2424 2726 y*

302 2734 452 2766 existimes,
472 2741 501 2759 ac
513 2731 566 2758 tibi
579 2730 731 2765 persuadeas
744 2729 915 2755 vehementer
927 2729 1027 2761 velim,
1045 2737 1089 2755 me
1102 2737 1173 2761 non,
1194 2735 1239 2754 etc.
1257 2727 1350 2759 sed‚vt
1405 2730 1459 2756 Iras
1480 2728 1601 2756 attollere
1620 2728 1695 2762 Virg.
1709 2728 1774 2754 Aen.
1787 2736 1809 2759 2,
1823 2732 1872 2760 381.
1922 2727 2040 2754 Mentem
2061 2725 2172 2760 Qiin&
2187 2734 2214 2758 i,
2227 2734 2250 2759 2,
2265 2730 2300 2756 18.
2363 2729 2391 2747 ε’
2408 2752 2417 2759 ἢ,

301 2771 419 2806 primum
433 2770 533 2795 Forum
545 2766 696 2800 attigerim,
715 2764 834 2800 spefibffe
847 2765 964 2799 semper,
984 2772 1013 2791 vt
1026 2764 1077 2791 tibi
1090 2765 1187 2799 possem
1200 2772 1279 2799 quam
1292 2772 1346 2789 ma·
1404 2766 1467 2792 niel.
1481 2770 1503 2796 8,
1514 2773 1532 2792 2
1559 2763 1633 2798 Qiin
1652 2763 1816 2790 attollentem
1837 2762 1923 2790 Minas
1941 2763 2103 2797 serpentem,
2122 2761 2251 2788 vel'aliud
2264 2761 2395 2789 noxium
2416 2791 2417 2794 Ἴ

300 2806 373 2833 xime
388 2805 436 2832 effe
449 2802 615 2831 coniunctus.
649 2800 716 2828 Add.
731 2808 765 2833 13,
780 2802 816 2827 16.
854 2801 953 2827 Forum
968 2800 1097 2834 attingere
1111 2798 1144 2833 est
1163 2799 1197 2826 ad
1215 2809 1256 2826 res
1274 2809 1348 2835 agm-
1404 2801 1458 2828 mal
1477 2800 1635 2827 interficere.
1690 2799 1776 2826 Malos
1789 2799 1877 2826 attolli
1891 2797 1967 2826 iubet
1988 2798 2063 2833 Virg.
2078 2799 2143 2824 Aen,
2158 2806 2181 2831 ς,
2195 2801 2244 2830 829
2268 2797 2316 2824 Vbi
2332 2797 2388 2827 sq(
2413 2801 2416 2803 ⁴

300 2842 364 2874 dar,
381 2839 561 2876 accusandum,
579 2836 757 2873 defendendum
767 2856 775 2869 ‚
786 2835 1082 2873 fizffragiumfirendmn
1101 2835 1221 2862 accedere.
1294 2835 1350 2861 Cic.
1361 2844 1392 2872 75
1405 2840 1423 2864 i.
1438 2847 1459 2864 e.
1481 2836 1547 2863 Vela
1567 2845 1615 2871 per
1629 2835 1762 2862 malorum
1786 2834 1986 2862 volubilitatem
1999 2834 2084 2861 leuari
2097 2845 2102 2860 :
2137 2842 2198 2860 nam
2211 2843 2272 2860 cum
2284 2833 2367 2864 naui
2376 2843 2384 2862 ι,

302 2879 356 2905 Λα.
377 2878 410 2909 6,
431 2884 448 2909 9
475 2875 608 2904 Procura,
630 2872 860 2907 quantulacunque
887 2872 924 2898 est
939 2892 947 2904 ‚
977 2871 1125 2898 Pretianam
1156 2869 1351 2904 Hereditatem,
1405 2882 1460 2899 non
1474 2872 1596 2904 dubium,
1609 2871 1674 2907 quin
1687 2870 1754 2898 olim
1767 2871 1901 2898 erexerint
1914 2869 2031 2897 arbores.
2075 2869 2177 2897 Molem
2195 2869 2271 2904 Virg.
2280 2867 2345 2896 Aen.
2373 2885 2378 2897 f

302 2913 409 2949 prorsus
422 2911 469 2938 ille
482 2919 516 2937 ne
531 2909 650 2943 attingat.
686 2908 795 2934 Leuiter
809 2907 911 2942 aliquid
925 2907 954 2934 in
966 2906 1074 2934 tranfitu
1093 2905 1227 2940 Qiinefil.
1241 2913 1349 2941 7,3‚27.
1405 2912 1423 2936 i.
1437 2908 1584 2949 aedificare,
1599 2907 1627 2934 de
1638 2916 1695 2943 equo
1712 2907 1831 2934 Troiano.
1866 2907 1962 2933 Muros
1973 2905 2096 2933 attollere
2116 2905 2161 2932 sil.
2177 2912 2213 2939 15,
2250 2925 2256 2931 .
2295 2924 2302 2932 .
2365 2918 2376 2929 ,-

301 2948 417 2976 Librum
429 2946 546 2981 aliquem
559 2943 672 2972 strifftm
688 2943 746 2970 Cic·
761 2943 813 2969 Att.
830 2951 852 2974 2,
866 2951 885 2968 1·
952 2943 991 2970 Id·
1007 2942 1039 2969 de
1052 2943 1125 2969 Orat.
1142 2950 1162 2975 1,
1177 2947 1207 2972 82
1226 2942 1351 2977 Namque
1403 2944 1537 2971 attollitur
1549 2943 1581 2970 ad
1595 2943 1676 2970 sidera
1695 2943 1792 2969 Lucan.
1806 2950 1833 2977 7,
1847 2950 1879 2968 ιι.
1950 2941 2049 2969 Oculos
2062 2941 2201 2973 attollere,
2227 2939 2373 2976 suspicer-:³

301 2990 422 3020 egomet,
443 2983 492 3018 qui
503 2983 562 3008 sero
573 2990 603 3007 ac
614 2979 711 3006 leuiter
723 2979 834 3005 Graecas
849 2978 949 3004 Literas
961 2979 1108 3013 attigissem.
1173 2980 1204 3005 Et
1218 2977 1250 3004 de
1258 2978 1351 3013 Arusp.
1407 2981 1472 3007 Aen.
1485 2990 1513 3014 4,
1524 2982 1580 3010 688.
1617 2979 1678 3005 Liu.
1692 2979 1718 3011 6,
1732 2979 1762 3004 16
1781 2978 1839 3004 Nec
1851 2977 1975 3004 aduersus
1988 2977 2165 3004 metatoriam
2177 2976 2233 3003 vim
2242 2996 2250 3009 ,
2268 2982 2314 3003 aut

303 3021 404 3055 Resp.7
422 3017 552 3046 Hesterno
563 3016 607 3043 die
616 3036 624 3048 ‚
639 3023 721 3051 quum
733 3013 803 3041 mihi
816 3013 892 3040 stanti
904 3019 989 3039 tacens
1001 3014 1158 3046 minaretur,
1177 3022 1243 3040 voce
1250 3020 1352 3040 tantum
1361 3019 1393 3045 80
1407 3016 1491 3052 plebis
1500 3036 1508 3049 ,
1528 3022 1574 3042 aut
1587 3015 1642 3050 ipsa
1655 3013 1728 3050 plebs
1740 3013 1862 3040 attollere
1875 3013 1982 3044 oculos,
1997 3018 2042 3040 aut
2055 3012 2156 3040 hiscere
2169 3011 2308 3039 audebant.

302 3057 381 3092 attigi
410 3055 511 3089 Legum
538 3052 649 3080 initium
679 3056 706 3077 et
727 3050 832 3077 iudicii.
858 3048 975 3075 consedit
998 3049 1051 3075 ille.
1093 3050 1203 3076 Clodium
1221 3049 1350 3087 intelligit.
1405 3052 1517 3079 Panium
1533 3051 1603 3079 Ter,
1611 3051 1675 3078 Eun.
1687 3058 1715 3083 4,
1724 3052 1751 3083 6,
1764 3058 1798 3082 31.
1820 3048 1848 3076 de
1861 3058 1896 3081 eo,
1910 3051 1954 3085 qm·
1964 3055 2027 3075 metu
2039 3048 2158 3085 cmi-fustis
2171 3047 2276 3084 pallium
2281 3047 2334 3082 sthi
2350 3043 2373 3069 ..⁵⁴

303 3092 361 3119 Cic.
375 3090 429 3118 Off.
443 3100 463 3123 1,
478 3095 503 3120 18
519 3098 541 3116 c.
555 3090 572 3115 6
599 3088 636 3114 Ex
650 3092 767 3122 quatuor
781 3085 857 3118 locis,
870 3084 898 3111 in
912 3093 978 3119 quos
992 3083 1095 3110 honesti
1107 3091 1225 3111 naturam
1239 3085 1351 3120 vinique
1400 3086 1487 3124 paffiis
1500 3093 1562 3114 erat.
1633 3085 1703 3114 Cels.
1718 3093 1741 3119 ς,
1756 3087 1791 3112 26
1808 3084 1954 3112 Histrionis
1966 3084 2002 3110 est
2015 3093 2123 3119 paruam
2135 3092 2193 3110 rem
2206 3083 2337 3113 attollere.

305 3126 459 3159 diuisimus,
479 3125 580 3161 primus
595 3122 656 3156 ille,
669 3121 717 3158 qui
736 3122 764 3148 in
778 3121 837 3148 veri
850 3120 1004 3156 cognitione
1019 3119 1149 3152 consistit,
1169 3120 1284 3147 maxime
1297 3121 1351 3148 Na·
1406 3122 1517 3158 Qiin&
1532 3128 1562 3156 8,
1575 3124 1608 3156 6,
1621 3124 1653 3153 68
1675 3121 1727 3148 Aut
1739 3121 1789 3148 Res
1802 3129 1848 3155 per
1860 3120 2061 3147 similitudinem
2079 3119 2241 3155 attollimus,
2261 3125 2307 3146 aut
2319 3129 2345 3155 p

304 3169 391 3190 turam
402 3162 510 3197 attingit
522 3161 679 3190 humanam,
704 3159 722 3184 i.
734 3157 768 3184 ad
779 3166 832 3183 eam
841 3159 969 3192 pertinet,
989 3156 1113 3182 naturalis
1134 3153 1175 3188 ‘st-
1247 3157 1302 3182 Cic.
1317 3157 1351 3184 de
1403 3160 1586 3195 parationem,
1607 3164 1652 3185 aut
1665 3157 1741 3193 signis
1754 3156 1826 3192 quafi
1839 3156 1997 3192 quibusdam
2011 3163 2056 3182 etc.
2091 3155 2156 3183 Plin.
2173 3164 2196 3188 2,
2230 3164 2247 3182 0
2267 3155 2347 3191 Nequ
2364 3155 2368 3161 ’

306 3197 398 3232 Legib.
417 3206 449 3230 2,
467 3206 491 3230 13
520 3195 593 3231 Qud
607 3193 680 3230 quod
693 3193 775 3220 multa
794 3192 954 3228 perniciose,
973 3191 1055 3218 multa
1069 3191 1192 3225 pestifere
1207 3191 1350 3219 sciscuntur
1364 3199 1453 3229 85.(vt
1468 3195 1558 3222 dixere
1582 3193 1685 3230 aliqui)
1700 3191 1813 3220 Mundus
1828 3192 1877 3219 hoc
1892 3192 1954 3227 polo
1967 3191 2108 3219 excelsiore
2122 3192 2148 3218 se
2159 3196 2215 3218 atto
2228 3191 2260 3218 lit
2273 3202 2279 3218 ε
2313 3196 2358 3218 aut

306 3233 336 3260 in
351 3233 468 3267 populis,
487 3241 554 3268 quae
573 3240 629 3258 non
648 3229 731 3265 magis
755 3229 821 3263 legis
834 3236 932 3255 nomen
946 3227 1094 3262 attingunt,
1112 3235 1190 3262 quam
1204 3227 1221 3253 fi
1236 3227 1349 3254 latrones
1424 3240 1456 3258 ue
1469 3235 1639 3257 cernerentur
1650 3229 1713 3256 haec
1726 3227 1816 3255 sidera.
1858 3229 1889 3254 Et
1896 3229 1981 3264 paullo
1994 3234 2067 3260 ante,
2087 3226 2232 3254 Attollente
2243 3227 2270 3254 se
2283 3235 2347 3254 con
2367 3256 2370 3258 .

306 3268 398 3304 aliqua
420 3269 532 3294 consessu
557 3268 604 3294 suo
630 3265 794 3293 sanxerunt?
839 3266 858 3289 i.
872 3273 891 3290 e.
925 3264 984 3290 Non
1012 3265 1094 3299 magis
1118 3262 1181 3298 sunt
1204 3264 1283 3299 leges,
1301 3270 1348 3290 etc.
1403 3241 1463 3294 dios
1471 3267 1540 3293 visus
1552 3271 1683 3292 tei-rarum
1702 3263 1791 3299 globo.
1861 3264 1892 3290 Se
1914 3263 2037 3290 attollere
2061 3262 2140 3290 Vrbes
2153 3271 2183 3289 ac
2202 3263 2304 3289 Montes·
2320 3261 2348 3289 ἀι·
2368 3273 2369 3276 ¹

306 3304 380 3332 Caes.
394 3302 458 3329 Bell.
473 3303 540 3329 Gall.
555 3312 576 3335 i,
590 3312 609 3335 ι,
623 3309 635 3335 ς
655 3301 770 3336 Attingit
787 3299 878 3340 etiam·
887 3307 902 3326 a
921 3298 1048 3334 Sequanis
1062 3304 1087 3325 et
1103 3298 1234 3338 Heluetiis
1251 3299 1349 3326 flumen
1403 3312 1475 3339 quum
1488 3311 1499 3328 e
1512 3303 1552 3329 Ion
1578 3305 1645 3338 'nquo
1659 3299 1827 3328 accedentibus
1833 3299 1966 3334 paullatim
1980 3298 2046 3333 affiir
2065 3307 2104 3326 ere
2114 3298 2242 3325 videntur.
2267 3298 2341 3333 Virg.
2367 3316 2369 3318 .

308 3339 446 3367 Rhenum:
464 3339 551 3372 vergit
564 3338 595 3364 ad
608 3337 810 3372 Septentriones.
847 3336 903 3362 Cic.
917 3335 970 3361 Att.
985 3341 1006 3367 ς,
1021 3342 1054 3360 20
1072 3334 1178 3360 Perrexi
1191 3342 1218 3360 in
1225 3335 1349 3368 Ciliciam
1405 3346 1447 3371 552
1467 3338 1536 3364 Hinc
1551 3310 1619 3364 fliius
1632 3334 1758 3364 Herculei
1773 3334 1802 3367 (fi
1818 3344 1880 3362 vera
1892 3335 1929 3361 est
1941 3335 2024 3367 fama)
2037 3336 2044 3343 '
2069 3334 2154 3361 arenti
2189 3333 2332 3362 Cerniturg·
2351 3347 2354 3356 ς

307 3385 354 3411 per
367 3373 547 3410 Cappadociae
561 3374 661 3400 Partem
676 3381 750 3405 eam,
763 3379 830 3408 quae
843 3370 968 3398 CiliCiflm
980 3369 1097 3404 attingit·
1139 3369 1176 3396 ld·
1191 3369 1222 3395 de
1237 3372 1310 3397 0¹²³*-
1325 3378 1391 3404 2³90
1405 3375 1430 3400 se
1445 3373 1508 3400 diua
1522 3373 1631 3400 Lacinia
1644 3379 1750 3404 contra,
1770 3374 1787 3397 i.
1812 3372 1914 3397 Iunonis
1929 3372 2046 3397 Laciniae
2057 3371 2180 3405 templum.
2221 3369 2332 3404 Quina.
2353 3379 2363 3397 t:-

308 3420 354 3439 201
374 3420 396 3438 C·
418 3418 454 3444 49
478 3408 559 3442 Q¹0d
577 3409 625 3434 effe
646 3409 674 3435 in
692 3414 748 3435 ³1·oe
768 3407 881 3443 P0s¹fflm
895 3405 1053 3445 Videbam-r,
1081 3410 1109 3431 vt
1123 3405 1155 3432 de
1170 3405 1225 3440 lege
1239 3407 1351 3441 Apuleia
1405 3409 1500 3436 Attolli
1513 3410 1591 3444 supra
1603 3407 1713 3435 modum
1726 3407 1869 3439 sermonis,
1890 3410 1908 3433 i.
1923 3408 2004 3443 magis
2014 3405 2140 3432 intendere
2156 3414 2254 3438 vocem,
2267 3415 2339 3442 quam
2349 3423 2351 3425 -

307 3447 434 3478 dicerem,
453 3450 482 3471 vt
495 3443 560 3479 quid
573 3444 631 3470 effet
645 3444 767 3471 minuere
781 3442 942 3470 maiestatem
957 3441 1125 3476 explicarem,
1145 3449 1270 3476 perquam
1290 3441 1349 3469 bre·
1404 3454 1480 3471 mone.
1532 3446 1573 3472 Sic
1587 3453 1612 3477 2,
1627 3453 1653 3477 4,
1666 3451 1683 3476 9
1703 3442 1782 3470 Fiunt
1796 3441 1912 3469 humiles
1947 3456 1992 3462 --
2028 3441 2076 3476 qui
2085 3439 2154 3466 nihil
2169 3441 2245 3475 supra
2257 3441 2345 3476 quoti·
2360 3456 2362 3462 ν
2410 3464 2414 3468 .

308 3483 378 3510 viter
391 3479 532 3517 perstrinxi
545 3484 624 3514 atque
637 3480 721 3514 attigi.
793 3479 849 3506 Cic·
863 3486 912 3513 pro
926 3477 993 3504 Sext·
1009 3479 1040 3517 §8
1066 3477 1195 3517 Qllsquis
1208 3483 1262 3504 erat
1271 3497 1278 3510 ι
1301 3477 1350 3513 qui
1404 3481 1552 3507 sermonem
1566 3479 1687 3507 attollere
1697 3478 1816 3506 audeant.
1835 3477 1902 3505 Cels.
1918 3484 1927 3503 1
1939 3477 1967 3504 in
1980 3484 2098 3512 prooem.
2110 3476 2187 3503 Tum
2199 3477 2340 3511 requirunt
2357 3494 2362 3497 -

306 3519 424 3554 aliquam
444 3521 544 3552 partem
564 3515 592 3540 in
609 3524 670 3541 meo
691 3514 764 3541 1116111
777 3514 881 3541 sceleris
895 3511 1020 3541 Clodiam
1031 3512 1169 3546 attigisset,
1190 3521 1349 3549 quocunque
1403 3525 1485 3551 quare
1498 3524 1582 3543 venae
1593 3514 1696 3542 nostrae
1707 3514 1789 3541 modo
1804 3513 1958 3541 submittant
1972 3514 2013 3543 se,
2030 3511 2113 3538 modo
2123 3512 2253 3539 attollant,
2305 3511 2358 3539 1²11]

308 3559 431 3584 venerat,
450 3559 496 3578 etc.
554 3549 594 3576 Id.
607 3550 660 3576 An.
674 3559 700 3582 2,
713 3559 744 3577 22
764 3549 964 3585 Rempublicam
976 3547 1050 3575 nulla
1062 3555 1093 3574 ex
1108 3553 1179 3581 parte
1198 3548 1350 3583 attingimus
1369 3552 1449 3585 95fin.
1463 3561 1489 3584 2,
1504 3554 1530 3584 6,
1545 3559 1558 3585 ς
1598 3550 1672 3585 Quid
1692 3550 1711 3576 fi
1732 3550 1842 3585 propius
1864 3549 2014 3577 attollamus
2035 3547 2120 3581 signa,
2149 3556 2291 3583 eamusque
2312 3548 2341 3575 o·
2358 3576 2362 3578 ,

309 3590 339 3616 in
349 3589 429 3616 caulis
445 3598 450 3614 :
483 3591 510 3614 at
531 3594 564 3612 ue
584 3586 612 3612 in
633 3585 678 3611 illa
699 3594 778 3620 opera
800 3585 888 3613 nostra
902 3583 998 3611 forensi
1011 3583 1112 3610 summa
1124 3582 1252 3610 industria
1266 3586 1349 3612 versa·
1405 3588 1555 3623 Metaphora
1573 3597 1588 3613 a
1600 3596 1628 3613 re
1639 3587 1748 3613 militari
1759 3583 1842 3612 dueta.
1897 3583 2042 3615 attollere,
2057 3583 2189 3609 Auferre.-
2213 3583 2357 3616 Pacuuium*

308 3633 377 3652 mur.
413 3595 535 3658 Reipub‘l.
551 3627 651 3656 partem
664 3629 752 3646 curam
773 3630 804 3647 ue
824 3621 893 3648 Suet.
908 3619 976 3647 Tib.
990 3629 1013 3646 c.
1026 3627 1059 3652 ¹3-
1096 3618 1152 3645 Cic.
1166 3618 1197 3658 de
1211 3619 1268 3646 Fin.
1279 3629 1305 3653 4,
1313 3622 1350 3655 76
1405 3623 1542 3650 eustodite
1555 3622 1633 3649 inum
1646 3630 1704 3654 vos,
1725 3631 1758 3648 ne
1772 3630 1834 3648 eum
1846 3620 1906 3656 quic
1919 3618 2031 3651 attollat,
2041 3627 2108 3644 neue
2122 3619 2181 3653 quis
2196 3619 2315 3654 attingat.
2351 3622 2361 3642 ’ὕ

309 3660 430 3688 Priorem
444 3665 532 3686 autem
545 3657 587 3684 illi
599 3656 704 3691 egregie
715 3630 896 3689 tradiderunt,
915 3655 946 3683 hi
965 3655 1077 3683 omnino
1088 3663 1121 3680 ne
1134 3659 1278 3695 attigerunt
1292 3656 1349 3690 qui·
1403 3667 1433 3692 4,
1449 3666 1484 3692 35.
1551 3657 1623 3694 Qiod
1637 3667 1648 3684 e
1660 3657 1747 3684 Plinio
1765 3666 1797 3690 ii,
1809 3664 1841 3690 39
1855 3654 1962 3691 probare
1978 3655 2064 3680 volunt
2078 3654 2206 3681 Attollere
2219 3662 2322 3689 partum
2333 3661 2365 3693 etl,

310 3694 379 3721 dem.
398 3698 417 3722 i.
432 3704 452 3721 e.
475 3693 574 3721 Nullam
581 3691 687 3728 prorfiu·
701 3694 844 3718 mentionem
860 3692 888 3718 de
908 3701 936 3718 ea
943 3691 1072 3728 fecerunt.
1114 3689 1180 3716 Plin.
1200 3698 1228 3716 in
1249 3691 1350 3724 praefa-
1402 3704 1477 3726 care,
1497 3694 1562 3720 nihil
1574 3692 1615 3726 gli.
1691 3693 1772 3720 Verba
1790 3695 1829 3718 ita
1841 3691 1930 3718 habent
1940 3699 1949 3713 .·
1984 3689 2028 3716 Ne
2042 3689 2157 3716 feminae
2171 3690 2280 3725 quidem
2293 3691 2328 3723 in·

309 3729 384 3757 (lone
404 3730 507 3764 operis,
527 3730 582 3755 lam
603 3727 695 3754 omnia
715 3726 881 3760 attingenda,
897 3735 965 3762 quae
981 3726 1075 3754 Graeci
1086 3724 1131 3752 τοὶς
1144 3725 1492 3757 ἔγκυκλοπαιδειέιςιοοβηρρηι
1504 3739 1636 3762 mammas,
1653 3728 1701 3755 nifi
1715 3736 1782 3764 quae
1795 3726 1896 3762 poffunt
1907 3729 1996 3760 partus
2009 3725 2069 3751 suos
2082 3725 2211 3753 attollere,
2247 3724 2311 3753 Can*
2334 3741 2338 3746 ,
2362 3740 2369 3754 ³.

310 3771 413 3792 vocant.
482 3765 537 3792 Cic.
553 3772 602 3799 pro
615 3762 720 3790 Caecin.
735 3770 771 3795 49
786 3771 807 3788 c.
823 3770 850 3796 ¹7
873 3762 990 3789 Potestne
1007 3760 1112 3797 detrudi
1132 3761 1287 3796 quisquam,
1301 3763 1350 3796 qui
1402 3767 1523 3792 mimalia
1532 3765 1624 3801 pubem
1637 3764 1712 3791 ubera
1724 3763 1759 3790 ad
1769 3765 1842 3788 imum
1854 3767 1972 3787 omn-em,
2007 3775 2010 3783 .
2217 3775 2221 3779 .
2304 3791 2307 3794 ,
2325 3767 2329 3775 κ
2358 3758 2360 3761 ·

311 3809 366 3827 non
382 3799 519 3834 attingitur
534 3801 542 3826 3
578 3807 683 3831 nonne,
702 3797 719 3824 Γι
735 3796 846 3823 verbum
859 3798 883 3824 se
905 3799 932 3824 ui
946 3798 1087 3830 volumus,
1104 3796 1154 3823 hoc
1172 3796 1350 3831 intelligamus
1443 3807 1462 3827 A
1474 3807 1495 3826 T
1505 3807 1527 3828 vr
1538 3806 1609 3827 01.1.
1619 3807 1635 3826 E
1645 3806 1696 3827 Ns.
1716 3797 1808 3826 Partic.
1830 3796 1967 3830 [ἐπαίρων]
2015 3796 2117 3823 Praeter
2128 3799 2179 3823 iam
2191 3796 2268 3824 allata
2287 3794 2363 3826 8114.
2403 3799 2405 3801 ¹

311 3835 408 3863 necesse
422 3835 468 3866 est,
487 3844 548 3861 eum
563 3834 676 3865 detrudi,
696 3833 740 3860 cui
755 3841 845 3859 manus
865 3841 879 3859 a
900 3840 1008 3860 crantui·
1021 3834 1030 3860 3
1063 3833 1159 3860 neccsse
1177 3831 1213 3858 est
1233 3832 1350 3867 inquam,
1405 3835 1443 3862 De
1457 3845 1527 3871 equo
1540 3835 1706 3875 Ριιῃςὴῃιὶςθῇι
1718 3847 1764 3854 -—
1798 3838 1854 3858 tum
1863 3831 1955 3858 mollia
1969 3839 2045 3857 crura
2058 3831 2164 3866 superbi
2199 3831 2357 3860 Attollens

311 3871 330 3898 fi
344 3871 377 3898 ad
388 3869 499 3897 verbum
511 3879 568 3896 reni
581 3870 704 3897 volumus
722 3868 866 3902 attingere,
891 3869 1023 3896 neminem
1042 3868 1108 3896 statu
1126 3867 1259 3894 detrusum
1272 3887 1280 3900 ,
1301 3868 1349 3902 qui
1405 3879 1501 3906 magno
1515 3871 1630 3898 clamore
1641 3867 1794 3903 triumphat.
1845 3866 1990 3893 Timidum
2009 3866 2041 3893 ad
2053 3866 2148 3894 limina
2160 3867 2262 3896 Lumen
2279 3865 2332 3894 Oui
2339 3859 2358 3893 θ’

310 3915 365 3934 non
376 3904 495 3933 adhibita
507 3905 551 3937 vi,
570 3914 649 3932 manu
669 3905 789 3931 demotus
807 3910 833 3929 et
852 3903 925 3930 aetus
944 3913 1063 3940 praeceps
1077 3903 1247 3938 intelligatur.
1302 3903 1350 3930 Sed
1361 3914 1443 3940 10;io‚
1457 3915 1514 3940 293.
1549 3907 1604 3933 Ora
1616 3903 1712 3941 pallida
1731 3903 1807 3938 Virg.
1820 3910 1841 3935 1,
1855 3907 1906 3936 358.
1942 3901 2016 3938 Conf.
2031 3901 2069 3929 Id.
2082 3910 2111 3937 4,
2127 3905 2187 3936 690.
2274 3902 2278 3906 '
2399 3917 2407 3938 l
2432 3900 2439 3907 '⁴

305 3942 467 3978 praetulerim
478 3942 587 3966 virorum
597 3940 722 3981 defletum
733 3936 896 3967 comesturam
909 3940 1059 3976 astringere.
1098 3939 1157 3968 Col.
1166 3943 1236 3972 i‚8,3
1251 3937 1280 3964 de
1293 3939 1347 3965 Vil·
1680 3938 1681 3941 ’
1767 3970 1771 3972 -
2088 3945 2090 3947 ·
2309 3942 2332 3965 Α
2347 3939 2363 3950 ””
2392 3937 2401 3963 ᾗ
