2474 4182
68 242 164 322 de
194 84 600 346 pratEipdis
619 80 1263 328 {efiicELatims
1306 251 1719 332 eorumque
1737 231 2180 317 Auelorjbm
2192 266 2213 317 ‚-

304 391 448 456 Rob.
476 388 759 470 Stephani
786 381 1076 452 Thesauro
1104 383 1165 445 L.
1196 384 1260 446 L.
1290 382 1558 445 editionis
1590 383 1971 452 Londinenfis

1012 489 1247 554 praemissa
1267 529 1279 549 ‚
1447 521 1463 565 .¹

703 605 1316 644 PERITISSIMO
1372 604 1597 638 VIRo'

183 678 778 748 JoANNJ
892 675 1763 755 HOLLJNGS‚
1850 679 1932 742 M.
2016 680 2091 743 D.

675 786 1113 864 MssEDICO
1207 801 1597 861 REGIO,

474 918 555 983 gob
592 915 719 980 ipsius
751 913 970 977 fingulare
1003 928 1114 976 erga
1148 914 1302 964 Bonas
1334 914 1530 964 Literas
1569 913 1801 978 studium3

925 1009 941 1036 1
966 1008 995 1036 Ν
1023 1009 1039 1036 8
1067 1009 1090 1036 C
1118 1009 1141 1036 R
1170 1008 1184 1036 1
1209 1010 1228 1036 P
1257 1008 1288 1038 T
1315 1009 1346 1039 A.

69 1117 2210 1151 Q**************³ss**skins**************÷k*****ff*3at2

70 1214 407 1435 Quamuis
432 1269 500 1306 iam
520 1267 579 1306 diu
595 1265 759 1307 omnibus
776 1266 837 1306 vsu
851 1269 946 1306 venit
961 1268 1020 1319 qui
1036 1279 1102 1306 no-

299 1337 383 1362 vum
398 1335 487 1374 opus
497 1323 707 1371 moliuntur,
734 1332 771 1361 vt
785 1325 821 1361 in
836 1322 955 1361 limine
968 1322 1103 1372 paullis-

298 1377 552 1429 perLestorem
568 1387 772 1423 morentur;
798 1378 1018 1416 monendum
1037 1378 1101 1416 sci-

298 1433 393 1481 licet,
408 1445 554 1485 quanam
567 1434 625 1484 spe
639 1442 697 1472 aut
713 1433 855 1472 confilio
873 1432 919 1472 vsi
935 1463 946 1481 ,
973 1432 1100 1485 quibus

68 1489 200 1527 auxiliis
222 1488 326 1534 freti,
356 1490 469 1526 otium
491 1489 592 1527 suum
614 1491 651 1526 in
674 1502 903 1527 communem
919 1488 1100 1527 vtilitatem

66 1543 293 1593 produxerint
309 1571 319 1590 ,
346 1553 380 1580 et
396 1542 532 1595 qualem
554 1544 623 1594 ipse
648 1546 937 1583 commoditatem
959 1558 1003 1582 ex
1020 1544 1100 1582 alie-

57 1600 118 1638 nis
133 1596 306 1636 laboribus
325 1599 389 1636 erit
404 1608 628 1649 percepturus
644 1613 652 1637 ε
687 1599 792 1638 nobis
808 1609 929 1638 contra
956 1599 1099 1647 accidit,

59 1662 103 1702 „vt
124 1653 187 1691 isto
207 1651 380 1702 praefandi
403 1667 547 1692 munere
574 1654 654 1692 licet
677 1654 861 1706 aliquando
884 1654 1069 1693 necess'ario
1088 1683 1100 1703 ,

65 1710 199 1757 ingrato
216 1717 331 1746 tamen
347 1718 384 1746 vt
399 1708 588 1758 plurimum
611 1720 646 1747 et
661 1710 810 1748 molesto
826 1740 837 1759 ,
865 1709 959 1749 reete
983 1723 1099 1749 carere

65 1762 164 1812 poffe·
176 1763 379 1802 videremur.
440 1766 653 1804 Communis
679 1767 846 1804 nimirum
867 1766 915 1804 est
932 1776 968 1804 et
982 1766 1099 1815 vulga-

64 1818 207 1856 tiffimae
223 1817 484 1868 exspediationis
500 1834 623 1858 eorum
640 1833 745 1871 opera
761 1850 772 1868 ,
807 1824 868 1872 qui
887 1835 909 1856 τ
924 1834 949 1856 H
961 1835 981 1856 E
995 1834 1010 1856 s
1022 1834 1043 1856 A
1058 1833 1101 1856 v-

67 1886 89 1910 R
104 1886 126 1909 v
141 1886 167 1910 M
195 1887 213 1910 1,
226 1888 248 1911 A
264 1887 286 1910 T
299 1888 313 1910 1
327 1887 351 1910 N
365 1888 378 1911 1
395 1887 418 1911 T
433 1889 455 1911 A
470 1888 493 1911 T
506 1889 520 1911 1
532 1889 548 1913 s
575 1875 796 1911 meditantur.
865 1875 983 1909 Nemo
1006 1874 1101 1909 enim

63 1926 110 1965 cst
126 1930 162 1965 in
176 1927 282 1965 literis
298 1928 521 1964 mediocriter
540 1927 689 1964 versatus
703 1956 715 1974 ‚
739 1929 800 1976 qui
816 1939 887 1963 non
903 1929 999 1968 iuxta
1016 1936 1099 1960 cum

64 1982 298 2020 eruditissimis
313 1980 532 2030 postulauerit
545 2007 557 2024 ,
592 1988 629 2014 vt
643 1989 700 2022 ea,
723 1988 810 2027 quae
832 1977 869 2012 in
884 1985 1042 2013 veterum
1057 1974 1097 2012 li-

64 2033 134 2072 bris
153 2038 273 2072 Latine
291 2043 326 2070 et
342 2031 514 2080 eleganter
530 2031 710 2078 dicuntur,
739 2030 798 2067 hic
820 2040 976 2068 accurate
992 2039 1027 2068 et
1041 2030 1095 2067 di-

63 2086 183 2125 stinc'te
199 2086 380 2123 tradantur.
435 2084 562 2123 Euolui
577 2086 859 2124 Commentarios
873 2098 946 2123 non
961 2085 1096 2136 semper

26 2131 35 2144 “
63 2139 352 2194 exquisitissimam
379 2139 538 2178 lediionis
568 2141 816 2178 iucunditatem
839 2139 1068 2195 praeferentes
1083 2170 1094 2188 ,

63 2209 176 2248 neque
196 2198 359 2234 minimae
381 2208 506 2246 operae
523 2225 534 2243 ,
562 2205 597 2234 et
620 2195 788 2249 quidquid
811 2196 893 2234 inde
917 2197 961 2234 ad
980 2196 1095 2246 publi-

64 2264 146 2290 cum
162 2250 260 2289 vsum
274 2249 421 2301 proferri
435 2251 539 2301 poffit
555 2280 567 2300 ,
593 2254 732 2302 excerpi
749 2266 756 2288 :
792 2250 956 2289 Conferri
972 2250 1094 2291 1εᾶἰο-

64 2320 149 2344 num
171 2309 344 2344 varietates
358 2336 369 2354 ,
396 2319 567 2358 vnamque
589 2319 609 2343 e
627 2308 767 2344 caeteris
790 2307 1007 2356 potissimum
1030 2308 1093 2345 de-

64 2361 152 2399 sumi
165 2391 177 2410 ,
213 2374 299 2414 quae
315 2361 385 2399 sola
405 2374 457 2400 res
473 2363 588 2413 quanti
603 2361 640 2400 sit
655 2362 824 2400 stomachi
844 2371 879 2400 et
893 2361 1093 2400 sollicitudi-

64 2418 116 2454 nis
131 2426 283 2463 norunt,
310 2419 370 2469 qui
394 2419 430 2454 in
446 2430 484 2455 ea
500 2416 658 2466 palaestra
681 2427 906 2464 exercentur,
941 2418 1092 2456 Critico-

64 2484 142 2509 rum
155 2471 216 2510 filii
232 2487 243 2516 3
270 2471 356 2510 haec
371 2475 489 2510 omnia
504 2485 587 2510 cum
602 2485 676 2510 non
689 2471 752 2516 smt
769 2471 991 2524 quotidianae
1006 2485 1092 2522 ope-

64 2538 122 2563 rae
143 2536 177 2563 et
193 2525 320 2564 laboris
333 2556 345 2574 ,
372 2527 460 2565 adeo
474 2539 589 2566 tamen
609 2530 808 2566 communis
823 2527 867 2565 de
890 2529 930 2565 iis
946 2527 1091 2565 inualuit

66 2581 188 2629 opinio
203 2609 215 2627 ‚
240 2590 276 2617 vt
291 2581 418 2620 etiamfi
430 2591 620 2620 taceremus
634 2613 645 2630 ,
678 2583 714 2620 id
729 2596 835 2621 omne
858 2595 876 2620 a
891 2581 993 2621 nobis
1014 2596 1092 2634 per-

63 2632 197 2673 sedtum
213 2634 278 2672 esse
291 2634 452 2674 clamaret
465 2639 579 2687 operis
593 2640 679 2676 ratio
694 2647 728 2676 et
744 2639 896 2676 instituti.

96 2741 106 2750 ,
143 2705 265 2756 Neque
281 2706 454 2744 credimus
476 2707 513 2745 id
528 2710 679 2746 muneris
697 2721 716 2747 a
731 2708 832 2747 nobis
848 2709 938 2758 exigi
954 2738 965 2756 ,
993 2709 1090 2761 quod

64 2758 188 2809 vulgus
213 2759 387 2800 editorum
407 2760 490 2800 facit
503 2792 514 2810 ,
548 2772 585 2801 vt
599 2763 804 2803 huiusmodi
825 2763 984 2803 laborum
1010 2765 1089 2803 vsus

66 2823 103 2851 et
128 2816 395 2854 commoditates
421 2820 610 2867 praeconio
641 2820 760 2858 nostro
789 2816 1086 2864 commendentur.

64 2871 103 2907 In
116 2881 161 2908 eo
170 2882 278 2920 paene
292 2872 340 2910 est
349 2884 387 2910 ea
402 2884 477 2921 res,
503 2882 540 2911 vt
554 2875 624 2913 iam
640 2888 713 2917 non
729 2873 861 2924 doceri,
889 2876 1086 2914 nedumsor-

62 2925 146 2962 nari
161 2953 172 2972 ,
198 2925 426 2975 postulauerit.
482 2931 555 2978 Qi
569 2929 680 2968 literas
695 2941 823 2970 norunt
836 2960 847 2978 ,
873 2931 958 2969 haec
975 2930 1086 2969 litera-

65 2991 145 3016 rum
166 2979 367 3019 adminicula
396 2994 526 3021 norunt
545 2993 580 3022 et
599 2983 750 3023 fatentur
774 2985 874 3024 vltro.
947 2985 1086 3036 Qibus

63 3031 221 3072 subsidiis·
244 3047 418 3088 nunquam
446 3037 520 3077 fere
542 3040 681 3079 caruisse
701 3043 895 3079 Romanam
921 3042 1086 3080 eruditio-

64 3100 146 3125 nem
165 3117 175 3135 ,
209 3089 246 3126 id
272 3090 431 3140 profeeio
459 3094 596 3133 istarum
621 3094 794 3134 literarum
818 3095 988 3135 felicitatis
1005 3127 1016 3146 ,
1051 3107 1087 3135 et

64 3142 170 3180 huius
185 3145 235 3181 rei
251 3147 529 3201 quamyvolumus
539 3179 550 3198 ,
574 3149 692 3189 illustri
706 3161 911 3201 argumento
925 3151 990 3190 effe
1005 3152 1086 3202 pos·

62 3195 111 3236 fit.
167 3200 257 3236 Nam
274 3201 322 3237 vti
336 3213 419 3242 cum
439 3204 594 3244 nascente
614 3204 687 3244 fere
701 3209 882 3245 Latinitate
895 3237 914 3256 ,
940 3210 1085 3246 emicuit

65 3264 131 3289 vna
145 3262 179 3290 et
192 3264 288 3292 enata
302 3255 351 3292 est
365 3254 608 3311 Gloffariorum
614 3261 788 3310 seruitus;
815 3264 860 3299 ita
873 3275 955 3301 cum
969 3261 1084 3313 v‘igen-

63 3316 97 3344 te
110 3307 244 3356 vigebat
259 3339 269 3356 ‚
297 3309 482 3360 collapsam
505 3311 628 3362 pariter
643 3327 678 3355 et
691 3317 818 3355 deinde
833 3318 1062 3357 renascentem
1072 3349 1084 3367 ‚

62 3361 183 3400 eadem
200 3367 360 3416 vtrinque
378 3365 448 3403 fide
467 3376 501 3405 et
514 3365 650 3409 fortuna
675 3375 846 3410 continuo
858 3373 1085 3425 prosequeba-

63 3424 128 3454 tur.
182 3419 334 3458 Graecae
354 3420 544 3460 literaturae
569 3435 687 3464 contra
701 3427 826 3466 accidit
839 3457 851 3476 ,
875 3438 912 3466 vt
925 3459 936 3476 ‚
961 3441 1084 3480 quam-

63 3472 113 3508 vis
133 3471 240 3511 hodie
256 3487 275 3512 a
290 3475 465 3514 nonnullis
479 3507 490 3525 ‚
526 3479 730 3528 pauciffimis
750 3482 831 3522 licet
847 3512 858 3531 ‚
891 3483 1083 3523 studiofiffi-

68 3536 125 3563 me
147 3526 280 3567 colatur
301 3539 336 3569 et
358 3534 563 3583 percipiatur
588 3532 796 3585 exad'iiffime
817 3567 829 3586 ,
862 3532 937 3578 eam
965 3548 1082 3579 tamen

1165 1264 1345 1306 fortunam
1366 1266 1504 1306 aliunde
1518 1269 1717 1318 acciperet,
1753 1281 1826 1307 non
1850 1281 1895 1307 ex
1918 1257 2115 1307 nostrorum
2141 1269 2208 1309 ho-

1165 1326 1302 1361 minum
1317 1325 1354 1360 in
1367 1323 1545 1361 vocabulis
1566 1322 1777 1373 explicandis
1801 1325 2067 1376 digerendisque
2081 1326 2206 1364 studio.

1165 1381 1251 1417 Sero
1266 1379 1410 1430 quidem
1427 1408 1438 1424 ‚
1467 1388 1635 1431 quantum
1651 1392 1696 1416 ex
1712 1378 1818 1417 literis
1844 1382 2041 1429 accepimus
2058 1410 2068 1427 ,
2105 1381 2148 1418 ad
2169 1381 2208 1419 id

1164 1436 1321 1472 muneris
1347 1434 1484 1472 acceffit
1499 1436 1646 1472 Graecia
1681 1436 1818 1486 antiqua
1834 1464 1844 1482 ,
1872 1437 1992 1472 animo
2013 1434 2105 1486 quafi
2127 1435 2207 1474 suae

1164 1489 1300 1540 linguae
1317 1488 1474 1528 fortunas
1496 1503 1568 1528 non
1585 1489 1708 1527 stantes
1725 1490 1871 1528 ornandi
1886 1519 1897 1538 ,
1924 1489 1983 1539 sed
2000 1490 2206 1529 sustentandi

1164 1544 1398 1583 declinaturas.
1453 1545 1504 1582 At
1518 1543 1578 1583 vbi
1593 1547 1629 1582 in
1644 1557 1720 1583 eam
1737 1547 1852 1595 operis
1874 1556 2009 1596 partem
2024 1546 2058 1584 se
2074 1548 2206 1596 recepit

1166 1598 1286 1639 Schola
1302 1597 1543 1638 Alexandrina
1558 1630 1570 1649 ,
1599 1609 1635 1638 et
1651 1600 1877 1639 excultiffima
1897 1613 2054 1653 quaeque
2070 1603 2206 1651 ingenia

1164 1658 1201 1694 in
1216 1669 1261 1694 eo
1280 1669 1425 1694 munere
1440 1658 1596 1694 exercuit
1610 1685 1622 1703 ‚
1655 1658 1784 1694 mirum
1814 1657 1862 1694 est
1880 1656 2007 1694 deinde
2029 1657 2072 1695 ad
2098 1670 2207 1708 quan-

1164 1720 1241 1749 tum
1254 1713 1510 1749 incrementum
1530 1711 1728 1748 istiusmodi
1747 1711 1924 1760 disciplina
1940 1710 2204 1762 eratrperdueta.

1164 1769 1218 1803 Ex
1233 1779 1279 1803 eo
1294 1764 1394 1801 fonte
1406 1763 1511 1800 riuuli
1533 1763 1611 1799 satis
1628 1763 1712 1811 largi
1728 1765 1771 1800 ad
1790 1765 1904 1802 nostra
1918 1779 2026 1816 vsque
2047 1776 2206 1815 tempora

1137 1816 1139 1818 ’
1164 1821 1382 1855 dimanarunt
1397 1847 1409 1864 ,
1445 1829 1528 1853 cum
1545 1818 1701 1854 Romana
1720 1815 1858 1854 fortuna
1881 1821 1942 1856 vix
1965 1819 2092 1869 aliquid
2108 1833 2206 1869 prae-

1164 1882 1217 1909 ter
1245 1873 1368 1907 inania
1399 1871 1533 1906 nomina
1565 1868 1669 1906 nobis
1695 1870 1926 1908 reseruauerit.
1997 1873 2102 1910 Adeo
2119 1903 2129 1921 ,
2165 1882 2205 1912 vt

1163 1925 1322 1973 quamuis
1337 1925 1451 1960 neutri
1470 1922 1606 1973 linguae
1621 1923 1731 1962 hodie
1747 1938 1791 1962 ex
1807 1938 1846 1963 ea
1860 1935 1955 1974 parte
1969 1926 2046 1964 satis
2061 1927 2100 1967 fit
2116 1941 2204 1967 con-

1160 1976 1288 2014 sultum
1305 2006 1316 2025 ,
1343 1987 1479 2016 tantum
1496 1988 1612 2016 tamen
1627 1981 1754 2017 Graeci
1777 1982 1813 2017 in
1827 1981 2081 2032 antiquioribus
2096 1986 2202 2023 Lexi-

1160 2033 1209 2069 cis
1221 2032 1392 2083 praestent
1408 2063 1418 2081 ‚
1445 2043 1615 2086 quantum
1630 2036 1666 2072 in
1681 2034 1863 2074 hodiernis
1879 2038 2003 2074 Latini.

1240 2105 1383 2157 Horum
1397 2106 1559 2142 notitiam
1580 2117 1663 2143 cum
1684 2118 1791 2144 nemo
1810 2105 1981 2146 haetenus
2004 2109 2081 2147 satis
2096 2121 2200 2150 accu-v

1159 2167 1267 2196 ratam
1295 2159 1439 2208 posteris
1465 2161 1728 2199 commendauit
1749 2172 1885 2211 praeter
1907 2168 2200 2204 commentatiun-

1158 2213 1252 2252 culas
1267 2214 1446 2266 quasdam,
1463 2228 1553 2267 quae
1569 2229 1614 2253 ex
1632 2230 1650 2254 B
1665 2230 1687 2253 ο
1700 2230 1719 2254 R
1736 2230 1757 2253 R
1773 2231 1786 2254 1
1802 2231 1822 2254 c
1835 2231 1920 2256 Hlo
1937 2219 1999 2268 a),
2027 2233 2044 2256 B
2059 2233 2081 2256 o
2095 2234 2198 2258 nex-

1161 2282 1288 2306 LERO
1311 2266 1348 2322 b)
1373 2299 1385 2319 ,
1428 2284 1698 2309 MORHOFIO
1724 2271 1760 2324 c)
1781 2302 1791 2321 ‚
1835 2287 2090 2312 ΒΛΙιιΕΤο
2123 2273 2163 2325 d)
2184 2306 2198 2325 ,

1157 2334 1195 2361 et
1210 2338 1238 2361 M
1251 2339 1273 2362 A
1287 2338 1310 2362 R
1322 2337 1346 2362 ‘r
1360 2339 1375 2362 1
1389 2339 1414 2362 N
1432 2340 1446 2363 1
1459 2340 1481 2362 o
1500 2328 1534 2373 e)
1564 2327 1772 2365 exciderunt
1786 2357 1798 2376 ,
1827 2329 1931 2367 satius
1947 2330 2113 2368 duximus
2128 2334 2198 2370 Le-

1157 2381 1323 2418 xicorum
1336 2383 1544 2419 Latinorum
1558 2381 1741 2444 historiam
1766 2393 1960 2437 contexere
1973 2415 1983 2432 ,
2016 2398 2121 2437 quam
2143 2388 2198 2424 in-

1156 2434 1296 2473 utiliora
1319 2434 1508 2486 praefando
1525 2467 1536 2484 ‚
1573 2437 1693 2476 nostro
1727 2440 1806 2477 otio
1835 2448 1871 2476 et
1890 2439 1999 2477 aliena
2030 2443 2196 2490 patientia

1155 2489 1263 2528 abuti.
1319 2489 1377 2528 Ab
1393 2493 1436 2529 iis
1451 2493 1558 2541 igitur
1573 2492 1714 2531 dicendi
1728 2495 1869 2531 initium
1884 2495 2082 2544 sumemus,
2103 2509 2195 2548 quae

1157 2547 1269 2597 prima
1285 2547 1321 2583 in
1337 2545 1453 2584 lucem
1469 2546 1532 2585 sub
1546 2548 1706 2599 auspiciis
1715 2549 1992 2600 Typographiae
2008 2552 2193 2602 prodiere,

1155 2610 1194 2638 vt
1209 2599 1336 2650 fingula
1353 2601 1596 2652 perlustrantes
1611 2633 1622 2650 ,
1659 2601 1788 2655 quibus
1807 2606 2011 2654 primordiis
2032 2610 2194 2657 coeperit

1156 2669 1210 2694 res
1227 2659 1357 2695 Lexica
1374 2688 1385 2706 ,
1417 2657 1545 2710 quibus
1567 2658 1761 2696 rationibus
1775 2659 1969 2699 adoleuerit
1985 2689 1995 2703 ,
2029 2671 2134 2714 atque
2149 2664 2194 2702 ad

1155 2710 1249 2751 hanc
1273 2711 1366 2764 quafi
1387 2713 1621 2752 maturitatem
1643 2717 1866 2765 peruenerit,
1901 2715 2051 2755 aliorum
2073 2718 2193 2757 homi-

1154 2780 1242 2805 num
1257 2768 1294 2805 in
1309 2767 1365 2805 his
1383 2767 1491 2806 literis
1507 2768 1713 2808 excolendis
1731 2770 1838 2809 studia
1855 2772 2050 2811 excitemus
2065 2804 2076 2821 ,
2108 2786 2192 2825 qua-

1154 2835 1234 2860 rum
1259 2821 1415 2862 subfidiis
1439 2824 1623 2874 inuigilare
1646 2838 1720 2864 non
1743 2826 1924 2876 dedignata
1955 2829 2003 2865 est
2030 2831 2190 2878 optimo-

1150 2890 1231 2916 rum
1245 2877 1436 2917 hominum
1452 2879 1612 2919 industria
1629 2893 1641 2920 t
1676 2893 1785 2931 pauca
1802 2882 1994 2921 admodum
2012 2883 2058 2920 de
2076 2886 2190 2935 Voca-

1150 2931 1295 2972 bulariis
1309 2964 1320 2982 ,
1355 2934 1534 2974 Glossariis
1549 2965 1558 2981 ‚
1574 2942 1578 2946 ’
1594 2938 1811 2988 eaeterisque
1841 2937 1878 2975 id
1907 2950 2017 2986 genus
2042 2939 2185 2975 interte-

1150 2998 1273 3028 xentes
1289 3019 1300 3038 ‚
1327 2989 1389 3030 nifi
1403 3000 1575 3043 quantum
1590 2992 1633 3031 ad
1653 2992 1801 3030 instituti
1826 2994 2000 3031 rationem
2022 2991 2186 3032 conferre

1151 3044 1322 3084 videatur.

1432 3131 1628 3172 Catholicon
1651 3134 1698 3171 10.
1724 3107 1764 3171 de
1785 3133 1899 3170 Ianua.

1191 3202 1198 3209 ⁶
1228 3209 1300 3248 Sub
1317 3209 1397 3261 ipfis
1418 3211 1639 3250 incunabulis
1655 3209 1928 3262 Typographiae
1947 3213 1994 3251 A.
2012 3213 2056 3252 sc.
2074 3216 2180 3263 1460.

1148 3263 1210 3304 fol.
1221 3264 1481 3316 prodiitLiber,
1498 3270 1558 3319 qui
1572 3268 1700 3306 dicitur
1716 3280 1735 3303 c
1750 3280 1770 3304 A
1786 3279 1809 3303 ‘r
1822 3280 1847 3304 Η
1859 3280 1882 3304 o
1897 3281 1916 3304 L
1931 3282 1945 3305 1
1960 3282 1980 3305 c
1995 3282 2018 3305 0
2031 3283 2058 3307 N
2068 3299 2078 3316 ,
2105 3284 2180 3309 non

1148 3321 1294 3372 quidem
1311 3323 1468 3372 optimae
1484 3333 1545 3360 aut
1559 3320 1760 3373 speRandae
1775 3322 2003 3372 eruditionis,
2030 3324 2087 3362 sed
2102 3355 2113 3373 ‚
2141 3334 2180 3363 vt

1147 3385 1309 3427 tempora
1324 3377 1437 3415 tulere
1452 3377 1581 3429 quibus
1589 3375 1727 3419 Audior
1742 3375 1923 3425 inclaruit,
1950 3391 2021 3417 non
2038 3381 2179 3419 infimae

1147 3441 1206 3469 aut
1228 3431 1378 3481 vulgaris
1398 3431 1511 3472 famae
1534 3448 1545 3478 ;
1586 3443 1700 3484 neque
1743 3431 1806 3482 (in
1840 3431 1945 3470 rebus
1976 3434 2177 3483 praesertim

1129 3483 1407 3538 -Theologicis)
1444 3498 1683 3538 magnopere,
1716 3496 1756 3526 vt
1778 3487 1988 3540 quibusdam
2009 3488 2097 3528 olim
2115 3492 2175 3529 vsu

1747 3541 2008 3594 Compledtitur
2037 3555 2176 3594 praeter

2050 3602 2176 3640 Gram-

1146 3544 1244 3580 venit
1260 3573 1271 3591 ,
1306 3543 1587 3583 contemnendus
1607 3542 1685 3593 f).

1226 3610 1249 3635 e
1274 3611 1295 3638 2

103 3690 132 3722 ⁰)
150 3688 182 3717 ln
196 3689 426 3741 Differtationende
438 3695 540 3725 Lexicis
553 3698 654 3728 Latinis
669 3720 679 3734 ,
698 3700 727 3731 in
740 3699 861 3739 Append.
873 3711 888 3730 a
921 3702 1054 3734 Analecta.
1100 3703 1128 3739 ὃ)
1149 3706 1180 3733 In
1194 3704 1327 3735 niffertat.
1344 3707 1376 3735 de
1390 3708 1500 3741 Lexicis.
1555 3710 1580 3739 c)
1599 3708 1631 3735 In
1644 3706 1801 3740 Polyhistor.
1851 3705 1883 3739 d)
1901 3706 2046 3747 Jugement
2057 3707 2102 3738 des
2114 3710 2174 3747 &a-

140 3737 206 3776 ¹'‘!¹‘
222 3732 292 3764 Tm.
304 3743 326 3763 ²·
338 3733 463 3776 mistim
471 3745 545 3775 part.
593 3746 617 3774 e)
637 3741 668 3768 In
682 3741 793 3769 Praefae-
808 3740 842 3769 ad
855 3743 892 3771 Le
910 3744 940 3772 'c.
954 3743 1086 3781 Philolog.
1130 3746 1171 3784 f)
1197 3767 1217 3782 ‚,
1230 3747 1282 3775 Etsi
1301 3742 1319 3777 ὲ
1329 3757 1347 3776 R
1358 3755 1381 3776 A
1392 3755 1405 3777 s
1413 3756 1439 3776 M
1449 3754 1470 3773 v
1481 3754 1495 3775 s
1506 3747 1709 3776 Roterodamus
1725 3754 1743 3775 c
1753 3755 1776 3775 A
1785 3754 1808 3775 Τ
1818 3754 1840 3775 Η
1852 3754 1872 3775 0
1885 3755 1903 3776 1.
1915 3757 1925 3777 ι
1937 3756 1956 3776 c
1969 3757 1988 3777 o
1999 3757 2022 3777 N
2037 3751 2173 3780 lanucnsis

142 3789 164 3804 ω
176 3770 285 3802 Πὶἶῦῦὶθῐ
297 3781 324 3802 et
337 3774 410 3804 velut
421 3776 453 3805 de
470 3778 553 3813 gradu
567 3779 673 3810 deiiciat
686 3803 695 3815 ‚
729 3792 782 3820 qua
798 3783 924 3812 Latinitas
937 3784 1069 3824 spefiatur
1078 3807 1086 3820 ‚
1109 3797 1160 3823 ego
1176 3793 1266 3816 tamen
1282 3789 1312 3816 in
1326 3788 1405 3816 rebus
1421 3786 1598 3825 'Theologicis
1612 3799 1669 3816 non
1684 3787 1912 3816 contemnendum
1928 3788 2024 3817 sentio.
2038 3810 2062 3830 „¹
2101 3791 2171 3820 Phil.

142 3809 270 3848 Bosquier.
289 3815 318 3842 in
333 3815 413 3844 Notis
428 3816 460 3851 ad
477 3818 574 3858 Gerfin
591 3820 624 3848 de
642 3822 730 3851 Laude
744 3825 836 3862 Script-

884 3844 904 3858 ,‚
925 3833 1128 3855 toANNEM
1151 3835 1446 3857 GENOVENSEM
1468 3838 1650 3865 cognomento
1670 3835 2007 3857 CATOLICONEM
2030 3846 2085 3861 *a*
2109 3841 2170 3859 cum

141 3870 162 3884 2,
176 3849 223 3878 suo
236 3851 284 3880 illo
297 3855 476 3886 Vocabulario
486 3859 636 3897 quodlicet
650 3872 665 3890 a
680 3862 814 3902 plerisque
831 3864 924 3902 susque
937 3865 1022 3905 deque
1035 3867 1082 3895 fiat
1099 3888 1109 3902 ,
1129 3875 1220 3897 tamen
1241 3867 1294 3896 illis
1314 3869 1347 3896 ad
1361 3869 1469 3905 potiora
1484 3871 1543 3898 viae
1563 3870 1640 3898 initia
1658 3869 1873 3899 siibministrauit.
1916 3869 2003 3898 Facile
2023 3878 2112 3899 autem
2131 3874 2170 3899 in-

138 3909 160 3929 v
171 3892 255 3920 venffl
269 3912 280 3927 ν
299 3895 397 3925 “edite
413 3898 480 3928 mihi
491 3920 502 3934 ,
522 3899 641 3935 addet-u
667 3901 774 3934 difficile
788 3915 855 3934 vero
869 3906 974 3936 imtium
989 3907 1123 3938 inuenire.
1143 3930 1164 3944 ‚,

1211 3908 1313 3939 Leund,
1327 3908 1448 3938 Albcrtus
1462 3910 1494 3939 de
1509 3912 1578 3940 Viris
1591 3909 1690 3941 qustr.
1707 3909 1818 3937 Ordinis
1831 3909 2049 3939 Ptaedicaterum
2064 3911 2110 3940 lib.
2122 3923 2148 3946 4.
