2474 4182
38 70 222 151 353⁷
426 88 647 131 AVR
1544 90 1779 131 AVR
2098 111 2168 149 554

40 189 103 216 ‘aust
116 184 229 213 crinibus
241 190 319 212 aum,
339 179 382 206 vbi
395 179 429 206 ad
442 180 537 206 odorem
544 177 620 213 fimul
630 174 752 212 respeflus
764 174 874 201 habetur.
935 176 972 201 De
988 175 1066 201 nodie
1119 185 1183 203 aura
1193 195 1201 207 ,
1223 175 1316 202 Melior
1323 175 1435 211 fortuna
1448 178 1528 205 Ouid.
1538 180 1615 214 Epist.
1631 188 1654 212 3,
1668 189 1714 214 44.
1758 180 1800 208 Sic
1813 181 1868 207 Cic.
1883 190 1932 216 pro
1947 182 2014 210 Sext.
2030 194 2070 211 101
2096 196 2117 212 c.
2134 195 2170 222 47

40 214 65 251 id
79 221 234 249 occationem
248 225 325 243 aurae
338 215 444 245 euectus
457 216 560 242 Sueton.
574 215 640 247 Aug.
660 221 681 238 c.
695 218 738 245 97.
759 213 776 236 i.
791 220 865 246 quum
883 220 944 237 aura
958 211 1067 247 secunda
1122 214 1160 245 Q
1171 211 1294 238 Catulum
1309 220 1394 245 neque
1409 214 1521 246 periculi
1541 216 1677 250 tempestas
1687 236 1694 248 ‚
1715 225 1802 251 neque
1814 216 1926 243 honoris
1939 226 2002 245 aura
2023 222 2109 253 potuit
2125 232 2171 248 vn-

40 257 175 285 ·ommodum
187 253 291 288 afflaret.
347 253 479 278 Aurarum
493 250 562 277 leues
577 249 678 275 animae
692 247 890 281 Lucrct.,·,237.
936 246 1069 274 iucundae
1123 257 1201 282 quam
1223 246 1254 272 de
1267 247 1315 272 suo
1329 247 1420 278 cursu,
1440 257 1484 275 aut
1503 251 1544 283 spe
1565 259 1607 277 aut
1627 258 1698 278 metu
1717 251 1872 285 dimona-0,
1890 253 2005 289 obftrua,
2028 260 2173 284 conti-„uari

39 281 109 321 iura:
123 284 215 318 Catull.
230 298 276 322 44,
291 296 311 320 3.
386 288 467 314 Leues
481 294 558 312 aurae
572 282 707 310 Claudian.
723 281 755 308 de
770 283 844 316 Rapt.
861 283 978 318 Proscrp.
992 292 1014 315 2,
1029 291 1068 314 30.
1122 282 1312 322 metaphoram..
1340 284 1424 308 Pauuo
1446 286 1535 317 aliter,
1556 287 1602 321 fid
1618 287 1695 314 eodem
1714 291 1740 314 in
1760 298 1846 325 genere
1873 289 1929 315 Cic.
1949 298 1997 323 pro
2012 291 2132 317 Muraen.
2147 301 2173 325 35

33 327 137 364 'Modica
148 328 237 353 quen·
253 326 302 350 53(-
319 331 356 355 12,
368 325 411 349 66,
482 319 605 348 Rorifera
623 319 681 344 Seu.
697 319 725 344 in
738 318 847 353 Hippol.
868 328 893 345 v.
910 327 941 345 11.
1012 319 1069 344 Te·
1093 327 1106 352 ς
1124 319 1186 345 Dies
1208 317 1366 357 intermissis
1385 328 1468 351 vnuS,
1485 326 1529 346 aut
1549 331 1601 347 nox
1621 323 1789 357 interposita,
1809 325 1883 359 saepe
1905 325 2042 360 perturbat
2066 328 2175 360 onmia,

32 353 108 392 herae
120 361 187 388 agris
202 369 294 391 aurae,
315 362 333 385 i.
348 357 512 386 penetrabiles
523 361 547 381 et
559 353 666 390 liquida·
680 354 783 380 Lucret.
799 363 818 386 ι,
834 359 891 384 208.
934 354 1071 388 Tepentes
1126 360 1150 380 et
1166 358 1248 379 totam
1261 362 1416 387 opinionem
1431 363 1512 389 parua
1526 364 1715 392 nonnunquam
1729 366 1874 387 commutat
1888 369 1951 387 aura
1965 362 2091 388 rumoris.
2129 364 2174 389 Lo-

32 393 113 435 lOuid.
130 398 192 424 Met.
209 405 228 428 1,
244 404 299 430 107.
371 394 482 422 Diuinae
495 398 573 417 aurae
585 389 741 424 particulam
754 392 871 416 Animum
889 397 962 416 uocat
976 391 1069 415 Horat.
1124 391 1212 425 quitur
1230 388 1258 414 <le
1274 392 1375 428 ‘ratione
1394 393 1557 417 comitiorum.
1611 394 1687 419 Talia
1708 404 1798 430 quoque
1808 396 1886 431 fimt,
1914 396 2058 424 Libertatis
2083 407 2175 425 ansam

33 435 112 461 ⁴Serm.
128 442 152 465 2,
168 441 192 463 2,
208 440 250 466 79.
271 439 300 457 vt
315 430 410 464 Virgil.
427 430 489 454 Aen.
504 427 530 458 6,
544 432 593 460 730
614 427 707 460 Igneus
722 426 758 452 cst
771 426 833 452 ollis
854 426 947 460 vigor,
971 431 996 451 et
1015 432 1069 449 cae·
1124 430 1227 459 captare
1249 424 1308 450 L1u.
1329 433 1359 457 3,
1380 433 1411 460 37
1439 435 1478 460 pr.
1554 428 1621 453 Leui
1638 437 1700 454 aura
1720 431 1772 464 spei
1792 432 1897 458 obieeta
1921 433 1994 460 mem
2007 442 2058 466 42²
2081 442 2112 466 39
2134 443 2174 468 pr,

34 469 100 496 lestis
114 469 192 495 ori⁰0
205 466 362 494 Seminibus.
554 458 575 497 ff
597 469 610 487 2
633 461 760 488 Interdum
773 469 853 488 tamen
869 462 1070 488 vehementiorem
1125 458 1145 498 fl
1166 468 1182 494 7
1211 462 1309 492 Auras,
1335 464 1463 496 genitium
1483 463 1610 494 Graecus,
1629 469 1678 498 pro
1695 468 1787 491 Aurae.
1859 469 1955 503 Virgil.
1975 470 2039 496 Aen.
2060 478 2105 502 ιι,
2127 475 2176 499 802

37 508 104 531 ,tiam
124 489 232 534 viantum,
250 511 317 539 quem
338 504 443 527 ventum
463 505 592 528 vocamus,
605 495 745 534 fignificat.
800 497 896 532 Virgil.
910 498 972 522 Aen.
988 497 1111 534 3733610
1159 510 1203 515 -—
1240 496 1309 522 nihil
1325 496 1378 530 ipsa
1398 506 1445 523 nec
1462 506 1554 530 auras,
1593 499 1650 524 Nec
1670 500 1770 526 sonitus
1791 511 1910 536 memor,
1931 503 2080 538 ‹iestrjdore
2093 503 2176 538 hastae

43 542 62 567 't
82 548 159 567 aurae
173 539 237 565 Vela
250 541 358 567 vocant,
377 532 532 567 tumidoque
552 532 659 560 inflatur
678 533 797 560 carbasus
816 533 912 560 austro.
985 530 1067 557 Ou1d.
1122 533 1255 557 venientis.
1300 532 1367 558 Item
1379 535 1454 559 ctiam
1468 534 1549 560 Aurai
1565 540 1615 569 pro
1628 535 1715 561 Aurae
1735 536 1809 563 Idem
1822 538 1886 564 Aen.
1904 542 1930 572 6,
1943 548 1998 581 747
2019 541 2102 568 Aurai
2117 540 2175 567 tim.

37 576 96 603 Met.
110 584 138 608 3,
160 584 208 607 209
243 587 286 594 —-
320 568 409 604 rapida
427 568 544 594 velocius
565 577 637 595 aura.
691 569 765 604 Conf.
787 570 832 596 Sil.
847 578 879 602 9,
899 576 941 601 501
968 573 991 592 ct
1013 574 1068 598 522.
1122 567 1197 602 plicis
1216 566 1314 606 ignfm·
1443 577 1455 583 -ν

33 611 72 639 'ic
85 611 152 638 Plin.
167 609 243 644 Epist.
257 616 277 640 ς,
293 608 310 633 6
329 603 430 644 Accipit
442 602 475 629 ab
488 603 539 629 hoc
552 613 626 631 auras
646 605 793 640 quamlibet
813 606 903 631 sereno
922 607 947 628 et
966 601 1068 636 placido
1160 610 1237 628 AVR
1249 610 1340 642 via,
1373 612 1412 629 ae.
1450 603 1471 629 f.
1518 603 1619 630 Dimin.
1677 606 1797 633 Tertull.
1817 608 1848 633 de
1864 610 1957 637 Anima
1976 621 1998 637 c.
2013 617 2044 641 28
2064 611 2138 645 Qud
2157 611 2174 638 fi

52 647 76 673 ie
111 656 164 673 non
177 653 262 672 tamen
273 649 342 668 acres
356 646 380 666 et
394 639 564 672 immodicaS,
584 640 628 667 sed
640 641 725 676 spatio
738 642 794 676 ipso
809 641 879 667 latias
893 644 918 665 et
934 637 1067 664 insratfftas.
1123 638 1270 672 superstites
1285 638 1386 673 aliquas
1400 638 1486 665 famae
1503 639 1608 665 aurulas
1623 639 1715 667 hausit.
1754 643 1914 672 Graecarum
1927 646 2065 673 literarum
2085 657 2176 683 quam-

26 647 163 722 ‘fleq'ffl‘ae
182 681 278 715 spirant
295 684 372 703 aurae
386 674 481 709 Virgil.
495 678 559 702 Aen.
573 684 601 708 ς,
617 682 678 710 844.
703 680 721 704 i.
740 678 891 711 Prosperae,
912 677 995 711 inquit
1012 675 1068 699 Ser-
1085 682 1109 708 ¹3
1122 674 1181 700 dam
1202 674 1322 700 aurulam
1344 681 1448 709 ceperat
1467 675 1544 702 Hier.
1561 676 1607 710 Ep.
1623 684 1667 709 141
1688 676 1720 703 ad
1740 678 1902 706 Marcellam.
1960 683 2005 708 Ad
2022 684 2118 710 odorem
2137 687 2175 710 vi.

27 724 31 745 z
51 718 99 745 ius.
137 718 227 750 Nempe:
239 711 389 748 aequabiles,
406 720 481 737 vnum
489 712 661 748 placidumque
675 720 780 740 tenorem
787 713 926 747 seruantes.
965 710 1006 736 Sic
1019 710 1068 735 Va·
1123 710 1211 736 dentur
1225 709 1328 746 referri.

28 762 31 774 ν
43 763 78 780 er.
91 753 171 779 Flacc.
185 760 212 783 4,
225 751 268 780 ὄις
286 747 399 781 Aequali
415 752 575 774 transcurrat
591 748 710 775 carbasus
724 756 794 775 aura.
847 748 935 772 Aurae
948 744 1068 772 Cereales
1158 753 1180 772 A
1189 753 1209 772 ν
1219 753 1236 772 R
1246 753 1268 772 A
1279 753 1298 772 R
1307 753 1317 772 1
1327 753 1348 772 v
1357 753 1369 772 s
1378 766 1387 778 ,
1418 746 1436 772 i.
1474 755 1511 772 m.
1548 746 1657 773 Aurarii
1677 747 1804 775 dicuntur
1817 750 1944 778 Fautores
1963 752 2036 779 Seru.
2052 754 2085 780 ad
2099 756 2175 790 Virg.

28 812 29 816 ,
49 788 95 814 lin.
110 795 144 819 ις,
158 794 194 818 ι9,
212 784 387 810 Maturitatem
398 782 508 819 segetum
514 783 652 819 facientes.
709 782 789 811 Ouid.
802 782 881 816 Epist.
898 787 933 814 ιε,
944 789 976 815 4,-
997 782 1068 807 Faci-
1123 782 1188 808 Aen.
1208 784 1239 812 6,
1257 787 1307 814 815.

41 830 133 857 emque
146 827 224 848 moue
235 817 396 845 moderatius
410 827 518 851 auram,
527 826 616 855 preces
629 819 663 846 acl
675 821 784 846 Boream.
843 818 950 852 Frigida
965 818 1069 843 Lucret.
1158 825 1179 844 A
1190 825 1210 844 v
1220 824 1238 844 R
1250 824 1289 843 lv
1298 824 1317 844 O
1326 824 1343 843 1,
1352 824 1373 844 V
1383 824 1395 844 S
1405 837 1413 850 ,
1431 826 1461 848 a,
1482 826 1536 844 um.
1572 818 1713 846 Auriuolis
1728 820 1883 855 replicantes
1896 824 1956 850 aera
1972 822 2050 859 signis
2059 825 2090 851 G.
2101 826 2175 853 Brito

29 860 52 891 ³,
67 865 119 891 29¹·
188 854 281 881 Gelida
294 853 368 880 Idem
381 863 411 886 3,
428 863 481 887 301.
548 855 710 882 Genitabilis
728 862 791 881 aura
810 854 913 880 Fauoni
932 853 969 879 ld.
986 862 1012 884 1,
1035 861 1067 878 11.
1080 862 1161 886 2010,
1177 859 1231 885 380·
1256 856 1274 879 i.
1284 860 1333 889 per
1345 862 1422 879 auras
1435 853 1608 881 volitantibus.

28 912 31 916 s
53 891 152 920 latiales
171 899 249 917 aurae
268 890 368 916 Boreae
387 890 474 917 Valet.
490 891 588 925 Argon.
608 900 636 924 4,
655 898 714 925 722.
784 889 919 916 Grandior
940 888 1020 915 Ouid.
1035 888 1067 914 de
1159 896 1181 916 A
1190 896 1210 915 ν
1220 896 1238 915 R
1246 896 1268 915 A
1277 896 1301 915 M
1310 896 1327 915 E
1336 895 1358 915 N
1369 895 1391 915 Τ
1402 896 1422 915 ν
1432 896 1456 915 Μ
1466 908 1474 922 ,
1496 897 1518 916 A
1527 895 1547 915 v
1560 896 1578 916 R
1588 897 1609 916 A
1619 897 1637 916 R
1648 897 1685 917 ιν
1695 898 1707 917 s
1717 910 1725 922 ‚
1750 891 1805 917 vid.
1825 899 1848 919 A
1856 899 1877 920 v
1887 899 1906 920 R
1915 899 1936 919 v
1946 900 1982 920 M.

51 937 99 956 em.
111 927 201 953 Amor.
214 931 268 956 808.
326 926 414 953 Laeua
427 932 452 953 et
465 926 571 953 dextera
583 926 668 953 Catul.
678 935 707 959 4,
721 933 761 951 20.
835 924 971 959 Languida
984 923 1066 950 Ouid.
1158 932 1179 951 A
1191 932 1211 950 v
1221 932 1238 951 R
1248 931 1269 950 A
1278 932 1296 951 R
1306 932 1314 951 1
1324 931 1344 951 A
1354 945 1362 957 ,
1394 924 1447 955 vid,
1462 925 1510 961 Jilb
1532 933 1553 952 A
1564 933 1584 952 V
1595 932 1613 952 R
1623 933 1644 952 V
1655 934 1688 952 Μ.

55 964 124 992 Pont.
138 971 163 995 2,
178 970 196 993 1,
210 970 234 988 2.
291 962 370 988 Lenis
385 962 519 994 Catul.62,
527 967 568 995 84.
623 961 705 989 Ouid.
721 962 785 987 Met.
801 970 821 993 1,
834 968 881 993 302
902 960 978 994 sugit
990 961 1067 986 ocior
1158 967 1208 986 AV
1219 968 1237 987 R
1247 967 1268 986 A
1278 968 1299 987 T
1309 968 1329 986 A
1340 981 1348 993 ‚
1369 969 1406 987 ae.
1428 960 1448 987 f.
1481 961 1658 997 [χρυσόφρυς]
1696 961 1779 998 Piscis
1795 963 1887 989 coloris
1897 963 1973 998 sorte
1991 968 2068 992 aurei.
2104 967 2175 994 Mar-

47 992 88 1029 ui'i
99 997 147 1026 llla
160 998 235 1024 Leui.
308 998 421 1024 Niuales
441 999 508 1024 Hor.
522 998 601 1032 Epist.
616 1007 634 1029 1,
650 1006 681 1028 11,
697 1002 730 1026 18.
800 997 946 1023 Petulantes
965 996 1069 1021 Lucret.
1122 995 1178 1021 tial.
1194 1004 1228 1028 13,
1244 1004 1279 1029 90
1299 996 1363 1022 Non
1375 997 1463 1023 omnis
1478 996 1583 1024 laudem
1598 997 1768 1032 pretiumque
1782 998 1881 1025 Aurata
1894 998 2026 1032 meretur,
2062 1001 2111 1028 Sed
2131 1003 2176 1029 cui

67 1042 118 1068 110,
136 1035 169 1061 al.
183 1035 284 1070 legunt,
300 1034 480 1061 Petulantibus
493 1034 579 1060 Euris.
620 1032 677 1060 Via.
696 1032 808 1059 Lambin.
880 1031 981 1066 Rapida
995 1029 1067 1057 velo·
1077 1040 1108 1065 25
1121 1032 1191 1057 solus
1218 1032 1270 1058 crit
1289 1031 1389 1058 concha
1408 1033 1512 1065 lucrina
1530 1033 1613 1060 cibus.
1686 1034 1754 1060 Plin.
1773 1042 1820 1066 32,
1835 1042 1847 1067 ς
1860 1042 1900 1068 pr.
1922 1035 2034 1061 Auxilio
2048 1036 2083 1062 est
2099 1038 2176 1071 piscis

42 1071 80 1102 ius
97 1078 159 1097 aura
178 1075 256 1097 ruunt
272 1079 345 1096 canes
364 1069 445 1096 Ouid.
461 1070 525 1096 Met.
540 1078 567 1101 3,
582 1077 642 1102 209.
690 1069 727 1094 En
741 1076 791 1103 ego
810 1077 865 1094 non
880 1068 969 1103 paucis
983 1075 1067 1101 quon-
1121 1068 1219 1094 Aurata
1240 1067 1269 1093 in
1292 1067 1364 1094 cibo.
1435 1070 1555 1095 Meminit
1569 1073 1643 1095 etiam
1665 1078 1696 1101 9,
1715 1071 1741 1096 16
1757 1070 1775 1096 s.
1791 1076 1822 1102 25
1842 1071 1949 1106 Ignotus
1970 1070 2042 1096 hodie
2059 1078 2175 1106 putatur.

32 1126 33 1133 ,
96 1105 212 1132 munitus
228 1105 320 1131 amicis
354 1106 424 1132 Dum
438 1105 511 1131 liauit
530 1104 596 1130 velis
615 1113 680 1131 aura
693 1104 804 1130 secunda
822 1104 889 1130 meis
909 1103 947 1130 ld.
961 1113 976 1129 e
990 1104 1065 1128 Pout.
1120 1103 1234 1129 Piscator
1247 1102 1405 1137 hominum,
1425 1104 1501 1131 misso
1514 1111 1570 1131 rete
1584 1104 1753 1140 Apostolico‚
1774 1111 1800 1132 te
1813 1114 1930 1141 quoque,
1959 1105 2010 1132 uasi
2029 1107 2177 1141 pulcherri-

31 1140 84 1175 1.,3{
97 1148 135 1175 23.
207 1140 350 1167 Stridentes
363 1141 449 1168 Valer.
466 1141 564 1174 Argon.
579 1149 602 1172 2,
616 1142 671 1173 586.
742 1140 865 1167 Tumens
885 1139 965 1166 Ouid.
979 1138 1066 1164 Trist.
1119 1148 1189 1164 mam
1204 1145 1330 1169 auratam,
1348 1140 1417 1166 inter
1437 1140 1577 1167 innumera
1591 1141 1704 1176 piscium
1719 1150 1816 1177 genera
1828 1141 1910 1169 traxit
1922 1115 1956 1169 ad
1977 1141 2041 1169 litus
2061 1144 2176 1171 Hieron.

40 1197 48 1210 ‚
63 1178 86 1205 6.
156 1177 244 1203 Verna
258 1176 387 1204 incertior
400 1185 462 1203 aura
475 1175 548 1202 Idem
561 1176 640 1210 Epist.
656 1178 683 1209 6,
699 1184 753 1209 109.
824 1175 980 1203 Violentior
998 1174 1064 1200 caeli
1119 1174 1198 1209 Epist.
1214 1180 1244 1204 28
1264 1174 1297 1201 ad
1318 1176 1458 1201 Lucinum.
1990 1203 1995 1209 ,

41 1221 86 1240 ura
98 1212 160 1239 Stat.
173 1211 266 1239 Theb.
280 1214 306 1244 6,
324 1220 375 1247 137.
444 1211 554 1238 Volucri
567 1211 689 1246 fugacior
703 1221 767 1238 aura
780 1211 860 1238 Ouid.
874 1212 938 1238 Met.
956 1219 989 1242 13,
1003 1216 1062 1245 807.
1074 1221 1106 1245 30
1154 1218 1175 1237 A
1191 1218 1211 1237 V
1227 1218 1245 1237 R
1261 1217 1282 1237 A
1295 1218 1317 1238 Τ
1333 1219 1342 1237 1
1359 1219 1375 1238 L
1392 1218 1423 1238 IS
1439 1231 1448 1244 ‚
1485 1219 1507 1238 A
1517 1219 1536 1239 V
1546 1218 1716 1239 RATVRA
1726 1232 1734 1245 ,
1771 1219 1912 1240 AVRAT
1922 1220 1986 1246 VS,
2020 1220 2067 1242 etc.
2116 1215 2176 1243 Vid.

62 1256 74 1281 3
100 1250 131 1275 Ee
144 1258 196 1274 cum
210 1248 292 1275 verbir
305 1247 400 1283 Virgil.
415 1248 511 1282 Georg.
525 1257 553 1281 4,
568 1256 619 1283 171,
637 1248 665 1274 de
679 1248 826 1283 Cyclopibus
859 1261 904 1267 —-
941 1247 988 1272 alii
1006 1253 1062 1272 tau·
1119 1254 1141 1273 A
1151 1254 1171 1273 v
1182 1254 1200 1273 R
1211 1254 1230 1273 ν
1240 1254 1274 1273 M.

0 1265 7 1315 i
37 1284 87 1311 nis
106 1284 218 1311 follibus
234 1293 308 1311 auras
343 1283 483 1319 Accipiunt
502 1283 679 1319 redduntque.
751 1283 937 1318 Metaphorica,
975 1283 1064 1317 Sperat
1153 1289 1306 1314 AVREA,
1326 1282 1442 1309 Frenum
1457 1283 1529 1317 quod
1545 1282 1578 1310 ad
1587 1292 1662 1311 aures
1670 1292 1802 1319 equorum
1810 1284 1983 1320 religabatur.
2005 1285 2072 1313 Fest.
2108 1287 2176 1313 Item

3 1332 16 1346 v,
44 1320 72 1347 bi
93 1329 183 1347 auram
205 1320 320 1356 aliquam
345 1320 414 1354 posse
437 1320 522 1347 afflari
544 1320 573 1346 in
597 1319 648 1346 hoc
665 1318 778 1346 crimine
797 1320 852 1346 Cic.
868 1320 943 1344 Verr.
961 1327 968 1344 1
991 1328 1011 1345 c.
1029 1327 1062 1350 13.
1118 1318 1235 1345 Aureola
1257 1318 1355 1352 legitur
1377 1317 1447 1353 apud
1469 1319 1529 1354 le.
1555 1320 1584 1345 in
1607 1319 1626 1346 l.
1651 1320 1725 1353 Qid
1737 1325 1834 1348 tamen.
1858 1322 1891 1347 D.
1905 1321 1938 1348 de
1953 1321 2073 1349 contrah.
2095 1327 2176 1356 empt-

1 1355 9 1385 ἰ
48 1356 144 1391 spirant
162 1365 240 1383 aurae
259 1356 287 1382 in
301 1356 407 1382 nodiem
421 1356 519 1390 Virgil.
534 1357 599 1382 Aen.
615 1363 642 1390 7,
657 1361 679 1385 8.
749 1355 884 1389 Colligere
904 1363 980 1380 auras
997 1354 1065 1380 velis
1119 1354 1213 1390 Confer
1236 1361 1330 1380 OREA.

5 1415 7 1420 .
46 1400 120 1418 ucan.
135 1400 157 1426 ς,
172 1400 227 1425 529.
273 1391 355 1418 Ouid.
370 1393 436 1418 Met.
452 1400 471 1424 1,
488 1400 534 1425 529
555 1393 586 1418 Et
598 1391 667 1418 leuis
679 1390 807 1425 impulsos
820 1396 895 1417 retro
909 1389 987 1416 dabat
1002 1398 1066 1416 aura
1079 1403 1106 1429 35·
1155 1398 1178 1417 A
1187 1398 1206 1416 V
1216 1397 1260 1416 RE
1270 1397 1291 1416 A
1301 1397 1337 1421 x,
1356 1389 1464 1423 Auriga.
1500 1390 1597 1416 Festus.
1634 1391 1722 1425 Equus
1735 1392 1871 1419 solitarius
1897 1393 1977 1420 Gloss.
1999 1393 2103 1420 Isidori.

18 1431 24 1434 “
37 1438 44 1450 ⁴·
53 1427 138 1462 pillos.
209 1429 258 1454 Dat
271 1437 335 1454 aura
349 1428 455 1454 cursum
468 1428 541 1454 Idem
554 1427 632 1462 Epist.
648 1435 682 1460 ις,
695 1435 751 1460 214.
816 1426 907 1453 Effluit
920 1435 983 1452 aura
997 1426 1065 1452 leuis
1157 1433 1178 1452 A
1189 1433 1209 1452 V
1219 1433 1236 1451 R
1247 1432 1263 1452 Ε
1272 1433 1288 1451 L
1300 1433 1308 1451 1
1319 1432 1340 1450 A
1349 1444 1356 1456 ‚
1375 1426 1440 1451 Gens
1462 1426 1574 1460 ple-beia,
1597 1429 1702 1462 antiqua
1724 1433 1805 1453 tamen
1830 1436 1854 1454 et
1870 1429 1961 1455 nobilis
1975 1440 1983 1455 :
2020 1438 2051 1455 ex
2072 1428 2177 1455 Sabinis

40 1475 61 1489 ο.
76 1464 140 1490 Met.
154 1465 180 1495 6,
195 1472 245 1496 233-
316 1464 428 1490 Mouere
441 1472 532 1490 auram
546 1463 626 1490 Ouid.
640 1462 717 1497 Epist.
731 1468 765 1494 18,
778 1470 820 1496 45.
862 1462 921 1489 Vid.
939 1471 966 1488 n.
983 1471 998 1488 z
1018 1463 1065 1488 Fa-
1118 1461 1277 1493 oriundam,
1297 1466 1323 1486 et
1335 1468 1350 1486 a
1364 1460 1417 1486 sole
1430 1462 1547 1495 primum
1562 1462 1695 1488 Auseliam
1709 1462 1807 1488 dictam
1821 1464 1878 1496 esse,
1887 1465 1960 1499 quod
1973 1465 1998 1490 ei
2011 1464 2118 1498 publice
2133 1464 2177 1491 da·

48 1499 108 1525 lem.
180 1499 288 1534 Respuit
300 1508 391 1532 auras,
411 1502 430 1525 i.
445 1499 585 1525 Contemnit
597 1506 691 1530 ventos,
708 1497 736 1524 de
748 1500 809 1525 Delo
823 1498 904 1534 infida
917 1500 954 1524 ait
968 1498 1065 1530 Seneca,
1119 1504 1160 1524 tus
1172 1497 1203 1523 sit
1215 1497 1304 1529 locus,
1323 1496 1352 1522 in
1366 1505 1420 1531 quo
1435 1497 1505 1523 sacra
1519 1497 1569 1523 soli
1583 1497 1698 1529 faceret,
1716 1497 1815 1524 Auam-
1828 1500 1846 1524 1³
1849 1499 1925 1525 estus.
1963 1500 2010 1526 Sed
2030 1501 2178 1536 etymologia

43 1543 80 1560 iae
97 1541 154 1561 ante
168 1536 277 1561 Latonae
290 1541 395 1570 partum
408 1535 506 1561 mobilis
512 1533 604 1570 fuiffe,
619 1537 728 1570 marique
741 1533 834 1567 innaffi
855 1533 951 1561 credita
970 1532 1017 1566 cst,
1038 1537 1065 1559 in
1118 1543 1175 1563 non,
1199 1536 1250 1560 atis
1268 1538 1372 1568 aperta,
1393 1531 1440 1566 nisi
1451 1532 1526 1568 forte
1541 1532 1628 1559 Sabini
1640 1533 1727 1558 Solem
1742 1533 1800 1559 κατ’
1812 1533 1897 1568 ἕξοχὴν
1909 1543 2018 1561 aureum
2025 1536 2051 1571 s.
2067 1536 2176 1563 auseurn

44 1578 166 1605 gam-373·
192 1570 286 1596 Sibilat
293 1579 355 1597 aura
364 1571 546 1602 Lucan.2‚698.
581 1571 693 1605 Aequor
699 1569 905 1604 stringituraura
914 1570 994 1596 Ouid.
1002 1571 1107 1604 Met.40
1119 1569 1219 1601 dixere,
1240 1575 1269 1596 vt
1280 1568 1356 1602 Virg.
1371 1568 1470 1603 Georg.
1486 1577 1506 1600 1,
1520 1576 1576 1598 232.
1611 1568 1737 1595 Caeterum
1758 1568 1787 1595 de
1806 1577 1878 1606 gente
1892 1571 1947 1607 ipfiz
1960 1572 2070 1598 A11rel1a
2083 1572 2125 1598 hic
2139 1571 2178 1598 di-

42 1606 106 1639 ,ι36.
263 1604 283 1642 ‘ff
305 1615 322 1638 4
336 1606 592 1632 Aaranotatz'nillis:
627 1606 703 1640 Virg.
713 1607 776 1632 Aen.
786 1615 806 1638 1,
815 1613 845 1639 »39
866 1605 1068 1640 Qiippeferant
1118 1614 1172 1632 cere
1183 1605 1251 1632 nihil
1267 1607 1368 1631 attinet.
1623 1637 1633 1644 υ
1684 1621 1686 1624 >

0 1639 199 1676 n·=<pidisec111n
207 1661 215 1674 ,
232 1647 392 1676 verrantque
404 1650 452 1675 per
465 1650 551 1667 auras.
623 1641 705 1668 Ouid.
720 1642 785 1668 Met.
803 1651 841 1675 10,
857 1649 914 1676 177,
937 1641 965 1667 de
980 1641 1066 1677 Disco,
1156 1648 1177 1667 A
1188 1648 1208 1667 ν
1217 1648 1235 1667 R
1246 1647 1279 1667 ic
1289 1647 1310 1666 H
1320 1647 1341 1667 A
1351 1647 1367 1666 L
1376 1646 1393 1666 C
1403 1646 1425 1665 V
1434 1645 1460 1665 M
1469 1659 1478 1671 ,
1497 1636 1593 1666 rebilus
1613 1647 1633 1667 O
1641 1646 1659 1666 R
1671 1638 1702 1667 fc
1712 1647 1731 1667 H
1742 1648 1763 1667 A
1774 1647 1790 1666 L
1800 1647 1817 1668 C
1829 1649 1849 1668 ν
1861 1647 1886 1668 Μ
1896 1661 1903 1674 ,
1923 1641 2109 1678 [ὄρείχαλκος]
2147 1643 2177 1670 ab

0 1685 21 1711 ,u
38 1685 106 1703 'uem
119 1676 192 1712 prius
210 1677 295 1703 a'e‘rias
308 1676 436 1703 libratum
450 1676 571 1703 Phoebus
592 1676 621 1703 in
638 1686 714 1704 auras
736 1677 814 1704 misit.
870 1678 962 1703 Aerias
984 1683 1066 1712 nempe
1118 1680 1233 1712 antiquis
1247 1678 1426 1715 Grammaticis
1433 1681 1483 1710 pro
1497 1684 1554 1701 voce
1567 1675 1675 1710 hybrida
1689 1676 1808 1710 habetur,
1828 1677 1895 1713 quafi
1903 1679 2056 1711 exAurum,
2075 1687 2099 1706 ct
2105 1683 2176 1713 χαλ-

38 1715 60 1738 'c
80 1711 164 1744 dixit,
186 1719 214 1738 vt
227 1713 316 1748 saepe,
333 1713 408 1738 altas.
479 1712 607 1739 Aetheria
620 1722 684 1740 aura
697 1714 829 1745 vescitur,
852 1715 872 1740 i.
886 1716 955 1739 uiuit
969 1713 1066 1747 Virgil.
1119 1711 1175 1744 κδς,
1195 1722 1250 1743 aes,
1269 1711 1302 1745 fit
1315 1713 1454 1747 composita.
1492 1711 1595 1744 Festus,
1622 1712 1812 1740 Aurichalcum
1826 1713 1869 1740 vel
1883 1714 2048 1741 orichalcum
2067 1715 2177 1750 quidam

43 1756 82 1774 en.
99 1757 123 1777 ι,
137 1750 195 1781 546.
235 1751 265 1774 it.
280 1757 309 1780 3,
331 1756 384 1779 339.
433 1748 474 1775 Sic
494 1748 600 1774 Luci-et.
620 1756 646 1781 ς,
667 1754 710 1781 855
734 1749 810 1775 Vesci
833 1749 962 1776 vitalibus
983 1749 1062 1775 auris.
1074 1760 1106 1785 45
1119 1755 1212 1783 putant
1237 1747 1413 1782 compositum
1432 1755 1464 1772 ex
1490 1755 1551 1773 aere
1573 1753 1600 1773 et
1617 1756 1702 1774 auro:
1737 1748 1791 1774 fiue
1804 1749 1876 1784 quod
1890 1751 2009 1777 colorem
2024 1751 2118 1777 habeat
2133 1760 2178 1777 au-

40 1793 74 1810 n.
88 1784 168 1810 Herc.
179 1784 239 1810 Fur.
254 1786 299 1815 652
320 1784 371 1810 Vix
385 1782 468 1809 adhuc
482 1784 518 1810 est
530 1790 601 1810 certa
614 1784 677 1811 fides
691 1785 786 1811 Vitalis
799 1794 886 1812 aurae.
958 1785 1064 1812 Celeres
1118 1793 1203 1811 reum.
1274 1783 1333 1810 uid.
1345 1783 1422 1817 Orig.
1438 1784 1476 1815 16,
1492 1791 1519 1815 19
1539 1783 1727 1809 Aurichalcum
1745 1783 1861 1816 dictum,
1881 1785 1954 1819 quod
1969 1792 1995 1812 et
2009 1786 2176 1820 splendorem

32 1819 116 1854 irgil.
130 1820 194 1845 Aen.
211 1828 246 1851 4,
265 1821 324 1846 226.
350 1821 368 1845 i.
384 1819 467 1855 facile
486 1819 604 1846 cedentes.
676 1822 839 1848 Communes
860 1821 941 1848 Ouid.
960 1822 1024 1848 Met.
1038 1829 1065 1855 7,
1122 1821 1181 1847 auri
1195 1826 1221 1845 et
1235 1819 1363 1845 duritiem
1377 1818 1445 1844 aeris
1459 1817 1591 1857 possideat.
1664 1818 1752 1845 Eadem
1765 1819 1837 1846 Seru.
1851 1819 1884 1846 ad
1898 1822 1964 1846 Aen.
1978 1829 2017 1854 12,
2032 1827 2073 1857 87.
2122 1822 2176 1849 Ad.

146 1855 235 1881 Dulcis
244 1874 252 1886 ,
270 1855 386 1881 laudatur
400 1864 411 1880 e
424 1854 512 1881 Valer.
525 1856 625 1890 Argon.
638 1857 669 1888 6,
683 1864 743 1891 473.
779 1857 828 1885 Sed
844 1856 912 1884 reste
926 1858 1063 1883 Burmann.
1119 1855 1159 1881 dit
1173 1854 1286 1881 Isidorus
1295 1873 1304 1887 ,
1325 1854 1368 1880 Fit
1380 1861 1411 1879 ex
1426 1861 1487 1879 aere
1498 1873 1505 1884 ,
1526 1858 1551 1878 et
1567 1862 1628 1887 igne
1640 1853 1727 1879 multo
1740 1862 1768 1880 ac
1782 1855 2002 1883 medicaminibus
2021 1857 2177 1892 perducitur

47 1891 161 1926 uicisque
175 1890 323 1917 labantibus
338 1891 428 1917 Error.
501 1892 657 1923 Feruentes‚
677 1900 728 1926 qua
748 1901 824 1919 auras
837 1892 911 1918 velut
928 1902 942 1918 e
956 1893 1065 1918 fornace
1120 1890 1152 1916 ad
1166 1898 1276 1916 aureum
1291 1889 1419 1916 colorem.
1463 1889 1504 1915 Ab
1519 1897 1586 1914 auro
1599 1892 1683 1924 itaque
1696 1888 1791 1916 aiflum
1801 1892 1935 1926 putabant.
1988 1893 2178 1921 Aurichalcum

35 1932 36 1935 ’
50 1926 150 1953 ofunda
163 1927 217 1953 Ore
231 1925 313 1952 trahit
325 1926 406 1953 Ouid.
421 1927 486 1952 Met.
499 1935 526 1959 2,
540 1935 600 1960 229.
674 1927 762 1954 Foeda
783 1928 845 1954 Stat.
861 1927 953 1954 Theb.
969 1936 992 1959 3,
1007 1935 1065 1959 ςοο.
1080 1933 1111 1959 50
1120 1928 1193 1952 etiarn
1207 1925 1273 1961 apud
1284 1924 1406 1951 Plautum
1413 1923 1508 1964 fuisse,
1529 1931 1594 1950 certe
1613 1924 1734 1959 Syllabam
1749 1929 1860 1959 primam
1881 1929 1995 1963 longam,
2015 1933 2090 1955 metri
2108 1933 2178 1956 ratio

2 1963 12 1992 S
43 1961 150 1997 iquidae
167 1962 272 1988 Luci-et.
285 1970 308 1994 ς,
324 1970 378 1994 213.
433 1962 479 1987 Sil.
498 1971 539 1995 ι3,
579 1982 585 1988 .
622 1982 628 1988 .
700 1963 776 1989 Mota
791 1962 873 1990 Ouid.
888 1964 952 1989 Met.
969 1968 992 1995 8,
1007 1971 1065 1989 202.
1119 1961 1227 1988 indicat.
1266 1962 1297 1987 Et
1310 1968 1390 1987 tamen
1402 1959 1593 1986 Orichalchum
1603 1967 1739 1994 perpetuus
1754 1962 1903 1987 Graecorum
1916 1964 1988 1997 ujus,
1998 1971 2021 1989 et
2036 1964 2178 1998 Virgilius,

38 1997 158 2025 odim-na
170 1999 265 2025 Horat.
279 1998 362 2024 Serm.
377 2005 401 2029 α,
413 2006 442 2031 4,
458 2005 494 2030 52.
548 1997 637 2024 Valer.
651 1998 751 2033 Argon.
763 2004 787 2031 8,
801 2006 856 2033 247
877 1999 926 2025 Sed
941 2007 1028 2033 neque
1041 1999 1066 2024 se
1121 1997 1266 2029 Horatius,
1287 1997 1451 2029 Statiusque,
1472 2004 1533 2029 quos
1554 2004 1610 2034 mox
1632 1994 1804 2034 laudabimus,
1817 1996 1928 2031 firmant
1942 2008 1949 2022 .·
1987 2005 2039 2024 tum
2062 2001 2178 2034 etymolo.

38 2042 145 2068 ngues,
159 2039 215 2060 tum
228 2033 339 2061 candida
352 2033 459 2059 flamma
473 2042 519 2068 per
527 2042 604 2060 auras
614 2034 756 2069 Explicuit,
765 2035 793 2060 de
800 2034 938 2071 sacrificio.
984 2034 1066 2061 Silen-
1119 2036 1176 2069 giae
1198 2035 1265 2058 ratio
1290 2041 1306 2056 a
1327 2030 1403 2069 festo
1427 2031 1501 2067 etjam
1517 2029 1639 2063 prodzta,
1659 2029 1830 2069 Oritchalcum
1850 2032 1910 2058 sane
1924 2032 2040 2068 dicitur,
2061 2035 2134 2070 quod
2147 2036 2178 2062 in

38 2078 56 2095 .s
68 2070 165 2096 Lucan.
181 2078 190 2096 1
199 2089 208 2102 ,
224 2077 282 2104 579.
352 2068 479 2095 Sonantes
503 2078 578 2095 auras
599 2079 654 2096 cum
673 2070 721 2097 teli
739 2070 851 2097 stridore
870 2073 954 2106 iungit
968 2069 1065 2103 Virgil.
1123 2066 1269 2092 montuosis
1282 2065 1348 2104 locis
1361 2070 1509 2090 inuenitur.
1553 2065 1632 2091 Mons
1645 2070 1744 2092 etenim
1758 2067 1857 2094 Graece
1871 2066 1921 2104 ’ἄρος
1933 2070 2087 2104 appellatur.
2145 2073 2178 2099 Et

41 2113 83 2131 en.
99 2113 132 2138 11,
145 2106 200 2137 863.
270 2105 367 2131 Suaues
380 2104 486 2131 Lucret.
498 2114 522 2137 3,
533 2114 590 2137 223.
664 2107 768 2132 Vacuae
786 2105 867 2132 Ouid.
883 2114 897 2130 e
912 2107 986 2130 Pont.
1002 2111 1024 2135 3,
1039 2111 1062 2134 3,
1078 2111 1107 2137 ς,-
1119 2107 1204 2127 notum
1223 2098 1256 2134 est'
1282 2108 1350 2127 aeris
1375 2107 1398 2126 et
1420 2099 1592 2127 metallorum
1615 2104 1720 2127 omnium
1741 2105 1908 2131 inuentionem
1920 2106 2044 2133 incendiis
2051 2107 2179 2143 fortuitis

127 2141 199 2175 Vaga
217 2139 290 2167 Idem
303 2141 368 2167 Met.
383 2145 396 2169 8
405 2159 413 2172 ‚
429 2148 484 2174 197.
556 2141 645 2165 Vanae
660 2140 797 2166 Claudian.
811 2139 844 2164 de
855 2140 930 2172 Rapt.
945 2138 1063 2172 Proserp.
1117 2139 1236 2162 montium
1247 2134 1390 2172 filuofhrum
1402 2135 1528 2172 adscribi,
1560 2146 1585 2162 v.
1598 2146 1623 2173 g.
1638 2147 1652 2163 a
1666 2137 1761 2164 Seneca
1776 2139 1822 2174 Ep.
1830 2148 1873 2173 90.
1910 2141 2016 2169 Lucret.
2030 2151 2052 2176 ς,
2062 2152 2122 2176 ¹230
2131 2151 2178 2171 etc.

51 2181 92 2209 98.
129 2176 177 2204 Sed
194 2177 247 2202 mel.
268 2177 352 2202 Vanas
370 2174 472 2201 tonitru
487 2173 637 2199 deludimus
654 2183 739 2200 aures.
776 2175 902 2200 Caeterum
922 2174 1020 2199 Lucan.
1034 2182 1063 2206 4,
1118 2173 1187 2198 Haec
1200 2172 1229 2198 de
1243 2181 1349 2199 nomine.
1390 2173 1440 2198 Res
1454 2172 1508 2208 ipſsa
1523 2175 1550 2198 in
1567 2172 1662 2208 duplici
1673 2183 1769 2210 genere.
1968 2175 1989 2216 ff
2010 2187 2026 2205 2
2047 2180 2110 2206 Fuit
2124 2181 2177 2206 Au.

33 2213 69 2237 ·1.6
93 2211 202 2245 Serpens
221 2211 305 2236 Vanas
323 2210 353 2235 in
371 2217 446 2234 auras
466 2208 561 2240 effusa,
581 2210 598 2234 ι’.
613 2207 720 2244 frustra
737 2207 831 2244 afflant
848 2218 966 2236 venenum
979 2209 1061 2245 suum.
1119 2208 1266 2235 richalcum
1289 2209 1341 2242 (vt
1361 2207 1449 2235 Seruii
1465 2215 1556 2234 iterum
1575 2209 1659 2235 verbis
1680 2211 1802 2245 utamur)
1822 2211 1892 2246 apud
1905 2213 2020 2241 maiores
2036 2215 2178 2249 pretiosius

42 2245 128 2279 italis,
169 2244 293 2272 Aetheria
335 2250 360 2269 et
397 2253 422 2269 n.
458 2251 469 2258 -
513 2243 637 2278 Carpere.
856 2243 877 2282 ff
916 2253 929 2278 ς
974 2245 1064 2272 Verbo·
1118 2244 1232 2271 metallis
1246 2244 1382 2271 omnibus.
1417 2241 1579 2280 Reflesane,
1596 2254 1650 2271 cum
1664 2246 1731 2281 apud
1744 2248 1876 2274 Homerum
1888 2248 1997 2281 Hymno
2011 2259 2033 2283 ς,
2045 2260 2063 2283 9
2084 2252 2177 2278 Horae

33 2240 35 2250 l

16 2255 37 2321 l
61 2298 63 2303 ι
82 2280 209 2319 formulae
222 2290 230 2306 :
257 2279 338 2307 Ouid.
354 2278 386 2306 de
398 2260 469 2306 Med’.
483 2279 542 2306 Fac.
557 2288 589 2314 57
608 2281 681 2306 Haec
699 2280 740 2306 vti
751 2281 878 2308 Ventosas
894 2281 996 2308 suerint
1018 2281 1063 2307 sic-
1073 2287 1109 2312 60
1118 2281 1218 2307 Veneri
1231 2287 1330 2315 ponant
1345 2281 1367 2307 ἒν
1378 2283 1483 2316 τρητοῖσι
1496 2280 1602 2311 λάβωσιν
1611 2279 1720 2314 ''Arbela‘’
1731 2281 1868 2317 ὅριιχοέλκε
1881 2289 1979 2319 xquaero
1993 2297 2021 2311 τε
2040 2286 2178 2322 τιμήεντος,

15 2320 37 2351 ¹¹22·
47 2325 129 2353 ,sper
140 2325 226 2344 auras.
297 2315 428 2342 Attollere
441 2315 467 2341 se
481 2314 510 2341 in
523 2324 598 2342 auras
611 2315 709 2351 Virgil.
723 2317 789 2343 Aen.
802 2325 830 2350 4,
844 2319 900 2352 176.
972 2317 1062 2344 Valet.
1116 2316 1200 2348 verba,
1221 2316 1327 2343 inaures
1345 2324 1376 2342 ex
1390 2315 1526 2342 orichalco
1539 2321 1565 2341 et
1578 2325 1652 2342 auro.
1703 2317 1785 2343 Plaut.
1799 2318 1878 2344 Cure.
1895 2328 1921 2351 1,
1934 2328 1963 2352 3,
1976 2329 2010 2355 45
2029 2329 2078 2348 PH.
2099 2323 2174 2349 Auro

69 2359 84 2382 ᾗ
111 2361 140 2387 4,
155 2361 180 2379 21
206 2351 303 2381 Vacuis
322 2350 436 2378 Auditae
461 2350 598 2378 montibus
617 2360 711 2386 aurae,
737 2355 756 2379 i.
776 2362 831 2380 cum
851 2351 953 2388 destillet
970 2355 1063 2380 clamor
1117 2358 1209 2378 contra
1222 2352 1287 2379 cedo
1300 2351 1449 2379 modestum
1462 2357 1609 2377 amatorem
1625 2362 1631 2377 :
1667 2360 1682 2378 a
1696 2361 1739 2378 me
1753 2362 1847 2380 aurum
1859 2355 1957 2390 accipe.
2018 2365 2067 2384 ΡΑ.
2099 2358 2175 2385 Cedo

140 2409 149 2421 ,
169 2387 286 2415 exaudiri
304 2391 394 2415 iterum
412 2396 486 2414 mirae
496 2387 629 2423 spirantes
641 2394 753 2424 potuere.
825 2389 938 2424 Captare
954 2388 1063 2416 naribus
1118 2387 1187 2414 mihi
1202 2393 1294 2414 contra
1306 2386 1474 2427 aurichalc0‚
1495 2387 1560 2427 quoi
1575 2396 1624 2422 ego
1639 2388 1700 2414 sano
1713 2389 1839 2417 seruiam.
1876 2392 1908 2417 Et
1919 2392 1980 2420 Mil.
1994 2401 2018 2426 3,
2030 2402 2051 2427 ι,
2066 2396 2103 2428 64
2124 2395 2175 2421 Ce-

57 2431 75 2448 η·
84 2420 96 2459 J
111 2433 158 2452 ,ει-ι,
172 2424 201 2450 in
214 2423 325 2458 Hippoi,
337 2432 382 2457 40.
401 2423 430 2449 de
443 2424 546 2450 canibus
558 2427 692 2451 venaticis.
748 2424 847 2459 Virgil.
861 2426 959 2459 Georg.
973 2434 997 2457 1,
1013 2427 1063 2460 376
1119 2424 1153 2449 do
1169 2424 1233 2450 treis
1248 2422 1317 2449 mihi
1330 2422 1452 2449 hommes
1465 2422 1618 2449 aurichalco
1630 2430 1721 2451 contra
1735 2435 1795 2452 cum
1809 2426 1865 2453 istis
1877 2428 2008 2455 moribus.
2062 2432 2174 2466 Denique

9 2475 11 2478 ·
44 2451 114 2488 *3³12
125 2460 228 2488 eaelum
239 2459 380 2494 suspiciens
393 2459 490 2494 patulis
508 2460 624 2494 captauit
642 2459 750 2487 naribus
769 2469 853 2487 auras.
909 2460 983 2486 Idem
996 2461 1062 2487 Aen.
1074 2461 1105 2493 6,-
1118 2459 1209 2485 Pseud.
1225 2468 1247 2492 3,
1262 2467 1288 2492 2,
1303 2467 1336 2486 22
1356 2458 1517 2485 Aurichalco
1537 2465 1627 2486 contra
1648 2469 1739 2487 carum
1759 2470 1814 2488 non
1826 2463 1880 2489 fuit
1892 2472 1981 2495 meum
1995 2466 2174 2493 mendacium.

19 2495 23 2502 ’
47 2497 96 2531 ’3891
120 2495 200 2524 Haud
221 2495 301 2522 credo
321 2495 422 2522 inuisus
441 2495 593 2523 caelestibus
600 2516 609 2529 ,
629 2505 705 2523 auras
742 2497 842 2523 Vitales
862 2496 963 2530 Carpis.
1016 2496 1065 2521 Vbi
1117 2495 1192 2530 Virg.
1209 2495 1273 2521 Aen.
1290 2504 1327 2526 12,
1342 2500 1375 2529 87
1395 2496 1451 2530 Ipse
1465 2494 1560 2521 dehine
1573 2504 1640 2522 auro
1655 2497 1816 2531 squalentem
1829 2498 1946 2535 alboque
1958 2501 2096 2528 orichalco
2114 2502 2173 2529 Cir-

70 2532 137 2565 ·ius,
155 2533 238 2559 Aurae
250 2532 344 2559 vitales
362 2531 462 2566 carpis,
487 2531 591 2566 Qubus
604 2532 730 2559 viuimus.
768 2531 838 2558 nihil
853 2532 890 2558 est
903 2533 976 2558 enim
988 2531 1062 2558 aliud
1117 2530 1224 2558 cumdat
1235 2531 1347 2557 loricam
1359 2530 1487 2558 humeris.
1525 2531 1623 2558 Album
1636 2531 1737 2559 dieium
1748 2541 1825 2569 putat
1832 2535 1956 2569 Seruius,
1972 2538 2174 2572 comparatione

15 2570 31 2588 'v
43 2568 91 2601 ita,
109 2567 158 2595 nis1
175 2568 327 2603 reciprocus
347 2567 452 2602 spiritus
467 2578 474 2595 z
511 2568 580 2595 vnde
598 2568 716 2603 Iupiter,
742 2576 796 2602 quo
816 2567 934 2594 constant
953 2568 1063 2600 omnia,
1117 2567 1191 2599 auri,
1206 2567 1255 2603 fid
1266 2567 1407 2594 Bochartus
1421 2569 1524 2594 Hieroz.
1541 2570 1566 2600 6,
1583 2570 1611 2594 16
1624 2577 1648 2603 p.
1663 2573 1706 2601 883
1727 2571 1864 2604 contendit,
1877 2581 1906 2598 ex
1921 2573 2024 2599 Graecis
2044 2575 2174 2601 Gramma-

18 2619 27 2629 .
43 2610 128 2631 ocatur
145 2602 217 2635 Ζεῦς,
238 2603 287 2630 aino*
305 2603 348 2633 τῆς
367 2602 440 2637 ζωῆς,
458 2602 487 2629 id
504 2603 540 2630 est
558 2603 623 2631 vita.
694 2604 834 2631 Circinare
857 2612 932 2631 auras
956 2603 1061 2630 easdem
1117 2606 1178 2629 eicis
1201 2606 1276 2630 etiam
1290 2602 1382 2629 album
1401 2613 1486 2630 reuera
1506 2603 1671 2630 orichalcum
1684 2605 1811 2632 celebrari.
1883 2608 1945 2634 Stat.
1959 2608 2051 2636 Theb.
2066 2619 2104 2642 10,
2120 2612 2174 2636 660

21 2645 28 2654 ⁹
45 2639 100 2666 uid.
114 2639 179 2666 Met.
193 2646 227 2670 2,
251 2646 298 2672 72¹
334 2638 480 2664 Mercurius
500 2638 611 2672 dicitur,
627 2649 680 2666 cum
694 2642 722 2665 in
734 2639 814 2665 eodem
826 2641 877 2666 loco
891 2641 1062 2666 circumuolat.
1072 2646 1108 2676 70
1117 2639 1207 2674 Sparsa
1219 2638 1353 2666 orichalca
1365 2639 1504 2671 renident,
1524 2639 1552 2665 de
1563 2643 1644 2667 armis
1656 2642 1780 2668 Menoecei
1792 2652 1878 2669 cruore
1890 2644 2021 2680 adspersis.
2058 2646 2106 2673 Sea'
2112 2655 2171 2682 pre-

11 2705 14 2709 Δ
45 2675 50 2679 “
69 2674 116 2709 gil.
130 2674 228 2707 Georg.
243 2681 276 2705 2,
295 2681 348 2706 422
373 2673 499 2706 Seruius,
518 2674 597 2701 Ferre
614 2683 705 2707 auras,
730 2676 839 2711 proprie
860 2675 896 2702 est
916 2676 1066 2702 Assuescere‘
1114 2675 1203 2712 tiosum
1224 2674 1288 2702 illud
1304 2676 1426 2702 metallum
1440 2675 1570 2702 orichalci
1587 2683 1632 2703 aut
1651 2686 1770 2713 nusquam
1779 2678 1848 2714 fuit,
1855 2687 2031 2716 praeterquam
2044 2684 2070 2708 in
2086 2684 2174 2709 Poeta-

9 2726 13 2731 .
43 2710 88 2736 iris
99 2708 238 2740 varietati,
258 2717 325 2744 quae
337 2708 411 2735 obest
424 2708 502 2735 rebus
517 2711 614 2737 teneris
630 2711 751 2738 nimium.
826 2712 927 2746 Fugere
944 2711 972 2738 in
985 2721 1060 2739 auras
1113 2721 1168 2738 rum
1181 2713 1307 2748 ingeniis,
1325 2718 1370 2738 aut
1383 2714 1433 2738 iam
1448 2713 1564 2738 Platonis
1576 2710 1724 2745 Aristotelis
1741 2723 1769 2740 ue
1783 2722 1862 2741 aetate
1869 2716 2014 2751 perditum,
2035 2717 2091 2752 ctfi
2103 2718 2174 2754 suit,

43 2754 78 2771 n.
91 2744 222 2779 in-Agam.
237 2749 293 2778 834.
365 2745 482 2772 Haurire
498 2754 589 2779 auram
607 2755 773 2774 communem
788 2748 897 2781 Qun&
911 2750 927 2774 6
947 2749 1006 2774 Pro.
1023 2757 1060 2775 12.
1114 2749 1228 2774 mixtura
1244 2747 1362 2784 quaedam
1375 2749 1416 2774 vel
1428 2747 1485 2784 casii
1492 2746 1573 2783 sabla
1586 2750 1626 2775 vel
1639 2756 1693 2775 arte
1701 2723 1769 2785 siqu't.
1827 2752 1884 2777 Huc
1896 2756 1971 2778 etiam
1985 2753 2068 2789 refero
2089 2754 2171 2781 Plinii

42 2780 134 2815 tplere
146 2779 292 2808 vlulatibus
304 2789 379 2807 auras
392 2780 479 2808 Valer.
494 2781 591 2817 Argon.
607 2787 631 2815 8,
645 2791 698 2817 ¹43·
754 2784 852 2811 Lucan.
868 2786 885 2810 6
890 2792 954 2817 ,522
973 2783 1060 2811 Thes-
1114 2783 1190 2810 verba
1205 2792 1247 2817 34,
1262 2792 1278 2810 2
1298 2784 1329 2809 In
1344 2785 1433 2818 Cypro
1446 2783 1532 2818 prima
1548 2784 1602 2810 fuit
1615 2785 1683 2811 aeris
1697 2786 1837 2820 inuentio,
1848 2797 1911 2814 mox
1924 2789 2013 2816 vilitas
2020 2790 2170 2824 praecipua,

45 2816 70 2843 la
104 2829 153 2839 —-
183 2825 238 2842 non
250 2816 369 2843 letiferas
382 2816 505 2852 spirando
520 2818 635 2846 Perdidit
654 2827 745 2853 auras,
763 2823 782 2846 i.
796 2819 901 2856 infecit,
918 2818 1061 2856 pestilentes
1071 2829 1103 2857 7,-
1115 2826 1223 2854 reperto
1244 2820 1274 2846 in
1295 2819 1356 2846 aliis
1374 2820 1452 2846 terris
1467 2819 1673 2854 praestantiore,
1693 2822 1808 2849 maxime
1822 2824 1991 2857 aurichalco,
2012 2825 2084 2859 quod
2098 2834 2172 2860 prae-

46 2851 138 2879 ddidit.
207 2851 405 2879 Praeteruolare
422 2861 499 2880 auras
517 2854 562 2881 Sil.
578 2864 616 2888 10,
652 2875 659 2881 .
696 2875 703 2881 .
739 2855 768 2883 de
787 2855 857 2890 hasta
875 2859 903 2882 in
923 2860 1003 2883 aerem
1022 2859 1061 2883 vi·
1115 2856 1220 2891 cipuam
1233 2855 1382 2883 bonitatem
1395 2855 1655 2892 admirationemque
1668 2856 1714 2884 diu
1727 2857 1854 2886 obtinuit.
1892 2861 1950 2887 Nee
1964 2861 2098 2895 reperitur
2112 2861 2170 2888 lon-

25 2893 31 2922 ς
47 2894 99 2915 ata.
171 2887 307 2915 Reducere
320 2887 429 2916 naribus
441 2898 517 2917 auras
530 2891 634 2918 Lucret.
648 2899 676 2925 4,
690 2900 751 2925 990.
773 2892 801 2918 de
814 2892 925 2918 canibus.
989 2892 1060 2919 Scin.
1114 2901 1149 2927 go
1164 2892 1218 2919 iam
1230 2898 1351 2927 tempore
1360 2910 1370 2924 ,η
1386 2892 1461 2919 effeta
1476 2892 1580 2919 tellure.
1637 2892 1675 2920 Id.
1690 2902 1731 2928 37,
1744 2903 1763 2927 ,9
1776 2895 1794 2921 s.
1808 2904 1841 2930 42
1861 2895 1891 2922 dc
1903 2896 2079 2932 Chosolithis.
2100 2898 2170 2927 Fun-

44 2937 54 2947 κ
72 2936 76 2938 ·
99 2923 145 2951 Sil.
166 2932 205 2956 13,
240 2943 249 2950 .
284 2944 291 2950 .
363 2924 514 2953 Terebrata
534 2935 598 2954 aura
615 2927 717 2963 prosilit
735 2929 836 2963 sanguis
856 2927 938 2955 Ouid.
953 2929 1017 2955 Met.
1033 2931 1060 2961 6,
1114 2928 1146 2955 da
1161 2928 1334 2955 includuntur
1348 2929 1509 2964 perspicuae.
1546 2929 1664 2956 Caeteris
1678 2930 1818 2957 subiicitur
1830 2931 2019 2965 aurichalcum,
2033 2933 2169 2967 quondam

43 2969 79 2986 0.
132 2959 258 2987 Trahere
271 2960 329 2987 Scn.
343 2959 372 2987 in
384 2962 463 2988 Herc.
477 2962 530 2989 fur.
544 2972 612 2997 1142.
649 2964 717 2992 Add.
732 2965 872 2991 Feruentes
885 2972 940 2997 ιι.3.
984 2965 1060 2992 Vesci
1114 2965 1196 2991 etiam
1228 2970 1254 2991 et
1286 2973 1334 3000 per
1366 2965 1392 2991 se
1424 2973 1591 3000 gemmarum
1614 2965 1643 2992 in
1664 2966 1721 2993 vsu.
1759 2967 1799 2993 Sic
1818 2974 1882 2993 certe
1895 2969 1945 3004 legi
1959 2969 2015 2994 vult
2028 2969 2168 3002 Salmasius.

44 3004 82 3022 ra
95 2994 231 3028 aetherea,
250 2996 304 3023 vid,
319 3005 346 3023 ῃ,
359 3005 378 3030 4
395 2997 533 3025 Aetherea,
589 2999 671 3026 Ouid.
680 3001 745 3028 Met,
755 3008 782 3035 7,
791 3005 837 3034 548
874 3015 926 3020 —
963 3001 1059 3028 vitian-
1071 3012 1103 3038 80
1114 2998 1134 3038 ⁴]
1155 3009 1168 3033 3
1190 3000 1238 3029 Sed
1250 2999 1422 3027 Orichalcum
1435 3003 1510 3027 etiam
1522 3001 1642 3028 dixerunt
1655 3004 1758 3039 vulgare
1772 3002 1836 3029 illud
1857 3004 1992 3035 metallum,
2013 3004 2078 3039 qaod
2096 3005 2170 3031 hodie

39 3057 41 3063 ,
85 3029 214 3065 odoribus
236 3041 331 3064 aurae,
355 3035 376 3060 i.
394 3034 492 3061 Foetore
505 3044 534 3061 ex
553 3035 721 3063 cadaueribus.
959 3039 976 3063 6
1003 3038 1061 3073 Huc
1114 3046 1206 3073 quoque
1228 3040 1256 3062 in
1279 3037 1324 3073 vsu
1341 3036 1477 3073 frequenti
1495 3034 1545 3069 est,
1566 3037 1594 3063 de
1607 3047 1652 3073 quo
1667 3038 1771 3070 Festus,
1791 3038 1906 3065 Cadmea
1919 3046 1989 3066 terra
2002 3040 2112 3074 quaein
2124 3049 2169 3068 aes
2198 3038 2200 3041 ’

50 3067 152 3107 ⁸em'mus
167 3066 346 3103 obseruationes
362 3070 479 3106 reliquas.
533 3071 632 3098 Dubius
651 3070 685 3105 qs}
704 3071 791 3108 versus
811 3071 906 3106 Virgil.
940 3073 978 3099 cl.-
988 3082 1012 3107 1,
1027 3081 1059 3109 57
1114 3073 1277 3104 coniicitur,
1297 3078 1326 3099 vt
1341 3073 1387 3099 fiat
1400 3072 1573 3103 orichalcum.
1645 3076 1683 3101 De
1695 3075 1740 3101 hoc
1752 3074 1808 3101 Cic.
1824 3074 1876 3107 Offi
1894 3084 1917 3107 3,
1930 3084 1965 3108 92.
1977 3084 1998 3101 c.
2012 3084 2039 3108 23
2066 3076 2092 3102 Si
2107 3076 2169 3112 quis

48 3110 92 3142 inq
108 3101 162 3128 alta
178 3101 225 3129 sub
243 3111 310 3138 rupe
327 3109 402 3133 canet
415 3105 556 3133 frondator
575 3107 608 3134 ad
627 3117 712 3135 auras.
759 3107 865 3134 Seruius
879 3110 1061 3145 interpretatur
1114 3117 1210 3135 aurum
1230 3108 1347 3135 vendens
1366 3109 1531 3136 orichalcum
1551 3109 1577 3135 se
1590 3114 1664 3143 putet
1682 3110 1812 3143 vendere,
1829 3111 1962 3137 indicetne
1975 3111 2001 3137 ei
2015 3112 2059 3138 vir
2072 3111 2169 3146 bonus,

65 3137 119 3164 dle·
157 3139 298 3164 Putauerim
311 3138 454 3176 significari
471 3142 535 3170 illud
548 3150 658 3179 tempus,
677 3154 733 3171 cum
752 3141 842 3177 aestum
860 3149 978 3180 temperat
996 3146 1061 3172 lenis
1114 3153 1210 3172 aurum
1232 3144 1302 3171 illud
1324 3146 1386 3176 esse,
1401 3154 1434 3171 an
1459 3151 1529 3171 emat
1553 3145 1679 3178 denario,
1701 3146 1774 3181 quod
1797 3146 1827 3173 sit
1839 3147 1913 3172 mille
1928 3146 2086 3181 denarium,
2107 3158 2168 3185 quae

47 3172 232 3214 frigiditffcula
245 3183 323 3207 aura,
343 3183 388 3211 quo
400 3183 505 3213 tempore
518 3182 591 3206 etiam
607 3181 719 3216 impletae
728 3180 800 3216 fiicco
815 3178 939 3214 frondes,
958 3188 981 3208 et
987 3188 1060 3217 pam·
1073 3190 1102 3219 85
1131 3183 1192 3207 retii
1200 3188 1249 3217 pro
1268 3184 1332 3208 ortio
1346 3183 1396 3208 vile
1407 3181 1530 3208 metallum
1536 3181 1606 3217 fiztis
1619 3182 1725 3209 indicat.
1797 3182 1902 3209 Sueton.
1917 3183 2008 3210 Vitell.
2025 3186 2043 3210 6
2080 3185 2110 3211 In
2125 3194 2168 3212 vr-

33 3224 48 3244 .¹
68 3211 74 3217 “
88 3210 200 3251 jac-ilius
217 3208 385 3244 deiiciuntur,
403 3213 468 3248 quod
479 3214 644 3249 frondatoris
664 3214 706 3250 ‘st-
762 3215 905 3251 Singularis
917 3226 1022 3254 quoque,
1037 3224 1062 3244 et
1109 3188 1185 3244 {ano
1207 3187 1297 3244 offssio
1312 3217 1382 3244 dona
1395 3223 1475 3252 atque
1488 3223 1643 3244 ornamenta
1661 3218 1821 3254 templorum
1843 3219 1994 3253 surripuisse
2010 3228 2036 3246 et
2049 3229 2168 3247 commu-

16 3245 89 3288 d'tra
101 3243 279 3272 dubitationem
292 3243 327 3279 est
339 3246 405 3273 locus
424 3248 498 3283 Virg.
513 3252 576 3277 Aen.
590 3253 616 3282 6,
629 3261 683 3286 204
711 3251 836 3278 Discolor
849 3251 919 3279 vnde
936 3254 996 3281 auri
1011 3262 1058 3289 per
1114 3253 1174 3280 tasse
1198 3252 1327 3288 quaedam
1351 3252 1503 3285 ferebatur,
1523 3262 1626 3288 proque
1647 3263 1714 3280 auro
1734 3260 1759 3280 et
1781 3261 1889 3289 argento
1906 3255 2026 3282 stannum
2049 3262 2075 3283 et
2095 3257 2167 3283 auri-

37 3289 105 3309 ‚mos
117 3289 181 3308 aura
194 3280 307 3324 resullfit.
349 3282 397 3309 Vbi
409 3283 514 3311 Seruius
527 3296 533 3312 ε
552 3287 618 3314 Auri
631 3297 709 3320 aura,
730 3286 859 3322 Splendor
869 3289 936 3315 auri.
971 3289 1060 3316 Eodem
1113 3289 1233 3316 chalcum
1245 3289 1413 3324 supposuisse.
1466 3290 1562 3316 Horat.
1577 3291 1609 3316 A.
1622 3290 1648 3316 P.
1662 3298 1713 3316 202
1730 3289 1817 3316 Tibia
1832 3299 1886 3317 non
1900 3297 1929 3318 vt
1942 3301 2011 3319 nunc
2030 3292 2167 3319 orichalco

62 3329 81 3339 ιι
112 3321 172 3349 un't,
193 3326 234 3354 qm
249 3323 447 3358 mter-pntentur
459 3320 522 3347 illud
532 3322 625 3350 Horat.
638 3325 726 3351 Carm-
741 3332 765 3355 2,
779 3328 802 3355 8,
813 3331 848 3356 24
884 3326 929 3345 :—
964 3331 1009 3353 tua
1026 3335 1060 3353 ne
1112 3324 1203 3352 vineta
1214 3325 1267 3359 (al.
1283 3325 1389 3357 iuntSia)
1409 3324 1542 3359 tubaeque
1554 3325 1656 3352 aemula
1669 3333 1714 3352 etc.
1763 3325 1820 3352 Vid.
1839 3329 1937 3354 omnino
1955 3328 2096 3355 Bochartus
2113 3330 2130 3355 l.
2145 3338 2168 3355 c.

32 3364 37 3372 ι
68 3364 76 3383 j
122 3358 133 3380 t
168 3355 241 3380 Aura
258 3360 384 3387 maritos,
403 3357 422 3382 i.
438 3355 565 3391 Splendor.
601 3360 649 3387 Sed
660 3360 756 3386 odorem
766 3361 854 3394 potius
871 3359 980 3398 intelligi
992 3362 1058 3388 arbi·
1067 3375 1104 3399 90
1113 3364 1155 3399 qui
1173 3371 1184 3388 e
1202 3363 1305 3388 Graecis
1318 3364 1392 3388 etiam
1405 3362 1449 3388 hoc
1461 3368 1633 3398 argumentum
1649 3359 1794 3394 illustrauit.

54 3403 67 3418 ¹.
82 3388 202 3426 equidem.
235 3391 360 3421 Dixerat,
379 3390 426 3417 Te
439 3391 492 3419 suis
510 3399 606 3421 matres
620 3401 744 3422 metuunt
762 3395 891 3422 iuuencis.
928 3399 1058 3425 Animalia
1149 3405 1171 3425 A
1182 3404 1454 3430 VR1CHALCVS,
1479 3405 1508 3429 a,
1540 3406 1594 3423 um.
1623 3394 1745 3423 adiefiiue
1760 3396 1876 3432 positum.
1912 3399 2064 3426 Marcianus
2087 3400 2166 3425 ICtus

63 3439 79 3463 >,ι
105 3425 175 3467 trabi
192 3427 221 3466 {n
238 3425 367 3466 Venerem,
386 3433 470 3453 notum
493 3425 535 3461 eli.
569 3431 607 3457 De
623 3431 695 3458 odore
708 3432 809 3458 Auram
828 3431 896 3457 dixit
914 3432 1017 3461 Lueret.
1033 3443 1059 3467 2,
1113 3433 1131 3460 l.
1144 3443 1176 3467 45
1190 3433 1217 3460 ff.
1232 3432 1265 3460 de
1279 3432 1398 3460 contrah.
1422 3439 1485 3460 emt.
1517 3433 1544 3459 Si
1577 3442 1623 3459 vas
1645 3432 1824 3460 aurichalcum
1846 3443 1896 3469 pro
1920 3443 1986 3463 auro
2007 3434 2167 3462 vendidisset

18 3459 220 3501 ,sf.5’11nolent1s
241 3461 312 3488 oliui
331 3461 479 3497 Naturam,
506 3464 608 3493 nullam
630 3475 698 3502 quae
723 3467 810 3494 mittat
832 3466 939 3494 naribus
959 3477 1058 3497 auram.
1114 3470 1256 3505 ignorans,
1275 3475 1397 3500 tenetur,
1417 3475 1446 3495 vt
1459 3478 1573 3501 aurum,
1593 3467 1665 3504 quod
1679 3469 1817 3503 vendidit,
1836 3470 1956 3505 praestet.
2028 3470 2166 3497 Aurichal-

13 3518 22 3533 ,3
51 3519 69 3539 ’,ῃ
83 3510 94 3519 «ι
123 3495 210 3524 blando
223 3497 351 3538 aere-odat·
359 3505 526 3536 propagatur.
553 3499 639 3536 Affine
650 3501 685 3536 est
699 3503 739 3529 Ad
753 3512 800 3530 nos
814 3503 861 3529 vix
874 3503 959 3531 famae
971 3507 1058 3533 tenuis
1114 3515 1174 3533 cum
1189 3504 1223 3539 <⁹st
1237 3509 1264 3532 in
1277 3505 1336 3532 Cod.
1352 3506 1495 3532 Florentino
1508 3508 1590 3531 etiam.
1659 3504 1736 3540 Poffis
1750 3509 1824 3532 etiam
1837 3509 1875 3532 ita
1887 3509 1996 3542 accipere
2011 3506 2075 3533 Plin.
2090 3514 2121 3538 34
2130 3526 2138 3538 ‚
2152 3514 2165 3532 a

47 3520 110 3573 ἱέἿ-
119 3536 162 3560 tur
175 3541 238 3560 aura
251 3534 348 3569 virga.
363 3535 428 3562 Aen.
442 3543 469 3570 7,
483 3537 546 3570 646.
583 3537 623 3563 Ab
636 3547 700 3566 aura
719 3540 774 3566 vela
793 3539 930 3575 impellente
942 3538 1012 3568 dista
1024 3540 1057 3576 el}
1069 3551 1102 3578 93
1113 3542 1157 3569 vbi
1170 3542 1199 3568 de
1211 3550 1272 3568 aere
1286 3542 1411 3568 Mariano
1425 3542 1443 3568 s.
1457 3539 1631 3567 Cordubensi.
1692 3541 1752 3568 Hoc
1771 3550 1786 3568 a
1799 3542 1915 3569 Liuiano
1929 3542 2068 3569 Cadmiam
2083 3541 2166 3568 maxi-

18 3591 25 3595 .
46 3567 250 3621 waf'subl'iffi
274 3572 293 3596 i.
301 3570 400 3611 fauor,
416 3571 527 3607 plaufiis.
574 3573 631 3600 Cic.
643 3573 677 3600 de
690 3574 783 3609 Arusp.
797 3575 873 3610 Resp.
887 3584 920 3609 43
941 3576 1058 3613 Longius
1113 3587 1157 3605 me
1170 3577 1274 3610 sorbet,
1294 3584 1320 3604 et
1327 3577 1474 3604 aurichalci
1486 3576 1634 3602 bonitatem
1643 3575 1780 3604 imitatur:
1814 3579 1903 3616 ubique
1915 3577 1993 3605 intell.
2003 3578 2061 3604 Aes.

19 3636 21 3642 Ι
47 3614 125 3657 w„
136 3611 197 3646 ἲιιιε
209 3605 342 3646 populans
357 3615 420 3634 aura
433 3608 566 3642 prouexit.
604 3608 701 3644 Virgil.
714 3611 780 3637 Aen.
794 3612 820 3643 6,
835 3616 877 3644 815
912 3626 945 3633 -
978 3622 1058 3649 quem
1150 3621 1202 3641 Av
1211 3621 1229 3640 R
1240 3621 1303 3641 ico
1314 3621 1368 3640 MV
1377 3621 1407 3646 s,
1442 3611 1495 3639 vid.
1517 3619 1538 3638 A
1548 3618 1569 3638 ν
1579 3618 1627 3638 Rv
1640 3619 1676 3639 Μ.

96 3654 98 3659 v
121 3654 143 3679 f‹
160 3646 222 3668 ntur
233 3639 377 3669 rafiantior
390 3643 478 3670 Ancus
513 3644 592 3671 Nunc
611 3653 720 3680 quoque
741 3646 794 3673 iam
812 3647 928 3673 nimium
946 3649 1059 3683 gaudens
1148 3658 1171 3677 A
1180 3658 1201 3677 v
1209 3657 1229 3677 R
1237 3657 1245 3676 1
1254 3657 1271 3677 c
1279 3657 1300 3676 v
1309 3657 1324 3676 L
1334 3657 1356 3677 A
1364 3670 1372 3682 ,
1407 3656 1431 3675 A
1439 3656 1459 3675 v
1468 3655 1487 3674 R
1496 3655 1504 3674 1
1515 3654 1532 3674 c
1540 3655 1560 3674 v
1569 3654 1586 3674 ι,
1595 3655 1618 3675 A
1626 3654 1646 3674 R
1655 3655 1665 3675 1
1673 3655 1686 3675 s
1695 3668 1704 3681 ,
1738 3649 1792 3676 vid.
1814 3657 1836 3676 A
1846 3657 1867 3676 v
1878 3657 1897 3676 R
1907 3657 1917 3676 1
1925 3656 1948 3676 s.

20 3686 26 3697 ·-
50 3673 153 3737 pugn
177 3685 188 3704 ι
200 3676 287 3718 aur-is..
318 3679 414 3713 Auris,
437 3682 456 3706 i.
471 3680 635 3713 Fauoribus,
654 3683 694 3706 ait
708 3681 831 3714 Seruius,
851 3681 921 3709 vnde
937 3690 963 3711 et
977 3683 1058 3713 A'ura-
1151 3694 1173 3713 A
1187 3693 1208 3713 v
1222 3693 1242 3712 R
1258 3693 1268 3712 1
1284 3692 1300 3712 F
1313 3693 1330 3713 E
1344 3693 1379 3718 R,
1415 3691 1437 3711 A
1453 3691 1473 3711 v
1487 3690 1506 3710 R
1522 3690 1531 3709 1
1548 3689 1566 3710 F
1580 3690 1597 3710 E
1611 3691 1648 3717 x,
1685 3692 1707 3712 A
1721 3692 1742 3712 v
1757 3693 1776 3712 R
1792 3693 1802 3712 1
1817 3690 1992 3716 FODINA‚
2026 3688 2073 3710 θη·-
2109 3681 2164 3710 vid·

30 3726 34 3730 ›
48 3720 52 3728 ν
75 3743 82 3750 „
111 3714 214 3739 autores
226 3712 358 3741 dicuntur.
409 3715 507 3743 Lucan.
524 3726 544 3749 1,
561 3725 603 3750 132.
625 3717 717 3744 Totus
731 3717 904 3752 popularibus
917 3720 987 3747 auris
1005 3722 1162 3750 1n1-100AV
1172 3728 1222 3749 Rv
1231 3729 1264 3748 M.

16 3745 68 3785 ⁸.
106 3742 255 3788 fPhJUsuqu‘·
271 3749 312 3776 sni
329 3750 442 3791 gqu‘iel'e
455 3751 563 3780 theatri·
633 3753 722 3793 Aurae
742 3752 878 3788 popularis
897 3753 996 3789 homo,
1016 3761 1059 3793 qui
1149 3759 1293 3790 AVRTGA,
1303 3765 1341 3784 ae.
1350 3766 1371 3783 c.
1383 3754 1498 3795 [ἡνίοχος]
1507 3754 1615 3789 proprie
1622 3755 1730 3789 dieitur,
1739 3757 1790 3790 (vt
1797 3741 1836 3796 ait
1842 3754 1947 3782 Seruius
1955 3752 1987 3779 ad
1995 3753 2102 3786 Aenaz,
2110 3756 2166 3788 87.)

113 3785 200 3818 populo
214 3785 314 3824 placere
332 3786 392 3813 L1u.
405 3796 451 3821 4²,
464 3797 505 3821 30.
566 3790 601 3816 Vt
621 3788 753 3824 pleblcola
775 3795 900 3830 repente,
919 3792 1059 3829 omnisque
1115 3794 1163 3830 qui
1186 3803 1296 3821 currum
1313 3793 1391 3827 regit.
1427 3791 1528 3825 Auriga
1538 3810 1550 3831 ,·
1566 3791 1677 3826 Agisur,
1698 3793 1717 3827 (
1721 3794 1766 3832 leg.
1781 3793 1927 3826 ,Agitatom
1947 3788 2052 3829 ἧιιόχςς,
2065 3789 2167 3821 ἐλάτης,

48 3818 244 3854 ,traepopulans
255 3826 374 3862 captator
382 3824 514 3863 ‘euaderet
528 3834 578 3861 pro
591 3831 666 3852 truce
675 3825 807 3860 saeuoque
815 3824 972 3854 mseetatore
978 3827 1061 3863 plebis
1114 3832 1173 3857 Vct.
1188 3830 1268 3857 Glots.
1281 3828 1389 3857 Ἐλαίτης
1399 3827 1490 3859 ἵππων,
1509 3833 1626 3861 agitator
1644 3828 1683 3856 Id.
1702 3827 1784 3855 Ouid.
1800 3828 1862 3853 Met.
1876 3834 1902 3858 2,
1918 3832 1967 3859 327
1988 3825 2040 3851 Hic
2054 3824 2115 3851 situs
2129 3824 2167 3851 est

57 3858 168 3896 mbo-3&
197 3855 264 3882 Add-
279 3857 412 3891 anehl.
425 3868 459 3892 ¹1.
475 3867 496 3893 1,
509 3869 551 3896 45.
588 3862 630 3888 Sic
642 3862 714 3888 Aura
733 3861 814 3888 fallax
828 3862 922 3889 Horat.
937 3864 1024 3891 Carm.
1040 3873 1062 3899 1,
1114 3866 1232 3893 Phaeton
1246 3873 1338 3892 currus
1351 3863 1444 3898 auriga
1458 3863 1569 3902 paterni.
1639 3864 1733 3891 Claud.
1746 3863 1778 3890 de
1792 3861 1899 3904 Consul.
1913 3860 1987 3903 Mall.
2003 3859 2168 3894 Theod.187

50 3886 352 3972 ’Ὓῇ-ῧξέον,ιραεηη
365 3895 502 3925 mutabilis.
573 3896 622 3927 Sed
639 3896 720 3925 eadem
732 3896 917 3933 similitudine,
951 3899 1215 3941 Mollior105Desidis
1228 3901 1336 3936 aurigae
1348 3908 1403 3926 non
1416 3898 1490 3960 aA'dn
1502 3898 1617 3929 verbera
1628 3909 1728 3928 currus.
1758 3895 1881 3927 Striflius
1893 3905 1996 3934 magne
2002 3896 2168 3966 appellantgss

100 3949 107 3954 „
199 3945 207 3953 .
258 3946 264 3954 .
507 3944 511 3947 ι
1470 3943 1484 3962 a
1505 3943 1520 3962 a
1539 3944 1554 3962 a
