2474 4182
39 117 106 156 94¹
408 99 445 140 C
525 97 588 140 L.
648 95 691 135 A*
1528 99 1562 139 C
1645 102 1681 142 L
1764 104 1802 143 A
2113 131 2189 170 942

43 199 67 221 et
83 200 149 220 vxor
160 189 269 217 nimiam
282 189 323 216 illi
337 189 493 216 ciuilitatein
511 186 673 216 obiicerent,
692 188 718 209 et
733 184 807 218 saepe
822 183 954 216 dicerent,
971 184 1079 211 Mollio-
1142 184 1177 209 At
1190 183 1291 210 Acmon
1326 183 1457 211 Feruidus
1473 187 1595 222 ingenio,
1616 191 1679 218 'tum
1694 201 1760 219 vero
1773 199 1798 220 ct
1811 194 1929 222 cladibus
1942 199 2030 232 asper,
2063 212 2123 238 qm,
2133 214 2187 241 per,

14 244 15 252 κ
41 238 96 256 rem
110 222 159 254 libi
170 226 323 267 potestatem
338 232 363 252 et
377 219 628 256 contemtibiliorem
641 219 749 254 imperii
762 220 858 252 fecisti,
877 221 922 246 ille
933 220 1078 255 respondit,
1137 217 1218 253 ptffils
1231 226 1293 245 crat.
1455 223 1474 259 ‘j
1498 232 1519 262 2,-
1539 227 1680 263 ν[ιμιέιιταῑ
1719 229 1817 263 Aspera
1833 230 1915 257 clades
1937 234 1993 259 Scn.
2009 237 2115 271 Hippol,
2129 251 2187 273 99*-

42 264 87 290 ged
107 263 252 289 fimmorem
277 269 301 288 ct
316 261 520 288 diuturniorem,
733 253 753 293 ff
774 265 790 282 2
827 258 908 291 Qfflm
925 266 981 282 uero
995 258 1078 292 uulgo,
1142 255 1361 296 Patere-zflrzff
1385 257 1465 283 Paene
1480 262 1644 297 critlabilcm
1658 265 1781 291 omnibus
1795 266 1894 293 cladem
1908 268 2009 295 intulit.
2080 261 2188 303 funt-st),

41 283 197 326 ciiiilitateiii
213 307 304 324 morum
320 303 422 328 uocant,
442 298 460 321 i.
475 292 607 320 venustam
620 291 741 327 quandam
755 299 778 317 ct
791 292 916 318 vrbanam
930 292 1076 318 liumanita-
1142 289 1201 315 Sen-
1226 289 1327 330 ΙΙΙ-γεῆ.
1345 298 1396 324 ι39.
1468 294 1523 319 Cic.
1539 295 1571 320 de
1584 298 1653 324 Clar.
1667 300 1742 326 Orat,
1757 310 1800 333 332
1827 302 1938 329 Cursum
1954 304 2056 339 ingenii
2071 310 2109 334 mi
2128 312 2189 337 pm]-

41 341 106 360 tcm:
125 337 176 359 eius
190 333 328 359 auam-stas
341 331 496 363 deliciet-atur.
694 325 714 363 Ἴ
732 336 745 360 3
764 328 931 354 Ciuilitatem
945 328 1078 362 appellauit
1099 333 1112 358 5
1141 331 1167 350 te
1188 332 1283 359 premit
1302 325 1365 366 haec
1389 329 1542 361 lmportuna
1564 332 1648 359 clades
1669 335 1793 362 ciuitatis.
1866 339 2015 367 Miseranda
2047 343 2103 369 Scn.
2117 346 2188 373 Med.

14 357 15 362 .
42 368 239 404 Qu'mftilianus
280 378 351 405 quam
362 361 454 393 'Graeci
478 362 617 395 πολιτικὴν,
643 366 763 389 rationem
775 367 890 389 ciuitatis
903 364 1077 389 alcinoo-ruriciis²
1142 369 1202 394 207.
1216 394 1223 402 Α
1260 363 1384 389 Perlucax
1411 365 1482 389 ldcm
1500 364 1565 404 ch.
1581 374 1617 400 17.
1690 371 1781 398 Claud.
1796 373 1823 398 in
1836 374 1944 409 Eutrop.
1960 385 1979 409 ι,
1994 385 2043 410 412
2064 380 2126 405 Ecce
2141 382 2188 406 lte-

40 415 66 433 η.
85 405 166 431 ,ndac-
221 389 262 432 51¹2-
277 413 291 432 2
315 411 348 436 ις,
362 410 392 434 2,-
414 399 558 427 Ciuilitatis
577 399 720 432 particulae
740 398 907 425 simulacrum
924 398 1022 434 quidam
1036 407 1077 423 vo·
1142 404 1203 430 pens
1217 397 1404 438 isdemflades
1422 408 1435 425 a
1451 400 1570 440 partlblls
1583 402 1652 433 exit,
1678 405 1860 443 Tcrrorisquc
1881 411 1968 437 minus
1980 413 2023 438 sed
2044 414 2100 447 plus
2116 415 2189 442 liabi-

40 415 98 467 ΜΞ,
112 441 257 467 rhetoricen·
292 424 299 436 ³
329 438 394 465 lbid.
417 444 443 468 33
473 435 635 461 Rlietoriceu
654 434 762 469 quidam
781 435 898 461 eamdem
919 434 1075 460 ciuilitatem
1142 438 1200 472 tura
1215 433 1341 474 pudo—ris,
1359 435 1501 469 Eutropius
1518 437 1624 476 Consul.
1668 439 1748 467 Saeua
1765 444 1821 470 Seu.
1835 446 1912 472 Herc.
1927 447 1979 474 fur.
1993 451 2060 475 1166.
2097 451 2188 478 Subita

40 477 88 503 csl'e
100 463 295 502 iudicauerunt:
317 474 409 500 Cicero
423 470 546 497 scientiae
561 470 649 497 ciuilis
664 478 763 504 partem
778 477 861 497 vocat.
917 469 1015 496 Ciuilis
1031 478 1075 495 au-
1141 468 1223 494 Ouid.
1236 468 1321 507 Irist.
1337 477 1360 501 ς,
1372 479 1399 502 4,
1414 479 1448 510 33.
1486 471 1586 498 Tristis
1598 473 1663 499 Hor.
1673 476 1759 502 Camn.
1776 487 1796 510 3,
1810 488 1831 511 3,
1846 483 1887 507 62,
2084 495 2096 518 3
2129 488 2189 513 Ver*

15 505 18 532 ἶ
40 518 92 539 tem
107 512 212 538 scientia
227 511 296 537 idem
311 507 379 543 quod
392 507 517 541 sapientia
531 506 575 533 est.
649 507 679 532 Et
694 515 719 539 2,
736 514 774 541 17,
789 515 818 540 14
846 505 996 545 Aristotel-es
1029 519 1075 525 -—-
1094 511 1123 528 10
1141 503 1226 543 60)·ωᾲ
1234 505 1377 543 J01'm1‘lffl'1
1409 507 1469 532 Lm·
1484 515 1504 538 3,
1518 510 1551 533 26
1578 508 1650 534 Nam
1669 520 1752 544 quum
1766 513 1833 540 haud
1856 518 1948 549 procul
1968 519 2001 545 ab
2021 519 2094 548 holle
2107 523 2188 550 castra

15 536 18 562 ι’
39 557 92 574 nou
106 554 187 574 artem
202 547 284 573 stilum
291 542 441 571 rhetoricen
455 543 570 575 fatetur,
590 541 633 569 sed
647 543 670 568 ei
681 543 837 576 particulam
851 541 997 573 ciuilium,
1012 540 1075 567 sicut
1141 539 1281 582 posmsset,
1302 540 1374 566 nulla
1386 550 1482 582 magna
1492 542 1564 568 clade
1581 550 1683 578 accepta
1698 547 1786 574 castris
1801 550 1825 575 se
1841 554 1950 584 pauidus
1964 556 2077 583 tent-bat,
2119 559 2188 586 [tem

38 583 182 610 dialceticis
205 581 312 615 affignat-
1141 576 1215 601 Lurt.
1229 584 1257 608 4,
1273 583 1310 607 12,
1328 584 1362 608 15.
1434 578 1536 604 At'terre
1548 588 1669 613 magnam
1681 581 1780 609 cladem
1795 587 1894 619 populo
1915 590 1970 616 Cic,
1985 591 2016 617 de
2030 592 2092 619 Nat·
2107 594 2188 622 neor.

75 603 294 645 civii'trrrss.
315 614 382 640 Adu.
419 615 585 649 [πολιτικῶς]
611 614 687 640 Ciuili
699 617 804 640 ratione.
825 613 874 639 Vir
889 612 1006 639 ciuiliter
1019 620 1076 638 eru·
1141 619 1173 642 2,
1194 615 1206 640 8
1234 620 1255 636 c·
1273 619 1294 643 3·
1368 612 1533 639 Contrahere
1559 614 1660 641 cladem
1694 617 1753 643 Liu.
1774 627 1813 652 25,
1835 630 1869 653 ³9.
1943 626 2036 652 Claud,
2059 629 2091 655 de
2112 631 2187 664 Rapt.

10 659 13 668 ‘
39 653 107 680 ditus
124 653 317 688 Gcll.prooem.
337 653 356 676 i.
377 657 406 676 ut
419 650 490 685 poffit
504 653 631 675 ciuitatem
651 659 741 685 regere.
777 648 824 676 Sed
840 649 963 674 interdum
975 647 1076 688 Jigizifi-
1140 647 1258 681 Proserp.
1276 655 1304 689 33
1322 653 1370 681 197
1406 648 1481 674 Acies
1502 649 1604 678 vtinam
1621 652 1716 679 vesana
1735 654 1871 688 gigantum
1919 660 1994 688 Hanc
2016 663 2121 698 dederit
2137 667 2188 694 cla-

38 696 80 715 ται
99 698 127 715 ex
146 687 255 722 instituto
276 688 340 712 iuris
359 687 451 712 ciuilis.
489 686 628 712 labolenus
647 686 674 712 iu
693 686 709 711 l.
725 694 805 720 quum
827 684 950 710 haeredes
970 688 992 721 9.
1012 690 1076 710 item
1096 691 1121 717 15
1141 681 1210 709 dem.
1281 682 1326 709 Sil.
1350 685 1393 714 16,
1414 686 1471 718 671.

17 714 20 735 ἵ
35 733 137 760 quaero
150 725 181 750 D.
200 722 230 749 de
250 722 350 756 acquir.
370 722 464 756 poll'ess'.
503 722 529 748 Si
547 722 664 748 vinxeris
682 721 797 747 liberum
811 719 962 751 homiuem,
975 729 1035 745 eum
1050 725 1075 745 te
1295 718 1339 745 Ne
1352 719 1565 760 vero-fabricate
1579 730 1682 755 moras,
1702 724 1745 751 sed
1759 735 1864 753 currere
1879 729 1975 757 sortem

14 738 20 783 l
36 760 160 796 possidere
177 767 229 784 non
244 764 317 791 puto.
355 757 434 792 ond
455 766 537 792 quum
555 757 591 783 ita
610 758 634 783 se
646 756 755 787 habeat,
775 755 947 781 multominus
961 764 974 781 a
988 763 1013 781 te
1028 763 1075 789 per
1295 755 1370 781 Hanc
1383 754 1470 796 finite,
1483 755 1514 782 ad
1526 762 1646 782 veterum
1665 759 1781 798 Dclenda
1795 764 1940 797 opprobria
1954 768 2056 797 cladum

11 784 20 812 ν(
37 796 112 822 illum
125 803 164 821 res
176 794 233 820 eius
248 793 452 826 possidebuntur.
472 803 557 828 neque
571 793 641 820 enim
654 800 743 818 rerum
757 798 848 817 natura
862 791 972 824 recipit,
987 797 1016 817 vt
1029 799 1075 825 per
1295 791 1384 824 Quam
1405 791 1473 818 mihi
1493 792 1632 819 seruauere
1652 793 1704 833 dei.

14 836 15 839 ’
37 840 96 858 eum
108 829 209 864 aliquid
224 828 350 863 pollidere
365 829 502 864 ponimus,
522 837 601 863 quem
621 827 739 855 ciuiliter
756 827 784 852 in
802 836 860 853 mea
880 826 1004 860 potestate
1015 835 1074 866 *non
1138 823 1310 866 Hor-'Carne
1324 835 1346 858 3,
1361 828 1387 860 6,
1402 836 1430 868 ¹9.
1466 828 1524 854 Hoc
1539 828 1614 855 fonte
1629 828 1748 855 dermata
1761 831 1844 870 clades
1859 835 1888 860 In
1902 837 2013 870 patriam
2022 841 2190 878 populosque

35 865 127 893 habeo.
161 865 255 901 Rursus
271 865 452 898 11111en.s‘at.;‚
466 874 506 891 ιη
521 863 611 891 Solum
632 863 779 894 Post-imus,
795 868 823 888 vt
837 871 929 888 coenes
943 863 1073 895 ciuiliter,
1091 870 1128 888 20
1138 859 1235 886 blunt·
1308 862 1408 904 Claud..
1421 873 1449 890 m
1469 863 1537 904 Ruff.
1562 873 1585 896 2,
1605 873 1634 896 25
1671 865 1836 906 Laxauitque
1854 872 1924 897 viam
1944 873 2071 908 bellis,et
2090 886 2121 904 ne
2136 889 2188 914 qua

18 905 50 931 ci.
69 908 184 936 tanquam
197 904 260 927 εἰμι’»-
274 911 326 927 cum
339 901 451 931 cim‘bus,-
471 910 519 927 non
537 897 628 933 tihifit
635 901 712 934 panis
723 899 821 929 lautus,
840 905 863 923 et
875 900 978 923 cacteris
991 902 1074 924 conui-
1138 901 1257 922 maneret
1293 899 1422 925 Immunls
1436 908 1528 934 regio,
1553 899 1653 927 cladem
1672 900 1770 927 Diuisit
1783 911 1811 927 in
1825 904 1927 931 orbem.
2000 911 2103 939 Luc-ret.
2115 923 2137 947 ς,
2151 924 2188 949 49

32 939 74 964 vis
92 938 207 972 vulgaris
249 937 295 962 tibi
317 939 415 968 einum,
434 938 494 963 aliis
511 942 600 971 vappa.
672 934 756 968 Magis
779 933 821 967 pie
841 943 920 967 quam
946 934 1074 964 ciuiliter,
1139 931 1247 970 (QRMUe
1260 932 1399 966 superbifl,
1412 935 1551 975 spurcitia,
1572 945 1600 962 iic
1619 937 1781 970 petulantia,
1800 947 1910 972 quantas
1947 942 2070 973 Efficiunt
2085 949 2189 977 cladess

18 975 51 999 Αἰ.
70 979 98 999 vt
110 972 176 998 dccet
188 957 264 998 ciiccm
279 972 339 999 Liu.
355 978 391 1004 38,
406 975 445 1005 56.
501 972 566 998 Non
578 969 696 996 ciuiliter
711 975 827 999 tantum,
843 969 886 996 scd
900 969 978 995 ctiam
996 969 1073 995 fami-
1138 966 1219 992 Ouxd-
1234 968 1299 994 Met.
1319 976 1346 1003 7,
1366 973 1409 1002 561
1438 972 1521 1005 Inque
1536 972 1604 1006 ipsos
1620 973 1696 999 saeua
1713 974 1846 1000 medentes
1883 977 2006 1012 Erumpit
2021 981 2120 1016 clades,
2141 986 2189 1012 ob-

16 1027 17 1031 =
33 1008 135 1035 liariter
148 1008 204 1034 Sen.
218 1015 301 1034 contr.
316 1018 333 1041 4
349 1009 430 1043 praef.
483 1008 539 1034 Cic.
553 1006 603 1033 Off.
618 1015 635 1038 1,
649 1011 676 1038 38
706 1007 742 1032 Vt
761 1005 833 1031 enim
853 1014 935 1040 quum
954 1005 1073 1031 ciuiliter
1137 1002 1249 1037 suntque
1262 1004 1417 1033 auctoribus
1433 1013 1509 1033 artes.
1561 1008 1685 1041 Cladem,
1707 1008 1798 1041 Pestem
1809 1017 1832 1036 et
1842 1016 1959 1049 contagia
1972 1023 2053 1041 vocat.
2090 1019 2188 1047 Lucan,

20 1043 229 1075 icontendimus,
243 1044 321 1070 aliter
335 1044 351 1070 li
372 1043 407 1070 est
421 1043 559 1076 inimicus,
573 1042 651 1068 aliter
669 1041 686 1068 si
707 1042 880 1076 competitor:
914 1049 973 1066 cum
986 1040 1071 1066 altero
1086 1046 1118 1073 25
1137 1043 1160 1077 ξ’,
1182 1045 1230 1072 703
1249 1038 1278 1065 de
1293 1041 1418 1073 Fortuna,
1438 1042 1584 1077 Cladesque
1603 1045 1689 1070 omnis
1708 1045 1796 1079 exegit
1813 1046 1842 1073 in
1857 1056 1912 1074 vno
1931 1049 2000 1076 salua
2014 1051 2074 1085 die,
2090 1055 2189 1088 quibus

29 1086 163 1107 certamen
177 1080 287 1107 lionoris
302 1088 330 1106 ac
343 1079 478 1113 dignitatis
497 1078 546 1105 est:
566 1087 624 1104 cum
647 1077 730 1104 altero
749 1078 841 1112 capitis
854 1083 880 1103 et
895 1076 988 1102 famae.
1026 1076 1071 1102 Ci-
1136 1082 1268 1115 lmffltfflcss
1291 1082 1331 1102 tot
1345 1078 1476 1111 praestitit
1492 1087 1588 1106 “¹¹¹¹1052
1611 1087 1658 1115 pro
1677 1082 1751 1117 longa
1764 1082 1895 1117 filicitate
1912 1087 2058 1113 cumulatim
2078 1090 2191 1125 injortu·

31 1115 123 1143 viliter
163 1119 181 1141 i.
203 1115 296 1152 legibus
308 1117 421 1141 ciuitatis
432 1114 600 1150 conseruatis,
608 1112 661 1147 flue
675 1116 761 1140 armis.
818 1114 925 1139 Exercet
940 1120 1070 1138 memores
1136 1119 1204 1136 mum
1218 1109 1312 1153 fleam-
1361 1114 1462 1154 'Facere
1476 1114 1575 1141 cladem
1594 1116 1695 1142 Sallust.
1714 1119 1742 1142 in
1755 1118 1876 1152 Iugurth.
1894 1128 1934 1153 59.
1995 1123 2124 1157 Importat
2139 1127 2189 1152 cla-

30 1152 87 1186 plus
103 1136 182 1186 qiiam
197 1151 314 1178 ciuiliter
326 1151 376 1177 iras
385 1149 467 1177 Ouid.
483 1151 546 1176 Met.
562 1158 595 1180 12,
614 1154 664 1182 583.
683 1152 700 1176 ι’.
719 1150 893 1180 vehementius,
907 1157 977 1183 quam
992 1151 1071 1174 ciuem
1137 1145 1182 1171 des
1198 1145 1330 1174 discordia
1344 1149 1450 1183 ciuilis,
1470 1150 1523 1177 vid.
1547 1158 1589 1178 IM
1600 1158 1614 1177 Ρ
1625 1159 1644 1179 o
1654 1159 1672 1178 R
1682 1159 1703 1192 'r
1714 1159 1742 1180 O.
1799 1155 1947 1189 Importare
1960 1157 2060 1185 cladem
2074 1162 2189 1194 periculi

29 1187 118 1214 decuit.
155 1187 212 1214 Nec
227 1196 292 1213 vero
304 1186 350 1214 ille
363 1186 470 1213 ciuilius
483 1192 528 1212 etc.
549 1185 615 1213 Plin.
629 1194 720 1220 paneg.
733 1195 754 1212 c.
768 1193 808 1218 39.
858 1183 1016 1210 Ciuilissime
1030 1184 1071 1210 vi-
1136 1181 1242 1209 Lucret.
1258 1191 1280 1216 37
1295 1189 1349 1217 825.
1420 1186 1524 1213 Inferre
1538 1187 1637 1214 cladem
1665 1189 1725 1215 Liu.
1739 1197 1781 1222 29,
1794 1198 1815 1222 3.
1888 1192 1991 1220 Leuare
2021 1196 2103 1222 Ouid.
2121 1199 2189 1224 Met,

27 1223 67 1250 xit
81 1224 189 1259 Entsol‘·
203 1230 228 1258 7·
247 1230 267 1256 5·
772 1258 776 1262 ,
799 1258 802 1262 ,
819 1257 822 1261 ,
888 1255 893 1260 ,
1085 1228 1117 1252 30
1136 1226 1162 1258 23
1176 1223 1230 1247 ²3¹·
1302 1221 1424 1248 Metuel'e
1456 1222 1535 1263 Idem.
1544 1224 1609 1250 Met.
1629 1232 1650 1257 Ξ,
1665 1230 1717 1257 358·
1791 1226 1934 1255 Metuenda
1948 1230 2033 1257 clades
2052 1232 2145 1259 Claud.
2158 1234 2189 1260 in

66 1258 204 1291 clvsevs,
212 1267 234 1289 a,
243 1267 297 1284 um.
315 1257 375 1284 Adi.
396 1257 502 1291 [demis]
517 1255 740 1293 Iciemse‚-e‚quod
751 1256 843 1290 cuqlss.
863 1255 976 1289 C1c.pro
985 1255 1069 1295 Plane.
1137 1254 1245 1295 butrop:
1262 1262 1287 1287 2,
1304 1264 1364 1289 304.
1404 1293 1408 1298 .
1437 1259 1537 1285 Mmari
1557 1260 1655 1286 Lucan.
1669 1269 1691 1292 3,
1704 1262 1743 1293 36.
1816 1262 1873 1289 Sen.
1887 1265 1958 1291 Med.
1970 1274 2024 1301 207
2055 1269 2188 1302 Quamuis

29 1302 64 1329 72
83 1295 117 1321 At
129 1294 157 1321 id
170 1295 247 1321 etiam
260 1294 374 1327 gregarii
393 1294 492 1320 milites
506 1294 605 1319 faciunt
621 1292 715 1324 inuiti,
735 1296 764 1317 vt
783 1299 907 1317 coronam
924 1291 986 1317 dent
1005 1300 1070 1317 cnu-
1136 1298 1207 1315 emm
1223 1293 1271 1316 lint
1284 1291 1357 1318 clade
1372 1294 1519 1320 miseranda
1536 1295 1650 1322 Obruta.
1724 1296 1798 1324 Idem
1813 1298 1917 1326 Troad.
1931 1307 1982 1334 989
2013 1303 2092 1331 Nunc
2105 1305 2189 1338 vich,

31 1339 87 1357 cam
119 1337 144 1357 et
158 1330 182 1357 se
199 1329 230 1356 ab
247 1330 338 1364 aliquo
352 1330 467 1356 seruatos
481 1329 528 1355 effe
543 1329 682 1355 fateantur.
725 1327 790 1353 Plin.
809 1328 846 1358 16,
862 1336 880 1359 4
901 1327 928 1352 de
940 1327 1070 1353 arboribus
1135 1334 1204 1350 nunc
1220 1327 1337 1365 captiua,
1362 1337 1432 1354 nunc
1452 1329 1552 1356 cunetis
1574 1331 1644 1357 mihi
1663 1331 1769 1358 Obsessa
1792 1333 1887 1362 videor
1902 1336 2029 1365 cladibus.
2093 1341 2188 1368 Clades

30 1351 174 1401 glandiferi
195 1366 314 1400 generis,
342 1365 413 1392 Hinc
432 1365 530 1391 ciuicae
550 1372 681 1398 coronae,
702 1362 820 1389 militum
842 1362 948 1389 virtutis
970 1362 1070 1397 inligne
1135 1361 1265 1403 Oppressit
1277 1371 1367 1403 remp..
1376 1364 1434 1391 Sall.
1450 1366 1508 1392 Cat.
1529 1375 1569 1399 39,
1583 1376 1611 1400 4.
1683 1368 1765 1394 Ouid.
1779 1369 1845 1395 Met.
1859 1379 1885 1403 9,
1902 1375 1949 1406 176
1980 1374 2121 1408 Cladibus,
2143 1386 2188 1403 ex-

30 1401 208 1428 clarissimum:
244 1401 402 1435 iampridem
415 1409 479 1427 vero
500 1407 526 1427 et
545 1398 698 1425 clementiae
710 1399 918 1432 Imperatorum,
932 1398 1070 1433 postquam
1088 1409 1116 1435 35·
1135 1396 1245 1436 clamat,
1264 1397 1386 1425 Saturnia
1400 1401 1503 1434 pascere
1515 1402 1628 1435 nostriS,
1663 1403 1781 1435 Pastere,
1801 1411 1827 1430 et
1841 1404 1907 1432 hanc
1921 1408 2017 1441 pestem
2029 1411 2115 1444 spedta
2130 1421 2187 1439 cru.

28 1437 150 1464 ciuilium
162 1437 292 1464 bellorum
306 1437 418 1471 profano
430 1436 554 1464 meritum
569 1435 655 1469 coepit
669 1434 757 1461 videri
773 1434 859 1461 ciuem
873 1443 926 1461 non
940 1434 1070 1461 occidere.
1135 1431 1199 1458 debs
1213 1432 1246 1459 ab
1261 1433 1324 1460 alto.
1396 1437 1514 1470 Propert.
1530 1446 1552 1469 3,
1573 1447 1596 1470 3,
1614 1446 1630 1470 9
1663 1439 1763 1464 Crass'os
1784 1439 1921 1476 cladesque
1941 1444 2026 1471 Plate!
2046 1447 2080 1471 ad
2095 1450 2190 1474 masse,-

28 1473 130 1499 Cedunt
149 1474 183 1499 iis
204 1473 315 1499 murales
334 1471 512 1506 vallaresque,
525 1476 550 1497 et
562 1479 671 1503 aureae,
686 1479 845 1504 quamquam
866 1471 952 1504 pretio
968 1476 1068 1497 antece·
1133 1474 1163 1495 vt
1184 1468 1338 1504 ulciscantur
1358 1471 1450 1497 cladem
1474 1482 1489 1498 α
1508 1474 1614 1499 Parthis
1635 1481 1760 1509 acceptam
1774 1494 1783 1507 ,
1807 1484 1855 1511 qua
1871 1478 1970 1511 Craffils
1993 1486 2084 1516 quoque
2098 1486 2188 1517 periit.

26 1507 122 1534 dentes.
159 1509 262 1535 Cedunt
275 1514 300 1534 et
312 1507 453 1539 rostratae,
468 1507 590 1541 quamuis
604 1507 633 1533 in
647 1505 750 1532 duobus
762 1507 878 1532 maxime
892 1506 924 1532 ad
943 1506 994 1533 hoc
1008 1506 1069 1532 aeui
1134 1503 1254 1530 Reddere
1269 1505 1374 1546 cladem.
1389 1507 1450 1534 Liu.
1466 1507 1498 1534 de
1512 1508 1577 1535 Bell.
1593 1509 1656 1535 Pun.
1685 1529 1691 1536 .
1719 1530 1725 1536 .
1760 1511 1882 1545 Repetita
1889 1514 1973 1541 clades
1981 1516 2188 1546 Clauddessell.

25 1544 155 1576 celebres,
175 1545 213 1571 M.
228 1545 348 1570 Varrone
363 1551 377 1568 e
392 1543 510 1577 piraticis
528 1542 621 1574 bellis,
635 1542 711 1568 dante
726 1543 824 1576 Magno
837 1542 977 1576 Pompeio:
1002 1542 1068 1569 item
1134 1541 1192 1567 Get.
1208 1546 1266 1574 284.
1305 1577 1310 1582 ι
1341 1543 1415 1577 Vlrg.
1425 1544 1490 1584 Aen.
1505 1552 1543 1577 12,
1558 1547 1605 1577 556
1625 1546 1680 1572 Iret
1694 1552 1722 1572 vt
1736 1546 1768 1572 ad
1783 1556 1891 1582 muros,
1907 1550 2024 1587 vrbique
2037 1553 2188 1582 aduerteret

55 1599 61 1605 .
76 1579 206 1613 Aurippa,
220 1579 353 1606 tribuente
372 1579 483 1606 Caesare
497 1586 511 1603 e
529 1577 637 1608 Siculis,
653 1586 719 1612 quae
733 1583 759 1603 et
781 1579 833 1612 ipsa
853 1579 963 1612 piratica
983 1578 1067 1604 fuere.
1077 1585 1115 1610 40
1131 1585 1226 1611 agmen
1262 1577 1361 1610 Ocius,
1382 1584 1407 1605 et
1419 1579 1506 1606 subita
1520 1580 1661 1607 Turbaret
1679 1581 1751 1608 clade
1766 1583 1883 1612 Latinos.

48 1600 125 1647 edito(
132 1614 288 1646 rostratam)
302 1624 428 1641 coronam
441 1613 574 1648 Augustus
588 1613 728 1647 Agrippae.
773 1612 822 1639 Sed
836 1614 948 1640 ciuicam
961 1622 976 1639 a
989 1623 1067 1647 gene·
1168 1619 1185 1639 C
1195 1619 1210 1637 L
1219 1619 1241 1639 Α
1252 1619 1270 1639 D
1279 1620 1296 1639 E
1305 1620 1322 1641 C
1331 1621 1352 1641 v
1362 1622 1378 1641 L
1387 1622 1409 1642 A
1419 1636 1427 1649 ,
1455 1625 1493 1643 ae.
1521 1616 1540 1643 f.
1579 1617 1681 1643 Dimin.
1718 1618 1823 1645 Cathol.

37 1659 51 1677 e
64 1650 180 1677 humano
192 1651 291 1686 accepit
308 1651 371 1685 ipse.
392 1650 473 1684 (hinc
486 1658 554 1685 quem
569 1658 595 1675 ca
605 1658 695 1675 corona
705 1651 733 1674 in
746 1651 841 1678 numis,
855 1652 896 1674 cui
908 1649 1066 1684 inscriptum,
1142 1671 1148 1675 ,
1167 1653 1184 1673 C
1193 1655 1210 1674 L
1219 1655 1266 1675 ΑΕ
1276 1656 1295 1676 0
1306 1656 1329 1675 N
1339 1670 1348 1682 ,
1382 1652 1447 1678 Fons
1461 1655 1488 1678 in
1503 1653 1625 1689 Phrygia.
1668 1653 1735 1680 Plin.
1750 1663 1787 1687 31,
1802 1664 1815 1681 2
1829 1656 1847 1682 s.
1860 1658 1892 1683 16
1925 1658 2127 1694 Theophrastus
2140 1664 2190 1695 ait,

20 1659 68 1726 ἕης
104 1692 120 1713 c
130 1694 140 1713 1
149 1693 210 1713 V1s
247 1693 260 1712 s
271 1692 315 1712 ER
326 1692 345 1711 v
355 1693 377 1712 A
386 1693 407 1712 T
416 1693 434 1713 O
444 1689 476 1719 s)
511 1699 556 1704 ——
592 1684 685 1710 Ciuica
702 1683 784 1718 iligna
801 1685 890 1718 primo
913 1684 965 1710 fuit
974 1704 982 1717 ‚
998 1685 1065 1719 post-
1129 1683 1249 1716 Marsyae
1262 1685 1366 1712 fontem
1379 1687 1408 1713 in
1415 1687 1529 1722 Phrygia
1542 1688 1574 1714 ad
1583 1688 1757 1715 Celaenarum
1771 1691 1900 1725 oppidum
1913 1695 1972 1720 saxa
1985 1704 2100 1730 egerere.
2121 1697 2187 1724 Non

39 1730 54 1748 a
69 1722 152 1756 magis
165 1721 261 1756 placuit
280 1728 311 1747 ex
325 1721 411 1747 esculo
423 1721 484 1747 Ioui
503 1721 581 1746 sacra.
637 1719 828 1754 Variatumque
848 1726 873 1746 et
892 1729 951 1746 cum
964 1730 1064 1755 quercu
1131 1719 1223 1753 procul
1244 1720 1278 1746 ab
1296 1730 1330 1748 eo
1342 1721 1396 1748 duo
1420 1723 1478 1749 sunt
1491 1724 1594 1757 sontes,
1617 1724 1734 1757 Claeon,
1760 1733 1786 1752 et
1801 1728 1887 1754 Gelon
1904 1729 1940 1756 ab
1961 1731 2056 1758 effed‘tu
2072 1730 2190 1760 Graecoss

40 1756 76 1790 st,
96 1765 124 1784 ac
145 1755 203 1784 data
223 1756 323 1791 vbique
336 1765 402 1792 quae
420 1756 523 1787 fuerat,
548 1754 679 1783 custodito
702 1761 805 1781 tantum
831 1755 934 1782 honore
953 1756 1063 1791 glandis.
1078 1760 1112 1786 43
1131 1764 1192 1781 rum
1209 1756 1351 1783 nominum
1371 1757 1446 1785 dic‘li.
1490 1761 1583 1795 Nempe
1607 1759 1675 1795 πειραὶ
1692 1761 1726 1787 vi
1744 1762 1838 1789 κλαίειν
1857 1764 1901 1800 ’w'
1917 1767 2011 1801 γελᾷν,
2030 1777 2092 1804 quae
2111 1770 2188 1797 verba

50 1792 136 1819 dditae
149 1792 217 1827 leges
236 1792 322 1819 arc-“tae
357 1807 401 1812 --
438 1791 534 1818 Ciuem
554 1791 674 1825 seruare,
688 1790 792 1818 hostem
810 1792 945 1818 occidere:
981 1798 1064 1827 vtque
1130 1791 1194 1817 flere
1210 1798 1234 1817 ct
1246 1791 1334 1818 ridere
1341 1792 1499 1830 significant.

39 1837 82 1854 um
101 1827 204 1861 locum,
219 1828 248 1854 in
268 1836 321 1861 quo
335 1826 364 1853 fit
383 1826 488 1860 atstum,
502 1826 584 1853 hostis
596 1826 730 1853 obtineret
743 1836 776 1853 eo
794 1826 845 1853 die.
890 1829 935 1853 >Vt
948 1828 1065 1854 seruatus
1166 1833 1281 1854 CLAM.
1318 1830 1437 1864 [xp-lma,
1457 1830 1564 1866 λάθρα]
1601 1832 1713 1859 herdam
1732 1833 1900 1868 Aduerbium,
1919 1838 2046 1865 interdum
2060 1840 2189 1876 Praeposi-

34 1870 148 1890 ateatur:
165 1863 228 1890 alias
243 1864 317 1889 testes
332 1862 401 1890 nihil
413 1864 531 1897 prosunt.
568 1863 603 1888 Vt
624 1862 690 1888 ciuis
708 1863 792 1890 fuerit
810 1878 856 1882 —
874 1863 985 1898 Accepta
1004 1864 1066 1890 licet
1130 1864 1166 1888 tio
1185 1863 1336 1898 Accusatiuo
1360 1872 1383 1892 et
1399 1867 1518 1893 Ablatiuo
1537 1866 1605 1901 casui
1618 1867 1749 1902 struiens,
1774 1869 1907 1906 fignificat
1925 1874 2035 1901 Occulte.
2114 1877 2189 1903 υἱώ»,

39 1899 60 1926 ti
73 1904 208 1934 perpetuo.
243 1899 332 1926 Ludos
346 1899 449 1925 ineunti
463 1899 566 1932 semper
585 1898 680 1932 assurgi
693 1898 773 1926 etiam
786 1908 799 1925 a
816 1898 927 1932 Senatu,
946 1900 975 1926 in
989 1909 1065 1927 more
1130 1904 1173 1924 tur
1202 1907 1231 1924 ex
1253 1900 1345 1926 Graeco
1384 1902 1493 1935 κλέμμα
1524 1902 1665 1936 defi-endere
1690 1909 1714 1928 et
1732 1904 1827 1932 furtim
1840 1906 2004 1943 significare,
2031 1911 2085 1937 vid.
2106 1919 2188 1939 CLE.

37 1934 66 1962 st.
103 1935 215 1962 Sedendi
233 1935 274 1962 ius
293 1935 324 1962 in.
339 1935 464 1969 proximo
482 1933 598 1960 Senatui.
648 1934 757 1961 Vacatio
775 1944 917 1961 munerum
942 1936 1065 1963 onmium
1083 1946 1115 1973 ²50
1131 1940 1184 1960 Po.
1220 1934 1290 1961 Certe
1304 1945 1343 1961 ma
1362 1937 1443 1975 is'hoc
1452 1937 1597 1971 probabile,
1623 1947 1695 1974 quam
1710 1939 1773 1966 illud
1787 1941 1872 1972 Festi,
1909 1944 2002 1977 Clam,
2026 1955 2041 1972 a
2056 1947 2188 1975 Clauibus

32 1970 79 2005 psi,
91 1971 229 2006 patrique,
242 1978 269 1996 et
281 1979 332 1996 auo
347 1976 457 2004 paterno
469 1976 515 1996 etc.
552 1969 682 2003 Qnine'til.
698 1972 724 2003 6,
738 1979 761 2003 3,
775 1978 810 2005 79
837 1971 921 1997 Diuus
935 1972 1065 2006 Augustus
1131 1969 1250 2002 diff-lum,
1276 1979 1330 2003 quo
1369 1971 1428 2003 hlS,
1446 1981 1514 2006 quae
1532 1973 1618 1999 celare
1637 1974 1778 2008 volumus,
1815 1977 1970 2006 claudimus.
2034 1982 2140 2009 Seruius
2159 1984 2189 2011 in

35 2015 80 2033 um
94 2006 120 2032 ei
135 2006 208 2033 Galli
230 2012 352 2041 torquem
373 2002 420 2032 aur
438 2015 484 2031 um
502 2011 605 2031 centum
619 2005 708 2040 pondo
730 2006 868 2037 dedinent,
884 2013 909 2033 et
923 2007 1065 2034 Dolabella
1131 2004 1226 2044 Donat.
1241 2014 1266 2039 P·
1284 2011 1346 2044 {798
1384 2007 1484 2043 putsch.
1507 2008 1581 2035 Clam
1596 2010 1772 2044 praepositio,
1794 2021 1874 2047 quam
1890 2014 2010 2042 Donatus
2023 2017 2093 2045 inter
2108 2019 2188 2047 Abla-

100 2047 203 2068 tentans
217 2041 271 2068 loci
284 2048 409 2070 euentum
444 2041 542 2073 ixisset,
561 2041 725 2075 Imperator,
738 2048 835 2076 torque
851 2043 937 2077 (quod
948 2045 1013 2070 olias
1025 2046 1064 2068 in.
1129 2045 1198 2078 tiuas
1217 2041 1305 2080 posuit
1319 2061 1326 2071 ,
1344 2042 1411 2081 scire
1428 2043 1576 2083 debemus,
1591 2045 1664 2080 quod
1687 2047 1872 2075 indifferenter
1888 2060 1938 2085 pro
1959 2052 2075 2081 arbitrio
2098 2055 2188 2082 dicen·

34 2087 60 2105 er
71 2076 201 2113 facillima
214 2085 237 2103 ct
244 2080 330 2111 prima
344 2079 417 2103 Dona
432 2077 578 2110 militaria)
596 2086 638 2102 me
651 2077 733 2102 dona:
768 2077 841 2102 Malo
855 2083 895 2108 te,
910 2078 1014 2110 inquit,
1027 2077 1064 2102 ci·
1129 2080 1162 2100 ns
1177 2081 1204 2101 et
1218 2075 1346 2103 Ablatiuo
1358 2085 1481 2114 iungitur
1493 2086 1518 2106 et
1534 2081 1701 2108 Accusatiuo.
1750 2084 1870 2112 Dicimus
1885 2087 1958 2114 enim
1975 2091 2038 2115 clam
2046 2097 2139 2125 patre,
2160 2097 2188 2119 et

32 2113 80 2139 vica
101 2112 215 2145 donare,
235 2111 384 2146 difficillima
404 2119 427 2138 et
443 2111 612 2147 gloriosissima
629 2114 742 2137 omnium.
799 2111 920 2137 Ciuicam
935 2121 1062 2139 coronam
1080 2119 1110 2146 5,-
1128 2111 1190 2136 clam
1199 2117 1323 2153 patrem.⁴
1381 2115 1465 2142 Plaut.
1480 2116 1577 2151 Amph.
1591 2117 1659 2152 prol.
1674 2127 1698 2144 ν.
1715 2127 1762 2153 107
1787 2121 1811 2146 Is
1825 2130 1914 2148 amare
1927 2125 2048 2159 occoepit
2063 2126 2188 2154 Alcume-

29 2148 101 2178 :iuis‚
115 2147 202 2173 salutis
220 2147 280 2174 suae
300 2149 388 2180 causa,
401 2148 516 2173 seruatus
537 2147 565 2172 in
584 2146 687 2180 praelio
705 2146 799 2180 dabat,
813 2156 880 2182 quae
895 2153 950 2174 erat
969 2148 1063 2183 iligna,
1128 2155 1190 2172 nam
1209 2147 1276 2174 clam
1297 2156 1397 2177 virum.
1433 2152 1475 2178 Sic
1489 2153 1566 2179 Gron.
1580 2154 1720 2180 Alsviro.
1742 2156 2012 2194 Frequentz-'ffimaflmt
2026 2161 2093 2196 apud
2106 2163 2187 2189 Comi-

30 2181 141 2209 'rondem
153 2181 251 2209 habens
264 2191 422 2217 perennem,
442 2183 511 2208 Haec
528 2181 624 2208 Festus.
680 2182 750 2209 Gell.
766 2190 788 2216 5,
804 2185 820 2209 6
848 2184 941 2210 Ciuica
961 2193 1060 2211 corona
1126 2191 1168 2209 cos
1181 2191 1224 2209 me
1238 2190 1262 2209 et
1279 2189 1305 2210 te
1317 2186 1351 2217 τῇ
1370 2186 1436 2212 clam
1455 2185 1560 2219 ι’κηῦἶα,
1587 2191 1614 2213 in
1630 2191 1717 2223 quibus
1735 2190 1844 2225 discerni
1856 2193 1927 2228 cofils
1946 2204 1994 2220 non
2002 2195 2092 2230 ptiust.
2114 2207 2138 2224 v.
2158 2207 2185 2234 g.

34 2212 176 2253 ppellatur,
188 2227 267 2254 quam
286 2218 352 2245 ciuis
369 2218 440 2252 ciui,
453 2227 467 2245 a
480 2226 534 2252 quo
552 2218 667 2245 seruatus
685 2218 722 2244 est
740 2218 771 2244 in
785 2219 904 2253 praelio,
917 2219 1008 2246 testem
1021 2221 1062 2247 vi·
1128 2217 1197 2244 Ter·
1212 2218 1295 2245 Andr.
1311 2228 1331 2252 1,
1344 2228 1367 2252 5,
1380 2229 1409 2253 52
1440 2222 1498 2248 Nec
1510 2223 1610 2259 claiiite
1626 2223 1672 2249 est.
1707 2224 1789 2251 Plaut.
1799 2227 1867 2253 Rud.
1883 2236 1904 2261 1,
1917 2237 1944 2262 2,
1956 2238 1990 2263 45
2011 2231 2107 2267 Neque
2127 2241 2185 2267 pot-

30 2263 60 2280 ae
72 2253 214 2289 salutisque
229 2260 366 2289 perceptae
379 2253 430 2280 dat.
472 2254 507 2280 Ea
522 2253 581 2279 fite
594 2253 689 2280 fronde
701 2263 814 2288 querna:
841 2256 968 2290 quoniam
986 2256 1061 2283 cibus
1129 2253 1165 2279 est
1187 2253 1254 2279 clam
1274 2263 1318 2280 me
1335 2256 1401 2295 esse,
1425 2256 1443 2282 si
1461 2257 1510 2291 qui
1529 2258 1683 2297 sacrificant.
1756 2261 1824 2288 Ter.
1844 2264 1940 2291 Heaut.
1959 2273 1980 2297 1,
2003 2274 2022 2299 r,
2042 2270 2079 2302 46
2111 2270 2186 2297 Haec

0 2299 2 2314 ι
38 2289 158 2324 ictusque
169 2289 360 2325 antiquiffimus
373 2298 500 2324 querceus
512 2289 570 2323 capi
588 2289 679 2316 solitus
700 2290 738 2317 fit.
791 2290 834 2317 Fit
847 2291 928 2318 etiam
941 2301 972 2318 ex
985 2292 1062 2318 ilice:
1077 2295 1112 2320 60
1130 2288 1197 2314 Clam
1216 2298 1259 2329 {¹¹5
1279 2298 1387 2330 omnia,
1416 2294 1434 2318 1'·
1450 2293 1528 2321 Nihil
1539 2294 1649 2329 Jcie’bam
1669 2294 1698 2321 de
1717 2295 1758 2322 his
1771 2298 1890 2326 omnibut.
1961 2302 2053 2329 Paullo
2068 2304 2134 2330 clam
2150 2306 2186 2333 iis

0 2337 2 2345 ν
18 2336 23 2339 s
37 2325 91 2352 uod
104 2334 184 2361 genus
202 2325 334 2360 superiori
347 2325 500 2360 proximum
516 2325 560 2352 est.
605 2325 686 2352 Ouid.
700 2325 766 2353 Fast.
783 2335 804 2359 1,
817 2335 859 2353 22.
878 2326 907 2353 de
925 2329 1063 2362 eloquentia
1130 2332 1188 2350 eam
1200 2323 1260 2366 yidi
1281 2325 1337 2353 Cic.
1351 2327 1405 2353 Att.
1420 2335 1455 2360 15,
1471 2337 1490 2355 1.
1534 2330 1631 2366 Vitiosa
1642 2329 1715 2357 Ιεὲἶῐο
1725 2342 1732 2357 .·
1758 2334 1922 2369 incertffma
1935 2338 2041 2373 quidem.
2097 2340 2186 2374 Clam,

37 2371 44 2386 1
50 2361 130 2397 foro,
150 2361 243 2388 Ciuica
256 2370 305 2398 pro
318 2361 428 2396 trepidis
442 2370 525 2396 quum
539 2360 602 2387 tulit
613 2370 686 2388 arma
698 2362 759 2389 reis.
815 2361 890 2388 Idem
904 2371 936 2388 ex
952 2363 1026 2388 Pont.
1041 2371 1063 2394 1,
1129 2362 1267 2395 accusatzuo
1287 2361 1407 2388 inustum.
1462 2364 1545 2391 Plaut.
1564 2365 1649 2393 Calin.
1671 2375 1692 2398 2,
1707 2372 1730 2400 8,
1741 2376 1772 2400 32
1812 2370 1884 2397 Bona
1905 2374 1988 2399 multa
2004 2375 2099 2402 faciam
2114 2377 2184 2404 clam

35 2416 42 2427 ,
55 2398 100 2423 126
117 2395 215 2424 Clausit
228 2403 253 2423 et
265 2403 369 2425 aeterna
387 2397 472 2424 ciuica
485 2397 554 2423 bella
566 2398 636 2430 sera,
657 2400 675 2424 i.
695 2396 863 2430 Ciuilia,fiue
883 2394 1018 2429 intestina,
1033 2403 1063 2423 vt
1128 2403 1214 2435 meam
1229 2395 1294 2423 hanc
1307 2406 1428 2425 vxorem.
1480 2400 1563 2427 Plaut.
1576 2401 1661 2428 Casin.
1676 2403 1744 2437 prol.
1757 2413 1783 2437 51
1804 2405 1884 2433 Nunc
1898 2407 1948 2436 sibi
1961 2416 2074 2445 vterque
2091 2420 2185 2440 contra

0 2451 2 2456 .
41 2441 105 2460 uror
117 2433 217 2459 ciuicus
230 2433 301 2460 Flor.
315 2444 343 2467 4,
357 2442 380 2466 2,
394 2440 434 2468 75.
470 2434 538 2460 Hor.
552 2433 632 2468 Epist.
651 2442 672 2465 1,
684 2441 707 2464 3,
720 2441 751 2464 23
772 2433 822 2458 Seu
837 2432 923 2458 ciuica
937 2431 995 2459 iura
1012 2433 1062 2459 Re.
1128 2430 1246 2465 legiones
1266 2439 1348 2467 parat,
1369 2441 1450 2469 pater,
1472 2435 1597 2472 filiusque
1618 2438 1687 2465 clam
1706 2439 1773 2467 alter
1791 2441 1913 2471 alterum.
1986 2446 2054 2473 Ter.
2069 2449 2134 2475 Hec.
2155 2458 2186 2482 4,

48 2467 146 2495 ondere
165 2477 252 2503 paras,
269 2471 287 2495 i.
305 2470 401 2496 ciuilia.
473 2469 563 2496 Motus
583 2469 651 2494 Hor.
671 2468 759 2493 carm.
780 2475 801 2497 2,
815 2475 835 2498 1,
850 2475 874 2504 1.
885 2466 995 2502 fiditio,
1015 2469 1061 2495 bel·
1077 2474 1109 2507 65·
1128 2475 1157 2507 ft,
1172 2474 1200 2500 35
1229 2468 1293 2494 Non
1306 2479 1353 2510 me-
1368 2470 1435 2497 clam
1450 2471 1659 2508 Habet-et,quae
1680 2475 1769 2503 celasse
1787 2477 1919 2513 intelligo.
1981 2482 2029 2509 Vbi
2050 2483 2185 2516 Donatus;

36 2513 76 2530 cm.
122 2505 256 2538 Qercus,
269 2503 321 2531 vid.
335 2504 408 2531 Seru.
421 2507 449 2530 in
459 2505 534 2538 Virg.
549 2505 613 2530 Aen.
627 2505 659 2534 6,
673 2509 733 2536 77²·
752 2502 860 2528 Corona
872 2503 966 2530 ciuica.
1011 2505 1062 2532 Ra.
1128 2511 1147 2528 1.
1163 2511 1185 2543 e.
1201 2503 1267 2531 Non
1286 2507 1417 2539 tacuisset,
1432 2514 1592 2544 partumque
1611 2510 1720 2537 celasset.
1790 2514 1973 2543 Pseudo-Cic.
1995 2518 2024 2544 in
2043 2519 2145 2547 Sallust.
2159 2528 2186 2554 15

38 2539 76 2565 ies
88 2539 156 2566 Hor.
171 2540 260 2566 Carm.
275 2548 298 2571 3,
312 2540 358 2571 24,
370 2541 413 2565 26.
426 2545 455 2564 vt
462 2539 559 2565 Rabies
571 2539 665 2564 beilum.
1128 2539 1244 2566 Tlmens
1265 2549 1298 2567 fle
1315 2542 1437 2569 facinm‘a
1451 2544 1508 2570 eius
1527 2545 1594 2572 clam
1608 2554 1656 2572 VOS
1669 2547 1761 2575 Effent.
1941 2550 1961 2590 ff
1980 2561 1998 2580 2
2033 2556 2072 2581 De
2085 2556 2184 2583 Aduer-

54 2579 140 2602 c1vz
150 2580 168 2602 c
178 2581 215 2608 0,
233 2579 286 2601 Ere.
305 2574 413 2600 Ciuitate
425 2571 526 2601 donare.
546 2574 625 2601 Gtols.
641 2573 699 2601 Isud.
720 2572 773 2601 vid.
788 2574 879 2601 Barth.
892 2574 959 2602 Adu.
971 2577 1014 2608 26,
1027 2583 1062 2609 ις.
1126 2574 1167 2601 bio
1180 2576 1255 2602 Clam
1271 2576 1396 2605 Priscian.
1414 2587 1444 2612 14
1459 2589 1484 2614 p.
1498 2586 1545 2613 988
1567 2581 1660 2622 Clam,
1687 2584 1770 2618 magis
1784 2585 1951 2614 Aduerbium
1966 2589 2019 2622 est,
2039 2600 2122 2625 quum
2136 2601 2184 2619 nec

677 2637 680 2640 .
1128 2610 1239 2651 localem
1253 2610 1354 2640 habeat
1371 2614 1488 2649 aliquam
1507 2616 1745 2652 fignificanonem,
1771 2630 1850 2655 quarn
1871 2623 2031 2659 plerumque
2051 2627 2183 2662 Praeposi-

319 2636 345 2667 C
393 2635 418 2666 L
437 2647 439 2650 ·
491 2644 520 2668 et
593 2637 619 2668 C
666 2636 691 2668 L
739 2637 767 2668 A
1076 2655 1112 2683 70
1128 2652 1213 2674 tiones
1227 2648 1367 2683 poffident:
1387 2656 1412 2676 et
1427 2651 1581 2686 qualitatem
1595 2653 1765 2688 demonstret,
1785 2666 1853 2691 quae
1866 2659 1896 2685 in
1907 2659 2050 2688 Aduerbiis
2062 2662 2184 2690 inueniri

57 2686 76 2708 c
85 2687 102 2708 L
122 2682 141 2708 s.
162 2681 186 2708 cl
205 2680 327 2717 confundi
331 2681 415 2717 solent
428 2691 480 2708 cum
493 2681 510 2708 d
523 2685 549 2709 in
564 2683 638 2710 MSS.
651 2684 738 2711 Burm.
752 2682 787 2710 ad
792 2683 917 2719 Calpurn.
929 2685 982 2712 Ecl.
993 2693 1013 2719 ι,
1025 2692 1061 2719 55.
1127 2682 1208 2710 solet:
1227 2690 1256 2724 eq
1268 2684 1451 2720 diminuatur,
1474 2688 1546 2722 quod
1559 2689 1632 2716 nulla
1645 2691 1805 2726 praepositio
1823 2693 1918 2727 habet,
1936 2702 1964 2722 vt
1980 2697 2136 2725 Clanculum:
2155 2704 2184 2726 et

45 2723 95 2744 ort.
110 2717 146 2744 ad
155 2717 214 2744 Sall.
229 2719 285 2744 Cat.
300 2719 340 2750 26,
353 2727 381 2751 4.
399 2723 423 2744 et
439 2718 497 2752 lug.
510 2727 553 2751 22,
566 2727 576 2745 1
595 2726 640 2746 etc.
1126 2718 1200 2755 pollit
1221 2725 1302 2747 ettam
1321 2721 1421 2756 absque
1436 2725 1495 2750 casu
1512 2725 1648 2759 proferri,
1666 2732 1710 2760 vt,
1737 2728 1807 2755 Bona
1820 2736 1904 2765 aperte
1911 2731 2000 2766 facit,
2022 2735 2087 2760 mola
2100 2741 2181 2760 autem

55 2759 96 2780 CL
105 2760 126 2780 A
136 2759 153 2780 Β
163 2752 184 2780 <7
195 2760 210 2779 L
219 2761 241 2780 Α
255 2773 263 2785 ,
296 2754 336 2780 vel
353 2760 383 2780 vt
401 2754 518 2789 quaedam
537 2755 626 2782 habent
651 2756 801 2790 exemplaria
814 2775 823 2788 ,
856 2762 957 2783 CLAV
967 2763 986 2783 0
995 2763 1012 2782 1.
1021 2763 1043 2783 A
1052 2776 1061 2789 ,
1125 2756 1204 2795 clani:
1225 2757 1341 2796 eoquod
1360 2758 1430 2793 apud
1449 2760 1564 2787 Graecos
1577 2760 1677 2797 absque
1694 2763 1748 2790 vlla
1767 2764 1935 2793 dubitatione
1949 2767 2114 2795 Aduerbium
2133 2770 2179 2797 est.

37 2787 105 2816 ciffio
129 2788 264 2823 lignorum
285 2788 326 2815 vel
346 2790 525 2824 praesegmina
538 2809 546 2822 ,
575 2788 675 2817 auftore
693 2791 806 2817 Nonino
825 2800 859 2825 4,
878 2799 928 2826 473
961 2792 1062 2818 Laudat
1127 2790 1206 2818 Nun]
1226 2800 1327 2832 mirum
1340 2797 1526 2831 tamen,quod
1540 2804 1717 2832 praeponatur
1737 2800 1823 2833 casui,
1844 2810 1927 2835 quum
1945 2803 2029 2830 multa
2041 2804 2180 2840 aduerbia,

43 2833 113 2852 arro.
127 2823 159 2851 de
171 2825 202 2851 R.
217 2825 248 2852 R.
268 2833 288 2857 1,
298 2833 344 2858 40,
357 2835 376 2859 4
410 2825 524 2852 Demum
537 2827 565 2852 in
579 2826 722 2861 oleagineis
742 2827 884 2853 seminibus
898 2827 1005 2855 arbores
1019 2828 1060 2854 vi-
1075 2839 1108 2867 73
1127 2832 1153 2852 et
1166 2836 1281 2854 maxime
1295 2829 1389 2856 localia
1398 2850 1406 2864 ,
1426 2837 1452 2857 et
1465 2833 1534 2867 apud
1547 2834 1678 2867 Graecos,
1697 2840 1723 2861 et
1736 2836 1804 2869 apud
1817 2845 1864 2863 nos
1879 2838 1979 2864 soleant
1992 2838 2092 2867 casibus
2106 2850 2179 2875 prae-

37 2859 148 2893 endum,
171 2867 201 2887 vt
219 2860 237 2887 fi
252 2861 284 2887 de
297 2867 388 2888 tenero
402 2869 478 2888 ramo
491 2870 522 2889 ex
544 2869 656 2897 viraque
674 2868 748 2897 parte
765 2863 941 2897 aequabiliter
960 2864 1060 2898 praeci·
1125 2863 1205 2897 poni:
1222 2873 1337 2898 quorum
1351 2866 1476 2902 pleraque
1489 2868 1574 2896 nostri
1589 2870 1794 2904 Praepositiones
1807 2872 1855 2898 esse
1868 2871 2001 2900 dixerunt.
2071 2877 2102 2903 Et
2116 2887 2178 2904 cum

49 2904 89 2928 m,
107 2905 171 2931 quas
184 2896 231 2923 alii
245 2895 375 2929 clabulas,
402 2897 505 2931 (editur
518 2897 589 2924 hodie
604 2898 726 2926 Clauolas
740 2899 840 2925 Demin.
855 2909 871 2925 a
887 2898 982 2932 Claui)
1011 2900 1061 2927 alii
1125 2907 1158 2925 eo
1171 2899 1238 2926 elam
1258 2899 1384 2928 subduxti
1396 2908 1421 2929 te
1438 2903 1525 2932 mihi}
1556 2905 1624 2932 Ter.
1639 2907 1704 2933 Eun.
1719 2915 1747 2938 4,
1762 2914 1788 2941 7,
1801 2914 1841 2940 25.
1912 2908 1951 2935 Id.
1966 2909 2048 2938 Andr.
2062 2921 2089 2945 2,
2105 2915 2131 2945 6,
2152 2921 2176 2944 13

47 2929 98 2958 lens
107 2931 252 2967 appellant,
270 2941 298 2959 ac
311 2932 412 2959 faciunt
424 2933 532 2960 circiter
549 2933 663 2968 pedales.
699 2935 768 2960 Hinc
1124 2935 1247 2969 Amauit,
1263 2942 1320 2963 tum
1333 2937 1362 2964 id
1376 2937 1451 2966 clam.
1525 2941 1598 2967 Caes.
1611 2941 1676 2967 Bell.
1685 2941 1753 2968 Gall.
1766 2952 1794 2976 4,
1807 2951 1839 2974 30
1858 2944 1894 2970 Ac
1908 2945 1969 2971 suos
1981 2946 2047 2973 clam
2061 2957 2093 2974 ex
2106 2949 2177 2980 agris

10 2963 14 2967 ’
58 2971 294 2995 CLABVLARE
313 2968 392 2995 intell.
401 2968 542 3003 plaustrum
548 2969 574 3004 s
587 2980 695 3002 carrum,
704 2969 767 2996 widi
784 2979 811 2996 ue
818 2969 922 2997 clabulis
935 2971 1060 3007 covfixum
1123 2970 1253 2999 deducere
1274 2980 1426 3008 coeperunt.
1497 2976 1580 3003 Plaut.
1598 2977 1677 3003 Poen.
1697 2985 1720 3010 3,
1739 2985 1763 3010 3,
1782 2986 1819 3011 49
1851 2979 1886 3006 At
1899 2980 1972 3008 enim
1992 2982 2060 3009 clam
2079 2978 2177 3013 funin·

53 3008 229 3034 contenumstt
241 3001 338 3039 capsum
351 3013 381 3030 ex
394 3004 608 3041 clabulirfacium
625 3006 717 3033 habens
725 3025 733 3038 ,
748 2978 783 3031 aci
799 3015 855 3038 res,
874 3015 935 3042 quae
953 3010 1058 3044 impone-
1075 3017 1107 3043 30
1122 3006 1166 3033 hic
1180 3008 1228 3035 effe
1242 3008 1355 3040 vult,ne
1367 3011 1416 3045 qui
1429 3010 1520 3039 sciant.
1577 3012 1633 3038 Cic.
1641 3013 1717 3039 Verr.
1731 3021 1760 3046 4,
1774 3021 1804 3045 23
1825 3015 1873 3041 Per
1886 3016 1962 3048 istos,
1975 3026 2043 3052 quae
2055 3020 2177 3056 volebat,

55 3044 106 3063 itur
119 3038 310 3071 retinendos,›1e
323 3038 463 3075 defluerent.
489 3042 559 3068 Haec
572 3048 595 3068 et
598 3043 675 3077 plura
683 3042 763 3068 salma
778 3060 784 3066 .
797 3041 832 3068 ad
836 3042 950 3076 Capitol.
959 3044 1056 3071 Anton.
1123 3042 1152 3068 in
1168 3052 1262 3070 nauem
1282 3045 1349 3072 clam
1362 3046 1521 3081 imponenda
1530 3067 1539 3079 ‚
1565 3047 1668 3074 occulte
1681 3049 1843 3083 exportanda
1856 3051 1974 3079 curabat.
2013 3067 2018 3076 x
2046 3055 2120 3082 Clam
2135 3055 2175 3084 fa-

0 3077 2 3079 “
38 3073 95 3099 ium
108 3081 130 3099 c.
146 3081 182 3099 ¹2.
237 3073 350 3100 liabetur
363 3073 408 3101 hoc
418 3084 502 3102 nomen
515 3076 532 3103 l.
546 3086 560 3103 2
584 3078 614 3105 C.
629 3076 738 3104 Theod.
771 3085 785 3102 e
798 3077 931 3111 Curiosis,
949 3079 1056 3107 Habens
1123 3087 1181 3105 cere
1194 3079 1223 3106 id
1236 3080 1360 3114 dicimur,
1377 3082 1458 3116 Qiod
1479 3092 1510 3109 eo
1531 3083 1660 3110 insciente
1682 3084 1808 3118 facimus,
1833 3095 1913 3120 quem
1927 3088 1955 3114 id
1971 3089 2175 3124 prohibiturum

0 3123 2 3127 ›
38 3108 96 3134 nius
116 3108 220 3143 copiam
238 3107 334 3135 rhedae
354 3109 453 3144 flagitet
471 3112 555 3139 mulas
573 3112 651 3144 duas3
682 3120 727 3139 aut
744 3112 852 3139 rhedam
870 3115 991 3149 vsurpet‚
1012 3117 1057 3142 cni
1122 3115 1170 3141 ess'e
1184 3116 1387 3150 suspicabamur,
1397 3126 1424 3144 vt
1433 3125 1507 3153 patet
1523 3126 1554 3144 ex
1566 3118 1606 3151 l.3
1620 3117 1643 3156 §
1651 3119 1698 3146 vlt.
1707 3120 1739 3146 D.
1749 3120 1820 3155 quod
1829 3122 1868 3154 vi,
1876 3129 1920 3150 aut
1935 3124 2010 3152 clam.
2037 3128 2174 3162 SicClam,

0 3166 2 3176 ,
38 3144 157 3176 irotum,
178 3143 220 3171 vel
241 3144 368 3171 veredum
385 3146 517 3180 postulare
534 3148 577 3175 vel
596 3149 726 3176 clabulare
747 3149 896 3183 permiss'um
909 3151 954 3177 est.
997 3151 1056 3178 Vid.
1122 3152 1159 3176 Ex
1172 3150 1278 3185 infidus.
1334 3154 1409 3189 Virg-
1423 3155 1487 3180 Aen·
1504 3163 1525 3187 1,
1540 3163 1588 3188 334
1623 3155 1699 3182 Clam
1718 3156 1792 3182 fem-'⁶
1812 3157 1934 3186 incautos
1947 3161 2057 3196 superat.
2116 3165 2173 3191 Cic.

0 3182 6 3190 ⁴
58 3182 115 3206 nino
123 3179 242 3213 Schff’r.
254 3179 283 3206 de
295 3181 332 3207 Re
342 3181 419 3208 oehic.
431 3181 449 3209 l.
461 3191 477 3209 2
490 3192 512 3209 c.
524 3189 554 3214 28
573 3191 597 3211 et
608 3193 652 3218 29.
695 3184 769 3221 Cous.
783 3191 947 3214 ANGARIA.
961 3185 1012 3221 Est,
1026 3195 1057 3215 vt
1075 3193 1104 3223 83
1121 3195 1171 3221 pro
1190 3187 1264 3214 Rosc.
1280 3189 1370 3216 Amer.
1385 3198 1414 3221 23
1438 3189 1522 3216 Multa
1535 3190 1620 3224 palam
1634 3190 1743 3218 domum
1756 3192 1828 3219 stiam
1841 3195 1992 3223 auferebat:
2016 3198 2092 3232 plura
2105 3200 2173 3226 clam

0 3226 2 3230 ·
45 3218 158 3248 unimus,
171 3219 275 3251 proprie
292 3225 378 3242 mmm
396 3216 566 3246 Adieffluum.
1122 3222 1154 3248 de
1174 3224 1263 3250 medio
1283 3225 1448 3252 remouebat.
1519 3226 1615 3260 Neque
1628 3227 1731 3253 cessauit
1751 3227 1856 3256 infidias
1869 3230 1970 3259 struere
1981 3233 2064 3268 clam,
2085 3236 2172 3269 palam

26 3255 28 3257 ’
53 3252 262 3284 ειΑΒνιᾸκιε,
275 3260 298 3277 e.
324 3251 384 3278 Adi.
410 3253 454 3285 Vt,
468 3253 564 3281 Cursus
576 3254 731 3288 clabularis,
756 3258 799 3291 qui
811 3255 1056 3284 militibus-concede·
1122 3258 1192 3285 Suet.
1211 3259 1312 3287 Domit.
1332 3270 1357 3288 2.
1431 3261 1499 3287 Ter.
1514 3261 1590 3288 Adel.
1604 3271 1622 3292 ι,
1638 3271 1657 3294 1,
1671 3265 1708 3295 46
1740 3263 1767 3289 Si
1780 3264 1866 3298 sperat
1883 3268 1944 3294 fore
1964 3269 2048 3303 clam,
2066 3271 2170 3297 rursum

47 3293 106 3320 tur,
130 3290 225 3323 quoties
242 3297 270 3314 ex
283 3288 343 3313 aliis
355 3290 383 3313 in
400 3289 452 3314 alia
468 3289 522 3316 loca
532 3292 644 3318 celeriter
659 3291 802 3327 transferri
816 3301 854 3318 cos
867 3298 1004 3327 oporteret,
1025 3301 1055 3320 vt
1124 3293 1153 3320 ad
1167 3294 1303 3329 ingenium
1317 3297 1396 3323 redit.
1415 3299 1432 3323 i.
1449 3297 1475 3323 Si
1489 3297 1574 3331 sperat
1587 3306 1642 3324 non
1654 3299 1777 3326 rescitum
1790 3300 1836 3328 iri.
1907 3304 1991 3332 Plaut,
2005 3305 2064 3333 Mil,
2078 3315 2101 3339 3,
2113 3314 2137 3338 3,
2149 3301 2170 3339 '9

61 3325 88 3349 in
100 3322 117 3349 l.
128 3331 162 3350 22
189 3322 256 3349 Cod.
269 3322 301 3349 de
320 3323 396 3350 cursu
410 3323 527 3358 publico.
583 3328 708 3354 Nonnulli
718 3327 836 3364 scribunt
852 3328 1011 3362 clauularis,
1024 3336 1074 3358 vtae
1123 3330 1212 3364 Qiam
1224 3332 1283 3358 sane
1301 3333 1391 3367 magni
1404 3333 1502 3359 referat
1511 3352 1518 3362 ‚
1536 3333 1604 3360 mihi
1618 3333 1685 3360 clam
1698 3334 1742 3361 est.

18 3366 26 3386 ν
67 3358 147 3386 mian.
166 3367 209 3389 20,
223 3369 250 3393 4.
271 3358 324 3385 vid.
333 3359 424 3395 Jfalefi
1070 3378 1108 3401 90
1159 3372 1175 3393 c
1184 3373 1200 3392 L
1210 3374 1287 3395 ANc
1296 3365 1341 3395 <vr
1353 3375 1375 3404 V.
1382 3375 1416 3395 Μ.
1453 3368 1555 3395 Dimin.
1598 3370 1608 3401 [
1620 3370 1699 3405 κρυφῆ
1711 3373 1723 3403 ]
1758 3371 1947 3402 Aduerbialiter
1975 3376 2042 3402 Ter.
2062 3375 2126 3401 Eun.
2143 3383 2168 3408 3,

52 3401 183 3426 CLADES,
203 3395 236 3421 is.
256 3394 275 3420 f.
313 3393 406 3427 [in-702,
423 3394 508 3428 λύμη,
523 3397 615 3433 πῆμα]
656 3399 749 3426 Volunt
762 3396 805 3432 effi
814 3401 918 3434 proprie
931 3409 1055 3428 ramorum
1122 3408 1146 3434 5,
1158 3410 1188 3434 41
1208 3401 1312 3430 Venisse
1325 3403 1472 3430 clanculum
1488 3413 1536 3439 per
1547 3404 1720 3438 impluuium.
1775 3407 1857 3435 Plaut.
1871 3411 1950 3437 Poen.
1965 3420 1993 3444 4,
2007 3420 2033 3443 2,
2045 3419 2073 3444 91
2092 3410 2168 3442 Vale,

53 3430 81 3456 ὄν
95 3427 207 3464 κλάδων]
242 3434 444 3465 amputationem.
481 3431 548 3458 Illud
557 3441 663 3467 certum,
673 3433 802 3471 stragem,
821 3437 934 3468 ruinam,
951 3436 1055 3468 caedem,
1121 3442 1147 3463 et
1167 3437 1229 3464 haec
1247 3448 1326 3472 cura,
1353 3439 1500 3466 clanculum
1513 3445 1542 3466 vt
1560 3439 1609 3466 lint
1621 3440 1708 3474 dieta,
1734 3445 1753 3470 i.
1773 3445 1814 3470 Ne
1828 3449 1884 3481 quir
1896 3449 2019 3482 resciscat.
2092 3447 2168 3472 Prae-

53 3469 148 3492 ποιαί.
199 3465 266 3493 Plin.
280 3468 318 3499 16,
334 3475 364 3498 32
396 3467 418 3492 A
433 3475 488 3501 quo
500 3466 595 3494 deinde
608 3475 727 3504 tempore
739 3470 858 3496 maiestas
870 3470 963 3505 Populi
976 3472 1054 3499 Rom.
1117 3471 1247 3508 positionis
1260 3485 1325 3502 more
1345 3475 1414 3502 Ter.
1422 3475 1496 3511 Adel.
1509 3484 1530 3508 1,
1545 3483 1565 3508 ι,
1579 3482 1615 3511 27
1635 3477 1770 3505 Postremo
1782 3479 1828 3507 alii
1841 3480 1986 3508 clanculum
2000 3486 2085 3516 patres
2099 3490 2168 3516 quae

46 3500 175 3537 fiii-rexit,
198 3510 266 3537 quae
285 3508 345 3528 ante
365 3501 462 3529 vastata
482 3502 599 3530 cladibus
617 3505 712 3532 fuerat.
783 3505 866 3533 Ouid.
879 3506 965 3533 Trist.
988 3508 1011 3541 5,
1024 3517 1052 3541 4,
1119 3508 1238 3544 faciunt,
1258 3518 1304 3537 etc.

69 3535 98 3563 de
116 3539 189 3564 exilio
201 3537 252 3570 ,fibi
269 3535 366 3564 indicio
379 3557 386 3569 ,
431 3539 578 3574 Quumque
597 3540 645 3566 alii
671 3540 793 3575 fugerent
814 3541 916 3568 subitae
932 3544 1054 3578 contagia
1069 3553 1102 3579 95
1155 3551 1172 3572 c
1182 3551 1258 3572 LAN
1267 3553 1284 3574 c
1293 3545 1315 3573 ἤ
1324 3553 1378 3573 Lo.
1414 3545 1482 3572 Adu.
1519 3545 1533 3579 [
1545 3545 1634 3583 λάθρα
1647 3548 1726 3576 Glots.
1741 3551 1836 3583 cyrill.
1850 3551 1864 3585 ]
1901 3551 1976 3578 Idem.
1989 3551 2110 3579 Macrob.
2123 3553 2166 3579 Sa-

56 3571 106 3600 dis.
175 3571 232 3598 Nec
249 3573 348 3600 vellent
367 3573 436 3600 ictae
458 3575 541 3600 limen
559 3573 633 3601 adire
651 3574 764 3603 domus:
820 3575 888 3613 quast
899 3577 981 3613 sermo
996 3578 1052 3613 effic
1119 3585 1190 3607 turn.
1203 3589 1227 3614 ς,
1241 3587 1265 3612 18
1285 3581 1314 3608 de
1333 3582 1458 3617 Virgilio,
1475 3581 1537 3608 Fuit
1550 3581 1594 3609 lu'c
1613 3584 1693 3612 Po‘e'ta
1707 3592 1737 3613 vt
1752 3587 1901 3622 scrupulose
1914 3593 1939 3612 et
1954 3587 2046 3619 anxie,
2063 3587 2100 3614 ita
2113 3587 2166 3615 dis·

64 3607 132 3635 domo
143 3601 256 3644 'fulmine
265 3608 393 3645 pei-cista,
421 3613 491 3636 cuius
509 3613 583 3637 ruina
595 3617 751 3637 metueretur.
821 3613 860 3638 De
879 3612 959 3640 eadem
971 3624 998 3641 re
1015 3614 1053 3641 id.
1118 3614 1268 3644 simulanter
1281 3624 1307 3644 et
1323 3617 1443 3643 clanculo
1457 3616 1559 3644 doetus.
1595 3619 1669 3655 Saepe
1681 3622 1740 3658 usus
1759 3621 1793 3655 gst
1812 3622 1889 3657 Apul.
1904 3622 1932 3647 in
1945 3622 2010 3648 Met.
2046 3623 2096 3650 Per
2108 3624 2164 3651 fur-

67 3643 150 3670 Ponto
169 3651 201 3676 ι,
222 3651 250 3676 3,
266 3647 297 3677 65
340 3646 374 3672 Vt
394 3651 483 3673 tamen
506 3645 594 3672 audita
613 3645 650 3673 est
668 3646 771 3673 nostrae
789 3646 842 3674 tibi
866 3647 945 3675 cladis
964 3650 1051 3685 origo.
1117 3657 1174 3679 tum
1187 3652 1305 3680 clanculo
1319 3653 1440 3679 aufertur
1458 3653 1566 3687 August.
1581 3655 1661 3690 Epist.
1675 3664 1717 3691 54.
2011 3685 2017 3688 ,

44 3677 60 3704 l.
73 3687 94 3711 1,
105 3687 143 3712 40
177 3679 209 3704 1n
226 3687 305 3714 regna
322 3680 413 3709 Latini
484 3681 612 3709 Turbine
630 3691 693 3710 mox
713 3683 790 3709 saeuo
809 3683 963 3712 venientum
981 3685 1052 3712 haud
1151 3694 1192 3715 cc
1201 3695 1223 3715 A
1233 3695 1281 3715 Nc
1292 3695 1312 3715 v
1323 3694 1339 3713 1.
1351 3694 1401 3714 AR
1411 3694 1483 3721 IVS,
1497 3697 1527 3721 a,
1541 3699 1595 3716 um·
1621 3692 1683 3719 Adi·
1720 3691 1853 3726 [κρύφιος]
1896 3692 1946 3722 Vt,
1965 3692 2044 3720 Poeta
2060 3693 2163 3721 clancu-

46 3713 95 3740 scia
113 3713 224 3740 cladum.
298 3715 358 3750 Liu.
379 3725 411 3750 2,
430 3726 455 3751 13
491 3719 612 3745 Mucium
631 3717 780 3751 dimissum,
811 3719 854 3745 cui
872 3719 960 3754 postea
978 3721 1051 3753 Scae·
1059 3730 1107 3749 100
1115 3721 1212 3757 larius,
1225 3727 1268 3760 qui
1280 3722 1408 3760 supprffi
1425 3725 1592 3762 nominestao,
1612 3726 1684 3754 dista
1697 3728 1812 3764 quaedam
1828 3726 1937 3762 etsosdn
1948 3728 2043 3762 probra
2051 3729 2161 3764 stribit:

52 3748 92 3776 lae
110 3757 128 3776 a
143 3748 216 3775 clade
234 3748 338 3777 dextrae
356 3761 446 3781 manus
475 3754 568 3790 (quam
581 3753 760 3788 combuſjbrot)
788 3762 992 3789 cognomentum
1011 3757 1051 3784 in·
1114 3767 1174 3794 quae
1193 3760 1287 3786 mauult
1303 3761 1408 3785 alterius
1424 3759 1516 3787 videri.
1585 3762 1702 3789 Martial.
1717 3772 1759 3795 10,
1779 3771 1792 3794 3
1826 3762 1996 3790 Vatiniorum
2017 3770 2160 3798 proxeneta

45 3791 118 3817 tum,
141 3791 186 3811 etc.
227 3785 362 3821 Metonym.
423 3790 474 3816 Vir
492 3811 499 3818 ,
512 3791 576 3817 Aen.
591 3793 618 3823 6,
632 3795 683 3824 842
702 3791 762 3817 Duo
775 3790 889 3817 fulmina
904 3790 969 3818 belli
998 3792 1050 3819 Sci·
1085 3811 1088 3814 -
1112 3794 1276 3826 stadiorum,
1312 3795 1391 3821 Poeta
1409 3795 1517 3829 quidam
1539 3796 1710 3825 clancularius
1725 3797 1831 3832 spargit.

44 3817 242 3853 ada's,'cladem
259 3820 373 3854 Libyae,
395 3826 414 3851 i.
434 3835 465 3852 au
493 3835 546 3853 ores
565 3826 660 3859 clodis,
687 3823 796 3852 vic‘iores
815 3829 971 3854 exercituum.
1008 3829 1050 3856 Sic
1149 3830 1454 3863 CLANDEsTvas,a,
1468 3840 1523 3858 um.
1543 3833 1604 3860 Adi.
1634 3834 1787 3868 [κρυφαῖος]
1815 3833 1940 3860 occultus.
1963 3834 2044 3861 Plaut.
2061 3832 2159 3872 Amph.

36 3855 207 3883 'arciusL'atro
214 3855 285 3893 Decl.
301 3858 329 3884 in
343 3858 419 3895 Catil.
433 3869 460 3893 33
478 3861 507 3888 de
519 3863 646 3895 Catilina,
671 3862 768 3899 Vigent
782 3863 854 3888 enim
874 3863 902 3888 in
914 3862 960 3890 illa
975 3863 1048 3892 clade
1114 3874 1135 3898 1,
1157 3875 1180 3898 2,
1197 3871 1229 3896 28
1260 3866 1291 3892 Et
1312 3865 1470 3893 clandestina
1491 3874 1519 3894 vt
1533 3869 1633 3896 celetur
1651 3869 1772 3904 suspicio.
1843 3869 1988 3904 Colloquia
2001 3868 2157 3896 clandestina

41 3899 54 3917 ε
65 3890 246 3928 diuexliffinne
256 3893 374 3931 variter,
390 3897 552 3936 *mamea
567 3904 595 3934 et,
607 3897 704 3934 libide·
775 3897 856 3926 Ouid·
869 3898 935 3931 Met,
951 3905 1047 3935 142485
1056 3912 1102 3940 ιος
1113 3910 1174 3937 cum
1186 3900 1327 3966 hestib‘usc
1341 3901 1397 3938 Cic-
1413 3901 1445 3931 de
1459 3902 1560 3937 Sene&-
1572 3913 1610 3940 40
1622 3913 1644 3933 c.
1655 3912 1693 3935 η·
1763 3903 1881 3936 eonfiua
1897 3905 2053 3936 dwdestffl
2081 3903 2154 3965 (ἐξῇ

1370 3945 1387 3966 2
2144 3956 2152 3964 ο
