2474 4182
626 114 918 157 CON

510 215 515 220 ·
533 206 678 241 Capillatus
700 206 790 230 quen.
804 204 855 230 Sat.
869 212 892 236 3,
907 213 946 236 30.
967 207 986 230 i.
999 207 1127 240 antiquus,
1138 210 1195 231 ante
1207 212 1296 230 morem

562 241 720 276 Imperiosus
739 240 795 266 Cic.
809 239 865 274 post
879 240 935 266 red.
949 240 978 266 in
992 241 1076 267 Senat.
1095 249 1126 267 11.
1186 240 1295 274 Popula-

249 281 285 308 ris
307 279 380 306 Idem
419 289 432 306 e
446 280 514 312 Lege
529 279 620 312 Agr-ar.
635 285 666 308 2,
681 284 701 307 3.
776 275 902 310 Accipere
921 275 953 302 de
970 276 1047 311 plebe
1061 275 1219 308 Consulem,
1242 274 1296 301 vul.

251 322 392 343 ACCIPIO.
465 316 549 348 Agere
572 313 656 339 Valer.
672 312 741 337 Max.
759 320 784 343 2,
804 320 829 344 2,
844 320 871 344 4.
943 312 1083 338 Dcclarare
1103 311 1220 346 aliquem
1239 310 1294 337 Cic.

251 352 283 378 de
297 352 366 386 Lege
381 352 441 385 Agr.
459 359 481 381 ε,
495 358 520 381 4.
594 346 747 381 Designatus
766 347 794 372 in
808 347 917 373 ciuitate
930 347 1004 374 Idem
1012 356 1060 382 pro
1069 347 1190 373 Muraen.
1202 355 1211 372 1
1233 354 1256 372 et
1270 355 1293 372 2.

251 387 345 414 Dicere
359 386 483 413 Consules
492 405 500 415 ,
520 392 602 409 crsar.¹
617 383 677 408 Liu.
690 384 734 415 26,
747 391 788 409 22.
851 382 925 409 Facti
938 383 991 410 line
1004 383 1106 417 repulsa
1121 383 1177 409 Cic.
1186 382 1217 408 de
1226 383 1295 416 Lege

253 424 314 458 Agr,
329 431 355 455 2,
371 431 393 454 3.
463 422 601 453 imponere
616 418 732 453 populo,
755 417 957 445 uid.1MPONO.
1029 418 1103 445 Idem
1117 426 1165 453 pro
1174 418 1293 444 Muraen.

253 468 262 486 1
281 458 332 485 1110
351 458 409 488 die,
429 464 482 489 quo
503 454 635 488 auspicato
649 453 767 480 comitiis
780 454 934 481 centuriatis
948 455 976 481 L.
986 455 1142 481 Muraenam
1154 454 1296 481 Consulem

253 492 438 521 Renuntiauit,
462 497 507 516 etc.
587 489 720 516 Relationi
740 490 887 516 Consulum
907 491 965 517 iure
984 489 1144 516 tribuniciae
1163 489 1298 524 potestatis

253 529 414 557 intercedere
430 526 521 552 Tacit.
537 525 604 551 Ann.
620 534 638 556 1,
652 533 685 557 13.
758 525 845 552 Siluae
861 526 910 553 sint
922 526 1037 552 Consule
1051 525 1146 561 dignae
1160 525 1297 560 Virg.13c1.
1320 536 1350 562 15*

254 575 281 598 4,
296 574 317 597 3,
388 561 540 602 Qiinquies
554 561 651 587 Consul
667 561 723 587 Cic.
738 560 769 587 de
784 562 845 587 Diu.
858 570 884 594 2,
898 570 942 596 77.
1013 562 1100 589 Valer.
1114 563 1184 589 Max.
1199 570 1221 593 2,
1235 570 1260 593 2,
1270 569 1297 593 4.

254 603 290 634 Q
303 598 422 625 Maximo
437 603 561 632 quintum
574 597 688 623 Consule
702 597 759 623 Cic.
772 597 799 623 in
812 598 884 624 Brut.
900 605 943 632 77.
970 600 988 623 i.
1009 601 1122 634 quintum
1141 597 1298 633 Consulatum

253 642 359 672 gerente.
432 633 539 659 Sextum
558 633 656 659 Consul
676 633 777 659 Marius
796 633 869 659 Idem
888 633 916 659 in
936 633 1020 660 Pison.
1040 642 1082 660 10.
1154 633 1297 667 Septimum

255 670 351 698 Consul
372 669 472 695 Marius
491 669 547 695 Cic.
569 668 601 694 de
620 668 717 694 Natur.
741 669 821 694 Deor.
836 677 863 701 3,
884 674 918 699 81.
990 670 1147 700 Consulem,
1162 676 1212 704 pro
1224 670 1299 695 Anno

254 708 341 733 Poetae
354 704 467 731 dicebant
475 724 483 736 ,
503 708 616 739 quoniam
628 703 738 740 singulis
751 704 882 740 quibusque
895 708 970 731 annis
980 709 1039 732 noui
1052 705 1165 740 Consules
1185 702 1299 729 creaban-
1323 713 1348 739 13

253 750 303 769 tur.
318 741 410 767 “Anni
421 749 436 766 a
449 739 562 766 Consule
575 749 672 766 nomen
688 740 812 766 habentes
825 740 922 767 Lucan,
937 748 959 774 ς,
972 750 1032 775 441·
1068 740 1136 767 Add.
1151 738 1187 764 ib.
1203 747 1229 764 v.
1240 745 1297 769 399.

253 779 348 812 Ignoto
363 775 468 802 consule
481 775 554 801 Idem
567 784 662 810 4‚379.
686 778 703 801 i.
720 785 783 801 anno
795 779 899 803 hic-erto.
936 778 1004 803 Cum
1018 777 1058 802 vcl
1070 776 1129 801 Sine
1144 774 1187 799 die
1201 779 1226 798 et
1239 781 1300 798 con-

254 814 309 839 sule
324 812 388 839 lCti.
460 812 532 838 Inter
545 820 638 846 magna
654 811 721 837 bona
740 811 837 838 multos
849 812 967 838 confides
981 819 1120 838 numerare
1136 810 1194 835 Sen.
1209 809 1254 842 Ep.
1270 816 1297 841 4.

254 849 323 875 Vina
338 854 379 874 tot
397 847 536 874 consulum
556 847 750 882 regionumque
768 847 842 873 Idem
856 849 901 882 Ep.
917 856 967 880 ¹¹4·
1037 845 1154 872 Martial.
1170 854 1190 877 1,
1205 847 1231 884 ¹.⁶
1256 844 1300 870 Bis

254 885 307 911 iam
323 892 403 918 paene
421 882 473 910 tibi
486 883 584 909 Consul
604 882 748 911 tricesimus
769 882 861 915 instat,
896 883 927 908 Et
947 887 1068 908 numerat
1087 889 1182 915 paucos
1197 888 1242 906 Vix
1256 885 1300 906 tua
1318 895 1352 914 20

254 921 310 947 vita
323 920 387 946 dies.
437 920 530 954 Nempe
544 922 588 945 uix
601 918 760 954 imputandos
773 922 840 945 uitae
856 918 909 942 dics
922 917 1032 947 indicat,
1055 915 1159 952 quisine
1173 917 1300 951 voluptate

252 954 408 989 transierint.
463 955 557 981 Horat.
572 954 623 982 Od.
637 962 666 987 3,
681 963 706 980 :31
724 961 766 989 pr.
791 953 942 987 Anwhoram
957 962 981 978 co
996 961 1074 983 anno,
1095 961 1140 988 quo
1157 952 1207 987 ipse
1228 957 1302 978 natus

255 999 319 1024 erat,
333 990 474 1023 conditam,
494 993 532 1017 ita
551 991 699 1026 alloquitur,
730 991 754 1015 O
776 994 837 1013 nata
859 996 962 1013 mecum
983 988 1098 1014 Consule
1116 988 1235 1020 Manlio,
1255 993 1299 1013 etc.

255 1028 311 1055 Cic.
325 1027 354 1053 in
366 1027 439 1053 Brut.
453 1027 502 1056 286
527 1026 561 1052 Vt
576 1025 592 1052 fi
608 1026 666 1059 quis
682 1024 792 1050 Falerno
808 1023 873 1049 vino
888 1023 1050 1056 delec‘tetur,
1071 1023 1114 1050 scd
1129 1032 1177 1056 eo,
1195 1032 1243 1049 nec
1264 1023 1302 1049 ita

254 1072 344 1094 nouo,
363 1068 391 1089 vt
405 1061 534 1096 proximis
547 1060 706 1087 Consulibus
720 1063 811 1084 natum
827 1058 894 1085 velit
909 1070 914 1085 2
939 1068 987 1085 nec
1000 1060 1089 1086 rurfiis
1102 1060 1139 1086 ita
1153 1066 1258 1090 vetere,
1272 1064 1301 1085 vt
1322 1075 1350 1102 25

255 1099 395 1134 Opimium
404 1103 448 1125 aut
457 1097 580 1123 Anicium
595 1095 734 1121 Consulem
745 1115 752 1126 ,
773 1100 891 1129 quaerat.
962 1095 1080 1122 Martial.
1096 1104 1136 1128 13,
1151 1104 1185 1122 111
1211 1096 1250 1121 De
1264 1094 1301 1120 Si-

255 1134 383 1162 nuessanis
400 1138 530 1160 venerunt
548 1130 650 1157 Maffica
683 1130 783 1164 prelis:
818 1130 948 1163 Condita,
969 1140 1023 1166 quo
1042 1131 1148 1166 quaeris
1168 1130 1302 1158 Consule?

255 1170 343 1197 nullus
358 1175 420 1196 erat.
446 1171 463 1194 i.
478 1177 531 1193 cum
543 1167 647 1192 nondum
662 1166 775 1202 Consules
788 1164 876 1199 essent,
896 1166 1091 1204 dffificmsuit.
1126 1165 1242 1200 Ostendit
1261 1175 1301 1192 ve-

254 1205 377 1239 tustatem.
448 1202 562 1229 Consule
587 1202 714 1235 Pompeio
740 1201 874 1236 primum,
910 1218 956 1222 -—-
991 1203 1064 1229 fauo
1088 1203 1203 1230 Consule
1232 1211 1300 1228 nunc

255 1243 354 1269 iteruin
373 1238 457 1266 Catul.
472 1246 518 1270 ιιι,
531 1247 556 1264 2.
628 1238 673 1263 Te
692 1237 798 1264 consule
816 1239 891 1272 Virg.
905 1238 958 1264 Ecl.
973 1247 1006 1272 4,
1030 1247 1060 1265 11.
1135 1239 1193 1265 Sen.
1212 1238 1244 1265 de
1260 1239 1301 1264 Ira

255 1286 284 1310 3,
302 1284 327 1309 31
361 1274 440 1301 Dedit
458 1273 527 1300 mihi
545 1274 695 1299 Praeturam
710 1284 716 1304 ;
755 1273 797 1299 sed
817 1273 981 1300 consulatuin
997 1275 1173 1309 sperauerant.
1223 1273 1303 1300 Dedit

255 1311 396 1339 duodecim
415 1310 516 1340 fasces;
549 1308 591 1334 sed
605 1317 659 1334 non
679 1309 744 1335 fecit
758 1309 933 1336 Ordinarium
950 1311 1103 1337 Consulem.
1149 1311 1171 1337 A
1191 1319 1234 1336 me
1254 1318 1301 1336 nu-

255 1348 351 1374 merari
366 1346 453 1373 voluit
466 1354 563 1372 annum
577 1355 584 1375 3
610 1344 654 1371 sed
669 1344 739 1370 deest
752 1344 821 1371 mihi
839 1344 972 1379 (destituit
984 1356 1035 1379 mc,
1056 1356 1104 1372 non
1111 1346 1231 1381 prouehit
1244 1345 1301 1380 me)

255 1383 287 1410 ad
308 1381 492 1409 sacerdotium.
552 1382 644 1415 Nempe
665 1380 805 1407 Ordinarii
825 1382 967 1408 Consules.
988 1386 1031 1417 qui
1051 1382 1169 1409 Kalendis
1188 1383 1304 1408 Ianuarii

254 1417 426 1456 magistratum
438 1420 539 1449 ineunt,
560 1423 583 1442 et
598 1426 682 1442 nomen
700 1416 762 1442 dant
780 1425 845 1443 anno
858 1428 865 1442 :
891 1419 938 1444 alii
954 1417 1077 1451 Suffeffi,
1098 1417 1163 1454 quod
1174 1415 1301 1454 Augusti,
1323 1431 1351 1457 35

253 1461 284 1482 vt
297 1453 331 1481 ad
337 1455 424 1490 plures
436 1455 533 1479 ueniret
546 1452 639 1484 honor,
654 1458 791 1487 paucorum
803 1452 915 1487 menfium
927 1454 1040 1489 Consules
1045 1453 1189 1489 jaciebant.
1232 1454 1302 1480 Con·
1329 1483 1331 1485 Ι

255 1490 294 1517 sul
313 1488 503 1524 λογοθεώρητις,
522 1498 537 1513 a
551 1488 665 1514 Cicerone
685 1495 789 1514 vocatur
809 1489 908 1524 quidam
922 1490 1050 1516 Caninius
1063 1489 1199 1522 Reuilius,
1217 1496 1246 1515 vt
1265 1498 1302 1514 re-

249 1526 309 1563 fert
324 1525 477 1552 Macrobius
492 1525 542 1550 sat.
555 1531 581 1556 2,
598 1531 620 1555 3.
674 1524 729 1549 Hoc
742 1522 782 1557 fic
799 1526 907 1559 explicat
925 1526 1053 1551 Turnebus
1067 1536 1074 1550 :
1106 1525 1182 1552 Verbo
1194 1524 1303 1586 philo-{lo-

250 1562 359 1598 phorum
378 1561 434 1596 usus
453 1557 486 1592 est
499 1569 507 1584 .·
546 1561 589 1594 qui
607 1558 776 1593 λογοθεῶρητα
803 1567 894 1586 vocant
912 1570 953 1592 ea,
973 1560 1033 1596 quae
1051 1564 1147 1587 ratione
1169 1568 1192 1586 ct
1211 1564 1262 1586 inte
1283 1563 1302 1586 i-

255 1600 341 1635 gentia
353 1593 588 1631 conprehendantur
606 1601 629 1620 et
642 1597 834 1629 percipiuntur,
854 1604 901 1622 non
934 1596 963 1622 ub
974 1596 1073 1632 sensum
1092 1596 1199 1629 cadunt,
1224 1604 1252 1622 ut
1271 1596 1301 1622 ab
1313 1608 1350 1634 40

255 1633 343 1660 iisdem
358 1638 488 1667 ponuntur
508 1629 592 1664 ἄρχοι)
606 1629 795 1664 λογοθεώρητοι,
809 1634 940 1666 principia
957 1642 1038 1659 rerum
1051 1632 1150 1668 finfism
1159 1632 1302 1668 fugientis,

255 1676 285 1695 vt
300 1670 377 1694 atomi
396 1674 419 1693 et
433 1668 538 1692 materia
552 1675 560 1691 :
587 1664 636 1700 sed
656 1671 679 1690 ct
691 1666 795 1700 sapiens
808 1668 960 1699 Stoicorum,
978 1671 1021 1703 qui
1034 1678 1157 1703 nunquam
1165 1668 1239 1704 fuit,
1259 1677 1303 1694 noc

249 1704 359 1741 futurus
379 1700 428 1735 est,
452 1700 627 1735 λογσθεώρητος
645 1700 755 1733 dicitur,
776 1708 805 1727 vt
827 1708 850 1728 et
868 1702 995 1729 Caninius
1017 1703 1071 1729 diei
1090 1705 1168 1730 vnius
1185 1703 1301 1735 Consul,

255 1749 324 1777 quem
336 1745 441 1774 propter
453 1737 597 1763 breuitatem
609 1736 716 1762 dieculae
728 1740 802 1763 unius
810 1757 818 1769 ‚
835 1740 945 1773 cogitare
956 1739 1066 1765 homines
1078 1743 1165 1775 potius
1179 1740 1304 1776 szficlem

249 1773 345 1813 ῥιψὶ),
366 1783 438 1809 quam
452 1773 575 1809 Consulem
592 1772 675 1798 videre
687 1779 834 1807 potuerunt.

294 1805 311 1838 c'
320 1817 338 1837 o
348 1816 370 1836 N
380 1817 393 1837 s
403 1817 422 1837 ν
432 1816 448 1836 1.
457 1809 479 1835 zi
489 1816 510 1835 T
520 1815 540 1834 ν
550 1815 562 1835 s
577 1827 585 1840 ,
624 1807 663 1834 sis.
698 1816 734 1834 m.
777 1807 922 1843 [ὑπατεία]
969 1806 1085 1844 Officium
1093 1828 1101 1842 ,
1121 1810 1162 1836 vel
1178 1809 1302 1846 dignitas,

255 1848 297 1874 vel
315 1852 426 1881 tempus,
445 1853 490 1880 quo
507 1844 596 1880 Consul
612 1846 639 1869 in
658 1841 739 1878 officio
759 1844 800 1879 est.
858 1845 924 1871 Plin.
946 1854 991 1878 14,
1012 1852 1042 1878 15
1077 1845 1162 1879 Epulo
1185 1853 1250 1872 vero
1273 1845 1302 1870 in

255 1883 337 1911 tertio
352 1881 497 1908 Consulatu
509 1881 556 1906 suo
571 1879 720 1907 Falernum.
792 1879 965 1915 Multiplicati
987 1881 1136 1908 consulatus
1157 1881 1213 1907 eius
1233 1880 1304 1907 Vell.

256 1927 283 1952 2,
297 1927 334 1951 12,
349 1926 370 1950 3.
423 1916 491 1943 Add.
506 1915 594 1942 Valer.
608 1916 678 1942 Max.
694 1923 724 1948 5,
743 1922 771 1951 7,
794 1924 813 1942 1.
870 1916 945 1953 Conf.
959 1918 1081 1954 Bernegg.
1099 1917 1133 1943 ad
1145 1917 1215 1943 Suet.
1229 1917 1304 1943 Caes.

256 1963 279 1981 c.
297 1963 334 1987 19.
406 1953 548 1979 Honorum
563 1951 656 1986 populi
675 1951 735 1978 finis
748 1951 785 1977 est
798 1951 970 1986 Consulatus,
988 1956 1005 1979 ι’.
1033 1963 1153 1985 nmmum,
1166 1951 1304 1988 fastigium
1324 1967 1357 1994 50

241 1990 312 2017 cic.
326 1998 374 2023 pro
387 1988 520 2015 Planc.60
540 1996 561 2014 c.
573 1995 613 2020 25.
685 1987 754 2014 Suet.
774 1987 804 2013 in
820 1988 923 2014 Domit.
944 1997 960 2015 2
989 1990 1019 2014 In
1038 1989 1081 2015 sex
1100 1989 1303 2020 Consulatibus,

257 2024 362 2051 n‘onnifi
375 2033 457 2050 vnum
470 2023 638 2050 ordinarium
652 2022 730 2057 geffit.
766 2023 824 2050 Vid.
838 2033 897 2060 quae
908 2023 937 2050 de
949 2024 1095 2051 Ordinatio
1107 2025 1222 2052 Consule
1234 2024 1302 2050 modo

258 2059 376 2087 diximus.
447 2058 577 2084 Abdicare
591 2059 616 2083 se
629 2059 788 2090 Consulatu,
811 2062 842 2085 it.
856 2059 939 2087 Abire
953 2061 1115 2094 Consulatu,
1140 2060 1193 2087 vid.
1207 2060 1248 2087 hh.
1260 2069 1303 2086 υυ.

258 2094 377 2129 Adipisci
391 2093 447 2120 Cic.
461 2097 511 2127 ‘pro
524 2093 644 2118 Muraen.
657 2100 694 2124 53.
764 2095 880 2127 Capere,
899 2094 952 2121 vicl.
969 2101 1080 2122 CAPIO.
1153 2096 1226 2122 Idem
1246 2095 1304 2121 Post

260 2131 315 2158 red.
330 2131 359 2156 in
371 2130 454 2156 Senat.
469 2135 501 2162 27
518 2137 540 2154 c.
555 2135 577 2154 11
602 2127 637 2153 Vt
651 2126 758 2153 eaedem
771 2129 920 2160 centuriae,
937 2138 1004 2162 quae
1021 2139 1063 2156 me
1081 2131 1216 2156 consulem
1234 2131 1302 2155 fece-

258 2172 317 2194 rant
325 2186 334 2198 ,
350 2164 515 2191 consulatum
527 2171 616 2188 meum
629 2162 849 2196 comprobarent,
868 2166 885 2189 i.
899 2160 957 2188 aH'a
970 2165 1110 2198 consulatus
1121 2168 1176 2190 mei.
1223 2165 1303 2190 Com-

259 2201 411 2233 municare,
432 2198 580 2230 Conferre,
607 2197 660 2223 vid.
674 2198 716 2223 hh.
729 2207 773 2223 υυ.
845 2198 978 2233 Consequi
996 2199 1050 2224 Cic.
1072 2208 1120 2233 pro
1132 2200 1251 2225 Muraen.
1267 2204 1304 2231 85.

257 2237 331 2265 Idem
351 2244 399 2270 pro
415 2235 485 2261 Mur.
498 2241 533 2266 49
560 2232 654 2259 Vultus
674 2238 729 2258 erat
747 2231 826 2266 ipsius
845 2233 936 2266 plenus
953 2233 1071 2266 suroris,
1094 2235 1166 2261 oculi
1187 2234 1304 2266 sceleris,

258 2274 346 2300 sermo
360 2269 526 2304 arrogantiae
540 2279 545 2294 ε
579 2268 612 2294 sic
630 2273 659 2294 vt
675 2268 701 2294 ei
721 2267 774 2294 iam
787 2268 942 2301 Exploratus
963 2275 988 2294 et
1009 2269 1083 2295 domi
1099 2270 1221 2296 conditus
1234 2271 1304 2296 Con-

259 2309 355 2335 sulatus
370 2306 516 2333 videretur.
552 2305 589 2330 De
603 2304 720 2330 Catilina.
790 2303 994 2330 Constituebant
1008 2304 1179 2338 grandiorem
1193 2312 1305 2332 aetatem

259 2342 498 2372 adConsulatum,
522 2338 712 2366 adolescentiae
731 2339 910 2365 temeritatem
932 2339 1094 2373 verebantur
1112 2340 1169 2366 Cic.
1191 2340 1305 2375 Philipp.

259 2388 284 2414 ς,
297 2387 342 2414 47.
411 2378 510 2404 Get-ere
531 2375 604 2402 Idem
619 2375 650 2401 de
665 2376 733 2409 Lege
744 2375 806 2409 Agr.
823 2383 842 2407 1,
854 2383 893 2408 23.
965 2375 1096 2409 Qiinc'til.
1112 2378 1136 2407 6,
1151 2385 1177 2408 1,
1189 2383 1218 2409 35
1246 2377 1304 2403 Pcr-

259 2415 337 2443 suasit
350 2413 422 2441 enim
435 2411 505 2439 nihil
518 2411 566 2437 effe
580 2410 612 2438 ad
625 2411 787 2445 praesentem
799 2419 890 2437 rerum
903 2410 996 2437 statum
1009 2411 1111 2444 vtilius,
1126 2421 1205 2447 quam
1217 2412 1305 2446 pridie

260 2450 388 2478 Calendas
403 2447 537 2476 Ianuarias
554 2446 659 2481 ingredi
673 2446 855 2474 Consulatum.
923 2447 1014 2479 Inire,
1036 2447 1181 2482 Inuadere,
1208 2448 1260 2474 vid.
1268 2447 1304 2482 ff.

259 2487 286 2514 ll.
342 2485 471 2512 Obtinere
490 2483 544 2510 Cic.
569 2492 617 2517 pro
638 2483 757 2509 Muraen.
770 2489 815 2518 pr.
886 2483 958 2509 Patet
977 2483 1063 2509 aditus
1082 2483 1114 2509 ad
1132 2483 1304 2511 Consulatum

261 2529 317 2549 non
337 2522 419 2556 magis
440 2519 593 2550 nobilitati,
614 2527 692 2552 quam
710 2518 807 2544 virtuti
825 2517 898 2545 Idem
914 2527 963 2553 pro
980 2520 1051 2545 Mur.
1067 2527 1104 2554 17.
1176 2520 1305 2555 Qiinque

259 2556 439 2584 consulatibus
454 2554 566 2590 peractis
580 2554 668 2580 Valer.
682 2554 792 2581 Maxim.
807 2561 830 2587 5,
844 2561 871 2589 7,
892 2562 910 2580 1.
982 2555 1139 2588 Perfupfius
1153 2556 1305 2588 consulatu,

260 2592 315 2620 vid.
329 2593 353 2620 b.
368 2601 393 2618 υ.
465 2592 555 2617 Petere
574 2590 629 2616 Cic.
645 2598 694 2624 pro
706 2590 827 2617 Muraen.
841 2597 867 2625 7.
937 2589 1010 2617 Idem
1027 2591 1059 2617 de
1073 2591 1144 2626 Lege
1155 2593 1217 2626 Agr.
1233 2600 1258 2624 2,
1274 2599 1305 2625 14

263 2629 328 2656 Non
341 2627 420 2654 habet
433 2625 579 2652 consulatus
594 2626 740 2660 susceptum
752 2635 812 2655 cum
825 2625 981 2654 Tribunatu
994 2626 1103 2653 bellum.
1174 2627 1305 2655 Sustinere

262 2663 371 2692 titulum
385 2662 541 2690 Consulatus
558 2660 614 2687 Cic.
627 2661 656 2687 in
668 2661 752 2687 Pison.
767 2670 805 2694 19.
875 2676 879 2677 ν

300 2705 317 2726 C
330 2705 349 2725 0
362 2705 384 2725 N
398 2705 411 2725 s
420 2705 440 2723 V
451 2705 466 2724 L
475 2698 523 2724 AR
533 2704 542 2723 1
552 2703 564 2721 S
575 2716 582 2728 ‚
615 2705 638 2722 e.
675 2696 735 2723 Adi.
771 2696 923 2732 [ὖποιτικός]
970 2698 1022 2734 Qi
1042 2697 1132 2735 0⁰²²fi⁴¹
1143 2698 1210 2735 fuit.
1248 2699 1304 2727 CIC.

261 2735 377 2770 Philipp.
394 2739 417 2766 8,
437 2742 467 2766 ¹4
495 2734 532 2766 Q
552 2731 656 2758 Metelli
678 2738 792 2766 quatuor
814 2732 866 2759 filii
882 2733 1047 2760 Consulares.
1103 2735 1229 2770 Egregios
1245 2745 1306 2762 con-

264 2771 330 2798 sules
344 2769 480 2800 habemus,
494 2768 538 2794 secl
551 2767 707 2802 turpissimos
722 2769 868 2795 consulares
892 2769 947 2795 Cic.
968 2770 1038 2796 Fam.
1054 2778 1097 2803 12,
1111 2779 1138 2803 4.
1233 2771 1305 2798 Idem

262 2806 377 2841 Philipp.
392 2813 414 2839 ς,
429 2810 462 2839 48
483 2803 555 2838 Quid
570 2803 681 2830 Macedo
697 2803 858 2837 Alexander,
879 2813 963 2839 quum
982 2805 1015 2832 ab
1035 2805 1144 2832 ineunte
1162 2812 1245 2834 aetate
1264 2816 1305 2834 res

263 2842 390 2870 maximas
403 2849 495 2876 gerere
509 2839 646 2874 coepiffet,
665 2847 753 2865 nonne
771 2840 800 2865 in
813 2840 894 2866 tertio
913 2847 939 2866 et
951 2840 1083 2868 tricesimo
1102 2851 1171 2868 anno
1192 2849 1306 2870 mortem
1325 2857 1357 2885 75·

264 2877 334 2905 obiit
348 2879 357 2905 3
378 2885 445 2912 quae
459 2876 495 2903 est
509 2881 577 2902 aetas
590 2875 684 2901 nostris
696 2874 798 2910 legibus
818 2875 908 2901 decem
929 2876 1003 2903 annis
1017 2877 1123 2910 minor,
1137 2887 1216 2913 quam
1235 2879 1305 2906 Con-

265 2914 366 2940 sularis.
409 2911 466 2939 isid.
483 2913 573 2938 Annus
588 2919 677 2944 meus,
694 2910 798 2944 noster,
817 2910 918 2944 vester,
938 2918 982 2938 etc.
1007 2915 1035 2938 in
1055 2919 1181 2942 ΑΝΝνε.
1253 2916 1307 2942 Au-

264 2949 344 2984 spicia
359 2948 514 2976 Consularia
523 2967 532 2980 ,
553 2947 639 2984 quibus
652 2946 741 2982 Consul
751 2953 852 2973 creatur
865 2946 923 2973 Cic.
936 2955 984 2981 pro
996 2948 1117 2976 Muracn.
1128 2957 1172 2985 pr.
1210 2951 1308 2985 Cogni-

264 2987 305 3012 tio
320 2984 483 3015 Consularis,
498 2983 595 3019 summa
608 2985 718 3019 cognitio
731 2981 864 3009 vocabatur
880 2982 947 3018 apud
959 2983 1067 3016 Qun&
1082 2993 1106 3018 3,
1143 3005 1149 3012 .
1187 2986 1307 3014 Budaeus,

266 3020 384 3047 Comitia
404 3018 560 3047 Consularia
578 3019 634 3045 Cic.
651 3020 705 3045 Att.
724 3026 756 3051 9,
777 3027 803 3051 9.
874 3017 985 3044 Familia
1006 3019 1078 3046 Idem
1099 3030 1148 3056 pro
1165 3021 1248 3049 Plane.
1267 3031 1305 3056 59.
1328 3029 1361 3056 80

266 3056 335 3082 Suet.
348 3056 376 3082 in
390 3055 496 3090 August.
504 3063 525 3081 e.
534 3057 568 3087 69
587 3054 695 3081 Obiecit
708 3054 734 3081 ei
747 3053 918 3081 Consularem
930 3054 1064 3081 Feminam
1083 3065 1097 3082 e
1114 3057 1234 3083 triclinio
1254 3059 1309 3086 viri

267 3099 356 3117 eoram
376 3092 403 3117 in
422 3090 575 3117 cubiculum
592 3089 739 3117 addudhm.
775 3089 929 3117 Consulares
950 3096 1037 3116 autem
1051 3092 1169 3119 Feminas
1186 3093 1308 3128 dicimus,

268 3126 454 3154 Consularium
469 3135 564 3153 vxores
584 3125 601 3153 l.
617 3134 626 3152 1
649 3127 681 3152 D.
697 3125 729 3152 de
742 3125 921 3153 Senatoribus.
992 3126 1135 3161 Imperium
1156 3129 1211 3155 Cic.
1227 3129 1254 3155 in
1268 3131 1307 3157 Pi-

269 3161 323 3188 son.
337 3166 372 3193 38.
443 3162 554 3196 Infignia
573 3161 639 3188 Vell.
653 3170 679 3194 2,
694 3166 731 3195 58,
746 3169 768 3194 3.
842 3161 932 3189 Tacit.
947 3161 1016 3188 Ann.
1030 3170 1065 3195 13,
1086 3172 1123 3195 10,
1143 3173 1162 3190 1.
1195 3171 1219 3190 ct
1238 3166 1305 3192 Hist.

270 3205 299 3230 4,
313 3206 341 3229 4,
354 3205 375 3228 3.
445 3197 538 3224 Lictor
552 3197 646 3224 Horat.
662 3198 749 3224 Carm.
762 3205 784 3230 2,
798 3198 835 3230 16,
848 3205 874 3230 9.
945 3197 1066 3224 Libidini
1079 3199 1219 3226 Consulari
1234 3202 1307 3228 resti-
1323 3210 1354 3239 85

269 3232 302 3259 tit
318 3231 357 3258 vis
370 3231 533 3259 Tribunicia
547 3242 738 3269 nonnunquam
752 3233 808 3260 Cic.
819 3233 851 3259 de
865 3233 935 3268 Lege
947 3234 1009 3268 Agr.
1025 3242 1048 3266 2,
1062 3242 1100 3268 14.
1154 3236 1226 3262 Loco
1240 3238 1307 3264 Con.

269 3267 350 3295 sulari
366 3268 517 3294 sementiam
531 3268 618 3295 dicere
633 3269 705 3296 Idem
719 3268 831 3305 Philipp.
848 3277 868 3302 1,
884 3276 918 3301 15.
953 3270 984 3296 Et
998 3269 1108 3305 Philipp.
1116 3277 1142 3305 7,
1158 3279 1183 3303 15
1202 3275 1307 3305 Quanta

270 3304 341 3330 enim
360 3303 411 3329 crit
425 3302 470 3328 illa
483 3303 604 3338 Reipubl.
620 3305 758 3337 turpitudo
792 3320 839 3325 —-
874 3304 962 3331 dicere
981 3305 1009 3332 in
1027 3304 1077 3332 hoc
1095 3306 1189 3333 ordine
1208 3309 1307 3336 sentcn-

269 3340 335 3367 tiam
348 3339 386 3365 M.
402 3338 545 3364 Antonium
559 3340 697 3367 Consulari
718 3340 787 3368 loco.
859 3340 915 3367 Cic.
930 3340 1042 3376 Philipp.
1056 3350 1082 3375 2,
1096 3350 1120 3375 13
1147 3342 1202 3376 Qi
1220 3344 1273 3371 duo
1291 3354 1305 3372 c

271 3373 412 3402 Consulari
425 3382 537 3400 numero
552 3374 618 3400 sunt.
687 3374 813 3403 Officium
829 3375 902 3403 Idem
916 3385 964 3410 pro
978 3377 1068 3404 Rabir.
1081 3377 1152 3413 perd.
1165 3386 1212 3404 reo
1226 3388 1241 3406 2
1257 3389 1304 3408 c.1.
1323 3393 1359 3419 90

271 3411 433 3437 Ornamenta
452 3409 557 3435 Sueton.
573 3409 666 3436 Claud.
698 3420 720 3438 c.
742 3419 764 3445 ς.
835 3412 993 3439 Prouinciae
1013 3413 1069 3440 Cic.
1089 3422 1139 3449 pro
1157 3414 1245 3441 Domo
1262 3425 1305 3450 24-

271 3445 414 3473 Consulare
428 3444 528 3472 Vinum
541 3445 670 3471 Martialis
688 3453 768 3473 aetate
785 3447 923 3481 vocabant,
944 3448 1008 3484 quod
1026 3449 1103 3476 libera
1118 3449 1198 3476 adhuc
1209 3452 1309 3486 chubl.

270 3481 411 3515 conditum,
428 3489 476 3507 non
495 3480 569 3506 aliam
587 3483 677 3506 aetatis
694 3488 792 3517 notam,
814 3490 885 3519 quam
897 3484 1019 3520 confidam
1033 3487 1130 3511 nomina
1148 3485 1233 3513 habere
1241 3494 1310 3522 potc-

270 3524 313 3543 ναι
321 3528 328 3542 .·
347 3514 508 3552 cumpqſtrro
525 3521 630 3550 tempore
643 3516 769 3552 Caesarum
780 3519 919 3555 consulatus
931 3519 1032 3546 tabellas
1045 3527 1199 3557 occuparent.
1243 3524 1311 3552 Hinc

271 3552 353 3579 ludum
372 3552 534 3589 intelligimus
551 3560 575 3584 7,
589 3557 621 3584 78
1325 3573 1358 3600 95

467 3587 560 3613 Potaui
580 3585 661 3612 modo
683 3587 817 3615 consulare
836 3589 939 3616 vinum.

467 3622 580 3655 Quaeris
601 3629 680 3655 quam
699 3628 773 3649 vetus
793 3629 870 3658 atque
890 3624 1023 3652 liberale?

467 3658 527 3692 Ipst»
547 3657 661 3684 Consule
678 3657 835 3690 conditum3
866 3660 908 3686 scd
929 3661 1000 3695 ipse,

468 3693 523 3728 Qui
543 3692 676 3728 ponebat,
693 3698 768 3726 erat,
787 3693 883 3721 Seuere
901 3697 1007 3723 Consul.

272 3722 294 3788 ἒ
314 3734 330 3752 2.
355 3726 521 3767 Consularis,
535 3735 585 3765 pro
599 3726 695 3773 region
702 3731 863 3764 prouinciae,
875 3729 1053 3766 posterioribus
1065 3733 1226 3769 temporibus:
1252 3734 1306 3762 vid.
1319 3748 1365 3767 100

295 3769 378 3788 ronou.
394 3762 459 3795 Obſj.
475 3765 538 3791 Eccl.
559 3773 581 3791 c.
596 3772 630 3791 21.

309 3797 598 3827 consvtnnirss
609 3806 638 3826 R.
672 3797 740 3826 Adu.
777 3797 939 3834 [ὑπατικῶς]
975 3801 1035 3828 Liu.

272 3831 453 3859 consulariter
463 3835 535 3869 asta,
554 3837 572 3861 i.
587 3835 630 3861 vbi
643 3833 743 3872 dignum
760 3841 815 3860 erat
827 3834 955 3870 Consulari
973 3840 1037 3864 viro.

310 3871 327 3893 C
338 3874 357 3894 0
367 3874 388 3893 N
397 3874 410 3894 S
419 3874 439 3893 V
450 3876 465 3894 1.
475 3877 495 3896 Λ
506 3877 523 3896 R
535 3869 575 3896 ἵΤ
584 3877 606 3897 Α
614 3877 627 3897 s
641 3889 650 3902 ,
684 3869 739 3896 atis.
775 3869 794 3896 f.
837 3871 931 3897 Munus
950 3871 1069 3908 Consulis.

247 127 323 174 1183

247 210 287 236 sul
301 208 347 235 Sil.
362 217 396 240 13,
410 210 470 241 269.
494 239 504 247 „

248 244 367 271 tondendi
378 254 407 270 ca
426 244 488 270 illos.

1319 1787 1353 1814 45

1323 2139 1353 2163 ⁵5

1323 2317 1357 2341 60

1322 2676 1358 2704 70

1049 3812 1077 3836 4,
1096 3812 1126 3830 10
1145 3803 1206 3851 Vita
1219 3805 1306 3832 omnis

271 3901 338 3930 Cod.
351 3902 390 3930 tit.
400 3911 426 3935 ¹9
447 3904 647 3932 consularitatis
655 3903 875 3932 honorefundms.
917 3906 972 3932 Vid.
983 3915 1055 3935 etl-lm
1071 3874 1304 3947 puapfflaissspff:
1320 3927 1363 3953 ,οἱ

270 3946 295 3972 p.
309 3946 344 3971 99
362 3938 405 3965 vbi
417 3938 497 3965 eadem
510 3949 559 3966 vox
571 3943 705 3967 inuenitur.

1325 356 1339 382 ς
1365 347 1396 372 Et
1410 346 1473 381 quia
1488 347 1652 373 consimilem
1669 348 1764 376 luserat
1784 352 1837 377 iam
1850 350 1916 377 olim
1934 349 1979 376 ille
1992 350 2093 377 ludum.

1347 564 1349 567 “
1369 570 1441 593 ram,
1463 570 1505 587 me
1523 561 1763 595 potislimum„etc.

1324 1256 1356 1280 30

1347 2106 1349 2110 ’
1371 2096 1488 2123 constitit
1506 2098 1566 2124 exul
1586 2098 1679 2125 humo.

1348 2494 1357 2501 -
1373 2481 1406 2515 2st
1419 2486 1470 2509 niti
1479 2492 1509 2509 ac
1516 2483 1689 2520 Jitstentarese
1701 2484 1779 2518 hasta.

1400 204 1655 240 CONSIM'iLrs,
1676 216 1699 235 e.
1737 207 1797 234 Adi.
1836 204 1954 242 [gamm]

1365 243 1450 266 traria
1457 239 1520 274 sunt
1534 241 1667 269 Diffimilis
1685 249 1759 279 atquc
1773 242 1916 270 Ablimilis.

1365 275 1508 301 consimilis
1527 276 1562 301 est
1581 282 1659 311 atque
1678 288 1735 314 ego.

1366 311 1449 336 Causa
1468 312 1572 338 Lucret.
1587 323 1615 346 4,
1629 321 1684 347 ²34·

2329 134 2411 180 ¹¹84
2442 154 2443 159 ,

1992 207 2070 241 Idem,
2090 211 2154 245 quod
2165 211 2281 246 Similis,
2300 216 2341 241 cui
2353 224 2411 243 con·
2441 215 2444 229 ‘

1972 243 2054 284 Plaut.
2069 246 2163 280 Amph.
2179 257 2203 280 1,
2221 258 2248 282 1,
2265 254 2310 284 287
2337 250 2410 281 Tam
2440 259 2443 266 ·

1810 280 1923 306 Carmen
1936 278 2072 306 consimile
2085 281 2165 309 Ouid.
2178 292 2209 310 ex
2222 286 2296 311 Pont.
2310 293 2333 318 3,
2346 293 2373 320 7,
2386 295 2410 319 3.

1755 315 1838 342 Color
1857 314 1931 341 Idem
1944 323 1975 347 2,
1996 317 2054 344 806.
2125 317 2194 344 Ter.
2209 320 2273 346 Eun.
2292 329 2316 352 3,
2335 328 2358 353 5,
2381 328 2410 354 38

2165 353 2224 380 Rati
2362 375 2368 382 .

1500 384 1614 409 Genitiuo
1628 382 1738 409 iunftum
1755 386 1823 412 Ter.
1838 387 1933 412 Heaut.
1948 394 1974 418 2,
1990 394 2017 419 4,
2031 395 2054 418 13
2080 386 2164 413 Cuius
2177 356 2360 417 τηυξπιξὲἰςιῖιξετ
2375 366 2410 420 eli
2440 403 2444 424 ι
2467 407 2474 424 =

1367 417 1511 458 consimilis
1527 417 1651 445 vestrsun.
1711 419 1767 445 Cic.
1786 420 1816 447 de
1829 423 1902 448 Orat.
1919 431 1945 454 1,
1961 430 2009 455 140
2035 422 2120 448 Causa
2134 422 2224 458 aliqua
2236 424 2317 459 posita
2332 427 2412 455 confi.
2460 440 2474 460 Ἰ..1

1366 453 1426 480 111111
1440 455 1574 480 causarum
1589 463 1697 487 earum,
1716 464 1783 490 quae
1802 456 1831 482 in
1843 458 1932 484 forum
1947 457 2110 485 deferuntur.
2166 460 2197 485 Et
2211 461 2321 493 Datiuo,
2340 462 2408 491 Ter.
2440 463 2441 468 ¹
2463 463 2474 497 *1

1368 489 1465 516 Heaut.
1484 498 1508 522 2,
1522 499 1550 523 4,
1564 498 1580 516 2
1605 490 1650 517 Isti
1662 490 1782 523 formae,
1805 500 1892 518 mores
1911 499 1940 520 vt
1954 493 2101 520 consimiles
2114 494 2210 521 forent.
2273 495 2329 522 Cic:
2343 497 2408 527 Phil.
2440 506 2441 512 ¹
2461 498 2474 530 il

1368 533 1394 557 2,
1410 530 1441 554 28
1464 526 1545 559 Qiod
1561 535 1644 560 quum
1657 535 1714 553 rem
1727 526 1847 561 gestisset„
1860 528 2021 556 consimilem
2035 529 2113 556 rebus
2126 530 2174 562 iis,
2193 539 2257 565 quas
2270 530 2325 565 ipse
2335 534 2418 567 geffe-.
2440 542 2442 552 ν
2465 542 2470 557 τ

1836 563 1987 591 Consimilis
2006 565 2127 592 moribus
2146 566 2215 592 Ter.
2230 567 2325 593 Heaut.
2344 576 2372 601 ς,
2388 577 2411 604 3,

1371 599 1408 623 16.
1463 597 1570 623 Necesse
1585 597 1636 629 est,
1655 597 1801 625 consimilia
1815 599 1939 633 consequi
1954 601 2097 627 consimilia
2113 600 2186 627 Idem
2201 602 2295 628 Heaut.
2312 611 2331 634 1,
2343 612 2408 638 2,33.
2465 616 2468 622 ·

1405 638 1449 671 oo
1462 638 1482 656 N
1495 633 1733 672 s1M1L1'T1-2R.
1773 633 1841 660 Adu.
1879 634 1947 660 Gell.
1963 643 2002 670 17,
2015 645 2032 669 9
2055 637 2156 664 Surculi
2176 636 2257 663 derasi
2276 643 2354 673 atque
2371 648 2412 669 or-
2440 639 2448 653 ¹'

1366 672 1422 692 nati
1438 668 1619 695 consimiliter.
1655 669 1722 697 Adai.
1737 669 1776 696 Id.
1792 678 1822 702 11,
1834 678 1856 703 5.
1893 670 1996 697 Arnob.
2013 679 2022 698 1
2045 681 2070 707 p.
2086 682 2125 699 20.
2153 679 2177 699 ec
2195 681 2208 699 ε
2228 682 2254 708 p.
2267 680 2308 707 52.
2428 669 2441 703 s

1408 702 1735 738 CONsnuici'rAs,
1760 706 1820 732 atis.
1855 705 1876 732 f.
1911 705 2048 740 Augustin.
2078 734 2085 738 ,
2439 703 2442 725 ¹

1405 742 1834 773 CONslnr11L1T17D0‚i¹nis.
1871 741 1890 767 f.
1926 742 2110 770 ICt.inCod.
2430 740 2441 754 ¹·

1404 779 1738 809 conmmvcwmo,
1767 778 1834 803 onis.
1871 776 1890 803 f.
1928 777 2037 804 Firmic.
2427 771 2440 801 ⁸¹

1405 815 1501 837 CONS
1512 817 1634 844 1NG1s,
1655 812 1814 839 Nicomedis
1829 812 1969 845 Bithyniae
1988 813 2057 848 regis
2075 822 2158 848 vxor,
2177 824 2245 850 quae
2264 823 2280 842 a
2296 823 2358 843 cane
2374 816 2412 845 la·
2429 837 2432 841 ,

1367 850 1454 871 cerata
1466 846 1566 879 fertur,
1586 854 1697 882 propter
1709 848 1875 875 lasciuiorem
1889 857 1949 875 cum
1962 850 2061 876 marito
2073 849 2163 876 iocum
2176 851 2242 878 Plin.
2256 850 2280 884 ἐ,
2293 861 2321 886 4.
2429 850 2440 884 ζ,

1404 886 1594 910 CONSIPIO
1609 902 1616 915 ,
1648 886 1701 911 ere.
1743 885 1856 920 Vndique
1869 885 1975 920 sapere,
1999 888 2089 912 mentis
2109 894 2238 921 compotem
2256 885 2309 920 ‘ffi-
2349 885 2412 916 Non
2438 898 2440 904 ¹

1369 917 1502 944 mentibus
1518 918 1603 945 solum
1623 920 1772 955 consipere,
1799 920 1841 946 scd
1855 929 1888 946 ne
1902 920 2012 947 auribus
2025 920 2134 956 quidem
2150 927 2176 947 et
2187 922 2271 949 oculis
2283 921 2343 949 satis
2356 922 2418 950 coir.
2438 922 2440 929 ¹

1369 951 1435 979 stare
1449 959 1570 988 poterant
1589 955 1650 982 Liu.
1666 963 1687 989 ς,
1702 965 1746 989 42.
1803 956 1897 983 Vereri
1911 957 1953 989 se,
1973 966 2006 983 ne
2017 963 2103 992 patres
2121 957 2154 984 de
2167 957 2232 984 statu
2245 958 2342 984 mentis
2354 958 2412 990 suae
2434 954 2441 977 *²

1369 986 1519 1022 deturbati,
1540 999 1594 1017 non
1608 991 1668 1017 satis
1685 991 1848 1026 consiperent
1861 992 1929 1018 Gell.
1944 1000 1971 1027 7,
1986 1001 2007 1025 3.
2437 979 2441 1022 l

1407 1029 1424 1050 c
1436 1031 1455 1051 o
1465 1032 1486 1051 N
1496 1033 1508 1052 s
1518 1033 1526 1052 1
1537 1033 1610 1065 r‘rv
1619 1034 1660 1059 M,
1681 1034 1731 1063 pro
1746 1028 1878 1063 Consepto
1897 1028 2028 1065 usurpauit
2041 1027 2157 1061 Ennius,
2175 1025 2233 1062 teste
2243 1028 2333 1061 Festo,
2347 1016 2414 1061 coii-
2434 1026 2440 1078 ἰ

1370 1059 1465 1094 siptum
1484 1061 1564 1088 clauis
1578 1063 1732 1096 praefixum.
2438 1082 2440 1104 μ

1407 1102 1423 1123 C
1436 1104 1455 1123 0
1465 1104 1487 1122 Ν
1496 1104 1508 1123 s
1519 1105 1528 1124 1
1538 1105 1550 1124 S
1559 1105 1580 1124 T
1591 1103 1611 1124 O
1621 1117 1629 1129 ‚
1656 1099 1760 1125 constiti
1768 1119 1777 1132 ,
1804 1099 1960 1132 constitum,
1983 1098 2059 1126 stete.
2096 1098 2265 1134 [συνῖςοιμαι]
2313 1101 2414 1136 Propria
2433 1105 2442 1128 ’1

1373 1131 1402 1172 ,V
1400 1141 1432 1158 na
1436 1130 1524 1165 stare,
1536 1134 1577 1159 vel
1587 1133 1712 1168 firmiter,
1730 1142 1833 1197 viroque
1845 1135 1904 1171 pede
1913 1155 1921 1168 ,
1932 1135 2011 1169 star-e.
2053 1134 2111 1162 Nec
2124 1134 2263 1162 vobiscum
2277 1133 2413 1170 quisquai'u

1370 1175 1399 1193 in
1419 1167 1481 1194 foro
1504 1168 1575 1203 frugi
1596 1169 1733 1196 consistere
1754 1179 1785 1197 au
1806 1177 1830 1198 et
1850 1171 1931 1198 Plaut.
1947 1171 2024 1198 Cure.
2037 1179 2065 1204 4,
2085 1173 2160 1202 2,16.
2232 1171 2288 1198 Cic.
2302 1171 2412 1200 Audin
2434 1186 2437 1199 ι

1371 1204 1448 1230 Verr.
1463 1212 1491 1237 19
1512 1205 1580 1231 Cum
1595 1204 1646 1231 hoc
1663 1206 1793 1239 consistit,
1814 1207 1883 1233 hunc
1902 1206 2082 1242 amplexatur,
2100 1206 2170 1233 hunc
2188 1206 2262 1233 iubet
2282 1207 2335 1233 fine
2354 1216 2413 1236 cura
2434 1210 2446 1240 t?
2465 1209 2470 1218 '

1372 1239 1429 1265 esse.
1503 1240 1584 1268 Plaut.
1599 1242 1661 1268 Aul.
1675 1251 1699 1275 3,
1712 1251 1740 1276 4,
1755 1251 1778 1276 15
1805 1244 1859 1269 Iam
1872 1252 1941 1269 nunc
1955 1251 2010 1269 non
2022 1242 2104 1268 ausnn
2116 1242 2260 1276 praeterire
2276 1243 2341 1277 quin
2355 1249 2418 1271 con-i
2459 1275 2461 1278 ⁴

1373 1274 1457 1315 sistam
1472 1281 1497 1302 et
1512 1276 1658 1312 colloquar.
1728 1278 1797 1305 Ter.
1813 1278 1924 1314 Adelph.
1938 1287 1969 1311 2,
1983 1286 2008 1310 1,
2025 1286 2041 1304 2
2067 1277 2160 1304 Otiose
2179 1287 2248 1304 nunc
2269 1279 2323 1305 iam
2342 1278 2413 1308 illico
2438 1296 2439 1308 ι

1373 1309 1416 1338 hic
1436 1311 1552 1338 confiste.
1595 1313 1642 1339 Vbi
1661 1313 1795 1346 Donatus,
1826 1314 1988 1347 Conlistere,
2012 1313 2049 1340 cst
2067 1313 2199 1340 Audacter
2223 1320 2249 1341 et
2268 1314 2412 1343 constanter
2438 1319 2439 1322 ’

1371 1346 1447 1373 stare.
1519 1348 1574 1375 Cic.
1596 1357 1645 1383 pro
1660 1350 1735 1376 Rosc.
1750 1351 1827 1377 Com.
1842 1355 1874 1383 48
1898 1351 1954 1385 Ipsa
1975 1349 2044 1376 mihi
2063 1350 2162 1376 veritas
2180 1358 2287 1376 manum
2308 1350 2413 1385 iniecit,

1372 1388 1398 1408 et
1415 1383 1556 1418 paullisper
1574 1385 1711 1412 consistere
1724 1391 1749 1412 et
1762 1387 1925 1413 commorari
1945 1386 2021 1412 iuffit.
2092 1386 2184 1412 Tanta
2203 1386 2232 1412 vi
2252 1386 2281 1412 in
2296 1386 2412 1421 Pompeii

1371 1418 1473 1453 equites
1492 1420 1621 1454 impetum
1641 1421 1776 1454 fecerunt,
1795 1428 1824 1449 vt
1843 1431 1937 1449 eorum
1955 1429 2034 1448 nemo
2055 1420 2202 1448 consisteret
2219 1422 2292 1449 Caes.
2308 1422 2371 1449 Bell.
2382 1423 2412 1450 C.

1370 1462 1394 1486 3,
1407 1462 1448 1487 93.
1483 1455 1551 1483 Add.
1566 1456 1639 1482 Idem
1654 1457 1718 1483 Bell.
1734 1458 1765 1483 G.
1779 1466 1804 1491 2,
1819 1466 1856 1493 17.
1927 1457 2024 1484 Balbus
2038 1456 2085 1493 Jisb
2099 1457 2155 1484 Cic.
2169 1457 2223 1484 Att.
2238 1463 2261 1490 8,
2277 1465 2302 1490 15
2326 1459 2413 1492 Quum

1371 1490 1533 1522 constiterit,
1555 1497 1581 1518 et
1598 1492 1694 1519 timere
1713 1492 1827 1520 desierit.
1863 1492 1904 1527 Est
1918 1496 1999 1530 igitur
2012 1499 2113 1529 pugnae
2131 1493 2244 1525 uerbum,
2265 1493 2330 1529 quod
2340 1495 2368 1520 de
2379 1496 2413 1521 its

1369 1525 1480 1559 dicitur,
1500 1530 1543 1562 qui
1554 1537 1602 1553 non
1611 1527 1739 1564 fugiunt,
1751 1528 1799 1564 fid
1809 1528 1887 1565 firmo
1902 1529 1965 1565 pede
1983 1527 2103 1562 etstabili
2123 1526 2226 1565 vestigio
2245 1527 2334 1562 btfiem
2353 1531 2414 1556 exci-

1365 1564 1450 1596 piunt.
1488 1564 1556 1588 Hinc
1569 1563 1735 1600 adforcnsem
1748 1567 1822 1590 etiam
1836 1565 1964 1601 causarum
1976 1566 2094 1591 militiam
2106 1564 2234 1600 refertur,
2253 1564 2281 1591 de
2294 1574 2341 1600 qua
2354 1573 2411 1598 n.3.
2438 1567 2439 1570 ¹

1370 1596 1438 1623 Atia.
1454 1598 1558 1625 Petrou.
1574 1607 1611 1631 19.
1664 1600 1720 1626 Cic.
1734 1600 1763 1626 in
1775 1601 1849 1627 Orat.
1863 1606 1895 1634 98
1919 1601 2086 1634 Minimeque
2099 1600 2128 1626 in
2141 1599 2246 1627 lubrico
2259 1600 2412 1633 versabitur,
2438 1622 2439 1626 ,

1371 1639 1396 1658 et
1412 1632 1429 1659 fi
1444 1634 1522 1660 semel
1537 1634 1699 1667 constiterit,
1718 1645 1854 1670 nunquam
1869 1635 1950 1662 cadet.
2021 1637 2098 1662 Vires
2118 1635 2263 1670 prohibent
2280 1636 2412 1664 consistere
2438 1647 2440 1662 ¹.

1371 1677 1429 1699 me,
1449 1671 1473 1695 ir
1481 1670 1509 1696 oh
1522 1673 1615 1696 virium
1634 1671 1826 1698 imbecillitatem
1836 1670 1965 1707 subsistere
1977 1680 2025 1697 non
2033 1670 2126 1706 polium
2143 1672 2228 1703 Quid.
2243 1673 2308 1698 Met.
2321 1679 2346 1707 7,
2358 1679 2410 1707 573.
2437 1682 2440 1694 ³

1371 1704 1461 1744 Naues
1481 1720 1526 1724 —
1546 1705 1670 1733 aduersae
1684 1707 1779 1734 nostris
1795 1707 1971 1735 constiterunt
1983 1708 2054 1733 Caes.
2072 1707 2098 1733 Β.
2114 1707 2181 1733 Gall.
2196 1716 2218 1740 3,
2233 1716 2271 1741 14.
2325 1706 2411 1735 Obuia
2438 1737 2439 1746 ¹

1369 1739 1431 1766 duc1
1445 1740 1561 1767 constitit
1574 1740 1651 1767 turba
1665 1742 1762 1769 Lucan.
1775 1752 1804 1775 3,
1828 1749 1863 1774 81.
1934 1743 2060 1770 Constitit
2078 1751 2208 1778 nusquam
2227 1744 2281 1770 Cic.
2295 1743 2364 1770 Fam.
2379 1750 2411 1774 11,
2437 1738 2451 1760 ⁴¹

1371 1783 1399 1814 13-
1417 1774 1583 1815 *defugienta
1654 1777 1736 1804 Plaut.
1751 1779 1815 1805 Cist.
1829 1789 1857 1812 4,
1872 1787 1895 1810 2,
1908 1787 1939 1810 30
1967 1780 2023 1804 Iam
2035 1778 2086 1804 hoc
2099 1778 2159 1805 loco
2175 1787 2235 1805 cum
2251 1779 2336 1805 altero
2353 1786 2412 1805 con·
2450 1807 2452 1809 ,

1371 1810 1445 1837 stitit.
1518 1811 1645 1838 Constitit
1657 1813 1703 1840 vix
1717 1813 1836 1840 triduum
1849 1815 1949 1840 Romae
1963 1814 2019 1840 Cic.
2035 1815 2110 1840 Verr.
2126 1822 2146 1846 1,
2161 1822 2209 1842 101.
2266 1816 2334 1841 Ante
2353 1822 2413 1841 ocu-

1372 1846 1412 1872 los
1429 1846 1511 1873 Ouid.
1529 1847 1606 1882 Epist.
1620 1856 1654 1880 13,
1669 1851 1719 1875 161.
1789 1850 1856 1876 Ante
1868 1849 1945 1884 pedes
1959 1849 2071 1875 alicuius
2084 1850 2179 1875 Lucan.
2193 1857 2218 1881 2,
2233 1857 2290 1883 509.
2345 1850 2412 1876 Ante
2438 1845 2439 1854 ¹

1371 1881 1462 1908 vultus
1480 1882 1592 1909 alicuius
1613 1883 1694 1910 Ouid.
1708 1884 1786 1919 Epist.
1801 1894 1848 1918 20,
1862 1893 1903 1919 73.
1977 1884 2086 1918 Propius
2105 1885 2177 1910 Idem
2197 1885 2229 1911 de
2242 1887 2305 1912 Arte
2317 1886 2377 1912 Am.
2389 1892 2413 1921 3,
2438 1911 2439 1915 ,

1371 1919 1435 1952 467.
1507 1919 1607 1945 Contra
1621 1919 1715 1954 Virgil.
1729 1921 1793 1946 Aen.
1808 1929 1845 1952 12,
1858 1929 1913 1954 271.
1970 1921 2042 1946 Caes.
2058 1920 2122 1946 Bell.
2138 1921 2168 1946 G.
2188 1929 2203 1946 2
2228 1929 2248 1946 c.
2265 1929 2302 1955 17.
2375 1921 2412 1947 Ex

1372 1953 1480 1980 diuerso
1496 1954 1625 1988 Qinffil.
1640 1965 1669 1988 4,
1683 1963 1702 1981 1.
1758 1957 1829 1982 Caes.
1844 1955 1907 1982 Bell.
1922 1955 1989 1982 Gall.
2004 1964 2032 1988 4,
2046 1958 2077 1982 26
2097 1955 2189 1982 Nostri
2203 1955 2279 1982 fimul
2293 1957 2323 1982 In
2336 1956 2413 1982 arido
2438 1971 2440 1975 ν

1371 1988 1551 2016 constiterunt.
1622 1991 1653 2017 In
1666 1991 1722 2017 acie
1759 1992 1850 2018 Tacit.
1865 1992 1931 2017 Ann.
1947 1999 1970 2023 2,
1982 1995 2022 2021 80-
2094 1991 2151 2017 Sen.
2164 1990 2236 2017 Med.
2252 1999 2283 2024 2,
2304 1996 2317 2021 8
2341 1992 2413 2018 Haec
2438 1990 2446 2022 {i

1372 2033 1456 2059 quum
1470 2026 1593 2061 virgineo
1614 2026 1732 2053 constitit
1745 2028 1776 2053 In
1795 2027 1893 2059 choro,
1914 2027 1999 2053 Vnius
2018 2026 2098 2052 facies
2114 2026 2261 2060 praeminet
2280 2026 2414 2052 omnibus.

1371 2061 1402 2087 ln
1415 2060 1506 2087 medio
1521 2062 1660 2096 conspeetu
1673 2062 1748 2097 Virg.
1761 2063 1826 2089 Aen.
1840 2071 1866 2095 2,
1880 2065 1920 2092 68.
1991 2061 2072 2088 Ouid.
2086 2061 2150 2087 Fast.
2166 2069 2186 2092 1,
2202 2069 2256 2093 490
2283 2062 2314 2087 In
2326 2062 2412 2089 Aonia
2448 2064 2449 2068 ’

1749 2099 1828 2125 Latio
1849 2097 1985 2125 consistere
1997 2097 2121 2123 Teucros
2133 2096 2229 2131 Virgil.
2243 2097 2306 2122 Aen.
2328 2101 2357 2133 8r,
2375 2105 2412 2124 10.
2440 2119 2441 2124 ,

1377 2132 1425 2157 Vbi
1437 2133 1560 2166 Seruius,
1578 2134 1740 2166 Consistere,
1760 2134 1887 2169 fignificat
1899 2135 1955 2160 Iam
1976 2132 2098 2159 conditos
2117 2132 2180 2164 effe,
2198 2131 2225 2158 id
2245 2131 2281 2158 est
2299 2132 2442 2159 fundasse.-

1371 2166 1516 2192 ciuitatem.
1596 2169 1658 2194 Oris
1679 2169 1788 2202 placidis
1809 2171 1926 2204 Propert.
1947 2177 1972 2201 1,
1992 2177 2041 2200 20,
2060 2176 2097 2194 21.
2170 2167 2299 2194 Pontibus
2317 2166 2411 2199 crebris
2425 2174 2436 2202 11

1370 2208 1430 2239 apes
1444 2200 1585 2228 consistunt
1597 2203 1671 2237 virg.
1681 2204 1779 2238 Georg.
1787 2214 1815 2238 4,
1824 2213 1866 2239 27.
1919 2204 2016 2231 Tectis
2028 2204 2090 2230 Stat.
2099 2202 2189 2229 Theb.
2203 2211 2222 2235 1,
2235 2212 2289 2236 124.
2325 2204 2369 2230 Te
2388 2198 2399 2210 ⁰

1371 2236 1463 2275 aliqua
1477 2236 1551 2272 Virg.
1560 2238 1624 2264 Aen.
1640 2247 1660 2271 1,
1675 2241 1732 2271 663.
1804 2240 1894 2266 Terra
1907 2239 1993 2274 prima
2007 2239 2144 2265 constitere
2156 2238 2230 2265 Idem
2243 2239 2309 2266 Aen.
2324 2248 2345 2272 1,
2358 2246 2371 2272 5

1370 2273 1388 2297 i.
1404 2271 1505 2298 Litore.
1546 2273 1660 2300 Seruius.
1716 2275 1807 2302 Terra
1822 2275 1906 2310 patria
1919 2274 2056 2301 confistere
2070 2274 2145 2309 Virg.
2160 2275 2224 2300 Aen.
2237 2283 2276 2307 10,
2288 2282 2328 2309 73.

1372 2306 1488 2334 thalamo
1509 2309 1626 2343 Propert.
1647 2318 1674 2342 1,
1692 2318 1727 2343 15,
1741 2315 1775 2340 18.
1847 2311 1928 2345 Super
1947 2310 2033 2344 ripam
2053 2310 2134 2336 Ouid.
2151 2311 2213 2336 Met.
2229 2311 2255 2341 6,
2267 2318 2322 2344 373.

1372 2342 1412 2368 hic
1425 2344 1509 2379 legunt
1523 2344 1674 2372 Considere.
1745 2346 1818 2372 Caes.
1833 2345 1896 2373 Bell.
1911 2346 1971 2373 Ciu.
1982 2355 2013 2378 5,
2033 2354 2076 2372 102
2100 2346 2156 2380 Ipse
2170 2345 2210 2372 Ad
2225 2354 2348 2372 ancoram

1373 2376 1451 2402 noete
1465 2379 1596 2412 constitit,
1616 2380 1644 2406 de
1657 2384 1800 2417 nauigante.
1872 2381 1913 2408 Ad
1931 2387 2004 2415 terga
2022 2382 2132 2408 alicuius
2151 2381 2232 2408 Ouid.
2247 2380 2313 2408 Fast.
2329 2387 2376 2414 5,5
2401 2386 2408 2406 ‘s
2433 2378 2448 2416 η’

1373 2411 1479 2438 Luci-et.
1493 2421 1514 2443 2,
1528 2420 1575 2453 5834
1595 2416 1676 2449 Qiod
1689 2424 1784 2450 genere
1797 2417 1834 2442 Ex
1846 2425 1900 2442 vno
1916 2417 2035 2443 consistat
2050 2417 2244 2451 principiorum
2254 2437 2262 2449 ,
2281 2420 2300 2444 i.
2316 2414 2408 2450 consta.

1373 2448 1405 2473 Et
1417 2455 1441 2478 2,
1457 2449 1510 2480 696
1532 2449 1653 2476 Dissimili
1672 2452 1741 2477 inter
1755 2452 1780 2477 se
1796 2451 1932 2478 consistere
1947 2453 2056 2480 summa.
2126 2453 2157 2478 In
2176 2451 2246 2479 hasta
2266 2451 2409 2483 consistere,
2441 2460 2443 2464 ·

1848 2486 1935 2513 Valer.
1950 2487 2031 2513 Flacc.
2047 2492 2075 2517 8,
2089 2494 2127 2518 133
2152 2488 2234 2520 Rapta
2248 2487 2337 2514 vidior
2352 2494 2409 2514 con·
2437 2495 2440 2505 ¹

1374 2517 1437 2545 tistit
1450 2519 1479 2545 in
1492 2519 1571 2546 hasta.
1633 2520 1708 2546 Acies
1721 2521 1834 2547 consistit
1847 2521 1875 2547 in
1889 2530 1981 2556 agmen
1995 2521 2152 2556 quadratum
2165 2521 2274 2548 Tibull.
2284 2532 2312 2555 4,
2329 2531 2347 2554 1,
2362 2529 2411 2549 101.
2436 2543 2438 2551 ,

1373 2555 1480 2580 Vertice
1492 2555 1560 2582 celso
1574 2555 1661 2583 a'e‘riae
1672 2557 1792 2590 Quercus
1811 2556 1949 2583 consistunt
1962 2556 2057 2591 Virgil.
2072 2558 2136 2583 Aen.
2150 2565 2172 2589 3,
2185 2558 2246 2591 679.
2317 2557 2413 2583 Brutus

1374 2589 1407 2616 ad
1420 2590 1531 2617 Caffium
1544 2591 1592 2627 sub
1606 2592 1662 2618 Cic.
1678 2593 1750 2618 Fam.
1767 2601 1801 2624 11,
1816 2600 1826 2618 1
1853 2593 1925 2626 Qtia
1938 2591 1985 2618 vbi
2005 2591 2185 2623 consistamus,
2203 2601 2258 2618 non
2277 2591 2413 2618 habemus.
2444 2620 2446 2628 Ι

1373 2626 1416 2653 Ne
1429 2625 1566 2654 confistere
1578 2627 1652 2662 possit
1664 2628 1693 2654 in
1704 2628 1779 2654 Italia
1793 2628 1923 2654 Antonius
1937 2627 2006 2654 dabo
2018 2635 2125 2662 operam
2136 2627 2208 2653 Brut.
2223 2627 2280 2653 Cic.
2293 2628 2364 2654 Fam.
2380 2634 2412 2661 11,

1373 2670 1398 2695 9.
1455 2662 1506 2689 Vel
1524 2663 1644 2690 concidat
1651 2672 1729 2690 omne
1737 2663 1837 2690 caelum
1845 2664 1984 2698 omnisque
1995 2669 2088 2689 natura
2103 2661 2220 2689 consistat
2235 2668 2339 2697 oportet
2359 2662 2412 2690 Cic.
2437 2685 2439 2691 .

1373 2698 1456 2725 Tusc.
1470 2706 1480 2725 1
1506 2708 1528 2725 e.
1540 2707 1577 2731 23.
1604 2701 1624 2726 i.
1637 2698 1731 2733 definat
1742 2703 1841 2726 moueri.
1912 2699 1970 2726 Sen.
1988 2699 2020 2725 de
2035 2699 2097 2725 Vita
2110 2698 2202 2730 Beata,
2226 2699 2265 2724 Ita
2284 2707 2350 2733 quae
2361 2698 2417 2761 Ἐξ

1374 2733 1494 2766 diamur,
1513 2734 1553 2761 Ad
1566 2744 1632 2769 quae
1646 2734 1809 2768 consistitur,
1823 2744 1890 2770 quae
1903 2735 1968 2762 alter
1981 2734 2058 2761 alteri
2071 2734 2175 2769 stupens
2187 2733 2329 2766 monstrat,
2345 2734 2373 2761 fo
2397 2735 2409 2759 ἰ
2441 2738 2453 2754 ἠ

1373 2770 1473 2801 nitent,
1493 2770 1563 2796 intus
1576 2771 1671 2798 misera
1685 2771 1753 2798 sunt.
1824 2770 1898 2798 Idem
1911 2770 2056 2797 Hercxfur.
2070 2777 2121 2804 574
2148 2767 2187 2796 Ad
2206 2769 2280 2796 cuius
2299 2768 2409 2796 sonituin
2449 2783 2456 2799 ς

1374 2806 1545 2832 constiterant
1558 2806 1637 2833 ferae.
1692 2808 1730 2834 De
1745 2806 1850 2842 Orpheo.

1375 2841 1483 2868 &untur
1494 2848 1573 2876 atque
1587 2842 1728 2869 consistunt
1748 2843 1803 2869 Cic.
1818 2852 1867 2877 pro
1882 2842 1961 2870 Arch.
1977 2851 2006 2875 19
2029 2850 2051 2868 c.
2066 2846 2089 2872 8.

1366 387 1426 416 842·

1921 2806 2021 2833 Bestiae
2039 2806 2115 2840 saepe
2134 2805 2263 2833 immanes
2280 2811 2355 2833 cantu
2367 2805 2409 2832 fle·
2435 2814 2455 2836 .’

2157 2842 2230 2868 Idem
2245 2842 2317 2868 Fam.
2332 2849 2358 2877 7,
2376 2841 2409 2868 26
2443 2871 2445 2874 ,

1375 2878 1407 2904 In
1421 2886 1462 2904 eas
1476 2886 1559 2912 quum
1573 2878 1732 2910 incidissem,
1753 2878 1782 2905 in
1796 2887 1877 2905 coena
1891 2878 2011 2913 augurali
2023 2876 2093 2912 apud
2105 2876 2264 2910 Lentulum,
2285 2877 2355 2904 tanta
2367 2883 2407 2904 me
2427 2883 2436 2896 ⁴¹

1373 2911 1480 2949 dioi'f‘om
1494 2914 1623 2949 arripuit,
1636 2921 1665 2942 vt
1679 2914 1760 2941 hodie
1773 2915 1889 2950 primum
1901 2913 1995 2941 videar
2008 2913 2117 2947 coepiffe
2130 2912 2278 2939 consistere.
2309 2913 2413 2948 ·Μαπᾳ1·.“
2427 2921 2439 2936 ι

1374 2925 1505 2976 videatur.
1561 2949 1608 2977 sed
1626 2950 1713 2978 videar
1730 2953 1818 2986 optimi
1836 2950 1897 2977 libri
1916 2949 1983 2986 apud
1995 2950 2143 2975 Gruterum.-
2163 2948 2232 2984 quod
2237 2947 2264 2982 st
2279 2948 2409 2980 admittat,

1374 2984 1522 3012 Confistere
1533 2984 1628 3012 dicetur
1641 2986 1708 3022 ipfi’,
1730 2989 1773 3022 qui
1780 2986 1908 3021 xprofluuio
1922 2988 2020 3012 ventris
2033 2984 2114 3011 adhuc
2125 2984 2262 3011 laborauit:
2283 2984 2312 3010 de

1375 3021 1541 3057 tiisententia
1558 3019 1661 3058 δωέρῤωοι
1686 3023 1807 3058 sfluxus
1819 3024 1916 3048 ventris
1929 3019 2053 3048 consistit.
2096 3021 2138 3047 Sic
2157 3020 2267 3056 ambigue
2280 3020 2346 3047 Cato
2360 3015 2406 3052 13'1-
2437 3018 2440 3034 ³

1375 3065 1404 3090 4,
1423 3056 1465 3083 vbi
1478 3056 1507 3083 de
1516 3058 1651 3093 purganda
1659 3059 1715 3085 aluo
1729 3060 1829 3094 affltur,
1851 3057 1877 3083 Si
1893 3057 2004 3092 amplius
2018 3056 2085 3088 ibit,
2103 3055 2200 3082 sumito
2214 3056 2316 3082 farinae
2328 3054 2364 3082 mi

1374 3098 1415 3119 tae
1428 3092 1539 3119 conchas
1553 3092 1630 3125 duas,
1646 3093 1740 3120 infriet
1753 3094 1782 3120 in
1795 3101 1906 3128 aquam,
1924 3092 2040 3128 paullum
2054 3091 2143 3123 bibat,
2162 3091 2289 3118 consistet.
2345 3089 2375 3117 C
2437 3100 2441 3107 ‘¹

1373 3136 1397 3161 3,
1412 3137 1425 3154 2
1441 3134 1485 3163 pr.
1513 3128 1650 3155 Videndus
1669 3129 1705 3156 est
1723 3129 1802 3156 etiam
1816 3128 1943 3161 Morbus,
1962 3137 1996 3154 an
2017 3127 2157 3160 increscat,
2174 3135 2208 3153 an
2228 3126 2359 3158 consistat,
2389 3136 2408 3154 ¹2¹.
2440 3128 2447 3138 ⁸

1375 3164 1519 3190 minuatur.
1588 3164 1662 3191 Idem
1681 3167 1705 3197 6,
1719 3167 1736 3191 6
1756 3165 1809 3192 Vbi
1825 3173 1890 3191 vero
1905 3164 2003 3199 aliquis
2016 3163 2146 3190 releuatus
2159 3162 2208 3194 est,
2227 3162 2333 3198 iamque
2345 3161 2383 3189 01
2402 3162 2421 3198 f

1373 3200 1415 3226 sus
1427 3199 1538 3234 pituitae
1551 3200 1676 3234 consistit,
1691 3208 1736 3228 etc.
1790 3201 1830 3228 Sic
1842 3200 1964 3227 Consistit
1978 3198 2131 3226 Stomachus
2146 3198 2212 3225 Cels.
2221 3207 2277 3232 4‚5.
2295 3202 2313 3224 ι’.
2326 3199 2380 3225 “lb
2393 3213 2404 3219 .—
2430 3209 2431 3212 ¹

1374 3245 1417 3262 nec
1430 3237 1536 3271 amplius
1548 3239 1644 3263 euomir.
1685 3236 1771 3263 Morbi
1790 3236 1943 3263 durariomm
1958 3234 2184 3271 etiamjignificat‚
2207 3243 2237 3260 vt
2255 3233 2296 3260 Ad
2316 3241 2374 3272 ves
2390 3251 2391 3255 ,

1373 3271 1500 3298 Dolorem
1510 3291 1518 3304 ‚
1538 3272 1585 3306 qui
1598 3281 1658 3299 cum
1670 3272 1756 3299 fluore
1772 3271 1887 3298 consistit
1904 3271 2024 3298 Scribon.
2039 3279 2082 3304 90.
2153 3269 2272 3296 Duritias
2291 3278 2350 3296 cum
2368 3282 2377 3299 ρ
2392 3279 2413 3292 ‚-

1374 3307 1432 3334 lore
1447 3306 1612 3334 confistentes
1624 3308 1694 3335 leuat
1713 3317 1765 3336 102.
1837 3307 1878 3334 Ad
1893 3307 2054 3342 Epiphoras,
2071 3314 2139 3340 quae
2158 3314 2216 3345 pum
2230 3306 2303 3331 tenui
2319 3311 2344 3332 et
2428 3302 2438 3333 ·÷'

1374 3342 1482 3378 lympha
1500 3342 1641 3370 consistunt
1658 3351 1698 3378 27.
1769 3342 1809 3370 Ad
1826 3342 1950 3378 frigidam
1969 3341 2127 3376 I’odagram,
2144 3349 2211 3376 quae
2231 3341 2290 3367 sine*
2306 3346 2408 3377 tum-,¹
2435 3370 2442 3381 a

1374 3384 1400 3405 et
1413 3378 1513 3406 rubore
1534 3379 1648 3406 consistit
1669 3381 1724 3406 160.
1794 3379 1927 3405 Stomachi
1945 3379 2058 3410 vitium,
2078 3376 2149 3412 quod
2164 3385 2222 3403 cum
2235 3377 2319 3402 fluore
2332 3377 2369 3402 ς’
2383 3378 2393 3394 1⁷

1375 3414 1419 3442 stit
1438 3422 1488 3449 173.
1523 3414 1640 3442 Redimus
1652 3415 1686 3442 ad
1695 3414 1902 3452 aliassormulas.
1940 3415 2025 3441 Varro
2042 3413 2074 3439 de
2088 3413 2119 3439 R.
2133 3413 2163 3439 R.
2177 3420 2196 3444 1,
2211 3420 2236 3444 31
2261 3411 2326 3452 V‘..fi
2340 3409 2363 3446 pl
2370 3411 2404 3438 ’.ἒ

1375 3451 1428 3483 rit,
1449 3458 1517 3486 aqua
1537 3459 1591 3477 non
1606 3450 1733 3477 consistat.
1804 3450 1915 3485 Frigore
1934 3448 2072 3477 consistere
2092 3448 2215 3474 dicuntur
2234 3448 2325 3476 fluuii.

1375 3485 1461 3514 Trist.
1475 3493 1498 3519 5,
1518 3494 1556 3518 10,
1576 3494 1585 3513 1
1610 3495 1663 3513 cum
1676 3488 1754 3523 glacie
1767 3484 1884 3519 adsiricli
1897 3493 1920 3513 et
1934 3486 2056 3522 congelati
2063 3484 2134 3546 (unt.

1376 3521 1454 3549 vndis
1472 3521 1596 3556 placidis,
1626 3522 1767 3584 dedfimmm
1786 3522 1969 3558 tranquillitate
1986 3519 2094 3548 Tibul.
2109 3527 2137 3552 4,
2158 3526 2178 3550 1,
2192 3521 2242 3545 126.
2363 3551 2370 3558 Ι

1376 3556 1490 3584 consistit
1503 3557 1586 3591 glacie
1603 3557 1657 3584 Oui
1678 3577 1684 3584 .
1699 3556 1784 3584 Trist.
1799 3566 1822 3590 3,
1836 3566 1874 3591 10,
1887 3565 1928 3593 37.
1998 3554 2099 3582 Ixionii
2111 3555 2198 3580 Vento
2217 3560 2275 3580 rota
2295 3561 2341 3580 con
2378 3556 2390 3572 s·
2423 3550 2428 3615 ι

1375 3593 1450 3620 orbis
1472 3592 1568 3627 Virgil.
1581 3593 1677 3627 Georg.
1693 3602 1719 3626 4,
1734 3597 1796 3627 484.
1990 3589 2011 3628 fl
2027 3594 2068 3618 ‘2¹
2089 3589 2268 3629 Metaphoricc.
2303 3588 2356 3616 Cic.
2361 3580 2400 3650 ik
2424 3619 2426 3622 ἱ

1374 3629 1449 3656 Orat.
1464 3637 1485 3660 1,
1500 3633 1540 3658 182
1561 3630 1648 3662 Quam
1662 3629 1794 3663 possumus
1809 3627 1927 3663 reperire
1941 3635 1973 3654 ex
1984 3624 2108 3654 omnibus
2119 3623 2198 3651 rebus
2211 3622 2361 3662 ciuilibusC

1375 3665 1430 3692 sam
1447 3665 1699 3700 contentionemque
1719 3664 1864 3696 maiorem,
1889 3672 1968 3699 quam
1986 3660 2150 3695 delordiue,
2172 3659 2209 3700 ‘de
2229 3651 2400 3699 ciuitate-,ff
2434 3673 2436 3679 ν

1376 3699 1517 3732 libertate,
1540 3700 1572 3727 de
1597 3701 1682 3735 capite
1707 3699 1825 3726 hominis
1846 3698 2022 3726 Consularis:
2055 3696 2224 3736 praesertim,
2245 3693 2398 3736 qutun-hoff
2423 3693 2428 3754 ¹

1374 3744 1430 3763 non
1450 3735 1479 3762 in
1499 3735 1612 3762 crimine
1625 3735 1733 3770 aliquo,
1753 3735 1825 3769 quod
1839 3734 1886 3761 ille
1906 3732 1984 3769 pollit,
1998 3729 2126 3769 infitian,
2146 3731 2189 3758 sed
2209 3739 2238 3758 m
2255 3729 2329 3771 ciuili
2345 3722 2399 3756 iduh
2433 3755 2437 3763 .

1375 3771 1523 3799 consisteret
1537 3772 1545 3798 3
1602 3771 1643 3799 Sic
1658 3773 1689 3798 In
1709 3770 1759 3797 hoc
1775 3771 1874 3796 summa
1891 3767 1985 3796 iudicii
1999 3767 2127 3807 causaque
2147 3771 2208 3793 tota
2221 3757 2403 3807 0011111111ᾞέ--
2423 3771 2427 3782 ’

1375 3816 1424 3842 pro
1438 3807 1532 3841 Qint.
1546 3815 1576 3839 32
1602 3815 1623 3833 c.
1638 3815 1662 3840 9.
1733 3805 1805 3837 Idem
1819 3804 1931 3840 Philipp.
1945 3804 1976 3834 2,'
1995 3811 2021 3835 53
2047 3801 2121 3829 Tibi
2141 3807 2212 3842 certe
2231 3801 2309 3828 confit
2331 3834 2338 3843 ,

1375 3843 1427 3876 est,
1447 3843 1558 3869 Causam
1572 3840 1778 3877 perniciosiffimi
1792 3841 1856 3868 belli
1868 3838 2019 3876 in-persona
2031 3844 2077 3864 tua
2094 3837 2240 3865 constuiffe.
2291 3841 2295 3843 “
2309 3835 2340 3862 Li

1375 3887 1398 3910 ¹3
1428 3878 1562 3912 Vtrinque
1581 3878 1698 3906 constitit
1712 3875 1787 3903 Fides
1801 3885 1806 3902 :
1831 3873 1983 3902 e‘cRomani
2000 3873 2093 3908 pignus
2109 3873 2178 3908 pacis
2196 3881 2228 3899 ex
2243 3870 2348 3912 foedere

1374 3913 1531 3946 stituerunt,
1552 3919 1578 3940 et
1592 3912 1660 3948 apud
1674 3921 1763 3949 regem
1775 3909 1933 3939 Hetruscum
1951 3917 2006 3936 non
2019 3908 2170 3937 tutfsolum
2178 3927 2188 3940 ,
2207 3907 2252 3934 sed
2268 3912 2345 3945 enam

2203 3483 2278 3510 Mare
2298 3479 2407 3513 00111ὶῖ-τ

2314 3518 2365 3545 Pon
2379 3524 2405 3546 ,·
2424 3519 2428 3547 l
2441 3536 2445 3545 .
