2474 4182
219 134 303 172 1239
616 115 650 155 C
737 113 772 151 O
857 111 894 150 O

218 210 372 237 translatum
395 208 422 234 in
436 206 527 233 album
547 205 659 232 mustum
676 204 843 229 Leucocoum
862 198 1016 234 appellatur.
1053 209 1098 216 —
1135 195 1191 221 Nec
1210 202 1265 219 non

218 246 286 280 apud
301 254 348 270 nos
366 251 473 278 quoque
487 244 573 269 Coum
588 242 679 267 vinum
701 247 731 263 cx
748 236 841 263 Italico
862 234 978 262 faciendi
995 232 1128 261 rationem
1140 230 1207 257 Cato
1221 230 1263 255 de-

220 280 385 308 monstrauit.
420 278 502 306 Locus
513 276 544 311 2st
560 277 591 303 dc
610 277 639 302 R.
655 276 684 300 R.
701 282 748 303 112,
764 281 782 298 1.

626 349 652 379 C
733 347 761 378 O
836 346 858 377 P
1297 341 1309 367 ς

256 430 374 454 cora,
389 431 426 448 ae.
453 418 729 455 vid.fiabc.-xV1³0.

255 466 299 487 co
310 467 354 486 ΡΛ
366 466 382 484 D
393 467 398 483 1
411 465 429 483 Α
441 476 448 486 ,
470 464 557 482 orum.
579 464 604 480 n.
625 453 659 488 pl.
696 452 751 478 Cibi
769 459 845 487 genus
858 454 1015 476 memoratum
1031 445 1106 481 Apic.
1127 452 1148 478 ς,
1164 453 1182 470 1.
1201 451 1228 478 7,
1243 445 1267 469 6.

221 500 243 526 8,
258 497 282 522 6.
320 491 534 527 Coriiinmlifflmuin
548 490 646 516 uidetur
659 489 797 524 inlelligere
810 484 899 522 frusta
918 481 1021 517 diffessa
1043 484 1145 513 carnis,
1159 479 1267 514 offas‚s.

221 531 317 565 effi-llas
332 540 345 555 a
360 529 431 554 verbo
449 528 561 558 κόπτεν,
576 526 725 561 pracsertim
745 532 799 550 cum
814 528 835 553 8,
849 524 865 548 6
886 520 1004 547 dicantur
1017 517 1135 552 Copadia
1155 515 1268 543 haedina
1289 522 1317 539 10

219 568 261 594 vel
277 567 379 599 agnina.

259 609 274 628 C
287 609 305 625 ω
318 608 330 626 1»
340 607 359 626 11
373 597 413 625 i'N
423 606 443 624 v
453 605 465 624 s
474 618 482 629 ,
500 597 519 623 i.
538 606 574 623 m.
611 595 739 630 [κόφινος]
782 594 833 620 Vas
847 590 963 625 rusticum
978 592 1071 616 vimine
1083 594 1223 616 contextum
1232 606 1239 618 ‚
1254 594 1269 612 a

220 639 321 664 latitate
335 632 429 661 ,isium
443 644 457 659 α
472 635 587 663 Graccis,
604 632 747 667 Priscianus
762 629 860 656 Corbem
876 631 1056 662 inteipretatur
1066 635 1073 650 .·
1098 623 1270 654 Corbis‚cor-

222 672 300 705 bula,
326 671 418 706 qualus
438 670 497 695 Vct.
519 669 597 695 Gloss‘.
635 667 711 703 Cous.
731 666 821 692 Isidor.
841 673 885 696 20,
903 672 928 696 9.
1000 663 1091 688 quen.
1111 660 1161 686 Sat.
1182 661 1208 689 6,
1223 666 1268 690 541

222 710 312 742 Quum
332 707 403 732 dedit
417 705 462 731 ille
477 705 566 731 locum
581 703 713 738 cophino,
729 703 863 736 foenoque
876 698 980 726 relieio.
1016 699 1047 724 Et
1060 706 1080 729 3,
1096 705 1126 728 14
1154 693 1268 723 Iudaeis,
1292 700 1316 725 ις

221 752 338 778 quorum
351 741 479 776 cophinus
501 741 666 774 foenumque
689 738 813 773 supellex.
885 733 1016 762 Coluniel.
1038 742 1072 764 11,
1090 740 1102 763 3
1138 727 1268 755 Confec'la

220 779 314 806 bruma
328 778 500 804 stercoratum
511 783 608 803 terram
624 775 736 802 inditam
751 771 873 808 cophinis
886 770 999 798 obserat.

255 821 298 841 CO
310 820 373 840 ΡΙΛ
390 834 397 845 ,
423 821 460 838 ae.
492 812 512 838 f.
547 813 557 844 [
572 811 691 848 ἓυπορία]
725 809 905 840 Abimdantsa,
926 813 990 832 certe
1015 808 1128 831 tantum,
1149 804 1267 834 quantum

219 857 278 886 opus
297 848 338 883 est.
375 848 452 883 Possis
469 846 563 874 diHam
576 854 665 883 putari·
684 844 751 882 quast
764 843 911 878 Coopiam,
931 841 974 867 vbi
994 838 1083 864 multae·
1102 843 1165 869 opes
1184 842 1269 859 conue-

218 893 292 912 munt
307 889 333 911 in
349 894 434 911 vnum.
477 885 530 910 Vox
548 883 659 918 liitistimi
672 882 745 918 vfiaes,
760 889 820 916 quac
839 879 905 904 nihil
916 885 964 901 non
982 870 1185 907 comprehendat,
1205 868 1270 904 quod
1286 881 1320 900 20

220 922 254 948 aii
269 920 419 957 afficiendum
439 926 483 946 aut
502 914 659 946 obtinendum
671 917 769 953 aliquid
786 919 836 942 uim
850 913 951 945 bahem,
972 918 1024 935 cum
1041 908 1087 934 hac
1102 909 1215 937 notione,
1239 911 1268 930 vt

219 961 271 984 eius·
283 960 320 984 rei
333 956 456 992 velsatis,
470 957 510 982 vel
517 956 588 990 plus,
598 964 669 990 quam
676 953 745 989 satis
759 949 801 984 ist,
817 947 973 982 intelligatur
986 942 1071 977 adtffi'.
1110 943 1166 969 Cic.
1180 941 1210 967 in
1224 941 1268 967 Pa-

219 993 273 1020 rad.
288 995 305 1019 6
325 993 428 1019 Etenim
442 991 599 1018 diuitiarum
613 989 649 1016 est
662 988 763 1015 srueius
777 987 804 1010 in
819 983 910 1017 copia:
929 981 1033 1015 copiam
1050 984 1137 1005 autem
1152 977 1267 1003 declarat

219 1030 321 1056 satietas
336 1036 425 1062 rerum
439 1033 518 1062 atque
531 1025 700 1053 abundantia.
770 1017 942 1047 Abundantia
955 1023 980 1043 et
994 1015 1070 1050 copia
1083 1015 1139 1041 Cic.
1153 1013 1184 1039 de
1194 1012 1267 1039 Ami-

219 1065 263 1091 cit.
279 1070 319 1097 89.
393 1063 585 1091 Circumfluerc
608 1058 732 1086 omnibus
755 1056 854 1090 copiis,
881 1061 959 1089 atque
983 1052 1012 1078 in
1034 1051 1157 1077 omnium
1174 1057 1265 1075 rerum
1288 1061 1316 1088 23

218 1100 379 1128 abundantia
391 1099 486 1126 viuere
502 1098 573 1124 Idem
589 1096 619 1122 de
635 1094 742 1121 Amicit.
763 1101 793 1125 52
814 1101 836 1118 c.
850 1098 882 1124 15.
956 1087 1084 1121 Locuples
1104 1092 1129 1112 et
1142 1084 1267 1120 pecunio-

170 1140 172 1143 '
219 1138 261 1163 sus
278 1136 363 1171 copiis
381 1136 419 1162 rei
439 1133 579 1161 familiaris
599 1131 636 1158 Id.
651 1138 699 1165 pro
711 1130 786 1155 Rosc.
808 1128 885 1154 Com.
905 1136 951 1160 44.
1022 1123 1078 1150 Cic.
1101 1123 1172 1149 Fam.
1192 1129 1228 1152 12,
1248 1128 1266 1154 7

218 1173 259 1200 Sic
277 1171 436 1202 statuebam,
461 1178 552 1195 onmes
571 1176 638 1202 quae
665 1166 694 1192 in
717 1165 772 1191 istis
787 1162 906 1198 partibus
928 1161 1006 1187 essent
1027 1168 1090 1193 opes
1109 1157 1265 1192 copiaeque,

416 1204 520 1239 Opibus
539 1209 564 1230 et
578 1203 662 1237 copiis
676 1201 845 1234 maximeque
860 1198 961 1224 virtute
974 1195 1123 1231 praeditum
1137 1194 1185 1219 effe
1210 1192 1266 1218 Cic.

219 1214 274 1235 tuas
287 1208 344 1234 ess'e.

473 1240 638 1274 Ingurgitare
653 1239 678 1264 se
693 1238 720 1263 in
734 1245 823 1270 copias
839 1234 969 1265 alicuius,
987 1231 1040 1258 uid.
1062 1234 1265 1257 iNGVRGiTo.
1286 1243 1319 1267 30

237 1254 250 1270 e
287 1249 369 1269 mieit.
387 1250 417 1267 ¹1.

218 1244 338 1312 &capro
355 1259 423 1311 nge
436 1276 530 1302 Manil.
551 1283 577 1310 17
608 1275 678 1301 Nam
692 1280 717 1314 et
731 1271 867 1313 publicani
882 1269 1003 1296 homines
1017 1273 1042 1293 et
1056 1264 1228 1293 honestissimi
1241 1269 1267 1289 et

217 1313 386 1346 ornatiffimi,
407 1313 463 1338 suas
482 1311 597 1338 rationes
617 1316 642 1336 ct
654 1318 742 1344 copias
756 1318 783 1334 in
802 1307 876 1333 illam
897 1303 1065 1340 prouinciam
1087 1301 1266 1329 contulerunt.

216 1350 328 1377 Vbertas
343 1349 370 1375 in
385 1347 498 1375 dicendo
512 1353 537 1373 et
552 1346 643 1381 copia,
655 1347 697 1372 cui
711 1344 857 1379 opponitur
870 1341 979 1368 Exilitas
998 1339 1053 1366 Cic.
1067 1338 1099 1364 de
1112 1339 1187 1364 Orat.
1203 1345 1221 1367 1,
1236 1343 1268 1368 50

216 1395 237 1413 c.
255 1395 283 1412 12
292 1393 334 1421 pr.
408 1383 526 1411 Facultas
542 1382 647 1409 dicendi
662 1387 687 1408 et
701 1381 777 1416 copia
795 1379 868 1406 Idem
881 1379 960 1404 Verr.
975 1385 987 1402 2
1006 1385 1026 1401 c.
1041 1384 1068 1408 4.
1140 1373 1266 1399 Torrens

215 1421 322 1448 dicendi
335 1420 411 1455 copia
438 1421 530 1446 quen.
544 1419 594 1445 Sat.
617 1427 656 1450 10,
678 1425 703 1450 9.
776 1415 905 1446 Vbertas,
919 1412 1048 1443 varietas,
1062 1409 1139 1444 copia
1159 1406 1266 1435 dicendi
1287 1418 1316 1444 35

215 1458 271 1485 Cic.
291 1466 340 1492 pro
354 1457 435 1484 Corn.
450 1455 522 1482 Balb.
538 1463 559 1487 3.
631 1453 762 1480 Omnium
780 1460 870 1478 rerum
894 1447 1063 1476 affluentibus
1082 1445 1167 1480 copiis
1191 1443 1266 1470 Idem

215 1493 267 1521 off.
284 1502 304 1526 1,
321 1501 359 1526 153
381 1502 402 1519 c.
424 1500 465 1525 43.
538 1492 569 1517 Et
589 1490 642 1516 Att.
661 1494 685 1522 8,
702 1498 723 1515 11
762 1485 931 1514 Moderatori
944 1482 1069 1518 Reipubl.
1089 1481 1191 1508 ciuium
1210 1479 1267 1505 vita

215 1529 347 1564 proposita
361 1528 412 1560 est,
431 1533 460 1553 vt
475 1526 570 1561 opibus
584 1525 675 1556 firma,
695 1524 780 1559 copiis
798 1522 932 1557 locuples,
946 1519 1032 1555 gloria
1050 1517 1152 1552 ampla,
1166 1516 1268 1543 virtute

216 1565 324 1592 honesta
345 1564 383 1590 sit.
454 1562 536 1589 Plaut.
551 1556 638 1587 Trite.
654 1569 674 1593 i,
689 1569 714 1591 2,
726 1562 762 1594 46
800 1558 871 1585 Male
889 1556 975 1584 vortit
993 1553 1063 1581 mihi
1083 1563 1124 1580 res
1144 1551 1267 1587 pecuaria

215 1601 284 1636 apud
306 1609 367 1627 vos:
403 1599 483 1626 Nunc
496 1597 606 1624 vicissim
622 1596 692 1622 Volo
710 1594 809 1622 habere
827 1592 1021 1621 aratiunculam
1039 1598 1088 1625 pro
1107 1589 1183 1623 copia
1198 1586 1267 1622 apud
1279 1596 1315 1622 40

215 1645 280 1668 vos,
297 1639 315 1662 i.
336 1642 366 1662 vt
380 1640 542 1670 potcr0,pro
561 1632 659 1658 viribus
673 1634 777 1668 ingenii.
849 1630 932 1656 Plaut.
945 1627 1009 1654 Cist.
1033 1635 1052 1659 1,
1068 1635 1088 1659 1,
1102 1634 1132 1658 14
1171 1619 1269 1650 Facere

217 1679 317 1699 certum
337 1679 384 1705 pro
399 1669 491 1704 copia,
515 1674 541 1695 et
561 1666 703 1702 sapientia,
717 1675 783 1701 quae
799 1671 825 1692 te
839 1665 909 1691 velle
923 1662 1084 1690 arbitrabor.
1157 1661 1208 1686 Pro
1225 1659 1267 1685 rei

216 1708 292 1742 copia
317 1705 417 1733 Sallust.
439 1706 494 1739 lug.
515 1713 558 1738 90,
582 1712 600 1730 1.
671 1703 751 1736 Agri,
765 1701 953 1735 vefkigaliuim
966 1698 1092 1733 pecuniae
1112 1696 1206 1731 copia,
1227 1697 1268 1720 cui

214 1746 348 1779 opponitur
360 1741 472 1768 Penuria
485 1741 541 1766 Cic.
558 1738 590 1765 de
603 1740 707 1765 Inuent.
726 1746 753 1770 2,
773 1745 819 1769 113.
891 1735 965 1761 Idem
985 1742 1034 1768 pro
1048 1732 1143 1766 Qiint.
1160 1741 1175 1758 ς.
1214 1730 1267 1756 Cui

214 1786 305 1806 tenues
320 1787 398 1813 opes,
413 1776 501 1803 nullae
514 1775 668 1806 facultates,
688 1774 800 1808 exiguae
813 1771 963 1799 amicorum
976 1769 1066 1804 copiae
1081 1769 1149 1794 sunt.
1176 1768 1268 1793 Parum
1284 1776 1317 1802 45

213 1816 306 1842 auxilii
326 1815 356 1840 ab
376 1816 474 1839 amicis.
547 1812 773 1845 Argumentorum
792 1808 869 1843 copia
896 1807 1001 1833 Lucret.
1024 1813 1044 1837 1,
1063 1809 1120 1837 418.
1196 1802 1266 1828 Ter.

215 1851 296 1878 Andr.
312 1859 335 1883 2,
348 1859 366 1880 1,
383 1859 413 1875 20
438 1849 534 1883 Neque
548 1847 592 1883 pol
607 1845 710 1873 consilii
722 1845 812 1871 locum
826 1843 922 1875 habeo,
936 1849 1022 1876 neque
1035 1838 1140 1867 Auxilii
1153 1837 1267 1872 copiam.

215 1887 271 1915 Cic.
288 1895 336 1921 pro
350 1886 425 1912 Rosc.
440 1886 518 1911 Com.
533 1892 548 1910 2
573 1882 621 1910 Sed
635 1891 685 1917 ego
699 1881 775 1916 copia
790 1886 816 1907 et
830 1879 955 1907 facultate
969 1877 1068 1904 Causae
1082 1873 1213 1906 confisus,
1228 1873 1268 1899 vi-

214 1922 247 1950 de
262 1931 316 1958 quo
336 1921 499 1957 progrediar.
571 1919 654 1946 Plaut.
670 1917 744 1952 Epid.
759 1926 782 1950 3,
797 1925 820 1949 3,
833 1925 866 1950 34
905 1914 992 1949 Igitur
1007 1911 1155 1948 perspicere
1168 1915 1197 1936 vt
1211 1909 1269 1944 pos-

215 1958 263 1986 sint
287 1958 375 1985 cordis
394 1957 508 1991 copiam.
580 1955 696 1989 Frugum
719 1953 812 1988 copia,
827 1959 853 1980 et
874 1950 982 1985 Inopia,
996 1950 1126 1976 contraria
1142 1945 1200 1973 Cic.
1218 1953 1269 1979 pro
1289 1956 1322 1983 50

214 1995 303 2021 Domo
319 2002 356 2028 17.
427 1993 514 2020 Laffis
536 1991 611 2026 Virg.
625 1989 678 2017 Ecl.
699 1999 719 2023 1,
733 1995 773 2020 82.
846 1987 985 2015 Orationis
1006 1983 1142 2012 abundare
1164 1981 1220 2008 Cic.
1237 1979 1270 2007 de

215 2029 290 2056 Orat.
305 2038 330 2061 2,
345 2037 398 2055 102.
470 2028 519 2055 Rei
532 2026 722 2053 frumentariae
736 2025 841 2060 copiam
857 2022 997 2050 adueeh'ire
1009 2020 1101 2047 Tacit.
1110 2020 1178 2047 Ami.
1194 2019 1218 2048 6,
1233 2025 1266 2049 13.

216 2065 316 2101 Rerum
330 2063 421 2097 copia,
439 2063 586 2089 verborum
601 2063 705 2096 copiam
718 2061 803 2096 gignit
825 2060 881 2087 Cic.
896 2059 928 2086 de
942 2060 1018 2085 Orat.
1033 2065 1055 2089 3,
1070 2064 1121 2088 123.
1185 2053 1267 2088 Vitae

217 2100 295 2140 eopia
309 2098 373 2125 desit
386 2098 440 2124 illis
457 2097 563 2123 Lucret.
578 2100 604 2128 6,
617 2102 671 2128 814.
741 2096 841 2123 Sallust.
858 2097 887 2122 in
901 2093 1021 2129 iugurth.
1035 2097 1077 2126 98,
1092 2101 1105 2124 3
1143 2090 1220 2117 Tum
1236 2097 1267 2115 ex

217 2144 293 2170 eopia
306 2144 397 2161 rerum
412 2133 550 2160 consilium
564 2130 660 2158 trahit:
680 2135 760 2164 atque
780 2130 820 2155 vti
841 2131 892 2154 suis
905 2129 1024 2162 receptui
1043 2128 1117 2153 locus
1132 2127 1202 2156 ess'et,
1215 2125 1268 2151 col·
1289 2129 1318 2155 55

217 2172 254 2198 les
275 2170 341 2197 duos
359 2170 429 2196 inter
443 2169 467 2194 se
487 2167 652 2202 propinquos
667 2170 793 2198 occupat,
812 2167 829 2190 i.
849 2173 878 2189 ex
893 2161 1100 2194 circumstantiis,
1110 2168 1140 2186 vt
1154 2168 1220 2185 nunc
1235 2160 1269 2186 lo-

216 2215 334 2244 quuntur.
406 2205 443 2231 Ex
463 2202 541 2237 copia
559 2211 647 2228 rerum
668 2200 759 2226 statuit
777 2199 847 2225 nihil
866 2198 916 2224 fibi
935 2195 1088 2231 agitandum
1106 2194 1181 2220 Idem
1194 2192 1232 2218 ib.
1247 2201 1269 2219 c.

219 2252 250 2278 39
264 2250 329 2270 extr,
399 2241 477 2267 Beata
496 2237 580 2272 Copia
600 2237 679 2271 pleno
698 2244 782 2261 cornu
794 2236 862 2260 Hor.
878 2234 906 2259 in
918 2233 1006 2259 earm.
1021 2230 1115 2257 saecul.
1129 2237 1159 2262 59
1187 2226 1267 2261 Qiasi

219 2277 385 2314 corporalem
399 2276 473 2302 deam
487 2274 530 2300 hic
544 2273 632 2307 accipe
640 2271 769 2305 Copiam,
787 2270 881 2304 vtique
894 2276 984 2294 rerum
997 2265 1120 2292 omnium
1136 2263 1269 2290 abundan-

218 2312 486 2348 timsPoi-phyrius.
524 2309 592 2337 Add.
612 2308 650 2335 Id.
666 2306 745 2341 Epist.
759 2315 780 2338 1,
794 2314 822 2332 12
844 2314 870 2331 v.
884 2303 931 2330 vlt.
969 2301 1021 2329 Od.
1044 2309 1064 2333 1,
1084 2307 1123 2333 17,
1139 2307 1178 2332 14.
1217 2299 1269 2324 Lu·
1288 2308 1324 2332 60

219 2350 315 2378 &atius
329 2347 464 2376 Scholiast.
479 2347 541 2373 Stat.
556 2344 648 2371 Theb.
663 2353 691 2377 4,
704 2344 759 2369 106.
792 2341 849 2368 Vid.
863 2340 936 2367 Bona
950 2337 1038 2372 Copia
1050 2339 1077 2362 in
1098 2341 1143 2362 ΒΟ
1153 2341 1174 2360 N
1184 2340 1204 2359 V
1215 2340 1228 2359 s
1248 2339 1271 2358 et

220 2393 328 2414 civico.
399 2383 470 2411 Cassa
487 2381 634 2409 verborum
647 2380 753 2406 Lucret.
768 2385 858 2411 4,514.
879 2379 897 2402 i.
924 2376 1005 2402 Vana.
1076 2371 1195 2405 Propert.
1208 2377 1229 2400 1,
1245 2376 1272 2400 9,

221 2431 244 2457 15
270 2420 344 2456 Quid
359 2420 377 2446 fi
393 2428 447 2446 non
466 2419 525 2445 essct
544 2417 630 2443 facilis
650 2415 702 2442 tibi
723 2414 817 2449 copia?
838 2416 856 2439 i.
871 2412 988 2448 facultas
1001 2407 1120 2445 fruendi.
1192 2403 1273 2431 Fasti-

220 2459 294 2486 diosa
308 2458 376 2484 Hor.
390 2456 477 2483 Carni.
493 2463 516 2488 3,
531 2462 574 2487 29,
587 2461 612 2485 9.
687 2451 742 2478 Cic.
757 2451 809 2478 Att.
826 2458 852 2482 2,
866 2451 881 2474 6
907 2449 1000 2482 Itaque
1017 2449 1061 2471 aut
1075 2441 1154 2470 libris
1173 2449 1215 2467 ine
1229 2439 1272 2466 de-

221 2494 308 2526 lecto,
326 2501 442 2528 quorum
456 2489 542 2519 habeo
558 2489 633 2516 Antii
647 2487 777 2514 Festiuam
797 2485 911 2519 copiam.
984 2482 1069 2515 Larga
1082 2477 1192 2514 quidem
1207 2477 1272 2502 sem-

221 2539 267 2565 per
288 2530 389 2556 Drance
408 2527 461 2554 tibi
485 2526 561 2561 copia
582 2524 674 2557 fandi,
695 2526 714 2549 i.
726 2522 843 2558 facultas
861 2518 960 2546 dicendi
979 2518 1054 2551 Virg.
1076 2516 1142 2544 Aen.
1165 2522 1197 2545 11,
1216 2516 1271 2546 378.

222 2565 309 2597 Mala,
329 2568 346 2591 i.
365 2567 444 2590 nimia
457 2569 481 2589 ct
493 2564 570 2588 noxia
584 2561 652 2587 Hor.
668 2559 750 2585 Serui.
764 2566 788 2588 2,
803 2566 826 2590 2,
840 2566 882 2591 42.
939 2552 1074 2582 Mirabilis
1089 2549 1195 2577 dicendi
1213 2548 1270 2574 Cic.

222 2602 252 2628 in
265 2601 364 2636 Topic.
379 2602 422 2634 67.
494 2598 628 2632 Opulenta
643 2594 761 2621 manabit
776 2593 893 2627 benigno
907 2599 991 2618 cornu
1008 2590 1076 2616 Hor.
1093 2587 1181 2614 Carm.
1198 2593 1219 2617 1,
1234 2591 1273 2618 17,

228 2646 265 2670 14.
336 2636 434 2670 Stipata
449 2633 488 2661 rei
503 2632 614 2659 alicuius
634 2632 740 2658 Lucret.
756 2638 777 2661 2,
790 2638 848 2662 294.
1089 2632 1105 2650 2
1142 2622 1274 2657 speciatim

225 2670 326 2707 Copia,
344 2668 458 2706 [τροφὴ]
475 2676 524 2704 pro
538 2668 674 2694 Commenta
684 2667 729 2702 seu
741 2674 839 2692 annona
858 2661 892 2697 est
908 2661 1000 2689 Tacit.
1016 2661 1084 2687 Ann.
1101 2659 1177 2692 15,>16
1203 2657 1274 2682 Con·
1293 2667 1328 2696 70

224 2717 318 2743 traque
333 2705 481 2742 prodiderit
496 2703 618 2731 Corbulo
630 2702 739 2729 Parthos
755 2703 847 2735 inopes
862 2699 1011 2733 copiarum,
1023 2703 1048 2723 et
1063 2693 1160 2731 pabulo
1172 2692 1276 2724 attrito,

225 2743 367 2772 relicturos
379 2741 612 2777 oppugnationem.
685 2737 835 2764 Auxiliares
850 2734 972 2761 cohortes
989 2733 1018 2759 in
1033 2740 1125 2767 agrum
1138 2731 1275 2756 Veronen-

227 2781 291 2808 sium
306 2779 410 2809 missae,
429 2783 458 2804 vt
475 2776 561 2811 specie
579 2773 753 2810 parandarum
772 2773 910 2807 copiarum
928 2769 1005 2796 ciuili
1025 2767 1121 2803 praeda
1134 2765 1212 2792 miles
1227 2765 1276 2790 im-

226 2817 353 2843 bueretur
373 2814 464 2841 Tacit.
480 2812 548 2839 Hist.
563 2820 585 2844 3,
599 2818 633 2843 15,
648 2819 670 2843 3.
742 2809 815 2842 Quid
834 2807 866 2835 ad
886 2806 974 2840 copias
987 2804 1144 2840 respiciente
1158 2800 1275 2828 ieiunius

226 2854 284 2879 Sen.
298 2851 330 2878 ad
344 2850 424 2877 Helu.
439 2858 461 2875 c.
473 2851 498 2875 6.
571 2848 719 2881 Suggerunt
732 2845 831 2871 affatun
850 2843 921 2877 ligna
934 2841 1071 2877 proximae
1086 2838 1179 2870 siluae,
1194 2842 1277 2864 caete-

227 2897 268 2915 ras
282 2887 370 2922 copias
378 2883 503 2913 Ostienfis
515 2883 622 2910 colonia
633 2881 764 2908 ministrat
777 2880 843 2906 Plin.
860 2880 905 2913 Ep.
920 2886 946 2909 2,
960 2884 996 2911 17.
1067 2875 1116 2902 Ille
1130 2873 1276 2901 exercitum

228 2925 277 2951 Cn.
292 2922 407 2950 Domitii
424 2920 475 2948 suis
491 2919 575 2954 copiis
593 2925 618 2945 et
637 2917 713 2944 tediis
732 2914 885 2943 sustentauit
909 2914 965 2940 Cic.
980 2921 1029 2947 pro
1043 2911 1101 2939 Dei.
1116 2920 1137 2937 c.
1153 2918 1175 2943 5.
1245 2907 1276 2934 Se

229 2969 323 2987 eorum
340 2958 422 2993 copiis
442 2956 564 2983 aluerunt
589 2954 662 2981 Caes.
677 2953 743 2980 Bell.
757 2951 826 2979 Gall.
845 2959 872 2984 4,
887 2960 913 2984 4.
1089 2945 1109 2984 ff
1130 2955 1142 2979 3
1180 2943 1276 2978 Copia,

229 2995 342 3030 [πλῆθος
351 3014 359 3026 ,
377 2992 493 3027 δύναμις]
514 2993 554 3018 vel
565 2990 666 3025 Copiae
675 3010 683 3022 ,
702 2996 753 3016 tam
766 2991 792 3017 in
802 2987 946 3023 Singulari,
960 2992 1031 3020 quam
1043 2986 1070 3010 in
1083 2982 1181 3010 Plurali
1192 2979 1275 3016 figni-

223 3031 288 3067 ficat
302 3029 491 3057 Multitudinem
508 3029 548 3054 uel
565 3028 715 3054 Exercitum.
787 3022 910 3057 Respicio
925 3026 950 3047 et
969 3027 1036 3054 quae
1059 3019 1088 3046 fit
1109 3027 1152 3044 me
1174 3016 1275 3043 circum
1296 3022 1328 3048 80

231 3067 322 3101 copia,
336 3065 417 3092 lustro
431 3064 505 3098 Virg.
520 3064 584 3090 Aen.
599 3071 622 3093 2,
636 3064 695 3096 564.
767 3060 836 3086 Ter.
845 3059 908 3085 Eun.
923 3065 951 3090 4,
966 3058 992 3088 6,
1009 3063 1037 3089 17
1059 3055 1175 3081 Militem
1189 3052 1276 3078 secum

232 3101 265 3128 ad
279 3108 303 3128 te
319 3108 426 3136 quantas
439 3100 526 3135 copias
540 3098 687 3126 adducere?
725 3096 765 3124 Sic
782 3096 843 3122 Liu.
858 3103 878 3127 1,
893 3102 909 3120 2
937 3090 1033 3126 Copias
1045 3090 1073 3116 in
1086 3090 1169 3117 aciem
1184 3087 1277 3114 educe-

233 3146 272 3164 re.
309 3137 355 3163 Sed
367 3138 414 3164 Cn.
429 3137 539 3171 Magnus
554 3133 682 3162 Marcello
695 3138 721 3160 et
735 3131 850 3160 Lentulo
866 3135 950 3157 coss.
966 3128 1018 3154 Art.
1033 3131 1057 3158 8,
1073 3135 1096 3152 12
1123 3125 1226 3152 Idcirco
1243 3122 1276 3149 ad

233 3173 264 3200 L.
284 3172 434 3202 Domitium
454 3172 543 3198 literas
561 3169 636 3202 misi,
655 3168 771 3204 primum
792 3173 821 3194 vt
841 3167 895 3201 ipse
914 3173 973 3191 cum
992 3162 1066 3189 omni
1083 3161 1158 3196 copia
1178 3159 1211 3186 ad
1230 3167 1278 3184 nos

234 3208 348 3236 veniret.
383 3207 451 3234 Adel.
464 3207 500 3234 ib.
510 3214 538 3243 p.
548 3214 578 3242 p.
621 3205 716 3232 Omnis
729 3210 894 3230 armatorum
907 3200 982 3235 copia
996 3199 1052 3226 Cic.
1065 3198 1118 3224 Att.
1135 3205 1158 3229 13
1173 3197 1218 3230 Ep.
1233 3195 1278 3220 vlt.
1292 3203 1324 3232 35

235 3243 310 3280 Conf.
325 3243 396 3270 Hirt.
410 3243 438 3269 B.
454 3243 511 3269 Afr-
523 3252 545 3269 c.
561 3251 597 3269 10.
618 3243 740 3277 Bernegg.
754 3240 788 3266 ad
800 3239 868 3266 Suet.
885 3237 950 3271 Aug.
965 3244 986 3261 c.
997 3243 1035 3262 21.
1104 3233 1173 3259 Ter.
1182 3231 1278 3258 Heaut.

236 3289 265 3314 4,
278 3288 304 3312 2,
317 3287 341 3306 2.
355 3280 388 3305 al.
404 3287 430 3311 4,
445 3287 465 3311 1,
481 3281 511 3311 56
540 3279 578 3304 lta
597 3277 643 3304 hac
657 3286 686 3303 re
699 3278 728 3304 in
742 3275 879 3310 angustum
894 3271 994 3307 oppido
1013 3278 1081 3297 nunc
1093 3277 1168 3295 meae
1182 3275 1278 3301 cogun-

236 3323 280 3344 tur
293 3314 394 3350 copiae.
457 3314 605 3346 Pedestres,
622 3323 646 3339 υ.
661 3313 686 3339 h.
699 3322 725 3338 υ.
798 3311 877 3338 Leuis
891 3308 982 3335 Tacit.
997 3307 1064 3334 Ann.
1079 3313 1105 3338 2,
1121 3312 1158 3338 52,
1173 3311 1195 3334 3.
1215 3305 1233 3328 i.
1249 3304 1280 3329 le-

237 3355 279 3379 vis
293 3357 435 3378 armaturae
453 3350 553 3375 milites.
623 3348 736 3376 Naualis
755 3346 828 3374 Idem
842 3347 910 3373 Ann.
925 3355 954 3379 4,
968 3345 1007 3377 56.
1078 3339 1221 3368 Abundare
1237 3347 1279 3364 co-

238 3387 289 3422 piis
304 3386 359 3414 Cic.
373 3385 405 3413 ad
418 3385 492 3411 Brut.
530 3404 536 3410 .
573 3404 580 3410 .
636 3384 772 3410 Adducere
798 3382 865 3409 Ter.
887 3382 951 3407 Eun.
974 3388 1002 3412 4,
1019 3379 1096 3412 6,17.
1167 3375 1277 3401 Armate
1297 3388 1332 3413 90

237 3422 338 3450 Sallust.
361 3421 389 3448 in
402 3418 521 3455 Iugurth.
538 3427 570 3451 13.
640 3420 800 3454 Comparare
817 3418 874 3445 Cic.
887 3418 958 3444 Fam.
974 3423 1009 3447 ιε,
1023 3421 1044 3446 5.
1115 3409 1279 3438 Contrahere

240 3458 314 3485 Idem
330 3458 382 3485 Att.
402 3462 426 3489 8,
447 3460 481 3486 18.
553 3454 683 3489 Disposita
700 3454 885 3482 classiariorum
907 3451 984 3486 copia
1008 3448 1098 3476 Tacit.
1112 3448 1179 3474 Ann-
1196 3455 1222 3479 4,
1238 3453 1278 3479 27.

241 3494 357 3521 Educcre
370 3492 442 3520 Caes.
458 3490 522 3518 Bell.
540 3489 607 3516 Gall.
622 3498 641 3522 1,
656 3499 691 3523 51.
761 3489 891 3524 Expedire
904 3487 995 3514 Tacit.
1011 3486 1077 3512 Ann.
1091 3491 1126 3516 13,
1138 3491 1163 3518 7.
1232 3481 1280 3507 Ex-

241 3538 340 3564 ponere
361 3528 449 3563 copias
469 3528 497 3554 in
515 3531 613 3552 terram
638 3526 698 3551 Liu.
713 3534 753 3558 29,
767 3533 809 3560 ²7·
881 3523 938 3551 Cic.
952 3523 1024 3549 Fam.
1041 3529 1063 3554 3,
1078 3529 1090 3552 3
1128 3520 1281 3552 Pergratum

242 3565 312 3592 mihi
326 3565 436 3597 seceris,
454 3562 472 3590 si
491 3561 551 3589 istas
569 3561 675 3595 exiguas
689 3561 864 3596 copias,quas
878 3557 1019 3590 Habuisti,
1040 3564 1119 3592 quam
1139 3553 1281 3580 minimum

243 3600 420 3627 quninueris.
490 3596 674 3625 Instrufiiorcs
692 3596 811 3629 peditum
830 3596 938 3630 copiae,
966 3593 1020 3619 uid.
1050 3600 1059 3619 1
1074 3598 1095 3618 N
1110 3598 1123 3618 s
1138 3596 1159 3616 Τ
1176 3595 1195 3616 R
1210 3595 1230 3614 v
1250 3594 1278 3614 o.

244 3634 367 3663 Minuci-c
379 3636 434 3663 Cic.
443 3635 514 3662 Fam.
531 3642 562 3666 11,
589 3652 595 3658 .
622 3652 628 3658 .
683 3633 774 3658 Parare
789 3630 1041 3662 Tacit.Hist.3,1;.
1077 3627 1138 3654 Liu.
1153 3633 1199 3659 42,
1229 3643 1235 3650 .
1273 3644 1280 3650 .

244 3672 302 3698 Hoc
320 3672 456 3705 copiarum
477 3671 505 3697 in
517 3668 655 3703 Hispanias
667 3672 800 3702 portatum
814 3666 857 3692 cst.
930 3665 1072 3699 Profligare
1087 3663 1160 3690 Hirt.
1173 3660 1205 3688 de
1218 3658 1282 3686 Bell.

245 3706 319 3733 Alex.
338 3709 382 3741 76.
453 3705 658 3739 Transponere,
677 3712 702 3729 υ.
720 3702 745 3729 h.
765 3711 790 3728 υ.
859 3701 962 3736 Copia,
979 3707 1028 3735 pro
1047 3700 1098 3726 alia
1117 3695 1284 3725 Multitudine

1294 2480 1325 2512 ⁶5

244 3739 366 3769 hominum
381 3742 437 3769 Cic.
451 3751 500 3776 pro
516 3742 636 3768 Muraen.
651 3747 673 3765 11
701 3737 890 3768 Tanaim-um,
905 3744 930 3763 et
944 3736 1091 3763 amicorum
1106 3742 1160 3760 non
1174 3739 1283 3765 occupa·
1295 3745 1341 3763 100
1389 3738 1407 3758 c
1417 3737 1515 3761 QPRE
1525 3737 1584 3763 vs,
1605 3730 1624 3756 i.
1645 3738 1681 3756 m.
1704 3733 1722 3754 c
1732 3734 1869 3759 οΡΚΕΑ,
1887 3728 1928 3754 vel
1944 3733 1991 3754 co
2001 3731 2134 3758 PfR-IAS,
2148 3734 2188 3752 ae.
2208 3723 2393 3760 m..[noaegilfiq³]
2407 3738 2409 3740 ·
2452 3715 2455 3726 ²

245 3784 335 3804 torum
353 3777 388 3803 cst
407 3777 453 3804 ista
470 3776 615 3809 assiduitas,
630 3783 744 3811 qnorum
762 3773 837 3808 copia
855 3772 933 3799 bonis
953 3778 978 3798 ct
997 3770 1120 3798 beneficis
1135 3768 1216 3796 deesse
1228 3775 1284 3793 non

247 3813 321 3840 solet.
516 3809 536 3850 q
553 3821 572 3845 4
608 3810 654 3839 Sed
683 3819 738 3836 uam
750 3809 799 3836 late
814 3814 901 3843 pateat
916 3816 1017 3839 nomen,
1040 3808 1099 3832 aliis
1118 3804 1233 3840 exemplis
1245 3802 1285 3828 de·

245 3848 392 3889 clarabitur.
427 3847 482 3874 Cic.
498 3848 552 3874 Att.
565 3857 594 3881 4,
607 3855 624 3874 2
635 3846 668 3882 su
696 3845 791 3882 finem,
819 3844 942 3877 Qiorum
960 3841 1052 3868 studiis
1072 3850 1138 3876 ego,
1151 3846 1176 3866 et
1190 3838 1285 3874 copiis,

245 3883 322 3911 facilc
336 3883 411 3910 essem
426 3883 516 3910 omnia
527 3884 715 3918 consequutus:
732 3880 773 3907 hic
785 3879 850 3906 nihil
862 3877 1000 3905 excluditur
1008 3886 1098 3910 corum,
1110 3876 1286 3912 quibusiuuari

1315 1922 1317 1924 ·
1338 1911 1484 1937 maximum
1500 1915 1525 1936 et
1538 1907 1637 1942 copiosi

1716 102 1751 141 c
1840 104 1876 142 o
1964 102 1992 142 P
2283 119 2371 159 ,240

1333 201 1394 219 vae:
1430 197 1543 218 caeteras
1556 192 1644 226 copias
1657 190 1782 218 Ostiensis
1795 190 1900 217 colonia
1914 189 2053 217 ministrat.
2125 193 2193 221 Ter.
2206 195 2293 221 Heaut
2315 203 2328 228 ς
2351 205 2359 223 1

1334 236 1380 270 54*
1405 228 1448 254 Ne
1466 237 1545 261 quam
1560 228 1639 254 aliam
1658 233 1767 262 quac-rat
1783 227 1902 262 copiam,
1921 235 1949 252 ac
1965 232 1990 252 te
2012 226 2119 254 deserat.
2156 231 2206 256 Hic
2222 215 2372 264 videtur-’fii

1334 263 1455 300 gnificat-e
1481 264 1634 294 Facultates,
1657 271 1680 289 ct
1702 261 1834 296 ncceflaria
1860 262 1894 288 all
1908 261 2016 297 Jiimtum
2034 262 2186 297 faciendum.
2221 267 2294 291 Dicit
2313 269 2374 293 enim

1332 299 1416 335 paullo
1425 297 1481 340 post
1490 319 1497 330 ,
1516 299 1586 325 Nam
1602 298 1618 324 si
1629 297 1677 337 *illi
1690 308 1795 333 pergam
1811 297 1975 333 suppeditare
1989 297 2119 323 sumtibus
2128 317 2134 329 ,
2148 307 2191 326 etc.
2266 302 2376 328 Faculta-

1338 342 1385 361 tem
1396 333 1526 375 stg-›isficat
1545 334 1614 373 Ter.
1628 341 1655 358 in
1667 335 1734 366 prol.
1748 335 1843 360 Heaut.
1858 339 1885 364 :8
1916 334 1982 359 Date
2002 334 2134 360 crescendi
2154 335 2255 369 copiam
2294 345 2374 364 noua-

1338 380 1398 397 rum
1412 378 1459 410 qui
1478 368 1610 409 speciandi
1630 368 1731 395 faciunt
1748 371 1861 404 copiam.
1932 369 2023 395 Tacit.
2037 369 2104 395 Anu.
2122 378 2159 403 ¹4·
2174 378 2204 403 14
2221 371 2249 397 de
2263 356 2366 399 ’Nerone

1337 407 1436 448 Vetus,
1451 405 1492 431 illi
1505 413 1582 445 copia
1597 410 1653 444 erat
1666 404 1800 431 curriculo
1812 405 1999 440 quadrigarum
2016 404 2147 437 insistere,
2167 408 2185 431 i.
2205 408 2261 432 olim
2278 407 2322 433 hoc
2334 392 2376 443 vsi:

1336 442 1468 482 didicerat.
1495 440 1622 481 *Dicendi
1635 440 1744 465 facultas
1753 445 1778 465 et
1790 442 1865 474 copia
1879 442 1934 467 Cic.
1949 440 2004 466 Act.
2021 449 2029 466 1
2044 441 2156 466 inVerr.
2170 449 2199 466 10
2216 450 2272 474 c24.
2314 442 2377 470 Data

1337 487 1414 518 copia
1428 476 1502 504 fandi
1517 478 1590 511 Virg.
1604 477 1667 515 Αέιι.
1683 484 1702 515 1,
1716 483 1773 507 520.
1814 476 1986 503 Tcr.Heaut.
2003 485 2026 505 2,
2042 485 2063 508 3,
2078 485 2107 508 41
2126 475 2181 502 Vbi
2193 475 2376 510 deimprouiso

1338 514 1374 540 cst
1387 519 1567 540 interuentum
1586 511 1708 537 mulieri:
1744 519 1805 536 nam
1819 519 1849 536 ca
1867 520 1907 538 res
1925 513 1997 538 dedit
2012 519 2066 538 tum
2081 511 2248 538 existimandi
2266 513 2366 546 copiam

1337 549 1511 585 quotidianae
1524 549 1594 574 vitae
1608 547 1833 573 consuetudinem.
1895 548 1979 582 Copia
1994 548 2028 574 cst
2042 555 2109 581 quae
2121 546 2259 579 volumus,
2273 533 2376 582 subaudi

1337 595 1431 612 eorum
1446 586 1526 611 Plaut.
1541 585 1615 617 Capt.
1632 591 1654 615 2,
1669 591 1688 615 1,
1702 591 1739 609 21.
1760 586 1777 608 i.
1800 581 1996 618 Habemus-,quae
2008 583 2169 618 cupiebamus.
2240 583 2322 617 Copia
2333 584 2368 611 est

1338 628 1366 649 vt
1381 621 1474 655 pedem
1490 619 1629 646 efferamus
1643 627 1675 644 ex
1688 618 1798 644 aedibus
1812 617 1884 644 Idem
1900 618 1990 645 Bacch.
2006 628 2029 651 3,
2046 628 2068 651 3,
2084 627 2120 651 19.
2161 619 2192 644 Et
2204 617 2272 644 Ter.
2286 605 2378 648 Heauti
2393 617 2395 619 ’

1340 666 1364 689 2,
1378 665 1400 696 3,
1415 661 1447 690 87
1466 656 1537 682 Nam
1552 654 1626 693 apud·
1634 660 1735 688 patrem
1750 660 1795 680 tua
1805 653 1889 680 amica
1903 659 1989 679 tecum
2003 654 2054 681 sine
2069 660 2139 680 metu
2152 659 2181 680 vt
2194 652 2233 685 sit,
2247 655 2322 688 copia
2334 655 2368 682 est

1337 695 1355 718 i.
1371 693 1489 732 facultas
1508 698 1530 717 ct
1550 692 1649 724 occasio.
1720 689 1819 715 Sallust.
1841 689 1869 715 in
1882 689 1962 715 Catil.
1976 698 1997 715 c.
2013 698 2041 723 17
2077 690 2182 723 Quibus
2201 689 2230 714 in
2249 690 2323 723 otio,
2337 675 2378 719 vel

1338 729 1478 761 magnifice
1498 727 1541 752 vel
1564 726 1685 752 molliter
1707 725 1800 752 viuere
1820 725 1897 759 copia
1911 732 1966 751 erat
1976 744 1984 757 ,
1999 725 2095 752 incerta
2110 735 2158 760 pro
2173 725 2251 751 certis
2261 745 2268 757 ,
2283 725 2379 754 bellum

1338 772 1416 798 quam
1431 771 1519 803 pacem
1533 761 1677 794 malebant,
1696 764 1713 787 i.
1726 764 1768 796 qui
1781 768 1906 796 poterant.
1977 761 2063 795 Copia
2075 761 2120 787 vix
2132 761 2184 787 suit
2198 769 2258 786 eum
2270 761 2380 793 adeundi

1338 799 1421 826 Plaut.
1435 799 1518 839 Milit.
1532 808 1560 831 4,
1576 800 1646 830 6,11.
1718 797 1788 823 Ter.
1805 796 1910 823 Phorm.
1930 806 1950 829 1,
1972 805 1994 828 3,
2013 805 2049 830 24
2081 797 2115 822 Vt
2135 805 2222 831 neque
2241 796 2310 823 mihi
2326 797 2380 826 eiu!

1339 835 1377 875 sit⁸
1389 834 1545 864 amittendi,
1565 843 1612 860 nec
1635 833 1769 860 retinendi
1795 833 1880 866 copia.
1952 833 2021 858 Rara
2042 832 2119 865 copia
2137 832 2247 859 videndi
2270 828 2380 868 aliquem

1338 870 1449 897 Tibull.
1462 879 1486 901 2,
1501 878 1523 910 3,
1539 875 1581 903 84.
1653 868 1801 895 Cun&andi
1823 869 1899 902 copia
1920 877 1975 894 non
1999 867 2035 894 est
2060 868 2142 894 Plaut.
2164 868 2238 902 Epid.
2261 877 2281 900 1,
2301 877 2326 901 2,
2343 877 2379 903 59,

1338 907 1434 933 Facere
1454 914 1559 940 copiam
1579 905 1758 945 conueniendi
1781 905 1893 931 alterum
1920 904 1993 930 Idem
2012 905 2087 938 Capt.
2101 912 2124 935 3,
2140 911 2163 936 5,
2176 912 2220 936 90.
2270 905 2312 930 Sic
2324 904 2380 934 Liu.

1339 953 1367 976 4,
1406 962 1412 968 .
1451 962 1464 982 ·.
1495 941 1602 982 Postero
1616 941 1659 967 die
1671 942 1724 967 iam
1740 940 1874 967 militibus
1888 939 1968 967 castra
1980 939 2128 974 vrbemque
2150 940 2175 965 se
2190 946 2380 974 oppugnaturu-

1337 977 1531 1008 frementibus,
1549 986 1578 1003 ni
1593 977 1668 1011 copia
1682 985 1783 1011 pugnae
1798 976 1850 1002 fiat.
1921 976 2034 1010 copiam
2049 976 2135 1001 facere
2147 975 2251 1002 consilii
2272 975 2312 1002 sui
2329 977 2395 1005 Cic*

1338 1014 1370 1040 de
1384 1014 1459 1040 Orat.
1473 1020 1496 1053 3,
1511 1018 1555 1053 ¹38„
1570 1022 1591 1039 c.
1606 1021 1647 1053 33..
1699 1014 1740 1052 751.-
1760 1012 1826 1038 Plin.
1840 1011 1919 1046 Epist.
1938 1014 1965 1044 6,
1986 1014 2019 1038 26
2060 1012 2104 1038 Ne
2124 1020 2173 1045 ego
2189 1011 2299 1046 quidem
2318 1011 2383 1042 indi,

1338 1059 1418 1085 gnus,
1437 1058 1482 1075 cui
1496 1057 1600 1083 copiam
1615 1050 1739 1074 scientiae
1752 1054 1813 1074 tuae
1827 1048 1915 1074 facias.
1963 1047 2074 1081 Copiam
2087 1047 2173 1073 facere
2186 1046 2288 1081 argenti
2303 1047 2383 1077 Plauts
2399 1062 2401 1064 v

1337 1087 1415 1127 Curc.
1431 1094 1454 1117 2,
1467 1094 1487 1117 3,
1503 1093 1537 1117 51.
1610 1083 1717 1124 Habere
1735 1085 1838 1118 copiam
1858 1083 1970 1110 alicuius
1991 1083 2050 1109 Sall.
2072 1084 2128 1117 lug.
2147 1092 2169 1109 c.
2190 1091 2233 1109 111.
2303 1083 2382 1112 Plane.

1337 1122 1420 1162 Milit.
1432 1130 1454 1153 3,
1470 1129 1490 1153 1,
1506 1128 1554 1155 174
1581 1120 1653 1146 Huic
1667 1120 1767 1146 amanti
1780 1129 1808 1146 ac
1825 1119 2018 1146 Philocomasio
2037 1118 2102 1145 hanc
2117 1117 2258 1145 efficiamus
2273 1119 2372 1154 copiam

1337 1159 1372 1185 Vt
1387 1156 1430 1184 hic
1443 1166 1500 1183 eam
1513 1155 1625 1182 abducat
1637 1155 1773 1191 abeatque.
1831 1156 1931 1190 Copiae
1946 1156 2055 1187 Cornu,
2076 1154 2129 1182 vid.
2151 1139 2385 1184 CORNVCOPIAEZ

1338 1196 1389 1256 lgr:
1410 1193 1474 1220 illud
1494 1192 1563 1219 modo
1576 1199 1700 1227 notamus,
1714 1191 1828 1226 Copiam
1844 1192 1887 1218 hic
1909 1191 1993 1218 videri
2006 1192 2084 1218 Deam
2105 1188 2162 1224 effe,
2189 1191 2389 1227 Fortunamque

1335 1240 1350 1257 α
1370 1239 1404 1256 eo.

1372 1273 1389 1293 C
1399 1272 1442 1292 ΟΡ
1452 1272 1461 1292 1
1470 1272 1482 1292 S
1491 1285 1500 1297 ,
1522 1274 1545 1291 e.
1566 1270 1615 1300 pro
1634 1263 1767 1298 Copioso,
1787 1272 1802 1289 a
1817 1261 1941 1289 veteribus
1954 1260 2062 1294 dictum,
2077 1268 2106 1288 vt
2124 1268 2229 1288 annotat
2243 1261 2348 1289 Nonius
2359 1271 2386 1298 ι,

1339 1310 1381 1342 119
1394 1300 1621 1341 laudatque-plaut.
1637 1299 1726 1325 Pseud.
1742 1303 1782 1330 (2,
1796 1307 1817 1331 3,
1834 1301 1866 1330 8)
1900 1299 1984 1333 Atque
1999 1307 2048 1332 ego
2063 1307 2131 1324 nunc
2144 1304 2173 1324 vt
2187 1297 2332 1332 gloriosum
2348 1299 2396 1327 fab.

1338 1347 1416 1369 ciam,
1432 1343 1458 1363 et
1478 1344 1539 1371 copi
1556 1335 1672 1376 petilore.
1729 1335 1803 1361 Idem
1819 1334 1910 1361 Bacch.
1924 1343 1949 1366 2,
1965 1342 2040 1368 3,117
2070 1335 2105 1360 Vt
2125 1340 2255 1360 amantem
2274 1333 2385 1362 herilem

1338 1382 1430 1415 copem
1444 1373 1559 1399 facerem
1574 1372 1671 1398 hlium.
1707 1370 1855 1405 Turpilius
1867 1377 1906 1406 ap.
1922 1370 1995 1397 Non.
2010 1371 2027 1396 1.
2042 1379 2064 1396 c.
2090 1370 2136 1396 Te
2144 1369 2252 1404 quidem
2266 1370 2385 1399 omnium

1337 1419 1389 1436 iam
1405 1415 1482 1449 'pater
1501 1417 1592 1443 copem
1613 1407 1749 1433 causarum
1767 1406 1839 1433 facit.
1894 1407 1925 1432 Er
1939 1406 2068 1432 Pacuuius
2082 1406 2226 1439 Periboea,
2261 1406 2286 1433 O
2299 1404 2385 1434 multiss
2399 1421 2405 1424 -

1337 1445 1424 1472 modis
1437 1445 1511 1471 varie
1524 1443 1636 1471 dubium
1651 1449 1677 1469 et
1690 1443 1846 1477 prosperum
1862 1451 1955 1477 copem
1970 1441 2050 1474 diem.

1378 1487 1395 1508 C
1408 1488 1427 1508 O
1438 1488 1453 1507 P
1462 1488 1475 1507 S
1486 1478 1528 1521 ..²st
1542 1479 1609 1515 apud
1620 1479 1744 1505 Priscian.
1757 1486 1773 1513 7
1789 1488 1812 1513 p.
1828 1485 1886 1512 732.
1922 1479 2012 1504 Locum
2027 1477 2113 1504 damus
2126 1480 2154 1503 in
2168 1478 2232 1512 Ops.
2309 1504 2313 1507 ,

1376 1523 1393 1544 c
1403 1524 1422 1544 o
1433 1523 1448 1556 ιζ
1458 1524 1465 1542 1
1476 1523 1495 1542 o
1505 1523 1549 1542 LA
1560 1535 1568 1547 ,
1599 1523 1639 1541 ae.
1656 1514 1686 1554 ’ἢ
1715 1514 1817 1540 Dimin.
1855 1511 2026 1549 [δυναμῶιω]
2063 1514 2137 1540 Brut.
2149 1513 2207 1540 Cic.
2222 1513 2295 1539 Fam.
2311 1521 2344 1546 11,
2359 1516 2387 1546 13»

1338 1552 1450 1593 Recurri
1467 1551 1499 1578 ad
1513 1560 1583 1578 meas
1603 1549 1736 1584 copiolas:
1763 1549 1796 1576 sic
1810 1549 1882 1576 enim
1900 1558 1941 1576 eas
1960 1558 2024 1576 vere
2043 1548 2175 1584 appellare
2189 1549 2384 1584 poffiimrfim

1338 1598 1411 1615 enim
1426 1586 1665 1627 extenuatissirnae,
1679 1592 1703 1612 et
1718 1586 1809 1620 inopia
1825 1593 1914 1611 rerum
1929 1585 2050 1612 omnium
2065 1584 2168 1620 pessime
2187 1591 2316 1619 acceptae.
2356 1588 2359 1591 '
2372 1597 2379 1613 ,¹

1376 1630 1393 1651 C
1406 1631 1449 1664 QP
1460 1631 1468 1649 1
1478 1630 1517 1651 os
1527 1631 1547 1650 V
1557 1629 1581 1655 S,
1595 1631 1620 1655 a,
1636 1631 1691 1648 uni.
1708 1621 1769 1648 Adi.
1789 1619 1906 1655 [silvi-opos]
1925 1621 2075 1653 Abundans,
2083 1620 2159 1647 diuet.
2172 1621 2228 1648 Cic.
2237 1622 2312 1648 Verr.
2325 1628 2346 1653 1,
2355 1621 2386 1654 65

1338 1659 1480 1695 Magnifice
1494 1665 1520 1685 et
1534 1664 1627 1685 ornate
1636 1678 1644 1690 ‚
1664 1664 1694 1684 vt
1706 1664 1762 1684 erat
1774 1657 1803 1683 in
1816 1656 1910 1691 primis
1923 1656 1994 1683 inter
2006 1657 2065 1683 suos
2078 1657 2199 1691 copiosus
2208 1677 2217 1690 ,
2231 1656 2384 1684 conuiuium

1338 1700 1481 1736 comparat.
1553 1694 1618 1727 Illa,
1636 1694 1724 1728 (via)
1745 1702 1798 1728 qua
1818 1701 1911 1718 omnes
1933 1692 2133 1725 commeabant,
2153 1699 2210 1719 erat
2233 1692 2383 1727 copiosae-

1337 1739 1496 1771 mmumque
1517 1738 1608 1756 rerum
1628 1728 1765 1756 abundans
1788 1729 1857 1763 Nep.
1878 1733 1912 1759 18,
1925 1733 1948 1761 8,
1963 1735 1983 1761 5.
2056 1729 2142 1755 Locus
2160 1728 2284 1763 copiosus
2301 1737 2318 1755 a
2332 1727 2386 1755 sm·

1338 1774 1429 1794 mento
1450 1767 1506 1793 Cic.
1522 1767 1575 1791 Att.
1589 1772 1612 1798 5,
1626 1769 1659 1794 18.
1733 1764 1800 1791 Vrbs
1820 1764 1931 1792 celebris
1950 1771 1976 1790 et
1993 1764 2100 1799 copiosa
2126 1764 2199 1791 Idem
2211 1773 2260 1799 pro
2275 1763 2353 1792 Arth.
2366 1771 2387 1798 4

1337 1813 1359 1830 c.
1375 1812 1396 1836 3.
1473 1801 1597 1836 Amplum
1616 1806 1642 1827 et
1661 1800 1799 1834 copiosum
1821 1800 2015 1834 patrimonium
2035 1800 2073 1826 Id.
2093 1809 2142 1834 pro
2162 1801 2238 1827 Rosc.
2260 1801 2387 1827 Amer.6.

1338 1839 1453 1865 Lautum
1476 1843 1502 1864 et
1525 1836 1662 1871 copiosum
1685 1836 1878 1870 patrimonium
1901 1835 1957 1861 Cic.
1974 1844 2023 1869 pro
2037 1835 2127 1863 Rabir.
2143 1836 2211 1863 Post.
2229 1841 2268 1869 38.
2336 1836 2388 1862 Co·

1338 1875 1411 1909 piosa
1432 1874 1525 1909 plane,
1544 1880 1569 1899 et
1591 1871 1708 1933 lociplples
1728 1871 1826 1898 mulier
1842 1870 1918 1897 Idem
1931 1870 1994 1897 Diu.
2009 1871 2038 1897 in
2053 1872 2128 1898 Caec.
2144 1879 2181 1904 53.
2252 1871 2389 1906 Oppidum

1657 1916 1740 1934 imum
1759 1908 1832 1934 Caes.
1846 1907 1910 1933 Bell.
1926 1906 1994 1933 Gall.
2009 1915 2029 1937 1,
2043 1915 2079 1939 23.
2153 1907 2300 1941 Copiosum
2315 1908 2390 1934 Sena-

1338 1946 1530 1974 tusconsultum
1550 1945 1616 1971 Plin.
1629 1943 1709 1978 Epist.
1729 1948 1752 1973 8,
1772 1945 1797 1969 6.
1869 1942 1925 1969 Cic.
1938 1942 2022 1968 Tusc.
2035 1951 2059 1975 3,
2071 1945 2108 1977 46
2145 1943 2271 1970 Tenuern
2285 1942 2389 1969 vidium

1338 1983 1452 2010 antefert
1463 1981 1581 2017 copioso.
1593 2015 1599 2020 ·
1642 1978 1755 2016 ἱΒοᾶἶιιε
1773 1984 1798 2004 et
1813 1978 1934 2012 copiosus
1955 1976 2054 2010 homo,
2067 1984 2093 2004 et
2105 1984 2209 2012 paratus
2221 1978 2296 2005 Idem
2309 1977 2389 2005 Acad.

1339 2028 1370 2053 4,
1407 2039 1414 2045 .
1453 2039 1459 2045 .
1532 2016 1662 2050 Copiosus
1675 2014 1759 2041 homo
1773 2014 1806 2040 ad
1821 2013 1963 2041 dicendum
1973 2032 1980 2045 ,
1994 2018 2021 2039 et
2035 2013 2063 2039 in
2075 2013 2189 2040 dicendo
2208 2013 2247 2040 Id.
2262 2023 2311 2048 pro
2325 2016 2389 2041 Cae-

1339 2055 1391 2082 cin.
1404 2057 1450 2089 64.
1486 2053 1543 2081 Cic.
1558 2054 1635 2079 Verr.
1649 2060 1666 2078 2
1682 2060 1702 2077 c.
1716 2053 1757 2083 36.
1794 2051 1894 2076 Orator
1913 2048 2046 2084 copiosior
2059 2049 2133 2076 Idem
2147 2049 2178 2076 de
2189 2050 2264 2076 Orat.
2280 2058 2292 2082 3
2316 2059 2338 2076 c.
2351 2057 2390 2082 32.

1338 2091 1428 2118 Rebus
1442 2089 1568 2117 omnibus
1580 2093 1690 2115 ornatus
1703 2092 1729 2113 et
1741 2086 1864 2121 copiosus
1883 2083 1929 2113 ld:
1936 2085 1967 2112 in
1981 2084 2060 2111 Catil.
2073 2093 2100 2118 2,
2115 2090 2148 2115 18.
2219 2085 2334 2119 Copiosa
2351 2084 2391 2112 di.

1339 2128 1455 2161 sputatio
1469 2127 1526 2153 Cic.
1542 2123 1622 2151 Acad.
1637 2131 1664 2157 4,
1677 2131 1718 2156 30.
1790 2122 1906 2157 Copiosa
1927 2127 1954 2148 et
1973 2121 2077 2155 elegans
2092 2120 2181 2148 oratio
2199 2119 2318 2150 Idenide
2331 2112 2398 2149 Finis

1342 2169 1363 2192 1,
1380 2195 1385 2200 ι
1401 2180 1407 2186 .
1444 2181 1451 2186 .
1473 2195 1479 2200 ι
1495 2161 1597 2191 Multa,
1611 2159 1703 2191 varia,
1717 2162 1743 2184 et
1756 2158 1864 2193 copiosa
1876 2157 1965 2185 oratio
1979 2157 2018 2184 Id.
2033 2156 2065 2183 de
2073 2157 2147 2184 Orat.
2161 2165 2184 2190 2,
2197 2165 2254 2190 214.
2306 2151 2390 2185 Nuin·

1340 2195 1406 2235 quid
1421 2194 1554 2234 copiosior
1566 2195 1596 2220 L.
1611 2193 1776 2226 Mummius,
1790 2202 1872 2228 quum
1885 2193 2085 2228 copiosissimam
2103 2192 2198 2220 vrbem
2212 2192 2334 2220 funditus
2344 2193 2391 2220 'sub

1338 2230 1446 2257 stulisset
1466 2231 1522 2256 Cic.
1535 2229 1589 2256 Off.
1604 2236 1620 2255 2
1644 2237 1666 2255 c.
1683 2237 1725 2255 22.
1746 2230 1764 2254 i.
1786 2230 1981 2264 locupletiorem,
1993 2225 2212 2264 locupletffmam.

1339 2275 1372 2299 13,
1387 2275 1425 2300 44
1452 2265 1537 2293 Multa
1551 2265 1582 2291 de
1595 2273 1656 2291 meo
1669 2265 1790 2305 Catone,
1801 2273 1880 2299 quem
1895 2264 2037 2299 saepiffime
2050 2264 2162 2300 legendo
2178 2265 2204 2291 se
2223 2264 2290 2292 dicit
2303 2274 2335 2292 co
2353 2264 2360 2271 “
2395 2277 2408 2293 ,-

1340 2302 1436 2342 liorem
1454 2301 1563 2341 fac'hini.
1627 2300 1703 2341 ῬΙιιι.
1717 2300 1795 2334 Epist.
1811 2308 1838 2334 9,
1852 2309 1869 2327 2.
1903 2300 1948 2326 Illi
1968 2300 2042 2327 enim
2054 2306 2081 2327 et
2101 2300 2303 2336 copiosiffimum
2321 2301 2331 2328 i

1341 2346 1431 2377 nium,
1447 2343 1473 2363 et
1486 2346 1533 2372 par
1546 2344 1653 2371 ingenio
1674 2336 1795 2362 materia.
1867 2336 1973 2365 Solinus
1987 2339 2016 2363 16
2028 2343 2094 2363 extr.
2122 2337 2192 2371 Ager
2213 2338 2335 2364 Creticus
2382 2336 2388 2342 ⁵

1342 2372 1471 2410 vesti-ium
1496 2380 1635 2407 caprarum
1657 2372 1779 2405 copiosus
1801 2371 1846 2401 est.
1919 2372 2050 2407 Copiosus
2065 2381 2095 2400 re
2116 2372 2218 2401 cibaria
2239 2373 2299 2400 Gell
2326 2376 2369 2409 7J'

1342 2406 1473 2440 eopiosa,
1484 2413 1532 2440 pro
1546 2407 1651 2442 copiose
1670 2406 1790 2432 Scribon.
1804 2415 1838 2433 12.
2301 2393 2307 2400 ¹
2336 2372 2386 2433 *²1⁴5
2398 2419 2400 2422 ·

1380 2447 1519 2480 corios
1528 2447 1554 2466 E.
1591 2442 1659 2467 Adu.
1696 2440 1859 2475 [ἐφθόνως]
1895 2441 2068 2470 Abundanter.
2111 2444 2168 2471 Cic.
2190 2444 2223 2471 de
2242 2441 2341 2477 Sene&
2358 2445 2387 2476 53

1343 2479 1432 2512 Qiam
1447 2476 1560 2517 cop-ipse·
1570 2474 1604 2502 ab
1618 2483 1651 2501 eo
1664 2476 1825 2514 agricultura
1838 2475 1960 2503 laudatur
1973 2476 2002 2502 in
2015 2485 2048 2503 eo
2063 2477 2147 2509 libro,
2163 2481 2212 2513 qui
2223 2480 2260 2507 est
2273 2481 2307 2507 de
2319 2482 2390 2507 tuen*-

1344 2514 1377 2541 da
1389 2522 1418 2540 re
1431 2512 1571 2539 familiari.
1643 2510 1758 2544 Copiose
1777 2517 1803 2536 et
1821 2511 1984 2538 abundanter
1999 2512 2077 2547 loqui
2090 2512 2123 2538 de
2136 2521 2167 2538 re
2179 2513 2270 2547 aliqua
2287 2516 2345 2543 Cic.
2358 2513 2392 2541 de

1344 2551 1419 2578 Orat.
1433 2558 1460 2581 2,
1475 2556 1512 2582 151
1534 2557 1555 2574 c.
1570 2554 1606 2580 35.
1642 2545 1712 2573 Acid.
1733 2545 1773 2572 Id.
1793 2545 1822 2571 in
1840 2546 1914 2572 Orat.
1933 2555 1956 2571 c.
1971 2547 1999 2579 42
2071 2547 2128 2574 Cic.
2148 2547 2180 2574 de
2192 2548 2255 2575 Nat.
2271 2549 2352 2575 Deoia
2366 2557 2394 2581 2,

1345 2595 1384 2614 121
1405 2595 1426 2612 c.
1438 2592 1476 2619 47
1502 2583 1604 2610 Pastum
1619 2584 1712 2609 autem
1722 2581 1903 2608 animantibus
1916 2580 1988 2615 large
2001 2587 2027 2608 et
2039 2583 2146 2616 copiose
2163 2589 2257 2611 natura
2268 2584 2395 2619 eum‚qui
2421 2588 2423 2590 “

1344 2622 1441 2685 {nique
1461 2616 1818 2661 a'ptuseratskomparauit.
1847 2653 1853 2658 .
1886 2617 1988 2651 Neque
2013 2618 2148 2645 sententiis
2165 2619 2252 2647 solum
2277 2620 2397 2654 copiose,

1346 2653 1802 2724 diiessffffiza‘ffz'bss'irssifisse
1821 2651 2096 2716 Cs¹fibssliiffsssst¹³ci>⁰f³
2112 2659 2206 2716 ¹553·ss
2255 2654 2395 2690 ⁰⁰⁹³⁰s¹²¹⁶

1347 2730 1433 2757 Flacc.
1447 2737 1482 2763 42
1508 2737 1529 2754 c.
1551 2735 1588 2768 17.
1660 2725 1828 2766 Composite,
1847 2730 1956 2766 ornate,
1970 2698 2188 2760 copiosglgldquli
2200 2691 2395 2754 Εέξὲεάἒάὸεέε

1346 2770 1465 2828 :segg-ah
1481 2761 1652 2832 3Ggapglfime
1670 2767 1697 2788 et
1716 2759 1888 2796 copiosissime
1906 2761 1995 2788 dicere
2020 2761 2094 2788 Idem
2107 2762 2160 2788 Off.
2175 2770 2196 2795 1,
2208 2771 2235 2796 4.
2272 2762 2340 2790 Add.
2355 2762 2394 2793 111·-

1346 2880 1420 2900 tanta
1433 2873 1567 2908 opulentia.

1345 2909 1418 2938 habet
1431 2905 1618 2945 supelleflilem.

1346 2955 1372 2979 2,
1386 2953 1438 2977 191.
1494 2941 1675 2978 Copiosissime
1688 2941 1778 2970 dicere
1791 2940 1831 2967 Id.
1844 2949 1894 2975 pro
1909 2940 2013 2967 Cluent.
2025 2948 2070 2973 29.

1640 2869 1755 2905 Copiose
1770 2875 1879 2895 ornatus
1892 2868 1949 2895 Cic.
1965 2869 2043 2897 Verr.
2058 2877 2077 2902 4
2091 2878 2112 2895 c.
2121 2877 2156 2904 27
2181 2873 2224 2906 qui
2237 2870 2394 2906 splendidam

2141 2941 2258 2970 Defendi
2275 2942 2332 2971 eie.
2342 2946 2394 2978 pro

1345 2982 1439 3015 Qiint.
1454 2988 1476 3005 c.
1490 2984 1529 3019 28.
1554 3017 1557 3021 Ι
1577 3016 1582 3020 .
1601 2976 1779 3017 Copiosiffime
1791 2975 1898 3003 laudare
1911 2975 1986 3004 Idem
1999 2975 2032 3002 de
2038 2977 2113 3003 Orat.
2127 2985 2141 3003 2
2154 2985 2176 3004 c.
2188 2985 2226 3004 10.
2297 2978 2395 3014 Copia*-

1345 3017 1435 3045 fiffime
1447 3016 1518 3042 nasci
1530 3013 1625 3040 dicitur
1638 3012 1722 3039 herba
1735 3012 1802 3040 Plin.
1818 3020 1857 3045 19,
1870 3021 1893 3045 ς.
2343 3033 2345 3037 ,
2357 3011 2394 3039 ‚1:23

1383 3049 1720 3090 corioslTAs‚·atis.
1740 3048 1761 3075 f.
1798 3049 1892 3075 Pacuu.
2383 3050 2392 3078 ι

1383 3094 1401 3115 C
1414 3094 1457 3118 οι>
1466 3094 1476 3113 1
1485 3092 1533 3113 AR
1543 3093 1553 3113 1
1562 3093 1581 3112 v
1593 3092 1622 3117 s,
1642 3093 1660 3112 1.
1679 3094 1716 3112 rn.
1753 3085 1872 3116 Dicitur,
1904 3085 1930 3109 ui
1948 3081 2139 3120 magistratibus
2153 3084 2294 3120 praebenda
2324 3091 2349 3113 et

1346 3134 1400 3152 rum
1407 3123 1528 3160 familiae
1537 3120 1698 3157 praestabat,
1713 3120 1814 3156 publice
1827 3093 1902 3146 cotidq
2300 3104 2308 3117 ’

1346 3167 1370 3188 et
1389 3157 1552 3196 magistratus
1568 3156 1730 3194 seHabatur,
1751 3159 1836 3182 vinum
1858 3155 1954 3182 cibaria
1973 3165 2000 3181 ue
2019 3156 2135 3182 vendenr.

1350 3195 1450 3238 fundus
1463 3193 1495 3227 est
1509 3195 1568 3220 Vet.
1585 3192 1671 3219 Schol.
1683 3195 1727 3228 qui
1742 3190 1889 3219 Parochum
1902 3164 1971 3227 apud
1986 3191 2055 3218 Hor.
2066 3191 2153 3219 Serm.
2168 3199 2189 3224 1,
2202 3199 2224 3226 ς,
2237 3195 2275 3226 46
2300 3192 2403 3229 Copia·

1347 3240 1420 3260 num
1437 3234 1629 3266 interpretatur.
2362 3221 2388 3239 ·”·
2406 3232 2411 3240 ·

2133 3298 2164 3324 Et
2176 3298 2292 3325 Romani
2306 3298 2360 3326 mul

1350 3303 1418 3343 0⁶¹¹:
1435 3309 1474 3337 17,
1488 3311 1500 3328 2
1521 3301 1549 3327 de
1563 3300 1648 3327 verbis
1660 3300 1749 3335 Qint.
1771 3298 1869 3326 Claudii
1880 3300 2008 3325 annalium
2021 3300 2113 3334 primo,

1350 3347 1431 3366 armis
1450 3345 1476 3364 et
1491 3345 1588 3371 magno
1606 3341 1756 3362 commeatu
1775 3334 1923 3375 praedaque
1943 3334 2047 3369 ingenti
2063 3334 2218 3368 copiantur:
2249 3335 2322 3369 quod
2340 3340 2396 3362 vm·
2408 3351 2416 3362 >.
2459 3326 2463 3330 ²

1350 3375 1415 3402 bum
1436 3373 1506 3400 haud
1529 3371 1607 3399 facile
1621 3371 1737 3406 reperias
1758 3370 1827 3406 apud
1845 3370 1969 3397 ciuilium
1994 3370 2131 3396 causamini
2146 3375 2283 3397 oratores:
2311 3379 2344 3398 ex
2400 3381 2410 3397 .’

1350 3411 1442 3438 eadem
1459 3409 1543 3444 figura
1562 3407 1598 3435 est
1612 3415 1664 3442 qua
1683 3407 1836 3442 lignantur,
1856 3412 1881 3433 et
1894 3405 2071 3441 pabulantur,
2087 3411 2113 3432 et
2130 3411 2269 3441 aquantur.
2323 3406 2392 3434 Nom

1349 3456 1377 3480 2,
1392 3454 1432 3480 141
1452 3445 1533 3471 eadem
1547 3443 1620 3485 verba
1630 3443 1743 3479 profert,
1747 3441 1797 3504 {ed
1809 3441 1933 3469 auHorem
1946 3441 2032 3468 laudat
2045 3441 2168 3468 Caelium
2182 3441 2230 3468 lib.
2245 3449 2264 3468 1.
2384 3442 2393 3464 'i
2406 3444 2407 3448 ’

1386 3487 1500 3510 COPls
1516 3500 1525 3513 ,
1547 3479 1607 3506 i'dis.
1638 3479 1658 3505 f.
1686 3478 1745 3519 .Gla
1766 3479 1805 3505 ius
1827 3477 1924 3505 leuiter
1942 3482 2067 3504 curuatus
2086 3477 2150 3504 salci
2172 3476 2265 3504 similis
2285 3473 2400 3511 Curn'ss·

1352 3527 1393 3553 14,
1413 3525 1455 3550 29.
1528 3515 1607 3543 Illum
1626 3513 1786 3541 succindium
1804 3513 1957 3546 chlamyde,
1978 3512 2084 3548 cepides
2103 3518 2129 3539 et
2146 3512 2277 3539 venabula
2292 3522 2341 3540 ven
2375 3515 2380 3517 “
2411 3506 2414 3510 ’

1350 3562 1407 3581 reni
1425 3553 1542 3580 fecerant
1562 3551 1639 3586 Apul.
1659 3551 1725 3577 Met.
1746 3557 1770 3576 11
1788 3558 1813 3585 p.
1835 3552 1893 3576 260.
1935 3548 1995 3578 Vid.
2018 3548 2132 3576 Freinsh.
2147 3547 2204 3575 lud.
2223 3551 2252 3574 in
2269 3512 2395 3586 Cure-¹33,

1348 3599 1377 3616 ex
1394 3590 1494 3616 Graecis
1510 3585 1629 3620 illustrat.
2352 3606 2359 3610 ,.
2369 3590 2403 3615 Ἳ,

1386 3631 1504 3654 coro,
1528 3623 1597 3649 onis.
1624 3621 1678 3648 vid.
1708 3626 1853 3648 CAvro.
2327 3618 2407 3650 -χτιῃ,

1389 3667 1406 3687 c
1419 3666 1438 3686 o
1449 3667 1464 3687 1²
1473 3660 1492 3686 6
1501 3666 1521 3685 Ν
1532 3665 1552 3685 Λ
1562 3679 1570 3691 ,
1589 3667 1628 3685 ae.
1652 3657 1672 3684 f.
1709 3657 1876 3691 [καπηλὲἱον]
1912 3654 2051 3688 Taberna,
2064 3656 2148 3690 inquit
2160 3653 2264 3688 Festus,
2276 3662 2292 3682 a
2304 3652 2382 3694 Cupi

1353 3696 1434 3724 dieta.
1471 3696 1536 3721 Item
1552 3695 1604 3729 ipsa
1612 3693 1799 3727 Mulier,quae
1810 3691 1934 3719 tabernae
1949 3690 2057 3726 praeest.
2094 3688 2135 3722 Est
2147 3698 2206 3726 ergo
2217 3691 2354 3726 Cauponaa
2379 3684 2402 3713 4

1352 3769 1539 3799 stercorarius,
1546 3765 1572 3801 fi
1584 3765 1684 3792 verbum
1695 3763 1768 3791 verbo
1784 3762 1885 3790 reddere
1894 3763 1969 3795 uelis,
1984 3761 2072 3788 ii-vili's
2085 3768 2109 3787 et
2122 3767 2268 3794 contemtus,
2279 3760 2394 3790 ridicu&

1351 3807 1406 3831 rius
1414 3803 1439 3839 s.
1450 3803 1552 3839 scurra.
1588 3801 1696 3828 Sueten.
1707 3798 1777 3826 Tib.
1793 3801 1852 3825 c.61
1873 3800 2016 3825 metationem
2019 3795 2092 3831 facit
2106 3797 2179 3824 Nani
2191 3796 2314 3824 adstantis
2324 3802 2406 3822 meru⁴

1354 3840 1395 3866 sac
1408 3839 1477 3865 inter
1491 3845 1608 3873 copreas.
1644 3836 1757 3870 Capreas
1770 3833 1829 3870 fere
1840 3834 1930 3863 habene
1941 3831 2003 3858 libri
2016 3833 2091 3859 MSS.
2107 3839 2130 3858 et
2143 3831 2220 3864 editi,
2241 3841 2272 3858 ac
2283 3829 2404 3868 defendis

1358 3876 1517 3906 Torrentius.
1556 3871 1602 3900 Sed
1612 3872 1728 3906 Copreas
1736 3870 1889 3906 Casaubonus
1899 3868 1941 3894 hic
1947 3874 1971 3892 et
1977 3867 2044 3903 apud
2056 3867 2153 3894 eundem
2169 3867 2238 3894 Suet.
2247 3866 2336 3895 Claud.
2351 3874 2373 3892 e.
2402 3894 2410 3901 ν

241 3919 376 3955 pristamus.
411 3917 478 3945 Plin.
493 3918 570 3953 Epist.
583 3927 609 3951 2,
625 3926 654 3952 17
681 3918 830 3953 Suggerunt
855 3913 956 3942 affatim
977 3912 1064 3948 ligna,
1086 3912 1224 3948 proximae
1243 3909 1283 3938 sil-
1298 3923 1342 3950 ¹03
1355 3910 1491 3938 Interdum
1503 3908 1590 3938 ferula
1605 3908 1724 3944 flagroue
1740 3905 1815 3933 velut
1827 3912 1875 3941 pa·
1888 3902 1982 3930 ludum
1999 3903 2178 3938 excitabatur,
2191 3911 2207 3930 a
2220 3902 2335 3938 cupreisi
2345 3901 2380 3933 ῥίο

2253 2228 2358 2256 IdemA
2398 2225 2411 2238 '¹
2445 2237 2447 2248 ⁴

1354 2838 1363 2844 -
1448 2836 1452 2841 ι
1657 2798 1713 2825 Cic.
1728 2799 1807 2824 Vei-r.
1832 2805 1852 2829 1,
1866 2805 1901 2838 ι91
1932 2797 2003 2824 Nam
2022 2797 2165 2825 Malleolus
2183 2798 2213 2824 in
2230 2799 2394 2833 prouinciam
2415 2792 2431 2799 ‚.

1313 2850 1327 2876 ς
1346 2840 1380 2865 lic
1394 2837 1501 2871 copiose
1514 2833 1650 2870 profe&us
1663 2838 1735 2866 erat,
1755 2838 1783 2859 vt
1799 2832 1874 2859 domi
1895 2834 2001 2867 prorsus
2014 2832 2084 2860 nihil
2102 2834 2282 2869 relinqueret,
2302 2837 2321 2862 i.
2341 2843 2392 2862 cum
2414 2851 2416 2853 v

1690 2905 1806 2940 Copiose
1825 2913 1934 2931 reorum
1955 2905 2041 2931 causas
2059 2905 2201 2932 defendere
2223 2907 2297 2934 Idem
2316 2907 2392 2934 Verr.
2416 2935 2418 2939 ,

1891 3117 1949 3146 uita
1962 3122 1984 3145 ei
1991 3131 2000 3152 -,
2016 3122 2060 3155 qui
2069 3123 2260 3156 peregrinantes
2269 3085 2397 3158 prim-1233
2399 3120 2402 3129 ¹
2414 3100 2418 3106 .
2448 3117 2454 3155 ἕ

2177 3157 2308 3184 Turnebus
2326 3153 2420 3207 12,ῥᾷ
2448 3157 2450 3168 “

1385 3273 1403 3294 c
1415 3273 1476 3294 01²1
1488 3272 1508 3293 o
1518 3272 1537 3292 R
1548 3284 1555 3296 ,
1577 3265 1626 3291 ari.
1661 3261 1791 3299 Castra-‘iile
1806 3262 1906 3290 verbum
1924 3260 2042 3297 estspro
2054 3262 2131 3297 Copia
2148 3261 2243 3295 itfirm'
2259 3269 2284 3289 et
2301 3242 2417 3327 augffig
2454 3243 2457 3250 -

2398 3317 2407 3333 1

2307 3934 2394 3964 lebant
2403 3968 2410 3974 ‚
2426 3947 2436 3955 Ι

2454 1552 2474 2221 l

2468 2228 2474 2245 1

2442 2249 2474 2330 'f
