2474 4182
45 161 112 200 309
284 136 294 140 ’·
451 142 489 181 A
541 140 589 181 M
631 138 678 178 -o

45 235 176 265 mirabiles
189 240 286 260 amores
308 232 465 266 sapientiae,
484 230 502 257 fi
520 229 602 256 oculis
619 233 779 260 cerneretur,
798 228 885 255 forma
906 234 930 256 et
950 233 1075 263 tanquam

46 274 123 300 facies
136 269 234 297 honesti
246 268 300 294 Cic.
317 268 368 294 Off.
385 277 405 299 1,
418 277 455 301 14·
491 265 648 292 Exhauritur
661 272 745 295 amor,
764 263 816 290 vid.
830 264 854 290 h.
871 275 895 290 u.
923 265 982 291 Exit
997 263 1074 290 corde

40 307 193 336 'amor'Stat
209 303 270 330 Silu.
288 313 314 336 4,
328 313 355 337 4,
377 312 430 330 102.
466 301 545 329 Ouid.
555 301 643 326 Amor.
656 308 679 332 3,
693 308 724 339 11,
744 308 775 332 43
802 317 811 321 -
832 316 841 320 -
862 318 871 322 -
891 300 971 327 facies
984 304 1076 339 exorat

46 350 166 371 amorem.
202 340 338 374 Exponere
353 347 469 369 amores,
488 340 505 363 i.
526 335 653 370 Recenstre
672 334 752 374 Ouid.
767 336 830 361 Met.
847 344 883 368 10,
903 345 958 369 433.
994 334 1075 374 131111-

45 380 76 406 tit
89 382 158 404 tanto
173 375 200 401 in
221 384 261 401 me
276 384 366 402 amore
379 375 469 405 frater,
481 377 509 398 vt
523 376 628 404 negaret
643 377 687 396 etc.
709 372 764 397 Cic.
780 371 835 405 post
851 371 955 398 Rcd.ad
969 372 1047 403 Qnr.
1061 374 1073 398 8
1095 372 1107 397 5

45 423 65 440 c.
78 421 98 445 3,
156 411 236 437 Ouid.
255 412 320 437 Met.
335 419 354 443 1,
372 412 424 444 469
444 409 514 441 Eque
525 406 670 440 sagittifera
691 407 798 441 promsit
811 407 866 434 duo
880 408 930 434 tela
943 406 1073 441 pharetra,

44 447 212 477 Diuersorum
226 456 349 481 operum:
368 447 446 478 Fugat
458 442 517 474 hoc,
537 442 608 468 Facit
620 438 686 468 illud
706 451 831 469 amorem.
880 444 953 476 Virg.
967 443 1030 467 Aen.
1046 449 1074 472 4,

44 489 71 517 85
86 486 98 506 “-
115 500 125 505 -
145 499 154 504 -
176 483 315 508 Ascanium
331 479 454 517 genitoris
468 478 582 512 imagine
595 483 668 512 capta
713 479 828 511 Detinet,
851 479 988 505 infandum
1001 476 1018 502 li
1026 475 1073 502 sal-

44 519 96 546 lere
110 518 183 553 poffit
197 527 319 545 amorem.
355 515 430 542 Fallit
442 522 516 540 amor
536 513 617 539 Ouid.
632 515 723 540 Amor.
737 523 759 546 3,
773 523 801 547 4,
815 524 856 540 20.
893 513 982 540 Ferire
1002 520 1073 551 amo-

44 563 102 581 rum
117 554 319 589 turpissimorum
331 550 435 578 foedera
452 549 508 575 Cic.
521 558 570 583 pro
586 549 657 575 Cael.
672 558 711 583 34.
768 550 848 576 Fixus
863 558 937 576 amor
951 547 1073 573 medulhs
1088 550 1115 567 ¹0

39 591 146 625 lpenitus
158 589 227 616 sedet
246 590 300 616 Sen.
315 588 389 614 Herc.
403 585 461 611 Oet.
477 592 535 617 450.
574 585 696 619 Flagrans
712 594 788 612 amor
814 586 878 612 l-lor.
896 585 982 610 Carm.
998 592 1019 615 1,
1032 590 1073 615 25,

47 636 80 657 13-
117 625 234 660 l⁴*lagrare
248 631 334 651 amore
350 622 416 647 Hor.
431 619 512 654 Epod.
523 628 545 654 5,
560 625 595 650 81.
634 621 736 655 Flagrat
749 630 824 647 amor
838 621 864 647 in
876 619 952 646 molli
967 618 1074 653 pcelore

46 661 128 690 Ouid.
142 660 217 696 Epist.
232 668 265 691 15,
278 667 330 690 124.
380 657 492 682 Frcnare
506 664 609 682 amores
624 657 681 683 Sen.
705 657 799 684 Medea
820 658 876 690 867.
935 653 1073 688 Fugandus

44 706 121 725 amor
133 696 204 723 omni
214 700 283 730 parte
301 691 380 719 Ouid.
395 691 507 717 detzem.
523 692 613 719 Amor.
629 699 679 726 358.
717 693 793 727 Fugit
801 700 874 718 amor
889 690 994 716 Alcidae
1001 690 1072 717 tibi'?

47 734 103 760 Sen.
118 733 192 759 Herc.
206 731 263 757 Oet.
277 736 339 761 449.
374 727 429 754 Cic.
444 736 492 761 pro
507 728 594 754 Domo
608 729 651 754 sua
666 737 706 761 103
726 730 776 755 Pro
790 735 879 753 amore
893 735 972 760 quem
986 725 1072 753 Habe·
1088 728 1114 753 15

40 765 80 796 'tiu
89 770 116 796 in
128 764 329 800 Rempublicam,
343 769 368 789 et
384 764 484 798 semper
498 763 633 791 habuistis.
671 764 742 791 Idem
758 764 860 794 Fam.9,
877 770 905 795 14
925 762 992 795 Qus
1007 769 1071 794 erat,

39 805 93 840 ‘qui
105 807 211 839 putaret,
223 799 253 826 ad
267 807 326 825 eum
339 807 465 831 amorem,
475 808 553 834 quem
568 809 630 835 erga
644 806 669 826 te
677 798 813 829 habebam,
832 798 900 832 pofl'e
917 798 1019 836 aliquid
1033 807 1071 824 ac-

45 839 151 867 cedere.²
168 834 306 862 Habendus
318 833 354 860 est
367 843 441 862 amor
455 835 506 861 tibi
519 835 605 868 restat,
626 842 652 862 et
664 835 742 862 altera
756 833 827 859 Dido
845 833 925 860 Ouid.
946 833 1024 868 Epist.
1045 842 1071 868 7,

40 880 80 909 '³¹7-
132 873 244 899 Haerere
263 871 291 896 in
309 879 399 897 amore
413 871 481 906 apud
493 871 611 906 aliquam
630 871 708 897 Plaut.
727 869 799 903 Epid.
815 878 838 901 2,
854 878 878 899 2,
891 877 916 904 7-
975 870 1072 896 Haeret

45 917 116 937 amor
135 906 212 934 Ouid.
227 907 392 939 Met.13‚395.
413 907 544 934 laciamur
552 905 776 940 amorisinplagas
797 905 1114 938 Lucrct.4‚u40.h.c.20

41 943 69 972 lin
81 945 150 971 retia.
186 942 294 977 Igncscit
310 951 394 975 amor,
414 943 466 968 vid.
480 943 504 969 h.
518 953 542 969 v.
578 942 721 969 Immittere
734 949 850 966 amorem
870 942 926 966 Sen.
937 942 1000 966 Her.
1010 942 1070 967 Oct.

41 983 94 1014 554.
143 978 269 1013 Impulsus
290 987 379 1005 amore
397 978 460 1005 haec
473 979 505 1005 ad
525 985 550 1005 te
568 976 700 1005 scribenda
720 977 812 1011 putaui
830 977 885 1002 Cic.
906 977 977 1002 Fam.
992 985 1029 1008 10,
1050 986 1071 1009 3,

41 1014 155 1043 Incensus
167 1021 256 1040 amore
264 1013 374 1040 alicuius
395 1014 585 1046 Catull.62‚19.
621 1012 739 1039 Incidere
748 1013 776 1038 in
790 1020 917 1043 amorem,
937 1011 989 1038 vid.
1002 1013 1067 1052 h.⁴v.

40 1046 160 1078 'inducere
173 1049 289 1085 aliquem
303 1049 331 1076 in
351 1059 468 1077 amorem
489 1049 582 1077 Catull.
596 1054 635 1080 28,
649 1053 670 1078 8.
721 1048 860 1082 Indulgere
882 1048 969 1075 amori
987 1048 1069 1074 Ouid.

0 1078 8 1100 .'
41 1086 102 1113 Met.
115 1093 141 1118 9,
154 1093 211 1118 594.
254 1086 419 1113 Inflammare
432 1095 521 1113 amore
532 1085 648 1111 animum
667 1083 741 1118 Virg.
763 1084 827 1110 Aen.
844 1093 872 1116 4,
886 1091 926 1116 54.
964 1084 1069 1110 Inflam-
1083 1086 1111 1113 25

0 1121 4 1137 '²
41 1121 101 1157 mati
112 1121 161 1148 effe
175 1119 300 1147 debemus
317 1130 407 1149 amore
421 1123 448 1148 in
461 1120 578 1156 patriam,
595 1120 650 1146 Cic.
663 1119 696 1146 de
713 1121 787 1146 Orat.
804 1129 822 1151 1,
837 1121 879 1152 96.
921 1119 1068 1146 Inflammat

0 1277 2 1279 >
48 1265 102 1291 ior.
117 1264 189 1291 Serm
209 1273 228 1296 1,
247 1274 274 1299 4,
289 1273 331 1299 27.
384 1263 474 1291 Insitus
494 1263 577 1290 menti
594 1271 670 1289 amor
684 1263 854 1297 cognitionis,
873 1262 925 1288 vid.
942 1270 1066 1290 INSERO.
1082 1265 1115 1290 30

70 1165 153 1184 iorem
167 1156 242 1191 peior
256 1157 363 1184 fortuna
378 1158 433 1184 Sen.
449 1158 525 1183 Herc.
539 1156 597 1182 Oet.
613 1161 664 1188 358.
701 1156 857 1190 ingenerare
864 1164 992 1187 amorem,
1015 1155 1067 1181 vid.

55 1213 61 1219 .
75 1201 100 1220 υ.
149 1191 330 1219 inhaerescere
342 1192 474 1220 amoribus
488 1191 605 1218 erraticis
626 1192 645 1218 F
647 1192 731 1217 irmic.
745 1199 767 1224 5,
782 1194 818 1218 16.
854 1192 959 1217 Innatus
981 1192 1010 1218 in
1023 1200 1069 1218 no-

55 1228 76 1256 is
95 1236 170 1255 amor
188 1229 348 1263 cognitionis
367 1228 417 1255 vid.
438 1234 610 1254 INNASCOR.
660 1228 758 1253 Insanit
771 1226 906 1254 amoribus
927 1233 1069 1262 nuptarum

0 1306 1 1310 ¹
48 1300 145 1335 nspirat
159 1308 276 1326 amorem
291 1300 397 1328 tacitum
422 1300 483 1326 Stat.
497 1299 561 1326 Silu.
580 1307 599 1331 1,
614 1308 639 1331 2,
654 1307 709 1339 194.
746 1298 884 1325 Intendere
898 1307 1015 1325 amorem
1030 1300 1069 1334 pi.

7 1699 16 1726 Ι1

52 1335 220 1363 noribussuis
228 1335 317 1362 Claud.
331 1335 403 1371 Epig.
412 1343 451 1362 22.
472 1336 666 1369 Interrumpere
674 1341 725 1360 iter
737 1336 844 1365 amoris,
862 1334 915 1360 vid.
928 1335 951 1361 h.
961 1344 986 1361 υ.
1006 1336 1069 1361 Irri-

46 1380 90 1399 are
107 1371 187 1399 Ouid.
202 1373 264 1398 Met.
278 1380 298 1404 1,
316 1374 370 1405 461.
406 1371 521 1398 Laedere
534 1371 572 1398 Id.
580 1370 616 1397 ib.
624 1379 651 1404 4,
667 1379 719 1403 192.
756 1370 861 1405 Largiri
877 1370 1070 1405 amoripluscu—

47 1417 101 1440 um,
118 1416 144 1434 υ.
163 1407 187 1434 h.
209 1417 234 1433 v.
261 1408 382 1434 Latuisset
394 1416 478 1439 amor,
491 1416 569 1441 quem
586 1407 640 1441 tegi
649 1406 772 1433 volumus
792 1405 871 1433 Ouid.
890 1406 968 1440 Epist.
982 1412 1017 1439 18,
1033 1416 1070 1440 14.

59 1451 135 1470 cuare
148 1451 264 1470 amorem
282 1443 361 1470 Ouid.
374 1444 438 1469 Met.
453 1452 491 1476 14,
506 1451 539 1475 13.
573 1443 662 1469 Manet
675 1451 749 1469 amor
762 1443 883 1477 perennis
896 1442 1017 1477 coniugis
1031 1452 1071 1469 ca-
1084 1445 1112 1472 33

58 1487 87 1505 ae
104 1479 160 1505 Sen.
175 1478 267 1505 0811111.
283 1487 334 1512 192.
378 1478 473 1505 Mansit
485 1487 559 1505 amor
572 1478 650 1505 Ouid.
666 1479 729 1505 Met.
745 1487 776 1510 11,
798 1487 831 1511 13.
882 1479 982 1505 Marcet
994 1488 1071 1505 amor

46 1515 119 1549 egnis
139 1514 229 1541 Claud.
245 1514 325 1541 Laud.
339 1515 425 1541 Sei-cn.
441 1514 532 1549 Regin.
546 1522 605 1548 227.
641 1513 744 1541 Mederi
758 1514 845 1540 amori
863 1514 945 1540 Ouid.
964 1515 1029 1540 Met.
1042 1523 1070 1547 9,

56 1557 100 1585 74.
153 1549 233 1577 Ouid.
247 1550 324 1584 Epist.
344 1558 381 1581 21,
402 1555 441 1581 183
462 1558 478 1571 -“
490 1567 500 1571 -
519 1566 529 1572 -
549 1549 567 1575 fi
581 1558 635 1576 non
646 1550 767 1576 mentiris
782 1559 910 1576 amorem.
930 1553 948 1576 i.
972 1551 1070 1587 Fmgis.

67 1585 181 1612 iscendus
200 1585 285 1619 pudor
304 1586 389 1612 amori
418 1584 497 1611 Ouid.
517 1584 596 1619 Epist.
616 1594 644 1618 4,
663 1594 688 1618 9.
729 1586 835 1612 Missum
850 1586 938 1612 faeere
951 1595 1070 1613 amorem

47 1665 88 1682 em
100 1664 191 1690 gerere
204 1655 289 1681 amori
308 1655 388 1681 Ouid.
397 1655 486 1682 Amor.
495 1664 519 1687 2,
526 1665 550 1689 2,
564 1664 596 1688 13.
633 1657 725 1684 Nescit
736 1658 859 1684 ordinem
871 1666 947 1685 amor
955 1658 1068 1685 Hieron.

51 1690 108 1725 pist.
123 1699 163 1724 43.
199 1690 311 1717 Nutrire
339 1699 441 1717 morem
455 1691 535 1718 Ouid.
548 1693 612 1718 Met.
627 1701 648 1725 1,
663 1695 725 1727 496.
763 1693 888 1720 Obiicere
905 1702 1009 1720 amores
1023 1694 1070 1720 ali-

46 1726 74 1752 ui
93 1726 150 1752 Sen.
165 1725 257 1752 Medea
273 1734 308 1759 49
329 1747 334 1752 .
370 1726 477 1753 Oblitus
491 1736 613 1754 amorum
639 1729 713 1763 Virg.
728 1730 792 1756 Aen.
808 1738 830 1763 5,
843 1738 898 1763 334.
943 1729 1069 1756 Ostende-

45 1770 86 1788 em
98 1770 186 1788 meum
204 1771 323 1788 amorem
342 1762 397 1789 Cic.
419 1763 489 1789 Fam.
512 1772 550 1796 10,
569 1772 591 1795 3.
638 1765 735 1791 Partiri
755 1774 873 1792 amorem
893 1765 953 1792 Stat.
966 1765 1030 1793 Silu.
1046 1775 1070 1798 2,

64 1797 122 1832 207.
159 1797 277 1824 Perdidit
290 1804 316 1825 te
330 1806 406 1824 amor
417 1799 513 1825 infelix
532 1798 613 1826 Ouid.
629 1800 694 1827 Met.
709 1809 737 1834 4,
752 1806 803 1831 ¹08-
861 1801 918 1828 Cic.
934 1802 1005 1828 Fam.
1022 1811 1044 1834 2,
1059 1811 1068 1828 1
1079 1806 1112 1833 45

8 1846 11 1853 ·
36 1832 193 1868 „ertpeoum
205 1833 273 1861 mihi
286 1833 404 1869 quidem,
424 1833 467 1860 scd
480 1840 566 1861 tamen
579 1835 681 1862 dulcem
700 1842 726 1863 et
737 1843 856 1872 optatum
865 1846 984 1864 amorem
991 1844 1070 1864 tuum

38 1869 90 1932 [ιι-δε
103 1875 129 1896 te
141 1869 232 1896 ferres.
266 1869 351 1896 Potiri
364 1878 454 1897 amore
473 1870 555 1897 Ouid.
567 1872 631 1897 Met.
646 1881 684 1904 10,
697 1877 753 1905 428.
790 1873 932 1899 Praesentit
950 1882 1070 1900 amorem

55 1905 144 1940 iquem
157 1911 244 1931 mente
264 1905 301 1931 Id.
319 1914 355 1937 10,
370 1914 434 1939 404.
470 1906 602 1933 Praestare
613 1915 732 1934 amorem
745 1916 839 1934 verum
858 1908 940 1934 Ouid.
955 1917 986 1933 ex
1003 1909 1070 1933 Pon-

43 1952 51 1963 ·
68 1949 96 1974 4,
109 1942 135 1973 6,
147 1949 186 1973 23.
232 1941 358 1976 Prosequi
369 1950 460 1974 amore
479 1942 536 1968 Cic.
552 1942 623 1968 Fam.
638 1949 673 1974 15,
691 1951 730 1973 21,
745 1949 778 1974 15.
831 1943 925 1976 Raptat
939 1951 981 1968 me
995 1951 1070 1968 amor

43 2020 83 2038 en.
96 2011 187 2039 Theb.
201 2020 254 2047 451.
307 2012 403 2038 Lucan.
416 2022 444 2046 4,
459 2014 507 2044 236
527 2028 537 2033 —
557 2028 566 2033 -
588 2028 598 2033 —
619 2011 798 2047 scelerumque
813 2012 928 2039 Reduxit
942 2022 1069 2040 amorem.

51 2044 158 2082 epam-e
178 2047 235 2073 Sen.
248 2047 399 2081 Agam.184.
417 2050 435 2073 i.
443 2049 517 2073 aliam
525 2045 663 2082 pqflalz‘am
676 2057 766 2074 amare.
804 2049 862 2074 Cic.
874 2049 945 2074 Fam.
961 2057 982 2080 5,
999 2056 1011 2080 5
1031 2049 1068 2074 Si-

44 2081 93 2110 uid
105 2083 134 2110 ir.
145 2089 170 2109 te
183 2082 286 2116 Residet
299 2083 398 2109 amoris
411 2086 471 2117 erga
480 2091 530 2114 me,
551 2082 579 2109 id
587 2091 666 2109 omne
678 2084 708 2109 in
718 2084 859 2117 Pomponii
869 2083 976 2116 negotio
985 2082 1067 2108 osten-

13 2140 16 2141 .
45 2126 79 2144 as.
125 2117 280 2152 Respeetare
293 2127 411 2145 amorem
425 2118 536 2145 alicuius
556 2118 651 2144 Catuli.
668 2126 701 2148 11,
715 2126 750 2143 21.
806 2117 972 2150 Respondere
985 2117 1066 2143 alicui

10 2154 20 2190 ζ
43 2163 56 2180 1
67 2161 157 2180 amore
177 2153 232 2180 Cic.
245 2153 277 2180 ad
290 2154 361 2180 Brut.
377 2163 396 2180 1.
432 2153 527 2179 Am'ori
540 2159 631 2178 amore
643 2151 803 2185 respondere
827 2151 881 2177 Cic.
897 2152 967 2177 Fam.
981 2159 1014 2185 15,
1027 2160 1065 2185 21,
1079 2156 1106 2182 55

0 2365 14 2394 ὓ

8 2688 15 2709 t

0 2194 48 2361 ᾗ,

94 2189 238 2223 Resurgens
256 2197 331 2214 amor
349 2189 422 2221 Virg.
441 2188 507 2213 Aen.
528 2194 557 2219 4,
575 2194 624 2219 531.
682 2186 826 2213 Reuincire
845 2192 961 2214 mentem
974 2196 1065 2214 amore

43 2224 122 2252 amn.
138 2232 178 2257 59,
195 2232 230 2256 33.
283 2223 370 2249 Saeuit
388 2230 464 2250 amor
485 2221 559 2256 Virg.
575 2222 640 2248 Aen.
663 2230 690 2254 4,
703 2229 754 2255 532.
810 2222 932 2250 Saturare
945 2232 1064 2251 amorem

44 2259 122 2287 .atull.
135 2261 179 2291 66,
191 2264 227 2291 83.
247 2258 355 2285 Seruare
368 2257 449 2284 Ouid.
461 2258 526 2284 Met.
538 2267 567 2291 4,
580 2265 642 2292 270.
677 2257 784 2285 Seruire
797 2259 884 2285 amori
895 2259 1011 2286 aliorum
1019 2261 1063 2286 fla-

44 2294 182 2322 itiosilIime
202 2294 258 2321 Cic.
271 2293 350 2320 Catil.
363 2301 389 2326 2,
402 2298 424 2324 8.
461 2293 570 2320 Soluere
583 2293 686 2320 amores
700 2294 828 2327 cantibus,
847 2301 892 2321 aut
901 2295 990 2322 herbis
1011 2296 1064 2323 Ti-

43 2331 95 2357 vu.
107 2338 130 2362 1,
141 2338 167 2362 2,
180 2331 222 2356 62.
239 2346 246 2360 .
273 2329 399 2364 spernere
420 2330 488 2356 Hor.
510 2330 598 2356 Carm-
614 2338 635 2361 1,
648 2337 673 2362 9,
687 2331 721 2356 16.
759 2330 863 2365 Spirare
881 2330 920 2356 Id.
934 2340 963 2365 4,
979 2340 1013 2364 13,
1026 2341 1063 2365 19.
1074 2328 1110 2354 60

46 2365 170 2392 ubleuare
187 2365 244 2392 Cie-
257 2364 338 2392 Tusc.
355 2374 383 2399 4,
404 2373 449 2400 74.
475 2365 636 2392 Submittere
649 2366 750 2392 animos
763 2367 851 2393 amori
870 2367 945 2401 Virg.
956 2368 1020 2394 Aen.
1035 2376 1064 2400 4,

43 2400 234 2435 ·,14.Suceensus
247 2409 335 2428 amore
354 2401 508 2428 Ouid.Met.
522 2409 557 2435 15,
571 2403 626 2436 167.
644 2401 778 2436 Suscipere
787 2411 906 2429 amorem
927 2403 983 2430 Cic.
993 2404 1064 2430 Fam.

24 2440 27 2445 ¹
44 2445 69 2468 0,
81 2445 100 2463 1.
134 2436 223 2463 Tenet
234 2445 276 2463 me
287 2445 362 2464 amor
378 2438 445 2464 Hor.
453 2436 535 2472 Epod.
551 2446 583 2469 11,
594 2439 635 2469 36.
671 2437 777 2464 Teneri
791 2447 882 2465 amore
901 2438 963 2465 Stat.
971 2439 1064 2465 Theb.

46 2492 54 2505 ,
67 2480 110 2507 70.
145 2471 259 2499 Tentari
272 2481 360 2501 amore
382 2472 464 2500 Ouid.
482 2474 571 2500 Amor.
588 2482 608 2505 1,
622 2481 647 2505 2,
663 2481 684 2506 5.
726 2474 835 2501 Testari
849 2482 967 2500 amorem
989 2475 1065 2509 Virg.

4 2514 5 2517 ’
44 2511 94 2534 Ien.
107 2515 132 2540 3,
145 2512 203 2542 487.
236 2508 374 2547 Torquet-i
385 2505 476 2536 amor'c
488 2509 556 2536 Hor.
570 2508 649 2544 Epist.
664 2518 686 2545 1,
699 2518 725 2542 2,
739 2518 778 2544 37.
815 2510 920 2536 Torret
933 2518 975 2536 me
989 2518 1064 2537 amor
1078 2510 1109 2541 65

45 2544 95 2570 101.
110 2543 195 2585 Carm.
207 2551 230 2576 3,
245 2552 283 2577 19,
297 2550 335 2575 28.
371 2544 537 2580 Transgredi
552 2553 654 2571 amores
673 2551 776 2572 veteres
794 2546 856 2572 Stat.
865 2545 930 2571 Silu.
947 2554 967 2578 1,
981 2554 1003 2578 2,
1020 2554 1063 2578 90.

23 2594 26 2600 ·
59 2587 139 2642 ffli-
159 2589 260 2612 ανηαιέ,
283 2589 355 2616 quam
369 2583 497 2616 quisquam
516 2587 633 2608 veterum.
655 2581 786 2616 Comparat
812 2582 910 2609 Stellam
922 2581 994 2617 sicum
1011 2591 1065 2608 cum

8 2619 13 2628 .

123 2623 147 2647 ο,
161 2621 185 2641 et
195 2616 254 2641 aliis
266 2615 398 2642 audacibus
412 2616 572 2642 amatoribus.
628 2617 785 2643 Translatos
804 2617 859 2644 alio
878 2626 980 2644 amores
997 2618 1064 2643 Hor.

10 2643 14 2674 ὲ
48 2649 109 2685 pod.
123 2656 146 2683 5,
159 2658 198 2682 23.
233 2651 313 2676 Vacat
327 2656 400 2677 metu
413 2659 489 2677 amor
508 2651 589 2678 Ouid.
604 2652 695 2678 Amor.
712 2662 733 2685 1,
747 2655 773 2685 6,
786 2656 828 2679 60.
866 2653 945 2679 Vinci
970 2652 1065 2679 didici-

56 2694 86 2712 us
99 2684 170 2712 feros
183 2693 274 2712 amore
294 2685 352 2711 Sen.
372 2685 481 2720 Hippol.
503 2694 566 2720 240.
619 2688 710 2714 Vincit
725 2689 815 2715 omnia
829 2698 903 2715 amor
920 2688 994 2723 Virg.
1011 2689 1063 2716 Ecl.
1075 2696 1110 2723 70

43 2734 52 2744 -
81 2723 124 2754 69.
160 2721 252 2748 Vitare
263 2729 382 2748 amorem
400 2722 504 2748 Lucret.
517 2731 545 2756 4,
560 2724 632 2750 1066.
668 2724 771 2751 Vitiare
793 2726 857 2751 Stat.
871 2724 936 2750 Silu.
951 2732 973 2757 5,
989 2733 1009 2757 1,
1024 2733 1063 2759 57.

60 2755 138 2783 ibull.
153 2765 177 2789 2,
192 2764 215 2790 5,
229 2765 259 2790 39
285 2757 401 2792 Impiger
413 2757 501 2790 Aenea
513 2757 650 2785 volitantis
663 2759 745 2787 frater
758 2761 866 2793 amoris,
885 2763 903 2786 i.
918 2760 1064 2795 Cupidinis:

57 2795 84 2820 ia
92 2798 193 2828 vterque
212 2792 382 2829 Veneris-stan
414 2795 470 2819 lius.
516 2793 578 2820 Vrit
596 2802 672 2821 amor
696 2797 770 2832 Virg.
792 2797 856 2823 Eccl.
878 2804 903 2828 2,
926 2797 966 2826 68.
1014 2797 1064 2823 Vsa

57 2827 160 2856 nribus
171 2827 307 2855 dementer
325 2828 380 2856 Oui
400 2848 406 2855 .
421 2829 485 2855 Met.
502 2839 529 2863 4,
548 2837 602 2863 259.

60 2870 115 2891 AM
123 2869 143 2890 o
152 2870 172 2891 R
181 2871 203 2893 Α
213 2870 257 2891 BV
266 2871 289 2890 N
297 2872 316 2891 D
324 2872 345 2891 v
353 2871 377 2891 s.
404 2864 471 2891 Gell.
484 2873 517 2897 11,
529 2873 546 2898 9
564 2865 693 2893 Laberius
707 2867 847 2895 mulierem
861 2872 991 2895 amantem
1004 2877 1060 2895 ver·
1074 2873 1106 2901 75

48 2912 55 2922 v
74 2897 219 2927 inusitatius
232 2899 294 2927 fleto
311 2899 527 2927 Amorabundam
547 2900 624 2928 dixit.

59 2936 170 2998 Abasgia
180 2933 217 2962 iF
225 2942 242 2962 Ε
251 2942 269 2963 R
277 2955 287 2969 ,
304 2945 329 2969 a,
350 2945 404 2963 um.
440 2937 556 2964 Amorem
568 2939 714 2966 concilians.
735 2940 801 2966 Ven.
816 2940 926 2966 Fortun.
947 2939 1062 2974 Epithal.

52 2971 79 3006 gi
145 2978 184 3006 eg.
200 2973 226 3003 6,
242 2979 264 2998 2.

58 3010 118 3068 ΛΞΜ
133 3013 152 3034 o
165 3014 186 3034 R
200 3014 210 3034 1
224 3013 242 3035 1·-
257 3005 270 3034 1u
285 3014 303 3035 c
318 3014 340 3035 v
353 3015 387 3041 s,
405 3016 431 3041 a,
451 3018 505 3036 um.
542 3009 625 3037 Idem.
662 3009 754 3038 Herba
774 3009 911 3038 amorifica
935 3011 1013 3046 Apul.
1030 3011 1063 3038 de

53 3049 82 3069 er
101 3050 149 3069 .ca
168 3061 175 3068 .
193 3051 245 3075 123.
721 3053 727 3055 “
1075 3052 1107 3077 80

62 3051 225 3109 Aliobro,
241 3077 295 3105 vid.
313 3079 506 3117 Annosfiab
525 3087 670 3110 ANNVS.

62 3118 245 3145 Aino‘rvs,
262 3112 315 3140 vid.
330 3121 526 3144 1111011110.-

62 3155 86 3176 A
95 3154 120 3174 M
129 3146 149 3174 ὁ
157 3155 178 3174 ν
187 3154 204 3174 Ε
213 3155 248 3180 0,
267 3149 326 3182 ὂιιί,
345 3152 510 3184 otum‚'ere.
544 3151 690 3187 Haemum,
710 3150 841 3182 οἶκοσοέἑω,
861 3151 998 3190 duniacum]
1012 3153 1062 3181 'De

48 3193 75 3211 co
87 3192 189 3210 mouere.
248 3183 316 3211 Ter.
327 3185 439 3225 .A‘¹‘¹P¹¹·
451 3196 479 3221 4,
494 3196 520 3220 2,
534 3196 564 3222 14
589 3189 654 3224 Age,
673 3195 761 3217 tamen
774 3197 823 3222 ego
837 3187 907 3215 hunc
920 3189 1061 3216 amouebo.

45 3219 82 3246 bi
95 3220 222 3252 Donatus,
241 3220 351 3254 Proprie
365 3229 503 3250 amouetur
517 3224 605 3251 saxum
618 3225 652 3251 de
665 3225 734 3252 loco.
772 3224 827 3251 Cic.
836 3224 889 3251 Att.
904 3233 924 3258 1,
936 3234 952 3258 9
973 3227 1004 3252 Et
1018 3235 1062 3252 ne·
1073 3229 1102 3258 85

57 2741 66 2754 υ

24 3265 28 3273 ⁴
63 3255 150 3282 lonem
164 3255 253 3287 illum,
274 3255 292 3281 si
307 3264 362 3290 quo
374 3257 451 3291 paeto
465 3265 553 3294 potes,
576 3269 608 3287 ex
628 3261 684 3288 istis
698 3260 764 3287 locis
778 3268 880 3286 amoue.
938 3263 969 3288 In
983 3261 1062 3288 eodem

50 3304 53 3310 ·
85 3291 262 3333 ficafulegirur
270 3295 344 3317 etiam
363 3291 508 3321 Remoueo.
529 3296 793 3328 Au&.ad1-1er.3,32
813 3296 875 3322 Siue
883 3296 1060 3333 nimisprocul

48 3340 51 3349 ¹
67 3335 166 3360 weris,
185 3330 239 3354 hue
250 3326 420 3355 vehementer
431 3337 513 3364 prope
524 3330 683 3359 admoueris.
720 3333 824 3359 Luci-et.
840 3339 860 3363 1,
876 3334 927 3359 226
946 3334 1061 3361 Praeter-

74 3365 243 3398 quacumque
262 3362 390 3390 vetustate
403 3371 509 3391 amouet
521 3372 598 3394 aetas.
651 3368 763 3395 Animus
777 3366 864 3394 studio
878 3368 975 3402 puerili
989 3379 1061 3397 amo-

39 3445 55 3460 a
101 3433 208 3470 ephebis
226 3441 311 3462 aetate
329 3435 405 3462 exiit.
425 3436 480 3462 Cic.
503 3436 534 3462 de
553 3438 644 3473 Arusp.
665 3440 740 3474 Resp.
755 3448 787 3472 43
803 3448 825 3464 c.
842 3447 873 3464 20
893 3439 1061 3468 Saturninum

45 3476 47 3486 ¹
73 3471 77 3473 “
121 3478 194 3497 orem
206 3479 221 3497 a
235 3471 279 3497 sua
293 3470 468 3498 frumentaria
481 3474 668 3507 procuratione
680 3476 786 3502 Senatus
800 3474 914 3507 amouit,
932 3476 1008 3512 eique
1019 3478 1061 3505 rei

47 3523 49 3526 .
68 3503 195 3539 Scaurum
224 3506 342 3534 racsecit.
380 3507 585 3535 Affentationem
599 3509 655 3537 Cic.
675 3510 838 3543 inLael.91.
876 3509 956 3538 Plaut.
970 3513 1058 3540 Pseud.

45 3544 124 3573 ,1,35
136 3541 197 3570 Inde
227 3550 260 3569 uc
274 3542 340 3575 exii,
359 3543 492 3577 crapulam
512 3543 576 3570 dum
595 3553 756 3573 amouetem.
810 3545 922 3580 Culpam
932 3555 950 3574 a
960 3548 986 3574 se
998 3549 1059 3577 Liu.

49 3615 67 3649 ⁸.
76 3614 162 3643 Μ
172 3613 294 3648 ,Pi-opert.
308 3622 328 3648 1,
341 3622 375 3647 11,
390 3622 423 3648 15.
461 3615 633 3642 Frumentum
645 3621 671 3642 et
682 3616 815 3651 asportare
836 3616 876 3648 (de
889 3626 947 3644 area
956 3625 1058 3657 ηας-νο)

54 3651 87 3670 10-
94 3642 171 3685 'Um
183 3655 196 3680 3
208 3656 229 3674 t.
242 3653 266 3679 ε.
318 3650 386 3677 Tac.
401 3652 434 3678 Α.
445 3661 475 3685 4,
489 3658 513 3683 31
533 3652 559 3677 P.
578 3651 703 3677 Suillium
717 3652 895 3679 amouendum
909 3653 937 3680 in
949 3654 1058 3684 insulam

77 3692 81 3702 ¹
116 3693 154 3724 ‘xe
186 3683 375 3719 Deporundum.
410 3687 501 3721 Iurgia
514 3695 639 3714 amouere
659 3687 715 3713 Cic.
729 3687 762 3713 de
770 3687 862 3722 Legib.
877 3697 903 3721 2,
912 3695 946 3723 ‘19
959 3700 982 3718 ρ.
995 3697 1017 3723 8,
1038 3695 1057 3720 ι’,

52 3727 57 3737 1
94 3727 133 3751 '¹32
165 3723 222 3744 me.
255 3719 295 3747 Sic
305 3721 384 3756 Opes,
404 3722 557 3755 libidinem,
572 3723 676 3755 odium,
696 3722 839 3755 inuidiam,
857 3730 967 3760 metum,
986 3729 1059 3764 cupi-

45 3794 98 3812 or.
110 3780 190 3820 Satin.
205 3796 225 3821 1,
232 3790 257 3821 ’1,
269 3797 311 3826 27.
328 3816 331 3819 .
344 3793 448 3821 Metum
461 3795 531 3821 Ter.
544 3794 625 3821 Andr.
640 3803 660 3827 1,
675 3803 701 3827 2,
715 3804 750 3821 10.
788 3795 938 3823 Molestiam
956 3807 972 3825 a
992 3799 1059 3826 fiori-

47 3829 78 3862 ¹¹⁵.
97 3820 178 3863 lfflaut.
193 3823 285 3858 Amph.
300 3834 310 3853 1
331 3836 359 3861 2,
371 3837 395 3856 2..
445 3831 515 3865 Opes
539 3833 557 3856 i.
577 3840 626 3858 non
644 3830 759 3856 adhibere
783 3830 841 3857 Cic.
855 3831 887 3857 de
901 3832 953 3860 LL.
966 3843 983 3861 2
995 3844 1017 3862 e.
1034 3841 1056 3866 g,

71 3865 188 3886 1n1onem
216 3858 282 3887 Ter.
300 3848 380 3891 Andr.
391 3873 415 3898 3,
427 3874 453 3898 2,
467 3874 508 3898 30.
535 3873 559 3892 et
579 3874 601 3899 1,
615 3875 640 3897 2,
653 3874 690 3893 10.
746 3866 891 3901 Segnitiem
909 3876 924 3894 a
937 3869 962 3895 se
975 3870 1056 3898 Plaut.

58 3901 93 3920 ¹¹¹·
105 3901 128 3926 2,
140 3902 160 3927 ¹,
174 3895 198 3921 6·
253 3895 308 3923 Cit-
321 3897 488 3928 ὰΡ101111ιε.
507 3902 615 3929 Consul.
629 3910 645 3928 2
668 3902 839 3936 Praecipuum
857 3902 936 3933 illum
955 3910 981 3932 et
996 3914 1057 3941 pro.

1564 143 1603 183 Α
1668 142 1798 183 MP
2111 165 2176 201 310

1130 226 1291 266 dirtenipora
1304 227 1453 254 reseruabo.
1490 230 1617 258 Somnum
1630 241 1661 259 ex
1671 231 1778 267 pectore
1798 233 1880 260 Plaut.
1895 235 1984 262 Pseud.
1994 245 2014 269 1,
2022 246 2047 270 2,
2062 247 2093 266 11.
2130 241 2175 268 Su.

1129 263 1275 303 spicionem
1288 260 1418 302 abaliquo
1440 264 1521 291 l¹laut.
1536 268 1616 293 'si-in.
1634 278 1653 301 3,
1672 277 1691 300 3,
1706 277 1747 303 54.
1802 269 1904 296 Tactus
1920 271 2067 305 impudicos
2081 283 2095 300 a
2109 277 2177 303 casto

1130 306 1241 332 corpore
1262 300 1318 324 ben.
1333 299 1443 332 Hlppol.
1459 307 1521 339 ’ἵε-4.
1560 303 1651 337 Virgas
1665 305 1768 331 amouit
1784 304 1817 331 ab
1830 306 1953 333 omnium
1966 308 2067 335 ciuium
2081 311 2177 337 Roma-

1129 342 1227 359 norum
1242 342 1354 368 corpore
1369 335 1410 370 lex
1426 335 1516 361 Porcia
1553 337 1608 363 Cic.
1623 348 1671 372 pro
1685 341 1714 365 C.
1735 340 1827 367 Rabir.
1845 350 1882 368 12.
1922 346 1941 369 i.
1968 345 2061 375 Vetuit,
2083 355 2111 371 ne
2124 356 2180 373 vira

1128 371 1169 405 gis
1187 369 1345 395 conserentur
1366 372 1430 395 ciues
1452 372 1557 396 Romani
1565 379 1611 406 per
1630 378 1776 409 carm'jzccm.
2000 388 2016 405 2
2043 381 2180 408 Amouere

1130 403 1288 444 [xiipaszlssm
1314 406 1476 440 Harmenop.
1498 415 1518 437 1,
1532 407 1562 439 3]
1579 409 1685 446 0114111111
1699 420 1713 435 α
1735 412 1803 437 ICris
1813 416 1876 447 poni
1884 412 1995 449 Jblitum,
2014 416 2059 441 vbi
2062 417 2180 451 furandi

1129 448 1178 465 vox
1191 443 1301 475 asperior
1314 440 1453 467 videbatur.
1510 440 1551 474 Est
1565 443 1658 468 titulus
1678 446 1865 474 Pandeclarum
1879 457 1919 482 25,
1934 459 1949 476 2
1971 450 2003 477 de
2017 451 2122 479 atffione
2136 462 2177 479 re-

1129 484 1188 501 rum
1201 482 1366 509 amotarum,
1395 477 1437 502 ubi
1451 477 1554 503 Paullus
1574 478 1590 504 l.
1607 487 1616 503 1
1642 478 1740 506 Rerum
1755 490 1917 517 amotarum,
1936 489 2028 522 inquit,
2042 488 2178 516 iudicium

1131 511 1313 537 introductum
1328 512 1363 538 est
1377 512 1501 539 aduersus
1516 522 1583 545 eam,
1599 522 1665 547 quae
1681 523 1747 541 vxor
1761 517 1822 549 fuit,
1844 521 1907 553 quia
1918 531 1971 547 non
1984 523 2082 557 placuit
2115 534 2177 551 cum

1129 555 1159 573 ea
1173 547 1238 573 furti
1253 556 1330 582 agere
1344 549 1413 582 poss'e
1425 556 1470 574 cte.
1525 550 1620 575 Dcmde
1632 552 1658 575 in
1678 550 1856 579 lam-..inatibus
1869 558 1997 590 inprimis
2011 544 2178 587 etiam'locum

1130 583 1209 609 habet.
1246 592 1270 608 υ.
1287 592 1312 619 g.
1336 584 1352 609 l.
1371 590 1398 617 71
1418 583 1444 609 ff.
1460 583 1492 610 de
1505 585 1605 618 acquir.
1620 585 1663 610 vel
1679 586 1765 612 ou.itt.
1779 587 1868 614 hered.
1886 589 1908 626 ᾧ.
1929 595 1946 617 6
1968 595 2101 621 Amouiss‘e
2114 606 2177 624 eum

1129 618 1282 652 accipimus,
1302 619 1349 653 qui
1363 619 1428 653 quid
1443 620 1579 652 celauerit,
1598 626 1642 646 aut
1657 621 1849 655 interuertcrit,
1868 632 1912 651 aut
1926 630 2105 658 consumserit.
2143 634 2176 659 It.

1130 652 1152 690 §.
1176 659 1188 684 8
1211 655 1343 681 Amouere
1357 663 1411 680 non
1428 655 1553 687 videtur,
1586 656 1632 690 qui
1646 665 1699 682 non
1712 657 1808 683 callido
1827 659 1916 686 animo
1929 671 1974 689 nec
1988 667 2104 701 maligno
2118 677 2178 696 rem

1130 690 1249 724 reposuit
1261 697 1307 716 etc.
1345 691 1404 725 le.
1418 691 1446 716 in
1459 691 1477 717 1.
1491 691 1533 717 rei
1547 693 1705 718 communis.
1719 702 1765 726 ¹45.
1785 694 1815 719 D.
1831 703 1879 728 pro
1895 697 1976 724 socio.
1994 701 2043 727 Rei
2057 711 2176 730 commu-

1129 726 1169 752 nis
1184 727 1292 752 nomine
1305 735 1364 752 cum
1377 727 1460 759 socio,
1479 727 1547 753 furti
1561 729 1603 761 agi
1619 727 1700 761 potest
1711 749 1719 760 ,
1749 729 1766 754 li
1781 738 1828 763 per
1841 730 1972 759 fallaciam
1992 735 2090 763 doloue
2104 741 2176 766 malo

1129 762 1241 794 amouit,
1260 761 1302 788 vel
1317 771 1373 788 rem
1386 771 1554 789 communem
1567 763 1667 789 celandi
1683 765 1774 790 animo
1785 766 1938 793 contradict.
1974 769 2047 797 Idem
2063 773 2090 798 in
2112 775 2128 800 l.
2148 775 2177 802 Si

1130 806 1188 832 ego.
1210 798 1242 823 D.
1259 797 1290 823 de
1303 798 1361 824 iure
1375 798 1488 824 dotium.
1503 798 1507 802 '
1524 799 1624 832 Agetur
1640 808 1729 825 rerum
1743 806 1902 834 amotarum,
1924 803 1941 828 li
1955 809 2103 834 amouentis
2117 811 2175 837 ani-

1129 842 1173 859 mo
1186 834 1296 860 maritus
1310 842 1350 860 eas
1363 835 1488 860 retineat:
1513 841 1559 860 aut
1570 835 1601 860 ad
1614 835 1805 869 exhibendum,
1818 837 1835 862 si
1848 846 1901 863 non
1916 847 2040 867 amouere
2059 852 2101 869 eas
2116 854 2177 871 con-

1128 869 1199 895 nisus
1213 869 1250 896 fit.
1287 869 1360 896 Idem
1374 870 1402 896 in
1416 870 1433 895 1.
1451 870 1552 896 Tutor.
1567 871 1597 896 D.
1607 870 1638 896 de
1653 871 1742 904 furtis,
1761 872 1855 899 Tutor
1867 873 1959 909 liquid
1972 876 2078 904 furandi
2086 881 2177 907 animo

1128 906 1270 937 amouerit‚
1295 906 1398 932 furtum
1411 905 1484 932 facit.
1530 906 1794 934 Administrationcm
1815 909 1886 934 enim
1900 919 1990 937 rerum
2004 914 2179 948 pupillariuuz

1127 940 1222 968 habet:
1242 941 1431 976 intercipiendi
1445 948 1532 968 autem
1547 941 1658 977 potestas
1673 944 1699 969 ei
1713 953 1768 970 non
1780 943 1865 970 datur.
1902 947 1978 973 Plura
1992 949 2132 982 Brzstbnius
2147 952 2179 977 de

1133 977 1163 1002 V.
1186 978 1209 1003 S.
1223 976 1281 1002 11.-α.
1309 977 1413 1004 Videtur
1427 977 1554 1014 Rutgezfio
1567 978 1613 1004 huc
1631 978 1758 1015 respo-{Ur
1784 980 1879 1006 Horat.
1893 981 1944 1007 Od.
1959 991 1978 1015 1,
1996 992 2033 1016 10,
2044 979 2079 1011 Ι10
2105 994 2178 1023 atque

1127 1013 1238 1038 Amotae
1247 1021 1293 1046 per
1301 1012 1392 1039 dolum
1407 1013 1491 1039 boues
1503 1014 1555 1039 ideo
1569 1014 1630 1046 dici,
1643 1016 1811 1051 quiasratris
1823 1016 2074 1054 Apollinis-juerant.
2105 1022 2181 1049 (mod

1126 1055 1204 1074 autem
1217 1048 1298 1080 addit,
1317 1049 1476 1076 Ciceronem
1490 1050 1519 1075 in
1533 1049 1654 1076 Verrinis
1673 1050 1821 1085 acerbzffi'mo
1838 1054 1890 1078 ioco
1902 1061 1938 1085 εα,
1952 1063 2013 1090 quae
2031 1048 2181 1085 VerreTsi-

1125 1084 1189 1109 culis
1200 1087 1343 1119 eripuerat,
1368 1095 1419 1111 cum
1438 1092 1494 1111 ‘hon
1517 1085 1635 1112 furatum
1656 1087 1721 1120 else,
1749 1086 1793 1114 sed
1807 1088 1948 1121 amouisse,
1981 1090 2077 1121 dicere,·
2117 1103 2180 1119 non-

1125 1119 1181 1145 dum
1207 1122 1296 1154 reperi.

1160 1161 1215 1180 AM
1226 1161 1339 1187 oTio,
1366 1155 1434 1181 onis.
1462 1156 1481 1182 f.
1520 1157 1576 1183 Cic.
1599 1157 1631 1184 de
1645 1158 1704 1184 Fin.
1720 1167 1744 1192 2,
1763 1166 1781 1191 9
1794 1167 1816 1187 c.
1831 1167 1844 1191 3
1870 1159 2013 1195 Augendae
2032 1163 2182 1198 voluptatis

1126 1190 1186 1218 finis
1201 1190 1248 1223 est,
1267 1189 1369 1217 doloris
1383 1191 1471 1218 omnis
1491 1193 1601 1219 amotio.

1554 1266 1747 1299 AMP

1161 1342 1183 1362 A
1192 1341 1215 1361 Μ
1226 1342 1241 1362 Ρ
1250 1342 1267 1362 E
1275 1343 1294 1362 D
1303 1343 1312 1362 1
1322 1341 1340 1363 c
1348 1343 1364 1362 Ε
1373 1342 1386 1362 s
1408 1335 1565 1363 dicebantur
1586 1335 1619 1363 ab
1643 1337 1776 1372 antiquis,
1806 1338 1879 1373 quod
1903 1339 2004 1367 circum
2017 1340 2161 1376 penderent
2168 1365 2182 1377 ‚

1125 1380 1191 1405 quos
1205 1380 1274 1397 nunc
1287 1371 1450 1407 Appendices
1458 1373 1627 1407 appellamuS,
1649 1373 1746 1400 Festus.
1784 1374 1962 1411 Sedlegendum
1971 1381 2057 1413 potius
2069 1380 2179 1408 ests.

1126 1407 1307 1441 Ampendices.

1164 1450 1185 1469 Α
1193 1449 1218 1468 Μ
1228 1450 1243 1469 P
1253 1440 1269 1468 ἑ
1278 1450 1294 1468 L
1307 1444 1321 1469 1'
1329 1449 1350 1469 T
1361 1450 1369 1468 Ι
1379 1450 1391 1469 S
1400 1463 1408 1475 ,
1429 1443 1478 1469 dis.
1499 1444 1659 1477 [αἰμπελίτις]
1686 1445 1768 1471 Terra
1780 1443 1813 1478 cst
1828 1445 1956 1474 bitumini
1965 1448 2106 1476 simillima.
2129 1449 2180 1477 Ex-

1125 1479 1305 1512 perimentum
1317 1479 1384 1510 eius,
1406 1478 1424 1504 si
1441 1488 1514 1505 cerae
1527 1479 1608 1506 modo
1621 1486 1728 1514 accepto
1740 1481 1801 1507 oleo
1816 1481 1942 1516 liquescat
1956 1491 2000 1510 etc.
2023 1485 2089 1511 Plin.
2103 1493 2140 1518 35,
2149 1488 2181 1512 16·

1128 1515 1147 1541 s.
1162 1515 1200 1547 56.
1228 1514 1276 1540 Vbi
1288 1516 1383 1550 reliqua
1396 1523 1425 1539 ex
1441 1516 1544 1541 Graecis
1560 1515 1717 1541 Harduinus.
1757 1518 1853 1542 Nomen
1871 1518 1952 1551 habet,
1971 1522 2031 1555 quia
2044 1521 2140 1547 vitibus
2148 1523 2182 1548 il-

1125 1550 1236 1576 Iinrbant
1249 1557 1337 1576 contra
1352 1551 1506 1576 vermiculos.
1536 1549 1668 1583 ’Ἀμπελος
1685 1553 1749 1577 enim
1763 1552 1827 1577 vitis
1841 1550 1882 1585 gli.

1164 1593 1186 1612 A
1196 1592 1221 1612 Μ
1232 1593 1247 1612 Ρ
1257 1593 1273 1612 E
1282 1593 1298 1612 L
1309 1592 1328 1612 ο
1337 1592 1356 1612 1)
1364 1593 1381 1612 E
1391 1593 1404 1612 s
1414 1593 1438 1611 M
1448 1593 1466 1612 ο
1476 1594 1497 1612 N
1505 1607 1515 1618 ,
1541 1584 1766 1620 [οἰμπελόδεσμον]
1791 1589 1888 1614 Vocant
1906 1589 1984 1617 Sicula·
2003 1590 2102 1617 herbam
2110 1612 2119 1624 ‚
2148 1602 2181 1620 ex

52 1621 87 1648 id.
97 1621 144 1657 sub
165 1627 280 1646 MiTTO.
321 1619 417 1646 Modus
431 1620 517 1646 nullus
530 1620 601 1647 adest
615 1621 702 1648 amori
721 1623 796 1656 Virg.
810 1621 862 1648 Eel.
877 1630 903 1654 2,
921 1624 962 1652 68.
1011 1623 1069 1648 Mo·
1080 1627 1117 1652 40
1126 1631 1174 1658 qua
1187 1623 1289 1648 vincula
1301 1621 1413 1662 mollioffia
1423 1621 1495 1658 fiunt
1513 1622 1650 1658 alligandis
1664 1623 1759 1648 vitibus
1777 1623 1843 1650 Plin.
1857 1633 1896 1659 17,
1911 1634 1941 1658 23
1954 1626 1973 1651 s.
1985 1633 2024 1659 35,
2038 1629 2083 1653 26.

1162 1664 1185 1684 A
1195 1664 1218 1683 M
1228 1665 1243 1684 P
1252 1664 1268 1684 E
1279 1665 1294 1683 L
1303 1664 1323 1683 O
1331 1664 1346 1683 Ρ
1356 1665 1374 1684 R
1383 1665 1404 1683 Α
1411 1664 1423 1684 S
1433 1664 1451 1683 O
1462 1665 1484 1684 N
1492 1677 1501 1689 ,
1521 1657 1746 1693 [οἰμπελόπρασον]
1765 1660 1848 1685 Herba
1855 1680 1862 1690 ,
1882 1665 1951 1687 cuius
1971 1671 2056 1687 nomen
2070 1657 2183 1699 eaplicsstt

1125 1693 1191 1719 Plin.
1206 1701 1250 1726 24,
1265 1701 1289 1726 15
1303 1693 1320 1718 s.
1335 1696 1367 1723 86
1392 1693 1603 1728 Ampeloprason
1623 1694 1652 1720 in
1667 1693 1764 1720 vinetis
1779 1695 1911 1729 nascitur,
1933 1696 2008 1724 foliis
2022 1698 2114 1732 porri,
2135 1708 2183 1726 ru-

1126 1728 1170 1755 8111
1184 1729 1282 1763 grauis,
1298 1736 1342 1755 etc.
1956 1744 1959 1749 r

1160 1772 1182 1792 Α
1191 1771 1215 1790 Μ
1225 1772 1239 1791 P
1249 1771 1265 1790 E
1274 1772 1290 1791 L
1299 1772 1318 1791 ο
1328 1772 1357 1797 s,
1376 1762 1538 1798 [”Αμπελης]
1557 1766 1651 1791 Nomen
1660 1768 1745 1800 pueri,
1760 1769 1803 1801 qui
1816 1776 1889 1801 quum
1903 1777 1919 1793 a
1932 1769 2029 1796 Baccho
2042 1777 2184 1803 amaretur..

1123 1800 1154 1826 ab
1166 1800 1244 1826 codem
1255 1799 1311 1835 pqst
1324 1807 1426 1825 mortem
1438 1800 1597 1833 inm-fldem
1611 1801 1707 1825 relatus
1720 1799 1762 1833 est.
1801 1802 1917 1828 Fabulam
1928 1804 2001 1830 haber
2014 1805 2096 1831 Ouid.
2111 1807 2130 1832 F
2132 1806 2183 1832 ast-

1125 1845 1148 1868 3,
1165 1845 1227 1870 409.
1244 1838 1287 1870 qui
1300 1841 1395 1865 monet,
1414 1834 1479 1860 hunc
1496 1834 1538 1867 este
1559 1834 1839 1868 Vindemitorisstdus.

1161 1878 1184 1897 A
1193 1877 1217 1896 M
1227 1878 1242 1896 P
1252 1869 1270 1896 Ρῗ
1278 1877 1294 1895 L
1306 1876 1326 1895 o
1334 1876 1347 1895 s
1369 1876 1389 1894 A
1400 1875 1421 1894 G
1431 1877 1448 1895 R
1459 1877 1466 1895 1
1478 1876 1498 1895 Α
1508 1889 1516 1901 ,
1535 1867 1668 1903 [ἄμπελος
1689 1869 1776 1906 οἰγρία]
1796 1872 1830 1897 αι]
1842 1872 1940 1898 verbum
1961 1874 2030 1901 Vitis
2042 1874 2182 1910 [φερνὴν

1125 1905 1192 1931 Ρ11η.
1205 1913 1246 1936 23,
1260 1913 1270 1930 1
1285 1905 1302 1929 s.
1318 1913 1349 1938 14
1366 1903 1496 1930 Labrusca
1508 1919 1552 1924 —-
1563 1913 1579 1931 a
1593 1906 1699 1932 Graecis
1712 1907 1830 1940 ampelos
1850 1909 1924 1942 agria
1945 1910 2101 1944 appellatur,
2116 1913 2182 1946 spis—

1125 1940 1156 1966 sis
1171 1946 1196 1966 et
1208 1939 1406 1966 candicantibus
1421 1940 1505 1972 foliis,
1520 1941 1676 1974 geniculata,
1688 1943 1790 1968 rimoso
1804 1951 1912 1975 cortice,
1927 1944 1981 1971 fert
1998 1955 2062 1972 vuas
2081 1947 2183 1973 ruben·

10 1984 14 1989 ’
45 1985 73 2003 er
85 1975 184 2003 deserta
206 1976 286 2004 ardua
315 1977 388 2011 Virg.
404 1978 501 2010 Georg.
521 1985 544 2009 3,
562 1985 622 2009 292.
678 1976 797 2004 Reddere
811 1986 929 2003 amorem
943 1977 1070 2004 fratribus
1081 1982 1113 2009 50
1126 1981 1164 2002 tes
1179 1976 1251 2002 cocci
1264 1975 1354 2005 modo,
1374 1981 1419 2001 etc.

1161 2017 1218 2037 AM
1231 2016 1349 2036 PELos
1370 2016 1590 2036 CH1RON1A.
1610 2010 1703 2043 Herba,
1717 2011 1746 2037 de
1760 2021 1807 2047 qua
1821 2012 1887 2039 Plin.
1903 2021 1944 2047 25,
1958 2023 1977 2047 4
1990 2016 2046 2042 s.16
2064 2016 2183 2044 EstChi-

1123 2046 1198 2072 ronis
1212 2045 1352 2070 inuentum
1366 2044 1490 2078 Ampelos
1511 2053 1576 2078 quae
1599 2054 1709 2072 vocatur
1730 2046 1870 2075 Chironia·
1924 2051 1954 2075 Et
1973 2058 2014 2082 23,
2027 2060 2037 2078 1
2051 2052 2070 2079 s.
2088 2060 2115 2087 17
2135 2054 2181 2080 Est

1121 2089 1186 2113 ergo
1208 2086 1233 2105 et
1246 2080 1322 2113 nigra
1341 2082 1420 2111 vitis,
1442 2088 1521 2114 quam
1535 2081 1644 2115 proprie
1660 2081 1802 2114 bryoniam
1820 2089 1926 2117 vocant,
1946 2084 1994 2112 alii
2007 2086 2183 2122 Chironiam,

1121 2115 1170 2141 alii
1185 2114 1397 2149 gynaecanthen,
1413 2121 1458 2141 aut
1473 2117 1625 2150 aproniani,
1636 2124 1680 2144 etc.
2036 2127 2041 2129 ’

1158 2158 1180 2177 A
1191 2157 1216 2177 M
1227 2158 1242 2177 Ρ
1252 2158 1268 2177 Ε
1277 2158 1293 2177 L
1303 2158 1322 2177 O
1332 2158 1348 2177 L
1358 2157 1375 2177 E
1384 2158 1404 2177 v
1415 2158 1431 2178 c
1441 2158 1473 2184 E,
1498 2160 1544 2178 es..
1565 2152 1783 2188 [οἱμπελολεύκη]
1804 2157 1822 2180 i.
1842 2155 1912 2182 Vitis
1924 2156 1990 2184 alba.
2031 2158 2098 2185 Plin.
2114 2168 2152 2192 23,
2166 2168 2182 2188 1:

1121 2186 1140 2212 s.
1163 2189 1193 2213 16
1218 2186 1288 2213 Vitis
1301 2185 1361 2213 alba
1385 2187 1435 2220 est,
1457 2196 1537 2221 quam
1557 2189 1653 2215 Graeci
1672 2190 1892 2224 Ampeloleucen,
1912 2192 1962 2219 alii
1981 2193 2183 2230 Ophiostaphy-

1121 2222 1182 2253 lon,
1210 2222 1259 2249 alii
1273 2222 1431 2249 Melothron
1447 2224 1495 2250 alii
1510 2223 1683 2258 psilothrum,
1705 2226 1753 2252 alii
1765 2226 1946 2260 archemstin,
1967 2229 2016 2255 alii
2034 2230 2181 2264 cedrostin,

1120 2258 1170 2284 alii
1181 2258 1278 2285 madon
1290 2259 1430 2293 appellant.
1485 2260 1561 2286 Folia
1576 2261 1729 2295 pampinosa
1743 2261 1774 2287 ad
1790 2263 2001 2297 magnitudinem
2018 2265 2122 2299 ederae,
2135 2267 2180 2294 di-

1119 2293 1251 2321 viduntur
1264 2300 1293 2321 vt
1306 2295 1413 2321 vitium.
1451 2295 1536 2322 Radix
1548 2295 1619 2328 alba,
1639 2297 1761 2331 grandis,
1782 2298 1901 2333 raphano
1915 2299 2007 2326 similis
2021 2300 2116 2328 initio:
2143 2310 2180 2331 ex

1122 2339 1152 2356 ea
1166 2330 1252 2356 caules
1262 2331 1378 2365 asparagi
1392 2330 1566 2357 similitudine
1579 2338 1685 2365 exeunt,
1698 2340 1744 2359 etc.

1157 2373 1179 2392 A
1188 2372 1213 2392 M
1224 2373 1238 2392 Ρ
1248 2373 1264 2393 Ε
1272 2373 1288 2393 L
1298 2373 1317 2393 O
1326 2374 1339 2393 S
1358 2366 1495 2400 MelaenA,
1515 2366 1640 2401 [ἄμπελος
1652 2369 1782 2403 pastum]
1799 2370 1890 2396 Latine
1896 2370 1967 2397 Vitis
1979 2371 2066 2406 nigra,
2078 2372 2108 2399 dt·
2127 2382 2181 2410 qua

1120 2400 1189 2427 modo
1205 2401 1316 2428 diximus
1323 2402 1373 2438 sul>
1392 2409 1538 2430 AMPELos
1558 2409 1728 2434 01011οΝ111.

1158 2443 1414 2464 AMPENDICI-:s
1428 2457 1435 2469 ,
1453 2438 1507 2464 vid.
1534 2445 1591 2466 AM
1604 2446 1778 2467 PEDicEs.

1157 2479 1180 2498 A
1188 2478 1212 2498 M
1222 2479 1237 2499 P
1246 2479 1267 2498 H
1275 2479 1291 2499 E
1302 2479 1328 2499 Μ
1339 2480 1355 2499 E
1365 2480 1384 2499 R
1392 2481 1402 2499 1
1411 2481 1432 2500 N
1441 2480 1461 2501 0
1471 2481 1483 2501 s
1492 2495 1500 2507 ,
1519 2474 1537 2500 i.
1558 2474 1749 2510 [ἅμφημέριγος]
1770 2476 2012 2512 QotidianusPlin.
2021 2484 2059 2512 28,
2074 2482 2103 2506 16
2115 2481 2179 2508 1:66

1121 2507 1163 2534 Est
1175 2516 1256 2542 genus
1270 2507 1401 2541 febrium,
1420 2510 1493 2544 quod
1510 2510 1741 2545 Amphemerinon
1759 2519 1862 2539 vocant.
1899 2514 1959 2540 Hoc
1973 2514 2100 2548 liberari,
2124 2523 2179 2543 tra—

1121 2543 1197 2576 dunt,
1215 2543 1232 2570 fi
1247 2544 1307 2578 quis
1320 2553 1334 2570 e
1348 2553 1416 2571 vena
1429 2546 1500 2572 auris
1519 2546 1594 2579 asini,
1614 2553 1666 2574 tres
1680 2553 1766 2583 guttas
1779 2549 1916 2583 sanguinis
1935 2550 1964 2576 in
1977 2550 2077 2578 duabus
2089 2551 2179 2579 hemi-

1120 2579 1161 2605 nis
1178 2588 1260 2614 aquae
1273 2579 1399 2607 hauserit.

1157 2622 1179 2642 A
1188 2622 1212 2641 M
1221 2623 1236 2642 P
1245 2622 1266 2642 H
1276 2614 1289 2642 1⁹
1298 2616 1320 2642 121
1330 2623 1349 2643 R
1359 2618 1382 2643 Ᾰ
1390 2624 1412 2643 ν
1421 2624 1434 2643 s
1443 2637 1451 2649 ‚
1476 2616 1674 2654 [Ἀμφιάρκος]
1696 2619 1804 2652 Oeclei,
1826 2621 1891 2651 (alii
1902 2621 2012 2654 Lyncei)
2034 2627 2060 2649 et
2071 2623 2180 2659 Hyper-

1120 2651 1248 2677 mnestrae
1261 2651 1371 2679 Thestii
1383 2652 1455 2680 filiae
1468 2653 1549 2684 filius,
1569 2662 1664 2689 augur,
1679 2655 1726 2690 qui
1738 2656 1826 2688 sciret,
1841 2655 1859 2681 si
1875 2655 1907 2682 ad
1915 2656 2027 2684 Thebas
2040 2667 2179 2694 oppugna-

1120 2692 1177 2713 tum
1192 2687 1256 2719 isset,
1275 2688 1301 2714 se
1314 2688 1376 2714 inde
1390 2697 1445 2715 non
1458 2689 1622 2716 rediturum:
1650 2691 1740 2725 itaque
1754 2691 1852 2717 celauit
1871 2691 1905 2724 se,
1921 2693 2024 2720 conscia
2037 2695 2179 2729 Eriphyle,

1119 2723 1232 2758 coniuge
1246 2724 1307 2756 sua,
1330 2724 1414 2750 Talai
1427 2724 1492 2751 filia.
1531 2725 1654 2752 Adrastus
1668 2732 1766 2759 autem,
1790 2734 1819 2753 vt
1833 2735 1895 2754 eum
1909 2727 2095 2764 inuestigaret,
2116 2740 2178 2758 mo-

1120 2759 1175 2785 nile
1189 2768 1300 2786 aureum
1318 2769 1350 2786 ex
1363 2761 1475 2795 gemmis
1490 2761 1563 2793 fecit,
1582 2767 1609 2788 et
1627 2763 1734 2789 muneri
1754 2762 1827 2789 dedit
1841 2763 1929 2790 sorori
1941 2764 2001 2791 fuae
2016 2766 2177 2801 Eriphylae,

1120 2804 1188 2830 quae
1203 2795 1268 2822 doni
1282 2796 1377 2830 cupida
1390 2797 1532 2831 coniugem
1549 2797 1677 2832 prodidit.
1735 2799 1911 2833 Amphiaraus
1932 2800 2087 2828 Aclmaeoni
2112 2803 2175 2829 filio

1120 2832 1168 2857 suo
1183 2832 1325 2867 praecepit,
1344 2838 1374 2858 vt
1387 2832 1443 2866 post
1457 2833 1529 2858 suam
1537 2840 1652 2860 mortem
1665 2842 1761 2868 poenas
1775 2843 1789 2860 a
1801 2840 1886 2861 matre
1898 2837 2094 2871 exsequeretur.
2115 2839 2180 2871 Qui

1119 2867 1257 2902 postquam
1271 2867 1340 2902 apud
1361 2868 1471 2895 Thebas
1485 2874 1555 2895 terra
1569 2869 1605 2895 est
1619 2869 1777 2901 denotatus,
1798 2877 1843 2897 etc.
1883 2872 1955 2897 Hunc
1974 2872 2043 2899 illius
2055 2873 2173 2907 mestum

1118 2906 1237 2940 graphice
1249 2903 1367 2966 deget-ibit
1384 2904 1447 2931 Stat.
1464 2904 1557 2932 Theb.
1577 2912 1594 2940 7
1613 2913 1680 2933 extr.
1734 2906 1790 2933 Cic.
1806 2906 1839 2932 de
1852 2906 1946 2933 Diuin.
1960 2916 1980 2939 1,
1994 2913 2024 2937 88
2045 2909 2173 2943 Amphia-

1119 2941 1196 2966 raum
1217 2939 1250 2966 sic
1292 2940 1419 2966 onorauit
1436 2940 1507 2967 fama
1528 2941 1655 2968 Graeciae
1667 2962 1675 2974 ,
1704 2940 1767 2968 deus
1785 2948 1815 2968 vt
1829 2941 1981 2974 haberetur,
2001 2950 2081 2978 atque
2095 2951 2123 2971 vt
2133 2944 2170 2971 ab

1120 2975 1177 3002 eius
1190 2975 1257 3008 solo,
1278 2976 1307 3002 in
1322 2984 1376 3011 quo
1390 2975 1427 3002 est
1440 2975 1571 3008 humatus,
1591 2977 1699 3004 oracula
1712 2983 1873 3012 peterentur.
1910 2979 1948 3004 De
1960 2978 2116 3013 Amphiarai
2123 2980 2176 3016 fa-

1118 3021 1148 3038 no
1161 3018 1185 3037 et
1198 3013 1248 3038 loco
1268 3012 1311 3038 vbi
1321 3014 1412 3046 periit,
1436 3015 1479 3048 qui
1491 3010 1578 3047 ἅρμα,
1601 3016 1620 3039 ι’.
1635 3023 1726 3040 currus
1737 3012 1836 3045 diffsus,
1854 3012 1906 3039 vid.
1926 3014 2028 3050 Salmas.
2044 3018 2073 3040 in
2091 3016 2174 3043 Solin-

1118 3056 1143 3082 p.
1161 3056 1211 3079 103.
1225 3048 1261 3082 sq.
1283 3047 1459 3082 Amphiaraus
1472 3048 1595 3075 sublimis
1613 3049 1670 3084 agit
1681 3057 1764 3083 equos
1783 3048 1845 3075 Stat.
1857 3048 1950 3075 Theb.
1969 3051 2002 3081 6,
2021 3057 2078 3085 327.
2116 3052 2174 3078 Do-

1118 3083 1175 3109 61115
1187 3083 1273 3110 futuri
1286 3083 1348 3110 Stat.
1362 3083 1454 3111 Theb.
1471 3092 1491 3116 1,
1506 3090 1561 3117 398.
1597 3085 1636 3111 Id.
1650 3084 1742 3110 Theb.
1756 3093 1779 3116 3,
1799 3093 1843 3118 451
1863 3084 1949 3110 Solers
1963 3084 2016 3111 tibi
2022 3094 2085 3113 cura
2098 3087 2173 3115 futu-

1116 3119 1143 3146 ri
1156 3119 1314 3154 Amphiarae
1328 3119 1413 3147 datur.
1451 3119 1498 3147 Sed
1506 3129 1599 3157 mag-na
1606 3127 1672 3155 pars
1683 3119 1824 3146 Thebaidos
1837 3118 1870 3153 ⁶3st
1882 3120 2062 3155 Amphiaraus.

1154 3162 1176 3182 A
1187 3161 1214 3182 M
1225 3162 1479 3183 PHiARAiDEs.
1515 3155 1597 3182 Ouid.
1613 3155 1679 3182 Fast.
1697 3164 1722 3188 2,
1735 3164 1767 3189 43
1789 3154 1823 3188 est
1835 3157 1977 3181 Alcmaeon.

1154 3198 1233 3218 ΑΜΡ
1242 3198 1262 3218 H
1271 3199 1281 3218 1
1290 3198 1332 3218 As
1341 3211 1350 3224 ,
1375 3191 1539 3226 [Ἀμφείας]
1558 3191 1697 3224 Tharsius‚
1717 3201 1800 3226 quum
1815 3199 1845 3217 ex
1867 3189 2012 3218 hortulano
2025 3199 2119 3229 potens
2133 3196 2174 3222 es.

1118 3227 1163 3258 set,
1187 3233 1214 3254 et
1232 3227 1262 3254 in
1279 3227 1395 3254 amicum
1412 3227 1484 3262 quasi
1504 3227 1660 3262 degenerem
1680 3227 1810 3254 nonnulla
1827 3225 1945 3259 dixisset,
1963 3236 2028 3255 mox
2047 3230 2173 3264 subiecit,

1117 3262 1165 3290 Sed
1175 3270 1199 3290 et
1211 3272 1258 3290 nos
1279 3263 1308 3288 de
1327 3263 1415 3289 iisdem
1426 3263 1675 3300 seminibussumus,¹
1714 3269 1741 3289 et
1764 3270 1855 3288 omnes
1873 3262 1975 3297 pariter
1994 3263 2077 3293 laetos
2095 3267 2171 3294 fecit.

1118 3300 1188 3325 Haec
1201 3298 1320 3326 Macrob.
1334 3298 1437 3326 Sami-n.
1452 3306 1479 3334 7,
1493 3307 1516 3331 3.

1153 3333 1433 3367 ΑΜΡΗῘΒᾸινς,
1449 3335 1469 3361 1.
1489 3344 1525 3361 m.
1545 3333 1600 3361 siue
1620 3339 1909 3367 AMPHIBALVM,
1928 3334 1947 3361 i.
1967 3344 1995 3363 n.
2030 3335 2112 3369 Vestis
2128 3347 2171 3374 ge-

1116 3380 1179 3403 nus,
1200 3380 1246 3407 quo
1267 3373 1376 3398 exterius
1394 3370 1591 3402 miciebantur‚
1620 3369 1687 3406 apud
1705 3369 1775 3403 Sulp.
1797 3368 1886 3396 Seuer.
1911 3370 1982 3401 Dial.
1999 3371 2034 3398 de
2047 3373 2116 3399 Virt.
2137 3373 2170 3399 Β-

84 3412 95 3420 ⁴
120 3407 194 3426 meus
212 3398 384 3426 Plaut.Merc.
398 3399 468 3427 Prol.
480 3409 521 3433 41,
540 3401 650 3430 declarat
662 3404 700 3436 id,
715 3403 982 3441 quodmodopojitcrat‚
997 3406 1060 3432 Ani·
1071 3415 1107 3440 90
1116 3407 1230 3433 Martini
1244 3415 1270 3438 2.,
1285 3415 1303 3433 1.
1321 3413 1345 3432 et
1365 3407 1503 3433 Fortunat.
1517 3406 1549 3432 de
1562 3405 1624 3433 Vita
1635 3403 1722 3431 eiusd.
1743 3413 1766 3437 3,
1783 3412 1802 3431 1.
1836 3404 1999 3441 ’Δμφίβαλος
2023 3415 2170 3443 corruptum

1117 3452 1146 3469 ex
1165 3441 1321 3477 ’Λμφῖξολος
1340 3442 1370 3468 ab
1386 3440 1556 3477 α’μφιζοίλλω.

1153 3485 1176 3505 Α
1185 3485 1233 3505 ΜΡ
1243 3485 1264 3504 H
1273 3477 1287 3505 1⁰
1295 3476 1334 3505 13‘1'
1343 3485 1365 3504 v
1374 3484 1400 3504 M
1408 3498 1415 3504 .
1437 3476 1593 3517 [ἐμφίὲἳον]
1613 3476 1644 3503 In
1657 3482 1727 3503 terra
1744 3481 1768 3502 et
1782 3485 1848 3512 aqua
1866 3480 1964 3504 vivent.
1989 3479 2076 3505 Varro
2088 3477 2122 3504 de
2135 3479 2168 3506 1..

1115 3514 1146 3540 L.
1165 3509 1245 3547 4,'13
1263 3513 1370 3545 ,Graeci
1377 3522 1417 3546 ea,
1432 3522 1500 3548 quae
1513 3521 1542 3539 m
1554 3520 1622 3546 aqua
1641 3512 1707 3538 etin
1723 3517 1794 3539 terra
1818 3514 1920 3547 possunt
1938 3514 2047 3546 viuere,
2070 3520 2170 3541 vocant

1115 3549 1269 3585 Amphibia.
1305 3549 1343 3576 Id.
1358 3550 1389 3576 R.
1398 3550 1429 3576 R.
1438 3558 1462 3581 3,
1471 3557 1509 3581 10,
1525 3557 1535 3574 1
1554 3547 1652 3574 Transi
1660 3556 1730 3574 nunc
1743 3547 1772 3574 in
1785 3548 1852 3575 illud
1866 3558 1956 3584 genus,
1971 3548 2043 3584 quod
2051 3557 2098 3576 vos
2106 3549 2166 3576 Phi-

49 3579 57 3587 *
73 3576 239 3616 4²?x‘9'll’25
249 3579 353 3605 ³¹¹¹0¹¹it
372 3579 441 3606 HOF-
457 3580 544 3606 carm·
563 3588 592 3613 4,
608 3587 643 3613 ¹52
657 3587 688 3607 ¹1·
707 3581 754 3608 Sed
765 3582 799 3608 ‘¹1-
815 3581 932 3609 Emouit-
967 3584 1058 3612 Custo-
1072 3592 1104 3618 95
1115 3585 1232 3620 lograeci
1239 3586 1339 3612 vocatis
1346 3584 1475 3618 ἐμφῖέῗων,
1494 3582 1568 3619 quod
1575 3591 1630 3609 non
1642 3583 1901 3620 estvlla(fortevna)
1909 3585 1974 3612 villa
1986 3594 2015 3611 ae
2027 3590 2168 3612 terracon-

1115 3627 1227 3655 tentum,
1241 3621 1406 3656 sedrequirit
1420 3620 1538 3655 piscinas.
1559 3618 1647 3645 Eadem
1654 3618 1715 3655 fere
1733 3620 1899 3653 Columel.8,
1913 3629 1947 3652 13,
1963 3628 1973 3646 1
1995 3619 2082 3646 Venio
2096 3630 2169 3648 nune

1114 3657 1147 3684 ad
1161 3667 1203 3684 eas
1216 3665 1288 3690 aues,
1310 3666 1374 3692 quas
1386 3656 1481 3682 Graeci
1495 3659 1592 3681 vocant
1605 3653 1740 3688 ἀμφίβια,
1762 3656 1825 3691 quia
1837 3665 1892 3682 non
1905 3661 2007 3682 tantum
2022 3656 2169 3690 terrestria,

1114 3693 1158 3720 sed
1171 3693 1298 3729 aquatilia
1314 3700 1422 3728 quoque
1438 3690 1584 3717 desiderant
1599 3690 1709 3725 pabula:
1725 3700 1773 3718 nec
1787 3692 1870 3726 magis
1877 3690 1969 3723 humo,
1982 3699 2062 3726 quam
2076 3692 2167 3727 stagno

100 3747 102 3749 >
1114 3730 1321 3756 consueuenmt:
1350 3728 1460 3762 eiusque
1479 3725 1583 3760 generis
1611 3727 1685 3753 anser
1704 3727 1860 3762 praecipue,
1881 3726 1985 3752 rusticis
2008 3734 2096 3761 gratus
2117 3729 2166 3756 est.

92 3764 95 3773 ¹
130 3755 157 3773 ‘¹¹
182 3760 271 3780 ‘mne'
285 3755 341 3784 Cis.
353 3766 403 3792 pro
417 3758 522 3785 Cluent.
537 3766 588 3793 159.
629 3758 707 3785 Ludo
722 3765 813 3785 amoto
826 3768 980 3793 quaeramus
992 3764 1170 3792 seria100Cic.
1191 3765 1224 3791 de
1243 3765 1306 3792 Nat.
1325 3765 1405 3791 Deor.
1425 3771 1451 3795 1,
1469 3771 1516 3796 ⁸04,
1526 3770 1549 3787 c.
1563 3769 1596 3802 37
1619 3762 1765 3789 Bestiarum
1783 3770 1902 3789 terrenae
1915 3762 1974 3788 sunt
1985 3762 2053 3790 aliae
2067 3765 2168 3798 partim

1114 3801 1253 3836 aquatiles,
1271 3801 1339 3827 aliae
1353 3798 1424 3834 quasi
1434 3797 1562 3832 ancipites
1576 3807 1606 3824 111
1616 3804 1729 3833 vtraque
1747 3798 1806 3825 sede
1819 3798 1948 3824 vitientes.
2004 3799 2166 3834 Amphibios

1113 3840 1189 3863 etiam
1202 3837 1279 3872 forte
1290 3836 1386 3862 dixeris
1400 3833 1458 3860 illas
1470 3833 1552 3868 pisces
1564 3840 1676 3861 terrenos
1688 3834 1755 3870 apud
1767 3833 1833 3860 Plin.
1846 3841 1874 3866 9,
1888 3840 1919 3867 57
1932 3833 1950 3859 s.
1966 3838 2002 3866 83.
2058 3837 2167 3871 Itemque

1113 3873 1170 3899 illos
1182 3873 1296 3907 piratas,
1315 3871 1345 3897 de
1365 3869 1452 3906 quibus
1470 3869 1541 3896 Flor.
1563 3877 1594 3902 3,
1611 3872 1646 3903 6,
1659 3871 1677 3896 6
1707 3871 1741 3896 Vt
1753 3868 1882 3904 quaedam
1895 3868 2040 3902 animalia,
2067 3871 2166 3907 quibus

1113 3917 1209 3943 aquam
1227 3914 1379 3940 terramque
1395 3904 1533 3931 incolendi
1544 3905 1650 3941 gemina
1661 3911 1755 3932 natura
1768 3904 1814 3940 est,
1827 3903 1880 3945 *sub
1901 3904 1959 3941 ipso
1971 3904 2054 3933 hostis
2067 3907 2165 3934 recessu

42 3928 111 3956 cium
120 3929 224 3970 sensum
235 3928 333 3961 doloris
342 3935 405 3968 mei.
421 3945 437 3964 a
451 3938 580 3966 sententia
593 3937 702 3966 dicenda
716 3938 859 3972 amoucbo,
880 3937 913 3967 ad
931 3940 1103 3979 vlciscen-105
1112 3944 1279 3981 impatientes
1295 3942 1346 3969 soli
1359 3941 1389 3968 in
1402 3949 1483 3978 aquas
1500 3942 1558 3972 suas
1568 3941 1736 3973 resiluerunt.

1265 3979 1331 4014 Qq
1350 3984 1367 4006 ²·
2003 3984 2165 4009 ammino-
