2474 4182
670 142 788 179 ΕΘΚ
809 140 1041 188 VMQVE
1089 138 1121 175 A
1143 137 1215 173 VC
1235 134 1537 179 TORIB,·VS.

55 247 98 283 ita
113 243 211 281 facile
228 244 275 283 est
290 242 386 282 dic‘hi
401 271 412 289 ‚
439 251 520 277 cum
536 250 597 287 per
613 237 700 275 haec
717 246 874 286 tempora
892 235 1003 286 plures
1017 245 1078 270 ex-

54 301 164 338 stitere
179 300 281 337 huius
299 293 665 337 nominis-'eruditione
690 291 841 330 celebres
869 295 926 340 a).

135 381 250 430 Atque
265 378 347 416 haec
355 373 519 412 haetenus
533 370 670 409 liberius
687 369 822 409 fortaffe
838 367 1079 412 recensuimus,

56 446 159 486 quam
179 435 333 471 materiae
349 428 401 467 vel
419 429 565 477 dignitas
583 426 636 464 vel
655 429 758 464 etiam
775 426 893 464 vtilitas
908 420 1078 472 postulare

56 490 236 527 videretur.
289 485 449 522 Restituta
473 492 564 520 certe
580 484 744 520 Latinitas
760 481 878 526 habet,
894 477 951 515 vbi
968 477 1079 514 hone-

58 545 137 581 stius
154 545 187 581 sc
199 540 334 590 gloriari
353 541 506 589 patiatur.
567 541 613 575 At
628 536 788 587 profecio
802 547 881 572 cum
904 545 941 570 ea
959 532 1080 570 condi-

58 602 152 637 tione
168 596 220 633 vsa
241 596 289 633 est
312 607 364 632 res
385 594 528 631 literaria
544 622 555 639 ‚
585 603 653 644 vta
670 594 779 643 paruis
803 588 997 626 admodum
1016 588 1080 624 ini-

58 657 111 691 tiis
124 649 277 701 profetia
295 648 411 687 sensim
427 648 554 686 crescat
569 678 579 695 ,
613 659 647 686 et
663 649 786 686 robore
802 642 978 693 paullatim
996 655 1080 680 con-

56 709 191 746 firmato
207 735 217 753 ‚
253 705 296 743 ad
312 704 484 756 quendam
510 702 600 755 quasi
630 701 810 741 stabilitatis
833 699 978 748 gradum
1001 698 1077 735 sero

57 761 194 799 tandem
214 761 390 809 perueniat
404 789 415 807 ‚
446 758 596 797 solemus
612 759 690 796 ideo
705 753 951 792 balbutientem
969 763 1078 790 artem

54 827 154 868 atque
168 828 311 853 omnem
326 817 441 852 aetatis
456 813 741 857 imbecillitatem,
771 823 851 847 cum
867 810 1078 846 iucunditate

53 871 199 924 quadam
235 871 432 920 conspicere
449 884 455 906 ς
489 877 605 907 contra
639 876 741 917 atque
770 867 804 901 in
838 864 1052 914 populorum
1068 891 1079 910 ‚

55 925 190 964 vrbium
206 955 217 973 ,
249 928 474 976 gentiumque
514 922 748 966 monumentis
782 921 906 957 accidit
921 949 932 967 ,
964 931 1052 970 quae
1068 946 1078 964 ‚

54 995 137 1019 cum
160 979 244 1018 nihil
262 979 320 1018 nisi
337 980 518 1017 illustreiet
532 976 710 1026 augustum
734 977 770 1012 in
793 974 859 1012 suis
880 973 1079 1024 primordiis

55 1037 187 1074 ducunt
204 1035 268 1073 effe
282 1034 530 1073 admittendum
545 1061 555 1079 ‚
587 1032 674 1070 mihi
690 1031 850 1068 videntur
865 1029 1078 1080 praepostera

55 1091 200 1144 quadam
215 1090 418 1140 gloriatione
438 1087 656 1137 posterorum
680 1087 868 1123 hominum
885 1085 1081 1122 socordiam

56 1157 155 1197 atque
171 1146 212 1183 ad
228 1148 355 1183 maiora
369 1143 535 1195 quaedam
550 1141 749 1193 exequenda
765 1140 1014 1179 hebetudinem
1030 1142 1082 1176 in-

55 1200 199 1239 feliciter
220 1199 424 1250 exprobrare
450 1195 506 1247 b).
574 1199 745 1234 Miremur
763 1209 848 1246 ergo
878 1196 962 1248 quid
992 1195 1081 1232 adeo

56 1257 228 1305 Erafinum
250 1264 470 1305 caeterosque
495 1251 610 1290 bonos
637 1254 730 1289 viros
754 1250 987 1289 exstimulauit
1002 1280 1012 1298 ‚
1042 1254 1082 1287 v't

56 1311 258 1349 huiusmodi
284 1308 526 1358 compilatores
548 1321 620 1345 non
641 1307 783 1359 quidem
805 1308 849 1345 de
875 1320 911 1344 rc
935 1306 1081 1344 literaria

54 1365 221 1417 praeclare
242 1367 388 1403 meritos
403 1393 413 1411 ‚
446 1363 554 1415 aliqua
570 1373 684 1401 tamen
706 1373 805 1400 tenus
823 1393 833 1410 ,
867 1371 938 1400 tam
960 1363 1083 1403 acriter

55 1420 281 1468 tundentur,
305 1429 339 1457 et
355 1417 573 1457 confodiant:
598 1417 807 1456 Cuiusmodi
825 1417 902 1455 sunt
918 1416 1082 1469 illa,quae

53 1476 184 1513 ludenti
206 1474 321 1513 fimilis
345 1476 480 1511 euomit
500 1475 537 1511 in
549 1472 715 1513 Conflict.
732 1473 879 1511 Thaliae
902 1484 936 1510 et
957 1471 1081 1510 Barba—

54 1532 139 1568 riei:
177 1558 200 1577 „
215 1531 298 1566 TH.
323 1531 557 1566 Veruntamen
580 1527 634 1566 vel
655 1542 836 1567 numerare
858 1531 999 1578 incipias
1014 1555 1023 1570 ‚
1057 1526 1081 1566 fi

52 1614 75 1634 ,‚
90 1597 289 1622 enumerare
306 1596 378 1621 non
391 1583 546 1622 sufficias.
580 1586 648 1622 BA.
677 1585 905 1634 Praecipuum
918 1586 1083 1622 omnium

54 1670 77 1690 ‚‚
95 1654 114 1677 r·
129 1654 146 1676 L
157 1653 180 1678 o
191 1653 212 1676 R
224 1653 237 1676 1
249 1654 265 1676 s
279 1653 302 1676 T
318 1653 340 1677 A
354 1653 380 1676 M
392 1669 402 1686 ‚
417 1642 477 1691 qui
498 1652 515 1677 a
536 1637 692 1677 Floribus
707 1640 847 1678 sortitus
869 1641 918 1677 est
939 1652 1081 1678 nomen.

53 1725 76 1744 ‚‚
92 1697 176 1735 TH.
199 1694 265 1732 Sed
289 1707 362 1732 non
384 1693 473 1732 bene
497 1693 681 1733 olentibus.
742 1696 816 1733 ΒΑ.
850 1696 988 1734 Deinde
1014 1709 1083 1732 PA-

52 1780 76 1798 ‚,
94 1765 111 1788 P
125 1765 137 1787 1
152 1763 225 1787 AM.
279 1752 362 1787 TH.
391 1748 639 1788 Doffiffimum
664 1761 698 1789 et
721 1764 829 1803 quem
851 1752 1006 1801 primum
1032 1751 1084 1788 di-

54 1835 76 1854 „
93 1817 198 1844 ceres.
252 1805 324 1842 BA.
353 1803 488 1844 Deinde
505 1819 530 1843 H
543 1819 568 1843 v
582 1820 605 1843 G
618 1820 643 1844 v
657 1819 680 1843 τ
693 1821 707 1843 1
720 1820 742 1843 ο
753 1820 778 1843 N
793 1820 812 1843 Ε
826 1820 866 1843 Μ.
899 1809 984 1843 TH.
1003 1807 1085 1842 Exi-

53 1891 76 1911 „
91 1862 212 1898 mium.
270 1861 342 1897 BA.
371 1861 507 1898 Deinde
523 1873 769 1897 MICHAELEM
791 1872 818 1895 Μ
831 1872 855 1894 0
871 1872 893 1894 n
908 1872 921 1894 1
936 1872 951 1895 s
968 1871 990 1894 τ
1008 1871 1029 1894 A
1043 1871 1084 1894 M.

51 1945 73 1964 ‚,
89 1918 172 1953 TH.
195 1913 419 1953 Praeclarum.
471 1914 544 1949 BA.
572 1913 707 1954 Deinde
731 1926 913 1950 11ico13vm
941 1923 1086 1946 GrosA-

54 2000 78 2018 ,‚
96 1983 213 2007 mvn.
269 1970 352 2004 TH.
381 1965 586 2004 Mirabilem.
640 1970 710 2000 BA.
738 1969 782 2000 Et
796 1975 902 2013 quem
917 1960 1085 1999 omnibus

53 2053 75 2072 „
91 2026 216 2062 merito
229 2021 660 2072 praetulerim‚10ANN1-:M
682 2031 732 2054 DE
754 2018 1086 2069 GARLAND1A‚qui

51 2107 75 2126 ,‚
92 2085 182 2114 tanta
200 2074 386 2112 verborum
407 2073 570 2123 elegantia
585 2102 595 2120 ‚
622 2081 712 2110 tanta
733 2073 978 2111 sententiarum
1005 2071 1083 2123 pol-

49 2130 135 2180 „let
148 2129 319 2168 maiestate
333 2159 343 2176 ‚
370 2138 407 2166 vt
424 2130 527 2179 pauci
543 2128 736 2166 admodum
752 2127 834 2177 fint,
848 2131 909 2180 qui
929 2141 1012 2167 eum
1028 2140 1083 2167 ca-

53 2216 76 2240 „
90 2189 192 2236 piant.
219 2214 243 2234 ‚,
297 2187 341 2221 Et
355 2196 441 2236 quae
455 2183 530 2222 lufit
546 2184 620 2222 Pet.
634 2181 824 2222 Bouherius
839 2213 850 2232 ‚

98 2264 215 2298 Plinius
228 2287 237 2300 ‚
261 2261 381 2309 italicus
393 2286 402 2300 ,
433 2258 584 2307 Celsusque
597 2286 606 2300 ‚
630 2261 767 2307 Apuleius
780 2286 789 2300 ‚
813 2262 927 2293 Aratut
938 2286 949 2301 ,

146 2319 183 2351 Et
198 2320 369 2364 quicumque
382 2312 470 2348 bonus
477 2312 611 2362 firiptor
626 2341 635 2354 ,
666 2324 784 2361 opertus
809 2324 884 2348 crat.

99 2377 209 2423 Infelix
222 2373 317 2422 plebes
331 2376 454 2421 Papiam
471 2373 696 2421 Ebrardumque
708 2376 723 2392 ³*
745 2373 859 2421 legebat

148 2432 324 2477 Scriptaque
335 2427 508 2462 Barbaricis
521 2433 577 2462 vix
593 2427 658 2462 bene
675 2438 746 2461 nota
768 2432 858 2462 Getit.

100 2492 136 2524 Iu
140 2493 239 2537 precio
250 2489 378 2533 ficerunt
393 2490 510 2533 Isguitio
528 2476 751 2535 Catholiconqne
765 2513 777 2528 ,

148 2545 242 2588 Atque
255 2542 448 2574 Manwtroc'zi
461 2541 635 2586 fimilatina
653 2543 729 2575 lues.-

100 2611 140 2639 At
153 2616 227 2637 nunc
239 2601 402 2651 auspicibus
408 2602 528 2651 stcperis
543 2607 674 2653 caeloque
686 2605 816 2651 ficutndo

144 2657 247 2692 Induit
268 2661 426 2704 antiquum
440 2660 573 2691 Romula*
591 2661 692 2704 lingua
716 2658 812 2693 iubar.

100 2716 149 2750 Sic
160 2715 225 2762 post
243 2715 374 2751 millenos
391 2716 452 2748 ales
471 2714 770 2763 reparabilis-‘annor

146 2767 261 2803 Abicelo
280 2777 402 2806 renouat
423 2781 503 2803 omne
522 2768 712 2815 decusftnio.

338 2860 489 2898 Ioannes
514 2856 553 2897 de
567 2859 770 2900 Garlandia.

131 2932 171 2968 In
179 2928 267 2968 hanc
276 2927 409 2968 classem
425 2928 621 2969 abiectioris
629 2933 822 2970 Latinitatis
837 2929 954 2971 referri
961 2933 1075 2983 potest

55 2997 274 3022 romanus
296 2993 345 3023 nn
366 2998 665 3025 GARLANDIA
683 2987 818 3037 Anglus
835 3016 846 3035 ,
870 2990 930 3039 qui
952 2988 1074 3027 floruit

50 3038 113 3077 sub
134 3036 349 3083 HaraldofA.
373 3040 509 3078 circiter
530 3050 638 3091 1'040.
703 3041 842 3091 Infignis
864 3044 1073 3083 Grammati-

50 3096 132 3141 cus,‘
155 3093 364 3147 Chymicus,¹
385 3095 651 3135 Mathematicus
667 3107 703 3135 et
712 3096 932 3148 Theologus.
985 3101 1072 3138 Pro-

49 3149 186 3187 dierunt
201 3150 237 3186 in
251 3147 453 3188 lucem-,eius
469 3153 664 3202 Synonyma
680 3162 715 3191 et
723 3154 927 3204 Aequiuoca
941 3153 1070 3194 Colon.

48 3215 154 3253 1490.
210 3201 504 3254 Itertimquecum
527 3207 741 3257 expolitione
758 3206 914 3256 Galsridi
934 3222 996 3260 per
1013 3211 1072 3249 Ri-

51 3255 188 3297 cardum
204 3258 331 3310 Pytfin
345 3258 458 3296 Lond.
481 3263 585 3311 1496.
608 3274 644 3312 4.
670 3273 705 3301 et
725 3264 850 3313 postea.
911 3265 1073 3316 Compo-

50 3313 115 3351 suit
127 3325 269 3366 quoque
286 3311 541 3353 Dic‘iionarium
555 3316 838 3367 Alchymisticum
854 3348 873 3368 ,Α
890 3320 1071 3372 nondum,

50 3369 147 3420 quod
163 3369 267 3407 sciam
281 3397 293 3416 ,
319 3366 449 3419 publici
465 3370 549 3407 iuris
562 3369 712 3419 fastum.

1170 232 1283 270 Simon
1304 230 1496 279 Ianuensts‚
1533 231 1838 288 Mammothreptus
1855 263 1866 282 ,
1894 236 2034 274 Gemma
2061 238 2159 275 Gem-

1442 297 1576 325 marum,
1603 289 1703 328 Nestor
1720 291 1879 334 Dioryſsur.

1222 354 1375 392 Prudens
1390 363 1570 404 praetereo
1591 366 1606 390 s
1619 367 1631 389 1
1645 368 1707 390 Mo
1721 368 1745 391 N
1761 371 1779 392 r„
1793 371 1821 393 M
1844 372 1891 396 ns
1912 372 1926 396 1
1940 373 1961 397 A
1975 372 2001 397 N
2014 373 2039 397 v
2053 373 2074 398 A
2091 391 2102 408 ,
2139 363 2184 400 de

1144 423 1216 462 quo
1232 423 1339 460 pauca
1364 411 1464 458 supra
1482 437 1499 455 ,
1529 411 1652 446 Lexici
1668 410 1801 447 Medici
1825 413 2031 462 audiorem3
2059 431 2086 454 M
2102 432 2123 455 A
2138 431 2184 454 Μ-

1148 479 1284 503 MOTR
1303 479 1475 502 ECTVM
1494 494 1504 512 ‚
1543 462 2183 522 rec'tiuSMAMMOTHREPTVM,

1146 519 1331 558 recstiffime
1347 530 1462 557 tamen
1481 533 1506 556 M
1521 533 1540 556 A
1556 532 1578 555 R
1593 533 1613 555 c
1629 533 1653 555 H
1667 534 1685 557 E
1698 533 1713 557 s
1726 533 1738 556 1
1756 533 1780 557 N
1797 534 1818 556 v
1835 534 1859 556 M
1888 534 1904 558 a
1916 525 2026 572 Regio
2035 529 2183 577 Lepido,

1145 577 1243 628 quod
1264 575 1434 625 oppidum
1457 588 1530 612 non
1552 574 1657 624 longe
1685 575 1776 612 abest
1801 587 1818 611 a
1843 578 1979 616 Mutina
1996 608 2005 625 ‚
2041 582 2185 622 Ordinis

1146 635 1330 669 Minorum
1346 659 1356 677 ‚
1390 632 1450 681 qui
1472 627 1729 667 Didiionarium
1758 631 2013 670 vocabulorum
2038 634 2185 677 biblico-

1146 701 1226 724 rum
1241 697 1275 723 et
1292 686 1531 734 liturgicorum
1551 688 1783 723 concinnauit.
1848 688 1980 725 Prodiit
1997 688 2068 726 hoc
2083 695 2185 731 Lexi.

1143 756 1215 780 con
1230 741 1401 779 biblicum
1417 770 1427 788 ‚
1460 742 1558 792 quod
1575 740 1670 777 velut
1687 739 1862 779 Infantulis
1888 755 2060 782 mammae
2077 747 2119 783 ad
2135 750 2185 785 in-

1144 799 1207 836 star
1221 796 1415 845 sugendum
1429 796 1738 848 Mammothrepton
1756 797 1919 846 inlcripfit
1945 799 2056 850 <quae
2073 803 2187 851 appel-

1144 853 1226 891 latio
1249 853 1331 890 inde
1350 853 1386 888 in
1404 850 1603 889 Audiorcm
1626 851 1772 900 recidit)
1802 854 1964 901 Mogunt.
1983 867 2085 905 1470.
2123 860 2187 896 Vc-

1143 918 1212 948 net.
1234 920 1338 957 1479.
1364 918 1399 956 4.
1423 907 1514 956 apud
1538 908 1617 943 Nic.
1638 906 1769 957 stigson,
1791 917 1826 944 et
1858 907 1937 945 alibi
1967 910 2098 959 saepius
2124 914 2186 963 c).

1143 967 1323 1002 Praetereo
1340 975 1483 1013 quoque
1501 975 1523 998 G
1537 975 1555 998 E
1569 975 1595 998 M
1611 976 1637 998 M
1653 977 1674 999 A
1689 976 1715 999 Μ
1744 976 1765 999 G
1784 977 1800 999 a
1816 977 1842 999 M
1856 977 1881 999 M
1898 978 1918 1000 A
1935 978 1955 1001 R
1969 979 1988 1002 v
2000 980 2026 1002 Μ
2037 995 2046 1012 ,
2075 979 2187 1006 caete-

1144 1032 1249 1070 raque
1264 1018 1301 1055 id
1315 1029 1424 1067 genus
1442 1016 1673 1062 vocabularia,
1703 1030 1727 1053 N
1743 1031 1762 1054 Ε
1775 1031 1789 1054 s
1806 1032 1827 1054 T
1844 1032 1866 1055 o
1881 1033 1902 1055 R
1916 1033 1935 1055 E
1948 1034 1974 1057 Μ
1993 1023 2078 1058 item
2096 1037 2189 1060 DIO-

1146 1087 1196 1112 NY
1207 1087 1304 1111 s1vM
1330 1072 1582 1110 Nouariensem
1605 1102 1615 1119 ,
1651 1073 1795 1110 Ordinis
1829 1075 1953 1112 itidem
1980 1079 2162 1116 Minorum
2176 1110 2188 1129 ,

1146 1131 1206 1182 qui
1220 1138 1373 1167 vertente
1389 1127 1563 1165 literarum
1580 1125 1720 1165 fortuna
1743 1129 1864 1166 floruit
1878 1139 1913 1168 et
1929 1143 1974 1168 eo
1994 1132 2099 1183 vsque
2115 1144 2188 1172 tan-

1145 1194 1224 1222 tum
1238 1183 1395 1233 vigilauit
1410 1213 1420 1231 ‚
1447 1192 1484 1221 vt
1500 1185 1661 1233 priorum
1680 1183 1814 1221 somnia
1842 1185 2003 1235 detegere
2026 1198 2061 1225 et
2076 1190 2188 1228 redar-

1145 1253 1251 1290 guere
1266 1240 1421 1289 potuerit
1436 1268 1446 1285 ‚
1481 1237 1731 1288 posterioribus
1754 1246 1870 1277 tamen
1887 1242 1921 1278 in
1936 1241 2093 1291 plurimis
2117 1245 2188 1295 ipse

1147 1297 1318 1334 caecutire
1344 1294 1530 1331 videretur.
1594 1294 1728 1332 Prodiit
1741 1296 1816 1332 eius
1833 1294 2103 1348 Distionarium,
2121 1302 2189 1339 Lu-

1146 1348 1261 1388 douico
1276 1350 1428 1397 §fortine
1451 1349 1624 1396 dicatum,
1640 1350 1749 1387 Anno
1775 1355 1875 1401 1488.
1905 1352 2064 1391 recusum
2090 1357 2189 1394 Paris:

1146 1408 1251 1456 1496.
1279 1405 1476 1456 eodemque
1494 1417 1587 1442 anno
1604 1407 1725 1442 Vener.
1746 1404 2072 1454 perPh1l.Pinzium
2086 1413 2189 1449 Man-

1146 1471 1303 1499 tuanum.
1348 1461 1536 1509 Argentor.
1562 1460 1689 1498 deinde
1708 1471 1802 1509 1502.
1831 1470 1866 1499 et
1881 1472 1978 1512 1507.
2009 1477 2053 1502 ex
2070 1465 2191 1505 Iohan-

1146 1519 1199 1555 nis
1221 1517 1365 1554 Tacuini
1388 1514 1596 1554 recenfione.

1228 1599 1299 1633 Iam
1316 1604 1372 1633 tot
1385 1608 1447 1645 per
1461 1594 1590 1633 saecula
1607 1594 1698 1647 quafi
1721 1605 1903 1635 emortuae
1932 1607 1968 1635 et
1993 1601 2029 1637 in
2046 1599 2100 1638 his
2117 1601 2190 1639 sor·
2219 1639 2225 1643 ,
2270 1614 2272 1616 ·

1147 1651 1248 1690 dibus
1271 1651 1420 1701 sepultae
1445 1653 1647 1689 reuixerunt
1670 1651 1785 1689 literae
1810 1654 2011 1692 Romanae:
2047 1665 2098 1703 et,
2120 1655 2191 1695 siue

1147 1710 1281 1745 Graeca
1295 1708 1436 1744 lummo
1455 1709 1569 1743 nitore
1588 1707 1848 1754 interpretando
1866 1705 1927 1758 d),
1950 1708 2018 1747 fiue
2032 1714 2080 1748 rei
2097 1715 2192 1750 Lati-

1147 1775 1212 1800 nae
1226 1764 1398 1798 rationem
1416 1758 1593 1807 disciplina
1608 1767 1643 1795 et
1659 1763 1849 1808 praeceptis
1875 1766 2162 1804 commendando
2179 1795 2192 1815 ‚

1147 1815 1262 1853 subito
1277 1814 1320 1851 ad
1334 1813 1538 1861 insperatam
1554 1815 1808 1859 maturitatem,
1825 1828 1897 1850 non
1918 1815 2011 1853 lente
2036 1830 2095 1856 aut
2116 1833 2192 1868 gra*-

1151 1870 1256 1906 datim
1266 1897 1276 1914 ‚
1303 1877 1341 1903 vt
1356 1879 1474 1904 rerum
1487 1865 1719 1903 humanarum
1736 1867 1895 1904 conditio
1912 1871 2080 1919 postulat,
2095 1884 2191 1913 erant

1149 1919 1348 1969 perductae.
1401 1920 1504 1957 Hanc
1526 1922 1745 1969 prouinciam
1766 1923 1910 1970 optimis
1932 1925 2065 1975 scriptis
2088 1940 2191 1967 ornaJ-

1149 1984 1231 2012 runt
1245 1977 1335 2011 inter
1352 1983 1508 2012 caeteros
1523 2002 1533 2017 ‚
1564 1974 1724 2026 Erasinus
1740 2006 1750 2024 ,
1791 1976 1889 2015 Valla
1906 2008 1916 2026 ‚
1946 1982 2128 2036 Longolius
2153 1994 2189 2023 et

1150 2030 1281 2068 nostras
1297 2031 1452 2067 Linacer.
1506 2033 1559 2067 Ex
1575 2029 1636 2068 illa
1653 2031 1828 2081 dilciplina
1840 2062 1850 2079 ,
1878 2034 1970 2085 quafi
1986 2049 2032 2075 ex
2048 2039 2190 2079 officina

1147 2085 1325 2123 clariffirna
1342 2114 1353 2133 ,
1381 2093 1484 2137 atque
1507 2087 1642 2136 optima
1658 2089 1851 2126 Latinitatis
1875 2082 2190 2146 instaurandae'pa-

1146 2140 1262 2179 laestra
1280 2169 1291 2188 ‚
1317 2140 1373 2179 vel
1391 2170 1401 2189 ‚
1428 2151 1465 2179 vt
1481 2154 1564 2179 cum
1583 2143 1759 2181 Cicerone
1777 2142 1917 2195 loquar,
1949 2147 2129 2203 Tanquam
2143 2164 2189 2189 ex

1146 2209 1230 2251 equo
1249 2197 1415 2244 Troiano,
1429 2198 1515 2234 meri
1530 2199 1708 2252 principes
1730 2201 1899 2239 exierunt.
1971 2204 2188 2245 Huiusmodi

1146 2261 1243 2291 erant
1260 2251 1439 2290 clariffima
1462 2253 1557 2290 istius
1572 2256 1688 2291 aetatis
1705 2253 1834 2292 lumina
1853 2285 1863 2302 ,
1891 2257 2189 2300 &enardus-Bru·-

1145 2320 1209 2347 nus
1229 2308 1414 2356 Aretinus,
1438 2308 1465 2345 I.
1481 2309 1681 2358 Franciscus
1694 2310 1844 2364 Poggius
1861 2310 2077 2352 Florentinus
2088 2345 2098 2362 ,
2119 2304 2185 2355 Tr.

1146 2361 1341 2416 Philelphus
1356 2364 1501 2401 Picenus
1514 2393 1526 2412 ‚
1554 2363 1656 2402 ,Valla
1670 2394 1681 2412 ‚
1712 2366 1872 2416 Erasinus
1885 2397 1896 2415 ‚
1924 2368 2076 2423 Angelus
2098 2371 2187 2411 Poli-

1110 2425 1118 2427 ‘
1144 2421 1264 2458 tianus
1279 2447 1289 2465 ,
1320 2417 1499 2466 Marsilius
1521 2420 1659 2457 Ficinur
1672 2449 1683 2467 ‚
1714 2422 1882 2475 Georgius
1901 2424 2158 2477 Trapezuntius
2172 2456 2185 2476 ,

1146 2475 1353 2526 caeterique.
1417 2473 1586 2531 Qorum
1608 2475 1725 2513 laudes
1748 2475 1978 2529 cumfvbique
2001 2480 2186 2520 decanten-

1146 2539 1221 2577 tur,
1249 2539 1284 2567 et
1297 2529 1424 2579 hospes
1446 2532 1546 2580 plane
1574 2531 1610 2567 in
1631 2528 1736 2568 literis
1761 2530 1947 2581 habeatur,
1975 2537 2035 2586 qui
2057 2549 2183 2576 eorum

1145 2586 1268 2623 merita
1285 2614 1295 2631 ‚
1323 2587 1468 2622 virtutes
1482 2595 1517 2623 et
1530 2585 1804 2636 praedicationes
1820 2600 1894 2626 non
1909 2589 2097 2639 audiuerit‚
2124 2607 2185 2632 me

1145 2639 1338 2678 continebo
1353 2642 1440 2678 intra
1459 2653 1515 2689 ea,
1532 2653 1620 2693 quae
1635 2639 1678 2679 de
1695 2643 1837 2680 Arc-’tino
1859 2643 2033 2694 eleganter
2054 2647 2183 2701 scripsit

1142 2694 1259 2735 lohan.
1277 2695 1437 2734 Latomus
1449 2725 1462 2744 ,

1237 2777 1272 2808 Si
1285 2778 1355 2822 quir
1372 2772 1439 2807 bene
1453 2786 1586 2822 vnquam
1606 2779 1732 2809 meritus
1754 2777 1793 2820 est
1806 2777 1842 2811 dc
1861 2778 1961 2813 literis
1974 2806 1985 2821 ,

1285 2840 1316 2871 Is
1330 2838 1502 2872 Leonardus
1525 2843 1587 2872 crit
1600 2866 1609 2880 ‚

1237 2911 1489 2957 Qiflzu‘fuantes
1510 2914 1618 2945 literas
1632 2911 1798 2959 Pelas-'giem
1811 2939 1824 2953 ,

1284 2977 1441 3023 Exilioque
1460 2989 1554 3022 vagas

1231 3050 1361 3082 Iamiam
1375 3050 1506 3094 futuras
1520 3077 1529 3090 ,
1560 3049 1678 3095 seilicet
1692 3036 1838 3095 Byzantii

1279 3115 1402 3161 Sceptra
1413 3124 1566 3161 premente
1580 3117 1641 3148 Deo
1867 3101 1869 3103 Ι

1229 3187 1303 3220 Late
1322 3191 1465 3220 excitatis
1481 3186 1629 3221 Barbarir
1644 3213 1653 3227 ,
1678 3189 1847 3232 Qiritinm

1276 3253 1400 3285 Primus
1419 3251 1464 3286 fed
1480 3263 1558 3285 arua
1582 3263 1691 3285 vocam

1230 3324 1354 3372 Sepu’na
1377 3324 1470 3357 duxit
1489 3323 1574 3358 vrbis
1594 3324 1638 3357 ad
1647 3323 1770 3371 palatia
1781 3335 1796 3356 .·
2164 3316 2173 3339 ²

1252 3417 1253 3422 ,
1283 3388 1365 3422 Vnde
1377 3389 1485 3432 statim
1497 3390 1620 3422 Italiam

1207 3435 1273 3476 f2
2078 3444 2176 3490 Miffi's

61 3562 64 3565 ⁴
88 3538 118 3569 ⁰)
140 3534 196 3573 Vg⁰
207 3534 260 3563 flue
273 3534 387 3574 Vguffl'O
399 3535 541 3576 ΕΡῐίῖῑΘΡῑΙ9
553 3524 772 3570 Ferfflrieflff‘vst·
786 3550 852 3576 ¹192-
872 3526 1030 3582 'afheob'alkii
1044 3568 1054 3582 ,
1073 3556 1155 3586 quem
1169 3550 1275 3589 excepit
1288 3550 1393 3585 noster,
1414 3546 1541 3578 decessor.
1583 3547 1660 3592 Hugd
1671 3547 1725 3577 flue
1741 3548 1858 3586 Hugutio
1869 3548 2008 3576 Romanus
2020 3529 2174 3578 Cardinalis

129 3575 170 3603 SS.
180 3573 298 3603 Siluestri
311 3583 338 3604 et
350 3578 460 3605 Martini
473 3578 502 3605 in
515 3579 654 3607 Montibus
676 3589 690 3607 a
704 3581 730 3609 P.

744 3582 780 3609 M.
794 3580 945 3613 eoelenino
959 3586 1007 3614 111.
1028 3596 1132 3617 creatus
1146 3591 1176 3619 A.
1192 3597 1255 3624 1191.
1277 3590 1387 3618 humani
1398 3589 1538 3627 diuinique
1557 3588 1623 3625 iuris
1637 3579 1827 3629 stii'ffemporis
1848 3589 2018 3627 peritiffimus
2031 3610 2041 3624 ,
2060 3588 2172 3629 aliique.

62 3640 70 3644 ,
124 3613 156 3648 b)
173 3635 192 3649 ‚,
203 3616 282 3652 Qiae,
293 3623 354 3651 ante
367 3616 501 3646 conditam
511 3619 717 3667 condendamue·
726 3620 834 3657 vrbem,
853 3624 962 3671 pqsssg‘ficis
974 3629 1058 3664 magis
1073 3628 1169 3658 decora
1181 3629 1291 3666 fabulis,
1304 3641 1384 3670 quam
1397 3629 1562 3667 incorruptis
1576 3638 1666 3658 rerum
1680 3631 1813 3666 gestarum
1827 3628 2009 3658 monumentis
2020 3630 2173 3665 traduntur,

127 3674 148 3689 „
160 3665 191 3682 ea
204 3665 252 3682 nec
263 3655 412 3692 affirmare,
431 3668 481 3686 nec
493 3658 618 3689 refellere
632 3671 661 3689 m
675 3671 767 3690 ammo
780 3663 825 3691 est.
873 3664 958 3694 Datur
971 3667 1036 3696 haec
1052 3671 1132 3698 venia
1147 3671 1303 3709 antiquitati
1315 3694 1324 3707 ‚
1353 3678 1382 3700 vt
1396 3668 1533 3700 miscendo
1545 3669 1664 3699 humana
1677 3670 1784 3699 diuinis*
1793 3687 1805 3704 ›,
1833 3668 1983 3709 primordia
1999 3670 2106 3699 vrbium
2126 3681 2174 3700 au-

129 3695 274 3735 ngustiora
287 3695 386 3733 faciat„
417 3699 474 3728 Liu.
487 3698 598 3728 1.r.init.

130 3735 368 3772 „-praelegebatur'
377 3737 514 3769 Ebrardus
527 3749 554 3769 et
568 3741 692 3771 lohannes
703 3744 737 3772 de
751 3743 909 3777 Garlcm‘did.
928 3768 947 3782 „

131 3835 150 3848 ‚,
162 3815 234 3842 enim
244 3825 351 3849 renatae
365 3817 458 3849 literae
467 3832 480 3849 a
493 3821 620 3851 barbarie

126 3875 145 3889 „
157 3852 277 3884 ementiti
288 3857 421 3897 patriusque
434 3859 540 3897 linguae
554 3862 651 3893 faculta

108 3943 218 3974 ..gemn-
237 3935 438 3974 imerpr'etaendi.

679 3703 696 3720 ’⁸‘
716 3725 734 3738 „
749 3705 784 3730 Ea
799 3697 1095 3744 scholffiRDauenrria‘e)
1114 3717 1178 3739 tunc
1190 3718 1248 3739 erat
1262 3712 1388 3740 barbara.⁸
1425 3708 1633 3746 Praelegebpatur
1641 3712 1728 3740 Pater
1740 3714 1823 3739 molar:
1832 3708 2020 3746 exigebantur
2034 3714 2173 3750 tempora:

130 3780 190 3801 tatu
200 3775 246 3803 sac
269 3776 297 3805 S'
362 3779 368 3787 .
495 3782 499 3787 1
535 3783 540 3788 ,
766 3788 768 3791 Υ
829 3786 834 3791 Ι
883 3786 890 3792 .
986 3749 1108 3778 Erasinus
1121 3751 1154 3780 de
1168 3754 1280 3792 propria
1293 3753 1356 3781 vita.

217 3804 220 3809 ,
249 3797 255 3803 .
288 3785 340 3805 txt.
350 3778 459 3819 senenfis
471 3780 601 3810 Biblioth.
615 3782 714 3812 sancta.
738 3783 872 3824 liuddmg
879 3795 910 3814 ιιι
923 3789 1022 3826 Annal-
1033 3792 1121 3822 Fratr.
1133 3794 1202 3823 Min.
1229 3793 1330 3830 Reiser.
1352 3791 1411 3820 Ind.
1425 3793 1497 3821 MSS.
1505 3791 1634 3822 Biblioth.
1647 3793 1788 3829 Augustam
1805 3801 1831 3829 p.
1846 3799 1892 3828 97.

634 3824 782 3854 Vifldissflffle
796 3825 855 3854 sunt
864 3847 873 3860 ‚
887 3825 959 3857 11⁰1?
958 3831 1157 3870 interpretandi
1171 3833 1284 3862 studium
1298 3835 1363 3862 viris
1378 3833 1463 3861 doctis
1479 3832 1559 3871 vsque
1574 3832 1644 3861 adeo
1658 3831 1783 3872 placuisse
1797 3831 1907 3866 scimus,
1925 3838 1956 3860 vt
1969 3840 2052 3869 quum
2067 3831 2172 3870 aliquid

1423 3757 1447 3785 c)
1467 3752 1508 3779 De
1522 3749 1650 3791 scriptore
1663 3749 1840 3781 consulendus
1853 3751 1891 3779 est
1903 3749 2025 3787 Pqffluin.
2046 3752 2074 3778 in
2088 3754 2174 3791 Appa-

1952 3790 1983 3824 d)
2000 3811 2022 3826 „
2031 3792 2173 3829 Postquam

121 3899 126 3911 ι
157 3893 174 3921 ¹.
294 3901 296 3904 ,
360 3899 366 3905 ,
413 3900 420 3906 ,
643 3872 680 3911 ‘te
695 3866 845 3913 consecuti,
865 3866 898 3895 ad
910 3865 1107 3901 co'nuertendes
1119 3874 1205 3902 statim
1222 3875 1346 3902 auctores
1358 3872 1513 3902 industriam
1528 3873 1602 3900 suam
1618 3873 1791 3905 conferrent,
1808 3882 1859 3901 nec
1877 3870 2026 3912 quidquam
2039 3872 2088 3899 fibi
2097 3873 2172 3900 inter

60 3927 66 3931 ‚
123 3914 143 3929 ‚a
168 3895 382 3937 ¹³0¹*3‘087*[⁸¹1d¹⁸
393 3900 549 3942 Yldelssmur
561 3903 651 3943 adepti
663 3925 674 3940 2
699 3908 747 3935 mfi
767 3907 1150 3952 transferendis'ssntiqiionirn
1164 3913 1268 3954 scriptis
1288 3913 1428 3943 doetrinae
1447 3913 1512 3943 suae
1529 3913 1664 3953 specimen
1682 3910 1830 3941 edidiffent.
1849 3933 1870 3946 ,‚

1921 3912 1998 3941 Hnee.
2016 3910 2052 3940 de
2066 3914 2171 3950 Optimo
