2474 4182
261 84 351 120 1059
647 68 682 108 C
765 68 800 107 O
884 67 932 106 M

264 159 393 185 humanus
406 168 434 185 ac
447 157 583 189 barbarus,
598 158 640 185 isti
654 157 700 184 vni
714 155 868 182 commodus
881 160 907 182 et
918 155 1028 183 disertus
1042 156 1186 184 videretur.
1222 157 1303 184 Plaut.

265 194 342 221 Most.
357 203 376 226 1,
391 203 413 226 3,
427 199 457 227 98
478 197 646 231 interroganti
661 193 821 222 Phile-matio,
841 191 893 217 Suo
914 192 1014 227 quique
1037 192 1099 219 loco
1118 193 1206 219 viden‘
1225 192 1303 226 capil-

265 230 304 256 lus
319 230 378 256 satis
395 230 553 265 compositus
567 231 601 255 eti
615 227 770 255 commode?
791 227 919 263 respondet
927 228 1038 264 Scapha,
1057 228 1110 255 Vbi
1123 235 1151 254 m
1165 227 1304 254 commoda

264 274 291 291 es
301 286 308 297 ,
328 266 451 300 capillum
464 265 634 292 commodum
647 264 694 289 else
708 262 819 289 credito.
890 263 972 290 Plaut.
986 264 1044 290 Mil.
1060 273 1082 295 3,
1096 273 1115 295 1,
1128 271 1165 297 47
1190 263 1304 290 63111113-

265 308 308 327 101-
321 301 434 332 facetus,
463 302 505 327 vel
527 299 681 326 commodus
699 298 813 324 conuiua
831 298 895 324 item
914 308 971 326 ero.
1025 299 1092 326 AM.
1108 301 1184 325 Poen.
1205 308 1228 331 3,
1242 306 1304 334 gpr.

265 337 362 369 Cyathi
383 336 535 367 commodi,
557 339 574 361 ι’.
588 338 632 370 qui
651 332 738 367 iussum
757 334 847 361 habent
864 335 959 362 modum
989 336 1056 362 Hor.
1069 336 1156 361 Carni.
1175 343 1196 366 3,
1212 344 1249 367 19,
1266 344 1303 367 14·

265 373 382 399 Exilium
396 371 562 399 commodius
579 369 659 396 Ouid.
675 379 706 396 ex
721 370 793 396 Pont.
806 378 832 402 2,
846 375 868 403 8,
883 378 922 405 72.
941 374 958 398 i.
972 374 1052 396 minus
1067 370 1162 397 durum.
1236 371 1303 396 Ter.

264 408 346 435 Andr,
361 418 383 442 3,
398 417 422 439 2,
436 416 448 439 3
477 407 532 440 Ego
546 405 759 432 commodiorem
772 406 934 438 Hominem,
959 406 1119 438 aduentum,
1133 412 1234 440 tempus
1250 415 1305 432 non

264 444 331 470 vidi.
404 443 507 468 Literae
530 441 686 468 commodae
710 441 764 468 Cic.
781 442 894 475 QFrat.
907 451 930 474 3,
945 451 962 468 1.
1034 442 1120 468 Locus
1135 442 1306 468 commodior

265 479 346 506 Ouid.
359 487 390 504 ex
404 479 477 503 Pom.
492 486 515 509 3,
529 486 550 509 3,
563 479 607 510 64.
678 478 769 504 Minae
788 478 890 511 argenti
904 477 1002 511 viginti
1018 477 1189 510 commodae,
1213 480 1231 503 i.
1247 476 1306 509 msti

260 515 380 550 ponderis
398 513 477 539 Plaut.
492 513 560 539 Atin.
576 521 598 545 3,
612 522 635 545 3,
649 521 696 545 135.
731 513 799 540 ΑΜ.
813 514 895 540 Merc.
909 522 934 545 2.
949 522 971 545 3,
985 521 1034 539 101.
1071 512 1158 539 Pseud.
1171 522 1199 546 4,
1213 521 1239 547 7,
1254 522 1303 544 130.

264 552 305 578 Sic
319 549 384 575 Kud.
394 557 414 582 5,
429 557 482 581 ²‚31
501 549 648 575 Talentum
662 550 764 583 argenti
777 558 901 583 magnum
915 549 1086 575 commodum
1105 550 1189 576 inerat
1207 549 1233 575 in
1247 558 1304 574 cru-

265 594 340 612 mena
350 605 357 617 ,
375 587 393 610 i.
408 583 507 617 iulium,
523 587 563 609 cui
576 585 642 611 nihil
654 584 725 618 degli,
737 595 773 611 uei
785 595 811 610 uc
819 582 938 620 Jicperqll.
977 586 1120 620 Integrum‚
1128 590 1214 611 totum
1228 588 1304 611 inter-

257 627 376 656 pretatur
407 620 479 646 Non.
496 629 525 652 4,
545 625 582 653 83.
653 621 748 656 Imfiib
788 621 856 646 'otit.
871 620 970 654 Dignit.
988 622 1053 655 Imp.
1071 622 1173 647 Titulus
1185 619 1218 653 .st
1231 620 1305 646 Labb.

263 666 288 692 p.
304 659 355 686 168.
391 656 554 682 Commodae
572 655 738 683 auctoritatis
757 656 845 682 variae
867 657 1014 690 priscorum
1033 663 1171 687 monetae,
1203 665 1306 691 quarum

263 700 345 727 nempe
366 698 436 726 typos
457 691 570 718 exhibent
592 695 696 728 antiqua
716 693 872 726 exemplaria.
950 694 1059 719 Wower.
1080 692 1113 718 acl
1130 692 1229 717 Minue.
1251 691 1305 716 Fcl.

262 736 301 758 22,
315 736 330 760 9
352 728 466 762 Explicat
476 729 573 764 ‘integro
585 732 706 764 margine,
719 731 821 764 [truxque
834 727 973 760 ι’κνκμένας,
990 728 1054 764 quod
1067 733 1147 761 nempe·
1154 729 1307 761 perueniant

262 763 297 790 ad
309 761 397 796 insitam
414 762 527 798 pondus:
559 763 649 796 verbo,
668 763 732 799 qimi!
746 762 856 789 modum
864 764 952 799 flium,
977 773 1048 799 quam
1061 768 1223 797 quantitatem
1235 760 1305 787 kmlie

261 805 368 830 vocant,
392 798 489 825 hubent.
560 799 616 825 Cic.
633 799 664 824 de
679 799 765 825 Amic.
779 807 811 832 54
842 799 908 831 Eos,
926 800 973 833 qui
994 804 1068 824 antea
1085 796 1234 823 commodis
1249 797 1304 822 fue-

261 841 324 862 runt
339 833 473 867 Moribus,
485 834 615 869 imperio,
636 835 771 869 potestate,
786 836 917 869 prosperis
930 834 1008 861 rebus
1018 853 1024 864 ,
1043 832 1190 858 immutari.
1245 833 1305 859 Mu-

262 871 312 896 lier
326 870 481 900 commoda,
501 877 526 896 et
540 871 624 896 faceta
637 871 763 897 meretrix
787 871 855 897 Ter.
870 871 964 895 llcaut.
985 877 1007 899 3,
1027 876 1049 900 2,
1065 877 1101 894 10.
1145 868 1224 894 Ratio
1241 867 1306 894 belli

261 905 471 933 connnodiffima
491 906 562 932 Caes.
579 907 643 941 ss4c.
653 915 674 938 3,
689 911 725 939 85.
761 906 834 939 Seges
848 903 990 931 commoda
1005 903 1106 930 Baccho
1120 904 1195 938 Virg.
1207 904 1304 937 Georg.

262 952 296 976 4,
313 950 366 973 129.
439 941 557 968 Vrbanas
577 951 618 968 res
638 942 850 968 commodiorem
869 940 897 965 in
911 940 1010 965 Statum
1030 940 1174 974 peruenisse
1189 941 1260 966 Caes.
1277 941 1305 966 B.

262 978 294 1004 G.
307 985 334 1012 7,
347 979 372 1003 6.
409 977 511 1004 Statura
533 978 674 1004 commoda
700 978 781 1003 Plaut.
796 975 864 1001 Asin.
880 983 904 1005 2,
917 983 939 1007 3,
954 983 990 1001 21.
1063 976 1181 1009 Propert.
1194 984 1219 1007 2,
1232 984 1273 1010 27,
1287 986 1305 1010 4

261 1014 336 1046 Qiac
357 1012 386 1039 sit
399 1012 476 1039 Stella
495 1013 599 1039 homini
622 1012 775 1042 commoda,
796 1019 917 1046 quaeque
938 1011 1014 1037 mala.
1092 1011 1117 1037 Si
1135 1013 1305 1038 commodius

260 1049 323 1076 anni
343 1049 467 1083 Tempus
487 1049 545 1075 esset
579 1049 633 1074 Cic.
649 1049 700 1073 Att.
722 1055 748 1079 9,
762 1055 783 1078 3.
852 1046 984 1073 Valetudo
999 1047 1141 1073 commoda
1162 1047 1230 1073 Cels.
1246 1053 1269 1080 8,
1285 1056 1304 1074 1.

260 1083 392 1118 Quin&il.
405 1086 431 1117 6,
446 1093 468 1117 3,
483 1092 516 1120 77
550 1086 616 1110 Cum
632 1082 711 1109 vellet
726 1082 813 1109 videri
828 1082 1022 1109 commodioris
1030 1082 1196 1109 Valetudinis
1210 1083 1304 1109 faetus.

261 1121 302 1148 Sic
316 1120 382 1147 Plin.
397 1121 474 1154 Epist.
494 1129 516 1151 3,
533 1123 570 1150 16,
588 1128 606 1151 4
649 1118 748 1144 Viuere
763 1118 867 1151 filium,
888 1124 966 1153 atque
988 1119 1069 1144 0113111
1089 1118 1304 1145 commodiorem

260 1156 324 1188 esse,
345 1155 498 1186 simulabat,
519 1158 535 1179 ι’.
556 1156 641 1180 melius
653 1154 682 1190 fi*
701 1154 796 1180 hahere.
883 1154 966 1180 Vestis
988 1155 1130 1181 commoda
1148 1154 1180 1181 ad
1201 1156 1304 1181 cursum

259 1192 341 1218 Ouid.
359 1192 423 1217 Fati.
437 1200 462 1222 2,
476 1195 530 1219 288.
603 1191 671 1216 Hor.
685 1190 774 1216 631-111.
789 1199 816 1223 4,
830 1195 853 1223 8,
869 1199 878 1216 1
896 1190 1029 1217 Donarem
1042 1196 1159 1224 pateras,
1179 1197 1305 1225 grataque

259 1227 433 1258 commodus,
469 1225 629 1257 Censorine,
656 1225 721 1251 meis
736 1234 796 1252 aera
809 1226 953 1252 sodalibus.
985 1229 1003 1252 i.
1021 1229 1048 1252 in
1062 1235 1087 1252 co
1107 1236 1143 1253 me
1156 1227 1304 1253 commodum

254 1268 409 1299 procorum,
432 1268 455 1287 et
475 1265 501 1287 in
517 1270 540 1287 eo
555 1261 691 1287 commodus
703 1260 787 1294 cffcm,
811 1261 878 1297 qnod
888 1262 1004 1288 donarem
1018 1268 1124 1297 pateras
1142 1265 1201 1288 meis
1209 1262 1304 1298 sodali-

257 1300 309 1324 bus.
367 1298 422 1324 Cic.
431 1297 462 1323 de
470 1298 544 1324 Orat.
559 1306 581 1329 3,
592 1303 623 1331 {³7
642 1299 733 1331 Quini
748 1297 783 1323 est
796 1297 979 1330 commodum,
993 1303 1087 1324 cantat.
1134 1299 1262 1325 Asconius
1276 1298 1305 1324 in

258 1334 313 1360 Cic.
326 1334 403 1360 Verr.
418 1342 441 1363 2,
456 1342 477 1359 c.
493 1341 516 1365 13
534 1333 586 1359 Aut
598 1341 659 1359 eum
673 1333 800 1366 iudicem,
813 1342 892 1368 quem
908 1332 1082 1360 commodum
1095 1340 1160 1366 erat,
1173 1341 1218 1360 etc.
1254 1335 1304 1361 Vc-

257 1369 324 1396 tuste
343 1369 443 1404 posuit,
463 1372 564 1404 inquit,
589 1378 638 1403 pro
659 1370 712 1401 Eo,
726 1378 806 1404 quem
825 1369 940 1397 volebat.
1011 1369 1079 1396 Ter.
1100 1370 1175 1396 Adel.
1194 1378 1213 1402 1,
1234 1378 1256 1402 2,
1275 1375 1304 1402 38

258 1407 354 1432 Amat!
380 1405 488 1431 dabitur
499 1413 514 1431 3
527 1413 569 1430 me
582 1411 736 1439 argentum,
752 1405 815 1431 dum
829 1405 881 1432 erit
894 1405 1067 1432 commodum
1076 1425 1084 1438 ‚
1102 1408 1120 1432 i.
1135 1405 1260 1440 Qcamdi«
1272 1408 1304 1432 li-

256 1440 336 1467 buerit
350 1441 419 1467 mihi.
487 1440 543 1467 Cic.
559 1442 634 1467 Verr.
648 1449 669 1473 3,
685 1443 727 1473 165
746 1441 882 1468 Postremo
896 1441 914 1467 si
928 1442 972 1467 cui
986 1441 1089 1468 ciuitati
1103 1441 1192 1473 soluit,
1202 1447 1303 1467 tantum

257 1476 383 1508 detraxit,
394 1481 520 1511 quantum
541 1477 715 1503 commodum
735 1476 796 1503 fuit.
876 1476 949 1504 Idem
968 1477 1001 1503 de
1020 1477 1112 1503 Diuin.
1135 1486 1153 1509 1,
1176 1484 1210 1503 111
1229 1486 1251 1503 c.
1272 1485 1304 1510 50

257 1512 413 1545 Ostenderet
431 1512 511 1537 etiam
532 1511 757 1546 philosophum‚si
766 1513 791 1538 ei
805 1512 976 1539 commodum
990 1513 1059 1545 esset,
1068 1513 1204 1547 pecuniam
1217 1513 1304 1540 facere

258 1548 336 1583 posse.
393 1547 461 1574 Ter.
471 1546 577 1573 Phorm.
588 1555 609 1580 5,
626 1556 641 1579 9
657 1550 715 1579 (8,)
728 1555 759 1581 37
780 1549 921 1582 Exsequias
930 1548 1068 1575 Chremeti
1077 1548 1172 1583 quibus
1185 1558 1304 1575 commo-
1316 1557 1353 1583 40

257 1584 321 1610 dum
337 1584 390 1613 irc,
410 1582 471 1608 hem
485 1589 587 1620 tempus
602 1583 646 1609 est.
720 1585 811 1618 Nempe
825 1583 924 1610 verbum
945 1581 1058 1617 venustae
1077 1586 1241 1611 humanitatis
1260 1584 1303 1618 est,

257 1619 285 1646 Si
299 1618 471 1645 commodum
487 1618 538 1649 est,
549 1620 631 1650 simile
646 1618 698 1643 illis
723 1619 792 1645 Ter.
805 1620 869 1645 Eun.
884 1629 906 1652 3,
920 1628 946 1652 2,
959 1628 993 1653 29
1025 1619 1079 1646 Vbi
1092 1620 1232 1647 molestum
1248 1630 1303 1647 non

257 1655 324 1686 erit,
346 1654 392 1680 vbi
406 1660 433 1680 tu
449 1653 539 1685 voles,
558 1653 605 1679 vbi
620 1659 722 1687 tempus
736 1654 796 1680 crit.
853 1656 894 1682 Sic
909 1655 970 1682 ibid.
983 1665 1010 1682 ν.
1026 1664 1047 1682 11
1070 1656 1122 1682 Vbi
1136 1657 1187 1689 vis,
1200 1664 1222 1682 et
1236 1666 1302 1689 mox,

257 1691 320 1717 Pace
333 1689 406 1724 quod
421 1689 466 1715 1131
479 1696 532 1715 tua.
603 1688 782 1715 Commodius
802 1690 864 1720 effe,
893 1695 919 1716 et
933 1691 1172 1717 connnodissimum
1192 1693 1240 1718 effe
1255 1692 1303 1718 ali-

258 1725 322 1760 quid
339 1734 416 1762 agere
437 1725 493 1751 Cic.
509 1725 561 1751 Att.
577 1733 609 1756 13,
625 1726 661 1750 16.
708 1724 781 1759 Conf.
799 1723 837 1750 Id.
854 1733 874 1757 1,
885 1733 928 1752 20.
1000 1726 1069 1752 Ter.
1082 1727 1189 1753 Phorm.
1205 1737 1225 1761 1,
1240 1736 1263 1760 2,
1277 1732 1301 1757 81
1320 1737 1354 1763 45

257 1764 332 1795 Qiae
346 1768 445 1793 mater,
463 1758 510 1795 qui
524 1766 634 1794 cognata
646 1759 697 1786 tibi
711 1759 757 1792 fit,
785 1760 878 1786 omnia
895 1759 959 1787 haec
979 1760 1143 1795 confingam:
1164 1763 1235 1796 quod
1251 1763 1302 1789 erit

256 1797 326 1823 mihi
341 1797 443 1823 bonum
457 1803 535 1831 atque
549 1795 731 1822 commodum.
775 1796 824 1821 Vbi
835 1796 970 1823 Donatus:
990 1797 1109 1830 ἔυφημίω,
1130 1797 1210 1831 Qiod
1224 1798 1302 1829 mihi,

256 1833 354 1868 inquit,
374 1832 487 1859 faustum
501 1841 530 1858 ac
544 1832 609 1858 felix
622 1832 687 1858 erit:
707 1831 758 1857 hoc
773 1831 809 1857 est
824 1831 975 1866 confingere
987 1838 1067 1866 atque
1079 1833 1197 1858 mentiri.
1236 1835 1304 1864 Non,

250 1876 313 1905 puto
321 1889 329 1901 ‚
338 1867 412 1895 rch.
449 1871 532 1900 Dicit,
540 1868 568 1904 se
581 1875 637 1903 apte
648 1874 672 1893 et
683 1866 789 1902 apposite
801 1867 836 1893 ad
846 1877 896 1894 rem
904 1869 977 1904 Jicam
989 1867 1127 1904 confingere
1140 1868 1199 1894 uelle
1213 1871 1304 1895 omnia.

1325 1380 1354 1407 35

255 1905 427 1940 Comparatiui
447 1912 470 1931 et
490 1905 642 1939 superlatiui
661 1904 768 1938 exempla
782 1909 886 1938 practer
899 1904 1031 1945 fiaperiora
1049 1904 1108 1930 haec
1121 1904 1213 1939 sunto:
1249 1903 1306 1930 cic.
1325 1915 1357 1941 50
1372 1906 1534 1936 commodes,
1543 1904 1701 1931 beneficium
1711 1903 1776 1930 illud
1784 1903 2037 1935 habendumest,sed
2045 1904 2207 1930 foeneratio:
2225 1912 2272 1929 nec
2281 1900 2425 1943 gratiade'i*

256 1942 365 1974 QFrat.
383 1950 403 1973 1,
414 1949 423 1967 1
445 1941 530 1974 Atque
544 1940 573 1966 in
585 1939 636 1966 hoc
649 1942 744 1973 genere
757 1939 843 1965 multo
857 1945 883 1965 te
896 1941 944 1965 efle
957 1948 1010 1965 13111
1025 1940 1241 1966 commodiorem
1256 1940 1305 1966 mi-

255 1977 409 2011 tioremque
428 1977 559 2002 nuntiant.
632 1975 688 2002 Cic.
703 1975 755 2000 Att.
777 1983 812 2007 13,
833 1977 861 2001 16
893 1974 973 2002 Ν11111

257 2011 364 2038 modius
384 2020 431 2037 nec
451 2012 554 2045 aptius,
571 2020 652 2046 quam
671 2016 700 2038 vt
718 2009 821 2038 scribis.

257 2047 329 2074 Caes.
346 2047 373 2072 Β.
390 2047 421 2072 G.
434 2055 458 2076 2,
472 2054 517 2080 47.
831 2054 833 2056 ·

295 2088 311 2108 c
323 2089 342 2108 o
352 2089 376 2109 Μ
385 2088 410 2107 Μ
419 2079 438 2108 ὅ
450 2088 467 2107 1)
476 2089 496 2108 v
508 2088 546 2107 M.
583 2080 651 2106 Adu.
694 2081 707 2114 [
721 2080 828 2115 ἐυκαίρως
840 2083 853 2115 ]
898 2083 1049 2116 Opportune.
1100 2084 1197 2110 Ironice
1217 2083 1301 2110 Plaut.
1322 2087 1351 2113 55

257 2119 341 2146 Merc.
355 2126 374 2150 1,
388 2126 414 2150 2,
430 2119 477 2144 106
509 2117 533 2143 Si
548 2115 609 2142 istac
623 2115 675 2142 ibis
685 2135 693 2148 ‚
720 2116 892 2142 commodum
906 2117 1017 2142 obuiam
1031 2117 1121 2143 venies
1133 2118 1211 2151 patri.
1247 2120 1302 2144 Me—

257 2157 340 2180 tuebar
355 2162 417 2179 emm
427 2152 499 2188 filius·
511 2161 645 2178 occurrere.
692 2151 800 2186 Qu'dam
818 2151 864 2177 huc
884 2151 1001 2187 referunt
1014 2151 1096 2178 Plaut.
1114 2152 1183 2177 Rud.
1201 2158 1224 2184 5,
1238 2160 1263 2184 2,
1277 2160 1302 2184 31

257 2190 405 2217 Talentum
419 2188 523 2222 argenti
542 2186 716 2213 commodum
730 2195 854 2221 magnum
867 2187 952 2213 inerat
965 2187 994 2213 in
1008 2195 1140 2213 crumena.
1187 2187 1234 2214 Sed
1247 2187 1301 2214 vid.

258 2231 276 2252 c
287 2232 306 2252 o
316 2232 338 2250 Μ
351 2247 355 2249 ,
381 2230 401 2251 0
411 2230 429 2250 D
439 2231 461 2250 Λ
471 2231 487 2250 E
518 2223 618 2249 Minae.
697 2221 895 2252 Commoduim
924 2222 981 2256 ipso
1002 2222 1152 2257 eodemque
1170 2228 1301 2257 tempore,

258 2260 358 2288 Eodem
372 2265 503 2294 tempore,
519 2267 573 2293 quo
587 2257 638 2284 hoc
651 2257 793 2291 agebatur,
811 2257 929 2283 Donatus
944 2257 978 2283 ad
990 2256 1054 2283 illud
1064 2258 1133 2284 Ter.
1141 2258 1206 2284 Eun.
1215 2267 1240 2290 2,
1248 2267 1269 2291 3,
1278 2267 1303 2291 51
1320 2267 1355 2291 60

259 2298 351 2330 Quum
367 2295 417 2322 huc
429 2294 543 2330 respicio
558 2293 591 2320 ad
604 2293 752 2327 virginem,
773 2292 819 2319 illa
831 2293 883 2318 sese
896 2292 998 2318 interea
1009 2292 1181 2319 commodum
1194 2293 1245 2319 huc
1259 2294 1301 2320 ad-

258 2337 386 2359 verterat.
456 2331 538 2357 Plaut.
552 2329 633 2356 Milit.
647 2337 670 2361 3,
685 2337 705 2361 1,
720 2336 759 2362 155
787 2328 814 2355 Si
828 2333 930 2355 certmn
945 2327 980 2354 est
994 2327 1056 2360 tibi,
1071 2328 1244 2354 commodum
1257 2337 1303 2363 op-

258 2368 336 2399 sona‚
356 2375 401 2393 nec
416 2375 511 2401 magno
527 2367 629 2392 sumtu:
651 2364 720 2391 mihi
733 2364 805 2399 quod
818 2364 858 2390 vis
871 2365 908 2390 sat
923 2363 969 2390 est.
1022 2365 1066 2390 At.
1080 2363 1303 2396 Cmnmodulum,

258 2413 282 2431 et
295 2404 345 2439 7⁴pr
358 2404 434 2429 Gran.
471 2399 774 2463 Connnodumseguente
792 2405 923 2438 QVVM,
934 2399 1066 2436 fignificat
1085 2401 1151 2432 Vix,
1178 2401 1219 2427 vel
1234 2401 1303 2426 Tan-

259 2446 320 2466 tum.
358 2439 413 2465 Cic.
427 2439 480 2465 Att.
499 2448 532 2471 10,
548 2442 583 2469 18,
598 2439 663 2469 (16)
704 2436 862 2462 ommodum
874 2435 907 2462 ad
920 2441 945 2461 10
959 2437 1082 2462 dederam
1093 2435 1184 2463 literas
1198 2435 1230 2461 de
1246 2435 1303 2470 plu·
1324 2441 1356 2472 65

259 2476 334 2503 ribus
342 2474 438 2507 rebus,
457 2483 540 2509 quum
553 2473 585 2500 ad
601 2481 643 2498 me
658 2472 724 2499 bene
736 2481 813 2498 mane
827 2471 967 2504 Dionysius
987 2471 1048 2498 fuit.
1120 2472 1302 2499 Commodum

260 2511 406 2538 discesseras
427 2510 501 2543 heri,
530 2518 614 2545 quum
634 2508 780 2535 Trebatius
794 2508 868 2534 venit
893 2507 967 2534 Idem
980 2507 1033 2534 Att.
1050 2516 1084 2540 13,
1098 2516 1124 2540 9.
1180 2506 1249 2538 Add.
1265 2507 1303 2533 ib.

261 2546 340 2581 Epist.
356 2555 383 2578 19
393 2553 436 2581 pr.
506 2543 687 2572 Commodum
708 2545 879 2580 quieueram‚
903 2549 930 2570 et
947 2549 1056 2578 repente
1074 2544 1167 2570 ianuae
1187 2544 1304 2569 reseran-

260 2588 308 2610 tur
325 2581 401 2617 Apul.
418 2582 482 2608 Met.
496 2590 505 2607 1
521 2591 544 2615 p.
564 2589 620 2615 107,
634 2588 667 2613 15.
717 2581 748 2607 Εε
761 2589 788 2614 p.
804 2585 855 2612 108,
870 2587 899 2606 21
928 2579 1107 2606 Commodum
1121 2579 1205 2605 limen
1219 2580 1305 2605 euase-

263 2623 338 2650 rant,
366 2623 391 2643 et
411 2617 482 2643 fores
503 2616 535 2643 ad
547 2617 688 2650 pristinum
708 2615 802 2642 statum
817 2616 965 2649 resurgunt.
1036 2614 1217 2642 Commodum
1231 2615 1261 2641 T
1263 2624 1307 2642 an-

261 2660 318 2681 111111
333 2651 405 2688 quod
430 2652 499 2678 Ter.
511 2652 617 2678 Phorm.
638 2661 671 2684 4,
687 2659 716 2684 3,
729 2660 745 2684 9
769 2658 799 2678 G.
834 2651 916 2677 Tune
933 2651 1036 2678 dixeras
1050 2650 1130 2677 huic?
1150 2650 1251 2678 facinus
1268 2651 1307 2677 in-

262 2690 371 2724 dignum
386 2687 517 2720 Chreme,
533 2687 566 2714 sic
578 2686 735 2714 circumiri?
761 2693 789 2714 D.
811 2686 842 2714 Id
855 2696 915 2713 cum
933 2686 984 2714 hoc
1002 2687 1111 2722 agebam
1125 2686 1308 2714 commodum.

260 2727 387 2753 Donatus.

300 2768 317 2788 c
328 2768 347 2787 o
357 2767 380 2787 Μ
396 2767 420 2786 Μ
429 2765 448 2785 o
459 2765 478 2785 D
487 2764 508 2784 v
518 2764 535 2783 L
545 2764 566 2784 v
574 2764 609 2784 M.
648 2756 715 2784 Adu.
734 2757 941 2791 Ρ13111,Μ11.3,1,
952 2766 992 2792 155
1011 2758 1221 2786 Commodulum
1235 2759 1311 2794 opso-

262 2807 311 2830 na,
325 2806 358 2822 110
370 2804 466 2829 magno
479 2795 581 2821 sumtu:
602 2792 671 2820 mihi
684 2793 757 2828 quod
764 2794 803 2820 vis
819 2795 854 2820 sat
866 2794 910 2821 est.
931 2796 972 2822 Sic
986 2795 1062 2822 Gron.
1077 2796 1109 2822 al.
1120 2794 1300 2821 Commodum

300 2840 317 2860 C
327 2840 346 2860 0
355 2839 378 2857 M
390 2838 413 2857 M
425 2837 445 2857 O
457 2837 476 2857 D
485 2837 512 2857 E.
549 2829 617 2857 Adu.
653 2829 666 2863 [
680 2828 770 2863 ὄρθ’ὦς,
788 2829 922 2865 προσφόρως
935 2831 947 2864 ]
983 2831 1047 2857 Bene
1059 2850 1067 2864 ,
1093 2832 1176 2866 Apte,
1197 2833 1310 2857 conueni-

264 2875 349 2901 enter,
369 2868 426 2894 Cum
440 2866 516 2892 modo.
588 2864 778 2891 Administrare
793 2865 932 2891 commode
946 2866 1039 2900 Remp.
1066 2866 1121 2893 Cic.
1137 2867 1209 2894 Fam.
1224 2875 1257 2901 11,
1272 2875 1309 2893 10.

265 2904 340 2940 Conf.
356 2903 428 2930 Caes.
452 2903 480 2928 B.
494 2902 526 2928 G.
539 2903 566 2933 6,
580 2910 616 2935 19·
689 2899 763 2927 Idem
777 2899 808 2926 de
825 2900 881 2926 Fin.
898 2909 920 2932 ε,
936 2908 966 2934 73
1002 2902 1061 2928 Nos
1075 2902 1241 2929 commodius
1255 2902 1311 2936 agi-

264 2949 338 2968 mus:
355 2948 409 2966 non
424 2938 495 2965 enim
509 2936 595 2964 solum
610 2937 769 2971 Torquatus
783 2935 862 2970 dixit,
876 2936 946 2970 quod
960 2937 1084 2971 sentiret,
1104 2938 1147 2964 sed
1159 2938 1239 2965 etiam
1254 2947 1308 2965 cur.

267 2977 318 3011 Agi
333 2975 415 3010 potest
433 2983 479 3009 per
489 2982 550 2999 eum
565 2971 772 2999 commodiffime
791 2971 846 2999 Cic.
863 2972 935 2998 Fam.
953 2980 988 3004 12,
1001 2981 1040 3006 30.

267 3011 423 3043 commode,
447 3009 500 3036 vid.
527 3015 664 3036 AVDIO.
743 3007 782 3034 Id.
798 3008 875 3034 Verr.
890 3006 947 3034 Act.
962 3016 981 3040 1,
995 3015 1007 3040 5
1036 3010 1136 3036 Verum
1156 3009 1206 3036 hoc
1223 3009 1308 3035 adhuc

267 3045 454 3082 percommode
468 3044 554 3077 cadit,
574 3043 647 3080 quod
665 3053 724 3070 curn
737 3043 890 3071 incredibili
909 3043 966 3070 eius
978 3043 1084 3070 audacia
1097 3044 1234 3079 singularis
1248 3044 1308 3071 stul-

267 3083 326 3109 titia
340 3081 481 3109 001111111613
492 3080 537 3107 est.
608 3079 665 3107 Cic.
673 3080 743 3106 Fam.
753 3088 784 3112 11,
798 3087 822 3112 13
841 3080 872 3106 Et
888 3078 943 3112 ille,
956 3079 999 3106 cui
1013 3079 1136 3107 mandaui
1146 3101 1154 3113 ‚
1173 3081 1233 3107 satis
1247 3081 1308 3107 scite

269 3123 294 3144 et
309 3115 449 3145 commode
468 3124 568 3151 tempus
587 3114 618 3142 ad
639 3121 664 3142 te
678 3116 755 3150 Cepit
773 3114 897 3142 adeundi.
984 3115 1052 3144 Ter.
1073 3117 1140 3150 prol.
1161 3117 1256 3143 Heaut.
1280 3125 1309 3150 14

269 3153 404 3188 Quantum
417 3153 462 3179 ille
474 3153 562 3187 potuit
578 3151 703 3186 cogitare
717 3151 864 3178 commode.
936 3149 1010 3178 Idem
1022 3151 1087 3178 Hec.
1106 3160 1125 3184 1,
1139 3161 1162 3184 2,
1180 3161 1207 3184 32
1233 3152 1308 3178 Nun·
1324 3162 1353 3191 85

270 3197 349 3224 quam
363 3189 437 3215 Dices
448 3195 500 3215 tam
514 3187 670 3219 commode,
690 3192 719 3214 vt
736 3193 839 3222 tergum
857 3195 946 3213 meum
960 3193 1033 3214 tuam
1053 3187 1082 3213 in
1094 3186 1172 3213 sidem
1187 3188 1308 3215 commit-

269 3231 334 3252 tam.
356 3227 374 3250 i.
388 3231 438 3250 tam
451 3223 537 3250 blande
551 3230 574 3250 ct
584 3230 640 3258 apte
654 3221 899 3259 adpofimdendum.
977 3222 1035 3250 Cic.
1049 3222 1127 3249 Acad.
1141 3231 1161 3255 1,
1175 3232 1206 3256 ¹4
1236 3223 1310 3257 Qud

270 3260 305 3288 est
318 3259 390 3286 enim
405 3259 476 3293 quod
491 3259 591 3292 malim,
604 3266 683 3294 quam
697 3267 728 3285 ex
745 3257 878 3285 Antiocho
890 3258 1048 3293 iampridem
1062 3258 1151 3285 audita
1164 3259 1310 3292 recordari,

269 3303 296 3323 et
310 3294 383 3322 simul
399 3293 504 3326 videre,
530 3295 623 3321 satisne
641 3303 672 3321 ea
691 3294 904 3328 commode-dici
916 3294 1016 3328 possent
1035 3294 1146 3321 Latine?
1217 3295 1309 3329 Dispu-

270 3338 326 3359 tare
340 3329 506 3358 commodius
524 3329 562 3356 Id.
576 3329 629 3357 Off.
644 3338 656 3356 2
672 3339 694 3356 c.
707 3337 746 3363 25.

270 3374 324 3394 tem
339 3366 423 3394 vestra
437 3364 536 3391 nullam
555 3365 611 3391 vim
630 3365 761 3395 existimat
779 3365 844 3399 esse,
867 3373 915 3392 nec
932 3365 965 3392 ad
978 3365 1073 3393 melius
1086 3365 1247 3399 viuendum,
1263 3376 1310 3393 nec

271 3403 303 3430 ad
317 3401 483 3429 commodius
496 3400 684 3428 Differendum.
754 3401 827 3428 Facis
842 3401 983 3428 commode
1002 3402 1058 3428 Cic.
1072 3402 1125 3429 Ati.
1138 3406 1161 3434 8,
1175 3408 1200 3436 7.
1263 3403 1309 3429 Fa—

273 3448 332 3466 cere
345 3437 426 3466 verba
446 3436 514 3471 Nep.
530 3444 555 3468 2,
569 3443 591 3468 ς,
605 3445 623 3462 1.
694 3435 734 3463 Ad
748 3437 893 3464 lumbricos
906 3437 966 3463 satis
981 3437 1120 3464 commode
1133 3437 1206 3464 Facit
1218 3443 1243 3463 et
1256 3439 1310 3464 san-

273 3474 362 3502 tonica
376 3472 458 3500 herba
477 3470 597 3498 Scribon.
613 3479 664 3504 141.
716 3472 771 3500 Cic.
779 3473 855 3500 Verr.
864 3480 887 3506 ς,
900 3481 938 3507 44
955 3473 1066 3500 Nullam
1079 3472 1132 3501 tibi
1141 3471 1244 3500 obiicio
1259 3474 1311 3501 sor-

272 3515 376 3536 tunam:
401 3507 471 3535 nihil
485 3506 520 3534 est
541 3506 612 3541 quod
628 3512 790 3535 caeterorum
809 3517 851 3535 res
869 3508 957 3535 minus
971 3508 1111 3536 commode
1124 3508 1212 3535 Gestas
1225 3509 1311 3543 profe-

273 3553 323 3572 ras.
382 3546 469 3579 Qiem
487 3551 536 3577 pro
553 3541 681 3577 dignitate
699 3551 731 3569 ne
744 3543 862 3571 Laudare
874 3543 983 3578 quidem
1002 3545 1143 3580 quisquam
1161 3543 1222 3571 satis
1242 3553 1311 3571 com-

273 3580 352 3608 mode
365 3581 444 3615 posset
464 3579 521 3606 Cic.
535 3586 583 3614 pro
596 3578 618 3604 S.
634 3578 709 3604 Rosc.
724 3587 805 3612 c.12..x
833 3579 902 3606 Ter.
914 3580 1010 3606 Heaut.
1023 3588 1047 3613 3,
1061 3589 1087 3614 2,
1099 3585 1133 3615 48
1167 3579 1312 3614 Nunquam

274 3615 440 3642 commodius
452 3623 568 3649 vnquam
581 3613 676 3640 herum
689 3613 780 3640 audiui
796 3615 893 3649 Loqui.
912 3618 931 3642 i.
946 3618 1043 3643 mitius.
1112 3615 1253 3643 Pascuntur
1271 3624 1310 3643 ar-

274 3657 362 3678 menta
381 3649 585 3685 commodissime
609 3649 637 3676 in
656 3648 810 3676 nemoribus
833 3651 910 3677 Varr.
926 3651 957 3677 R.
970 3651 1001 3678 R.
1015 3659 1041 3684 2,
1053 3658 1074 3685 ς.

274 3686 353 3713 mode
375 3687 442 3721 Nep.
457 3686 541 3720 praef.

273 3730 356 3748 vnum
376 3730 417 3748 me
427 3741 434 3754 ,
459 3730 541 3756 quum
562 3729 655 3756 parum
669 3719 808 3746 commode
815 3719 917 3747 Scribo.
987 3722 1088 3758 Scripta
1099 3721 1238 3750 commode
1252 3731 1311 3749 ora-

272 3757 313 3784 tio
335 3756 390 3784 Cic.
406 3756 437 3782 de
449 3757 524 3784 Orat.
537 3765 556 3790 1,
569 3765 616 3789 231.
687 3755 753 3782 Plin.
768 3754 846 3790 Epist.
862 3763 887 3788 2,
899 3763 924 3788 15
961 3757 1005 3784 Μο
1019 3758 1126 3793 praedia
1136 3763 1254 3786 materna
1269 3766 1311 3792 pa-

272 3801 333 3820 rum
345 3791 630 3825 0011110011οΤ13613111,
649 3790 778 3818 delectant
789 3797 876 3818 tamen
888 3797 916 3817 vt
932 3799 1057 3820 materna.
1075 3796 1094 3821 i.
1102 3792 1194 3830 parum
1201 3793 1311 3831 sruflus

271 3837 294 3854 ee
313 3827 431 3854 commodi
451 3827 565 3854 reddunt.
635 3826 776 3862 Explorat,
803 3835 857 3862 quo
874 3827 1078 3856 commodissime
1097 3830 1195 3857 itinere
1213 3828 1309 3857 vallem

995 1975 1078 2010 potest
1099 1975 1159 2002 fieri
1170 1985 1218 2002 nec
1232 1985 1304 2007 com-

892 2010 1143 2039 Commodislitmun
1161 2012 1249 2038 visum
1266 2012 1303 2038 est

1129 3651 1228 3679 Saltare
1240 3660 1310 3678 com-

269 3862 398 3892 Transu'e
410 3862 484 3898 poffit
512 3863 584 3891 Caes·
598 3862 627 3892 Β·
641 3863 673 3891 G·
687 3870 712 3897 5³
726 3869 771 3898 47·
841 3861 924 3891 Plaut.
940 3863 1018 3892 1²⁰2st
1030 3872 1054 3901 5,
1065 3873 1094 3901 42
1105 3873 1134 3901 51
1157 3866 1199 3905 *Vt
1211 3864 1366 3910 pudico-105
1377 3877 1406 3903 4,
1419 3876 1460 3907 75.
1529 3868 1675 3907 Loquglm
1691 3864 1876 3912 commodare3
1898 3866 1952 3892 ioco
1971 3863 2040 3893 dixit
2061 3863 2144 3893 Plaut.
2157 3863 2189 3892 in
2199 3861 2288 3898 Cistel.

1327 485 1356 503 10

1329 663 1354 689 15

1324 845 1358 862 20
1373 839 1459 858 tantae
1474 832 1675 859 commoditates
1694 832 1831 867 corporis,
1868 838 1974 866 tamque
1996 830 2139 865 [11οά116130
2158 829 2336 871 temporibus,

1327 1024 1355 1051 25
1374 1020 1396 1044 32
1412 1014 1451 1042 86-

1327 1205 1359 1229 30
1373 1198 1508 1225 tatemque
1528 1192 1599 1218 vitae
1613 1201 1628 1217 a
1639 1190 1691 1217 diis
1704 1191 1729 1217 se
1747 1190 1852 1217 habere.

1324 2627 1359 2656 70
1376 2618 1448 2645 Cael.
1461 2626 1489 2650 3²
1503 2627 1524 2644 c.
1540 2625 1563 2649 13
1591 2624 1621 2647 at
1633 2618 1692 2644 aliis
1703 2617 1779 2648 Iocis,
1791 2618 1834 2641 vbi
1847 2613 2020 2641 commodasse
2037 2622 2131 2640 aurum
2145 2615 2242 2641 Clodia
2252 2615 2346 2641 Caelio
2362 2626 2368 2637 o
2426 2641 2431 2658 ι

1304 2809 1360 2838 '73

818 3331 849 3356 Et
862 3329 895 3356 de
909 3330 967 3356 Fin.
981 3339 1001 3362 1,
1015 3332 1045 3362 63
1064 3331 1096 3358 111
1109 3329 1252 3357 ῡ131061103
1265 3340 1309 3358 au-
1326 3346 1362 3371 90
1380 3335 1438 3361 Huc
1451 3337 1525 3361 etiam
1532 3336 1646 3369 pertinet
1661 3333 1680 3360 l.
1692 3341 1711 3366 4
1736 3330 1906 3360 Commodati
1919 3331 2023 3358 eiusdem
2036 3331 2114 3362 Gaii,
2137 3331 2216 3366 Saepe
2229 3331 2310 3357 etiam
2321 3327 2372 3366 ad}

609 3684 674 3711 Plin-
688 3683 767 3718 Epist·
783 3693 803 3716 ¹2
816 3693 833 3717 9
853 3684 997 3714 Neminem
1009 3687 1063 3722 ipse
1076 3686 1250 3723 reprehendo,
1262 3687 1309 3714 nin
1322 3701 1369 3720 100
1380 3691 1487 3724 demus,
1506 3690 1606 3717 tametsi
1626 3689 1734 3716 scientes
1747 3688 1860 3716 alienam
1873 3687 2050 3723 poffideamus.

1733 65 1768 106 C
1848 66 1884 106 O
1965 67 2015 109 M
2309 68 2400 118 1060

1370 156 1460 182 Verba
1471 156 1543 191 fecit,
1562 156 1675 192 cogitate
1687 162 1712 183 et
1724 154 1872 183 commode.
1907 154 1975 182 Add.
1989 155 2058 190 Nep.
2075 165 2100 189 ι,
2113 157 2167 192 5,*1.
2220 159 2330 197 Compar,
2346 163 2405 193 cie·

1373 192 1425 217 Att.
1443 200 1476 223 13,
1490 200 1513 218 11
1532 193 1639 219 Posthac
1653 194 1723 219 enim
1737 192 1882 227 poterimus
1897 191 2061 218 commodius
2073 193 2158 221 colere
2170 195 2240 223 inter
2251 195 2298 224 iios
2310 191 2403 226 {rtru-
2429 191 2431 202 Ι

1372 227 1487 253 sculano.
1542 228 1670 254 'Elimare
1682 228 1786 263 aliquid
1802 226 1967 253 commodius
1987 227 2117 259 Qinetil.
2132 238 2157 261 2,
2169 237 2196 264 7,
2208 237 2230 263 5.
2428 229 2430 249 !
2471 250 2474 255 .

1409 269 1426 289 c
1437 268 1455 288 o
1465 269 1491 288 Μ
1500 269 1524 288 Μ
1533 269 1552 289 o
1562 270 1580 289 D
1590 261 1609 289 1ἳ
1619 271 1636 290 L
1644 270 1670 290 12.
1708 265 1775 290 Adu.
1802 263 1902 289 Dimin.
1917 270 1931 288 a
1945 262 2100 288 Commode.
2137 265 2218 291 Plani.
2232 265 2299 292 Rud.
2313 273 2337 298 2‚'
2347 274 2369 302 ς,
2381 277 2404 297 11

1373 297 1551 324 Commodule
1569 298 1681 330 melius,
1706 299 1811 326 tandem
1829 307 1894 326 vero
1915 298 1992 324 serio.
2013 311 2015 313 ·
2061 298 2110 324 Pro
2129 299 2224 338 opibus
2240 300 2336 328 nostris
2349 303 2405 331 satia
2424 296 2426 299 .

1373 333 1541 360 commodule
1560 333 1598 360 Id.
1610 333 1690 359 Stich.
1706 342 1728 367 ς,
1742 345 1771 368 4,
1785 341 1806 365 8.
1878 334 2000 361 Fortuita
2018 333 2146 368 quaedam
2165 336 2328 363 commodule
2347 341 2405 372 pri).
2429 335 2434 360 ἱ

1373 370 1485 395 veniunt
1510 369 1610 395 Arnob.
1625 378 1641 395 2
1657 378 1681 402 p.
1695 377 1730 402 55.
2428 398 2429 401 Ἰ

1409 411 1619 432 εοΜΜουο.
1654 404 1722 430 Adu.
1757 405 1852 438 Aliud,
1888 411 1933 431 aut
1948 403 2023 440 forte
2047 403 2183 431 Ablatiuus
2205 413 2234 431 ex
2256 404 2406 439 Sulgsianiiuo
2424 433 2425 438 ¹

1374 440 1562 467 Commodum.
1599 439 1681 466 Plaut.
1695 439 1755 466 Mil.
1771 449 1800 472 4,
1812 450 1840 473 4,
1852 443 1880 467 61
1902 442 1967 467 Ecce
1980 446 2068 466 autem
2087 439 2227 467 conunodo
2239 443 2355 475 aperitur
2369 439 2406 471 fo-

1373 477 1420 503 ris.
1458 476 1588 502 Laudatur
1600 479 1673 502 etiam
1694 476 1723 502 Τ
1725 475 1775 501 1111.
1785 484 1811 506 2,
1823 484 1846 508 3,
1858 485 1874 508 9
1895 476 1942 503 sed
1953 476 1989 502 ibi
2002 477 2078 502 Gron.
2097 475 2252 502 Commode.
2285 478 2316 504 It.
2328 477 2434 507 Trinu-

1374 520 1397 546 5,
1415 521 1434 545 1,
1449 521 1464 539 2
1492 512 1538 539 Sed
1554 512 1589 538 rbi
1603 513 1679 537 Gran.
1714 512 1754 537 Ita
1768 511 1930 544 Commoda,
1951 520 2018 546 quae
2037 510 2131 545 cupi0‚
2152 512 2285 538 eueniunt.
2352 513 2405 542 Sm,
2441 523 2469 547 .-

1373 548 1451 582 Epist.
1466 556 1500 582 70
1519 548 1566 574 sub
1580 547 1625 573 1111.
1645 548 1767 581 Cumque
1779 546 1920 572 commodo
1933 548 2004 574 mori
2017 556 2072 573 11011
2086 546 2212 579 licuisset,
2232 555 2279 573 nec
2297 547 2328 574 ad
2341 549 2406 579 arbi·
2437 544 2453 576 ‚f

1374 585 1456 610 trium
1471 585 1545 609 suum
1558 583 1731 611 instrumenta
1750 582 1845 608 mortis
1858 581 1964 616 eligere.
2019 584 2056 609 Ex
2070 582 2212 609 commodo
2222 582 2298 609 *dixit
2316 583 2372 611 Col.
2381 587 2405 620 6,
2432 608 2433 613 ,
2462 579 2466 586 ”

1373 629 1399 651 2,
1419 627 1457 652 14.
1471 627 1494 644 et
1508 628 1544 650 iz,
1561 627 1598 651 19,
1612 627 1633 651 3.
2432 619 2434 646 1
2470 622 2474 628 “

1409 660 1425 680 c
1434 662 1453 680 o
1463 661 1486 680 M
1496 661 1520 679 M
1530 662 1549 680 o
1558 661 1625 680 131'1‘
1634 660 1650 680 Ε
1660 660 1678 680 R
1697 652 1814 689 adfertur
1826 662 1854 678 ex
1872 652 1990 687 Inscript.
2005 653 2072 687 spur.
2089 652 2157 688 apud
2171 652 2310 679 Gmnerum.
2366 656 2380 681 ὃ
2392 664 2395 666 ·

1410 696 1426 715 c
1435 698 1453 716 o
1463 697 1486 716 M
1495 697 1520 716 Μ
1531 696 1549 716 0
1559 697 1579 716 1)
1589 688 1600 716 i
1611 696 1632 716 T
1643 697 1664 716 A
1673 696 1695 720 s,
1707 690 1765 715 stis.
1779 690 1798 716 f.
1818 686 2002 722 [ἐπιτηδειότης]
2024 690 2151 716 Interdum
2158 687 2330 722 Aptitudinem
2339 693 2406 724 quan·-
2415 683 2434 731 ,ζ

1374 724 1430 750 dam
1444 728 1681 761 conuenientiamque
1687 724 1818 761 signs—'ficut
1832 731 1856 750 et
1871 727 2091 759 opportunitatem,
2110 723 2235 750 interdum
2252 723 2374 757 idemjim

1374 763 1438 786 citer
1447 781 1456 793 ,
1480 762 1544 797 quod
1568 761 1729 792 commodum,
1752 761 1867 789 vtilnas.
1893 761 2089 786 emolumentum.-
2108 769 2161 786 cum
2182 760 2276 785 homini
2287 759 2336 785 trib
2362 772 2363 775 ¹

1370 796 1508 832 facilitas,
1533 797 1698 833 indulgcntm.
1754 797 1810 822 Cic.
1824 795 1856 822 de
1869 796 1927 822 Fin.
1940 804 1969 828 4,
1983 804 2014 828 ²9
2033 794 2081 821 Sed
2095 804 2149 821 non
2161 795 2220 821 sunt
2235 794 2263 820 in
2278 802 2310 820 eo
2318 800 2338 835 g
2349 794 2374 808 ²

2417 651 2438 678 1
2471 676 2474 681 ,

2397 743 2408 758 ‚.
2431 729 2435 750 ›

1374 877 1426 903 que
1439 869 1546 895 multae.
1599 868 1805 895 Commoditatis
1819 876 1910 893 omncs
1925 866 2050 893 articulos
2064 867 2118 892 scio
2138 866 2222 892 Plaut.
2235 866 2307 892 Men.
2320 873 2341 899 1,

1375 904 1452 930 Auci.
1466 905 1499 930 ad
1512 906 1628 930 Herenn.
1644 913 1664 936 1,
1680 913 1689 930 1
1712 904 1775 930 Non
1789 904 1861 929 enim
1873 911 1967 938 parum
1980 901 2059 928 habet
2077 902 2106 928 in
2119 903 2144 928 se
2156 901 2276 934 fruetus,
2290 902 2382 938 copia-⁷

1376 939 1453 966 cendi
1473 947 1499 966 et
1517 939 1690 968 commoditas
1708 940 1846 966 orationis.
1926 938 2004 965 Vitae
2026 937 2199 964 commoditas
2218 936 2379 964 iucundit'

1375 976 1430 1002 Cic.
1446 976 1497 1002 Off.
1512 985 1530 1005 1,
1545 985 1569 1008 9.
1625 976 1807 1003 Commoditas
1818 975 2026 1009 prosperitasque
2040 975 2112 1000 vitae
2130 974 2203 999 Idem
2216 973 2248 999 de
2262 973 2325 1000 Nat.
2343 977 2354 1007 ¹¹
2364 990 2372 1002 ·.
2394 981 2396 983 ·

1507 1013 1537 1038 Iu
1552 1012 1686 1038 occasione
1699 1011 1873 1038 commoditas
1886 1010 1918 1036 ad
1931 1010 2082 1036 faciendum
2096 1010 2194 1036 idonea
2215 1009 2254 1035 ld.
2270 1008 2302 1034 de
2314 1009 2344 1036 Iu
2360 1026 2377 1043 «4
2401 1027 2404 1029 -

1375 1057 1400 1080 2,
1415 1057 1459 1082 40.
1516 1047 1583 1074 Ter.
1592 1047 1673 1074 Andr.
1688 1056 1710 1080 3,
1724 1056 1746 1080 3,
1760 1056 1792 1082 37
1812 1048 1846 1073 Α1
1860 1047 1878 1072 11
1891 1046 2050 1080 corrigitur,
2068 1052 2133 1081 quot
2146 1044 2377 1078 commoditatem«¹
2410 1073 2414 1078 ,
2432 1069 2435 1079 y

1375 1084 1414 1109 de.
1472 1083 1527 1110 Cic.
1542 1083 1574 1110 de
1586 1084 1648 1110 Nat.
1663 1084 1742 1110 Deor.
1755 1092 1779 1115 3,
1793 1086 1822 1113 86
1836 1092 1857 1108 c.
1871 1084 1902 1114 36
1928 1083 2015 1116 Atque
2032 1081 2082 1108 hoc
2097 1081 2205 1116 quidem
2218 1089 2308 1107 omnes
2320 1089 2365 1108 m.=
2406 1081 2411 1091 ''
2432 1083 2435 1093 ¹

1374 1119 1410 1145 les
1426 1118 1458 1145 sic
1476 1119 1588 1152 habent,
1609 1120 1732 1146 Externas
1746 1118 1958 1150 commoditates,
1969 1118 2076 1150 vineta,
2096 1118 2201 1151 segetes,
2219 1114 2370 1149 olitieta,v
2401 1131 2404 1133 >
2432 1120 2435 1134 ³

1374 1160 1454 1182 tatem
1466 1156 1586 1190 frugum,
1602 1162 1628 1181 et
1640 1154 1788 1187 fruetuum,
1807 1162 1914 1181 omnem
1928 1154 2043 1188 denique
2056 1154 2273 1179 commoditatem
2287 1151 2375 1186 pros&
2401 1154 2405 1157 “

1925 1190 1994 1216 Ter.
2008 1189 2082 1215 Adel.
2102 1199 2131 1223 4,
2145 1196 2167 1221 5,
2179 1191 2214 1223 76
2242 1189 2334 1223 Itaque
2349 1191 2380 1216 =a²
2408 1187 2411 1191 '
2425 1180 2430 1200 ⁸

1373 1236 1495 1261 magnam
1507 1227 1577 1253 mihi
1591 1227 1682 1253 iniecit
1696 1227 1741 1252 sua
1754 1225 1943 1252 commoditate
1956 1234 2056 1257 curam,
2069 1228 2087 1251 i.
2095 1230 2145 1261 ι[1111
2153 1225 2285 1260 facilitate
2298 1231 2355 1260 erga
2367 1227 2370 1229 ’
2430 1228 2433 1257 ξ

1373 1270 1396 1290 et
1411 1263 1601 1299 mansuetudine.
1643 1263 1722 1289 Verba
1730 1262 1792 1298 fimt
1802 1262 1923 1298 Aeschini
1935 1262 1963 1287 de
1974 1263 2100 1293 officione,
2114 1268 2191 1296 patre
2202 1260 2341 1296 indulgenti
2345 1262 2382 1292 Ι’ζ
2437 1259 2441 1267 ¹

1372 1299 1440 1326 Adel.
1458 1301 1537 1326 Pocta
1548 1306 1588 1334 ap.
1603 1299 1658 1325 Cic.
1672 1299 1704 1325 de
1720 1298 1784 1325 Nat.
1798 1299 1878 1324 Deor.
1891 1306 1914 1331 3,
1927 1305 1958 1332 73
1973 1307 1994 1323 c.
2005 1305 2048 1329 29.
2103 1296 2288 1322 Membrorum
2302 1305 2332 1322 co

1374 1334 1456 1366 ditas,
1476 1338 1495 1361 i.
1509 1336 1671 1362 Concinnitas
1678 1335 1748 1361 Suet.
1758 1336 1824 1368 Aug.
1833 1343 1854 1359 c.
1863 1342 1905 1368 79.
1959 1335 1990 1359 ln
2002 1341 2034 1359 eo
2046 1331 2174 1358 laedendo
2187 1333 2212 1358 se
2225 1331 2343 1367 aliquam'
2432 1361 2433 1365 Ἰ

1374 1372 1507 1398 secuturos
1535 1370 1754 1397 commoditatem
1779 1369 1917 1404 sperabant
1948 1369 2017 1403 Nep.
2036 1377 2077 1401 25,
2092 1377 2118 1400 9,
2130 1376 2154 1394 2..
2227 1368 2324 1395 Create

1371 1406 1603 1439 commoditatem,
1622 1406 1676 1432 vid.
1696 1412 1713 1432 c
1725 1413 1769 1433 RE
1780 1413 1816 1438 Ο,
1831 1414 1912 1432 creas.
1978 1405 2060 1434 Ouid.
2075 1403 2153 1438 Epist.
2169 1405 2208 1435 16,
2221 1411 2266 1435 310
2285 1403 2320 1435 Vt
2331 1407 2356 1431 t:
2373 1418 2402 1436 v„
2430 1426 2434 1441 ς

1373 1452 1431 1469 11103
1445 1451 1514 1475 vox,
1541 1452 1588 1469 nec
1610 1448 1635 1469 te
1654 1451 1727 1468 meus
1746 1442 1840 1469 incitet
1855 1442 1952 1473 ardor,
1986 1440 2116 1474 Cogimur
2136 1439 2215 1474 ipsius
2228 1437 2417 1474 commo-M¹
2445 1438 2457 1450 ⁴·

1371 1479 1441 1505 frui:
1464 1482 1553 1505 mariti
1569 1486 1592 1504 te
1606 1479 1763 1514 negligentis.
1820 1479 1895 1504 Paris
1908 1477 1941 1503 m!
1956 1477 2081 1503 Helenam.
2126 1475 2172 1501 Cui
2182 1475 2226 1501 zlla
2238 1474 2385 1511 responde}

1372 1517 1418 1549 176
1439 1515 1571 1549 Simplicis
1583 1520 1689 1540 Vtamur
1701 1514 1890 1540 commoditate
1903 1513 1966 1539 viri.
2012 1512 2081 1538 Ter.
2094 1511 2142 1537 Ad.
2155 1520 2184 1544 4,
2199 1519 2223 1546 ς,
2233 1514 2268 1545 76
2292 1511 2401 1543 Coum

1371 1551 1438 1576 ditas
1452 1551 1533 1585 patris
1545 1550 1662 1576 laudatur
1678 1559 1692 1575 α
1699 1549 1766 1585 filio.
2354 1546 2389 1583 .ζῖςέ
2406 1571 2408 1574 ,

1408 1594 1424 1613 C
1434 1594 1452 1613 0
1462 1594 1486 1612 Μ
1496 1594 1520 1612 Μ
1530 1585 1549 1613 ὁ
1559 1592 1577 1612 D
1588 1593 1607 1612 o
1617 1605 1625 1618 ,
1658 1590 1711 1612 are.
1748 1584 1910 1618 [συνωφελῶ]
1947 1583 2072 1610 Commode
2082 1581 2172 1619 facere
2181 1602 2190 1614 ,
2209 1580 2368 1614 Commodum
2421 1593 2428 1607 ι

1372 1623 1521 1658 Beneficium
1535 1624 1611 1649 alicui
1622 1624 1759 1657 impertire.
1812 1621 1868 1646 Cic.
1884 1621 1954 1646 bam.
1972 1628 2006 1652 13,
2020 1628 2055 1652 49
2087 1621 2185 1645 Omnes
2198 1618 2250 1644 tibi
2261 1626 2344 1645 comm
2368 1651 2370 1653 ι
2422 1621 2429 1645 t

1372 1659 1494 1692 Cyprios,
1508 1658 1551 1683 sed
1565 1658 1648 1691 magis
1662 1657 1787 1692 Paphios:
1805 1656 1902 1691 quibus
1915 1662 1943 1681 tu
1957 1664 2129 1689 quaecunque
2144 1652 2340 1686 commodaris:
2350 1650 2359 1657 ⁴
2404 1652 2408 1655 '
2422 1659 2428 1678 1

1370 1694 1440 1719 1111111
1456 1693 1603 1727 gratiffima.
1673 1692 1781 1718 Publice
1796 1691 1966 1722 commodare
1999 1691 2055 1717 Cic.
2068 1692 2143 1717 Vcrr.
2156 1700 2184 1724 4,
2199 1699 2233 1716 20
2250 1698 2310 1724 c.9.
2335 1691 2354 1720 ί,
2399 1703 2409 1710 -
2436 1699 2438 1726 ;

1365 1729 1480 1764 publicae
1493 1730 1579 1754 vtilem
1593 1726 1644 1760 effi.
1715 1727 1847 1753 Omnibus
1863 1727 1959 1759 rebus,
1975 1727 2048 1761 quod
2067 1726 2120 1752 sine
2132 1725 2252 1752 molestia
2272 1732 2316 1752 tua
2329 1722 2438 1791 ἡέῗα

1372 1764 1463 1799 possis,
1483 1763 1523 1790 his
1539 1761 1691 1790 commodes
1709 1762 1746 1788 Id.
1761 1763 1832 1788 Fam.
1846 1770 1881 1794 13,
1895 1764 1927 1794 36
1941 1766 2012 1794 (35).
2085 1763 2221 1795 Quintum
2241 1767 2288 1788 tua
2298 1760 2360 1788 fides
2381 1794 2383 1796 Ι
2403 1766 2438 1792 ,1

1372 1801 1508 1834 gnitasque
1517 1800 1639 1834 patietur,
1653 1798 1687 1824 iis
1701 1797 1852 1825 commodes
1865 1797 1989 1823 omnibus
2003 1798 2032 1823 in
2044 1796 2124 1823 rebus
2142 1797 2180 1823 Id.
2190 1798 2261 1824 Fam.
2277 1797 2312 1830 13,
2320 1805 2345 1829 33
2353 1794 2424 1832 (31οᾞ
2436 1813 2438 1835 7

1373 1837 1404 1861 Et
1412 1835 1488 1861 Oilic.
1497 1843 1516 1866 1,
1525 1844 1548 1867 51
1562 1844 1582 1860 c.
1591 1837 1618 1860 16
1639 1833 1781 1868 Qudquid
1793 1833 1846 1859 sine
1852 1832 2012 1858 detrimento
2019 1832 2092 1866 pollit
2101 1832 2275 1865 commodari,
2283 1833 2310 1860 id
2317 1831 2428 1868 tribuffiss·

1372 1876 1417 1896 tur
1428 1870 1472 1896 vel
1480 1871 1582 1904 ignoto.
1606 1869 1662 1895 Cic.
1670 1869 1702 1894 de
1711 1869 1769 1895 Fin.
1780 1878 1802 1901 2,
1811 1875 1852 1902 117
1872 1868 1929 1894 Nec
1943 1868 2014 1894 enim
2025 1868 2043 1894 11
2055 1873 2128 1894 tuam
2137 1867 2174 1894 ob
2182 1869 2283 1894 causam
2291 1866 2433 1903 0111011ξᾲ1

1373 1943 1432 1969 bcri
1445 1942 1553 1968 videtur
1567 1940 1662 1975 ei,qui
1675 1940 1747 1965 suam
1760 1939 1795 1966 ob
1810 1939 1912 1965 causam
1925 1939 2143 1966 commodauerit.
2162 1939 2200 1965 Id.
2208 1938 2240 1965 de
2248 1940 2320 1966 Orat.
2328 1947 2355 1971 2,
2363 1946 2414 1974 207

1370 1978 1590 2005 Inuidetur·enim
1597 1976 1745 2003 commodis
1754 1974 1894 2001 hominum
1907 1973 2035 2008 ipsorum,
2048 1972 2145 2000 Studiis
2156 1980 2244 2000 autem
2255 1983 2349 2001 eorum
2357 1983 2413 2001 cae-

1370 2015 1434 2041 teris
1453 2012 1640 2041 commodandi
1652 2012 1766 2038 fauetur.
1838 2011 1870 2036 Et
1882 2010 1954 2036 Fam.
1968 2018 1994 2041 2,
2010 2011 2037 2036 16
2063 2009 2145 2042 Quod
2164 2010 2257 2036 scribis
2275 2010 2307 2036 ad
2324 2017 2366 2036 me
2381 2009 2424 2036 de·

1372 2050 1504 2077 drachmis
1524 2056 1541 2077 c
1551 2055 1567 2076 c
1576 2056 1592 2076 C
1601 2056 1636 2077 Π)
1647 2056 1664 2078 0
1674 2055 1708 2080 0,
1732 2046 1802 2074 nihil
1823 2045 1869 2078 est,
1888 2045 1960 2080 quod
1975 2045 2003 2071 in
2017 2044 2066 2070 isto
2079 2052 2173 2080 genere
2191 2045 2314 2079 cuiquam
2325 2043 2386 2079 poffi
2407 2053 2429 2085 ,34

1370 2086 1548 2113 commodare.
1608 2085 1747 2119 'Perquam
1758 2081 1940 2109 commodatus
1954 2079 2088 2107 stomacho
2108 2081 2196 2106 succus
2211 2080 2324 2106 Caucalis
2348 2080 2376 2107 P*
2394 2087 2419 2115 ³3

1371 2129 1412 2152 ιε,
1424 2129 1455 2146 22
1470 2122 1488 2146 s.
1500 2119 1546 2153 40.
1564 2123 1583 2146 i.
1597 2119 1736 2146 Admodum
1750 2121 1825 2145 vtilis
1837 2125 1861 2144 et
1873 2117 2019 2144 commodus.
2071 2115 2120 2144 Sed
2132 2115 2260 2142 Harduin.
2276 2115 2344 2142 Com
2362 2128 2365 2138 ι
2418 2118 2419 2150 J

1371 2155 1453 2181 datus.
1525 2154 1703 2181 Commodare
1729 2154 1770 2186 se,
1806 2152 1988 2188 [ἒφαρμόζαν]
2018 2159 2068 2187 pro
2086 2151 2283 2179 Accommodare.
2360 2153 2375 2160 “’
2416 2175 2419 2191 Α

1371 2190 1433 2216 11101.
1446 2198 1475 2223 4,
1483 2197 1546 2223 22,;
1566 2189 1703 2223 Quoniam
1716 2189 1774 2214 fere
1785 2188 1961 2222 plurimarum
1974 2188 2097 2222 stirpium
2108 2194 2203 2214 natura
2215 2186 2248 2213 fic
2261 2187 2286 2214 se
2299 2195 2330 2213 co
2348 2197 2358 2215 ι]

1370 2226 1428 2257 dat,
1447 2232 1476 2252 vt
1490 2226 1563 2252 iuxta
1576 2225 1724 2252 cicatricem
1737 2223 1852 2250 nouellis
1864 2222 2007 2249 frondibus
2020 2223 2229 2257 repullulascant.
2283 2205 2420 2285 011114
2434 2240 2435 2245 .

1371 2263 1401 2288 in
1412 2261 1490 2289 rebus
1503 2262 1528 2287 ei
1540 2268 1566 2287 te
1579 2260 1741 2293 commodes,
1749 2258 1837 2294 quoad
1849 2259 1914 2285 tides
1927 2264 1972 2285 tua
1979 2259 2145 2293 dignitasque
2158 2259 2258 2293 patitur
2277 2259 2334 2286 Cic.
2351 2267 2354 2278 2

1372 2305 1451 2331 13,53.
1487 2296 1803 2330 Commodaretrapetum
1823 2296 1880 2321 Cat.
1889 2295 1959 2321 KR.
1968 2303 2030 2329 35,7
2049 2293 2337 2328 diacmmmodarefinst
2418 2291 2419 2295 ¹

1371 2333 1392 2370 Ἴ
1413 2342 1430 2360 2
1464 2332 1642 2360 Commodare
1650 2333 1783 2368 specuium
1804 2329 1953 2366 [κιχρᾶνοᾳ]
1971 2334 2004 2364 <lt
2016 2332 2131 2357 Alicuius
2145 2333 2183 2356 rei
2196 2330 2266 2366 usum
2278 2332 2312 2356 ad
2323 2336 2343 2356 t

1371 2369 1507 2395 concedere.
1542 2368 1599 2395 Cic.
1613 2369 1690 2394 Verr.
1701 2376 1729 2400 4,
1742 2369 1759 2393 6
1777 2368 1812 2393 Vt
1823 2367 1877 2392 illis
1890 2366 2010 2400 benignis
2022 2366 2080 2393 vsus
2093 2365 2128 2392 est
2141 2365 2173 2392 ad
2185 2364 2353 2401 commodan¹
2366 2366 2377 2399 ι’,

1372 2403 1406 2429 sic
1418 2403 1472 2437 ipse
1485 2404 1597 2438 diligens
1614 2403 1667 2430 fuit
1685 2402 1718 2430 ad
1730 2402 1927 2437 reportandum.
1982 2403 2086 2436 Proprie
2105 2401 2304 2435 commodamus
2322 2410 2355 2429 ve
2371 2401 2377 2411 ''
2419 2427 2421 2435 ,

1373 2438 1474 2471 libros,
1490 2439 1567 2470 vasa,
1585 2447 1683 2472 equos,
1702 2445 1725 2464 et
1731 2438 1843 2471 similia,
1866 2445 1926 2473 quae
1940 2436 2020 2462 eadem
2033 2436 2186 2463 redduntur:
2215 2438 2313 2464 Mutuo
2325 2434 2360 2465 au
2376 2454 2383 2457 --

1374 2474 1465 2501 damus
1486 2483 1528 2505 ea,
1541 2480 1591 2508 pro
1603 2475 1691 2509 quibus
1702 2474 1753 2499 alia
1766 2473 1901 2500 redduntur
1923 2471 2026 2498 eiusdem
2049 2475 2161 2508 generis,
2179 2478 2209 2498 vt
2229 2481 2340 2506 numos,
2380 2487 2388 2501 η
2420 2467 2427 2498 ξ’

1374 2516 1508 2541 111011111111,
1521 2510 1638 2542 ’ν11111111,
1655 2508 1760 2540 oleum,
1779 2515 1803 2534 et
1809 2508 1867 2543 fere
1879 2514 1984 2540 caetera,
1996 2516 2055 2544 quae
2061 2507 2178 2543 pondere,
2191 2514 2289 2534 numero
2300 2511 2342 2535 vel
2351 2518 2374 2534 m
2404 2501 2430 2536 .·“

1368 2547 1433 2583 Jitra
1444 2546 1502 2572 dari
1509 2545 1601 2581 solent.
1637 2545 1678 2572 Sic
1687 2543 1775 2580 paffim
1789 2543 1978 2579 Iurisconsulti,
1999 2552 2025 2569 υ.
2045 2552 2070 2579 g.
2099 2543 2202 2570 Paullus
2217 2543 2234 2570 1.
2247 2551 2264 2570 2
2276 2543 2304 2570 ff.
2315 2542 2348 2570 de
2360 2543 2408 2570 reb

1375 2582 1467 2609 credit.
1512 2581 1559 2609 Sed
1573 2581 1637 2608 illud
1653 2590 1700 2607 non
1713 2579 1746 2614 (sl
1761 2585 1913 2616 perpetuum.
1947 2579 2010 2604 Cane
2025 2585 2105 2605 autem
2117 2579 2163 2607 bui:
2183 2579 2281 2614 referas
2301 2578 2356 2606 Cic.
2370 2588 2391 2614 p,
2405 2579 2423 2612 5„

1377 2661 1429 2681 tur.
1469 2654 1543 2680 Fuere
1557 2660 1622 2680 certe
1639 2655 1668 2678 in
1686 2661 1711 2678 eo
1726 2661 1787 2678 auro
1800 2651 1963 2678 Ornamenta
1975 2650 2086 2676 Veneris
2103 2650 2275 2684 spoliatricis,
2299 2658 2328 2677 vt
2352 2664 2386 2676 -ιμ
2421 2647 2423 2650 ’

1376 2697 1416 2717 rec
1429 2699 1454 2716 11.
1469 2697 1496 2720 52
1509 2698 1531 2716 c.
1543 2698 1579 2716 21.
1600 2697 1659 2725 quae
1677 2687 1717 2714 ille
1725 2690 1811 2723 potuit
1823 2685 1953 2722 accepiffe,
1979 2692 2009 2712 vt
2022 2689 2127 2722 pignori
2147 2685 2227 2713 daret.
2269 2687 2323 2713 Nec
2359 2689 2364 2692 ’

1377 2725 1505 2753 laudatur.
1577 2725 1660 2752 Plaut.
1673 2723 1742 2750 Asm.
1756 2732 1780 2756 3,
1794 2732 1818 2755 3,
1833 2731 1872 2756 135
1909 2721 1983 2760 Qid
2000 2730 2050 2756 ego
2070 2721 2143 2748 aliud
2161 2727 2284 2757 exoptem
2300 2731 2341 2750 am

1379 2761 1428 2788 nisi
1441 2760 1524 2794 illud,
1550 2761 1623 2787 cuius
1641 2760 1734 2794 inopia
1753 2759 1789 2786 est
1802 2758 1907 2793 Viginti
1924 2758 2027 2793 argenti
2040 2757 2192 2784 commodes
2204 2758 2296 2785 minas.
2330 2764 2335 2769 “

1379 2800 1467 2833 optimi
1496 2800 1567 2832 uique
1590 2807 1644 2824 cum
1661 2797 1784 2823 Gronouio
1798 2793 2060 2826 Commodasniinas
2079 2800 2202 2830 tangunt,
2218 2801 2247 2820 vt
2260 2793 2343 2821 Adi

1379 2841 1402 2860 ct
1416 2833 1464 2861 Sub
1488 2835 1608 2860 antiuum.
1665 2833 1750 2868 Neque
1762 2831 1810 2858 huc
1821 2831 1917 2867 referre
1929 2830 2005 2862 ausim
2029 2828 2112 2856 Plaut.
2126 2830 2193 2856 Pers.
2206 2838 2233 2863 2,
2245 2838 2268 2864 ς,
2281 2837 2310 2864 19
2334 2834 2370 2860 ι,
2382 2845 2383 2848 =

1377 2876 1437 2902 tur,
1458 2868 1643 2896 commodabo.
1680 2869 1740 2894 Non
1752 2870 1815 2894 enim
1824 2869 1941 2902 propriis
1955 2865 2038 2892 verbis
2049 2865 2078 2891 de
2088 2869 2195 2900 pecunia
2209 2867 2246 2892 ibi
2260 2863 2369 2903 agitur',
2412 2869 2414 2872 '
2432 2869 2434 2877 ⁸

1379 2905 1565 2932 Commodabo
1576 2902 1723 2941 figmfimt,
1740 2902 1840 2939 faciam
1854 2901 1919 2938 quod
1935 2905 1991 2934 vis,
2013 2907 2037 2927 et
2048 2901 2210 2937 grafia-abor
2227 2901 2275 2928 tibi
2291 2901 2320 2928 de

1362 2955 1364 2957 v
1378 2941 1426 2969 Sed
1434 2948 1473 2967 ter
1485 2943 1524 2967 ita
1532 2942 1640 2976 postium
1652 2939 1670 2966 l.
1685 2939 1773 2966 vn.-C.
1785 2937 1843 2965 Th.
1887 2937 1968 2971 Quod
1980 2937 2062 2970 iussu,
2089 2945 2150 2972 quae
2162 2938 2271 2964 Honor-ii
2281 2935 2335 2970 est,
2352 2952 2363 2968 ’,1

1106 2973 1208 3000 Audire
1220 2973 1308 3000 minus
1329 2982 1362 3008 80
1376 2980 1446 3004 circa
1457 2976 1523 3003 hanc
1539 2977 1605 3012 ῤ’ἧσιν
1625 2983 1664 3003 ter
1677 2974 1814 3002 emendauit
1830 2973 2015 3004 Tribonianus,
2033 2981 2086 2999 cum
2109 2982 2160 2999 cam
2177 2973 2285 3008 referret
2303 2975 2332 2999 in
2358 2978 2371 3000 ἲς
2416 2973 2425 2983 ’

1376 3012 1438 3040 lust.
1451 3022 1481 3046 4,
1493 3015 1536 3038 26.
1591 3013 1661 3039 Inter
1675 3021 1702 3038 ea
1709 3030 1718 3044 ,
1741 3019 1801 3046 quae
1813 3008 1982 3044 Gothofrcdus
2000 3010 2088 3035 attidis
2096 3008 2239 3044 probandae
2251 3009 2292 3036 vel
2368 3035 2373 3043 A

1377 3048 1422 3075 dae
1442 3055 1506 3075 certe
1527 3048 1584 3075 huic
1604 3049 1716 3079 rationi,
1727 3044 1952 3083 jirmgffimajbrte
1959 3043 2022 3081 sunt
2047 3045 2129 3072 Corn.
2142 3045 2269 3071 Fronton.
2287 3043 2320 3071 de
2333 3042 2370 3067 ⁸¹³

1377 3085 1434 3111 Lat.
1448 3084 1530 3111 Serm.
1544 3093 1569 3119 p.
1585 3092 1644 3116 1330
1664 3081 1788 3115 Gothofr.
1802 3079 1961 3108 Commodat
1973 3086 2092 3107 mutuam
2105 3081 2258 3115 pecuniam,
2274 3088 2363 3115 accon)

1378 3119 1422 3147 dat
1434 3126 1513 3155 aptat.
1583 3121 1614 3146 Et
1629 3118 1718 3146 Sidon.
1735 3117 1823 3152 Apoll.
1837 3126 1866 3150 4,
1879 3124 1912 3150 24
1945 3116 1981 3142 Vt
1993 3117 2161 3143 commodata
2179 3117 2278 3143 1111111113
2291 3115 2374 3148 solua

1377 3157 1432 3183 Nec
1449 3156 1668 3182 uideturcertiora
1687 3159 1732 3181 aut
1741 3155 1861 3189 ⁴firmiora
1881 3151 1968 3185 dedtffie
1982 3153 2056 3180 Salm.
2074 3153 2166 3188 Disqu.
2185 3151 2214 3178 de
2227 3151 2370 3188 Mutaopss

1377 3192 1436 3218 Cum
1451 3193 1554 3218 alterius
1565 3193 1691 3223 rationis,
1705 3189 1832 3226 sollemnis
1851 3188 1934 3221 illius,
1955 3196 2026 3223 quom
2038 3187 2156 3219 diximus,
2169 3190 2298 3214 innumera
2311 3197 2340 3214 ex
2350 3203 2365 3226 (⁴

1376 3229 1417 3254 vel
1428 3230 1454 3253 in
1462 3227 1516 3263 solo
1529 3226 1629 3253 Titulo
1640 3225 1667 3252 ff.
1679 3224 1849 3253 Commodati
1863 3222 1964 3257 exstent.
2000 3224 2041 3251 sic
2055 3223 2136 3250 Gaius
2149 3223 2167 3250 l.
2180 3231 2191 3249 1
2203 3221 2228 3260 §.
2241 3231 2254 3255 3
2267 3222 2294 3249 ff.
2307 3222 2340 3250 de
2356 3235 2375 3253 vs

1377 3269 1441 3298 gatt.
1455 3269 1481 3289 et
1495 3262 1593 3289 3011011.
1647 3263 1672 3289 15
1684 3269 1808 3296 quoque,
1827 3259 1871 3286 cui
1885 3268 1942 3286 rem
1960 3259 2078 3294 aliquam
2099 3259 2312 3292 commodamus,
2330 3259 2361 3286 r'e

1378 3299 1421 3326 bis
1433 3298 1577 3333 obligatur.
1612 3297 1661 3325 Sed
1675 3297 1697 3324 is
1704 3296 1772 3324 deca
1784 3296 1838 3331 ipsa
1844 3304 1883 3327 re,
1895 3302 1974 3330 quam
1986 3301 2129 3330 acceperat,
2135 3294 2294 3322 restituenda
2306 3296 2360 3322 texi

1379 3369 1583 3397 commodantur
1596 3368 1737 3404 pecuniae,
1753 3374 1782 3396 vt
1796 3367 1861 3394 dicis
1876 3367 1960 3402 gratia
1973 3367 2164 3393 numerationis
2176 3366 2237 3393 loco
2249 3365 2318 3393 inter
2338 3370 2367 3399 φῇ

1379 3406 1462 3442 Ipsum
1475 3405 1538 3432 illud
1554 3405 1620 3432 dicis
1633 3403 1716 3440 gratia
1731 3401 1852 3437 ostendit,
1871 3412 1919 3429 non
1939 3409 2034 3429 mutuo
2054 3401 2127 3434 dari,
2140 3401 2189 3438 sed
2207 3410 2339 3428 commo·-
2364 3436 2367 3438 Ι

1378 3441 1472 3468 breuem
1486 3441 1555 3478 usum
1567 3441 1613 3467 has
1624 3442 1750 3476 pecunias,
1768 3448 1825 3465 mox
1836 3439 1891 3474 ipsa
1898 3438 1981 3475 specie
1993 3437 2155 3473 recipiendas.
2210 3438 2282 3464 Inter
2292 3438 2328 3465 C-
2340 3450 2343 3460 ·

1378 3477 1470 3504 datum
1483 3483 1509 3503 et
1522 3476 1655 3503 Vtendum
1672 3475 1778 3508 datum,
1793 3473 1883 3501 Labeo
1896 3474 2004 3509 quidem
2021 3475 2060 3500 ait
2072 3479 2173 3500 tantum
2186 3473 2320 3506 interesse,
2341 3486 2345 3491 ¹
2356 3498 2373 3502 ,,

1380 3518 1437 3540 tum
1450 3513 1521 3539 inter
1534 3513 1623 3539 Genus
1636 3516 1662 3538 et
1675 3511 1801 3546 Speciem.
1857 3509 2030 3537 Commodari
2046 3509 2118 3536 enim
2132 3516 2189 3535 rem
2202 3508 2366 3544 mobilem*

1380 3548 1461 3575 etiam
1474 3548 1537 3575 soli:
1553 3546 1687 3574 Vtendum
1701 3545 1774 3579 dari,
1789 3546 1870 3572 etiam
1882 3545 1940 3572 soli.
1956 3545 1999 3572 sed
2025 3547 2072 3577 (vt
2083 3546 2208 3578 apparet)
2228 3544 2369 3579 proprie

1380 3583 1486 3611 modata
1499 3592 1540 3610 res
1553 3583 1652 3610 dicitur
1663 3587 1689 3608 et
1702 3590 1769 3617 quae
1782 3580 1831 3608 soli
1848 3581 1894 3614 est,
1911 3580 1992 3616 idque
2005 3586 2032 3607 et
2044 3579 2139 3607 caffius
2151 3579 2291 3607 existimat.

1379 3629 1429 3646 nus
1441 3619 1554 3654 amplius
1566 3619 1647 3646 etiam
1661 3617 1861 3644 Habitationem
1874 3615 2041 3643 commodare
2054 3615 2122 3650 posse
2128 3612 2181 3640 'ait.
2216 3616 2289 3642 Haec
2299 3613 2358 3655 11Ιῇ-
2369 3617 2370 3620 ’
2422 3643 2423 3648 ,

1380 3656 1413 3683 D.
1427 3654 1607 3682 Commodati.
1676 3652 1854 3681 Commodare
1871 3653 2000 3688 possumus
2019 3656 2046 3678 et
2055 3649 2169 3676 alienam
2183 3659 2240 3677 rem
2271 3653 2372 3687 uam-'4¹³
2415 3675 2417 3679 ,

2104 3685 2208 3712 Paullus
2218 3660 2278 3713 1111.
2293 3692 2324 3720 ις’
2344 3688 2372 3724 ’ξ

1378 3726 1487 3756 modarc
1502 3727 1534 3753 D.
1546 3725 1726 3753 commodati.
1878 3758 1884 3763 ·
1920 3721 1941 3763 fl
1961 3731 1975 3755 3
2001 3722 2064 3761 'Iam
2070 3719 2200 3761 formulas
2207 3728 2335 3758 ponemus»
2352 3725 2354 3728 '
2367 3722 2373 3748 ,“
2413 3728 2420 3745 x

1373 3763 1502 3798 phoricas.
1555 3762 1654 3788 Aurem
1668 3757 1838 3788 commodare
1850 3757 1931 3785 3110111
1955 3755 2035 3784 Ouid.
2050 3756 2136 3783 Trist.
2150 3765 2173 3790 5,
2187 3765 2225 3790 12,
2236 3765 2273 3790 53.
2292 3758 2311 3788 i.
2334 3770 2338 3777 ι
2420 3783 2422 3790 ,

1379 3799 1493 3834 aliquem.
1542 3798 1641 3825 Aurem
1656 3797 1798 3831 patientem
1811 3793 1978 3822 commodare
1991 3791 2108 3819 culturae
2127 3793 2196 3820 Hor.
2208 3791 2286 3827 Epist.
2298 3799 2319 3824 1,
2334 3821 2338 3823 ,
2355 3803 2375 3834 ,2
2396 3814 2398 3816 .

1379 3833 1532 3868 Diplomata
1547 3833 1612 3860 Plin.
1628 3832 1707 3869 Epist.
1723 3838 1760 3862 10,
1774 3838 1823 3856 121.
1895 3829 1951 3856 lras
1963 3827 2134 3855 commodare
2149 3827 2229 3857 alicui
2247 3827 2300 3854 Stat
