2474 4182
297 171 367 206 727
710 155 743 193 C
807 154 844 193 A
905 152 947 191 N
1824 151 1857 190 C
1920 154 1956 189 A
2019 153 2079 213 N.
2375 170 2441 212 728

295 256 397 281 mig-..vus
418 245 486 272 bomo
505 247 627 272 laniorum
646 244 847 281 immaui‘ssncs
866 248 896 267 vt
910 246 958 267 etc.
997 241 1038 269 Sic
1054 241 1160 269 Iri-itata
1171 250 1246 268 canes
1259 239 1341 275 quod,
1408 246 1431 266 ee
1445 241 1568 275 querulam
1580 240 1655 266 edunt
1667 250 1756 267 vocem.
1809 239 1889 266 Ouid.
1905 239 1970 265 Met.
1987 247 2022 272 ις,
2036 247 2089 274 797
2109 242 2191 277 Inque
2206 244 2284 275 foro,
2298 244 2455 283 circumque)

294 284 322 307 hss
343 292 376 307 nt)
391 291 482 316 quim,
502 283 599 316 planiu'
621 281 684 306 dicit
704 278 789 304 Lucil.
804 286 822 308 1,
840 286 879 308 23.
900 287 928 303 ex
941 276 1043 304 Charis.
1059 287 1067 304 1
1089 288 1112 313 p.
1128 287 1183 309 100,
1198 284 1220 303 et
1235 278 1341 303 Donato
1407 275 1518 308 domos,
1531 282 1557 302 et
1571 277 1665 311 templa
1687 277 1798 303 deorum
1830 275 1985 302 No&urnos
2000 276 2108 302 vlulasse
2123 287 2204 305 canes.
2251 280 2316 306 Idem
2337 279 2368 313 ist
2383 281 2454 316 Bari

294 317 324 343 aa·
341 318 357 343 ’,ῑ
372 327 405 343 esf.
428 318 475 343 Ad,
499 328 519 349 2,
537 328 561 349 4.
581 316 720 342 emendante
736 316 869 349 &aliga-0.
906 315 944 339 De
962 314 1069 340 canibus
1088 323 1153 340 more
1164 315 1212 349 juo
1230 313 1294 338 Plin.
1315 317 1339 342 8,
1407 311 1477 338 bari.
1668 310 1688 349 ἡ
1710 323 1728 347 4
1766 313 1892 339 F-›rmulae
1913 311 2083 338 Proucrbiales
2101 319 2125 337 et
2142 315 2334 349 metaphoricae.
2370 318 2454 347 Canii·

292 365 308 386 4
323 376 326 377 γ
345 355 361 378 ι’,
378 356 413 379 61.
432 364 463 378 ω-
476 354 495 379 j.-
516 363 528 379 ρ
549 357 631 378 πωπω
645 358 772 385 poliemus.
810 348 996 376 Fideliffimum
1010 349 1149 383 (mmai)
1167 355 1226 376 ante
1249 348 1339 374 onmia
1408 348 1545 373 conuicium
1561 342 1594 379 ist
1605 349 1632 371 in
1647 348 1806 382 impudenter.
1847 347 1906 374 vid.
1919 347 2038 373 Donatus
2051 346 2085 372 ad
2099 348 2162 373 illud
2180 350 2248 376 Ter,
2262 351 2327 376 Eun,
2341 360 2368 383 4,
2381 360 2450 388 7³33-

294 390 395 414 homini
414 400 483 415 1:211..
498 385 574 422 :iique
588 396 680 420 equus.
717 385 839 418 Pugnaffe
854 385 978 412 aduersus
994 386 1109 412 latrones
1129 394 1221 411 canem
1234 393 1282 418 pro
1295 383 1339 410 do·
1359 388 1373 414 ς
1408 383 1563 409 Diminuam
1584 390 1635 416 ego
1654 390 1730 417 caput
1753 385 1829 410 suum
1850 383 1932 410 hodie
1953 383 2000 409 nisi
2023 382 2088 409 abis.
2115 389 2146 409 G.
2176 385 2237 411 Ain‘
2255 395 2335 417 vero,
2355 388 2452 417 canisi>

292 435 367 451 minu
382 435 525 457 mat-,umus
535 444 542 453 ‚
557 422 763 455 confectumque
783 420 864 455 plagis
877 429 892 447 a
905 430 1017 456 corpore
1037 430 1091 447 non
1105 420 1242 450 reccfliss'e,
1263 420 1340 446 volu·
1408 420 1475 444 Hor.
1490 418 1571 443 Serm.
1587 425 1610 450 2,
1625 426 1651 449 2,
1665 420 1696 449 56
1712 421 1738 444 in
1745 418 2097 454 Auidienum,fhrd1dfflimae
2109 421 2232 446 auaritiae
2244 421 2378 455 hominem,
2395 410 2452 454 CuiI
2466 436 2469 441 >

292 470 347 487 cres
364 469 387 486 ςπ
404 462 468 486 ier...
480 460 638 492 abigentem.
677 457 717 482 Ab
736 456 792 483 alio
805 456 833 483 in
846 457 928 491 Epiro
948 458 1067 491 agnitum
1083 458 1110 482 in
1129 462 1262 482 conuentu
1282 464 1338 489 per·
1407 463 1478 480 cams
1491 462 1523 479 ex
1538 462 1604 479 vero
1618 453 1729 479 ductum
1742 463 1889 489 cognomen
1902 455 2035 482 adhaeret.
2073 454 2140 480 Add.
2157 454 2239 482 l'laut.
2253 457 2336 483 Calin.
2349 433 2453 492 2,5,12,i

290 498 416 523 cufforcm
432 495 551 526 domini,
565 494 719 527 laniatuque
733 499 759 519 et
770 493 866 519 latratu
879 492 999 519 coactum
1014 493 1093 519 fateri
1113 492 1194 518 scelus
1223 506 1268 510 -—-
1294 492 1338 517 So·
1405 489 1570 517 Mostellaria
1585 498 1603 520 1,
1613 497 1677 521 ¹‚40
1697 490 1780 515 Canes
1792 491 1938 526 (archaice)
1946 500 2024 526 capro
2031 489 2182 516 commista..
2197 491 2413 530 Menaech.5,1‚14
2444 499 2450 517 ἰ
2467 498 2470 501 ’

289 532 309 559 li
325 533 461 558 dommum
479 539 596 562 nouere,
610 536 634 555 ct
650 530 772 564 ignotum
783 537 866 564 quoqi.
878 529 927 561 e,si
940 535 1047 563 repente
1061 528 1166 559 veniat,
1176 526 1337 561 intelligunt.
1510 525 1575 551 Non
1590 530 1617 550 tu
1633 525 1679 551 scis
1693 524 1807 557 mulier,
1822 527 1958 553 Hecubam
1979 534 2140 561 quapropter
2155 535 2245 552 canem
2376 547 2378 549 ,
2413 545 2416 551 .
2447 525 2450 564 l

289 568 344 594 Soli
359 567 468 592 nomina
482 566 541 598 sua,
555 566 604 592 soli
618 574 712 592 vocem
725 565 895 591 domesticam
913 565 1064 599 agnoscunt.
1100 563 1199 590 Itinera
1214 562 1338 597 quamuis
1359 566 1391 584 ¹0
1512 561 1586 587 Graii
1602 562 1650 586 eil'e
1665 560 1869 595 praedicabant?
1893 569 1951 588 MV.
1971 563 2036 589 Non
2050 561 2174 597 equidem
2189 561 2253 588 scio.
2447 565 2450 603 Ι

288 603 365 636 longa
386 602 532 628 meminere
568 616 612 622 -——
648 603 679 628 In
701 607 798 628 venatu
819 601 926 627 solertia
946 607 970 627 et
990 600 1112 635 sagacitas
1131 600 1271 634 praecipua
1292 598 1338 625 est.
1513 603 1567 623 ΜΕ.
1584 597 1661 635 *Qiia
1675 596 1746 622 idem
1761 597 1874 624 faciebat
1887 598 2014 632 Hecuba,
2029 598 2102 634 quod
2117 604 2144 624 tn
2160 607 2230 624 nunc
2244 597 2315 624 facis.
2343 596 2346 602 ’
2446 602 2474 636 μ,

288 639 424 664 Scrutatur
436 637 547 672 vestigia
561 643 640 672 atque
653 638 837 672 persequitur,
859 637 1029 663 comitantem
1048 635 1080 662 ad
1094 635 1178 662 feram
1199 635 1339 670 inquilito-
1509 633 1607 658 Omma
1620 632 1688 659 mala
1701 631 1854 667 ingerebat,
1868 642 2030 669 quemquem
2051 635 2193 669 aspexerat.
2390 650 2394 654 -
2414 640 2416 643 ’
2458 631 2474 669 J*

286 682 343 700 rem
358 673 417 699 loro
436 673 554 700 trahens:
580 682 631 708 qua
651 673 707 700 visa
725 682 805 708 quam
825 672 900 698 silens
917 678 943 698 et
963 672 1078 704 occulta,
1092 681 1172 706 quam
1192 671 1339 705 significans
1408 668 1495 695 Talem
1507 668 1708 706 oblatratricem
1722 675 1795 695 vocat
1809 668 1870 695 Mil.
1885 677 1908 701 3,
1927 678 1947 702 1,
1961 675 2000 704 87.
2054 669 2122 697 Add.
2136 670 2240 696 Sueton.
2254 669 2330 704 Vesp.
2344 677 2368 702 13
2395 666 2440 699 De.
2460 674 2463 678 ⁴

287 709 478 735 demonstratio
499 709 552 742 est,
564 710 645 735 cauda
665 710 799 744 primum,
812 708 908 734 deinde
927 708 1031 734 rostro?
1058 709 1127 742 Ergo
1141 707 1220 733 etiam
1235 706 1338 732 senecia
1403 704 1530 729 metrium
1549 704 1694 736 Cynicum,
1730 719 1775 724 —
1808 704 1985 739 oblatrantem
2004 707 2092 733 nescio
2113 705 2194 740 quid,
2215 705 2275 731 satis
2292 703 2384 732 habuit
2398 706 2463 748 (ἕως,

286 745 361 771 feffos
376 754 519 780 caecosque
533 754 561 772 ac
583 745 684 772 debiles
706 745 762 772 sinu
777 747 884 776 ferunt,
910 750 1004 770 ventos
1025 750 1050 770 et
1063 743 1174 770 odorem
1195 748 1337 776 captantes,
1359 745 1384 770 13
1403 749 1457 765 nem
1476 740 1616 774 appellare.
1660 739 1717 766 md,
1738 739 1768 766 de
1785 740 1830 766 hoc
1846 743 1957 767 conuicio
1972 741 2056 768 Faber
2069 741 2188 768 Semestr.
2203 749 2222 772 1,
2238 748 2270 766 11.
2306 758 2309 760 >
2326 741 2431 775 Cic-An
2450 752 2451 757 ¹

284 780 480 816 prudentesque
499 781 586 808 rostro
601 781 709 808 cubilia.
745 797 791 800 —
827 781 938 807 Certum
953 780 988 806 est
1004 780 1077 806 iuxta
1091 779 1188 805 Nilum
1203 782 1338 802 currentes
1403 777 1430 806 6,
1446 783 1470 807 13
1497 776 1583 802 Multa
1602 782 1627 802 et
1643 775 1712 802 dixit
1734 782 1760 802 et
1780 776 1843 802 fecit
1857 785 1916 802 curn
1930 776 2043 811 quadam
2055 787 2112 805 mea
2124 777 2304 808 contumelia,
2321 776 2346 803 P.
2357 777 2378 804 C
2391 779 2427 812 '2¹¹'
2448 763 2457 813 ff

284 816 417 847 lambere,
433 826 465 843 ne
479 817 679 844 crocodilorum
698 816 823 843 auiditati
848 815 1010 842 occasionem
1031 814 1181 849 praebeant.
1217 827 1263 831 -—
1300 813 1338 838 De
1402 811 1473 837 canis
1511 811 1539 837 id
1550 810 1583 844 2st
1597 810 1684 845 ‹ffl‘ccla
1697 811 1779 838 Clodii
1791 812 1850 838 dum
1864 816 1970 839 uiueret.
2024 814 2097 841 Idem
2111 815 2139 840 in
2157 814 2242 839 Pison.
2257 822 2278 838 c.
2293 820 2322 838 10
2368 808 2420 837 ,²¹¹²-

300 862 366 889 ugna
380 856 452 878 canis
462 853 558 880 Albani
573 863 627 879 cum
641 853 784 889 elephanto,
810 852 992 879 Horrentibus
1008 860 1053 885 per
1068 856 1154 875 totum
1174 856 1270 882 corpus
1285 848 1337 874 vil·
1401 855 1466 872 num
1479 856 1569 874 canem
1582 848 1690 883 appellat
1703 848 1809 874 Sextum
1822 848 1959 876 Clodium.
1996 850 2100 882 Huius,
2114 860 2148 875 m.
2160 857 2214 881 uit,
2228 855 2257 875 tu
2269 847 2365 875 Clodi
2389 859 2397 871 κ
2415 858 2426 880 g
2453 872 2455 874 .

294 888 316 915 is
331 889 432 923 ingenti
447 889 565 924 primum
579 889 676 915 latratu
692 889 825 920 intonuit,
842 896 959 922 moxque
975 886 1075 920 ingruit
1097 883 1153 918 (fic
1165 885 1282 920 vulgati,
1296 894 1335 909 ne-
1401 883 1442 908 nis
1464 882 1608 918 insignibus
1623 884 1796 910 Consulatum
1817 884 1946 910 declarari
1959 887 2049 919 putas?
2085 859 2158 912 Adai
2167 887 2220 911 Att.
2234 892 2261 919 7,
2275 892 2297 916 3.
2316 883 2358 910 ubi
2379 890 2400 915 ζ
2416 883 2421 894 “·
2457 887 2459 889 ’

275 924 331 960 scio
352 935 384 950 au
404 926 491 951 melius
514 925 594 951 Har-d.
615 935 644 951 ex
658 925 734 952 MSS.
749 924 880 955 increuit)
895 923 1031 953 affultans,
1052 926 1197 955 contraque
1220 920 1335 946 belluam
1351 923 1386 942 20
1401 918 1493 945 Clodii
1508 920 1578 945 canis
1591 918 1633 953 est.
1670 922 1753 946 Canes
1768 922 1841 946 etiam
1855 922 2184 983 app1·lianturAccu[atores
2196 921 2361 956 delatoresque
2367 938 2386 953 ,,
2409 914 2436 956 'fi
2463 928 2466 933 ·

282 961 421 995 exsurgens
443 960 504 987 hinc
526 966 552 988 et
567 960 642 987 illinc
662 960 759 987 artifici
773 959 961 987 dimicatione,
976 966 1028 991 qua
1051 956 1167 982 maxime
1188 965 1254 990 opus
1274 957 1334 982 css’et
1400 955 1435 980 ad
1447 955 1620 992 exagitandos,
1632 956 1822 992 lacerandorque
1834 959 1949 982 imma-os
1961 958 2007 982 alu·
2018 957 2079 983 adhi
2095 964 2145 983 ene.
2166 958 2241 983 Plena
2255 962 2363 991 compar
2376 968 2389 986 -y
2421 949 2443 988 ’ξ’
2456 978 2461 985 ,

281 996 405 1023 infestans
426 1004 506 1031 atque
525 997 643 1029 euitans,
661 997 745 1022 donec
765 996 860 1021 alliclua
882 1000 994 1019 rotatam
1015 992 1149 1026 vertigine
1169 992 1278 1023 afflixit,
1300 991 1333 1018 ad
1400 991 1455 1017 Cic.
1469 1000 1518 1026 pro
1532 992 1606 1018 Rosc.
1622 1001 1643 1018 c.
1658 1000 1700 1018 20.
1757 993 1846 1018 Senec.
1865 992 1896 1018 ad
1915 992 2043 1019 Marciam
2058 1001 2087 1019 22
2114 992 2248 1019 Acerrimi
2267 1000 2358 1024 canes,
2375 1004 2377 1009 v
2428 975 2442 1012 ‘l

279 1032 368 1060 casum
382 1033 439 1059 eius
453 1033 547 1059 tellure
562 1034 689 1059 concussa.
725 1046 770 1050 —
807 1030 927 1069 Gignunt
939 1037 1030 1055 caecos
1065 1043 1112 1048 —-
1148 1028 1266 1061 Qiidam
1281 1034 1333 1054 tra·
1399 1026 1463 1058 ille,
1476 1034 1504 1053 vt
1516 1027 1564 1053 sibi
1580 1028 1627 1053 vni
1641 1029 1804 1061 mansuetOS,
1824 1027 1950 1054 omnibus
1967 1028 2039 1054 feros
2051 1028 2174 1061 haberet,
2196 1028 2321 1063 sanguine
2335 1026 2352 1054 h
2368 1039 2386 1063 ¹¹,
2431 1022 2441 1038 ¹
2469 1026 2474 1035 ⁴

279 1068 347 1095 dunt
365 1083 410 1088 —
428 1068 461 1096 ab
475 1077 597 1103 ea,quae
617 1068 717 1094 femina
731 1067 761 1092 sit
783 1073 815 1091 ex
836 1065 981 1099 primipara
1002 1064 1106 1098 genita,
1126 1065 1230 1090 Faunos
1250 1065 1332 1090 ccrni.
1399 1062 1534 1097 pascebat,
1560 1063 1758 1090 circumlatrare
1779 1064 1860 1090 etiam
1880 1063 2018 1090 hominem
2031 1085 2040 1097 ,
2065 1070 2090 1090 et
2110 1063 2186 1090 illum
2207 1064 2388 1099 imparatum„

279 1104 403 1139 Optimus
419 1104 446 1130 in
471 1105 545 1136 fetu,
558 1104 606 1139 qui
622 1102 775 1129 nouillimus
796 1109 903 1127 cernere
926 1101 1038 1134 incipit,
1054 1106 1099 1127 aut
1113 1109 1194 1135 quem
1215 1100 1332 1135 primum
1348 1104 1380 1129 25
1399 1099 1485 1133 piunt.
1523 1100 1592 1134 Quos
1606 1100 1646 1126 hic
1659 1109 1749 1132 canes,
1763 1100 1895 1136 nansi-mel
1903 1100 1958 1135 post
1970 1100 2072 1136 paullo,
2087 1101 2247 1126 accusatores
2260 1099 2316 1134 stne
2328 1098 2368 1135 fl·
2379 1119 2381 1121 -

278 1141 331 1167 fert
347 1141 374 1167 in
389 1140 478 1167 cubile
497 1140 559 1166 feta.
597 1140 693 1166 Rabies
707 1146 802 1164 canum
818 1137 889 1163 Sirio
903 1136 1012 1163 ardente
1026 1135 1133 1163 homini
1148 1136 1281 1171 pestifera,
1296 1136 1334 1162 ita
1399 1143 1480 1161 vacat.
1534 1135 1590 1161 Cic.
1607 1137 1683 1162 Verr.
1701 1145 1720 1168 1,
1735 1141 1765 1166 28
1779 1145 1800 1162 c.
1815 1145 1836 1162 11
1870 1136 1960 1169 Qud?
1982 1136 2028 1163 ista
2046 1136 2159 1168 cohors,
2176 1145 2292 1171 quorum
2308 1135 2391 1162 hom'
2426 1136 2433 1145 ³

277 1176 371 1203 morsis
385 1176 457 1203 letali
472 1184 556 1210 aquae
571 1182 643 1201 metu
679 1189 724 1193 —-
761 1172 835 1208 Cous.
850 1175 925 1198 etiam
939 1180 978 1205 10,
992 1174 1031 1205 63.
1068 1173 1238 1199 Pulcherrima
1251 1172 1280 1198 de
1293 1182 1334 1198 ca·
1399 1170 1453 1197 est?
1471 1170 1573 1197 Volusii
1593 1170 1752 1206 haruspicis,
1769 1178 1794 1198 et
1816 1172 1939 1198 Cornelii
1959 1172 2073 1204 medici,
2094 1179 2120 1198 et
2139 1171 2236 1198 horum
2254 1180 2364 1203 canum,
2378 1194 2380 1199 .

277 1212 350 1238 nibus
363 1222 378 1238 a
397 1215 418 1238 it
430 1211 562 1239 Columel.
577 1218 603 1246 7,
619 1219 654 1237 12.
671 1207 727 1245 post
743 1209 893 1235 Varronem
907 1217 933 1240 2,
947 1217 972 1241 9.
994 1215 1017 1234 et
1033 1208 1108 1244 Virg..
1124 1209 1223 1242 Georg.
1238 1217 1261 1240 3,
1275 1217 1332 1241 404
1397 1207 1514 1233 tribunal
1529 1216 1616 1233 mcum
1632 1208 1706 1233 vides
1721 1207 1847 1234 lambere.
1885 1212 1941 1240 Sic,
1961 1208 2033 1242 Qid
2049 1209 2218 1234 immerentes
2233 1207 2349 1242 hospites
2361 1215 2377 1234 v

269 1247 329 1285 sqq.
348 1221 468 1283 adgqucm
486 1248 563 1273 losum
581 1248 691 1281 plurima
704 1255 714 1271 ε
730 1245 833 1271 Graecis
854 1251 877 1270 et
889 1245 993 1271 Latinis
1011 1245 1092 1280 elogia
1109 1253 1139 1270 ac
1154 1245 1335 1280 description&
1398 1242 1469 1269 canis
1482 1243 1549 1269 Hor.
1564 1243 1646 1277 lipod.
1663 1246 1689 1275 6,
1706 1252 1723 1270 1.
1742 1247 1760 1270 i.
1779 1243 1921 1270 maledicus.
1958 1244 2027 1271 Adri.
2037 1245 2151 1270 Hieron.
2168 1243 2250 1278 praef.
2264 1243 2293 1269 in
2307 1242 2365 1270 Iob.
2390 1257 2395 1272 s

275 1283 399 1319 corzgqffit.
442 1284 602 1309 venatoriam
629 1285 702 1308 etiam
722 1278 755 1313 est
775 1287 799 1306 et
819 1281 898 1307 multa
915 1279 944 1306 de
960 1280 1064 1306 canibus
1087 1279 1159 1306 haber
1174 1282 1332 1315 principium
1348 1285 1381 1309 30
1399 1278 1466 1305 liast.
1484 1280 1602 1305 Iunc-nal.
1619 1289 1655 1310 10,
1669 1288 1723 1314 271.
1797 1279 1877 1306 Canis
1896 1281 2025 1307 Caninam
2046 1289 2101 1306 non
2119 1279 2172 1312 est,
2192 1279 2286 1314 adagio
2302 1281 2342 1306 vel
2365 1279 2389 1301 ·s.

275 1318 417 1353 Hippolyti
431 1319 550 1345 Senecae.
587 1319 673 1354 Longa
679 1317 762 1353 strias
774 1320 899 1342 nominum
908 1316 1000 1342 Canum
1007 1318 1179 1342 vinaticorum
1187 1319 1244 1351 peti
1253 1314 1332 1351 pottst
1399 1315 1463 1346 mia,
1479 1317 1498 1341 ι’.
1509 1315 1667 1350 prouerbium
1679 1315 1746 1351 apud
1757 1316 1905 1342 Varronem
1920 1316 1952 1342 de
1967 1317 1996 1342 L.
2012 1317 2032 1342 L
2054 1318 2102 1348 6,3
2125 1323 2198 1350 p.71,
2211 1324 2245 1348 ι3.
2318 1316 2401 1342 Cane*
2425 1310 2439 1346 J*

275 1364 304 1380 ex
317 1354 399 1381 Ouid.
415 1355 479 1381 Met.
494 1363 517 1386 3,
533 1353 631 1390 206sq.
652 1356 680 1379 in
694 1352 787 1388 fabula
801 1350 947 1379 Actaeonis.
989 1354 1044 1378 Nos
1062 1354 1113 1378 iam
1125 1352 1256 1388 formulas
1271 1359 1332 1387 pro·
1398 1350 1438 1377 ius
1454 1357 1479 1377 ct
1500 1359 1584 1385 angue
1604 1352 1690 1378 vitare
1711 1353 1806 1378 Horat.
1818 1352 1896 1386 Epist.
1913 1360 1932 1385 1,
1947 1360 1986 1387 17,
2000 1361 2040 1385 30.
2085 1351 2159 1378 Idem
2171 1360 2197 1384 2,
2212 1361 2240 1384 4,
2256 1356 2283 1384 83
2304 1351 2340 1378 Vt
2351 1359 2372 1378 t
2387 1361 2396 1373 >³

266 1390 382 1427 sermm:
396 1397 419 1416 et
437 1390 616 1416 ordinabimus.
651 1390 748 1416 Malum
767 1398 836 1414 omen
848 1385 1029 1424 superstitiosis
1049 1386 1082 1421 est
1096 1388 1165 1414 Ter.
1180 1388 1286 1414 Phorm.
1301 1397 1330 1421 4,
1396 1387 1473 1413 corio
1486 1396 1620 1422 nunquam
1639 1387 1831 1414 absterrebitur
1844 1387 1924 1415 νηιὲὶο
1933 1408 1940 1420 ,
1960 1391 1987 1414 in
2000 1398 2122 1424 cos‚quos
2134 1391 2287 1423 impunitas,
2301 1389 2340 1414 uel
2350 1384 2438 1419 &¹14¹

273 1434 302 1459 4,
318 1434 347 1458 25
367 1426 477 1452 Introiit
492 1426 520 1452 in
533 1425 609 1452 aedes
623 1430 678 1452 ater
692 1425 795 1451 alienus
811 1424 889 1450 canis.
928 1423 1012 1450 Plaut.
1028 1425 1102 1459 Capt.
1117 1432 1140 1457 3,
1156 1433 1175 1456 1,
1191 1432 1218 1457 23
1240 1424 1282 1450 Ne
1291 1432 1331 1449 ca·
1396 1423 1454 1448 adeo
1462 1423 1594 1458 facinoris
1607 1426 1667 1450 mali
1682 1431 1780 1450 euentus
1794 1424 1828 1449 ad
1840 1427 1946 1450 vlteriur
1961 1425 2164 1459 malefaciendum
2173 1425 2297 1460 solicitat.
2397 1422 2399 1426 '

273 1470 333 1488 nem
349 1461 458 1497 quidem
473 1462 605 1488 irritatam
620 1461 711 1488 voluit
725 1461 867 1495 quisquam
882 1459 1033 1493 imitarier,
1058 1460 1171 1492 Saltem,
1187 1459 1204 1486 fi
1221 1469 1274 1486 non
1290 1468 1330 1485 ar·
1350 1466 1379 1492 35
1396 1459 1480 1485 Canes
1492 1468 1521 1484 ex
1536 1460 1726 1496 Asiwthologias.
1734 1460 1835 1495 fabulis
1850 1461 1990 1487 Poetarum.
2027 1461 2065 1486 De
2084 1461 2183 1486 Hecuba
2198 1463 2224 1485 in
2243 1468 2326 1486 canem
2343 1467 2366 1484 m

272 1497 401 1529 riderent,
416 1497 506 1524 dentes
520 1504 549 1524 vt
563 1497 761 1532 restringerent.
818 1496 898 1522 Canis
912 1496 1014 1522 semina
1028 1496 1144 1530 paruulo
1158 1495 1241 1522 vbera
1256 1504 1329 1530 prae·
1396 1495 1462 1531 qnod
1480 1504 1509 1520 ex
1524 1495 1616 1522 Plauto
1634 1499 1684 1522 iam
1707 1496 1873 1522 iudicauimus
1891 1496 1973 1523 Ouid.
1988 1496 2053 1522 Met.
2068 1504 2100 1528 13,
2113 1498 2163 1530 567
2191 1496 2285 1530 Scyllae
2303 1497 2383 1531 inguiv
2397 1485 2444 1540 ᾗ

271 1533 338 1560 bens
353 1533 442 1560 lustin.
458 1533 505 1560 lib.
517 1542 538 1565 1,
552 1543 581 1567 4,
594 1542 630 1559 10.
653 1534 696 1558 vbi
710 1532 739 1558 de
754 1532 818 1566 Cyro
830 1532 932 1567 infante
945 1531 1059 1567 exposito.
1131 1532 1216 1558 Canes
1234 1532 1266 1559 ad
1286 1540 1330 1557 ve·
1392 1540 1468 1557 canes
1480 1531 1545 1557 Met.
1561 1540 1599 1564 14,
1613 1533 1656 1558 60.
1700 1531 1768 1558 Λάιί.
1782 1532 1857 1566 Virg.
1873 1532 1926 1558 Ecl.
1941 1534 1968 1564 6,
1982 1539 2027 1567 77.
2073 1532 2148 1558 Idem
2163 1532 2228 1558 Aen.
2241 1533 2268 1564 6,
2280 1538 2329 1566 257
2358 1529 2402 1556 V'
2422 1511 2437 1551 1

272 1568 389 1596 nandum
403 1569 472 1596 Ter.
493 1568 575 1595 Andr.
593 1577 612 1601 1,
627 1577 648 1600 1,
664 1577 702 1599 30.
721 1575 768 1603 pro
787 1568 895 1593 Canibus
914 1570 1047 1595 venaticis.
1091 1569 1147 1593 Hac
1164 1568 1193 1593 de
1212 1578 1253 1599 re,
1266 1571 1284 1593 i.
1300 1567 1330 1593 de
1395 1576 1447 1601 que
1463 1575 1538 1593 canes
1551 1567 1655 1594 vlulare
1670 1576 1716 1602 per
1728 1567 1851 1594 Vmbram
1881 1568 2048 1594 Aduentante
2066 1566 2122 1594 dea.
2163 1568 2211 1601 Vbi
2231 1567 2337 1594 Seruius
2442 1572 2444 1578 ·

271 1611 362 1631 venatu
375 1615 431 1631 cum
445 1607 547 1641 agitur,
561 1614 645 1631 nomen
658 1605 739 1630 Canis
755 1605 839 1630 Poe-‘tis
846 1603 906 1638 sere
918 1603 1124 1639 generi-femineo
1133 1607 1248 1638 ponitur.
1268 1603 1327 1630 Vici.
1395 1603 1488 1629 Furias
1503 1603 1578 1630 dicit.
1651 1603 1773 1630 Infernae
1788 1611 1863 1629 canes
1877 1604 1945 1630 Hor.
1959 1604 2042 1630 Serm.
2058 1612 2077 1634 1,
2089 1608 2111 1634 8,
2125 1611 2162 1637 35.
2187 1604 2247 1630 Vet.
2268 1602 2344 1630 Schoi

272 1640 359 1676 Heius.
379 1640 413 1666 ad
424 1640 504 1667 Ouid.
520 1641 584 1666 Met.
605 1649 628 1673 3,
642 1649 698 1673 140.
750 1638 839 1665 Corda
855 1648 949 1666 canum
963 1639 1111 1666 leuisomna
1128 1640 1328 1672 Lucret.3‚862.
1339 1648 1376 1672 40
1394 1639 1436 1664 hic
1457 1639 1550 1665 Furias
1573 1639 1683 1675 intelligi
1705 1643 1758 1671 ait,
1780 1640 1864 1665 Canes
1886 1641 1959 1666 Iouis
1978 1640 2127 1666 infernalis.
2174 1639 2222 1667 Sed
2239 1639 2347 1666 Lucan..

271 1675 399 1703 Custodia
419 1685 513 1702 canum
534 1675 586 1702 fida
605 1676 662 1701 Cic.
683 1675 715 1701 de
729 1673 884 1701 Nazfoeor.
909 1683 935 1707 2,
958 1680 1009 1707 338.
1081 1675 1213 1702 Excubiae
1233 1684 1328 1702 canum
1395 1674 1454 1701 Nos
1478 1675 1507 1701 in
1527 1675 1623 1710 templa
1648 1681 1721 1701 tuam
1742 1676 1861 1701 Romana
1887 1676 2035 1710 accepimus
2054 1674 2120 1708 Isin,
2155 1670 2352 1709 semideosque„

270 1712 338 1739 Hor.
353 1713 440 1738 Carni.
454 1720 476 1743 3,
491 1713 528 1743 16,
542 1719 562 1743 3.
617 1711 707 1736 Genus
720 1718 779 1735 acre
793 1710 918 1744 luporum
931 1718 1012 1742 atque
1026 1719 1121 1737 canum
1138 1712 1211 1745 Virg.
1226 1712 1326 1745 Georg.
1393 1711 1551 1737 Mercurium
1562 1710 1694 1747 intelligit,
1708 1720 1775 1746 quem
1783 1712 1892 1738 Anubim
1906 1719 2007 1738 vocant.
2045 1713 2111 1737 Nam
2124 1712 2216 1737 colitur
2229 1711 2297 1746 apud
2302 1715 2340 1738 Ae
2350 1707 2378 1734 ²2⁴
2401 1707 2426 1739 ,¹0⁴

270 1756 294 1780 3,
308 1749 365 1780 265.
438 1748 559 1773 Latratus
576 1755 670 1772 canum
694 1745 768 1771 Idem
783 1745 851 1771 Aen.
872 1754 893 1777 5,
908 1754 966 1780 257.
1039 1748 1144 1774 Morsus
1164 1747 1238 1773 canis
1259 1746 1326 1772 Scri·
1385 1745 1476 1781 forma
1490 1749 1649 1778 canis,certe
1657 1756 1710 1772 cum
1725 1750 1816 1773 canino
1834 1750 1925 1782 capite.
1961 1746 2131 1778 Nobilissimus
2149 1749 2177 1773 in
2188 1747 2234 1774 hac
2251 1756 2338 1783 genere
2361 1748 2363 1750 ’
2378 1762 2379 1765 =
2405 1754 2428 1767 ν’

267 1783 331 1810 bon.
344 1791 400 1809 201.
473 1783 528 1809 Ora
543 1788 668 1817 proterua
684 1789 778 1807 canum
792 1779 874 1806 Ouid·
890 1781 953 1806 Met.
968 1789 1011 1813 ¹14,
1024 1784 1064 1813 63.
1137 1783 1234 1809 Rabies
1249 1782 1326 1808 saeua
1392 1781 1433 1806 nis
1447 1782 1489 1807 ille
1502 1780 1569 1815 apud
1581 1783 1688 1816 inseras.
1725 1781 1924 1814 Tei-geminus,
1934 1777 2062 1815 Cerberus,
2076 1782 2158 1809 Ouid.
2171 1781 2205 1809 de
2219 1783 2284 1809 Arte
2297 1783 2355 1810 Am.
2385 1780 2389 1796 ³
2411 1794 2413 1796 ·

268 1826 364 1845 eanum
383 1819 503 1854 Propert.
518 1826 541 1851 3,
558 1820 597 1850 16,
612 1823 650 1852 17.
723 1817 771 1842 Vis
791 1816 843 1842 fida
857 1824 962 1850 *canum
977 1815 1080 1842 Lucret.
1095 1819 1122 1848 6,
1137 1826 1206 1844 1220.
1278 1818 1325 1844 Vis
1341 1821 1375 1847 45
1392 1816 1422 1842 T
1424 1815 1545 1841 riformis
1564 1815 1623 1841 Sen.
1636 1816 1715 1841 Herc.
1735 1816 1797 1842 Oct.
1818 1820 1888 1841 1202.
1960 1818 2110 1845 Tartareus
2128 1818 2167 1846 Id.
2181 1819 2210 1845 in
2223 1820 2303 1846 Herc.
2312 1818 2370 1845 fur.
2381 1818 2431 1851 642

268 1854 352 1882 odora
369 1862 462 1880 canum
477 1854 550 1888 Virg.
566 1855 631 1880 Aen.
647 1862 675 1886 4,
691 1861 743 1884 ¹32-
943 1852 963 1886 ἡ
980 1859 996 1877 2
1035 1852 1166 1886 Epitheta:
1195 1854 1263 1879 Acer
1284 1862 1325 1879 ca-
1391 1851 1521 1885 Vipereus
1542 1851 1624 1888 Quid.
1641 1854 1732 1877 Amor.
1748 1860 1770 1883 3,
1785 1859 1819 1882 12,
1834 1852 1878 1876 26.
2056 1856 2076 1887 Ἴ
2097 1857 2113 1878 6
2151 1852 2192 1886 Est
2209 1857 2284 1881 mam
2299 1852 2426 1886 canius.

267 1890 308 1917 nis
323 1891 390 1917 Hor.
407 1889 488 1924 Epod.
503 1898 541 1922 12,
555 1892 579 1916 6.
651 1889 746 1923 Arguti
761 1895 836 1928 canes
846 1886 952 1927 ‚misere
968 1886 1070 1920 signum
1085 1886 1142 1913 Seu.
1159 1888 1270 1921 Hippol.
1285 1893 1325 1917 82.
1391 1896 1466 1922 gnum
1488 1888 1601 1926 caeles-sc,
1618 1889 1688 1927 cuius
1712 1887 1889 1926 mjnhologiam
1913 1884 1996 1912 tradit
2011 1886 2111 1926 Hygin.
2126 1889 2190 1914 Fab.
2205 1898 2257 1921 ¹30-
2283 1890 2343 1926 fuit
2360 1895 2431 1924 „emp

266 1929 286 1953 i.
299 1928 395 1953 latratu
405 1925 539 1961 prodidere
545 1926 643 1962 feram.
716 1923 853 1951 Arunllau
877 1924 996 1958 Propert.
1009 1932 1038 1956 4,
1051 1928 1075 1956 8,
1088 1931 1133 1956 24.
1207 1922 1326 1949 Affiduus
1392 1923 1483 1947 Maera
1498 1923 1579 1947 Icarii
1592 1928 1618 1947 ct
1631 1923 1757 1955 hugones
1770 1930 1850 1947 canis.
1893 1922 2001 1946 Vocatur
2015 1929 2037 1947 et
2051 1922 2134 1948 Sinus
2146 1923 2189 1949 ubi
2203 1925 2255 1950 uid.
2280 1923 2443 1965 Add.Schoe

267 1961 401 1989 Columel.
416 1969 442 1996 7,
459 1970 495 1994 12,
511 1969 532 1994 5.
605 1960 687 1988 Auidi
702 1960 820 1986 scindent
833 1958 935 1993 perfida
948 1959 1028 1984 corda
1043 1968 1117 1985 canes
1137 1959 1255 1985 Ouidin
1265 1959 1326 1984 Ibin
1392 1957 1546 1982 Germanici
1562 1956 1604 1982 ubi
1618 1956 1646 1982 de
1658 1957 1731 1982 Cane.
1773 1957 1839 1982 Plin.
1856 1961 1892 1987 ιε,
1906 1961 1936 1986 28
1957 1956 2025 1982 Dein
2037 1957 2178 1991 postridie,
2192 1959 2250 1986 fere
2263 1959 2364 1995 vbique
2381 1969 2424 1992 (or
2438 1969 2445 1979 *

270 2006 326 2032 ¹70·
363 1997 438 2032 Virg‚
453 1998 552 2030 Georg.
567 1999 654 2029 3‚496
676 1996 747 2021 Hinc
761 1994 871 2020 canibus
884 1994 990 2020 Blandis
1006 1994 1094 2021 rabies
1112 1995 1196 2022 venit.
1259 1996 1325 2021 Cae-
1341 1999 1374 2024 50
1391 1993 1484 2018 fessum
1497 1993 1567 2018 inter
1585 2001 1677 2018 omnes
1697 1991 1765 2017 fidus
1785 1991 1919 2022 indicans,
1941 1992 2012 2026 quod
2031 1994 2110 2019 Canis
2129 2001 2219 2020 ortum
2233 1999 2373 2027 vo'camus,
2386 1995 2423 2022 sol

266 2033 336 2060 rulei
356 2041 431 2059 canes
449 2043 464 2058 a
477 2033 597 2066 Virgilio
616 2032 736 2057 dicuntur
755 2038 828 2056 canes
851 2030 945 2063 Scyllae
967 2030 1030 2055 Aen.
1052 2039 1075 2062 3,
1089 2039 1145 2064 432.
1218 2031 1324 2057 Celeres
1391 2029 1505 2063 primam
1526 2033 1626 2062 partem
1647 2027 1733 2054 leonis
1753 2027 1875 2062 ingren‘o.
1919 2027 1978 2053 Hoc
1997 2027 2025 2053 fit
2045 2029 2101 2062 post
2122 2029 2269 2057 Solstitium
2288 2038 2367 2058 xxm
2387 2030 2422 2057 di·

267 2068 349 2096 Ouid·
365 2068 443 2102 Epist·
457 2077 486 2101 4,
499 2076 544 2099 42·
617 2066 674 2093 Citi
693 2074 783 2096 canes,
801 2065 894 2091 Css'ferffl
915 2064 989 2089 Idem
1001 2065 1080 2098 Epist.
1096 2073 1118 2097 ς,
1134 2074 1174 2091 20.
1248 2067 1324 2094 Duli-
1389 2065 1512 2091 Sentium
1526 2064 1554 2090 id
1567 2063 1652 2091 maria
1665 2070 1691 2090 et
1707 2070 1810 2096 terrae,
1830 2062 1930 2089 multae
1948 2071 2015 2088 vero
2027 2070 2053 2090 et
2071 2064 2160 2096 ferae,
2177 2071 2206 2091 vt
2225 2066 2277 2092 suis
2296 2066 2361 2092 locis
2370 2066 2420 2091 dix

267 2104 342 2131 chius
355 2103 472 2131 Martial.
494 2112 527 2135 11,
539 2110 584 2137 70.
615 2101 707 2136 Vlyilis
725 2103 783 2133 ille,
802 2103 847 2136 qui
865 2101 950 2126 herum
969 2100 1080 2125 reducem
1095 2098 1152 2134 pqsi
1172 2102 1229 2125 XX
1245 2111 1324 2127 annos
1390 2110 1457 2126 mus.
1496 2101 1593 2134 Neque
1612 2100 1649 2126 est
1667 2100 1758 2126 minor
1770 2100 1795 2126 ei
1813 2098 1967 2131 venerati0‚
1983 2107 2062 2133 quam
2081 2098 2215 2133 descriptis
2227 2101 2257 2127 in
2273 2100 2337 2126 dcos
2353 2100 2421 2126 stelli

266 2142 382 2177 agnouit.
453 2138 566 2165 Emeriti
579 2138 640 2164 Stat.
655 2137 719 2164 Silu.
734 2147 756 2170 3,
771 2145 792 2169 ι,
806 2142 843 2169 58.
915 2136 1047 2162 Erroueus
1062 2135 1195 2161 Columel.
1209 2143 1234 2169 7,
1249 2144 1287 2168 12,
1301 2144 1323 2168 ς.
1391 2136 1571 2169 Accenditque
1584 2136 1688 2168 Solem,
1704 2142 1730 2162 et
1753 2143 1875 2169 magnam
1893 2135 1999 2160 obtinet
2013 2134 2095 2161 aestus
2116 2135 2227 2161 causam.
2281 2136 2349 2162 Acer
2362 2137 2385 2161 A

267 2176 336 2203 Suet.
349 2175 426 2210 Vesp.
443 2184 455 2208 ς
474 2175 554 2202 Canis
567 2174 705 2200 Extrarius
718 2182 733 2200 e
746 2173 832 2200 triuio
847 2180 955 2197 manum
977 2171 1119 2197 humanam
1139 2171 1238 2197 intulit.
1275 2173 1323 2197 Ar·
1345 2177 1373 2202 55
1389 2170 1449 2194 mni
1470 2170 1552 2195 Canis
1571 2171 1660 2195 Valer.
1685 2170 1768 2196 Flacc.
1792 2172 1893 2204 Argon.
1917 2172 1949 2202 6,
1972 2172 2016 2204 67.
2041 2173 2061 2196 i.
2085 2172 2215 2197 Autumno
2234 2169 2380 2206 feruentiff
2397 2174 2418 2179 ·'

265 2211 330 2239 nob.
346 2213 362 2237 6
377 2220 402 2246 p.
418 2212 465 2244 196
487 2211 521 2236 Vt
541 2209 604 2236 Fcssi
626 2218 717 2242 canes,
731 2209 851 2243 linguam
870 2216 918 2233 ore
936 2206 969 2233 de
989 2207 1081 2240 patulo
1102 2213 1180 2241 potus
1193 2207 1324 2233 auiditate
1390 2205 1465 2238 Virg.
1479 2205 1577 2238 Georg.
1591 2212 1618 2236 2,
1632 2212 1673 2236 353
1705 2205 1782 2236 Hoc,
1810 2205 1858 2231 vbi
1877 2204 1966 2231 hiulca
1989 2205 2030 2231 siti
2047 2205 2126 2232 findit
2145 2206 2224 2232 Canis
2245 2205 2353 2237 aestifer
2377 2218 2386 2227 a

265 2247 418 2282 proiicicns.
489 2245 582 2272 Ieiuna
596 2246 664 2271 Hor.
679 2244 761 2279 Epod.
777 2253 799 2276 ς,
814 2252 853 2276 23.
925 2243 1063 2275 Melitaei,
1083 2243 1136 2269 uid.
1156 2250 1180 2268 M
1191 2250 1207 2269 E
1217 2250 1232 2269 L
1245 2250 1251 2268 ι
1265 2249 1286 2269 Τ
1296 2249 1322 2269 12,.
1389 2241 1518 2280 Aestiuus
1530 2239 1629 2280 Tibul.
1645 2248 1668 2272 3,
1683 2247 1706 2272 5,
1720 2247 1744 2279 ²5·
1817 2240 1960 2279 Erigonum
1980 2240 2061 2267 Ouid.
2082 2236 2148 2266 F‘ast.
2164 2249 2192 2274 5,
2206 2249 2264 2275 723-
2335 2241 2358 2268 G
2381 2247 2383 2249 ·

265 2281 370 2310 Moloffi
384 2280 486 2308 nobiles.
513 2281 570 2307 Sen.
588 2281 699 2315 Hippol.
715 2289 745 2312 32
766 2280 891 2306 Teneant
911 2287 982 2304 acres
1004 2278 1062 2305 lora
1081 2279 1216 2305 Moloss‘os.
1255 2279 1322 2304 Hor.
1389 2284 1453 2303 aura
1466 2276 1533 2302 lenit
1546 2275 1664 2315 Rabiem-
1675 2284 1746 2301 canis
1760 2274 1914 2315 {ior-Epist.
1929 2283 1993 2306 1,10,
2003 2283 2036 2301 ιτ.
2083 2275 2182 2302 Icarius
2196 2276 2279 2304 Ouid.
2288 2277 2354 2304 Fast.
2369 2285 2379 2297 ι’

266 2316 446 2369 Serm.-&114
473 2316 558 2343 Simul
578 2316 672 2369 doinus
694 2316 746 2356 alta
767 2314 884 2341 Molossis
911 2313 1050 2354 Pei-sonuit
1063 2314 1189 2356 cambus.-
1218 2314 1323 2363 Lucret.
1335 2347 1371 2371 60
1546 2311 1828 2373 Estqus'ifhffjctaissiffi}
1843 2312 1951 2373 ὼςιπὲτὲῑςῖ
1963 2319 2026 2372 qpss
2038 2310 2211 2373 ‘iideell‘inels'to

262 2353 502 2418 Rogurtliiagiiiii?
511 2358 632 2421 ῧὲἓςιὲξ
642 2349 1262 2422 7ιὲῗῃωὲὅξὲ[ἵζει-Ἰᾶᾶξέῗῗιέῗίξπξςίῖῗξτῖἓὲῗ
1271 2357 1323 2417 igi..
1546 2382 1597 2410 Pro
1617 2391 1681 2409 cane
1695 2365 1804 2409 sidereo
1819 2356 1890 2409 ciniis
1905 2382 1946 2422 liic
1954 2356 2118 2416 pimpciinitur
2128 2357 2210 2415 garae,

266 2425 401 2453 Obscoeni
419 2424 495 2459 Virg.
511 2425 608 2459 Georg.
632 2433 652 2456 1,
668 2432 731 2459 470.
805 2421 894 2449 Odori
914 2421 1007 2447 Claud.
1023 2421 1055 2448 de
1070 2421 1148 2455 Rapt.
1163 2421 1281 2455 Proserp.
1296 2429 1325 2453 2,
1582 2419 1629 2451 Et,
1644 2427 1726 2454 quare
1739 2424 1844 2453 pereat,
1856 2419 1894 2444 nil
1910 2418 1957 2443 nili
1972 2426 2070 2444 nomen
2084 2417 2173 2444 habet.

267 2466 322 2496 148.
394 2460 531 2487 Pastoralis
552 2460 684 2487 Columel.
705 2467 731 2494 7,
745 2467 782 2491 12,
797 2467 818 2490 3.
855 2457 927 2483 Idem
947 2465 974 2492 7,
996 2465 1036 2489 12,
1055 2462 1069 2487 8
1096 2456 1234 2483 Pecuarius
1251 2457 1322 2482 canis
1393 2453 1452 2480 Vid-
1467 2463 1523 2480 mox
1536 2461 1713 2481 CANARWM
1728 2455 1877 2489 augurium.
1915 2454 1997 2480 Ouid.
2012 2453 2044 2480 de
2060 2454 2137 2480 Nuce
2151 2459 2188 2484 118
2215 2454 2340 2482 Findinn-
2351 2455 2405 2484 11r
2422 2447 2423 2455 ¹

265 2506 353 2532 neque
365 2502 420 2523 tam
432 2496 557 2531 strigosus
570 2503 617 2523 aut
630 2496 723 2531 pernix
742 2494 822 2521 debet
836 2493 898 2524 else,
911 2501 990 2527 quam
1005 2493 1052 2528 qui
1067 2493 1155 2519 damas
1173 2501 1322 2527 ceruosque
1388 2499 1449 2516 cum
1462 2498 1526 2516 cane
1538 2496 1617 2517 terra.
1688 2491 1766 2517 Canis
1785 2490 1852 2517 sidus
1870 2490 1985 2516 inuisum
2000 2489 2124 2524 agricolis
2143 2490 2208 2516 Hor.
2223 2489 2307 2517 Serm.
2319 2499 2342 2523 ι,
2354 2497 2389 2526 7,.
2420 2483 2425 2528 l

265 2539 291 2560 et
303 2532 464 2559 velociffima
475 2532 589 2559 se&atur
601 2532 743 2564 animalia,
756 2539 804 2556 nec
816 2535 870 2556 tarn
888 2528 984 2555 obesus
996 2535 1042 2555 aut
1056 2529 1161 2563 grauis,
1178 2538 1258 2563 quam
1271 2529 1320 2555 vil-
1339 2526 1371 2558 65
1392 2526 1468 2560 Virg.
1483 2526 1580 2561 Georg.
1596 2535 1615 2557 1,
1630 2532 1671 2556 218
1693 2527 1723 2553 Et
1736 2526 1846 2553 aduerso
1861 2526 1953 2553 cedens
1968 2526 2048 2552 Canis
2062 2525 2161 2553 occidit
2172 2524 2279 2552 Austro.
2381 2521 2423 2564 ξπ.’

266 2569 307 2595 lae
330 2568 476 2603 horreique
500 2568 600 2595 custos:
633 2568 677 2595 sed
697 2574 722 2593 et
745 2566 870 2593 robustus
893 2564 1087 2598 nihilominus,
1109 2571 1134 2591 et
1153 2565 1321 2600 aliquatenus
1388 2563 1482 2593 Canis,
1488 2562 1513 2597 j}
1529 2563 1671 2595 Canicula,
1685 2563 1773 2598 facies
1791 2572 1840 2589 vna
1861 2564 1967 2589 talorum
1986 2561 2070 2594 (talos
2090 2567 2170 2588 autem
2185 2560 2307 2588 atesseriu
2326 2559 2420 2595 differ*

264 2611 384 2641 promtus
398 2613 427 2631 ac
441 2604 574 2637 strenuus,
589 2604 718 2639 quoniam
729 2609 759 2629 -et
776 2602 812 2629 -ad
826 2602 912 2628 rixam
924 2607 950 2627 et
967 2601 1000 2627 ad
1021 2609 1153 2637 pugnam,
1165 2610 1213 2628 nec
1231 2601 1321 2627 minus
1385 2599 1590 2634 meminerinm)
1611 2608 1682 2635 quam
1704 2602 1748 2634 qui
1769 2597 1859 2632 iecisti-t
1882 2595 1966 2624 ulfias
1989 2604 2050 2624 erat.
2090 2598 2158 2623 Hinc
2178 2596 2243 2624 Pers.
2257 2605 2280 2630 3,
2293 2604 2329 2630 49
2355 2596 2419 2629 Qia

264 2640 298 2668 ad
311 2641 417 2667 cursum
429 2646 612 2674 comparatur,
626 2649 686 2666 cum
700 2646 726 2665 ct
740 2639 796 2673 lupi
811 2637 940 2672 repellere
953 2636 1075 2670 infidias,
1089 2643 1115 2663 et
1135 2643 1271 2672 raptorem
1282 2637 1321 2663 fe·
1386 2633 1479 2661 dexter
1497 2634 1571 2661 senio
1583 2634 1666 2661 ferret
1703 2635 1775 2660 Scire
1795 2640 1850 2662 erat
1868 2635 1896 2661 in
1915 2634 2003 2667 votis,
2028 2633 2152 2660 damnosa
2170 2632 2286 2660 canicula
2303 2637 2419 2667 quantun

266 2685 327 2704 rum
347 2675 475 2709 consequi
494 2675 655 2709 fugientem,
679 2675 801 2709 praedam
822 2680 962 2705 excutere,
986 2679 1067 2708 atque
1089 2674 1195 2700 auferre
1215 2673 1320 2700 debeat.
1386 2670 1510 2697 Raderct.
1523 2674 1541 2697 i.
1557 2670 1679 2707 auferret.
1715 2670 1833 2704 Propert.
1846 2679 1874 2704 4,
1894 2675 1916 2702 8,
1933 2671 1970 2703 46
1990 2670 2035 2696 Me
2047 2677 2156 2704 quoque
2170 2677 2216 2703 per
2228 2667 2419 2695 talosveneren

265 2711 382 2746 Peruigil
396 2712 454 2738 Sen.
468 2711 548 2737 Herc.
563 2710 614 2737 fur.
630 2716 688 2741 809.
744 2711 884 2745 Promptus
904 2717 933 2736 ac
948 2709 1083 2741 strenuUS,
1097 2709 1150 2735 vid.
1169 2710 1318 2736 Pecuarius.
1331 2709 1368 2737 70
1386 2713 1531 2741 quaerente
1547 2705 1685 2738 secundos,
1722 2705 1829 2741 Semper
1842 2705 1959 2733 damnosi
1974 2705 2117 2732 subsiluere
2130 2713 2214 2737 canes.
2258 2703 2339 2731 Ouid.
2369 2728 2371 2730 .
2391 2702 2412 2723 '⁵

264 2747 400 2776 Pulicosae
412 2746 471 2773 cani
492 2746 609 2773 remedia
623 2747 728 2772 Colum.
741 2754 768 2781 7,
781 2754 816 2778 13,
832 2754 856 2771 2.
929 2745 1079 2779 Qiadratus
1100 2745 1230 2780 probatur
1248 2745 1320 2773 canis
1384 2751 1411 2775 2,
1421 2750 1478 2777 474
1507 2743 1580 2776 Quid
1593 2743 1697 2769 valeant
1711 2742 1770 2774 tali,
1785 2751 1840 2777 quo
1853 2742 1927 2777 pollis
1939 2742 2055 2777 plurima
2068 2741 2139 2768 iabiu
2155 2741 2284 2775 Fingere,
2296 2738 2328 2766 da
2345 2752 2349 2763 v
2408 2752 2411 2760 ι

264 2784 354 2819 potius
367 2791 448 2819 quam
463 2782 558 2817 longus
572 2788 617 2808 aut
631 2781 730 2808 breuis.
766 2780 899 2809 Columel.
911 2788 937 2815 7,
950 2789 988 2807 12.
1043 2780 1142 2808 Rabidi
1154 2781 1319 2816 Sen.Oedip.
1384 2778 1549 2814 effugiasque
1568 2787 1653 2805 canes.
1690 2779 1721 2804 Et
1741 2779 1797 2804 Art.
1812 2779 1872 2805 Am.
1892 2787 1923 2811 2,
1939 2779 1990 2804 206
2012 2778 2062 2804 Seu
2081 2777 2160 2804 iacias
2178 2777 2263 2809 talos,
2282 2775 2329 2802 vi
2344 2794 2346 2797 ψ

264 2827 323 2854 932.
380 2817 488 2846 Rabiofi
504 2817 623 2845 Scribon.
640 2825 689 2852 ¹7¹·
743 2817 859 2843 Rabiosa
875 2817 940 2842 Hor.
956 2816 1034 2851 Epist.
1049 2826 1071 2848 2,
1087 2825 1112 2849 2,
1125 2825 1166 2851 73.
1221 2817 1318 2844 Rabidi
1384 2823 1470 2849 poena
1495 2815 1633 2849 sequatur,
1657 2813 1779 2841 Damnosi
1808 2814 1892 2841 facito
1916 2814 1983 2841 stent
2002 2813 2054 2840 tibi
2075 2814 2150 2848 saepe
2168 2820 2253 2840 canes.
2289 2811 2305 2838 S

265 2857 371 2883 Lucret.
392 2862 415 2889 5,
436 2860 495 2887 890.
566 2853 700 2880 Robustus
709 2873 718 2886 ,
732 2853 784 2879 vid.
803 2852 951 2880 Pecuarius.
1024 2852 1139 2879 Solliciti
1157 2853 1239 2880 Ouid.
1253 2854 1318 2880 Met.
1383 2850 1504 2877 nostrum
1518 2860 1578 2878 curn
1593 2859 1654 2877 cane
1664 2850 1760 2885 quassat
1775 2849 1852 2877 ebur.
1872 2853 1891 2877 i.
1901 2859 1951 2876 non
1957 2849 2024 2886 soleo
2035 2850 2098 2876 talis
2110 2849 2193 2876 ludere
2221 2849 2338 2880 εΙπὶ-ἰῐςν,Δ

264 2899 298 2925 11,
312 2899 370 2925 599.
390 2892 515 2927 inquieti,
543 2891 673 2927 vigilacer.
747 2888 901 2915 Tiruncula
930 2888 1001 2914 canis
1035 2888 1167 2915 Columel.
1188 2896 1215 2923 7,
1232 2897 1268 2921 12,
1285 2897 1316 2916 11.
1334 2895 1367 2922 75
1377 2887 1511 2922 feliciter.-
1537 2886 1604 2924 quod
1622 2890 1696 2913 etiam
1715 2895 1746 2912 ex
1764 2886 1843 2913 Persii
1858 2886 1876 2912 l.
1891 2895 1914 2912 c.
1937 2887 2075 2923 colligitur.
2113 2886 2184 2912 Inter
2204 2893 2245 2911 um
2263 2884 2368 2911 tament*⁴
2403 2912 2407 2917 ,

281 2937 326 2954 uae
340 2929 451 2963 primum
462 2926 571 2962 peperit.
649 2925 789 2953 Venaticus
807 2923 881 2950 Idem
895 2931 922 2958 7,
943 2932 981 2956 12,
1000 2933 1022 2956 3.
1043 2931 1066 2950 ct
1080 2924 1171 2959 Nepos
1193 2926 1231 2956 16,
1251 2934 1276 2958 z,
1295 2933 1316 2958 5.
1383 2923 1413 2949 in
1425 2922 1533 2957 August.
1546 2930 1584 2958 71.
1597 2932 1626 2949 ex
1638 2923 1709 2950 illius
1722 2921 1826 2958 quadam
1839 2921 1874 2948 ad
1890 2921 2019 2949 Tiberium
2031 2919 2148 2957 epistola,
2162 2919 2284 2948 Coenaui
2297 2917 2339 2946 lui·
2352 2923 2367 2941 ’ὲ
2405 2923 2414 2942 ὲ,

291 2963 373 2998 igilax
393 2962 421 2989 in
438 2961 556 2988 custodia
577 2961 683 2988 Colum.
695 2968 723 2996 7,
743 2969 777 2993 12,
799 2967 821 2992 5.
894 2959 997 2993 Vigiles
1015 2961 1084 2987 Hor.
1099 2961 1188 2987 Carm.
1204 2969 1225 2992 3,
1242 2964 1280 2993 16,
1294 2970 1323 2993 3.⁴
1383 2958 1425 2991 ri,
1437 2967 1497 2985 cum
1511 2958 1616 2985 iisdem.
1653 2958 1817 2985 Access'erunt
1831 2958 1962 2984 conuiuae
1974 2957 2098 2984 Vinicius
2111 2962 2137 2983 et
2150 2955 2254 2988 Syluius
2272 2958 2347 2990 patei·

265 2999 406 3026 Villaticus
427 2997 558 3025 Columel.
579 3005 605 3032 7,
620 3006 655 3030 12,
669 3005 690 3030 3.
762 2995 852 3023 Villae
877 2994 963 3021 custos
986 2999 1060 3022 etiam
1088 3003 1193 3024 vocatur
1212 2996 1274 3022 ibid.
1294 3004 1318 3023 et
1382 3001 1424 3022 ter
1435 3003 1544 3021 coenam
1557 2994 1810 3028 lusimusyzpovrmffis
1825 3000 1852 3020 et
1863 2993 1924 3021 heri
1938 2998 1964 3020 ct
1976 2992 2066 3020 hodie.
2102 2992 2183 3019 Talis
2194 2992 2270 3020 enim'
2281 2991 2325 3018 ia
2339 2998 2357 3020 ἢ,
2399 2994 2408 3024 j}

265 3034 305 3062 Eli
324 3034 406 3061 endus
420 3033 515 3061 dicitur
528 3033 817 3068 amplissimicorporis,
829 3030 896 3058 vasti
910 3030 1017 3057 latratus
1027 3032 1184 3067 canorique,
1199 3038 1228 3058 vt
1242 3033 1317 3066 prius
1382 3031 1496 3066 quisque
1508 3039 1615 3062 canem,
1633 3037 1678 3057 aut
1692 3029 1832 3057 Senionem
1851 3029 1973 3061 miserat,
1993 3029 2021 3055 in
2041 3028 2155 3063 singulos
2175 3027 2242 3055 talos
2260 3027 2334 3062 singu
2403 3052 2405 3054 ,

266 3044 358 3098 axidgitu
371 3069 532 3102 maleficum,
546 3069 641 3096 deinde
655 3069 734 3096 etiam
751 3066 892 3102 conspeetu
906 3072 1020 3099 terreat,
1041 3072 1066 3093 et
1081 3073 1168 3094 tamen
1183 3077 1237 3095 non
1250 3078 1316 3095 nun-
1332 3070 1365 3095 80
1381 3066 1472 3093 narios
1492 3067 1521 3093 in
1532 3067 1652 3094 medium
1671 3065 1839 3093 conferebat:
1860 3074 1926 3100 quos
1940 3063 2052 3091 tollebat
2065 3064 2221 3095 vniuersos,
2239 3064 2287 3099 qui
2299 3064 2351 3092 «Vr.
2363 3090 2371 3092 .,

267 3114 346 3140 quam
358 3115 392 3134 ne
405 3106 476 3133 visus
489 3105 598 3141 quidem
612 3104 740 3133 horribili
754 3103 864 3132 fremitu
883 3103 929 3129 suo
944 3102 1018 3137 fuget
1038 3102 1204 3130 insidiantem
1381 3103 1486 3130 iecerat.
1529 3102 1588 3130 Vid.
1605 3105 1641 3130 ibi
1654 3102 1834 3140 Cafizubonum,
1847 3111 1859 3128 e
1879 3102 1982 3128 Graecis
2003 3101 2062 3127 haec
2080 3098 2254 3134 illustrantem.

266 3142 396 3169 Probatur
414 3141 556 3177 quadratus
577 3142 666 3176 potius
686 3149 767 3176 quam
786 3140 880 3175 longus
899 3143 943 3165 aut
963 3138 1053 3165 breuis
1062 3158 1070 3171 ,
1090 3140 1175 3173 capite
1189 3146 1242 3166 tam
1261 3149 1315 3167 ma-
1380 3137 1457 3166 Eleti.
1471 3149 1492 3171 1,
1504 3142 1538 3166 16
1554 3139 1699 3175 Suspicatur
1712 3139 1810 3166 Canem
1824 3136 1880 3170 effe,
1892 3146 1946 3163 cum
1958 3137 2007 3164 tali
2020 3133 2287 3173 onmesficrrexillbit,
2293 3133 2351 3169 stur*

266 3185 336 3212 gno,
348 3184 377 3204 vt
395 3178 516 3213 corporis
540 3177 664 3204 videatur
681 3186 739 3212 pars
757 3176 889 3208 maxima,
910 3173 1020 3201 deiectis
1042 3180 1068 3201 et
1089 3176 1316 3210 propendentibus
1378 3174 1460 3212 gradu
1471 3172 1614 3208 Jletillbnt:
1633 3175 1697 3211 Jimt
1715 3177 1777 3201 enim
1796 3172 1924 3208 diffiniilia
1942 3174 1990 3199 tali
2013 3174 2141 3200 naturalis
2159 3173 2262 3201 lateran
2286 3179 2356 3206 εωηΙ

266 3212 392 3246 auribus,
403 3214 432 3240 ni
466 3214 487 3240 is
498 3213 541 3241 vel
559 3213 658 3248 glaucis
671 3213 756 3240 oculis
768 3212 823 3239 acri
842 3211 944 3238 lumine
957 3209 1139 3243 radiantibus,
1159 3212 1249 3246 amplo
1264 3213 1314 3239 vil-
1378 3220 1429 3237 rem
1461 3218 1562 3238 rouocat
1573 3211 1608 3238 ad
1620 3211 1695 3238 uerba
1709 3212 1757 3238 Pro
1775 3213 1835 3236 ercii
1846 3216 1869 3235 et
1885 3209 1974 3236 Ouidii
1987 3208 2014 3235 11.
2029 3217 2064 3235 cc.
2079 3207 2121 3235 vbi
2134 3205 2255 3235 subsilire
2272 3213 2297 3234 et
2307 3205 2345 3233 st„

267 3247 377 3283 loroque
395 3257 426 3283 pe
454 3258 516 3282 ore,
537 3249 597 3276 latis
617 3250 713 3282 armis,
731 3247 854 3275 cruribus
873 3245 955 3274 craffis
975 3252 1001 3272 et
1020 3245 1114 3279 hirtis,
1135 3247 1215 3274 cauda
1237 3248 1314 3275 breui
1333 3251 1362 3280 85
1378 3254 1423 3273 nes
1454 3247 1568 3273 icuntur.
1784 3250 1798 3276 8
1836 3242 1876 3278 fist
1889 3248 1964 3271 etiam
1979 3246 2074 3271 vinculi
2086 3251 2173 3281 genus.
2199 3241 2258 3270 Viti.
2271 3243 2363 3276 locus]¹

265 3283 441 3319 vestigiorum
455 3285 572 3312 articulis
584 3291 610 3312 et
627 3285 761 3320 vnguibus
775 3282 936 3319 amplissimis
972 3297 1018 3302 —
1054 3283 1144 3309 Mores
1162 3290 1249 3310 autem
1268 3293 1313 3311 ne.
1396 3291 1448 3309 uem
1456 3282 1542 3309 (lamus
1555 3286 1582 3309 in
1595 3288 1744 3309 CATVLVS
1758 3290 1784 3308 n.
1798 3289 1823 3308 2.
1860 3280 1942 3308 l’laut.
1951 3280 2035 3308 Calin.
2045 3289 2070 3313 z,
2079 3284 2106 3312 6,
2117 3287 2148 3315 37
2171 3278 2322 3314 thuidem

1378 3292 1422 3358 Ξίς
1433 3327 1525 3345 canem
1539 3324 1565 3345 et
1578 3319 1681 3346 furcam
1694 3317 1772 3345 feras.
1809 3317 1905 3344 Catull.
1919 3327 1946 3343 n.
1961 3319 1993 3351 4⁴3
2020 3316 2158 3344 Ruborem
2176 3315 2275 3342 Ferreo
2292 3323 2315 3341 c
2341 3313 2348 3319 '

266 3319 481 3388 §dlictlantiiiitixinhli'
490 3329 581 3382 enteighlie
588 3317 1014 3384 §32pritggisceizgqtqgtcrugptliess
1021 3317 1190 3381 ’teiini'eii'eri'iali¹
1201 3328 1314 3384 ἓῑιίΐῗιιειὲ
1376 3362 1522 3390 primemus
1534 3363 1592 3388 ore,
1603 3353 1669 3391 quod
1681 3352 1747 3381 reste
1759 3353 1786 3380 de
1800 3353 1844 3379 hoc
1858 3354 1954 3379 vinculi
1966 3360 2054 3390 genere
2072 3350 2168 3386 Vqfflm
2179 3353 2234 3377 acci
2251 3352 2273 3376 ir
2285 3359 2310 3385 p.
2334 3363 2343 3371 ι»
2352 3350 2361 3379 J

265 3391 393 3424 blandos,
407 3397 436 3417 vt
449 3400 503 3417 non
520 3400 655 3427 nunquam
669 3393 751 3420 etiam
764 3391 906 3420 conserues
920 3390 1014 3417 iratius
1028 3389 1198 3423 intueantur,
1211 3391 1312 3427 semper
1411 3396 1456 3418 CA
1467 3397 1488 3416 Ν
1497 3397 1505 3417 1
1514 3388 1562 3418 cxi
1572 3397 1589 3417 1.
1598 3397 1618 3417 A
1627 3409 1636 3423 ,
1654 3398 1694 3417 ae.
1715 3389 1815 3416 Dimin.
1844 3388 1987 3426 [κυνάμυια]
2018 3390 2055 3416 De
2065 3386 2157 3422 fidere,
2166 3387 2223 3414 Cic.
2230 3357 2264 3414 ge
2271 3385 2352 3413 Nat.A

266 3426 452 3455 excandescant
474 3427 502 3453 in
523 3433 625 3455 exteros
646 3435 691 3455 etc.
889 3423 910 3464 ξ
938 3435 951 3459 3
995 3425 1091 3452 Verba:
1117 3425 1245 3453 Addicere
1264 3428 1312 3454 ali-
1321 3430 1357 3455 90
1375 3433 1399 3459 3,
1411 3428 1444 3453 26
1465 3426 1499 3453 At
1514 3425 1580 3453 illud
1593 3435 1647 3453 non
1661 3425 1742 3452 modo
1757 3426 1811 3451 no'n
1823 3425 1989 3460 arrogantis,
2002 3423 2046 3451 sed
2059 3424 2148 3459 potius
2161 3421 2312 3457 prudentis,
2336 3424 2338 3427 '

266 3473 346 3499 quem
365 3462 474 3490 canibus
496 3463 563 3490 Hor.
579 3463 658 3498 Epod.
674 3472 713 3500 17,
727 3473 758 3491 11.
829 3463 914 3498 Agere
932 3470 1007 3488 canes
1032 3460 1115 3489 Ouid.
1133 3461 1213 3496 Epist.
1235 3471 1258 3496 ς,
1276 3472 1311 3490 20
1375 3471 1436 3497 gere
1456 3462 1482 3488 se
1500 3461 1598 3490 habere
1624 3462 1726 3488 sensum
1744 3466 1771 3487 et
1786 3461 1934 3488 rationem:
1963 3461 2027 3487 haec
2051 3459 2144 3487 eadem
2168 3459 2301 3487 Orionem
2324 3470 2357 3494 ᾗ.

265 3502 394 3526 venatoris
407 3497 440 3531 qli
461 3498 541 3533 Saepe
554 3499 620 3525 citos
637 3500 680 3534 egi
700 3509 747 3535 per
759 3500 820 3535 iuga
833 3500 933 3526 summa
946 3505 1029 3524 canes.
1102 3497 1254 3525 Baubantur
1267 3499 1311 3526 de·
1374 3497 1491 3524 niculam
1525 3504 1580 3525 non
1610 3496 1715 3524 habere.
1758 3497 1832 3523 Idem
1858 3496 1890 3523 de
1911 3497 2004 3523 Diuin.
2025 3502 2048 3528 2¹,
2068 3503 2099 3529 93
2121 3504 2144 3521 c.
2160 3502 2198 3528 44
2222 3494 2260 3521 ¹111
2284 3492 2333 3531 hi!
2346 3497 2353 3520 ι’

265 3535 329 3562 serti
343 3536 370 3562 in
384 3533 492 3562 aedibus
507 3535 612 3561 Lucret.
628 3542 738 3570 5,1o7o.
808 3533 983 3563 Circumdare
1002 3532 1111 3560 canibus
1131 3533 1210 3560 saltus
1233 3535 1307 3570 Virg.
1394 3542 1442 3560 uae
1466 3542 1514 3560 nos
1541 3533 1700 3566 incolimus,
1728 3532 1786 3567 post
1805 3532 1953 3559 Solstitium
1986 3530 2114 3559 Canicula
2145 3529 2291 3566 exoritur„
2326 3541 2343 3567 ‹-

266 3571 318 3597 Ecl.
334 3580 372 3604 10,
387 3578 427 3605 57.
498 3569 624 3604 Diffipare
638 3579 712 3597 canes
725 3570 779 3598 iem
799 3571 897 3598 dicitur
909 3578 972 3605 aper
991 3567 1073 3596 Ouid.
1088 3570 1153 3596 Met.
1169 3574 1193 3601 8,
1208 3577 1268 3603 344.
1285 3577 1309 3597 ct
1374 3542 1434 3596 dem
1448 3569 1553 3604 aliquot
1571 3569 1681 3600 dicbus;
1701 3568 1769 3604 apud
1784 3568 1966 3602 Troglodytas
1986 3573 2016 3595 vt
2036 3565 2175 3596 scribitur,
2188 3571 2248 3592 ante
2261 3565 2348 3602 Solgg‘

268 3606 332 3632 Fast.
354 3615 379 3639 2,
399 3614 455 3639 232.
527 3605 645 3633 Stultitia
660 3606 696 3632 est
717 3613 843 3634 venatum
871 3607 975 3639 Ducere
1003 3605 1101 3632 inuitas
1126 3613 1201 3631 canes
1224 3606 1307 3633 Plaut.
1324 3610 1357 3637 95
1372 3605 1526 3633 Caniculam
1540 3612 1564 3633 ct
1575 3604 1730 3639 totumstdm
1742 3604 1821 3631 Canis
1834 3605 1899 3635 dici,
1923 3611 1948 3630 et
1962 3602 2075 3632 stellam,
2097 3610 2156 3638 quae
2175 3599 2208 3634 cst
2225 3604 2252 3627 in
2276 3614 2281 3622 ι
2319 3603 2337 3637 ι’

265 3641 346 3668 Stich.
362 3650 381 3674 1,
395 3650 421 3674 2,
436 3647 476 3672 82.
512 3641 586 3669 Tam
600 3641 679 3669 facile
693 3641 812 3669 homines
831 3641 984 3674 occidebat,
998 3649 1078 3676 quam
1092 3641 1163 3667 canis
1176 3646 1235 3667 exta
1248 3641 1308 3669 Edit
1372 3647 1396 3667 et
1407 3650 1474 3674 eum,
1529 3644 1540 3667 i
1555 3639 1659 3677 προκύων
1676 3641 1695 3667 s.
1707 3641 1827 3673 Procyon
1840 3640 1952 3670 dicitur,
1973 3649 1989 3665 a
2002 3637 2091 3665 Plinio
2104 3636 2191 3663 itidcm
2203 3636 2269 3664 Cani

266 3677 324 3702 Sen.
338 3676 370 3702 de
384 3684 471 3704 morte
490 3677 605 3705 Claudii.
677 3677 787 3703 Hortari
808 3677 888 3705 Ouid.
902 3677 981 3712 Epist.
996 3685 1032 3712 4,
1045 3684 1089 3710 42.
1160 3677 1308 3704 immittere
1365 3676 1473 3712 pellari,
1510 3683 1562 3704 oc‘et
1576 3676 1678 3712 Salmas.
1690 3675 1725 3702 ad
1736 3676 1818 3702 Solin.
1830 3685 1853 3711 p.
1867 3675 1982 3710 305sqq.
1997 3688 2000 3693 ·
2017 3671 2142 3706 Desidere
2155 3673 2242 3699 Varro
2256 3672 2288 3698 R.

265 3711 341 3746 Virg.
355 3711 452 3747 Georg.
466 3722 487 3746 3,
503 3721 555 3750 371.
626 3713 747 3740 Intonuit
760 3713 860 3747 ingenti
873 3713 968 3740 latratu
981 3713 1063 3745 canis,
1077 3710 1188 3738 vidimus
1199 3721 1228 3738 ex
1242 3712 1308 3740 Plin.
1370 3720 1387 3739 2
1405 3713 1427 3738 A
1441 3712 1560 3740 Solstitio
1570 3711 1604 3740 ad
1615 3711 1758 3739 Caniculae
1773 3711 1874 3747 signum
1887 3710 1942 3737 dies
1962 3716 2008 3736 xx
2018 3715 2027 3734 1
2036 3715 2066 3736 x.
2086 3707 2206 3734 Scribon.
2219 3714 2273 3735 20¹2

265 3752 290 3780 8,
304 3755 350 3780 40.
420 3748 509 3776 Latrat
523 3750 590 3776 Hor.
603 3748 686 3776 Serm.
703 3756 723 3781 1,
736 3756 762 3780 2,
777 3753 828 3778 ηε.
901 3749 980 3776 Canis
999 3747 1110 3775 timidus
1123 3746 1308 3775 vehementius
1370 3747 1473 3774 niculae
1488 3748 1556 3775 fidus
1572 3748 1669 3775 oritur.
1713 3749 1750 3774 De
1771 3747 1936 3780 Stellatjneer
1953 3745 2025 3770 alios.
2097 3743 2153 3770 Cic.
2174 3743 2207 3770 de
2225 3741 2307 3781 Diuin

264 3783 357 3811 latrat.
365 3791 443 3816 quam
457 3785 561 3812 mordet
574 3786 650 3812 Cui-t.
664 3792 691 3820 7,
699 3793 726 3818 4.
797 3783 958 3811 Maritantur
968 3793 1060 3817 canes,
1072 3775 1125 3811 vid.
1146 3789 1306 3811 MAlevs.
1317 3789 1363 3807 ¹00
1372 3793 1393 3810 c.
1409 3791 1440 3818 57
1465 3785 1500 3810 Vt
1512 3785 1585 3811 enim
1603 3785 1671 3810 Ceos
1684 3783 1830 3818 accepimus
1847 3786 1936 3808 ortum
1950 3778 2093 3806 Caniculae
2111 3778 2255 3814 diligenter
2273 3781 2301 3812 q·

265 3816 522 3858 Plorantesnffigiune
534 3820 666 3848 'submifl'o
684 3827 797 3854 corpore
814 3818 900 3854 plagas
919 3820 1022 3847 Luc-ret.
1037 3828 1060 3854 ς,
1076 3827 1145 3855 1071.
1180 3818 1308 3853 Spargere
1369 3819 1453 3846 solere
1469 3820 1589 3853 seruare,
1614 3818 1847 3852 coniefturamque
1865 3823 1973 3850 capere,
1997 3821 2027 3841 vt
2039 3814 2133 3841 scribit
2154 3810 2279 3841 Ponticus

262 3858 340 3880 'canes
354 3853 435 3893 Ouid.
451 3855 515 3883 Met.
529 3861 553 3890 8,
565 3865 622 3891 343.
642 3855 671 3883 de
690 3862 752 3891 apro
764 3853 908 3889 Calydonio.
978 3856 1106 3890 Super-are
1125 3863 1214 3882 canem
1228 3855 1305 3881 cursu
1370 3855 1424 3887 des,
1439 3854 1586 3882 salubrisne
1598 3864 1631 3882 an
1646 3850 1767 3890 pestilens
1778 3860 1862 3879 annus
1874 3851 1981 3878 futurus
1993 3849 2032 3877 sit.
2069 3851 2141 3878 Nam
2155 3849 2172 3877 si
2186 3847 2291 3876 obscuri

264 3889 333 3916 Hor·
349 3888 428 3922 Eplst-
443 3897 460 3918 Ι,
475 3895 510 3921 18,
524 3899 558 3924 ςι.
631 3893 652 3919 Α
667 3899 730 3918 cane
745 3899 799 3917 non
812 3899 854 3917 ma
873 3899 909 3917 no
922 3890 995 3926 saepe
1009 3893 1134 3919 Tenetur
1146 3898 1210 3925 aper
1221 3889 1305 3917 Ouid.
1369 3890 1511 3924 caliginosa
1524 3891 1597 3918 stella
1610 3887 1754 3923 exstiterit,
1771 3888 1869 3922 pingue
1881 3892 1908 3912 et
1928 3892 2082 3912 concretum
2102 3887 2150 3913 ess'e
2172 3884 2298 3916 caelmn.
2344 3920 2346 3922 Ι
2425 3911 2428 3914 ,
2471 3919 2474 3922 Α

264 3925 339 3951 Rem.
359 3925 418 3964 Am:
437 3932 463 3950 v.
478 3934 541 3958 422.
609 3927 708 3955 Venari
727 3925 837 3954 canibus
866 3935 973 3961 eporcm
992 3928 1067 3962 Virg.
1089 3927 1186 3961 Geor-g.
1206 3934 1228 3959 3,
1246 3934 1305 3960 410.
1368 3924 1513 3960 adspiratio
1527 3926 1616 3961 grauis
1631 3930 1658 3952 et
1670 3922 1792 3958 pestilens
1805 3923 1895 3949 sutura
1909 3921 1954 3948 sit:
1975 3922 2012 3948 sin
2025 3921 2136 3949 illustris
2145 3926 2177 3948 et
2187 3917 2331 3956 perlucida*
2344 3955 2347 3957 Β

262 3960 373 3987 Vlulare
385 3959 513 3987 dicuntur
524 3969 614 3993 canes,
632 3965 713 3998 Qum
731 3963 923 3990 lamentantibus
938 3961 1030 3996 similat
1042 3963 1168 4000 lugubrem
1181 3961 1304 3998 quandam
1313 3965 1357 3993 105
1365 3960 1682 3996 apparuerit‚fignifienri
1689 3958 1790 3986 caelum
1797 3958 1846 3985 ess'e
1859 3963 1940 3985 tenue
1953 3966 2112 3993 purumque,
2121 3960 2290 3992 etptopffl’ffl
2295 3944 2402 4017 Νῑῑξσ
