2474 4182
777 114 1030 153 DISSERT.
1064 114 1142 153 DE
1174 112 1512 153 PRAECIPVIS
1543 114 1775 153 LEXICIS
1805 115 1926 154 LAT.

298 223 364 271 ptis
379 232 418 255 ea
434 217 529 255 causa
546 219 784 263 argumentum
799 208 976 259 praebuit,
1004 223 1091 261 quae
1105 223 1196 248 nunc
1212 212 1326 248 omni-

301 288 363 313 um
385 271 543 310 manibus
567 276 720 305 teruntur
736 294 746 311 ,
773 264 946 303 nonnullis
963 269 1065 303 etiam
1082 264 1200 303 facetis
1224 276 1258 302 et
1279 265 1326 302 lc-

301 329 389 379 pidis
405 358 415 375 ,
443 326 546 363 veluti
560 318 748 358 immortali
766 319 814 357 illi
829 322 926 370 operi
950 321 1046 371 quod
1062 321 1186 358 dicitur
1201 319 1326 373 Episto-

302 383 354 421 lae
376 380 579 431 olfiurorum
599 375 748 412 virorum
761 404 771 423 ‚
800 374 1136 413 vbi'Monachorum
1159 376 1325 413 inscitiam

301 435 409 487 probe
426 432 572 480 exagitat
586 459 597 477 ,
631 439 666 467 et
681 430 724 467 de
747 430 1016 479 petulantissimo
1035 431 1223 468 hominum
1251 443 1326 479 gre-

302 505 345 541 ge
360 518 370 535 ‚
392 487 426 539 ¹fi
448 484 498 524 fas
518 483 557 524 fit
589 487 636 522 ita
659 485 772 522 dicere
789 514 800 531 ,
824 486 921 535 serio
949 486 1139 534 triumphat
1153 515 1163 534 ,
1196 484 1263 523 siue
1287 484 1327 522 fit

304 559 323 580 c
339 558 358 580 A
374 556 392 579 P
405 554 430 578 N
445 555 457 578 1
471 554 494 578 o
510 570 521 588 ,
555 538 624 578 fiue
645 553 688 577 ex
713 538 938 577 familiaribus
951 568 959 582 ‚
996 542 1177 578 incertum.
1238 542 1327 578 Vide

298 597 383 649 quid
406 596 449 634 de
464 607 503 633 ea
526 608 563 633 re
587 594 777 644 disputatus
801 596 894 644 apud
911 594 1064 633 Baelium
1085 597 1121 632 in
1138 599 1225 633 Lex.
1240 597 1325 633 Crit.

298 665 331 693 v.
352 649 602 698 Hochstrazus,·
644 650 781 688 Maium
809 652 846 687 in
879 652 938 688 vit.
982 649 1157 688 Reuchlim'
1172 664 1186 692 ;
1231 650 1326 688 Plac-

299 709 387 746 cium
410 707 454 745 de
468 703 698 755 Scriptoribus
715 706 833 744 Anon.
857 714 923 746 etc.
955 719 974 743 c
989 720 1009 742 A
1026 719 1043 742 ι’
1057 719 1082 742 N
1098 719 1110 742 x
1125 719 1147 742 o
1160 719 1184 742 N
1196 719 1208 741 1
1230 706 1325 742 adiu-

296 763 386 801 dicat
399 764 485 800 inter
501 770 654 797 caeteros
672 760 709 796 P.
726 760 838 797 Iouius
853 762 888 797 in
902 760 1041 808 Elogiis.
1103 763 1181 798 Hos
1203 760 1326 797 aduer-

295 820 400 857 iarios
426 818 538 854 innuit
553 815 713 863 Erasmus
736 816 772 851 in
789 815 924 864 Apoth.
949 816 1142 867 Capnionis.
1205 844 1228 861 ,‚
1255 816 1326 852 ΡΟ.

287 876 316 922 '„
331 873 396 910 Sed
412 870 570 909 nullusne
583 869 813 907 comitabatur
828 872 949 918 genius
966 868 1101 906 malus?
1128 871 1194 906 BR.
1211 872 1325 906 Immo

295 959 320 978 „
336 928 467 978 aliquot
482 956 492 973 ,
519 935 558 962 vt
572 925 810 963 franciscanus
825 924 882 962 ille
895 922 1128 960 arbitrabatur.
1182 923 1326 970 Procul,

294 1008 317 1031 „
336 983 465 1034 inquit,
490 993 507 1017 a
522 990 621 1028 tergo
637 976 866 1030 sequebantur
880 991 959 1015 aues
974 977 1106 1028 aliquot
1113 980 1233 1027 pennis
1248 992 1324 1016 cae-

292 1047 400 1087 „tera
426 1037 530 1084 nigris
545 1064 557 1082 ,
590 1032 650 1071 nisi
673 1033 770 1084 quod
790 1032 960 1082 explicatu
987 1032 1117 1070 alarum
1139 1033 1246 1082 giluas
1267 1048 1325 1072 ve-

292 1123 315 1142 „
332 1095 401 1130 rius
426 1103 529 1142 quam
557 1088 718 1126 candidas
746 1087 880 1137 plumas
907 1088 1135 1126 ostenderent.
1198 1091 1296 1126 Picae
1313 1119 1324 1136 ,

292 1176 315 1196 ,‚
333 1149 468 1200 inquit,
497 1145 605 1182 videri
626 1153 791 1192 poterunt
817 1143 939 1181 colore
955 1173 966 1191 ‚
994 1156 1083 1181 voce
1099 1173 1110 1191 ,
1144 1142 1203 1181 nisi
1224 1145 1323 1195 quod

289 1232 312 1251 „
328 1201 473 1249 singulae
495 1199 645 1236 sedecim
669 1201 762 1248 picas
786 1199 969 1250 aequarent
985 1199 1222 1248 magnitudine
1246 1213 1325 1237 cor-

289 1286 312 1305 „
328 1258 422 1305 poris
439 1284 450 1302 ,
476 1253 588 1291 nihilo
613 1256 768 1291 minores
790 1252 985 1291 vulturibus
999 1282 1010 1300 ,
1039 1254 1174 1291 cristam
1194 1255 1324 1303 gestan-

288 1320 377 1360 „tes
399 1311 527 1347 vertice
546 1338 557 1356 ,
596 1309 712 1346 rostris
738 1318 773 1346 et
795 1308 968 1358 vnguibus
998 1309 1140 1346 aduncis
1155 1337 1165 1356 ,
1203 1319 1323 1348 ventre

286 1394 310 1414 „
324 1368 569 1415 prominente,
592 1366 762 1412 Harpyiae
782 1364 892 1401 videri
908 1372 1069 1413 poterant
1085 1393 1095 1411 ,
1120 1363 1144 1401 fi
1159 1373 1227 1402 tres
1245 1377 1322 1402 mo-

286 1451 310 1470 „
326 1421 375 1458 do
396 1418 543 1458 fuissent.
605 1419 676 1458 ΡΟ.
705 1418 802 1468 Qrid
819 1417 1055 1456 moliebantur
1078 1418 1161 1456 istae
1174 1419 1321 1458 Furiae?

285 1478 391 1525 „BR
427 1473 577 1521 Procul,
611 1475 750 1524 inquit,
786 1472 1029 1522 obstrepebant
1059 1472 1161 1510 heroi
1183 1475 1321 1514 Reueh-

286 1560 310 1580 ,‚
324 1531 397 1569 lino
414 1560 425 1578 ‚
453 1538 490 1567 et
506 1530 724 1578 impetiturae
741 1526 965 1574 videbantur,
990 1527 1182 1567 filicuiffet.
1211 1558 1234 1576 „

665 1590 933 1643 Sipontinus.

375 1657 635 1684 Nrcomivs
685 1658 887 1683 annor-r
905 1659 959 1683 vs
1004 1644 1283 1684 Saxoferratenfis
1307 1675 1318 1694 ,

280 1701 377 1740 claro
393 1713 520 1750 genere
535 1710 651 1747 ortus,
679 1700 977 1751 Archiepiscopus
995 1714 1011 1738 s
1025 1715 1038 1738 1
1052 1715 1069 1738 P
1082 1715 1105 1738 ο
1118 1715 1140 1738 Ν
1156 1715 1179 1738 τ
1193 1716 1205 1738 1
1220 1715 1245 1738 N
1260 1715 1282 1738 v
1298 1714 1316 1739 s

280 1757 331 1807 a)
362 1761 457 1804 1458.
486 1767 534 1804 17.
559 1753 707 1792 octobr.
733 1752 777 1806 b)
805 1784 828 1802 „
846 1754 962 1793 homo
985 1764 1148 1794 accurato
1173 1758 1316 1805 ingenio

280 1841 304 1861 „
319 1821 355 1850 et
369 1809 522 1848 leitione
537 1807 644 1847 multa
662 1811 835 1847 exercitus
850 1812 885 1858 c)
902 1840 926 1858 „
953 1823 1026 1848 non
1043 1812 1223 1849 immerito
1240 1812 1318 1860 post

285 1864 485 1904 Tortellium
508 1865 702 1902 Latinitatis
727 1864 830 1902 stator
856 1865 965 1903 videri
988 1866 1112 1916 potest.
1175 1867 1316 1903 quenis

281 1920 340 1959 ille
356 1916 527 1972 Polybium
550 1921 654 1956 Latio
676 1919 822 1957 donauit
835 1949 846 1967 ,
888 1929 981 1958 tanta
1003 1920 1170 1971 elegantia
1202 1930 1314 1958 tanto-

281 1987 351 2027 que
372 1977 486 2013 nitore
503 2003 514 2022 ,
545 1984 581 2012 vt
602 1987 710 2012 nemo
734 1974 778 2012 de
803 1974 899 2013 istius
921 1975 1046 2013 saeculi
1068 1971 1315 2025 interpretibus

280 2029 429 2069 verbum
448 2028 589 2078 fecerit,
611 2031 696 2081 quin
720 2044 738 2066 P
752 2044 772 2067 E
788 2043 810 2067 R
824 2044 846 2068 o
861 2043 884 2068 T
900 2044 922 2068 T
936 2044 960 2068 v
971 2045 999 2068 M
1031 2031 1188 2069 nostrum
1214 2032 1316 2067 omni

280 2086 545 2136 praedicationis
576 2097 703 2134 genere
725 2085 942 2123 cumulatum
970 2086 1013 2124 ad
1037 2085 1173 2124 caelum
1206 2098 1317 2137 vsque

280 2140 456 2179 extulerit.

279 2226 304 2245 „
317 2196 431 2234 studio
448 2193 664 2233 consedlatus
691 2196 903 2247 (Perottus)
930 2195 1110 2248 fretusque
1119 2195 1315 2234 Beffarione

277 2280 302 2300 „
318 2250 488 2300 generoso
503 2253 706 2288 Maecenate
719 2257 741 2296 ,⁴
756 2251 844 2290 adeo
859 2250 981 2290 exarte
1000 2251 1216 2303 feliciterque
1231 2263 1314 2301 pro-

279 2334 303 2355 „
319 2305 426 2353 fecit,
460 2314 498 2342 vt
517 2304 561 2354 ab
583 2318 627 2344 eo
651 2305 815 2354 Polybius
847 2308 1063 2356 grauiffimus
1091 2306 1313 2344 historiarum

278 2390 304 2412 „
320 2361 464 2410 scriptor
479 2361 662 2398 Latinitate
677 2361 874 2399 donaretur.
936 2365 1020 2401 Non
1036 2361 1180 2401 defuere
1196 2370 1313 2399 tamen

276 2446 300 2467 „
316 2429 360 2454 ex
376 2415 532 2463 aemulis,
545 2418 605 2467 qui
621 2417 695 2453 eius
711 2415 862 2455 aud’toris
878 2416 1136 2456 tradud'tionem
1152 2417 1314 2469 antiquis-

276 2501 302 2521 „
319 2469 437 2510 finiam
480 2469 579 2508 fuisse
611 2469 776 2524 furtoque
817 2473 1009 2523 surreptam
1049 2472 1288 2510 existimarunt
1301 2502 1312 2520 ,

277 2556 301 2576 ,‚
317 2525 414 2578 quod
447 2524 696 2573 Thucydidem
710 2556 721 2573 ‚
755 2527 957 2566 Diodorum
976 2556 985 2570 ‚
1018 2527 1242 2566 Plutarchum
1275 2536 1312 2566 ct

275 2611 299 2630 ,‚
317 2582 515 2632 Appianum
524 2578 710 2619 clariffimo
721 2583 942 2629 ingeniorum
957 2586 1147 2621 certamine
1163 2596 1312 2622 conuer-

274 2666 299 2686 ,‚
316 2636 372 2674 los
388 2665 398 2682 ‚
421 2647 508 2673 vnus
521 2634 684 2685 Polybius
697 2638 832 2687 egregia
847 2637 915 2674 fide
930 2641 1071 2677 Latinus
1087 2637 1312 2690 aequabili'et

275 2720 299 2740 ‚,
316 2689 491 2741 praedulci
509 2691 658 2728 Romani
674 2691 843 2729 sermonis
859 2694 1006 2742 puritate
1022 2693 1161 2743 prorsus
1174 2702 1311 2730 antece-

276 2775 300 2795 „
315 2747 384 2784 dat.
409 2775 432 2793 „
486 2744 585 2782 Paul.
602 2746 670 2784 lou.
695 2748 735 2784 in
747 2746 847 2797 Elog.
901 2749 944 2784 Et
968 2749 1013 2784 ita
1041 2746 1113 2785 fere
1130 2743 1306 2796 Ccfiiubon.

275 2804 313 2840 in
337 2798 551 2851 praefatione
582 2799 624 2836 ad
647 2798 820 2851 Polybium
843 2816 855 2839 .·
895 2831 918 2850 „
934 2801 1099 2839 Nicolaus
1121 2803 1281 2839 Perottus
1296 2830 1307 2848 ,

273 2886 297 2906 „
313 2855 490 2894 literarum
507 2856 705 2893 Latinarum
722 2886 732 2904 ,
766 2869 850 2908 quas
867 2858 989 2907 perdiu
1007 2857 1129 2897 docuit
1144 2885 1156 2904 ,
1183 2856 1307 2907 exqui-

273 2940 298 2960 ,‚
312 2909 371 2950 fite
387 2940 399 2960 ,
431 2918 469 2948 vt
488 2909 543 2947 illa
561 2920 657 2947 erant
673 2919 830 2960 tempora
845 2941 855 2960 ,
891 2909 959 2949 fuit
973 2913 1103 2962 peritus
1117 2940 1127 2958 ,
1161 2920 1196 2948 et
1222 2923 1305 2948 cum

275 2995 298 3014 ,‚
312 2965 434 3015 primis
457 2964 614 3003 curiosus
643 2983 737 2996 -—
785 2969 865 3004 Erat
882 2976 1055 3016 praeterea
1077 2968 1114 3003 in
1138 2965 1211 3004 hoc
1227 2967 1304 3004 viro

272 3049 297 3069 „
313 3032 384 3056 non
398 3019 546 3068 vulgaris
569 3019 730 3057 industria
751 3022 787 3057 in
804 3023 948 3060 Graecis
973 3023 1020 3059 ita
1034 3020 1209 3059 vertendis
1225 3050 1236 3068 ,
1267 3030 1304 3058 vt

273 3105 296 3123 ‚,
312 3072 447 3111 nullum
461 3073 620 3124 perstrepe
628 3076 751 3112 Gracci
767 3075 944 3114 idiomatis
958 3078 993 3114 in
1003 3077 1124 3114 Latina
1138 3077 1212 3113 eius
1229 3088 1306 3112 ver-

273 3159 297 3178 „
314 3126 407 3169 fione
418 3128 598 3177 vestigium
613 3139 807 3179 appareret,
820 3143 924 3182 quam
941 3131 1117 3169 interdum
1133 3129 1199 3168 effe
1214 3143 1306 3180 opus

272 3213 295 3233 „
312 3179 496 3235 οἰυτοφυές
511 3183 614 3229 dicaS,
633 3197 705 3222 non
722 3183 821 3223 alieni
835 3187 1165 3236 interpretationem.
1195 3185 1306 3238 Qiod

271 3268 295 3288 ,‚
309 3238 333 3278 fi
352 3251 411 3288 par
432 3238 518 3281 fides
541 3239 764 3288 responderet
777 3269 789 3288 ‚
815 3242 904 3278 inter
929 3239 1234 3278 excellentiffimos
1252 3243 1305 3276 In-

271 3302 477 3343 „terpretes
513 3302 648 3342 poterat
682 3294 751 3333 fine
786 3294 895 3333 dubio
931 3298 1090 3334 Perottus
1124 3294 1304 3336 recenleri.

269 3378 293 3398 „
305 3352 424 3387 Nemo
439 3350 532 3385 enirn
547 3347 613 3385 illis
630 3349 848 3399 temporibus
865 3349 1030 3388 Italorum
1050 3360 1140 3397 erat,
1156 3351 1216 3400 qui
1233 3361 1305 3386 am-

269 3433 295 3453 „
310 3402 401 3463 plius
416 3405 551 3450 Graece
569 3402 680 3451 sciret,
699 3417 804 3455 quam
828 3405 886 3444 hic
902 3408 1072 3456 Interpres
1088 3420 1099 3452 ·‚
1127 3405 1228 3454 pauci
1244 3406 1305 3456 qui

269 3486 294 3505 ‚,
310 3467 464 3506 tantum,
480 3463 649 3510 quantum
665 3457 731 3495 ille.
766 3489 788 3508 „
855 3461 942 3499 Vide
963 3462 1067 3499 etiam
1088 3455 1210 3498 cadem
1231 3457 1304 3497 fere

269 3511 362 3561 apud
390 3513 494 3554 Huet.
514 3512 558 3550 de
573 3512 662 3551 Clar.
688 3516 865 3564 interpret.
888 3527 962 3566 pag.
985 3516 1058 3564 165.
1131 3515 1303 3563 Quamuis

269 3564 351 3603 alibi
374 3565 477 3616 longe
498 3567 786 3611 *diuertasentire
814 3570 857 3607 de
882 3585 900 3607 Ρ
913 3571 967 3609 Εἰι
981 3583 1003 3608 o
1017 3585 1040 3608 τ
1054 3583 1077 3608 ‘r
1090 3583 1104 3607 1
1136 3568 1225 3608 fama
1251 3571 1301 3606 vi-

268 3620 398 3659 deatur.
452 3650 475 3668 „
490 3625 648 3661 Perottus
656 3625 779 3661 Latine
792 3625 936 3676 quidem
952 3625 1126 3678 loquitur,
1147 3623 1204 3662 sed
1222 3623 1300 3661 lon-

510 2169 534 2188 „
550 2140 683 2178 Exinde
700 2141 833 2179 Romae
848 2143 994 2179 Graecas
1019 2140 1132 2180 literas
1147 2142 1327 2190 pertinaci

1390 238 1412 256 ,‚
1427 220 1499 245 non
1523 210 1796 248 contemnendus
1811 215 1969 250 Perottus
1991 208 2029 249 fit
2044 241 2054 258 ‚
2091 210 2150 261 qui
2166 213 2236 260 vir,
2262 209 2286 251 fi
2302 212 2417 250 (Εἴπω

1391 293 1415 312 ,‚
1431 275 1547 300 carum
1561 261 1734 302 literarum
1756 269 1997 316 cognitionem
2013 263 2177 304 habuisset
2191 295 2202 312 ‚
2237 269 2273 304 in
2287 280 2332 305 eo
2352 280 2414 316 ge·—

1391 348 1414 366 „
1430 331 1510 356 nere
1531 317 1720 366 scriptionis
1737 322 1948 369 paene'mihi
1971 334 2111 371 regnare
2131 319 2302 359 videretur
2319 337 2325 359 :
2352 322 2409 359 sed

1389 402 1411 422 „
1426 373 1551 411 rudem
1566 371 1662 409 fuisse
1676 375 1724 414 τὲ
1740 374 1956 427 Ἑλληνισμέ
1976 377 2090 426 reapse
2106 374 2417 424 deprehendimus,

1390 458 1412 476 „
1427 428 1471 467 fic
1489 438 1604 465 tamen
1618 436 1654 465 vt
1670 423 1728 467 τὸν
1742 428 1984 482 καλοκᾳγαθὸν
2007 430 2225 478 Musculum,
2252 434 2311 481 qui
2325 430 2413 480 frag-

1390 494 1543 532 „menta
1566 485 1665 521 vertit
1688 485 1804 523 multis
1839 488 2026 536 parasangis
2047 488 2197 524 anteiret.
2233 513 2255 532 ,‚
2313 488 2413 534 Epist.

1391 568 1414 587 „
1429 550 1507 586 425.
1563 568 1585 586 „
1602 540 1639 575 In
1653 536 1795 586 Polybio
1823 541 1885 579 scis
1910 555 1966 579 me
1986 555 2077 579 nunc
2094 541 2158 578 esse
2171 569 2181 585 ‚
2218 540 2318 579 cuius
2339 553 2413 577 ver-

1389 622 1412 641 „
1430 593 1560 632 fionem
1580 607 1624 631 ne
1643 606 1701 629 me
1726 597 1899 642 poeniteat
1918 596 2016 635 fuisse
2038 595 2226 645 aggreffum
2241 625 2253 643 ,
2286 597 2419 633 Perotti

1388 651 1620 698 „interpretis
1641 646 1773 685 fatuitas
1796 647 1876 688 facit
1896 679 1909 698 ,
1946 654 2006 703 qui
2034 651 2127 689 mille
2152 650 2299 700 amplius
2328 650 2414 688 locis

1387 733 1410 751 „
1428 703 1554 740 omiss'o
1572 702 1716 750 Polybio
1734 706 1873 743 Liuium
1887 705 2055 756 descripsit
2072 704 2173 743 nobis
2184 735 2194 754 ,
2221 718 2325 756 quare
2339 718 2414 743 rne-

1388 786 1411 805 „
1426 760 1495 795 rito
1510 758 1580 795 Itali
1595 761 1645 795 tui
1653 761 1873 796 Latinitatem
1888 760 2040 799 hominis
2061 762 2138 798 sunt
2152 762 2328 807 admirati,
2355 760 2415 798 sed

1389 841 1411 859 „
1426 812 1469 849 de
1487 813 1556 850 fide
1572 812 1661 849 illius
1676 815 1773 864 quod
1795 815 1962 863 praedicat
1975 819 2092 854 louius
2107 818 2183 867 quis
2199 814 2287 853 ferat
2302 827 2419 866 aequo.

1388 894 1412 914 „
1429 866 1574 905 animo?
1611 868 1739 906 Irascor
1761 880 1796 906 et
1813 870 2034 908 vehementer
2056 872 2210 922 quidem.
2236 899 2258 918 ‚‚
2313 870 2418 918 Epist.

1389 923 1474 969 426.
1529 951 1553 969 „
1574 922 1684 960 Multa
1699 925 1842 974 quidem
1858 927 1892 962 in
1910 924 2044 974 lingulis
2059 926 2129 964 fere
2140 926 2418 976 periodisPcrot-

1388 1004 1411 1021 „
1428 986 1483 1012 tus
1510 989 1691 1026 perperam
1720 980 1970 1029 interpretatur.
2000 1010 2023 1027 „
2078 983 2115 1018 ln
2143 981 2345 1019 Comment.
2374 979 2418 1018 ad

1387 1027 1499 1081 Polyb.
1561 1059 1584 1078 „
1599 1032 1829 1071 Affirmamus
1851 1037 2029 1073 Perottum
2051 1046 2068 1071 a
2090 1035 2198 1073 fidelis
2217 1036 2418 1084 Interpretis

1386 1085 1524 1133 „laude
1550 1096 1683 1124 tantum
1699 1086 1824 1136 abess‘e,
1841 1101 2008 1140 quantum
2031 1091 2091 1141 qui
2112 1089 2303 1139 longiffime
2323 1112 2418 1120 —-··-

1388 1170 1411 1188 „
1427 1141 1586 1179 Omnino
1603 1141 1770 1191 praelium
1783 1143 1915 1182 nullum
1931 1174 1940 1191 ‚
1968 1145 2100 1183 facinus
2120 1144 2265 1183 militare
2281 1144 2419 1183 nullum

1388 1224 1411 1243 ,‚
1427 1209 1445 1233 a
1460 1195 1606 1244 Polybio
1620 1195 1732 1235 fuerat
1749 1197 1866 1247 paullo
1882 1199 2079 1249 diligentius
2094 1210 2279 1247 narratum,
2294 1202 2330 1237 in
2344 1212 2418 1251 quo

1387 1280 1410 1298 „
1424 1253 1616 1300 grauiffima
1639 1262 1674 1290 et
1695 1256 1869 1291 momenti
1890 1257 2032 1293 maximi
2054 1265 2193 1304 peccata
2215 1254 2257 1292 ab
2272 1255 2343 1292 hoc
2358 1258 2415 1293 In-

1387 1335 1410 1354 „
1426 1317 1575 1356 terprete
1602 1320 1675 1345 non
1693 1306 1768 1345 'fint
1798 1309 1946 1349 admissa.
1981 1339 2004 1357 „
2067 1309 2208 1349 Praefat.
2236 1310 2280 1347 ad
2304 1307 2416 1360 Polyb..

1385 1390 1408 1409 „
1422 1365 1511 1411 Qus
1532 1361 1618 1400 ferat
1634 1362 1739 1413 longe
1758 1364 1847 1402 adeo
1873 1364 1915 1402 ab
1938 1363 2090 1404 auetoris
2111 1365 2161 1404 sui
2175 1363 2290 1403 verbis
2310 1364 2418 1402 disce-

1385 1446 1408 1466 „
1423 1417 1565 1455 dentem
1584 1447 1596 1464 ,
1629 1428 1687 1456 aut
1710 1421 1786 1470 quis
1821 1430 1923 1469 neget
1942 1421 2114 1470 flagitium
2135 1420 2201 1458 effe
2218 1419 2346 1469 infigne
2363 1429 2419 1457 tot

1384 1501 1407 1519 ,‚
1423 1471 1510 1510 locis
1535 1471 1638 1510 verba
1657 1503 1668 1521 ‚
1703 1474 1870 1523 periodos
1894 1485 1997 1527 atque
2017 1475 2106 1513 adeo
2128 1477 2307 1525 pericopas
2329 1476 2418 1513 inte·⁴

1383 1555 1408 1574 „
1422 1539 1498 1576 gras
1520 1540 1540 1564 e
1562 1530 1667 1566 Liuio
1691 1529 1882 1567 desumiiffe
1903 1541 1937 1568 et
1959 1529 2149 1569 lecioribus
2171 1532 2324 1568 Graecae
2351 1529 2415 1567 lin-

1383 1609 1408 1629 ,‚
1424 1595 1510 1631 guae
1526 1584 1693 1632 imperitis
1709 1583 1885 1623 obtrufiffe
1904 1598 1969 1635 pro
1977 1584 2192 1633 Polybianis?
2219 1584 2288 1622 Vbi
2304 1584 2412 1622 fides?

1384 1665 1407 1684 ,‚
1422 1635 1489 1674 Vbi
1504 1637 1646 1688 pudor?
1680 1642 1717 1676 In
1741 1649 1832 1677 tanta
1847 1643 1951 1690 igitur
1965 1653 2125 1678 errorum
2147 1642 2263 1678 omnis
2279 1641 2416 1689 generIs

1380 1720 1405 1740 ,‚
1421 1694 1521 1742 copia
1537 1692 1663 1742 fingula
1679 1694 1768 1732 velle
1782 1696 1950 1746 persequi,
1958 1696 2055 1747 quod
2070 1698 2267 1745 petiuerunt
2279 1708 2298 1733 a
2313 1694 2415 1743 upbis

1380 1775 1404 1795 ,‚
1419 1747 1596 1794 nonnulli,
1620 1751 1693 1787 eius
1708 1748 1746 1788 fit
1760 1749 1995 1802 hominis‚qui
2021 1750 2139 1799 (vetus
2155 1749 2310 1798 dietum)
2334 1749 2416 1788 velit

1381 1830 1404 1848 ,‚
1419 1801 1541 1839 tollere
1558 1805 1593 1840 in
1607 1802 1699 1841 lente
1719 1816 1945 1854 vnguentum.
1971 1835 1993 1853 „
2046 1806 2094 1842 Id.
2111 1804 2193 1845 ibid.
2249 1809 2413 1848 Attamen

1379 1868 1454 1894 non
1471 1856 1564 1893 solus
1585 1868 1657 1894 erat
1675 1859 1785 1896 [ouius
1808 1862 1844 1897 in
1859 1862 2049 1909 praeconio
2074 1860 2180 1897 huius
2201 1862 2412 1908 Interpretis.

1378 1910 1600 1958 Adiungatur
1613 1908 1793 1950 Sabellicus
1807 1914 1851 1950 de
1870 1917 1909 1951 L.
1926 1918 1965 1952 L.
1987 1917 2226 1963 reparatione:
2264 1941 2287 1962 „
2303 1917 2412 1952 Nico-

1379 1994 1402 2014 „
1416 1963 1488 2002 laus
1505 1976 1588 2002 vero
1601 1967 1782 2013 Perottus,
1796 1971 1996 2015 Sipontinus
2018 1969 2152 2007 antistes
2173 1970 2250 2018 post
2261 1972 2412 2007 Lauren-

1380 2049 1402 2068 „
1417 2021 1526 2067 tium,
1554 2031 1659 2070 quem
1674 2019 1768 2057 velut
1777 2023 2008 2060 Homericum
2020 2022 2121 2060 illum
2132 2023 2308 2062 Achillem
2325 2024 2411 2062 sem—
2446 2018 2456 2025 ’

1380 2104 1403 2124 „
1420 2087 1482 2125 per
1498 2075 1742 2123 excipiendum
1757 2074 1842 2113 duxi
1857 2105 1867 2125 ,
1895 2078 2161 2128 omniumquos
2175 2077 2326 2113 diximus
2341 2082 2409 2114 La..

1379 2132 1512 2178 „tinae
1527 2129 1711 2179 elegantiae
1731 2129 1836 2179 longe
1865 2130 2119 2170 studiofiffimus
2142 2131 2276 2180 semper
2299 2129 2408 2168 habe-.

1377 2215 1402 2234 „
1416 2194 1481 2223 tur.
1536 2184 1633 2223 Nihil
1654 2184 1755 2236 ipfius
1768 2185 1916 2235 Polybio
1939 2185 2116 2224 candidius
2130 2215 2141 2232 ,
2177 2184 2264 2222 nihil
2285 2187 2403 2223 minus

1377 2239 1630 2289 „elaboratum
1650 2269 1662 2288 ‚
1705 2254 1815 2291 quum
1842 2239 2101 2279 elaboratiffima
2129 2239 2256 2292 alioqui
2285 2243 2405 2278 omnia

1377 2324 1400 2344 ,‚
1415 2304 1606 2346 appareant.
1633 2324 1656 2343 „
1710 2293 1864 2334 Andreas
1883 2298 1968 2333 item
1988 2293 2181 2347 Vic‘l‘orqllus
2196 2298 2229 2332 in
2240 2295 2405 2332 Additio-

1376 2350 1481 2389 nibus
1506 2350 1547 2389 ad
1561 2351 1753 2388 Ciaconium
1770 2364 1785 2392 ‚-
1821 2380 1844 2399 ,‚
1861 2352 1998 2389 quenis
2023 2361 2094 2388 erat
2108 2349 2272 2388 Nicolaus
2287 2353 2404 2387 Perot-

1375 2435 1398 2455 „
1414 2416 1470 2445 tus
1483 2403 1762 2444 Saxoferratenfis
1778 2435 1789 2453 ‚
1815 2405 1908 2444 claro
1929 2415 2026 2443 ortus
2049 2418 2192 2455 genere,
2208 2418 2289 2442 cum
2304 2404 2406 2453 Poly-

1376 2491 1401 2511 „
1415 2461 1514 2499 bium
1529 2463 1710 2499 Latinitate
1726 2460 1870 2498 donauit
1886 2475 1893 2498 :
1919 2459 1986 2498 fuit
2001 2463 2030 2498 is
2046 2461 2172 2498 deinde
2189 2460 2405 2497 eruditissimi

1374 2545 1397 2566 „
1415 2516 1517 2556 Card.
1535 2517 1665 2555 Picaeni
1685 2513 1879 2563 familiaris,
1895 2529 2002 2568 quem
2024 2518 2114 2553 veris
2138 2513 2294 2553 laudibus
2315 2513 2404 2552 cele-

1374 2601 1398 2620 „
1415 2570 1556 2618 brauit,
1590 2579 1624 2609 et
1643 2571 1743 2608 cuius
1772 2572 1878 2608 vitam
1893 2600 1904 2618 ,
1940 2570 2158 2610 defideratam
2180 2580 2295 2607 tamen
2327 2568 2402 2607 fuse

1373 2655 1397 2675 „
1413 2624 1635 2675 conscripfit:
1676 2624 1738 2663 alia
1763 2639 1808 2664 ex
1832 2627 1976 2663 Graecis
1999 2623 2157 2664 fontibus
2190 2625 2234 2663 ad
2256 2625 2399 2662 Latinos

1373 2708 1397 2727 „
1412 2681 1505 2718 idem
1521 2679 1695 2719 transsnifit
1709 2710 1720 2727 ,
1748 2692 1838 2732 quae
1854 2693 1921 2729 ego
1937 2680 2028 2730 apud
2044 2683 2269 2731 Torquatum
2283 2682 2403 2717 Perot-

1371 2764 1394 2783 ,‚
1410 2745 1486 2773 tum
1512 2738 1680 2774 maiorem
1699 2735 1827 2773 Vrbani
1845 2739 1951 2773 V111.
1982 2736 2159 2774 Pontificis
2176 2734 2416 2785 Capellanuniffl

1371 2800 1394 2839 „
1408 2799 1443 2828 et
1465 2789 1724 2828 Cubicularium
1749 2793 1914 2828 intimum
1928 2820 1939 2838 ,
1973 2793 2042 2828 nec
2056 2802 2129 2827 non
2160 2790 2222 2827 alia
2244 2787 2407 2827 eiusdem?

1370 2875 1394 2894 ,‚
1411 2847 1583 2894 Sipontini
1602 2845 1866 2896 Archiepiicopi
1887 2845 2082 2884 Martialem
2104 2847 2286 2896 praecipue
2311 2843 2398 2882 cala-

1369 2930 1392 2950 „
1408 2911 1470 2937 mo
1485 2899 1526 2938 ab
1545 2899 1621 2951 ipso
1636 2910 1811 2939 exaratum
1834 2911 1869 2938 et
1883 2901 2024 2938 eruditis
2039 2900 2176 2938 scholiis
2199 2899 2405 2938 illustratum
2437 2907 2449 2947 ζ

1368 2985 1392 3004 ,,
1409 2953 1487 2993 MS.
1507 2956 1655 3006 adspexi.
1681 2985 1704 3004 ‚‚
1756 2959 1799 2994 Et
1813 2956 2012 3005 Franciftus
2028 2952 2185 2993 Floridus
2203 2952 2348 2993 Sabinus
2363 2956 2405 2992 in¹
2424 2975 2426 2977 ·

1367 3009 1523 3060 Apolog.
1548 3014 1587 3048 L.
1603 3015 1648 3049 L..
1673 3023 1706 3061 p.
1726 3023 1782 3048 111.
1828 3010 2094 3049 Disertissimum
2109 3013 2192 3049 item
2206 3012 2402 3058 virumap-

1369 3064 1473 3115 pellat
1487 3063 1678 3118 Philelphus
1703 3067 1739 3103 in
1755 3065 1902 3115 Epistola
1925 3066 1968 3103 ad
1985 3063 2163 3104 Albertum
2181 3065 2400 3104 Zancarium.

1369 3121 1421 3158 At
1443 3120 1540 3172 quod
1564 3133 1582 3157 a
1600 3120 1702 3158 nobis
1728 3121 1993 3170 praedicandum
2010 3123 2119 3169 magis
2132 3150 2143 3167 ,
2174 3122 2307 3171 primus
2327 3125 2402 3156 erat·

1368 3174 1425 3212 ille
1452 3176 1603 3224 purioris
1621 3175 1755 3225 linguae
1771 3178 1912 3214 Latinae
1932 3174 2090 3214 colleaor.
2154 3178 2244 3213 Nam
2266 3173 2309 3211 ad
2330 3172 2397 3209 stu-

1368 3229 1509 3267 diorum
1541 3230 1728 3280 puerilium
1751 3229 1931 3269 vtilitatem
1954 3229 2165 3269 Martialem
2185 3226 2395 3277 amplissimis

1367 3283 1507 3322 scholiis
1521 3313 1532 3332 ‚
1559 3297 1647 3336 quae
1662 3286 1967 3335 Cornu-Copiam
1989 3285 2147 3336 appellari
2161 3282 2294 3329 voluit,
2320 3279 2399 3319 illu-

1367 3339 1484 3377 strauit
1503 3368 1514 3385 ‚
1557 3341 1592 3377 in
1618 3337 1744 3392 quibus
1760 3343 1912 3390 Linguae
1928 3344 2069 3379 Latinae
2090 3340 2260 3376 rationem
2286 3349 2397 3386 expo-

1368 3393 1433 3431 suit
1448 3424 1458 3441 ,
1487 3392 1676 3432 verborum
1690 3395 1788 3433 vsum
1805 3405 1840 3432 et
1854 3398 2101 3448 proprietatem
2123 3392 2291 3430 indicauit
2305 3421 2316 3439 ,
2344 3393 2397 3428 in-

1367 3448 1446 3487 dice
1466 3448 1680 3498 postremum
1706 3449 1912 3500 lingularum
1929 3447 2126 3500 diffionum
2146 3445 2370 3497 locupletauit
2384 3474 2395 3492 ,

1366 3512 1406 3540 vt
1419 3514 1554 3553 praeter
1567 3505 1821 3543 Commentarii
1831 3506 2005 3549 rationem
2022 3532 2033 3550 ,
2068 3502 2146 3540 iusti
2172 3514 2314 3553 quoque
2329 3503 2397 3538 Le·

1364 3560 1434 3596 xici
1449 3560 1540 3596 vices
1554 3560 1718 3608 praestare
1733 3560 1876 3613 possent,
1893 3569 1978 3610 quas
1995 3557 2055 3595 diu
2072 3558 2174 3594 etiam
2190 3556 2392 3611 praestitere.

1361 3618 1464 3668 Opus
1472 3617 1543 3656 hoc
1553 3616 1722 3668 aggressus
1731 3615 1779 3658 est
1786 3615 2131 3657 dottiffimusPraesul
2139 3615 2279 3654 hortatu
2287 3615 2395 3652 maxi·
2424 3641 2447 3653 -

267 3703 291 3723 „
305 3687 348 3724 ge
363 3673 405 3712 ab
420 3674 562 3716 austore
575 3677 727 3716 discedit.
756 3707 780 3726 „
821 3680 921 3729 Epist.
941 3684 1011 3730 14'3.
1067 3708 1088 3728 ‚,
1103 3681 1175 3718 Scis
1192 3684 1297 3731 quam
1347 3679 1788 3734 lmePomponiiFortunati‚
1795 3676 2004 3725 absolutum,
2015 3673 2054 3725 d)
2070 3687 2155 3713 vero
2170 3674 2272 3712 edere
2281 3672 2396 3711 noluit

304 3809 334 3839 a)
354 3804 537 3845 Archi-vesque
550 3805 584 3834 de
599 3808 795 3848 Marif'redonia
810 3819 842 3839 ou
860 3821 878 3838 a
889 3812 929 3838 (τά
941 3811 1080 3847 transferri
1096 3809 1122 3840 Ie
1134 3811 1211 3851 Siege
1231 3811 1264 3840 de
1279 3811 1391 3846 siponto.
1434 3812 1574 3847 Menagius
1586 3811 1620 3840 ad
1631 3799 1734 3840 Baillet.
2367 3844 2373 3850 ,

838 3850 871 3885 d)
891 3849 1069 3881 Solummodo
1082 3851 1215 3881 Martialis
1229 3850 1331 3880 librum
1344 3852 1461 3890 primum
1475 3853 1675 3880 commentariis
1688 3850 1759 3877 hince
1772 3849 1895 3888 exposuit
1908 3870 1917 3882 ‚
1942 3846 2057 3875 alterum
2078 3845 2175 3874 deinde
2188 3846 2324 3874 additurus
2336 3864 2345 3877 ‚
2365 3852 2394 3870 m

344 3845 380 3874 ab
394 3844 474 3875 Alex.
494 3845 598 3877 Genial.
616 3850 686 3880 niet.
701 3860 728 3885 4,
741 3859 777 3879 21.

2204 3779 2205 3782 Ἰ
2258 3737 2400 3778 propter

1794 3807 1827 3846 b)
1845 3809 1882 3836 Ex
1895 3805 2032 3844 vghenio.
2091 3807 2120 3840 c)
2136 3805 2224 3833 Verba
2240 3804 2299 3833 fiii-it
2313 3803 2393 3833 Alex.

346 3885 443 3931 quibus
457 3893 542 3914 totam
557 3887 585 3932 1..
602 3888 631 3915 L.
647 3891 779 3918 rationem
793 3891 840 3919 fibi
852 3890 1039 3930 complexurus
1054 3892 1204 3921 videbatur.
1245 3895 1285 3920 Ita
1301 3892 1445 3932 profitetur
1453 3893 1554 3920 Αιιὲἱοτ
1567 3893 1596 3920 in
1611 3889 1683 3920 ealce
1697 3891 1787 3927 operis
1804 3901 1810 3918 :
1836 3910 1856 3925 „
1871 3888 1981 3923 Habes,
2000 3887 2126 3916 Federice
2139 3888 2263 3926 princeps
2278 3905 2291 3920 ,
2308 3885 2394 3912 'imer-
2406 3892 2415 3904 ⁸
2428 3908 2429 3916 1

345 3932 524 3963 pretationem
540 3929 622 3965 primi
635 3926 699 3957 libri
714 3951 723 3965 ,
750 3931 825 3969 quod
839 3932 875 3960 est
891 3933 1006 3961 vniuerfi
1026 3934 1115 3971 operis
1140 3940 1166 3961 et
1180 3933 1262 3962 totius
1278 3933 1336 3963 fere
1349 3933 1461 3962 Latinae
1475 3934 1595 3968 Linguae
1612 3930 1761 3960 dimidium.
1820 3944 1827 3954 a
