2474 4182
418 138 661 182 AVE
1342 108 1343 113 ἵ
1533 139 1797 179 Ave>
2100 160 2169 196 5.,

44 165 105 203 533
2123 175 2139 196 ³

45 246 99 266 tere
110 235 202 264 Pellem
228 232 321 260 Catull.
336 234 377 263 65,
391 239 411 265 Ξ.
480 228 602 257 Praedam
620 226 679 266 Liu.
697 234 716 257 1,
730 233 754 265 7.
772 261 776 265 .
791 225 822 251 Et
834 225 908 260 Virg.
918 225 980 266 Aen.
990 233 1027 258 10,
1035 230 1076 259 78.
1165 220 1377 261 A‘VERSA-To
1387 230 1404 249 R
1414 243 1422 256 ,
1450 225 1513 266 oris.
1549 237 1583 254 m.
1662 229 1731 256 Vnde

45 276 115 302 Iceni.
150 272 275 297 Auertere
292 268 411 303 praedam
425 266 533 293 domum
552 263 622 302 Caesz
638 261 700 288 ssell.
716 261 798 287 Cuul.
814 270 834 293 3,
850 270 897 303 ,9.ι
932 262 988 297 l'itl.
1009 264 1075 302 Dru·
1165 266 1215 286 Av
1226 266 1292 285 ΕΗΒ
1303 271 1324 284 ιι
1335 266 1382 285 TR
1393 267 1446 299 ιχ,
1467 264 1522 287 icis.
1560 264 1579 289 f.
1616 264 1736 292 Tertull.
1755 265 1787 292 de
1800 266 1895 292 Anima
1915 274 1937 291 c.
1953 273 1987 298 51.

45 309 110 336 kenb.
122 307 154 332 ad
167 305 209 332 Sil.
226 314 247 337 3,
270 313 319 335 321.
391 301 470 336 Quod
489 309 567 327 omen
586 298 625 324 dii
642 302 778 328 auertant,
798 298 910 323 Precatio
933 299 964 330 ql!
975 318 982 329 ‚
1001 307 1029 322 nt·
1048 295 1077 322 nl
1166 302 1215 321 AV
1226 301 1270 320 ER
1282 300 1294 320 S
1305 301 1370 326 ΘΚ,
1399 304 1462 321 oris.
1500 306 1534 322 m.
1572 299 1720 335 [νοσφςῆς]
1770 302 1822 337 Qu*
1841 304 1944 328 auersis,
1987 300 2043 327 Cic,
2057 302 2133 329 Verr.
2149 312 2172 337 ς,

22 336 25 346 v

44 341 352 377 accitiassquoziinanimi-c
367 342 473 365 usitetur.
511 336 563 361 Cic.
574 335 702 373 fannia,
717 338 730 362 8
750 333 838 359 Velim
854 333 973 373 deinceps
983 332 1075 372 melio·
1130 338 1166 363 151
1186 339 1206 355 c.
1224 335 1251 361 58
1273 331 1367 369 Verres
1389 330 1434 356 ille
1455 337 1528 370 yetus
1544 334 1665 366 proditor
1679 338 1818 370 Consulis,
1841 337 1981 364 translator
2002 337 2172 371 quaesturae,

43 387 72 406 ra
86 378 150 405 lint:
185 377 221 402 lin
248 377 323 403 aliter
347 374 428 401 fucrit
448 371 535 406 (quod
555 370 593 395 dn
612 377 692 394 omen
710 372 847 400 auertant)
862 370 972 403 Reipuu.
989 376 1074 394 vrcem
1098 372 1111 398 5
1128 365 1234 392 auersor
1250 374 1374 399 pecuniae
1390 366 1518 400 publicae.

38 398 129 454 idom),
199 414 264 438 1101„
279 411 390 445 Philipp.
403 418 434 440 11,
448 416 467 433 11
483 415 503 432 c.
517 413 530 438 5
545 403 618 437 Qud
633 404 743 430 Bestiam
759 406 767 430 3
803 406 849 439 qui
865 406 889 431 se
905 404 1074 444 cumulatum
1166 408 1186 426 Α
1197 408 1215 426 v
1225 408 1290 427 EKS
1302 409 1309 427 1
1320 409 1353 427 M.
1392 402 1488 429 Lineac
1503 402 1555 428 tiue
1570 404 1680 432 aucrssin
1694 407 1806 440 positae,
1825 408 1878 435 fine
1893 409 1976 443 capite
1990 409 2174 443 contingentes

45 451 71 477 in
85 447 158 475 Bruti
171 449 258 473 locum
273 454 359 482 petere
373 441 530 479 profitetut'Z
565 446 645 474 atque
658 439 707 466 hoc
723 440 988 475 quidemdetetlalnlc
996 446 1074 464 omen
1128 436 1169 463 Cl.
1185 437 1307 463 Mamert.
1322 446 1342 469 1,
1355 445 1394 470 25.

0 471 2 479 ¹
45 490 142 512 auertat
155 484 263 518 iupiter.
316 483 370 508 Cic.
379 481 446 506 Fam.
456 486 488 508 13,
501 484 534 508 29
556 475 658 502 Deinde
671 485 753 510 quum
768 476 824 502 fere
837 476 954 502 conlillat
973 473 1075 500 heredi·
1160 479 1186 513 ⁴A}
1196 480 1217 498 v
1225 479 1241 498 1?
1253 479 1359 505 RSIO,
1385 473 1453 499 onis.
1490 473 1509 499 f.
1547 472 1701 510 [α’ποςρσφὴ]
1739 477 1821 504 Astus
1834 480 1971 506 anerecndi.
2008 480 2080 507 Hirt.
2095 479 2127 506 de
2146 480 2173 506 Β.

0 540 1 546 1
44 520 120 548 tasin
135 519 173 545 his
187 518 342 553 lgcbus’quas
363 513 457 541 auertit
476 511 578 546 Oppia,
596 511 650 537 vid,
671 512 861 538 Hereditatem,
931 512 995 536 Rem
1008 518 1022 535 a
1036 509 1075 548 su-
1129 508 1238 542 Hispan.
1253 517 1295 537 22,
1308 517 1322 548 ‘3
1342 508 1385 534 illi
1400 509 1510 535 insecuti
1525 509 1635 543 Legatos
1650 519 1681 535 ex
1698 513 1831 540 aueriione
1848 515 2018 549 nugularum,
2035 520 2052 542 i.
2066 516 2174 552 auersos,

43 556 158 591 spu-ione
177 555 235 581 Liu.
250 563 286 586 32,
322 572 328 578 ,
363 570 369 576 .
430 547 466 574 Id.
480 550 520 584 36,
535 555 551 582 7
575 548 665 581 Qunn
680 549 748 574 circa
761 548 825 574 hanc
840 548 895 574 sere
907 545 1075 572 consultatio·
1088 549 1117 566 10
1130 552 1146 569 a
1160 550 1237 579 tergo.
1281 543 1371 576 Dfflys
1385 553 1418 577 4,
1436 550 1458 574 ¹8
1481 544 1543 570 Non
1562 550 1633 570 metu
1649 548 1743 573 mortis
1764 550 1789 575 se
1804 551 1915 583 patriam
1936 557 2107 586 parentesque
2132 551 2175 577 de-

2 604 5 615 ,
43 600 103 618 nem
125 590 276 625 disceptatio
295 586 378 614 onmis
399 589 560 615 verteretur,
594 583 709 610 Annibal
729 584 887 610 nominatim
902 582 1075 614 interrogatus
1130 579 1214 605 serere
1227 599 1236 611 ,
1263 579 1305 605 sed
1325 579 1437 606 deorum
1456 580 1577 605 coactum
1598 580 1741 608 aucrfionc.
1814 585 1927 612 Saluian.
1941 587 1973 613 de
1990 587 2109 621 gub.Dci
2129 587 2146 614 l.
2161 595 2173 619 ς

2 618 5 651 j
30 619 195 657 sssentcmiam
207 645 214 657 ‚
233 625 260 651 jn
285 619 396 649 vniuerfi
414 619 478 645 belli
496 620 686 654 cogitationem
705 620 818 654 Regem,
849 624 927 652 atque
943 626 1003 648 cos,
1026 616 1073 650 qui
1130 623 1154 648 p.
1170 623 1207 647 115
1236 615 1300 640 Non
1320 615 1356 640 est
1374 615 1527 647 conuerfio,
1547 615 1591 655 sed
1604 616 1719 655 auertio.
1894 619 1914 658 q
1938 630 1953 648 2
1983 624 2092 659 Figura,
2112 632 2174 659 quae

3 655 5 658 ’
33 663 163 694 fidemus,
184 661 230 688 wli
251 658 368 686 oratione
388 655 494 681 auertit.
566 656 633 681 Cels.
650 664 682 688 2,
706 664 727 682 ιι
749 656 875 682 Auertere
896 652 1075 687 profusionem
1129 650 1294 685 Apostrophe
1314 658 1425 678 uocatur.
1498 650 1630 684 Qunc‘hl.
1646 660 1678 684 9,
1698 661 1728 684 2,
1748 661 1777 685 39
1803 654 1850 680 Sed
1870 655 1914 682 illa
1937 666 2044 693 quoque
2064 665 2175 685 vocatur

0 687 3 705 1
28 694 189 729 ‘isanuumis'
225 695 252 720 dt.
272 692 316 729 vsu
337 691 553 718 cumrbjffllarum,
588 692 647 718 Cum
669 692 699 723 ὃς
725 694 849 726 reciproco
871 690 941 714 varic
960 691 1075 722 ponitur.
1128 686 1246 727 auersio,
1267 695 1334 726 quae
1352 686 1511 726 aproposita
1531 686 1684 721 quaestione
1707 688 1815 716 abducit
1836 690 1986 718 audientem
2021 708 2065 713 —
2102 693 2175 730 quod

44 719 104 761 Coi?
116 735 147 765 6,
161 739 192 766 37
202 750 209 762 ‚
225 739 251 756 10
274 729 317 755 Ne
330 727 429 753 femina
447 726 601 758 colluctari,
619 732 664 753 aut
676 726 825 753 admiss'ario
839 723 988 750 ascendenti
1002 732 1075 750 auer-
1090 728 1114 754 15
1129 724 1159 748 ht
1173 728 1198 748 et
1218 722 1308 748 multis
1322 728 1348 749 et
1362 723 1445 749 variis
1461 722 1568 760 figuris,
1593 731 1652 748 cum
1668 729 1713 750 aut
1727 724 1800 751 aliud
1814 726 1966 759 exspectaffe
1980 737 2043 761 nos,
2061 736 2106 756 aut
2122 738 2175 756 ma-

53 778 95 795 ere
108 769 133 795 se
144 765 222 801 pollit.
289 764 361 790 Caes.
375 762 438 789 Bell.
453 762 535 789 Ciuil.
550 771 570 794 1,
585 772 602 795 4
622 764 678 797 Ipse
693 761 831 796 Pompeius
845 759 877 785 ab
886 759 1002 785 inimicis
1012 761 1076 785 Cae·
1130 758 1171 784 ius
1186 758 1289 792 aliquid
1302 759 1417 785 timuisse
1438 758 1588 784 simulamus
1607 765 1652 784 etc.
1850 760 1870 798 q
1898 771 1910 794 3
1941 763 2011 789 ICtis
2031 765 2175 792 Auerfione

32 809 33 812 ¹
52 803 101 830 aris
117 802 252 832 incitatus,
272 798 342 834 quod
355 799 489 825 neminem
501 798 629 832 dignitate
641 799 726 825 secum
739 795 879 830 exaequari
890 795 1014 827 volebat,
1036 801 1075 821 to-
1129 794 1198 826 enti,
1217 794 1313 826 vendi,
1332 794 1431 826 locari,
1455 794 1567 820 conduci
1586 793 1695 827 dicitur,
1714 799 1808 831 quoties
1824 797 1994 834 non-singulae
2005 808 2060 831 rer,
2072 800 2175 834 singuli:

32 845 37 867 ι
52 847 96 865 um
108 838 133 864 se
145 836 177 864 ab
191 835 245 862 eius
257 835 376 861 amicitia
388 840 526 860 auerterat.
597 835 652 861 Cic.
666 835 718 860 Att.
739 841 773 865 9,
793 840 820 857 η
854 832 898 857 Me
913 831 984 857 illius
998 832 1076 866 fugae
1129 836 1233 865 corpora
1251 837 1296 856 etc.
1332 837 1444 856 emuntur
1453 850 1461 862 ,
1482 829 1638 861 venduntur,
1656 839 1740 871 verum
1753 832 1837 867 aliqua
1849 832 2012 868 υνιίιιειςχῐιας,
2026 842 2094 861 totus
2106 832 2178 872 ἕνεχ’,

33 894 35 898 ,
58 871 263 908 egligentjaeque
285 870 439 897 deformitas
460 871 557 896 auertit
581 870 613 896 ab
635 876 732 896 amore.
803 868 887 893 Auras
900 868 984 901 Aegra
997 867 1075 901 fugit,
1130 875 1197 891 omne
1209 868 1309 896 vinum,
1330 866 1414 892 [lomus
1427 872 1472 892 aut
1485 866 1580 902 insula,
1598 874 1645 891 nou
1661 865 1772 901 definitis
1784 868 1905 895 membris.
1948 871 1977 896 V.
1991 879 2017 906 g.
2037 871 2140 905 leian.
2156 872 2174 898 l.

32 910 34 912 ’
51 917 113 944 eque
126 916 157 934 ex
169 906 253 933 oculis
267 907 364 933 auertit
380 912 406 932 et
419 906 507 933 aufert
524 906 597 939 Vir-g.
611 906 673 931 Aen-
687 913 714 937 4,
728 907 780 935 389.
852 903 908 929 Cic.
924 905 976 928 Att.
991 908 1020 934 8,
1050 910 1075 935 ις
1089 908 1148 935 204
1169 899 1220 939 91¹
1241 901 1267 928 ff.
1278 901 1317 941 ¹de
1332 903 1412 936 peric.
1428 907 1454 928 et
1466 910 1562 928 comm.
1584 902 1625 928 rei
1646 901 1722 927 vend.
1769 902 1796 928 Si
1827 903 1961 930 auerfione
1981 906 2076 932 vinum
2094 908 2176 933 venit.

42 943 92 980 Qxi
105 943 123 970 fi
139 943 218 977 pass‘us
231 943 291 969 esset
307 951 354 969 nos
368 943 452 968 secum
462 963 469 974 ‚
489 948 517 968 vt
531 942 763 970 consueueramuS,
784 938 876 972 loqui,
896 944 921 964 ct
935 947 988 964 non
1003 938 1027 964 se
1035 944 1075 964 to-
1130 938 1161 962 Et
1176 938 1198 973 §.
1213 945 1229 963 2
1250 938 1321 963 Vino
1334 944 1421 964 autem
1434 947 1480 972 per
1493 937 1658 964 auerlionem
1671 936 1789 964 vendito.
1846 939 1876 965 L.
1893 941 1924 965 62
1945 940 1990 967 fin.
2003 941 2029 967 ff.
2045 941 2077 968 de
2091 949 2175 969 contr,

43 982 93 1009 tum
105 979 184 1005 etiam
196 977 229 1005 ab
244 979 364 1005 sermone
378 978 467 1004 nostro
481 977 627 1008 auertisset,
647 976 734 1001 minus
751 974 846 1005 miser,
865 982 943 1008 quam
957 975 1024 1005 sum,
1039 974 1074 999 es-
1129 979 1192 999 emt.
1219 972 1363 999 Auerfione
1381 973 1498 1000 locatum
1516 982 1596 1007 opus,
1622 975 1639 998 i.
1653 982 1702 999 vno
1718 976 1817 1008 pretio,
1834 983 1882 1000 non
1902 978 1928 1000 in
1942 975 2057 1012 singulas
2075 984 2176 1014 operas,-

90 1035 97 1042 .
135 1016 200 1041 Huic
214 1012 393 1047 construflioni
406 1023 460 1040 cum
474 1016 596 1048 reciproco
608 1009 692 1046 affinis
703 1008 850 1045 estpaffiua.
899 1009 981 1035 Plaut.
996 1009 1074 1035 Most.
1129 1010 1171 1034 cui
1188 1011 1320 1042 opponitur
1340 1009 1355 1034 l.
1370 1011 1400 1041 36
1426 1009 1452 1035 ff.
1474 1010 1564 1036 Locat.
1592 1008 1664 1043 quod
1687 1009 1724 1035 ita
1743 1009 1904 1036 conductum
1923 1010 1975 1043 est,
2002 1018 2030 1037 vt
2050 1013 2078 1039 in
2098 1014 2177 1048 pede,

12 1072 15 1074 -
51 1071 59 1084 ‚
71 1059 92 1084 1,
106 1058 136 1084 59
159 1051 231 1084 Euge
250 1049 412 1076 Philolaches
427 1049 552 1084 patrizat,
571 1054 596 1074 et
610 1048 661 1073 iam
676 1045 758 1072 homo
771 1046 799 1071 in
812 1051 956 1071 mercatum
976 1045 1076 1071 auorti-
1129 1044 1315 1078 mensurasque
1334 1045 1486 1079 praestetur.
1543 1044 1612 1071 Ibid.
1631 1044 1648 1070 l.
1667 1051 1695 1077 35
1722 1043 1866 1072 Auerfione
1885 1045 1969 1073 locata
1990 1047 2092 1080 Insula,
2117 1058 2178 1085 quae

49 1084 86 1114 u'r.
158 1087 233 1121 Virg.
250 1086 302 1112 Ecl.
317 1091 341 1118 8,
354 1088 388 1111 66
429 1083 556 1118 Coniugis
576 1088 604 1109 vt
627 1082 735 1116 magicis
760 1082 833 1107 sanos
856 1087 978 1107 auertere
997 1080 1074 1107 sacris
1084 1085 1115 1111 25
1129 1078 1146 1105 l.
1164 1079 1271 1111 58·eod.
1286 1088 1339 1105 vno
1354 1081 1441 1114 pretio
1455 1087 1510 1107 tota
1523 1081 1608 1107 locata
1622 1080 1725 1107 dicitur.
1780 1081 1821 1108 Sic
1838 1081 1855 1108 l.
1870 1082 1918 1108 vlt.
1943 1080 1967 1119 §.
1980 1081 2029 1109 vlt.
2047 1082 2074 1109 ff.
2094 1083 2125 1110 de
2146 1085 2176 1110 L.

31 1129 34 1132 '
74 1121 159 1157 periar
173 1123 266 1148 sensus.
331 1122 379 1149 Vbi
399 1121 504 1147 Seruius
519 1130 524 1145 :
560 1119 702 1149 Auertere,
720 1120 742 1144 A
756 1117 865 1144 sanitate
881 1123 999 1149 mutare,
1021 1122 1075 1148 aut,
1129 1114 1217 1140 Rhod.
1234 1122 1389 1150 opponuntur
1402 1116 1545 1143 Auersione
1563 1125 1658 1142 nauem
1671 1116 1844 1150 condufitam,
1865 1124 1889 1144 et
1903 1118 1953 1144 Pro
1965 1127 2078 1145 numero
2091 1119 2177 1153 impo-

34 1158 161 1185 *mettere
197 1158 250 1189 ait,
272 1166 320 1192 pro
345 1157 521 1186 Conuertere‚
539 1160 568 1180 vt
586 1153 617 1180 fit
636 1159 737 1180 mutata
756 1152 923 1188 praepositio.
995 1153 1074 1179 Sitim
1129 1149 1236 1177 sitarum
1256 1151 1444 1185 amphorarum
1463 1152 1611 1179 mercedem
1631 1152 1808 1179 constitutam.
1873 1152 1932 1181 Vid.
1949 1159 2053 1190 praeter
2070 1162 2179 1182 caeteros

0 1203 5 1211 ³
41 1199 152 1220 uertere
166 1194 251 1220 sstutio
271 1193 316 1220 Sil.
330 1198 353 1225 8,
391 1212 397 1219 .
434 1211 440 1218 .
510 1190 635 1216 Stimulos
655 1190 725 1216 caeci
746 1190 845 1216 amoris
858 1194 979 1214 auertere
1000 1188 1074 1222 Virg.
1128 1186 1211 1212 (Γαίας.
1227 1186 1284 1222 Obfi
1297 1194 1322 1218 8,
1336 1197 1371 1222 15,
1397 1188 1441 1214 vbi
1457 1191 1484 1213 in
1500 1191 1596 1223 primis
1615 1194 1701 1220 notat,
1723 1198 1769 1223 per
1787 1189 1953 1216 emersionem
1968 1190 2070 1216 Gracci,-
2090 1189 2132 1224 ‘stt'
2157 1191 2179 1216 ἓν

59 1238 129 1264 eorg.
144 1237 165 1261 3,
181 1237 235 1256 210.
291 1228 372 1255 Surda
385 1235 448 1254 aure
460 1226 563 1258 auerti,
586 1228 604 1252 i.
625 1226 696 1252 Nolle
710 1225 796 1252 audire
821 1225 882 1251 Stat.
898 1224 962 1250 Silu.
977 1233 1002 1256 2,
1015 1233 1033 1255 1,
1046 1232 1072 1258 7.
1128 1220 1213 1255 ὅμοι’δι.
1250 1223 1402 1249 Auerlionis
1416 1233 1500 1250 nomen
1508 1223 1582 1260 forte
1595 1224 1652 1249 inde
1666 1222 1714 1258 est,
1734 1228 1792 1261 quia
1810 1226 1955 1252 auertimus
1969 1228 2077 1252 animum
2096 1236 2112 1252 a
2123 1225 2178 1260 fin-

12 1280 13 1283 =
57 1265 161 1300 aginam
174 1265 271 1291 auertit
284 1265 370 1295 casus,
390 1269 415 1290 ct
429 1261 547 1297 gladium
561 1261 673 1288 educere
688 1262 806 1287 conantis
821 1260 937 1286 dextram
953 1266 1074 1286 moratur
1084 1265 1115 1289 30
1127 1258 1210 1294 gulis,
1239 1265 1262 1286 ct
1275 1258 1357 1294 solam
1376 1259 1562 1294 vnizmfitatcm
1574 1257 1726 1296 speflamus.
1791 1262 1947 1290 Hotomanus
1966 1261 1997 1290 ab
2016 1262 2178 1295 auertendo,

8 1318 17 1330 ,
61 1309 148 1328 anum.
160 1301 235 1327 Caes.
247 1301 274 1326 B.
283 1301 315 1326 G.
324 1307 346 1332 ς,
354 1307 395 1333 43.
509 1295 529 1336 Ἴ
551 1306 563 1330 3
585 1297 659 1331 Virg.
672 1298 769 1331 Georg.
781 1305 803 1328 3,
814 1305 867 1329 499
887 1296 1073 1330 Victor-equus
1126 1292 1194 1330 quast
1207 1304 1255 1322 ww
1269 1296 1403 1324 cun-riculo
1415 1296 1566 1332 auferantur
1579 1298 1669 1324 omnia.

11 1350 14 1354 ·
44 1342 117 1363 ontes
126 1337 264 1364 auertitur.
299 1331 547 1370 Graecismusqli‘,pro
555 1333 691 1369 amisorum
726 1331 1006 1364 SicStat.'1'heb.6,192
1021 1333 1072 1367 Ap-

9 1384 13 1391 ¹
40 1372 124 1399 ofitas
140 1372 247 1407 impasta
260 1371 389 1398 auertitur
402 1369 505 1397 herbas.
560 1370 664 1397 Petron.
679 1376 725 1401 124
756 1368 904 1394 Hominum
919 1367 1073 1394 damnatum
1537 1371 1563 1401 A
1636 1370 1666 1400 V
1746 1369 1771 1401 F

48 1409 163 1435 uertitur
174 1416 275 1442 agmen.
345 1407 393 1440 Et,
413 1404 539 1432 Bo'e'thius
576 1425 582 1430 .
621 1423 628 1431 .
665 1424 671 1430 .
709 1404 784 1436 Heu,
808 1402 876 1435 heu,
897 1412 975 1438 quain
996 1403 1073 1430 surda

7 1432 18 1475 ἰ
40 1444 140 1471 ..iseros
152 1444 280 1471 auertitur
293 1450 363 1469 aure.
434 1442 527 1468 Contra
539 1449 566 1467 ea
579 1441 723 1471 Auertere,
740 1437 808 1475 quast
819 1438 928 1474 paffiue,
948 1437 1073 1465 intelleblo
1087 1447 1114 1474 35
1164 1444 1318 1477 ΑῩΡΕΙΑ
1346 1439 1438 1473 Aqua,
1459 1439 1517 1466 oiim
1539 1438 1609 1466 dista
1623 1439 1698 1475 ficit,
1717 1447 1778 1476 quac
1792 1437 1877 1475 postea
1893 1439 1991 1467 Martia
2015 1440 2067 1467 dici
2084 1447 2164 1477 coepit

6 1482 20 1512 ς,
40 1479 157 1515 empefi.
227 1480 392 1513 Franguntur
414 1478 498 1509 remi,
517 1483 573 1503 tum
594 1484 673 1510 prora
695 1475 793 1501 auertit
814 1481 840 1501 et
859 1475 935 1501 vndis
950 1474 993 1502 dat
1006 1475 1073 1501 latus
1127 1481 1249 1500 Omnium
1264 1479 1393 1508 aquarum
1409 1480 1467 1501 toto
1486 1474 1553 1501 orbe
1574 1475 1726 1508 clariffima,
1747 1475 1857 1510 frigoris
1877 1475 2091 1511 salubritatisque
2109 1478 2149 1503 lazi
2169 1486 2180 1502 e

55 1515 105 1548 irg.
118 1516 182 1541 Aen.
203 1523 222 1547 1,
238 1519 288 1545 108.
339 1515 394 1539 Iam
408 1514 496 1539 rursus
510 1511 557 1538 vbi
571 1520 644 1538 arina
656 1511 783 1537 Auertisse
796 1511 843 1537 suo
857 1510 979 1546 cognorit
994 1510 1073 1538 deuia
1125 1511 1232 1535 caeteris
1248 1511 1374 1545 praelata.
1418 1512 1487 1538 Hace
1506 1517 1529 1537 ct
1543 1512 1621 1546 plura
1637 1511 1703 1538 Plin.
1717 1519 1760 1543 31,
1784 1519 1796 1543 3
1818 1512 1835 1537 s.
1851 1519 1895 1543 24.
1951 1512 2033 1538 Malit
2051 1512 2179 1539 Harduin.

49 1542 172 1579 missu.
188 1559 221 1581 ις,
236 1555 286 1582 583.
324 1549 353 1575 Id
366 1557 448 1583 quum
463 1548 575 1581 dixisset,
583 1547 680 1574 auertit
699 1547 766 1573 Gell.
776 1556 804 1581 4,
819 1551 853 1577 18.
889 1546 1005 1574 Atimld.
1022 1555 1042 1579 1,
1059 1552 1072 1577 8
1126 1544 1239 1571 Saufeia.

29 1590 31 1594 ·
54 1584 175 1620 pauidus
190 1584 375 1611 Demosthenes
395 1584 502 1610 auertit.
1163 1588 1213 1607 Av
1224 1588 1240 1608 F
1250 1578 1266 1607 ἔ
1277 1588 1295 1607 R
1305 1588 1341 1615 o,
1361 1580 1466 1614 aufers,
1486 1581 1599 1614 abstuli,
1613 1581 1745 1612 ablatum,
1764 1580 1880 1608 auferre.
1901 1580 2032 1618 [doeugos'm
2046 1583 2180 1618 περιαιρέω]

0 1627 9 1647 t
25 1610 33 1623 s
51 1626 255 1652 ν,ΑνΕιζίἰᾱικι
267 1627 297 1652 s,
323 1620 399 1645 entis.
434 1619 525 1651 Dixit,
543 1624 569 1645 et
600 1624 721 1645 auertens
751 1617 827 1644 rosea
850 1616 953 1644 ceruice
971 1617 1113 1648 refulfit40
1128 1615 1205 1652 Quasi
1216 1616 1330 1652 Absew,
1347 1619 1365 1644 i.
1380 1616 1448 1645 tollo.
1485 1618 1541 1645 Cic.
1555 1618 1629 1645 Orat.
1646 1623 1685 1651 158
1706 1616 1791 1644 Abfer
1804 1617 1966 1651 noluerunt,
1983 1618 2067 1645 Aufer
2081 1618 2179 1644 malue-

0 1660 29 1692 0,.
52 1654 102 1690 irg-
115 1656 181 1683 Aen.
199 1664 218 1687 1,
231 1657 294 1688 406.
324 1657 342 1681 i.
364 1654 504 1691 discedens,
530 1661 645 1680 ozee-rtem
652 1654 681 1690 se
692 1673 699 1685 ‚
727 1660 758 1679 ut
774 1652 844 1680 modo
858 1653 977 1680 vidimus.
1050 1654 1072 1680 A
1127 1658 1199 1680 runt.
1235 1653 1308 1679 Idem
1323 1652 1355 1679 de
1369 1653 1427 1679 Fin.
1442 1662 1464 1686 3,
1480 1663 1508 1680 10
1530 1654 1744 1681 Commentarios
1765 1653 1908 1688 quosdam,
1927 1653 2037 1688 inquam
2053 1654 2180 1681 Aristote-

2 1694 13 1721 Δ
55 1691 165 1719 oenibus
177 1691 250 1718 vrbis
264 1691 392 1718 Auertcns
407 1691 503 1717 taciem
522 1689 603 1716 Ouid.
617 1691 682 1716 Met.
697 1697 732 1722 ις,
745 1692 800 1722 586.
1127 1687 1208 1720 licos,
1226 1697 1292 1723 quos
1308 1688 1351 1715 hic
1366 1688 1480 1716 sciebam
1494 1690 1542 1716 esse
1551 1710 1559 1722 ,
1579 1690 1644 1716 veni
1664 1696 1692 1716 vt
1706 1690 1849 1716 auferrem.
1905 1689 1974 1716 Ter.
1989 1689 2100 1725 Adelph.
2117 1699 2139 1722 2,
2153 1698 2180 1722 2,

61 1734 163 1755 AVER
173 1735 185 1754 S
195 1734 216 1754 v
225 1733 247 1753 S.
267 1727 361 1753 Partic.
397 1727 449 1761 ‚Qui
463 1733 534 1762 terga
547 1724 669 1758 ostendit,
684 1732 713 1752 vt
726 1728 764 1752 ait
781 1724 869 1757 Valla,
888 1728 929 1751 cui
941 1727 1072 1765 opponitur
1128 1733 1157 1758 ¹4
1178 1725 1278 1751 Verum
1291 1733 1340 1758 ego
1353 1733 1490 1760 nunquam
1503 1725 1568 1752 adeo
1583 1726 1679 1752 astutus
1693 1725 1750 1758 fui,
1767 1725 1833 1760 quin
1846 1724 1977 1760 quidquid
1990 1727 2102 1760 possem,
2116 1725 2181 1752 mal-

6 1770 17 1791 fl
26 1773 30 1781 ¹
40 1780 42 1787 ι
51 1763 165 1790 duersus.
221 1762 276 1789 Cic.
292 1762 323 1788 de
336 1762 411 1788 Orat.
425 1771 448 1793 2,
463 1765 510 1794 256
537 1761 564 1787 Si
577 1768 605 1787 tu
619 1767 644 1787 et
659 1760 782 1788 aduersus
795 1767 821 1787 et
836 1762 941 1787 auersus
957 1761 1072 1795 impudi-
1128 1759 1182 1786 lem
1190 1760 1295 1788 auferre
1303 1761 1392 1795 potius
1401 1761 1428 1787 in
1437 1762 1590 1795 praesentia.
1625 1762 1743 1794 Non.5,6
1762 1762 1834 1787 Inter
1845 1761 1939 1788 Tollere
1947 1761 2133 1797 etA1efirreest
2141 1761 2180 1787 di—

34 1807 120 1834 311s‘es.
192 1797 259 1824 Plin.
275 1806 308 1830 ιι,
324 1805 354 1832 37
368 1798 388 1824 s.
403 1805 439 1831 47
478 1797 596 1823 Canities
615 1796 722 1823 homini
739 1797 841 1831 semper
859 1806 874 1824 a
894 1797 984 1832 priore
998 1803 1071 1831 parte
1082 1803 1115 1830 45
1128 1795 1245 1822 verfitas.
1286 1796 1392 1828 Tollere,
1406 1797 1442 1822 est
1455 1798 1557 1823 Leuare
1572 1802 1598 1823 et
1611 1797 1728 1831 erigere:
1763 1796 2022 1833 Aufl·rre,Le11atum
2029 1797 2181 1824 transferre.

12 1850 23 1864 ς
37 1835 136 1870 apitis,
155 1840 212 1861 tum
236 1833 331 1859 deinde
352 1832 384 1859 ab
408 1833 508 1859 auersa.
581 1834 711 1859 Auersum
728 1832 827 1858 collum
839 1832 901 1865 lynx
914 1833 1073 1867 circumagit
1128 1831 1226 1865 Virgil.
1241 1832 1305 1857 Aen.
1322 1836 1344 1863 8,
1358 1839 1409 1864 439
1433 1832 1541 1858 Tollite
1559 1831 1668 1863 cimGla,
1687 1831 1792 1866 inquit,
1812 1837 1971 1866 coeptosque
1987 1832 2091 1858 auferte
2106 1832 2181 1859 labo-

0 1880 14 1904 ·,
47 1871 94 1897 lin.
109 1879 139 1902 ιι,
153 1878 198 1905 47.
241 1867 380 1902 Vetostiora
393 1869 543 1904 exemplaria
561 1869 662 1905 legunt,
680 1870 711 1895 In
721 1867 856 1894 auersum.
928 1868 1074 1900 Plin.11,28
1127 1875 1178 1893 τες.
1214 1866 1325 1900 Turpil.
1340 1866 1511 1901 Philopatro,
1536 1867 1619 1894 Simul
1635 1866 1833 1902 circumspectat
1848 1878 1853 1893 :
1877 1867 1925 1893 vbi
1938 1874 2042 1902 praeter
2056 1869 2081 1894 sc
2093 1868 2177 1896 nemi·

0 1899 13 1931 ³.
36 1915 54 1939 e
60 1905 246 1942 scarabaeorum
259 1913 360 1941 genere,
380 1905 399 1930 E
414 1904 478 1931 fimo
492 1904 612 1938 ingentes
624 1904 690 1938 pilas
705 1903 800 1930 auersis
813 1903 924 1938 pedibus
943 1904 1074 1929 volutant.
1128 1910 1188 1928 nem
1202 1901 1275 1928 videt
1289 1902 1353 1933 esse,
1368 1901 1447 1934 tulit,
1468 1903 1573 1929 aufert:
1597 1911 1646 1937 ego
1666 1903 1732 1930 clam
1751 1904 1907 1937 consequor.
1945 1904 2030 1930 Varro
2043 1904 2176 1939 Scugefl,

3 1964 5 1966 .
26 1962 29 1968 .
44 1950 99 1968 ‹em
114 1949 141 1976 7,
153 1949 170 1968 2.
190 1941 221 1967 In
233 1949 284 1976 qua
299 1940 426 1966 siluestres
437 1940 535 1966 viuunt
549 1939 671 1966 homines
685 1938 780 1966 auersis
794 1938 851 1973 post
872 1947 948 1966 crura
970 1938 1074 1972 plantis.
1129 1937 1208 1964 Nunc
1223 1938 1282 1972 quis
1296 1942 1398 1971 patrem
1412 1938 1502 1965 decem
1516 1947 1646 1964 annorum
1660 1944 1735 1964 natus
1750 1947 1804 1963 non
1820 1938 1902 1964 modo
1915 1939 2017 1971 aufert,
2053 1953 2098 1959 -
2134 1939 2178 1966 sed

49 1978 138 2006 uersus
152 1976 241 2012 pollex
262 1974 371 2009 Quin&
387 1984 420 2008 11,
433 1983 457 2007 3,
471 1983 527 2008 104.
565 1975 668 2001 Auerso
683 1974 738 2001 sole
751 1974 805 2008 agit
820 1983 897 2008 pecus
917 1975 1073 2001 Varr.R.R.
1087 1977 1119 2003 50
1128 1973 1209 2005 tollit,
1224 1973 1273 1999 nifi
1290 1974 1414 1999 veneno?
1487 1974 1543 2000 Cic.
1558 1975 1633 1999 Verr.
1647 1982 1665 2005 4
1691 1974 1776 2005 Fore,
1797 1973 1837 1999 vti
1858 1973 1931 2007 quod
1951 1975 2064 2009 quisque
2082 1974 2180 2007 vellet,

15 2025 24 2029 -
43 2033 51 2045 ,
66 2022 93 2046 2,
108 2022 139 2040 ιι.
175 2012 275 2040 Auersa
289 2012 343 2038 sole
357 2010 453 2045 positio
475 2010 536 2037 Col.
550 2019 578 2043 4,
592 2019 635 2043 22,
649 2015 670 2040 8.
726 2009 831 2036 Auerfis
849 2019 863 2036 a
876 2009 935 2036 Sole
948 2009 1074 2037 cornibus
1128 2008 1181 2034 iiue
1195 2009 1253 2034 esset
1265 2008 1373 2038 venale,
1392 2007 1446 2046 siue
1461 2016 1516 2033 non
1531 2008 1606 2038 esset,
1626 2009 1721 2042 quanti
1736 2008 1833 2040 vellet,
1852 2008 1977 2035 auferret.
2034 2009 2110 2036 Idem
2128 2018 2178 2045 pro

45 2049 92 2075 lin.
104 2057 130 2080 2,
142 2057 181 2082 14.
201 2047 229 2074 de
238 2049 317 2074 Luna.
360 2045 479 2073 Martial.
493 2051 518 2079 8,
531 2047 565 2072 62
586 2046 683 2072 Scribit
697 2045 726 2073 in
739 2047 830 2072 auersa
842 2046 930 2072 Picens
944 2046 1073 2080 epigram·
1128 2043 1222 2075 Quint.
1239 2048 1272 2076 84
1297 2041 1378 2075 Qiod
1396 2041 1498 2069 ibidem
1517 2042 1588 2069 reete
1608 2043 1739 2070 custodire
1757 2049 1899 2078 poterunt,
1920 2044 1947 2071 id
1968 2043 2072 2072 ibidem
2094 2045 2179 2072 custo-

4 2101 18 2116 s
43 2090 95 2111 iata
106 2083 196 2111 charta
208 2094 214 2110 :
250 2083 281 2110 Et
293 2082 382 2115 dolet,
407 2082 500 2108 auerso
513 2081 586 2116 quod
599 2082 663 2109 facit
676 2081 723 2108 illa
734 2081 793 2108 deo.
830 2081 856 2107 b.
869 2090 889 2106 e.
920 2082 984 2106 Tam
995 2081 1074 2105 multa
1127 2077 1202 2118 <liant
1214 2088 1220 2102 :
1242 2076 1314 2111 quod
1327 2085 1382 2102 non
1397 2083 1538 2117 poterunt,
1560 2078 1588 2104 id
1600 2079 1705 2105 auferre
1724 2085 1749 2105 et
1762 2079 1893 2106 abducere
1906 2079 2006 2108 licebit.
2049 2081 2130 2108 Verba
2149 2091 2179 2108 ex

42 2119 112 2147 rribit
133 2122 329 2156 epigrammata,
346 2125 376 2145 vt
393 2124 523 2152 utramque
534 2119 657 2152 paginam
677 2116 778 2142 chartae
794 2117 829 2140 im
846 2117 896 2153 leat
908 2125 916 2138 :
945 2113 994 2153 fid
1003 2119 1074 2148 repu-
1126 2108 1208 2137 edatio
1222 2113 1359 2139 Praetoris.
1418 2114 1450 2140 Et
1470 2113 1499 2140 in
1511 2116 1586 2141 Orat.
1601 2123 1647 2147 109
1673 2115 1795 2142 Detrahit
1813 2120 1949 2150 praeterea
1971 2116 2084 2143 affionis
2102 2116 2180 2144 dolo-

42 2161 116 2183 name
130 2154 351 2190 emiolia-spirante
366 2152 489 2187 Apolline.
560 2152 658 2178 Auersa
671 2150 780 2184 pecunia
793 2157 828 2188 pu
848 2149 900 2174 lica
922 2149 977 2174 Cic.
993 2149 1070 2175 Verr.
1085 2154 1113 2181 55
1126 2156 1199 2180 rem,
1221 2148 1308 2175 aufert
1326 2148 1473 2176 humanum
1495 2151 1596 2177 sensum
1618 2150 1733 2183 adieris,
1754 2151 1827 2178 tollit
1849 2151 1970 2179 funditus
1990 2153 2131 2180 veritatem
2151 2158 2178 2180 et

42 2199 92 2222 ‚11.
162 2189 201 2216 Id.
215 2190 287 2215 Fam.
304 2197 349 2219 ιο,
369 2195 401 2218 30
438 2187 481 2212 Ne
500 2186 607 2211 auersos
625 2185 727 2211 nostros
739 2190 843 2224 equites
855 2183 1071 2224 aggrederentur.
1125 2182 1214 2210 fidem.
1392 2182 1413 2223 ff
1434 2194 1450 2212 2
1480 2187 1594 2213 Auferre
1614 2197 1665 2214 cum
1681 2187 1924 2222 Praepositionibus:
1961 2188 2001 2215 Ab
2019 2188 2100 2216 ianua
2115 2189 2178 2216 ster-

41 2226 95 2253 ¹aes.
108 2224 174 2252 Bell.
187 2223 269 2250 Ciuil.
285 2231 307 2253 2,
322 2230 349 2248 12
375 2220 531 2254 Militesque
548 2219 630 2246 auersi
648 2228 662 2246 a
677 2220 798 2254 praelio,
817 2218 850 2246 ad
865 2219 980 2246 studium
995 2220 1070 2246 audi·
1124 2228 1169 2246 cus
1184 2219 1268 2246 Plaut.
1281 2219 1350 2246 Afin.
1363 2229 1390 2253 2,
1404 2230 1432 2253 4,
1449 2227 1482 2252 18.
1556 2222 1597 2249 Ab
1617 2222 1723 2258 aspectu
1743 2224 1842 2250 Lucan.
1855 2232 1889 2257 9,
1908 2226 1982 2259 1067.
2020 2225 2068 2253 Sed
2085 2231 2110 2251 et
2119 2224 2177 2259 stne

2 2273 4 2276 ⁴
35 2268 37 2286 s
60 2261 85 2288 ’ἰ
96 2265 123 2287 et
135 2256 307 2293 cognoscendi
321 2257 453 2283 feruntur.
525 2255 639 2282 Auersus
671 2265 686 2282 a
706 2255 766 2282 Sole
789 2255 862 2282 locus
899 2255 957 2282 Col.
973 2265 1010 2288 12,
1022 2265 1070 2290 44.
1122 2261 1209 2290 praep.
1231 2256 1249 2282 F
1252 2262 1325 2283 octus
1337 2256 1465 2284 vberibus
1481 2257 1563 2285 ablati
1579 2259 1645 2285 Plin.
1658 2264 1681 2291 8,
1696 2267 1732 2292 55.
1806 2259 1847 2286 Ab
1863 2259 1954 2295 aliquo
1969 2260 2080 2294 triginta
2091 2261 2176 2287 minas

27 2297 85 2329 ⁴¹!-
97 2303 123 2329 2,
133 2300 146 2326 8
167 2293 247 2321 Nihil
265 2292 339 2320 aliud
357 2291 390 2319 ad
402 2300 465 2318 eum
479 2291 604 2318 nuntium
621 2300 636 2317 a
649 2291 785 2327 proposito
799 2292 921 2324 auersus,
942 2300 1021 2326 quam
1040 2297 1070 2318 vt
1125 2300 1172 2325 per
1184 2291 1318 2319 fallaciam
1330 2292 1399 2319 Ter.
1415 2292 1521 2320 Phorm.
1537 2303 1559 2326 ς,
1571 2299 1594 2326 8,
1608 2303 1653 2327 49.
1716 2294 1773 2321 Cic.
1787 2295 1865 2322 Verr.
1880 2304 1908 2328 4,
1924 2302 1952 2328 52
1971 2295 2013 2321 Ab
2027 2295 2087 2328 hoc,
2099 2295 2176 2323 abaci

31 2331 131 2365 'uer
149 2329 240 2358 efferri
256 2328 372 2357 iuberet.
444 2328 467 2354 A
479 2327 565 2354 ventis
587 2327 645 2354 Col.
661 2336 698 2360 12,
714 2336 755 2360 50,
768 2335 801 2359 13.
873 2327 930 2353 Cic.
944 2328 973 2353 in
987 2327 1066 2354 Catil.
1078 2331 1114 2356 60
1124 2327 1184 2353 vasa
1197 2328 1305 2360 omnia,
1324 2334 1353 2354 vt
1373 2329 1488 2363 exposita
1505 2329 1628 2361 fuerant,
1646 2329 1763 2356 abstulit.
1835 2330 1874 2356 De
1893 2330 2022 2357 conuiuio
2041 2336 2070 2358 vt
2090 2331 2176 2358 solent

13 2353 23 2389 l
61 2364 148 2402 ι’ῥζ-’,9
179 2366 232 2394 Hic
253 2365 315 2401 quis
337 2363 422 2400 potest
442 2363 507 2396 esse,
528 2363 666 2396 Qtirites,
680 2370 734 2390 tam
751 2364 858 2389 auersus
877 2372 893 2390 a
911 2372 993 2396 vero,
1015 2369 1069 2390 tam
1122 2362 1191 2389 asoti
1206 2363 1278 2389 Idem
1292 2364 1324 2390 de
1338 2364 1397 2390 Fin.
1410 2373 1435 2396 2,
1450 2373 1486 2390 22.
1558 2365 1597 2391 Dc
1611 2365 1715 2392 aerario
1728 2365 1867 2401 pecuniam
1887 2366 1924 2393 Id.
1937 2367 1991 2393 Att.
2006 2374 2031 2402 7,
2044 2375 2081 2393 21.
2155 2368 2176 2394 E

12 2401 24 2417 ³
50 2412 103 2428 ivs-¹
115 2410 125 2429 ff·
148 2423 157 2437 ‚
176 2408 231 2431 tam
245 2405 333 2430 mente
345 2405 450 2436 captus,
470 2399 520 2435 qui
538 2405 617 2434 neget
639 2399 703 2427 haec
724 2399 825 2432 omnia,
840 2408 907 2434 quae
928 2399 1069 2426 videmus?
1123 2398 1262 2432 conspeetu
1277 2398 1344 2425 Plin.
1360 2408 1395 2431 31,
1405 2408 1427 2426 2.
1503 2400 1644 2428 Cic.Verr.
1658 2408 1680 2434 5,
1695 2409 1737 2437 117
1757 2402 1849 2437 Itaque
1862 2408 1918 2429 erat
1931 2402 2016 2429 exitus
2029 2402 2175 2437 eiusmodi,

43 2427 117 2450 *⁸²⁵⁸*
137 2460 144 2468 .
158 2448 196 2472 10,
211 2447 240 2466 ιι
259 2437 338 2465 Nihil
352 2445 402 2473 ego
412 2435 472 2463 vidi
488 2440 543 2463 tam
555 2434 739 2468 ἐνηᾶοπσίητον,
760 2441 815 2462 tam
833 2435 957 2461 auersum
977 2444 992 2461 a
1004 2435 1067 2461 suis.
1121 2439 1151 2460 vt
1165 2433 1232 2460 alius
1245 2434 1419 2474 inter—manus
1432 2445 1446 2462 e
1461 2436 1607 2470 conuiuio,
1625 2443 1668 2464 tan
1690 2446 1752 2464 uam
1771 2446 1786 2463 e
1798 2438 1900 2472 praelio
1920 2438 2086 2470 auferretur,
2106 2438 2175 2466 alius

51 2471 134 2508 uisus
151 2475 323 2507 mercaturis,
343 2475 394 2500 Oui
412 2479 576 2501 mercaturam
596 2471 651 2505 odit
678 2473 746 2499 Hor.
760 2472 843 2498 Serm.
859 2479 882 2503 2,
895 2479 919 2503 3,
933 2478 989 2504 ¹07·
1032 2471 1069 2497 Vt
1122 2475 1249 2504 tanquam
1265 2471 1364 2497 occisus
1377 2471 1582 2507 relinqueretur.
1655 2474 1667 2500 1
1685 2482 1728 2500 em
1741 2473 1773 2500 de
1785 2474 1859 2501 Orat.
1873 2482 1905 2507 2,
1916 2477 1965 2507 265
1984 2475 2039 2509 Ego
2052 2474 2174 2510 Magium

25 2539 27 2542 ,
49 2511 132 2541 uersus
145 2511 178 2538 ab
189 2511 265 2538 omni
277 2511 334 2537 esca
342 2500 493 2537 'lfomachus
510 2507 629 2535 Scribon.
642 2509 695 2538 186.
721 2510 739 2533 i.
755 2506 899 2534 abhorrens.
955 2507 997 2533 Sic
1010 2505 1067 2546 Cic.
1078 2504 1110 2536 65
1122 2513 1177 2531 non
1192 2506 1351 2532 conseruasse
1367 2506 1428 2534 dico
1440 2511 1588 2544 pecuniam,
1609 2508 1652 2536 sed
1666 2515 1792 2545 tanquam
1806 2509 1891 2536 nudus
1909 2519 1987 2537 nuces
2009 2511 2124 2545 legeret,
2143 2510 2174 2538 in

42 2562 43 2566 =
60 2559 65 2569 ’
85 2547 164 2575 Arch.
178 2555 212 2574 20
224 2556 246 2573 c.
258 2555 276 2580 9
294 2546 391 2581 Neque
404 2545 476 2572 enim
489 2545 629 2580 quisquam
642 2544 678 2571 est
691 2550 746 2570 tam
757 2543 863 2570 auersus
875 2551 889 2568 a
902 2541 993 2573 Mutis,
1009 2551 1068 2576 qui,
1121 2546 1243 2576 ventrem
1261 2541 1402 2569 abstulisse.
1472 2545 1503 2571 Et
1523 2545 1562 2579 Q
1573 2545 1657 2573 Fratr.
1672 2554 1694 2579 1,
1709 2555 1718 2572 1
1740 2545 1911 2580 Cogebantur
1923 2546 2023 2578 Syllani
2042 2546 2174 2577 homines,

27 2611 30 2617 ,
61 2602 70 2610 .
116 2582 250 2610 Columel.
264 2590 301 2615 12,
315 2591 336 2614 1,
348 2590 364 2607 2
382 2581 441 2608 Nec
455 2581 577 2607 auersum
588 2579 766 2608 contubernio
778 2580 825 2605 suo
841 2578 1003 2610 habeamus,
1015 2583 1065 2614 pro
1121 2586 1190 2612 quae
1208 2586 1255 2612 per
1275 2578 1332 2605 vim
1353 2584 1380 2605 et
1398 2585 1499 2606 metum
1520 2580 1696 2614 abstulerant,
1721 2581 1841 2609 reddere.
1913 2583 1962 2609 Per
1981 2581 2115 2614 iudicem,
2140 2580 2175 2616 est

0 2626 3 2644 1
49 2618 235 2646 contubernio.
255 2617 283 2643 de
295 2616 390 2645 villico.
461 2615 535 2643 Idem
549 2624 581 2649 ιι,
594 2625 615 2649 ι,
629 2625 660 2650 14
678 2616 754 2642 Tum
769 2615 850 2641 etiam
864 2614 894 2641 sit
910 2623 923 2640 a
939 2614 1067 2642 Venercis
1119 2613 1213 2640 iudicis
1224 2612 1375 2641 austeritate
1394 2622 1419 2642 et
1431 2616 1558 2652 sentmtz'a
1572 2626 1623 2643 rem
1636 2615 1735 2653 aſjbqui.
1789 2618 1895 2652 leian.
1909 2618 1938 2644 in
1952 2617 1969 2645 l.
1984 2618 2054 2652 apud
2066 2618 2134 2645 Cels.
2149 2616 2173 2655 §-

0 2662 2 2670 ¹
57 2653 159 2681 toribus
179 2652 293 2679 auersus.
363 2651 439 2686 Virg.
461 2651 527 2677 Aen.
545 2660 574 2685 4,
586 2654 635 2684 362
672 2652 756 2678 Talia
767 2651 897 2678 dicentem
910 2650 1066 2677 iamdudum
1123 2648 1203 2683 Qod
1217 2649 1234 2677 fi
1249 2650 1280 2677 is.
1307 2651 1340 2677 D.
1354 2651 1387 2678 de
1400 2651 1458 2678 doli
1469 2652 1535 2679 mali
1550 2659 1576 2679 et
1589 2660 1674 2679 metus
1687 2654 1850 2688 exceptione.
2027 2653 2049 2692 ‘ff
2068 2663 2081 2687 3
2112 2655 2175 2680 Late

57 2689 115 2715 ersa
144 2694 251 2719 tuetur,
283 2689 302 2713 i.
321 2686 407 2722 auerso
428 2692 493 2722 prae
511 2689 552 2714 ira
574 2689 660 2718 vultu,
679 2689 785 2715 retortis
801 2688 954 2722 aliquantum
978 2688 1065 2713 oculis.
1076 2691 1191 2720 70patct
1203 2685 1263 2722 vsits
1282 2686 1353 2713 verbi
1360 2693 1410 2722 pro
1426 2687 1571 2724 *diuevfitate
1590 2698 1672 2715 rerum
1713 2699 1771 2721 uae,
1791 2697 1834 2716 aut
1853 2688 1919 2715 modi
1937 2698 1995 2725 quo,
2010 2689 2173 2726 auferuntur.

49 2723 131 2750 micon
143 2723 247 2750 auersos
260 2731 419 2757 componere
458 2723 526 2750 Hor.
541 2722 623 2749 Serm.
637 2731 662 2754 1,
675 2730 703 2756 5,
716 2732 758 2756 29.
834 2723 888 2750 Cic.
902 2722 934 2748 ad
949 2723 1020 2749 Brut.
1037 2724 1066 2749 16
1120 2723 1158 2748 De
1171 2721 1249 2758 furto
1263 2722 1346 2750 Plaut.
1361 2723 1422 2750 Aul.
1443 2734 1470 2759 4,
1489 2733 1517 2757 4,
1533 2732 1550 2759 7
1576 2724 1650 2758 Qud
1671 2697 1724 2752 tilqoi
1746 2725 1863 2761 fin'ripui
1878 2726 1887 2751 3
1913 2732 1939 2752 Ε.
1959 2725 2041 2752 redde
2061 2725 2112 2752 huc
2133 2725 2173 2752 fis.

45 2768 79 2794 go
96 2758 278 2786 mediusfidius
295 2767 351 2785 non
371 2757 493 2784 existimo
513 2763 566 2785 tam
586 2767 676 2785 omnes
693 2758 756 2786 deos
775 2759 879 2786 auersos
894 2759 941 2784 effe
955 2766 969 2784 a
984 2758 1065 2785 salute
1121 2763 1143 2783 S.
1164 2757 1232 2792 quid
1249 2758 1290 2785 vis
1312 2758 1444 2786 reddam?
1493 2767 1519 2786 Ε.
1543 2761 1643 2795 rogitas
1659 2761 1668 2787 ἓ
1714 2767 1736 2787 s.
1754 2761 1824 2788 nihil
1847 2761 1971 2796 equidem
1992 2761 2044 2788 tibi
2067 2761 2171 2788 abstuli.

48 2795 118 2830 ·puli
135 2794 266 2828 Romani,
283 2800 311 2821 vt
327 2793 457 2821 octauius
475 2794 589 2821 orandus
609 2794 639 2821 fit
655 2804 705 2829 pro
722 2795 803 2822 salute
819 2795 975 2829 cuiusquam
988 2794 1067 2821 ciuis.
1121 2800 1147 2820 E.
1169 2800 1195 2821 at
1209 2794 1293 2827 illud,
1314 2795 1386 2830 quod
1408 2794 1565 2828 abstuleras,
1584 2796 1659 2822 cedo.
1731 2797 1801 2824 Ter.
1817 2798 1883 2823 Eun.
1896 2807 1923 2830 4,
1937 2806 1960 2830 3,
1977 2802 2002 2827 18
2022 2798 2107 2823 Etiam
2120 2796 2172 2823 hoc

48 2831 98 2866 irg.
112 2831 176 2858 Aen.
189 2839 226 2861 12,
240 2833 296 2865 647
329 2844 374 2850 -—
409 2839 457 2857 vos
471 2829 488 2857 ὁ
500 2829 570 2857 mihi
584 2839 672 2857 manes
705 2831 762 2858 Este
781 2830 863 2863 boni,
884 2830 1011 2865 quoniam
1025 2831 1066 2857 su·
1119 2829 1216 2856 misera
1229 2830 1361 2866 suspicor,
1377 2831 1480 2866 aliquid
1496 2831 1576 2858 domo
1593 2832 1735 2860 abeuntem
1751 2833 1888 2860 abstulisse.
1960 2833 2016 2859 Cic.
2032 2842 2081 2867 pro
2095 2833 2171 2858 Rosc.

44 2867 91 2894 ris
106 2867 196 2894 auersa
208 2866 343 2893 Voluntas.
414 2863 526 2893 Numen
543 2866 604 2893 Stat.
617 2866 708 2894 Theb.
722 2875 745 2901 5,
760 2869 814 2900 641.
844 2866 902 2893 Vid.
911 2865 1066 2894 Marckland
1075 2872 1107 2900 75
1120 2866 1210 2893 Amer.
1226 2875 1255 2898 23
1275 2866 1361 2894 Multa
1373 2867 1459 2902 palam
1473 2868 1584 2895 domum
1601 2869 1675 2895 suam
1695 2868 1848 2901 auferebat,
1866 2869 1941 2903 plura
1954 2868 2020 2894 clam
2033 2868 2065 2894 de
2078 2867 2171 2894 medio

42 2914 49 2925 r
67 2902 149 2930 Eund.
166 2902 230 2929 Silu.
243 2909 266 2935 5,
279 2910 304 2935 2,
319 2910 355 2928 12.
405 2902 475 2930 Add.
495 2903 571 2930 Curt.
590 2912 618 2937 4,
632 2912 671 2936 10,
687 2905 712 2930 6.
782 2904 895 2938 Compar.
932 2902 1063 2936 Qunffll.
1117 2902 1285 2929 remouebat.
1320 2903 1395 2939 Saepe
1408 2901 1441 2937 ⁶st
1455 2905 1602 2938 Impetrare.
1658 2904 1830 2931 Perceleriter
1842 2906 1867 2931 se
1881 2903 2032 2930 ablaturum
2046 2903 2172 2938 Diploma

64 2947 86 2972 ι,
99 2947 122 2966 ιι
147 2938 190 2966 Ne
208 2938 285 2965 illum
305 2937 421 2972 speolans
435 2938 533 2972 iudex,
551 2938 718 2974 reliquorum
733 2938 881 2966 defensioni
895 2937 925 2966 fit
938 2938 1064 2966 auerfior.
1120 2937 1175 2964 Cic.
1191 2939 1263 2965 Fam.
1275 2948 1309 2973 4,
1325 2947 1361 2966 12.
1427 2940 1500 2975 Conf.
1510 2947 1537 2974 7,
1550 2949 1588 2975 17.
1625 2943 1655 2966 it.
1670 2942 1755 2967 Burm.
1769 2940 1803 2967 ad
1815 2939 1923 2974 Quin&
1933 2939 2003 2965 Deci.
2012 2941 2063 2971 306
2079 2940 2171 2974 12,-96.

46 2974 81 3001 ie.
91 2974 145 3001 Att.
161 2983 193 3007 n,
207 2981 220 3008 5
257 2973 422 3001 Auerfiffimo
443 2983 459 3001 a
477 2983 520 3001 me
544 2975 634 3007 animo
656 2975 739 3002 Patris
761 2975 823 3001 fuit.
895 2973 917 3001 A
932 2974 1064 3009 prodigiis
1117 2973 1207 3001 Verba
1222 2974 1336 3002 fecimus
1348 2982 1398 3010 pro
1411 2975 1570 3008 Buthrotiis,
1581 2975 1789 3004 liberalissimum
1796 2975 1929 3002 decretum
1941 2974 2098 3001 abstulimus
2113 2975 2171 3001 Cic.

56 3008 189 3043 erfiffinius
225 3010 283 3036 Sen.
298 3010 343 3044 Ep.
358 3017 398 3043 50.
467 3008 593 3045 Substant.
629 3011 697 3038 Vell.
711 3020 743 3044 2,
764 3012 810 3044 63,
826 3019 837 3037 1
873 3010 1003 3038 Antonius
1016 3020 1064 3046 per
1119 3010 1173 3037 Att.
1189 3012 1227 3043 16,
1241 3019 1281 3044 14.
1350 3010 1447 3037 Ablato
1461 3011 1518 3046 post
1531 3020 1546 3038 a
1559 3011 1636 3046 plebe
1649 3012 1785 3038 consulatu
1799 3012 1859 3038 Liu.
1873 3019 1900 3046 7,
1917 3015 1941 3040 18
1962 3019 2000 3045 pr.
2074 3011 2169 3037 Horat.

58 3044 114 3072 ersa
127 3045 268 3072 castrorum
279 3051 396 3081 receptus
406 3045 450 3073 est.
1075 3055 1108 3081 80
1119 3045 1199 3080 Epist.
1213 3055 1239 3078 2,
1253 3055 1273 3079 1,
1286 3048 1319 3079 56
1337 3046 1432 3073 Aufert
1445 3047 1575 3074 Pacuuius
1590 3047 1663 3075 doen
1677 3048 1775 3074 famam
1788 3047 1871 3079 senis,
1884 3046 1978 3073 Accius
1991 3046 2048 3072 alti.
2086 3046 2169 3073 Plaut.

59 3086 258 3112 AVBRSOR,
287 3081 336 3107 ari.
373 3080 581 3117 [αἶποςρέφομαι,
600 3082 837 3120 ἐπετροπιοίξομαι]
887 3082 1006 3108 Auertere
1019 3081 1064 3118 ft,
1119 3082 1180 3108 Aul.
1198 3092 1227 3116 4,
1247 3087 1270 3114 8,
1290 3089 1315 3115 15
1338 3084 1375 3109 Vt
1391 3082 1473 3116 istuc,
1494 3083 1566 3118 quod
1586 3093 1629 3110 me
1650 3092 1722 3115 oras,
1744 3084 1916 3118 impetratum
1937 3081 1968 3108 ab
1988 3090 2020 3108 eo
2039 3082 2169 3110 auferam.

4 3136 10 3144 .
73 3125 99 3142 eo
114 3114 183 3153 gestu
201 3113 326 3149 detestari.
379 3117 510 3151 (Quintilii.
525 3127 557 3152 ιι,
571 3128 594 3152 3,
609 3127 644 3155 70
663 3119 788 3154 Aspectus
802 3117 875 3144 enim
888 3117 984 3145 eodem
996 3118 1064 3145 sem-
1124 3117 1184 3144 Vici.
1205 3127 1231 3143 n.
1245 3127 1263 3151 4
1283 3117 1419 3151 Laudem,
1441 3120 1596 3151 Pecuniam,
1617 3119 1782 3152 Praemium,
1803 3119 1973 3153 Responfiun.
2047 3118 2104 3144 Cic.
2118 3127 2168 3153 pro

7 3151 9 3159 ¹
48 3183 51 3186 Δ
81 3152 212 3184 vertitur,
232 3160 286 3186 quo
303 3151 401 3186 gestus,
417 3155 546 3189 exceptis,
567 3164 635 3190 quae
649 3162 694 3182 aut
707 3155 847 3186 damnare,
867 3159 910 3180 aut
929 3163 984 3181 non
1000 3163 1063 3181 con·
1119 3153 1215 3187 Qint.
1229 3162 1262 3180 22
1283 3155 1314 3180 In
1327 3154 1409 3181 altera
1423 3155 1479 3189 spes
1492 3156 1559 3186 esset,
1568 3155 1599 3181 ad
1607 3155 1686 3182 talem
1697 3162 1785 3182 tamen
1799 3155 1889 3182 virum
1901 3153 2018 3180 iudicem
2030 3153 2170 3186 veniendi,

8 3212 9 3216 ,
57 3200 61 3209 ·
76 3196 125 3220 re,
139 3194 184 3215 aut
198 3195 212 3213 a
225 3187 303 3214 nobis
315 3196 455 3216 remouere
467 3190 613 3225 oportebit,
627 3197 656 3218 vt
670 3191 741 3218 idem
757 3189 823 3216 illu'd
837 3189 975 3217 videamur
986 3190 1063 3217 vultu
1118 3189 1189 3216 vnde
1203 3198 1235 3216 eo
1247 3190 1305 3224 plus
1320 3190 1379 3225 opis
1393 3191 1525 3224 auferret,
1546 3200 1601 3226 quo
1620 3191 1707 3217 minus
1726 3191 1848 3218 attulisset
1867 3189 1976 3226 gratiae.
2049 3189 2118 3216 Ibid.
2133 3198 2170 3216 20

4 3257 6 3259 ,
31 3212 39 3255 l
57 3224 138 3251 effari
147 3244 155 3256 ,
174 3232 254 3250 manu
267 3223 403 3257 repellere.
429 3244 431 3247 -
475 3227 516 3253 Sic
528 3225 686 3262 Adspeemm
699 3227 755 3253 eius
770 3226 918 3252 auersatum
930 3227 978 3253 effe
992 3227 1062 3253 Tac.
1076 3233 1105 3262 83
1119 3225 1249 3258 Qiintius
1263 3234 1278 3252 a
1290 3226 1407 3260 Scapulis
1420 3236 1516 3261 paucos
1530 3226 1585 3253 dies
1598 3227 1694 3254 aufert.
1733 3228 1764 3253 Et
1776 3228 1829 3253 Att.
1848 3228 1882 3258 16,
1898 3228 1927 3252 16
1947 3224 2168 3252 Liberalissimum

0 3293 2 3296 Υ
45 3266 90 3286 nn.
104 3268 144 3293 14,
159 3268 192 3292 51,
206 3267 230 3286 2.
301 3259 358 3285 Cic.
371 3260 446 3287 Verr.
456 3269 479 3293 2,
493 3267 537 3297 187
557 3272 579 3289 c.
589 3265 626 3298 76
642 3265 778 3297 Qaerere
792 3261 938 3296 incepimus
952 3262 984 3289 de
998 3263 1062 3289 Car·
1118 3261 1255 3289 decretum
1273 3261 1438 3289 abstulimus.
1510 3263 1566 3290 Cic.
1582 3272 1631 3297 pro
1644 3263 1738 3296 Quint.
1755 3267 1788 3295 84
1814 3261 1886 3288 Mihi
1906 3260 1924 3287 ti
1940 3261 2006 3296 quid
2026 3261 2168 3289 deberetur

59 3310 61 3312 ’
98 3295 139 3327 ’0,
157 3295 282 3330 quisnam
295 3295 356 3321 esset
372 3295 394 3321 is
407 3296 563 3330 Verrutius,
583 3299 632 3333 qui
651 3306 708 3326 tum
728 3304 814 3326 tantae
835 3297 959 3332 pecuniae
978 3298 1061 3325 ratio-
1120 3303 1254 3332 peterem,
1272 3303 1352 3332 atque
1366 3299 1468 3325 iudicio
1482 3299 1536 3326 iam
1549 3299 1651 3334 pridem
1666 3298 1840 3330 abstulissem,
1859 3300 1887 3323 in
1900 3299 1989 3332 quibus
2001 3297 2112 3324 omnibus
2124 3306 2169 3324 au-

50 3348 57 3356 -,
73 3346 75 3354 =
95 3330 226 3359 haberet?
247 3331 365 3357 Haerere
382 3330 480 3364 homo,
501 3334 632 3368 auci-rari,
651 3335 757 3362 rubere.
803 3333 851 3361 sed
870 3331 935 3360 reste
953 3331 1065 3369 rqslr’tuit
1117 3333 1191 3360 ferre
1210 3331 1244 3366 est
1262 3336 1411 3370 impetrare,
1432 3334 1559 3372 consequi,
1578 3335 1644 3370 quod
1662 3341 1741 3369 optas.
1780 3334 1825 3360 Ad
1842 3334 2033 3369 intelligentiam
2053 3336 2168 3369 pertinet

2 3390 3 3395 ,
44 3376 66 3410 ⁴35,
80 3386 96 3400 v.
109 3367 218 3394 versari.
293 3367 352 3393 Liu.
370 3371 392 3398 8,
405 3374 421 3401 7
446 3368 526 3401 Qiod
545 3368 594 3396 vbi
611 3370 717 3398 audiuit
736 3370 809 3397 COS.
829 3369 960 3405 extemplo
975 3370 1064 3397 filium
1118 3369 1176 3396 Cic.
1194 3369 1223 3395 in
1237 3370 1314 3397 Verr.
1331 3379 1350 3403 1,
1364 3379 1392 3396 21
1415 3379 1437 3396 c.
1454 3375 1466 3400 8
1488 3371 1557 3405 Qxis
1571 3370 1648 3396 estin
1660 3370 1759 3405 populo
1773 3370 1912 3401 Romano,
1934 3369 1982 3404 qui
1997 3369 2048 3395 hoc
2062 3378 2118 3395 non
2134 3375 2168 3396 ex

44 3413 57 3443 ἐς
85 3403 167 3436 satus,
189 3402 345 3429 concionem
365 3402 464 3429 claffico
481 3403 606 3431 aduocari
625 3406 701 3434 iuffit.
755 3406 828 3432 Idem
847 3413 876 3438 3,
894 3414 922 3439 12
947 3406 995 3433 Sed
1011 3406 1061 3433 alii
1072 3418 1108 3441 90
1118 3405 1210 3440 priore
1229 3405 1334 3432 afflone
1353 3405 1508 3440 abstulerit,
1529 3406 1651 3432 omnium
1671 3412 1730 3432 ante
1749 3404 1935 3432 damnatorum
1952 3404 2050 3431 scelera
2085 3418 2131 3424 —-

37 3464 57 3475 r„
66 3453 79 3474 4-
85 3444 173 3474 'ntur
185 3447 289 3473 preceS,
309 3445 355 3465 aut
370 3438 530 3466 verecundia
543 3446 587 3467 aut
599 3449 680 3469 metu.
724 3442 809 3469 Scelus
822 3442 898 3468 Curt.
912 3443 937 3472 6,
949 3449 976 3476 7,
989 3451 1026 3469 10.
1117 3442 1164 3468 vix
1178 3450 1238 3468 cum
1251 3440 1329 3469 huius
1343 3450 1424 3476 parua
1441 3447 1515 3476 parte
1527 3441 1636 3476 aequari
1671 3455 1717 3462 --
1751 3442 1841 3476 posse„
1900 3441 1996 3474 Aufer,
2005 3447 2055 3475 pro
2068 3438 2167 3473 Define,

31 3482 39 3487 ·’
73 3502 76 3507 ,
114 3481 239 3502 ERSAT
249 3482 270 3500 v
280 3482 302 3501 s.
339 3474 434 3502 Partic.
472 3475 562 3502 Tacit.
577 3477 644 3504 Ann.
657 3480 689 3510 6,
702 3480 735 3504 26
755 3478 895 3504 Auersatus
915 3478 1062 3506 sermonem
1117 3478 1214 3504 Horat.
1228 3477 1310 3504 Serm.
1328 3486 1350 3510 2,
1366 3485 1393 3512 7,
1408 3486 1440 3510 43
1477 3492 1523 3497 --
1558 3477 1634 3504 aufer
1667 3477 1714 3503 Me
1732 3477 1809 3503 vultu
1825 3483 1935 3504 terrere.
2005 3476 2074 3502 Ter.
2090 3474 2163 3501 Adel.

64 3506 99 3519 '⁴'
175 3510 311 3538 Afflie'tum
323 3519 379 3537 non
391 3512 524 3538 auersatus
535 3512 657 3539 Amicum
669 3513 752 3540 Ouid.
767 3514 841 3540 Pont.
855 3521 878 3545 2,
892 3520 916 3546 3,
930 3519 952 3545 ς.
988 3513 1062 3541 Idem
1119 3521 1142 3546 5,
1157 3518 1180 3546 8,
1194 3522 1225 3547 14
1245 3520 1312 3540 AES.
1333 3513 1394 3540 Sine
1407 3519 1432 3540 te
1446 3521 1554 3540 exorem
1563 3533 1571 3545 ‚
1590 3513 1628 3539 mi
1641 3517 1722 3547 pater.
1759 3520 1807 3540 Μι.
1844 3512 1962 3539 Insanis3
1982 3511 2067 3538 aufer.
2078 3516 2166 3550 ‘nempe

53 3546 211 3608 '···’a⁵'M‘¹3
225 3547 417 3612 5⁶'m‘3¹¹'⁶¹¹'”12'1
430 3545 697 3618 ffffififf‘ltffilf'vffi
705 3547 1062 3612 ”3”1?¹¹²‘s²¹c‘2¹{11¹1¹1‘3¹¹⁰¹5“¹'
1119 3549 1185 3611 ἔξ..
1208 3585 1231 3611 A
1247 3549 1304 3576 cr..
1319 3548 1978 3621 F³¹¹²223⁷.ss.t{.?1².¹5“³¹<}‘0‚5}³⁰1}¹¹¹¹¹⁰⁰2⁶<¹>³5¹a
1994 3545 2166 3613 He3¹l¹f¹i4sse

17 3603 20 3610 .
58 3592 63 3600 ¹
82 3598 103 3615 -‚
136 3601 143 3608 .
213 3601 219 3608 .
322 3602 328 3608 .
447 3595 460 3609 a
620 3604 627 3610 .
699 3604 705 3611 .
781 3605 788 3610 .
1096 3594 1106 3601 ¹
1189 3605 1194 3610 .
1294 3605 1300 3611 .
1442 3594 1455 3610 e
1629 3604 1636 3611 .
1740 3605 1746 3611 .
1784 3595 1798 3611 u
1815 3595 1846 3611 m.
1860 3595 1874 3611 α
1980 3603 1986 3608 -
2051 3601 2058 3607 ·
2157 3600 2166 3607 ν

72 3615 102 3639 ¹¹*
118 3630 121 3644 ι
135 3623 201 3644 tare
214 3589 342 3644 au’exffsgto.
424 3613 437 3619 ⁶
741 3594 756 3620 p
801 3593 833 3620 43
956 3594 1006 3612 mm
1019 3595 1060 3613 em
1074 3594 1105 3620 9³
1118 3620 1157 3647 Id·
1171 3594 1372 3653 Met-¹¹³?1'30361t4.
1385 3622 1477 3655 NemPe
1494 3617 1556 3652 ‘'²²‘'st
1570 3622 1598 3646 1³¹
1616 3620 1709 3647 talibus
1721 3595 1871 3657 Memfi-hwa
1888 3620 2016 3656 aflumine
2035 3598 2167 3653 velssuau

53 3662 58 3670 “
75 3667 97 3673 --
115 3658 166 3689 :3⁶²
175 3659 188 3680 s
202 3661 224 3680 Α
235 3660 251 3680 Β
264 3651 278 3680 f
288 3660 305 3681 1.
318 3661 327 3680 1
339 3661 352 3681 S
361 3673 370 3687 ‚
409 3662 433 3680 e.
487 3654 562 3690 Quod
578 3664 660 3681 omnes
678 3654 791 3691 auersari
812 3654 906 3682 debent.
959 3656 1063 3686 Lucret.
1111 3656 1212 3693 sumta,
1232 3666 1293 3692 quae
1304 3666 1319 3683 a
1331 3653 1402 3683 refla
1415 3658 1458 3682 via
1470 3658 1496 3681 in
1511 3656 1679 3692 transuersum
1692 3657 1798 3692 aliquem
1810 3656 1930 3692 auferunt
1941 3660 2013 3689 atque
2025 3652 2164 3689 abripiunt.

55 3690 143 3725 ’⁹339
1121 3690 1142 3730 ff
1161 3701 1179 3725 4
1206 3693 1326 3728 Reliquas
1343 3692 1473 3728 formulae
1487 3690 1537 3726 fich
1557 3692 1740 3719 elementarium
1763 3692 1873 3719 ordinem
1891 3687 2102 3726 fitbstantiuortjm
2126 3697 2166 3714 ⁶⁰-

72 3725 127 3764 553?
173 3725 245 3757 Cur,
264 3723 364 3760 quibus
379 3725 515 3752 incautum
532 3725 613 3753 scelus
630 3725 778 3752 auersabile
796 3726 947 3762 cumquest,
1119 3738 1212 3765 gemus,
1287 3728 1343 3754 Cic,
1358 3728 1411 3753 Act.
1427 3735 1462 3758 13,
1478 3735 1502 3758 13
1526 3726 1684 3754 Commotus
1696 3728 1749 3755 mis
1762 3728 1846 3755 literis
1856 3747 1863 3759 ‚
1877 3724 1947 3760 quod
1960 3723 1992 3750 ad
2004 3732 2048 3750 me
2061 3723 2165 3750 deVar.

50 3768 106 3822 ⁴4¹3·
132 3792 135 3797 .
174 3760 240 3788 N⁰¹¹
258 3761 376 3794 faciunt,
392 3761 441 3789 i‘ffi
461 3762 577 3788 flammas
596 3768 626 3789 Vt
647 3762 760 3802 fulguris
779 3761 870 3788 halent
939 3795 946 3802 ι,
1068 3771 1186 3791 100r0ne
1204 3764 1341 3799 scripseras
1349 3783 1365 3795 ‚.
1377 3769 1461 3789 totam
1474 3762 1642 3790 Academiam
1660 3764 1693 3790 ab
1706 3762 1861 3802 hominibus
1875 3759 2042 3800 nobiliffitnis
2058 3759 2166 3800 abstuli,

56 3802 84 3828 ,·.·,
104 3805 126 3825 1¹..
174 3796 283 3836 Pedtore
300 3796 420 3837 perfixo,
438 3797 570 3825 documen
589 3797 749 3825 mortalibus
768 3799 847 3824 acre3
1119 3800 1294 3835 transtulique
1310 3799 1343 3825 ad
1353 3798 1472 3825 nostrum
1486 3797 1615 3832 sodalem,
1635 3806 1662 3827 et
1683 3808 1714 3827 ex
1728 3799 1831 3826 duobus
1844 3796 1918 3838 libris
1937 3796 2040 3837 contuli
2059 3804 2087 3821 ιιι
2102 3803 2166 3835 qua-

50 3826 237 3864 &errabitis
249 3831 504 3868 Foedrtascorporis
517 3835 581 3861 Arn.
593 3842 612 3870 7
632 3843 657 3869 p.
671 3842 733 3868 249.
1118 3842 1198 3869 tuor,
1218 3839 1237 3862 i.
1252 3835 1407 3870 disputantes
1423 3834 1488 3860 alios
1500 3833 1531 3860 de
1543 3835 1692 3862 Academica
1704 3832 1861 3871 philosophia
1878 3830 2018 3858 mtroduxt.
2089 3831 2166 3857 Acies

20 3859 25 3878 η’
61 3878 101 3907 =‚·-‘'
116 3871 242 3907 {RJAT
252 3873 306 3900 10,
331 3868 400 3896 “mi’-
435 3869 455 3896 f·
492 3870 702 3906 [dnorpom'occcs]
738 3868 870 3903 Qifflffil·
885 3872 908 3902 8,
921 3876 945 3902 3,
959 3871 992 3903 63
1007 3871 1063 3906 Ego
1119 3881 1180 3899 eum
1194 3871 1301 3898 abstulit
1315 3869 1383 3897 Vell.
1397 3877 1423 3901 2,
1437 3871 1478 3902 56,
1492 3878 1511 3896 1.
1583 3871 1769 3898 Admiratione
1789 3868 1890 3895 auferri
1909 3865 2041 3901 Quincffil.
2055 3872 2084 3899 8,
2099 3874 2128 3898 3,
2142 3873 2165 3897 ς.

65 3900 290 3930 ’-»”.ι1ιιεεῃιετε
303 3902 410 3938 videor,
435 3914 531 3937 eorum
544 3906 594 3943 qui
604 3906 729 3939 aderant,
742 3904 849 3935 tacitam
863 3906 1064 3942 auersam-tem,
1120 3908 1258 3943 Aequitati
1276 3906 1390 3933 multum
1410 3904 1498 3932 aufert
1516 3905 1589 3933 fraus
1609 3907 1756 3942 impiorum
1781 3905 1857 3931 Idem
1876 3912 1915 3937 12,
1951 3922 1959 3930 .
1997 3922 2003 3929 .
2040 3905 2058 3928 i.
2076 3903 2164 3928 Nocet.

76 3948 78 3955 ι
98 3948 101 3956 ι
133 3949 138 3958 ·
160 3946 188 3966 m
205 3939 403 3971 verecundiam.
1070 3944 1174 3982 105Cic.
1189 3944 1244 3971 Att.
1256 3949 1294 3977 ις,
1307 3946 1336 3973 28
1357 3941 1458 4006 Attica}
1471 3949 1546 4006 xxnesse
1557 3943 1639 4007 vnelim
1652 3953 1694 3971 me
1707 3943 1743 3969 ita
1757 3940 1878 3973 excuses,
1896 3944 1926 3967 vt
1942 3946 2050 3967 omnem
2062 3936 2167 3997 culipnarss
