2474 4182
678 33 1052 83 EORVMQVE
1103 35 1168 73 ”A
1190 32 1572 71 VCTORIBVS.

72 153 120 180 tas
142 140 394 179 obseruationes
417 138 605 185 criticoque
626 133 772 171 homine
795 132 933 180 dignas,
953 145 1040 183 quae
1064 134 1099 168 in

73 190 180 236 Fabio
196 193 408 245 spectantur,
436 196 470 230 in
489 201 702 228 srrrnnno
730 186 844 224 adhuc
869 186 1100 225 desideraban-

74 262 145 297 tur,
174 248 304 287 necesse
322 259 392 286 erat
408 258 514 285 nouas
536 243 679 281 subinde
696 244 826 280 exoriri
847 243 901 280 vel
924 254 1028 281 voces
1044 237 1099 276 vel

73 319 199 343 vocum
217 305 522 354 iiiterpretatione5‚
549 311 632 350 quas
648 300 775 347 partim
792 295 1100 347 suppeditauitAu-

71 360 210 399 diorum
228 360 333 398 ledtio
349 361 388 406 a)
408 368 612 394 STEPHANI
638 363 745 390 aetate
762 356 796 390 in
814 351 1100 390 bibliothecarum

44 415 206 454 ‘latebris
232 413 517 457 delitescentium,
557 412 681 459 partim
709 410 902 446 introduxit
929 404 1100 456 sequioris

70 474 146 509 aeui
162 471 335 509 arbitrium
351 476 385 504 et
400 479 437 503 ea
452 463 491 514 b)
507 468 628 503 norma
645 463 832 516 loquendi,
859 473 961 513 quam
976 460 1101 496 caeteri

71 540 196 565 omnes
226 521 479 571 Lexicographi
517 533 631 571 neque
664 523 816 557 omnino
841 529 913 554 non
945 513 1100 563 attigisse,

72 596 184 634 neque
197 581 331 629 penitus
341 575 554 627 pertradlasl'e
570 577 740 613 videntur.
794 571 901 620 Qiod
915 571 958 608 ad
966 570 1104 607 Ortho-

72 636 244 687 graphia‘m
267 636 406 680 attinet,
434 645 586 683 eumque
609 633 749 669 Latinae
769 630 922 676 Linguae
946 627 1102 674 genium,

72 694 130 743 qui
151 692 185 726 in
201 690 341 726 stamine
356 689 430 737 ipio
446 698 480 724 et
496 690 531 724 in
547 684 720 739 partibus,
747 693 782 720 vt
805 684 919 728 aiunt,
948 678 1103 725 constitu-

69 747 151 784 tiuis
165 746 336 790 cernitur,
365 742 632 793 vniuscuiusque
647 739 794 778 elementi
811 746 978 783 naturam,
1006 735 1104 772 habi-

70 810 134 846 tus,
158 799 356 845 relationes,
385 811 571 849 veramque
588 796 831 848 proprietatem
847 790 1103 841 descripsimus3

68 868 133 906 qua
161 855 196 891 in
224 868 259 892 re
284 853 386 891 nobis
408 853 521 891 facem
550 849 735 903 praetulere
762 857 895 897 praeter
927 845 1104 899 Capellas,

68 909 210 962 Lisfios,
241 907 453 963 Scaligeros,
496 916 717 955 caeterosque
743 904 1001 940 Grammaticos
1025 910 1102 937 tum

67 967 244 1016 Antiquos
260 975 335 1002 tum
352 966 583 1008 nocentiores,
602 960 757 997 eruditae
775 958 1103 1000 commendationes

67 1019 202 1069 singulis
220 1019 324 1057 literis
343 1022 376 1057 in
392 1017 497 1057 Fabri
517 1016 700 1053 Thesauro
718 1026 752 1052 et
780 1016 817 1051 in
839 1011 1015 1051 nonnullis
1036 1015 1104 1048 Le-

67 1078 154 1112 xicis
179 1074 487 1123 Latino-Anglicis
508 1069 715 1121 praemissae.
773 1071 969 1106 Literarum
989 1069 1104 1104 Notae

67 1143 154 1182 quae
172 1131 365 1180 priscorum
382 1132 620 1166 Romanorum
644 1127 807 1174 nomina,
830 1124 965 1167 officia,
991 1123 1104 1172 digni-

67 1196 151 1223 tates
170 1188 204 1222 in
222 1185 359 1222 vetustis
374 1184 611 1220 monumentis
627 1180 864 1230 designabant,
892 1192 910 1217 a
927 1179 977 1215 Cl.
993 1180 1105 1215 Serto-

67 1243 119 1278 rio
143 1241 259 1286 Vrsizto
273 1239 448 1288 diligenter
463 1235 629 1275 collectae
644 1247 678 1274 et
696 1234 911 1285 alphabetice
927 1232 1104 1283 dispositae

69 1309 141 1334 non
157 1306 250 1333 erant
265 1293 504 1344 negligendae,
532 1292 729 1342 praesertim
748 1304 829 1328 cum
847 1300 918 1327 tam
933 1288 1002 1327 leui
1020 1301 1105 1338 ope-

67 1364 104 1388 ra
134 1354 306 1388 Romanae
341 1349 546 1386 eruditionis
574 1347 743 1385 studiosos
765 1345 912 1383 feliciter
935 1346 1108 1382 demereri

69 1408 258 1455 potuimus.
284 1402 746 1443 Publicarum'Fornmlarum
763 1401 1031 1440 sollemnitatem
1047 1413 1108 1436 eo-

72 1474 220 1511 rumque
236 1459 486 1497 vocabulorum
502 1458 798 1507 explanationem,
821 1470 909 1508 quae
931 1459 1108 1493 Romanae

68 1517 290 1565 Antiquitatis
306 1515 467 1551 notitiam
483 1516 516 1550 in
534 1514 567 1550 se
583 1512 876 1563 conipledtuntur,
887 1525 996 1562 nuper
1011 1524 1109 1561 prae-

68 1577 121 1606 ter
132 1579 284 1606 caeteros
294 1570 383 1609 Sam.
394 1569 536 1616 Pitiscus
551 1567 746 1607 incredibili
763 1568 882 1605 labore
892 1568 1060 1616 congessit
1075 1575 1109 1604 et

66 1624 172 1661 literis
197 1623 426 1673 consignauit3
468 1624 607 1661 tradidit
641 1623 879 1661 illustrissimus
909 1626 1017 1661 Dom.
1044 1624 1107 1659 ΕΖ.

66 1677 281 1731 Spanhemius
296 1681 330 1716 in
340 1692 447 1730 opere
462 1680 660 1729 pererudito
670 1710 680 1728 ,
708 1679 752 1717 de
770 1679 838 1717 Vsu
855 1689 889 1717 et
904 1679 1106 1729 praestantia

67 1734 342 1779 Numifinatum3
372 1735 588 1784 collegerunt
608 1737 674 1773 viri
699 1734 952 1773 laboriofiffimi
977 1737 1106 1772 Roma—

68 1803 188 1828 narum
206 1792 465 1841 Antiquitatum
481 1791 787 1839 consarcinatoreS,
803 1792 999 1836 Manutius,
1016 1788 1106 1836 Rafi-

69 1858 151 1892 nus,
168 1848 371 1897 caeterique.
401 1851 564 1884 Attamen
580 1847 667 1883 haec
683 1849 822 1894 penitus
838 1844 1021 1892 neglexisse
1037 1852 1109 1878 erat

67 1899 230 1951 proi'ed'to
250 1899 455 1950 Thtsszurum
470 1900 630 1936 nostrum
646 1899 765 1947 insigni
789 1898 933 1935 vtilitate
951 1895 1107 1945 priuaffe,

69 1954 285 2007 (praesertim
296 1967 377 1991 cum
394 1953 626 2002 plurimorum
641 1952 895 1989 vocabulorum
912 1951 964 1983 vis
975 1958 1010 1983 et
1024 1960 1108 1994 pro-

69 2013 195 2059 prietas
211 2023 283 2047 non
307 2007 442 2045 aliunde
456 2007 495 2042 fit
515 2004 736 2051 deducenda)
757 2004 875 2039 omnia
897 2014 983 2038 vero
1006 2012 1107 2037 accu-

70 2063 227 2108 mulasse,
255 2071 343 2107 erat,
369 2059 393 2097 fi
411 2058 542 2096 molem
564 2057 640 2094 libri
655 2067 759 2108 atque
774 2057 931 2093 nostrum
948 2054 1107 2093 laborem

67 2115 209 2166 spedies,
224 2116 408 2153 infinitum.
463 2115 618 2150 Breuiter
626 2125 711 2161 ergo
727 2125 765 2149 ea
781 2113 899 2149 onmia
917 2113 1108 2160 attigimus,

68 2166 161 2209 et'ne
176 2169 304 2208 Led'mr
320 2168 379 2206 fibi
393 2168 550 2206 fraudem
566 2170 675 2217 parari
690 2169 873 2215 existimet,
899 2180 962 2205 eos
978 2166 1107 2217 vbique

69 2227 278 2264 adduximus
297 2223 468 2271 amotores,
487 2226 548 2275 qui
567 2222 663 2273 plura
686 2221 946 2261 consulentibus
970 2220 1108 2259 abunde

69 2280 289 2327 satisfacient,
317 2291 351 2318 et
369 2289 532 2331 tanquam
554 2277 702 2328 Pythius
717 2278 801 2316 alter
823 2288 882 2315 aut
901 2275 1108 2324 Aristoteles,

69 2347 130 2389 pro
145 2335 235 2374 nobis
249 2333 495 2387 respondebunt.
551 2337 622 2372 lam
641 2347 726 2372 vero
744 2345 781 2371 vt
802 2335 846 2371 de
864 2334 991 2370 Critica
1006 2331 1109 2370 verba

70 2392 248 2438 faciamus,
276 2401 379 2443 atque
394 2403 432 2428 ea
447 2388 601 2444 αἶκριζείᾳ
619 2402 706 2441 quae
723 2402 807 2427 cum
826 2391 862 2426 in
878 2387 1043 2426 omnibus
1060 2400 1110 2425 ar-

71 2447 162 2486 tibus
176 2457 210 2485 et
230 2446 415 2496 disciplinis
437 2447 655 2491 dominetur,
683 2454 760 2482 tum
776 2447 811 2482 in
835 2445 907 2482 hoc
934 2443 1110 2480 literarum

73 2516 198 2553 genere
222 2504 407 2551 imperium
438 2500 564 2538 habeat
586 2499 771 2550 singulare,
801 2509 836 2537 et
867 2498 1111 2542 necessarimm

77 2557 226 2606 plurima
240 2557 363 2606 procul
380 2556 489 2594 dubio
503 2556 681 2594 adnotabit
697 2554 827 2593 Lestor
845 2554 942 2592 fuiffe
956 2556 992 2591 in
1018 2568 1063 2591 ετ
1074 2568 1114 2590 E-

78 2625 211 2649 rnmio
231 2611 305 2660 ipso
321 2611 532 2649 emendanda
549 2611 603 2660 c),
639 2610 829 2660 plurimum
852 2613 956 2647 etiam
985 2622 1112 2659 operae

73 2666 316 2704 insumendum
342 2668 377 2704 in
399 2668 439 2704 iis
462 2665 662 2704 austoribus
672 2669 735 2705 rite
759 2666 991 2713 adducendis,
1020 2677 1111 2716 quos

76 2721 131 2760 vel
154 2734 390 2759 srssrnAnvs
416 2720 503 2771 ipse,
530 2721 584 2760 vel
607 2736 652 2760 ex
672 2720 920 2772 posterioribus
942 2720 1114 2767 nonnulli,

75 2786 133 2815 aut
147 2789 206 2826 per
221 2779 389 2814 incuriam
405 2789 585 2827 perperam
600 2780 758 2826 citarunt,
777 2789 835 2815 aut
852 2789 922 2826 ope
937 2776 1114 2814 Codicum

76 2831 263 2871 meliorum
283 2832 444 2870 destituti.
530 2832 723 2871 Plurimum
745 2846 829 2883 ergo
853 2832 1116 2869 clarissimorum

77 2887 274 2925 nostrorum
302 2887 490 2926 hominum
516 2886 727 2936 laboribus,
762 2898 1052 2940 caeterorumque
1080 2889 1118 2924 in

77 2942 142 2981 hac
162 2942 336 2993 disciplina
353 2945 569 2993 Principum,
597 2942 761 2995 debetur,
790 2953 825 2982 vt
841 2944 1116 2981 THESAVRVS

1164 128 1429 166 LATINAE
1457 130 1708 167 LINGVAE
1733 128 1837 178 longe
1853 141 1946 167 nunc
1963 131 2108 180 prodeat
2127 147 2200 171 nou

1164 183 1277 221 solum
1293 182 1523 230 locupletior,
1552 198 1673 222 verum
1696 188 1802 223 etiam
1827 186 1871 222 ita
1887 186 2115 233 emendatus,
2143 199 2201 236 vt,

1164 237 1218 276 vel
1234 250 1271 274 ea
1289 237 1357 274 sola
1376 237 1519 275 vtilitate
1541 249 1643 288 atque
1665 241 1736 278 hoc
1759 240 1867 278 laudis
1889 253 2033 289 genere,
2057 245 2203 280 caeteris

1166 291 1332 331 omnibus
1354 292 1556 329 huiufinodi
1572 292 1665 330 libris
1681 309 1762 331 eum
1784 294 1951 333 anteferre
1976 309 2050 333 non
2068 296 2215 335 dubite-‘

1166 361 1255 387 mus,
1309 347 1417 395 Qiod
1443 347 1485 383 ad
1512 350 1683 384 rationem
1707 350 1865 388 auctores
1887 350 2102 391 describendi
2125 352 2204 390 alle-

1166 403 1338 454 gandique
1361 405 1500 449 attinet,
1526 401 1658 439 tametsi
1680 415 1762 439 cum
1784 407 1872 441 viris
1894 408 2039 445 maximi
2062 410 2204 444 nominis

1166 461 1224 497 vix
1243 458 1450 495 arbitremur
1464 456 1636 495 vniuersas
1655 459 1786 494 nostras
1804 471 1924 507 operas
1950 464 1984 497 in
2000 475 2038 500 ea
2055 461 2124 500 sola
2141 474 2203 512 pa-

1166 514 1281 552 laestra
1299 513 1392 562 posse
1416 514 1570 549 exerceri
1596 511 1650 549 vel
1672 511 1798 549 vtiliter
1821 514 1917 561 Reip.
1941 514 2122 563 literarIae‚
2150 516 2206 556 vel

1166 569 1270 607 nobis
1288 568 1363 617 ipsis
1380 568 1550 616 gloriose,
1577 569 1685 618 (quos
1701 577 1817 604 tamen
1835 570 1927 617 ipsos
1944 582 1987 606 ne
2004 573 2039 608 id
2060 575 2206 624 quidem

1166 624 1255 664 velle
1270 624 1538 661 existimandum
1553 623 1619 669 est,
1647 632 1683 659 vt
1704 636 1948 660 STEPHANVS
1968 625 2064 671 prelo
2087 628 2208 666 denuo

1168 680 1410 718 committatur
1426 677 1595 724 incultus,
1623 678 1846 725 inhonestus,
1873 677 2097 726 impersedius
2111 683 2210 720 deni-

1168 749 1237 787 que
1255 745 1289 772 et
1304 734 1441 771 mendis
1458 731 1607 780 obsitus,
1636 732 1732 770 nullo
1757 742 1882 770 ornatu
1908 734 2091 773 decoratus
2114 749 2211 784 prae-

1169 802 1219 828 ter
1228 803 1303 828 eam
1320 788 1543 839 pauxillulam
1557 788 1665 825 laudis
1675 788 1945 838 portiunculam,
1962 802 2050 840 quae
2066 794 2100 828 in
2117 789 2211 839 libri,

1169 847 1306 899 capitis,
1326 844 1423 891 incist
1436 854 1494 881 aut
1507 846 1653 898 paginae
1669 843 1825 892 religiosa
1841 846 2022 881 notatione
2038 848 2211 895 cernitur)

1170 914 1247 939 eam
1265 911 1381 938 tamen
1397 899 1595 946 vtilitatem,
1620 911 1680 947 per
1696 898 1730 935 se
1746 899 1890 950 quidem
1912 900 2128 938 mediocrem
2153 901 2214 939 sed

1169 956 1352 1006 operosam
1370 965 1506 1002 tamen,
1531 953 1641 992 abesse
1660 953 1849 991 noluimus.
1905 957 2083 992 Numeros
2108 958 2215 1004 igitur

1169 1011 1360 1050 Librorum
1384 1021 1418 1047 et
1443 1011 1609 1059 Capitum
1634 1009 1689 1046 vel
1715 1008 1884 1046 Versuum
1913 1010 2030 1061 (qnod
2054 1012 2089 1047 in
2112 1011 2216 1048 Prosit

1169 1066 1225 1104 vel
1241 1066 1341 1103 Versa
1358 1067 1519 1102 oratione
1534 1063 1634 1102 facile
1651 1065 1898 1114 distinguetur)
1914 1065 2047 1102 summa
2065 1079 2131 1117 qua
2149 1079 2216 1115 po-

1169 1124 1302 1160 tuimus
1333 1121 1402 1157 fide
1433 1121 1661 1167 adduximus,
1704 1122 1925 1169 optimorum
1954 1120 2217 1171 Faremplarium

1170 1176 1416 1216 auts'toritatem
1432 1178 1468 1213 in
1491 1177 1533 1213 iis
1551 1175 1775 1224 disponendis
1793 1175 1911 1213 secuti.
1953 1179 2136 1225 Speramus
2153 1179 2217 1214 ita-

1170 1247 1239 1285 que
1257 1245 1323 1270 nos
1338 1244 1411 1269 non
1426 1233 1603 1268 minorem
1618 1234 1762 1280 gratiam
1778 1243 1795 1267 a
1813 1229 1985 1268 lec'iorum
2002 1231 2217 1281 plebeinitu-

1172 1301 1230 1326 ros
1247 1291 1282 1325 in
1304 1288 1510 1329 testimoniis
1526 1289 1590 1324 rite
1606 1286 1640 1324 <St
1656 1286 1849 1324 commode
1865 1288 2092 1336 apponendis,
2112 1300 2219 1338 quam

1173 1342 1335 1392 Sacrilegi
1355 1343 1408 1379 isti
1428 1339 1654 1395 Lugdunensis
1676 1342 1847 1379 Editionis
1871 1339 2049 1380 Austorcs
2071 1345 2107 1379 in
2131 1342 2221 1380 rese-

1174 1399 1300 1437 candis.
1358 1398 1541 1436 Ciceronis
1568 1398 1769 1434 Editionem
1797 1394 2072 1450 Verburgianam
2094 1397 2220 1435 intelli-

1174 1458 1288 1505 gimus
1310 1453 1375 1491 esse
1397 1451 1667 1500 consulendam,
1694 1451 1737 1489 ab
1761 1450 1928 1490 omnibus
1952 1455 2020 1490 iam
2042 1452 2221 1491 trac‘iatam

1174 1521 1208 1548 et
1226 1510 1398 1547 laudatam
1416 1511 1543 1546 merito
1559 1510 1738 1554 maximo3
1760 1521 1908 1560 eamque
1924 1511 1960 1546 in
1980 1510 2118 1546 minora
2129 1520 2220 1546 tme-

1174 1576 1264 1604 mata
1282 1563 1488 1602 diuisionem
1517 1562 1782 1613 amplediimur,
1807 1577 1912 1615 quam
1931 1577 1950 1601 a
1976 1562 2117 1602 Nizolio
2133 1564 2222 1602 olim

1173 1622 1367 1671 vsurpatam
1391 1621 1542 1668 Margini
1569 1619 1647 1657 suae
1664 1619 1835 1657 Editionis
1858 1621 1988 1670 apponi
2011 1622 2146 1657 curauit
2162 1622 2224 1657 Vir

1171 1672 1549 1727 praestantiffi1nusd):
1577 1673 1731 1724 negledia
1749 1685 1864 1712 tamen
1881 1678 1917 1712 in
1933 1674 2093 1725 Epistolis
2118 1688 2157 1713 ea
2178 1674 2226 1712 al-

1175 1733 1312 1783 legandi
1329 1734 1474 1769 ratione.
1531 1732 1586 1766 De
1605 1729 1774 1766 omnibus
1799 1729 2016 1770 Aud'toribus
2039 1744 2119 1767 cum
2147 1730 2224 1767 lon-

1172 1801 1257 1837 gum
1273 1786 1385 1830 foret,
1418 1794 1494 1820 tum
1511 1781 1654 1820 Lectori
1676 1785 1825 1819 nimium
1848 1785 2031 1821 monendo
2051 1783 2227 1822 fastidium

1173 1848 1346 1877 moueret²
1387 1841 1490 1874 Erant
1504 1836 1670 1875 nonnulla
1691 1837 1833 1873 leuioris
1850 1848 1885 1873 et
1901 1840 2122 1888 quotidianae
2137 1852 2226 1888 ope-

1174 1907 1248 1938 rae,
1287 1891 1484 1940 praestanda
1507 1900 1642 1936 tamen,
1687 1889 1767 1926 licet
1795 1890 1854 1927 hic
1876 1903 1893 1927 a
1917 1890 2020 1928 nobis
2046 1895 2224 1932 monitum

1172 1949 1231 1982 vix
1248 1944 1420 1994 postulare
1437 1944 1629 1981 videantur.
1663 1943 1874 1994 Syllabarum
1890 1945 2018 1983 scilieet
2036 1947 2226 1995 ‚Qcamita-

1173 2011 1246 2044 tes,
1271 2001 1404 2046 Genus,
1426 1998 1669 2051 flexionisque
1686 2002 1859 2038 rationem
1881 2014 1919 2039 ea
1945 1999 2113 2041 breuitate
2140 2017 2227 2042 con—

1173 2054 1358 2102 clusimus,
1404 2064 1442 2092 vt
1467 2057 1586 2104 operis
1612 2054 1745 2093 molem
1768 2055 2016 2094 incredibiliter
2038 2058 2226 2110 aliquando

1175 2111 1381 2148 leuaremus.
1452 2111 1657 2160 Expeditius
1691 2113 1786 2148 enim
1811 2111 1925 2150 multo
1955 2122 1990 2150 et
2019 2117 2227 2153 concinnius

1174 2180 1291 2217 neque
1307 2166 1349 2203 ad
1366 2164 1549 2203 vtilitatem
1574 2165 1686 2203 leuius
1710 2167 1885 2205 adnotasse
1912 2171 2136 2206 ςοΜΜόΝεο
2149 2200 2159 2217 ,
2177 2174 2226 2219 ui,

1175 2226 1278 2269 itum,
1291 2223 1316 2259 e*
1318 2234 1364 2258 re.
1394 2234 1500 2273 quam
1517 2234 1599 2258 cum
1615 2233 1658 2258 ετ
1669 2234 1831 2263 arnano
1849 2224 1892 2260 ad
1909 2224 2062 2261 taedium
2079 2227 2227 2274 ingemi-

1175 2290 1276 2323 nare,
1316 2290 1550 2314 commoneo
1564 2306 1574 2321 ,
1609 2289 1809 2325 commones,
1835 2278 2028 2331 penultima
2056 2292 2226 2333 correpta,

1176 2333 1379 2379 commonui,
1407 2334 1660 2379 commonitum,
1684 2332 1871 2384 penultima
1887 2345 2065 2387 correpta,
2091 2349 2229 2373 commo-

1175 2400 1264 2425 nere.
1323 2387 1488 2425 Leuicula
1505 2388 1591 2425 haec
1605 2387 1671 2425 effe
1685 2388 1790 2426 dices.
1846 2392 2008 2427 Fatemur
2018 2390 2128 2438 vltro,
2145 2399 2228 2430 atta-

1177 2456 1261 2481 men
1276 2455 1350 2480 non
1364 2443 1504 2492 prorsus
1526 2444 1731 2481 omittenda.
1788 2443 2059 2493 Alphabeticam
2079 2447 2230 2499 denique

1177 2499 1322 2546 seriem,
1351 2500 1627 2550 congeriemque
1650 2498 1846 2548 phrafium,
1874 2498 2118 2550 locutionum,
2145 2516 2230 2553 pro-

1177 2556 1365 2603 prietatum
1380 2564 1447 2591 etc.
1464 2554 1673 2591 instituimus
1693 2556 1838 2591 minima
1854 2552 1993 2593 fortasse
2018 2560 2142 2606 gratia,
2170 2559 2231 2598 sed

1179 2608 1299 2647 labore
1318 2618 1352 2646 et
1370 2622 1475 2658 opera
1494 2622 1567 2646 non
1585 2611 1747 2648 minima:
1776 2611 1875 2661 quod
1892 2624 1975 2649 cum
1991 2614 2155 2652 inanimo
2169 2615 2231 2654 ha-

1178 2664 1254 2702 buit
1273 2674 1309 2702 et
1337 2664 1427 2702 serio
1448 2674 1483 2702 vt
1507 2663 1697 2713 plurimum
1720 2664 1868 2714 perfecit
1892 2679 2152 2712 aravum-ivs,
2181 2671 2230 2709 le-

1180 2719 1318 2758 c‘iorem
1332 2730 1449 2757 tamen
1468 2718 1654 2771 aliquando
1674 2719 1772 2757 latuit
1786 2733 1825 2758 ea
1841 2721 2039 2771 dispofitio,
2055 2738 2137 2763 cum
2154 2740 2232 2765 ver-

1181 2775 1238 2822 ba,
1265 2788 1354 2827 quae
1377 2773 1589 2812 dominantia
1614 2774 1784 2825 appellare
1801 2774 1886 2814 libet
1902 2807 1912 2825 ,
1956 2778 2142 2830 aliquando
2161 2780 2232 2834 post

1181 2833 1353 2884 principia
1370 2829 1546 2868 latitabant
1560 2861 1571 2879 ‚
1597 2833 1779 2882 aciemque
1801 2831 1897 2869 oculi
1914 2833 2104 2883 saepiffime
2119 2835 2232 2885 fugie-

1182 2886 1274 2925 bant.
1331 2889 1446 2924 Voces
1464 2887 1549 2935 ipsas
1568 2899 1641 2924 non
1664 2887 1793 2925 eodem
1809 2886 1938 2938 vbique
1962 2898 2065 2939 atque
2087 2890 2233 2929 exactis-

1183 2941 1271 2982 fimo
1287 2952 1411 2980 tenore
1435 2941 1627 2992 Alphabeti
1647 2941 1897 2992 conglutinatas
1920 2946 2068 2993 reperiet
2088 2945 2232 2988 Lector.

1252 2996 1266 3036 l
2185 3005 2234 3041 Ea

117 3103 147 3132 a)
167 3100 359 3128 Huiuscemodi
378 3109 454 3131 erant
469 3101 606 3132 Phaedrus
619 3124 628 3138 ,
654 3103 732 3139 Syrm-
747 3125 755 3139 ‚
785 3105 939 3143 caeterique
959 3114 1040 3144 quam
1059 3103 1192 3144 plurimi,
1220 3102 1421 3132 Historieorum
1442 3109 1469 3130 et
1484 3103 1629 3131 Poetarum
1643 3100 1805 3138 Fragmenta
1819 3121 1828 3137 ,
1848 3099 2039 3140 inscriptiones
2067 3104 2234 3136 (nonnullae

156 3156 253 3173 aureae
275 3147 398 3182 aetatis)
432 3157 590 3189 caeteraque
621 3150 648 3179 id
668 3162 751 3188 genus
775 3159 950 3181 monumenta

970 3175 978 3187 ,
1010 3163 1079 3191 quae
1102 3152 1283 3191 posteriorum
1309 3150 1453 3178 hominum
1472 3159 1537 3178 cura
1558 3156 1585 3177 et
1605 3147 1665 3177 luce
1679 3147 1788 3188 publica
1821 3156 1847 3176 et
1862 3147 2002 3175 literarum
2026 3147 2128 3177 lumine
2149 3150 2234 3180 dona-

157 3195 204 3221 vit⁴
270 3194 326 3220 Erit
354 3195 433 3223 instar
454 3199 576 3226 omnium
599 3197 808 3227 celeberrimum
827 3199 982 3228 Eaebrmmn
1010 3193 1122 3227 laudare
1139 3221 1146 3233 ,

1187 3199 1231 3226 eui
1253 3196 1369 3225 multum
1398 3196 1479 3224 debet
1498 3197 1629 3224 Latinitas
1654 3196 1782 3223 restituta.
1844 3193 1934 3222 Plures
1962 3195 2085 3223 auctores
2111 3198 2233 3226 recenset

156 3238 315 3267 Borrichius
330 3237 363 3265 de
377 3240 477 3269 Lexicis
492 3244 602 3278 Latinis,
621 3245 669 3282 qui
684 3245 863 3282 Stephanisae
883 3248 963 3281 aetati
983 3246 1181 3282 ignorabantur
1195 3265 1205 3279 ,
1226 3254 1283 3272 non
1297 3244 1402 3282 optima
1424 3250 1515 3270 tamen
1537 3241 1590 3269 fide
1603 3262 1612 3275 ,
1640 3250 1700 3269 cum
1720 3241 1747 3266 in
1767 3238 1809 3266 his
1831 3239 1978 3267 Manilium
2000 3242 2123 3269 nominet
2140 3265 2151 3279 ,
2185 3248 2234 3281 qui

153 3283 257 3324 prodiit
279 3285 348 3322 typis
368 3283 475 3314 Alflmis
493 3287 598 3317 saeculo
621 3296 667 3323 ις,
709 3290 832 3328 adeoque
858 3299 918 3320 ante
947 3292 1033 3332 ipsum
1059 3299 1151 3320 natum
1177 3299 1191 3319 s
1204 3296 1368 3319 TEPHAN
1384 3295 1405 3315 v
1418 3296 1456 3318 M.

1544 3287 1575 3328 b)
1596 3285 1819 3320 Theologorumff
1840 3284 1936 3324 scripta
1954 3284 2132 3321 intelligimus
2146 3308 2155 3321 ,
2185 3297 2232 3314 eo.

156 3341 217 3359 Tum
242 3331 397 3369 praecipue,
421 3333 468 3369 qni
486 3343 545 3361 cum
563 3345 650 3378 neque
665 3335 699 3364 ad
713 3338 837 3365 Summae
855 3348 942 3377 neque
963 3338 997 3370 ad
1016 3340 1128 3367 Infimae
1148 3338 1301 3366 Latinitatis
1325 3334 1430 3363 classem
1453 3334 1612 3371 redigantur
1625 3353 1635 3368 ,
1662 3332 1801 3370 Vtriusque
1820 3332 1894 3370 quasi
1915 3331 2020 3366 medii,
2048 3342 2132 3370 paene
2153 3343 2168 3359 a
2183 3335 2234 3360 Le-

157 3377 221 3404 xicis
240 3375 406 3404 exsulabant.

156 3421 263 3448 circiter
282 3419 357 3448 mille
379 3422 579 3450 vocabulorum
597 3427 741 3454 accessione
764 3425 946 3466 locupletatur.

473 3378 628 3408 Vindicauit
646 3383 746 3420 primus
762 3404 771 3416 ,
799 3383 872 3420 quod
890 3384 967 3412 sciam
981 3407 990 3420 ,
1017 3384 1145 3413 Cellm·iu5
1161 3407 1167 3419 ,
1198 3385 1245 3422 qui
1268 3381 1352 3411 Fabri
1365 3379 1541 3409 The-sautum
1566 3382 1646 3408 Anno
1670 3386 1740 3413 1710.
1769 3377 1891 3416 septem;
1922 3380 2003 3406 Anno
2033 3386 2101 3414 ¹7¹7-
2136 3379 2234 3414 viginti

1003 3431 1103 3467 Neque
1123 3438 1172 3456 nos
1185 3435 1277 3456 tamen
1290 3434 1394 3455 temere
1419 3426 1511 3453 omnia
1531 3423 1682 3452 admisimus
1697 3443 1706 3456 ,
1728 3432 1788 3450 cum
1808 3429 1835 3450 et
1848 3422 1921 3450 idem
1943 3432 2028 3461 paene
2053 3421 2106 3449 fuit
2122 3422 2235 3461 Gqsneri

161 3465 308 3493 consilium.
331 3487 350 3500 ‚,
366 3469 495 3496 miximus
510 3468 649 3497 vocabulis
658 3473 736 3499 nouis
752 3482 809 3500 non
824 3473 932 3511 quidem
945 3474 1042 3511 nullis,
1059 3475 1103 3503 sed
1117 3476 1208 3513 paucis
1221 3481 1330 3508 tamen,
1344 3472 1474 3500 nimirum
1492 3470 1577 3506 dignis
1592 3469 1645 3496 hoc
1657 3468 1821 3505 Thesauro,
1840 3479 1922 3507 quem
1937 3469 1965 3501 ἒξ
1986 3468 2132 3505 οἱφοιιρὲσεως
2146 3477 2174 3497 et
2190 3470 2236 3498 de-

159 3529 178 3546 „
189 3509 320 3538 trat‘lmne
342 3513 432 3549 potius
445 3522 542 3542 cuz-are
552 3534 562 3548 ‚
583 3515 600 3541 si
616 3524 658 3542 res
672 3516 709 3543 ita
724 3516 840 3552 tulisset,
862 3528 940 3556 quam
956 3522 1157 3557 προσανατρέφειν
1172 3526 1200 3547 et
1213 3519 1384 3558 pinguiorem
1400 3516 1514 3545 reddere
1527 3516 1576 3543 hac
1597 3513 1706 3552 quidem
1719 3522 1797 3554 parte
1809 3513 2025 3548 maluissemus„
2065 3514 2179 3543 Praefat.
2202 3518 2237 3546 ad

159 3555 244 3584 Fabri
258 3555 440 3585 Thesaurum.

549 3564 574 3592 c)
597 3561 698 3587 Mirum
716 3561 785 3590 vnde
797 3564 919 3592 eueniret
933 3574 962 3594 vt
981 3567 1010 3593 in
1026 3566 1152 3594 omnibus
1169 3563 1310 3593 Thesauri
1323 3562 1492 3592 Editionibus
1505 3568 1532 3588 et
1548 3562 1577 3588 in
1594 3560 1720 3589 omnibus
1737 3567 1878 3599 praeterea
1893 3560 1995 3587 Lexicis
2011 3558 2101 3587 latinis
2115 3559 2190 3588 locus
2203 3570 2238 3589 ex

158 3600 255 3630 Horat.
272 3601 356 3652 Epod.
376 3609 437 3637 14,8
458 3603 654 3639 adduceretur,
676 3606 779 3633 Ducere
793 3607 1021 3646 nchnbilit-um,
1040 3622 1101 3640 cum
1125 3619 1220 3638 omnes
1248 3610 1360 3638 Horatii
1384 3607 1539 3640 editiones,
1568 3615 1602 3634 ne
1621 3605 1781 3644 Stephanica
1803 3605 1914 3643 quidem
1934 3611 2064 3644 excepta,
2096 3605 2238 3637 Adducere

160 3644 260 3681 legant.
302 3649 577 3698 Miror-Stephanum,
597 3653 644 3690 qui
660 3651 724 3679 haec
736 3661 805 3689 quae
818 3652 963 3691 sequuntur
977 3665 1009 3684 ex
1026 3656 1149 3692 alepino
1163 3652 1296 3694 arripuit,
1319 3663 1351 3681 ea
1367 3661 1424 3680 non
1440 3650 1608 3686 obseruasse,
1629 3672 1649 3688 ‚,
1661 3653 1723 3679 Fuit
1737 3659 1765 3679 et
1778 3653 1936 3679 Demaratus
1956 3652 2108 3689 Tarquinii
2123 3652 2239 3690 Superbi

160 3710 180 3725 ο,
193 3698 286 3740 Pete-r,
304 3700 350 3729 qm
364 3693 499 3722 Corintho
512 3696 541 3734 in
563 3694 722 3723 He'truriam
739 3695 764 3723 se
782 3699 882 3736 recepit
898 3699 973 3737 quod
989 3698 1133 3738 Cypselum
1148 3701 1315 3733 Tyrannum
1328 3697 1402 3726 ferre
1424 3706 1480 3724 non
1496 3695 1590 3734 posset.
1634 3698 1690 3725 Cic.
1707 3696 1791 3724 Tusc.
1808 3695 1856 3723 lib.
1872 3705 1894 3730 ς.
1916 3696 1992 3725 Hunc
2009 3698 2186 3726 Demaratum
2199 3697 2238 3724 vi-

162 3755 183 3769 „
193 3736 256 3772 *ste
267 3737 423 3774 temlmrfbffl'
437 3738 551 3778 Phihppi
565 3740 722 3768 Macedon&
737 3740 832 3768 1114301·
848 3741 881 3779 est
899 3744 1038 3773 Plutarch.
1055 3745 1086 3772 in
1105 3745 1166 3772 vita
1181 3740 1264 3772 Alex.
1277 3765 1299 3779 „
1339 3742 1389 3771 Sed
1409 3743 1438 3769 in
1455 3741 1593 3770 Historicis
1607 3741 1703 3771 misere
1720 3740 1865 3770 offendunt
1889 3750 1999 3777 omneS,
2019 3750 2158 3780 quotquot
2173 3741 2240 3769 vidi-

169 3790 236 3815 mus,
250 3782 451 3823 Lexicographi.

570 3786 607 3820 d)
627 3787 658 3814 In
667 3787 847 3815 Orationibus
861 3795 954 3818 contra
973 3790 1080 3819 Verrem
1094 3789 1234 3818 laudandis
1244 3811 1253 3824 ‚
1274 3791 1303 3817 in
1320 3786 1454 3816 diuersum
1469 3785 1572 3826 semper
1587 3788 1678 3816 abiere
1694 3787 1755 3814 Viri
1770 3785 1851 3814 doen.
1895 3787 2043 3815 Recensent
2058 3786 2104 3815 alii
2124 3788 2241 3815 Diuina-

164 3832 304 3854 mmemet
316 3826 457 3857 Az‘i‘ionem
465 3832 584 3867 primam
599 3833 671 3862 inter
684 3834 828 3869 Verrittas,
844 3832 892 3862 alii
905 3844 964 3871 eas,
985 3838 1096 3865 nomine
1114 3844 1210 3871 tenus,
1230 3835 1370 3868 resecant,
1392 3840 1590 3873 numerumque
1604 3833 1706 3862 idcirco
1731 3832 1916 3863 Verrinarum
1930 3835 2067 3864 minuunt.
2110 3835 2172 3863 Nos
2186 3835 2242 3862 Ste.

164 3870 276 3909 phaniea
292 3870 420 3904 diuisione
435 3882 462 3905 et
476 3884 606 3918 computo
627 3881 736 3912 vtiinur.

2160 3883 2187 3914 δ
