2474 4182
720 97 836 136 ΕΘΚ
857 96 1086 153 VMQVE

68 198 223 246 scholis,
249 209 314 239 etc.
352 201 475 250 petita,
505 194 616 234 verbis
642 194 698 231 seu
726 191 1000 231 enarrationibus
1020 203 1085 241 po·-

67 259 134 293 tius
149 257 280 294 Donati
296 286 306 302 ‚
333 256 442 293 Seruii
465 250 679 300 aliorumque
694 247 869 297 explicata.
932 251 1028 285 Haec
1049 254 1084 282 et

67 310 184 349 fimilia
200 311 382 360 ,popellum
405 317 440 345 ct
456 305 592 355 plebem
615 316 735 341 vanam
758 303 943 342 allexerunt
964 309 999 340 et
1012 298 1084 343 alli-

66 368 161 403 ciunt
174 365 292 404 hodie.
351 365 402 400 Ex
421 359 565 415 Tinghyi
587 359 712 396 scilicet
738 371 858 414 magno
877 368 996 408 aceruo
1018 351 1082 392 tol-

66 419 135 457 lere
158 417 443 459 iucundiffimum.
512 418 546 452 Si
567 424 730 466 queratur
756 414 873 466 aliquis
900 412 987 448 haec
1010 422 1083 446 non

68 474 231 522 resecari,
258 472 340 510 illud
355 471 576 521 sperandum,
603 470 770 518 dicimus,
797 480 867 506 non
883 465 1085 503 audendum

67 540 146 568 erat.
197 530 269 565 Suis
283 525 448 564 illecebris
463 525 676 562 deliniendus
691 534 761 562 erat
776 533 808 561 et
824 521 1009 559 morandus
1019 522 1085 557 Le-

68 583 146 622 &or
157 582 331 633 plurimus.
387 583 469 618 Non
484 594 528 618 ex
548 580 665 617 nostro
682 579 738 617 secl
751 578 980 628 plurimorum
997 587 1082 615 con-

66 638 136 677 silio
156 635 372 674 scribendum
395 645 475 674 erat.
553 638 595 673 Et
615 642 660 672 ne
682 635 802 684 periret
817 631 925 682 aliqua
945 629 1081 676 Vtilitas,

66 704 164 744 quam
179 689 330 729 studiofis
346 691 508 740 praestare
535 690 711 728 voluimus
724 716 734 734 ‚
766 686 988 736 exprimenda
1011 694 1082 722 erat

65 745 297 795 Lugdunensis
313 746 428 783 Editio
443 775 453 793 ‚
476 744 630 783 Deliciae
647 743 784 783 Domini
797 741 909 790 Vulgi·
962 740 1082 778 Iacuis-

63 802 112 838 set
127 800 221 838 aliter
235 800 288 838 vel
310 803 458 838 omnino
480 803 613 850 penitus
633 796 738 834 ablata
753 795 865 834 fuisset
878 798 992 834 omnis
1009 796 1084 845 spes

70 853 230 904 Thrsszuri
244 856 440 893 recudendi.
495 859 541 893 Ea
558 853 680 891 scilicet
688 854 843 901 Nepotes
860 852 995 889 nostros
1011 863 1084 887 ma-

64 919 123 948 net
137 909 277 948 felicitas
292 940 302 958 ‚
336 921 373 948 vt
388 913 421 948 in
436 910 613 948 Thesauro
626 908 816 944 Latinitatis
839 905 925 944 nihil
946 905 1083 943 aliunde

64 966 255 1003 arcessitum
271 965 476 1015 exspectent.
524 960 659 1000 Ridebit
673 961 853 1000 Saeculum
876 974 948 1000 non
969 959 1083 998 multo

63 1020 140 1070 post
159 1019 317 1058 futurum
332 1051 342 1067 ,
370 1020 393 1058 fi
408 1031 486 1058 vana
511 1031 582 1055 non
608 1016 645 1054 fit
668 1017 741 1066 spes
764 1018 874 1055 nostra
890 1047 900 1064 ,
941 1014 1084 1064 Thestiu-

62 1087 138 1112 rum
154 1076 307 1129 Linguae
323 1077 462 1113 Latinae
482 1075 516 1110 in
531 1073 711 1111 craffitiem
735 1082 836 1124 atque
852 1071 923 1109 fere
946 1072 981 1108 in
997 1084 1084 1108 con-

62 1129 171 1169 filium
192 1143 207 1166 L
224 1145 243 1167 E
260 1144 369 1168 κιαι
398 1141 643 1165 VNIVERSA
661 1141 735 1164 Lis
758 1128 971 1165 abeuntem:
1005 1125 1084 1173 Illi,

63 1185 171 1222 credo
186 1214 198 1232 ‚
232 1185 277 1222 sat
291 1187 352 1222 erit
369 1182 469 1221 verba
485 1181 629 1220 forenfia
647 1193 680 1220 et
697 1183 840 1221 Iuridica
858 1196 902 1220 ex
912 1182 1084 1231 Briffonie,

63 1238 201 1277 Caluino
215 1253 228 1279 ,·
258 1240 425 1276 Historica
447 1252 490 1276 ex
505 1235 707 1289 Glandorpio
732 1247 765 1276 et
784 1236 1006 1275 Diciionariis
1020 1239 1086 1273 Hi-

63 1295 195 1332 storicis
211 1295 246 1332 C.
261 1292 420 1345 Stephani
450 1292 503 1330 vel
517 1294 594 1330 Nic.
614 1290 733 1342 qudii
747 1307 761 1333 ‚·
795 1292 1025 1342 Philologiam
1040 1305 1085 1328 ex

63 1350 233 1387 Martinio
245 1362 260 1392 ,-
300 1347 538 1397 Philoibphica
581 1361 624 1385 ex
655 1345 807 1396 Goelenio
828 1377 839 1395 ,
875 1345 1056 1386 Mirraelio
1073 1376 1084 1393 ,

63 1415 98 1441 ct
119 1401 287 1441 Chauuino
303 1417 316 1444 ‚·
351 1403 589 1453 Geographica
616 1416 660 1439 ex
681 1401 810 1440 Ortelio
826 1417 841 1444 ;
876 1401 1010 1440 Glossas
1040 1416 1085 1439 ex

64 1459 233 1497 Glossariis
249 1474 259 1503 ;
292 1437 532 1506 Mythologica
546 1470 591 1495 ex
605 1457 899 1508 Mythologorum
917 1474 927 1502 3
957 1457 1085 1506 Adagia

62 1526 106 1550 ex
120 1514 354 1560 Adagiorum3
381 1512 560 1550 Technica
574 1526 618 1550 ex
625 1513 894 1551 Technicorum
910 1513 1058 1551 officinis
1075 1528 1086 1557 3

60 1568 292 1618 Antiquitates
314 1581 358 1604 ex
371 1568 521 1612 Danetio
550 1578 608 1605 aut
632 1568 753 1617 Pitrfio
769 1583 784 1609 ,-
811 1572 949 1619 Propria
973 1579 1007 1606 et
1028 1581 1087 1617 pa-

62 1623 256 1669 tronymica
271 1635 313 1659 ex
330 1624 381 1669 iis,
389 1621 513 1673 quibus
532 1623 567 1660 id
582 1625 712 1672 negotii
728 1625 942 1673 potiffimum
958 1624 1058 1661 datur
1075 1638 1086 1667 ς

61 1678 193 1714 Graeca
220 1677 369 1728 denique
393 1690 416 1714 v
443 1676 585 1720 cabula,
613 1677 636 1716 fi
651 1678 757 1716 Musis
781 1679 918 1729 placet,
945 1692 1018 1717 non
1042 1692 1087 1716 ex

60 1732 242 1770 Thesauro
262 1734 418 1780 Linguae
439 1734 579 1770 Latinae
602 1763 612 1781 ‚
654 1733 712 1771 sed
746 1748 790 1772 ex
810 1732 917 1772 Suida
931 1764 942 1780 ‚
990 1734 1088 1786 quod

60 1788 177 1836 potius
195 1799 326 1826 moneo
340 1817 351 1835 ,
376 1796 435 1826 aut
451 1787 617 1838 Heffchio
639 1790 780 1841 quando
803 1803 893 1840 opus
910 1792 975 1827 erit
985 1817 1000 1834 ,,
1029 1789 1088 1826 de-

58 1841 200 1880 sumere.
704 1853 714 1861 ⁶

139 1915 322 1965 Qiplura
346 1916 390 1952 de
406 1928 642 1953 ROBERTO
674 1930 936 1955 STEPHANO
958 1914 1087 1950 defide-

61 1980 111 2009 rat
126 2000 137 2018 ‚
166 1979 299 2020 praeter
319 1971 425 2006 vitam
447 1971 483 2006 in
505 1971 658 2014 Historia
674 1970 919 2018 Stephanorum
943 1969 1087 2004 concin-

61 2034 174 2062 natam
190 2054 200 2071 ‚
228 2024 324 2061 adeat
340 2026 459 2058 leonas
485 2019 643 2058 Theodori
660 2023 771 2059 Bezae
793 2023 855 2070 a),
889 2020 1087 2068 Thuanum,

66 2076 264 2122 Tfferum,
298 2073 500 2122 Colomrfium
531 2077 567 2112 in
591 2075 700 2113 Gallia
725 2075 893 2114 Orientali
915 2107 926 2125 ‚
970 2077 1085 2125 Gestae-

57 2143 133 2169 rum
150 2160 161 2179 ‚
190 2132 380 2179 Scriptores
396 2142 412 2166 a
438 2131 476 2167 T.
492 2131 580 2183 Pope
595 2129 718 2168 Blount
732 2134 769 2169 in
783 2133 933 2170 Censura
947 2130 1086 2170 Anao-

56 2200 135 2224 rum
169 2184 322 2222 laudatos
339 2213 350 2232 ‚
397 2185 589 2223 Morerium
632 2189 668 2224 in
701 2190 835 2225 Lexico
854 2217 865 2235 ‚
897 2188 1085 2225 Henricum

55 2241 166 2279 filium
187 2241 230 2277 de
251 2242 343 2277 Statu
364 2240 441 2278 suae
464 2241 732 2291 Typographiae
754 2252 789 2280 et
812 2245 848 2280 in
870 2242 1018 2292 Epistola
1042 2243 1085 2281 ad

58 2295 209 2335 Paullum
231 2294 341 2332 filium
357 2294 483 2348 Agellio
507 2301 602 2344 1558.
631 2297 806 2346 praemissa
826 2296 861 2346 b)
877 2328 887 2345 ,
914 2298 1085 2335 Summar-

57 2350 193 2389 thanum
208 2350 262 2399 ε),
288 2349 487 2398 ΒαίΙΙεῑιυη,
514 2361 548 2389 et
572 2353 731 2406 Menagii
747 2353 833 2390 Anti
846 2377 861 2383 -
876 2352 1057 2390 Bailletum
1074 2383 1085 2401 ‚

58 2408 127 2444 Iac.
151 2404 298 2455 Syluium
322 2405 447 2455 Isagog.
471 2408 507 2443 in
531 2406 613 2456 ling.
635 2407 754 2444 Gallie.
774 2406 931 2446 Paullum
960 2409 1086 2445 Manu-

57 2463 141 2498 tium
164 2461 206 2498 ad
220 2459 382 2509 Epistolas
396 2462 565 2499 Ciceronis
585 2492 595 2510 ,
627 2461 738 2503 Ioach.
757 2465 933 2500 Camerar.
956 2466 991 2500 in
1008 2466 1087 2512 Epi-

23 2549 25 2553 .
58 2515 152 2553 stolis
179 2527 212 2563 p.
235 2516 321 2562 468.
357 2514 537 2553 Caillaeum
564 2517 691 2555 Histor.
716 2519 941 2568 Typograph.
971 2531 1002 2568 p.
1027 2531 1084 2568 95.

60 2567 128 2607 Ioh.
152 2568 292 2616 Frisium
313 2571 348 2606 in
373 2569 512 2618 praefat.
539 2572 582 2609 ad
606 2571 796 2611 Didiionar.
820 2576 944 2611 Latino
961 2598 977 2604 -
992 2576 1082 2612 Ger-

57 2626 244 2670 manicum,
260 2621 452 2669 Corderium
467 2627 503 2679 in
512 2626 781 2679 Colloquiorum
800 2627 1010 2678 praefatione
1020 2626 1060 2682 d)
1069 2659 1081 2679 ‚

56 2689 296 2730 caeterosque,
312 2691 401 2730 quos
415 2692 542 2730 operae
563 2680 656 2721 foret
675 2683 859 2722 recensere.

135 2770 172 2804 In
187 2769 302 2805 animo
315 2765 436 2806 habuit
454 2771 506 2806 vir
523 2769 566 2808 de
582 2769 692 2822 literis
702 2776 836 2823 optime
857 2776 1000 2811 meritus
1024 2773 1080 2811 su-

57 2837 118 2862 um
143 2820 348 2871 Thefizurum
372 2823 415 2861 ad
437 2825 601 2863 incudem
623 2836 789 2866 reuocare
802 2859 812 2875 ‚
847 2838 883 2866 vt
908 2827 1015 2881 liquet
1035 2844 1080 2868 ex

57 2876 266 2928 praefatione
290 2879 363 2916 eius
384 2878 426 2916 ad
441 2878 594 2932 Calepini
611 2882 864 2922 Diffionarium
879 2914 890 2931 ‚
925 2885 1021 2936 quod
1038 2888 1080 2922 A;

58 2944 151 2982 1553.
164 2931 361 2982 publicauit.
389 2962 392 2966 .
422 2937 514 2983 „Ne
533 2935 693 2976 cessarent
727 2937 879 2990 (amici)
905 2937 990 2978 feffo
1012 2940 1081 2979 hu-

55 3015 79 3035 „
93 2999 208 3025 meros
221 2987 452 3036 supponentes
468 2989 510 3028 ab
525 2992 744 3031 emendando
761 2996 886 3031 Latino
901 2997 973 3032 eius
981 2998 1018 3033 T
1019 2995 1081 3034 he-

57 3073 81 3092 ‚,
97 3043 195 3081 sauro
217 3050 252 3079 et
266 3044 423 3091 augendo
437 3073 448 3092 ,
475 3047 685 3099 Graecisque
711 3047 921 3087 dictionibus
942 3048 1082 3088 formis-

56 3127 82 3147 „
94 3101 164 3149 que
175 3096 375 3136 'adiiciendis
393 3127 405 3146 ‚
444 3110 480 3138 vt
496 3114 600 3153 quam
615 3105 812 3151 paucissima
834 3105 974 3153 posthac
987 3108 1023 3143 in
1036 3119 1082 3144 eo

56 3151 272 3201 „desiderari
306 3153 457 3200 poffint3
476 3165 525 3194 ‘et
557 3159 594 3195 in
625 3170 725 3196 nouo
749 3162 898 3198 Graecae
927 3162 1084 3210 Linguae

56 3236 80 3255 ,‚
94 3206 280 3245 Thesauro
303 3204 514 3248 absoluendo
530 3212 566 3260 e)
581 3241 592 3259 ‚
626 3214 663 3251 in
687 3227 760 3265 quo
777 3215 917 3262 eadem,
937 3229 1025 3266 quae
1047 3220 1098 3254 in·

58 3290 81 3310 ‚,
94 3263 220 3301 Latino
234 3289 246 3309 ,
281 3262 368 3300 ratio
389 3260 598 3305 obseruanda
623 3278 697 3306 erat
715 3298 726 3316 ‚
759 3283 803 3307 ex
826 3272 967 3320 optimis
991 3272 1084 3310 dele-

1096 1844 1101 1854 ·
1153 1871 1175 1889 „
1193 1851 1228 1879 vt
1244 1840 1328 1877 nihil
1348 1840 1427 1877 addi
1453 1838 1548 1887 poffe
1574 1839 1635 1876 nifi
1648 1840 1940 1889 superuacaneum
1957 1847 2143 1882 videretur.

1133 96 1470 134 AVCTORIB
1490 99 1564 136 VS.

1148 189 1410 241 „ctiffimisque
1451 194 1669 232 Graecorum
1710 188 1952 233 Grammaticis
1977 226 1986 243 ‚
2028 199 2143 233 Po'e'tis
2169 227 2179 243 ,

1148 274 1171 292 „
1187 244 1399 282 Rhetoribus
1415 275 1426 293 ,
1454 246 1660 285 Oratoribus
1678 279 1687 293 ,
1716 251 2009 300 Historiographis
2027 261 2060 288 et
2075 254 2180 289 varia-

1148 329 1171 348 „
1187 313 1263 338 rum
1286 313 1402 337 rerum
1427 300 1659 349 scriptoribus.
1692 333 1713 350 „

1263 387 1387 424 Forum
1404 388 1587 425 Romanum
1600 386 1710 425 Caelii
1735 391 1874 429 Secmzdi
1902 394 2066 431 Curionis.

1228 466 1338 514 QOd
1353 479 1434 503 cum
1450 479 1465 503 s
1479 480 1501 502 T
1517 480 1536 503 Ε
1552 480 1569 503 P
1583 481 1607 503 u
1622 480 1642 504 A
1656 480 1680 503 N
1692 481 1713 503 o
1742 481 1841 516 egere
1857 470 2088 523 Lugdunenses
2105 472 2182 522 sup-

1149 520 1266 570 preffis
1280 529 1412 558 tantum
1430 520 1531 570 ipfius
1544 520 1821 570 praefationibus
1842 554 1851 571 ,
1882 528 1938 561 vbi
1968 537 2002 562 ct
2020 526 2133 565 auxilii
2148 536 2182 565 et

1150 574 1282 613 confilii
1305 578 1412 613 totius
1436 578 1523 614 ratio
1547 587 1686 626 apparet
1701 607 1711 624 ‚
1746 578 1839 614 idem
1863 591 1970 627 paene
1992 585 2060 629 egit
2079 598 2096 618 c
2112 597 2130 619 A
2148 596 2183 619 r-

1152 644 1263 667 Lrvs
1291 643 1556 668 SECVNDVS
1592 645 1751 686 cV1310
1789 633 1961 682 suppresso
1984 638 2086 672 etiam
2110 639 2184 686 ipso

1146 688 1314 724 nomine:
1350 685 1409 723 nili
1434 686 1530 737 quod
1554 697 1723 724 auxerunt
1747 686 1822 735 illi,
1855 689 1914 725 hic
1936 691 1972 726 in
2002 688 2102 727 frusta
2121 695 2185 729 mi-

1147 742 1295 778 nutatim
1310 741 1472 778 concidit.
1530 741 1748 791 Negligentia
1765 745 1967 794 neutiquam
1984 746 2185 783 condonan-

1148 796 1190 833 da
1207 827 1217 845 ‚
1245 798 1280 832 in
1298 797 1417 833 animo
1433 796 1607 833 instituere
1628 811 1642 834 s
1660 811 1682 833 T
1697 812 1715 834 E
1731 812 1748 834 P
1762 811 1785 834 H
1799 812 1821 834 A
1837 812 1861 835 N
1875 813 1898 835 V
1911 813 1937 835 M
1967 798 2158 837 exscribere
2177 831 2188 847 ,

1147 851 1364 902 plurimaque
1387 853 1516 888 interea
1542 851 1709 889 vocabula
1738 853 1890 891 summae
1916 854 2127 892 auctoritatis
2151 857 2189 892 in

1149 907 1268 944 medio
1279 905 1482 957 relinquere.
1536 909 1620 945 Non
1638 907 1764 957 placuit
1782 908 1928 946 homini*
1938 908 2121 947 delicatulo
2133 913 2191 947 In—

1149 963 1289 1010 scriptio
1314 964 1456 998 caeteris
1485 962 1638 1011 vsurpata
1661 992 1670 1009 ,
1712 961 1901 1009 Thesaurus
1938 964 1990 1001 vel
2012 962 2188 1003 Dic‘iiona-

1149 1019 1239 1054 rium
1281 1046 1303 1063 „
1325 1029 1438 1067 neque
1460 1019 1554 1054 enim
1570 1017 1730 1061 videbat,
1748 1032 1813 1069 qua
1836 1021 1968 1056 ratione
1992 1020 2035 1057 de
2057 1023 2190 1069 Lingua

1149 1102 1171 1120 ‚,
1188 1074 1309 1108 Latina
1348 1074 1595 1121 praecipientes
1625 1086 1714 1110 voce
1746 1086 1818 1111 non
1844 1076 1963 1111 Latina
1992 1077 2041 1112 vti
2070 1076 2190 1113 volue-

1151 1157 1173 1175 ‚,
1193 1130 1269 1164 rint.
1300 1155 1323 1173 ‚,
1385 1129 1480 1164 Haec
1505 1130 1598 1164 enim
1622 1128 1762 1166 Barbara
1781 1158 1791 1174 ,
1820 1129 1873 1166 illa
1902 1131 2044 1167 Graeca.
2107 1134 2191 1168 Pro·

1150 1182 1212 1219 diit
1229 1182 1343 1233 itaque
1384 1211 1407 1229 „
1426 1195 1662 1220 THESAVRVS
1688 1198 1867 1222 LINGVAE
1890 1199 2078 1223 LATINAE
2100 1198 2189 1223 swa

1149 1267 1172 1285 2,
1195 1251 1334 1274 ronvM
1357 1251 1555 1274 ROMANVM
1577 1268 1587 1285 ‚
1616 1241 1778 1276 omnium
1794 1242 1907 1277 Latini
1923 1243 2100 1278 Sermonis
2116 1243 2191 1278 Au-

1149 1322 1172 1341 „
1187 1292 1331 1330 thorum
1348 1301 1424 1329 tum
1439 1291 1541 1330 verba
1557 1303 1633 1330 tum
1659 1293 1826 1345 loquendi
1851 1296 1980 1334 modos
2001 1295 2191 1345 pulcherri-

1148 1377 1171 1395 ‚‚
1187 1361 1244 1384 me
1258 1347 1430 1395 explicans
1448 1375 1456 1388 ‚
1485 1377 1507 1395 „
1543 1347 1634 1385 Bafil.
1657 1347 1795 1386 Froben.
1825 1353 1923 1399 1576.
1951 1351 2012 1388 fol.
2031 1364 2060 1400 3.
2079 1355 2189 1388 Tom.

1149 1400 1375 1456 Leott'cgarius
1391 1400 1584 1439 Grimaldus
1604 1432 1614 1448 ,
1644 1407 1704 1455 qui
1718 1404 1981 1444 Vocabulorum
2001 1405 2113 1444 claffes
2131 1407 2192 1443 fini

1147 1458 1293 1495 subiecit
1318 1487 1328 1505 ‚
1362 1457 1582 1495 Thesaurum
1610 1458 1732 1506 hunc,
1782 1473 1847 1509 pro
1875 1465 2028 1499 muneris
2060 1464 2192 1499 ratione

1150 1526 1375 1565 quaecunque
1404 1515 1439 1550 in
1454 1510 1614 1550 frobenii
1628 1515 1877 1564 Typographia
1902 1519 1990 1567 typis
2013 1517 2193 1555 excudun-

1150 1579 1206 1606 tur
1224 1568 1341 1618 legens
1354 1577 1457 1619 atque
1472 1568 1638 1618 relegens,
1656 1572 1758 1607 nimis
1774 1582 1864 1609 certe
1880 1572 2025 1610 extollitss
2082 1575 2193 1620 „Tot

1152 1654 1174 1673 ,‚
1190 1633 1367 1675 tantasque
1376 1626 1680 1673 LatinaeLinguae
1702 1626 1839 1664 diuitias
1867 1626 2005 1676 (Verba
2021 1629 2097 1665 sunt
2112 1629 2194 1664 Gri-

1151 1710 1174 1728 „
1191 1677 1320 1727 maldi)
1354 1679 1432 1716 sane
1458 1679 1534 1716 sum
1560 1680 1747 1718 admiratus
1774 1695 1782 1718 :
1827 1692 1862 1719 et
1884 1695 1929 1720 eo
1954 1686 2063 1732 magis
2097 1682 2195 1734 quod

1152 1734 1274 1783 „cum
1307 1735 1424 1770 omnia
1452 1732 1635 1779 diligenter
1667 1735 1918 1772 confiderarem
1936 1766 1946 1784 ,
1982 1740 2027 1774 ita
2051 1737 2194 1786 plenum

1151 1816 1175 1835 ‚‚
1191 1790 1325 1835 Copiae
1341 1788 1463 1822 Cornu
1484 1785 1650 1823 omnibus
1675 1789 1710 1824 in
1735 1787 1821 1826 locis
1848 1791 2165 1829 animaduertebam
2182 1819 2194 1838 ,

2170 1874 2194 1893 2>

1155 1906 1368 1930 caerrvs
1399 1894 1672 1930 SECVNDVS
1711 1909 1869 1934 cva1o
1897 1899 2054 1947 Cyriaci,
2077 1898 2194 1937 Subal-

1150 1950 1250 1996 pinae
1272 1948 1384 1995 gentis
1411 1947 1504 1996 apud
1528 1947 1631 1985 Italos
1655 1951 1789 1999 oppido
1806 1953 1852 1989 A.
1869 1954 1910 1990 C.
1937 1966 2031 2003 1503.
2068 1965 2192 2003 natus,

1151 2001 1199 2039 ob
1234 2001 1398 2040 fineeram
1419 2001 1546 2040 Christi
1569 2002 1765 2044 doctrinam
1792 2009 1899 2045 varias
1935 2011 2193 2058 persecutiones

1150 2057 1260 2107 passus
1275 2087 1285 2105 ,
1312 2057 1451 2094 tandem
1468 2056 1612 2097 Bafileae
1630 2089 1641 2107 ‚
1671 2062 1830 2100 consedit
1847 2093 1857 2110 ‚
1894 2063 1951 2101 vbi
1966 2064 2193 2117 Eloquentiae

1150 2112 1271 2150 nactus
1297 2111 1547 2162 professionem
1565 2143 1576 2162 ‚
1612 2115 1716 2153 talem
1739 2119 1776 2154 in
1799 2130 1838 2156 ea
1861 2132 1921 2168 per
1942 2132 1996 2158 22.
2025 2133 2134 2158 annos
2158 2122 2193 2160 se

1149 2169 1312 2218 praestitit
1324 2198 1334 2216 ‚
1367 2177 1437 2205 vta
1455 2171 1690 2221 remotissimis
1707 2172 1907 2222 regionibus
1926 2174 2016 2212 illius
2030 2176 2192 2213 audiendi

1149 2220 1254 2273 gratia
1270 2223 1411 2273 plurimi
1428 2224 1657 2264 conuolarint.
1714 2230 1863 2267 Exceffit
1885 2243 1905 2267 e
1923 2232 2012 2268 viuis
2027 2233 2071 2268 A.
2093 2233 2191 2281 1569.

1149 2279 1333 2329 Vid.plura
1349 2278 1588 2328 apudFreher.
1615 2281 1884 2339 Theatrnjllustr.
1902 2288 2078 2333 virorum,
2106 2288 2193 2324 Bae-

1150 2332 1232 2371 lium
1253 2344 1288 2372 et
1301 2334 1551 2382 Hoffmannum.
1614 2338 1774 2387 Operum
1795 2341 1873 2377 eius
1895 2354 1968 2378 non
1997 2340 2192 2391 paucorum

1152 2389 1348 2438 catalogum
1376 2389 1543 2428 exhibent
1566 2392 1733 2439 Gcfiterus
1765 2404 1801 2431 et
1830 2396 2004 2444 Teifferus.
2075 2399 2191 2434 Vitam

1151 2458 1293 2496 quoque
1321 2445 1482 2494 expedite
1509 2447 1661 2485 recenset
1689 2449 1873 2487 Martinus
1893 2449 2030 2498 Crustas
2062 2453 2101 2489 in
2133 2451 2190 2490 sua

1149 2502 1274 2538 Turco
1292 2524 1307 2530 -
1321 2502 1525 2539 Germania.=
2158 2510 2161 2511 ’

1358 2589 1634 2642 Promptuarium
1649 2591 1805 2647 Linguae
1821 2586 1976 2632 Latinae.

1234 2681 1568 2706 ‘runonomvs
1595 2682 1912 2711 'rnassssitrvs
1936 2674 2189 2725 Foroiulienfis,

1145 2724 1207 2777 qui
1223 2724 1370 2760 Latinae
1399 2725 1551 2778 Linguae
1573 2726 1756 2773 Vniuerfize
1773 2729 2046 2779 Promptuarium
2068 2744 2112 2768 ex
2140 2729 2189 2769 di·-

1145 2790 1204 2815 ver
1218 2790 1246 2814 zs
1278 2791 1319 2815 ac
1343 2781 1477 2831 optimis
1509 2777 1695 2835 quibusque
1723 2781 1923 2823 authoribus
1950 2787 2162 2823 concinnauit
2176 2814 2189 2833 ,

1145 2833 1188 2870 ad
1207 2834 1353 2871 eandem
1375 2847 1519 2885 quoque
1543 2834 1678 2874 classem
1703 2840 1883 2888 compingi
1896 2841 2023 2877 merim
2039 2831 2186 2884 vVidetur.

1145 2888 1212 2926 Sed
1227 2901 1340 2940 neque
1355 2889 1539 2938 pauxillula
1560 2889 1617 2928 illa
1633 2890 1741 2929 laudis
1757 2893 1995 2942 portiunculag·
2020 2907 2107 2945 quae
2124 2895 2187 2940 de-

1145 2943 1348 2992 scriptorem
1372 2954 1488 2982 manet
1504 2975 1515 2992 ‚
1548 2948 1581 2982 ei
1611 2945 1727 2984 relicta
1758 2948 1806 2985 est
1832 2950 1972 2997 integra.
2041 2950 2128 2987 Vide
2149 2940 2188 2988 iit

1146 2998 1286 3036 laeuum
1303 3012 1447 3051 quoque
1465 2999 1645 3039 confilium
1664 3003 1821 3040 ostendat
1837 3033 1847 3049 ,
1875 3004 2039 3041 Hominis
2058 2997 2187 3054 [verbis

1146 3063 1226 3092 vtor
1243 3083 1253 3101 ‚
1288 3083 1310 3102 ,‚
1329 3057 1564 3094 Continentur
1595 3056 1668 3095 hoc
1690 3057 1868 3095 volumine
1883 3087 1892 3104 ,
1927 3068 1964 3095 vt
1987 3060 2031 3095 in*
2050 3060 2186 3099 summa

1148 3138 1170 3157 „
1188 3109 1301 3146 dicam
1319 3139 1329 3157 ‚
1358 3109 1555 3148 locutiones
1571 3125 1695 3150 omnes
1713 3112 1766 3150 vel
1786 3112 1889 3149 latine
1914 3111 2030 3161 (male
2045 3113 2186 3165 latinae)

1149 3164 1356 3215 „loquendi
1388 3164 1561 3204 formulae
1594 3176 1772 3218 quotquot
1800 3167 1920 3215 paffim
1945 3169 2038 3218 apud
2060 3182 2188 3209 omnes

1150 3249 1173 3267 „
1188 3222 1365 3258 Romanae
1399 3220 1536 3270 linguae
1569 3222 1718 3259 idoneos
1752 3221 1917 3260 authores
1947 3225 2183 3263 inueniuntur.

1149 3303 1173 3322 „
1187 3278 1322 3327 Easque
1351 3278 1396 3313 ita
1420 3276 1597 3315 enucleate
1634 3277 1770 3314 traditas
1792 3273 2014 3327 comperies„
2052 3289 2090 3317 vt
2113 3281 2185 3318 hoc

1541 3337 1548 3350 Ι

1202 3331 1216 3367 i
1244 3343 1264 3368 2
1312 3335 1317 3342 “
2074 3347 2185 3383 „vno

95 3422 124 3452 a)
141 3438 162 3452 η
175 3418 245 3446 Tibi
257 3417 375 3465 linguam
388 3420 540 3466 Hebraeam
554 3424 723 3466 nngnbpere,
735 3424 896 3463 illustratam,
905 3447 915 3461 ‚
941 3428 991 3460 tibi
1004 3430 1171 3459 Graecorum
1187 3432 1373 3461 characterum
1389 3431 1518 3461 summam
1536 3431 1696 3468 elegantiam
1711 3443 1717 3459 :
1744 3433 1795 3462 tibi
1811 3435 1912 3472 partini
1931 3433 2062 3464 in‘lucem
2075 3432 2185 3465 reuoca·

133 3478 153 3495 „
167 3466 208 3486 tos
221 3477 230 3490 ‚
251 3467 348 3496 partim
362 3459 507 3489 feliciffime
521 3463 676 3498 restitutos,·
692 3471 751 3494 tum
761 3468 881 3500 §raucos
889 3464 948 3496 ”tium
962 3466 1074 3499 Latinos
1089 3471 1232 3510 scriptores
1247 3467 1400 3511 plurim'os,:
1429 3474 1480 3501 tibi
1494 3472 1607 3510 denique
1621 3471 1728 3501 infinita
1746 3474 1860 3512 quadam
1873 3475 2000 3503 industria
2015 3483 2042 3503 et
2054 3477 2185 3507 inexhau.

133 3518 154 3533 „
166 3499 208 3526 ssis
227 3498 364 3528 laboribus
385 3510 418 3529 ex
437 3503 558 3530 omnium
575 3500 751 3535 Clafficorun't
765 3508 912 3536 Auditorum
931 3519 1001 3548 penu
1022 3511 1195 3550 depr-omnim
1216 3514 1329 3541 Latinae
1350 3515 1469 3548 Linguae
1484 3515 1514 3541 T
1516 3513 1664 3540 hesaurum
1676 3512 1813 3544 debemus.
1835 3537 1854 3550 „

1901 3516 1991 3543 Verba
2013 3515 2072 3554 sunt
2095 3518 2183 3546 Bezae.

133 3538 162 3573 b)
181 3559 202 3586 „¹
210 3540 271 3567 Fuit
285 3549 397 3579 tempus,
409 3551 468 3570 cum
482 3545 553 3570 Anus
568 3550 628 3571 tuus
643 3544 712 3574 Rob.
725 3546 871 3584 Stephanus
886 3569 894 3581 ‚
913 3549 1129 3580 Decernuiratum
1141 3553 1275 3590 quendam
1294 3553 1441 3582 literarium
1462 3553 1535 3581 domi
1561 3552 1672 3581 haberet
1685 3575 1693 3587 ‚
1721 3564 1836 3592 cumque
1856 3562 1885 3583 vt
1899 3555 2029 3586 πανταεθνῖ
2048 3558 2086 3585 ita
2104 3559 2184 3586 eriam

135 3598 156 3614 „
167 3582 334 3627 ‚rannac-eof.
356 3590 416 3609 nam
433 3588 462 3610 vt
476 3593 508 3627 ex
525 3585 650 3612 omnibus
668 3586 822 3615 nationibus
839 3588 980 3627 conflatus,
1001 3593 1038 3620 ita
1052 3595 1133 3621 etiam
1151 3595 1273 3622 omnium
1286 3593 1440 3630 linguarum
1456 3601 1520 3621 erat.
1550 3601 1552 3607 ¹
1567 3594 1665 3621 Decem
1677 3594 1706 3621 hi
1720 3596 1819 3633 partim
1835 3594 1936 3623 literati
1950 3616 1958 3629 ‚
1979 3593 2183 3634 partimlitera-

135 3638 155 3653 „
167 3619 256 3646 tiffimi
272 3630 339 3656 viri,
358 3630 475 3660 quorum
493 3623 602 3662 quidam
615 3626 784 3654 correctorio
795 3637 906 3656 munere
918 3629 1101 3667 fungebantur
1122 3635 1211 3673 (iique
1227 3634 1392 3672 praesertim,
1406 3635 1454 3671 qui
1468 3635 1663 3672 Epigrammata
1677 3636 1825 3673 postremae
1840 3637 1895 3663 eius
1911 3636 2030 3665 Editioni
2045 3635 2183 3671 Thesauri

137 3677 158 3692 „
171 3659 372 3698 praefixerunt)
398 3671 481 3700 quum
492 3665 554 3692 ficut
577 3675 609 3693 ex
623 3666 730 3694 diuersis
749 3667 858 3695 oriundi
877 3674 1086 3708 e1·a¹1tgentibiis
1100 3694 1109 3709 ,
1136 3675 1169 3702 fic
1184 3676 1265 3703 etiam
1280 3673 1413 3703 diuersum
1427 3672 1578 3701 sermonem
1592 3669 1766 3702 Vernaculum
1790 3676 1919 3703 haberent
1935 3696 1943 3712 ,
1972 3677 2074 3714 Lingua
2089 3680 2184 3707 Latina

133 3717 155 3731 „
167 3705 293 3745 tanquam
305 3704 439 3748 communi
451 3705 598 3743 interprete
613 3707 686 3734 inter
700 3705 725 3734 se
741 3707 893 3739 Vrebantur.
913 3726 932 3744 „
969 3714 1076 3742 Horum
1093 3724 1178 3753 opera
1192 3715 1251 3743 vsus
1267 3717 1303 3744 est
1317 3715 1432 3742 maxime
1447 3713 1479 3741 ad
1506 3713 1664 3750 Thesaurnm
1677 3715 1900 3745 concinnandum.

99 3765 104 3768 .
139 3757 159 3772 ,φ
168 3747 215 3776 qm
227 3739 260 3767 de
274 3750 304 3768 re
319 3739 435 3770 literana
452 3744 519 3773 bene
533 3747 622 3774 meriti
635 3746 696 3785 sinit
711 3767 720 3784 ,
741 3748 854 3776 Roberti
867 3750 991 3789 Stephani
1004 3775 1013 3788 ‚
1034 3755 1180 3783 Parisienfis
1196 3755 1377 3794 Typographi
1391 3753 1551 3782 solertiffimi
1565 3775 1574 3790 ‚
1593 3754 1846 3793 splemlidiliimique
1859 3777 1868 3789 ‚
1897 3766 1996 3793 magna
2012 3762 2072 3786 cuni
2109 3760 2184 3786 rimis

136 3797 161 3811 υ
175 3787 223 3806 nec
235 3778 291 3808 vllo
304 3791 372 3809 aeuo
385 3785 505 3821 peritura
521 3783 578 3814 laus
590 3786 643 3814 fuit
657 3809 665 3821 ,
687 3787 731 3815 vel
748 3798 780 3816 ex
794 3788 843 3816 illo
862 3789 1018 3829 ampliffimo
1033 3796 1184 3823 Latinitatis
1198 3797 1361 3830 Thesauro,
1382 3804 1462 3833 quem
1475 3795 1599 3823 omnibus
1614 3797 1669 3823 eius
1686 3798 1802 3831 Linguae
1817 3795 1934 3825 studiofis
1949 3795 2070 3835 plurimo
2087 3769 2106 3826 i,

906 3852 923 3865 ,‚
961 3833 994 3860 In
1007 3834 1116 3871 Elegit-J.

907 3876 932 3904 e)
958 3873 1030 3902 Nam
1043 3883 1070 3904 et
1082 3877 1151 3904 hanc
1168 3887 1280 3916 operam
1291 3886 1402 3914 quoque
1416 3874 1597 3910 moliebatur,
1617 3876 1730 3905 nemim
1746 3874 1804 3904 tilio
1822 3876 1889 3906 olim
1901 3879 2093 3918 praestandam.
2117 3878 2183 3906 Vide

134 3837 155 3851 „
171 3816 287 3863 plurimo
299 3819 392 3850 sudore
406 3844 416 3858 ‚
443 3823 558 3862 plurima
571 3826 710 3862 diligentia
733 3829 885 3867 depromsit.

135 3866 284 3893 gmuonem
296 3860 353 3888 vsus
367 3870 433 3893 erat.
473 3867 510 3893 Ex
523 3867 612 3894 ,verbis
626 3868 653 3895 in
670 3869 845 3906 praefatione.

135 3895 213 3936 plura
229 3898 300 3938 apud
314 3900 390 3930 Henr.
405 3903 493 3942 Steph.
517 3907 594 3945 Epist.
616 3907 648 3936 de
662 3905 816 3948 Statussuae
834 3912 1054 3952 'typographiam

1958 3722 1986 3751 c)
2009 3739 2026 3751 „
2042 3719 2117 3747 Inter
2137 3729 2184 3747 eos

2099 3807 2172 3826 urntu

1188 3836 1219 3871 d)
1248 3837 1303 3871 Qli
1319 3844 1338 3864 R
1351 3843 1369 3862 0
1380 3843 1396 3862 Β
1406 3842 1449 3862 ER
1464 3842 1485 3862 'r
1497 3843 1517 3863 Ο
1544 3837 1635 3869 nostro
1656 3838 1773 3874 primum
1795 3835 1907 3866 doctore
1928 3839 1960 3865 ad
1981 3837 2127 3873 Euangelii'
2142 3820 2184 3866 <01
