2474 4182
57 139 131 186 ⁶97
428 127 463 167 C
544 127 583 167 A
651 124 686 164 L
1104 148 1107 149 ν
1556 133 1590 173 C
1661 136 1699 175 A
1773 135 1809 175 L
2116 149 2195 195 698

51 226 118 254 rios,
145 220 308 249 millenarios,
336 223 384 252 pro
403 218 491 248 lineis,
504 219 530 242 in
548 214 635 250 qulbus
643 218 780 248 ponuntur.
823 213 879 239 Vm'.
897 214 972 240 Gron.
993 213 1021 240 dc
1034 215 1087 241 Prc.
1152 214 1263 245 bantur,
1286 213 1304 240 i.
1318 223 1340 240 e.
1354 216 1529 250 vocabantur,
1549 227 1574 248 et
1596 222 1627 248 ab
1641 232 1673 250 eo
1686 223 1807 250 calendae
1826 226 1987 260 appellatae,
2011 231 2082 264 quod
2095 233 2131 260 est
2143 240 2193 262 tra.

58 259 102 284 Vgt
124 265 135 288 3
160 264 183 282 1·
197 264 221 288 p.
235 261 282 287 237
304 257 345 288 qut
365 250 430 279 reth
450 252 505 278 inde
537 251 643 285 mpla-ar
668 247 732 273 illud
751 249 855 275 Petu-on.
878 259 898 276 c.
914 255 953 279 80-
982 251 1088 276 Nomen
1152 249 1228 291 &Ustu-
1241 257 1255 274 ἃ
1278 250 1401 290 (ῗΐᾶΐϊῇὅ,
1425 254 1471 285 <issi
1491 258 1571 282 καλεῖν
1594 268 1690 285 vocare
1711 260 1842 287 dixerunt.
1915 264 2034 291 Macrob.
2056 268 2105 294 Sat.
2127 278 2152 301 1,
2169 279 2194 303 13

28 302 29 305 ,
50 273 182 319 amicitia}
194 289 211 316 fl
232 296 359 323 quatenus
371 287 475 323 expedit
492 286 595 316 haeret,
617 283 739 310 Calculus
753 283 781 309 in
795 285 881 311 tabula
901 286 1002 312 mobile
1015 286 1087 312 ducit
1151 286 1242 324 l³ritcis
1257 286 1421 326 temporibus
1434 295 1572 323 antequam
1588 293 1647 320 fasti
1660 303 1674 320 a
1693 296 1741 322 Cn.
1758 297 1851 323 Flauio
1869 297 1953 324 scriba
1971 299 2063 326 inuitis
2076 304 2195 331 Patribus

29 343 30 346 =
50 337 66 354 ο
87 335 122 354 us.
194 326 261 351 Hzm-
280 324 372 350 calculi
392 327 464 350 ctiam
481 329 527 357 pro
545 319 604 354 ipsis
619 319 770 345 RationIbus
788 324 946 356 acctffl‘imtm·
959 332 965 345 .·
1004 322 1044 348 St'c
1059 324 1086 346 in
1151 328 1179 345 in
1192 329 1313 346 omnium
1326 328 1451 348 notitiam
1465 325 1654 361 promerentur⁷
1673 331 1793 364 pontifici
1809 333 1909 359 minori
1922 333 1984 360 hacc
2000 337 2136 368 prouincia
2153 340 2195 366 de-

49 337 159 390 zfe'nunis
172 360 377 392 constitutione,
403 360 420 384 l.
435 358 517 384 vnica.
534 356 563 382 C.
580 361 607 380 vt
621 363 693 380 omn.
708 355 787 382 iudic.
803 366 884 391 quum
907 356 1007 382 iudices
1021 356 1086 382 mul-
1108 356 1121 382 5
1151 354 1306 396 legabatur,
1323 363 1352 382 vt
1366 366 1458 398 nouae,
1470 359 1558 385 Lunae
1579 364 1694 396 primum
1717 367 1870 395 obseruaret
1889 369 2036 404 aschtunu
2057 372 2195 408 visiunque

48 403 99 425 tam
112 397 140 423 L.
150 396 290 422 Librarum
299 396 357 422 auri
372 393 484 429 publicis
497 390 601 417 calculis
616 391 717 416 inferre
731 392 855 425 iubentur,
870 392 985 418 rationes
1001 391 1086 426 publi·
1149 399 1208 424 regi
1223 391 1369 432 [ου-11111110
1384 399 1527 434 nuntiaret.
1564 397 1653 431 Itaque
1668 401 1796 429 sacrificio
1811 413 1824 430 a
1840 413 1901 438 rege
1913 412 1938 431 et
1951 405 2057 432 minoi-e
2070 410 2194 440 pontilice

47 441 86 460 cas
99 432 276 468 intelligimus,
297 439 320 457 ct
332 439 403 466 quum
415 428 443 454 de
455 434 544 453 errore
557 425 650 452 calculi
663 426 798 453 traGtatur.
841 428 898 454 Viti.
921 430 954 454 A.
968 425 1085 467 Augusti·
1149 426 1297 458 celebrato,
1321 428 1391 454 idem
1410 430 1531 463 pontifex
1550 434 1647 464 calata,
1674 436 1701 461 id
1721 438 1755 463 est
1769 447 1860 466 vocata
1881 441 1907 466 in
1930 441 2094 476 Capitolium
2109 444 2196 478 plebe,

46 467 247 503 nuslsb.J.-12gul.
261 467 294 493 ad
311 463 471 497 Msdgsiinum
490 470 514 495 p.
534 463 593 494 462.
657 463 713 489 Cic.
730 463 762 490 de
778 464 885 490 Amicit.
901 469 928 503 53
942 466 1007 503 52¹⁶
1025 463 1085 488 Hoc
1150 462 1224 488 iuxta
1243 463 1344 503 curiam
1365 464 1510 504 Calain-am,
1535 475 1602 499 quae
1621 470 1690 496 casae
1711 473 1820 500 Romuli
1839 476 1961 509 proxima
1982 483 2052 510 erat,
2069 486 2135 513 quot
2149 488 2194 506 nu-

45 503 153 539 quidffl„
167 503 202 529 est
215 503 294 529 nimis
314 502 405 534 exigue
418 503 444 524 et
463 497 569 523 exiliter
582 497 612 524 ad
633 498 747 525 calculos
762 509 858 526 vocare
875 506 1034 540 amicitiani,
1055 502 1084 523 vt
1149 507 1225 537 mero
1239 497 1294 524 dies
1308 508 1322 525 a
1336 499 1496 541 calendistad
1515 510 1596 541 nonas
1617 504 1771 543 superess‘ent
1792 512 1993 543 pronuntiabat:
2012 520 2037 540 et
2056 514 2195 549 quintanas

45 548 92 575 par
107 539 136 564 tit
150 539 218 564 ratio
238 542 401 571 acceptorum
424 538 450 569 et
469 533 600 559 datorum.
671 535 811 568 Iuiponere
828 535 954 561 calculum
976 533 1082 559 Colum.
1101 542 1130 560 10
1150 533 1259 567 quldeffl
1281 535 1410 567 (Nonas)
1432 535 1505 562 (11ἃο
1523 545 1665 572 q¹¹¹¹¹¹1¹¹¹es
1685 542 1767 568 verbo
1789 548 1872 578 καλῶ,
1894 549 2049 582 septimanas
2069 559 2135 577 vero
2155 560 2195 576 re-

48 583 58 591 .
84 583 101 600 1.
174 574 246 600 Idem
260 582 281 605 3,
295 581 307 603 3
324 570 442 603 Diligens
456 568 631 595 ratiocinator
650 570 751 597 calculo
765 571 849 606 polito
868 570 952 608 videt¹
963 568 989 594 id
1002 577 1082 603 genus
1149 569 1234 603 petito
1249 570 1342 604 septies
1355 571 1531 610 praedicabat.
1604 575 1635 614 Et
1649 575 1718 602 hunc
1736 578 1822 612 diem,
1841 583 1888 615 qui
1908 592 1939 609 ex
1959 584 2000 610 his
2016 584 2124 618 dicbus,
2147 587 2193 621 qui

32 592 242 637 'givricolationis
259 606 372 634 maxime
391 603 431 630 rei
451 604 582 631 familiari
603 606 757 632 conducere.
829 606 894 632 Plin.
907 604 985 638 Epist.
1002 613 1033 644 ⁵2,
1055 613 1083 637 19
1149 605 1312 645 calarentur,
1333 615 1434 646 primus
1448 607 1527 647 esset,
1545 607 1642 642 placuit
1656 612 1770 639 calsndas
1783 618 1881 642 vocari.
1955 620 2036 646 Ouid.
2051 621 2117 648 Fast.
2132 630 2152 654 1,
2168 630 2194 654 53

44 631 109 672 (ἣν,
130 646 313 677 Omnes‚qu⁰s
327 648 375 675 ego
396 640 472 666 moui
491 640 519 666 in
539 647 651 675 vtraque
673 648 745 676 parte
764 641 874 668 calculos
895 649 980 675 pone,
1000 640 1083 675 idque
1147 639 1272 667 Vindicat
1289 642 1417 667 Ausonias
1431 643 1542 669 Iunonis
1555 652 1616 670 cura
1634 646 1760 674 calendas.
1818 651 1933 684 Illustrat
1946 655 2010 681 hunc
2022 656 2117 692 versum
2138 658 2194 684 Ma.

28 663 34 720 Ι
44 667 127 715 elige,
145 680 173 706 in
185 687 237 714 quo
257 676 350 703 vicerit
363 675 441 701 ratio.
513 676 587 703 Ideni
608 678 635 703 in
649 678 740 712 l'aneg.
760 687 780 704 c.
796 686 829 704 20
850 677 977 703 assuescat
997 677 1081 710 Iuipe-
1148 676 1222 703 crob.
1235 676 1252 703 l.
1271 686 1293 702 c.
1315 678 1350 703 Vt
1365 683 1453 703 autem
1466 679 1527 705 Idus
1542 688 1633 707 omnes
1647 682 1722 708 Ioui:
1742 684 1778 709 ita
1792 693 1882 712 omnes
1897 689 2022 717 Calendas
2034 693 2132 720 Iunoni
2148 694 2194 720 tri-

26 721 116 743 Crator
128 724 186 741 cum
199 715 234 740 im
254 720 310 738 erio
323 711 452 737 calculum
472 720 584 745 ponere:
612 713 643 738 iic
658 721 748 745 cxc-at,
777 712 809 739 fic
822 712 933 751 redeat,¹
956 719 1081 746 tanquam
1103 722 1128 748 ις
1148 712 1237 743 butas,
1262 718 1287 739 et
1306 713 1458 753 Varronis,
1476 719 1501 754 et
1521 715 1680 754 pontificalis
1695 719 1832 759 confirmat
1849 723 2006 758 «11ιᾶ011135,
2020 728 2092 761 quod
2113 729 2194 755 etiam

26 771 27 774 ¹
42 751 172 778 rationem
185 747 228 775 red
250 748 332 773 iturus
342 767 349 778 ‚
371 754 396 772 et
423 746 508 779 dicat,
524 747 589 782 quid
609 748 773 774 abfinnserit.
845 749 875 774 Et
888 747 967 788 Ewst·
982 757 1002 780 ¹,
1018 757 1051 781 15,
1066 756 1082 780 9
1149 749 1292 775 Laurentes
1306 755 1397 783 Patrns
1411 749 1588 783 sel¹g¹⁰¹¹¹bus
1603 752 1722 786 seruant,
1743 764 1790 789 ‘3¹¹¹
1803 762 1828 781 Ε(
1841 767 1986 791 cognomen
2005 761 2069 788 deae
2083 773 2114 790 ex
2128 765 2194 791 ceri·

32 786 72 817 ΙΕ1
85 787 143 812 sane
157 784 188 810 de
201 783 324 818 posteris,
345 788 370 808 et
392 782 433 808 his
446 783 568 818 pluribus
586 784 730 818 cogitanti,
754 782 798 809 hic
817 791 926 818 quoque
944 793 972 809 iu
992 783 1082 810 condi·
1147 784 1245 811 moniis
1260 783 1418 825 addiderunt
1432 785 1604 812 Calendarem
1619 789 1748 815 Iunonem
1762 799 1900 825 vocanteS‚
1918 795 1971 821 vid.
1992 803 2038 823 CA
2049 805 2065 824 L
2075 806 2090 825 E
2101 807 2121 826 N
2131 807 2150 826 D
2160 808 2194 827 A-

31 819 158 848 'tionibus
177 819 230 853 (nu
248 818 363 852 tiaram)
382 818 527 853 deligendis
542 819 676 854 ponendus
691 819 726 845 est
740 818 861 845 calculus.
886 854 891 859 .
926 820 1028 860 Petron.
1045 827 1082 852 115
1148 827 1217 857 Ris.
1254 821 1382 860 Ausonias
1395 828 1477 863 autern
1493 820 1610 862 calendas
1627 831 1699 865 vacat
1712 827 1804 858 Poeta,
1825 827 1854 853 id
1866 827 1899 860 est
1912 831 2034 864 Latinas,
2052 837 2110 869 quia
2123 836 2195 862 Lati-

29 855 174 884 ⁴Calculum
191 853 209 880 fi
229 826 296 880 gene
310 863 390 888 ponas
400 874 407 886 ,
429 854 529 889 vbique
551 855 718 888 naufragium
738 854 782 880 est.
853 854 921 881 Plin.
937 855 1015 889 Epist.
1031 863 1053 888 ς,
1066 863 1084 881 z
1147 860 1304 892 ’iorumeit
1313 864 1440 892 propriae.
1478 857 1602 884 Calendis
1615 867 1679 884 emm
1692 868 1778 887 carent
1793 865 1891 890 Graeci.
1933 866 2001 893 Vnde
2014 873 2125 896 manauit
2133 878 2195 905 pro-

37 891 132 926 Accepi
145 889 337 924 pulcherrimos
351 890 458 923 turdos,
479 900 538 918 cum
560 891 655 926 quibus
675 889 802 916 calculum
818 898 907 924 pai-em
921 900 1020 924 ponere
1034 899 1082 916 nec
1096 899 1132 917 20
1146 891 1271 922 verbium,
1296 892 1336 934 Ad
1355 892 1474 919 calendas
1485 893 1612 935 Graecas,
1640 897 1662 936 ,ιζ
1687 897 1835 936 Nunquam:
1853 899 1918 934 quod
1928 901 1958 926 ab
1971 903 2082 939 Augusto
2095 906 2195 939 iustitu-

30 909 96 954 lvllis
109 925 192 960 copiis
227 939 272 945 —
307 926 417 960 posshm.
489 927 544 953 Cic.
556 929 608 953 Art.
629 931 652 957 8,
667 927 694 951 16
720 928 782 965 (12)
803 927 896 959 Qiare
909 935 977 952 nunc
990 927 1082 953 saltem
1146 933 1198 952 tum
1212 925 1253 959 cst,
1275 937 1327 962 qui,
1347 935 1377 954 vt
1389 935 1443 955 erat
1454 927 1543 964 faceto
1557 939 1673 991 ιηέεηιο,
1693 939 1753 956 euin
1767 932 1872 967 aliquos
1884 944 1938 964 nori
1951 937 2097 973 soluturOS,
2118 942 2195 977 ligni-

51 961 67 989 d
82 961 142 988 illos
157 960 270 987 calculos
284 968 467 994 reuertamur,
494 971 560 997 quos
580 968 636 988 tum
655 960 818 993 abiecimus,
837 968 882 993 vt,
903 968 948 987 etc.
969 965 987 988 ι’.
1003 966 1081 988 ratio·
1146 961 1224 988 ficare
1249 964 1360 996 volebat,
1380 964 1412 991 ad
1429 964 1548 991 calendas
1601 974 1687 992 caecas
1716 966 1866 1001 soluturos,
1891 971 1971 997 aiebat
1993 981 2034 1008 ap.
2062 975 2131 1002 Suet.
2153 983 2194 1013 87.

28 1013 31 1017 ,
53 1006 87 1024 em
100 996 227 1029 habeamus
240 1005 323 1023 mrum
339 1007 438 1030 rerum,
458 1007 561 1033 quarum
575 996 708 1024 habendam
725 1003 775 1022 tum
790 1006 838 1022 non
855 997 980 1037 duximus.
1023 998 1079 1038 Cic.
1145 997 1251 1024 Celeres
1267 999 1384 1039 calendas
1399 1003 1488 1027 timent
1501 1000 1636 1033 debitores,
1663 1004 1721 1038 quia
1740 1003 1828 1043 vfiirae
1842 1010 1893 1030 tum
1900 1005 2046 1040 soluendae,
2073 1012 2123 1037 vid.
2138 1023 2194 1039 mox

52 1041 66 1060 e
79 1032 137 1060 Fin.
151 1041 175 1064 2,
189 1034 224 1058 60
237 1042 259 1058 c.
275 1041 302 1065 19
323 1033 397 1067 Quid
410 1033 493 1060 fortes
505 1033 577 1060 viri?
603 1032 805 1066 voluptatumne
823 1032 929 1059 calculis
944 1032 1079 1059 subductis
1143 1031 1230 1066 tristes
1251 1034 1334 1060 Ouid.
1353 1035 1386 1061 de
1401 1036 1474 1062 Rem.
1496 1037 1587 1063 Amor.
1603 1039 1655 1069 561.
1727 1038 1785 1065 Iani
1804 1039 1926 1067 calendae
1946 1042 2008 1068 Stat.
2026 1044 2089 1071 Silu.
2106 1055 2125 1078 1,
2140 1051 2166 1080 6,
2182 1057 2195 1080 3

52 1068 164 1096 raelium
183 1068 294 1094 ineunt?
365 1068 470 1095 Colum.
488 1078 508 1101 1,
530 1077 542 1101 3
569 1068 617 1094 Sed
638 1074 664 1093 et
677 1077 769 1102 agrum
782 1068 912 1102 paraturis
925 1068 1025 1094 dic'luin
1038 1069 1079 1094 111-
1094 1072 1126 1098 25
1145 1072 1163 1095 i.
1185 1069 1279 1102 Mcnfis
1299 1072 1422 1097 Ianuarii.
1506 1073 1677 1099 Intercalares
1696 1074 1818 1102 calendae
1831 1097 1840 1110 ‚
1867 1076 1921 1104 vid.
1950 1084 1990 1104 IN
2000 1085 2072 1105 TER
2082 1088 2128 1108 CA
2139 1089 2154 1108 L
2164 1091 2195 1110 ο,

33 1104 175 1138 telligatur,
189 1112 222 1130 ne
235 1104 376 1137 maiorem,
396 1113 474 1138 quam
486 1105 556 1130 ratio
569 1103 730 1129 calculorum
744 1104 868 1138 patiatur,
884 1112 971 1130 emere
986 1103 1078 1130 velint.
1145 1105 1268 1139 Tempus
1284 1106 1363 1133 Iuleis
1379 1115 1434 1133 cras
1447 1107 1484 1134 est
1495 1107 1580 1134 natale
1595 1108 1735 1142 Calendis,
1756 1113 1775 1137 i.
1791 1112 1833 1138 hic
1847 1111 1901 1138 dies
1912 1110 2037 1148 estpridte
2044 1115 2097 1142 Cal.
2107 1118 2196 1145 Iulias.

33 1139 74 1169 Sic
90 1139 194 1174 leian.
209 1140 226 1166 l.
241 1140 308 1166 furti
328 1139 350 1177 §.
365 1140 412 1166 vlt.
432 1140 464 1166 D.
481 1139 513 1165 de
528 1140 579 1171 his,
593 1139 640 1174 qui
659 1145 714 1166 not.
728 1139 822 1166 infam.
849 1139 985 1167 Calculuin
1004 1147 1077 1166 vocat
1145 1141 1227 1167 Ouid.
1237 1141 1302 1167 Fast.
1318 1144 1345 1174 6,
1358 1149 1420 1177 797.
1477 1144 1595 1170 Martial.
1611 1153 1645 1176 12,
1659 1153 1686 1177 32
1706 1146 1731 1172 Ο
1746 1147 1876 1174 Iuliarum
1890 1147 2001 1176 dedecus
2013 1150 2197 1186 calendarum,

30 1166 32 1171 ,
46 1175 163 1203 ationem
178 1175 364 1210 impensarum,
377 1183 440 1210 quas
455 1175 521 1201 alter
528 1175 743 1202 contrahentium
755 1175 834 1203 alteri
846 1175 932 1202 debet.
968 1175 1077 1208 Qiindlz
1144 1183 1190 1203 etc.
1212 1179 1282 1203 citius
1296 1178 1446 1204 mendicitas
1463 1186 1568 1214 apparet
1581 1180 1697 1206 Calendis
1710 1183 1786 1209 Iuliis
1800 1186 1950 1219 migrationi
1961 1185 2138 1214 condufforum
2157 1189 2197 1216 de-

45 1219 69 1244 2,
84 1216 118 1244 11,
133 1216 158 1241 18
191 1211 362 1238 Calculoruin
389 1211 482 1238 anxiae
501 1210 692 1237 solicitudines.
889 1208 910 1247 fl
931 1213 949 1237 6
985 1212 1078 1237 Calcu-
1136 1210 1254 1246 stinatis.
1325 1214 1440 1241 Martiae
1456 1214 1580 1243 calendae
1596 1216 1707 1252 feminis
1715 1218 1848 1253 sollemnes
1867 1227 1954 1253 erant,
1975 1221 2039 1248 vnde
2055 1223 2196 1251 Femineae

41 1256 86 1280 us,
102 1254 152 1283 pro
166 1247 282 1274 Tabella
294 1255 384 1283 quoque
405 1245 519 1279 iudicis,
544 1254 567 1273 et
586 1247 715 1273 sententia
734 1256 751 1272 υ
764 1252 886 1282 urpatur,
912 1246 929 1272 l.
949 1246 976 1272 Si
995 1247 1078 1274 aeter.
1093 1252 1126 1276 30
1145 1248 1267 1275 calendae
1287 1258 1302 1275 a
1321 1249 1415 1276 quen.
1431 1250 1481 1276 Sat.
1501 1259 1535 1284 9,
1551 1258 1577 1284 ,¹3
1599 1252 1734 1286 dicuntur,
1771 1255 1884 1282 Munera
1897 1256 2022 1284 femineis
2041 1259 2138 1286 traetas
2159 1261 2197 1287 se-

4 1272 5 1275 *
54 1303 60 1309 .
75 1282 107 1309 de
122 1282 215 1318 appell.
230 1283 248 1309 l.
261 1292 280 1317 4
301 1283 331 1309 C.
346 1282 378 1308 de
391 1281 492 1309 1111έὶ01.
507 1282 599 1317 praest.
638 1282 684 1309 Sed
701 1291 820 1317 nusquam
839 1283 991 1318 elegantius,
1007 1293 1079 1318 quam
1144 1290 1214 1310 creta
1233 1284 1357 1312 calendis.
1428 1286 1585 1321 Tranquill.
1607 1288 1636 1314 in
1655 1289 1757 1324 Vespas.
1772 1298 1800 1323 ¹9
1826 1291 1898 1318 Sicut
1917 1292 2097 1321 Saturnalibus
2117 1295 2197 1323 dabat

58 1318 204 1345 Iustiniano
219 1319 247 1345 in
260 1318 277 1345 Ι.
294 1319 360 1345 Rem
373 1327 427 1344 non
438 1327 545 1345 nouam.
561 1319 590 1345 C.
604 1318 636 1345 de
649 1318 730 1344 iudic-
745 1318 796 1345 Cui
809 1318 880 1344 cniui
890 1337 896 1348 ‚
915 1320 1008 1353 inqiut,
1022 1328 1078 1345 non
1144 1321 1211 1346 viris
1226 1320 1405 1355 apophoreta,
1430 1321 1468 1348 ita
1488 1328 1514 1349 ct
1535 1323 1649 1350 calendis
1674 1325 1781 1352 Martiis
1805 1326 1923 1354 feminis.
1961 1329 1993 1356 Et
2012 1336 2101 1357 tamen
2114 1341 2147 1358 ne
2162 1332 2197 1359 fic

46 1354 66 1381 st
80 1355 233 1390 cognitum,
260 1354 384 1389 antiquos
403 1353 503 1380 iudices
523 1363 577 1381 non
596 1354 672 1380 aliter
686 1353 838 1380 iudicialem
858 1354 988 1380 calculum
1008 1363 1077 1381 acce-
1143 1356 1252 1390 quidem
1268 1357 1393 1390 pristinae
1409 1357 1562 1392 cupiditatis
1581 1359 1694 1386 infamia
1713 1361 1809 1388 caruit.
1880 1363 1999 1391 Macrob.
2014 1366 2115 1394 Saturn.
2130 1377 2151 1400 1,
2170 1377 2196 1395 18

49 1390 108 1421 iffe,
129 1389 177 1416 nisi
190 1390 263 1425 prius
276 1390 466 1416 sacramentum
475 1390 673 1424 praestitissent,
693 1388 851 1415 omnimodo
864 1390 917 1415 sese
933 1399 993 1416 cum
1006 1391 1077 1417 veri·
1142 1392 1170 1417 de
1185 1392 1309 1418 Calendis
1329 1393 1451 1425 Martiis,
1471 1394 1531 1420 Hoc
1552 1395 1640 1421 mense
1661 1395 1743 1422 seruis
1762 1406 1856 1425 coenas
1870 1400 2037 1434 apponebant
2050 1410 2196 1435 matronae,

42 1431 82 1453 ate
95 1431 121 1452 et
134 1425 223 1460 legum
236 1425 427 1452 obseruatione
440 1426 573 1452 iudicium
585 1425 767 1459 suscepturos?
839 1425 924 1457 Hine,
950 1425 1076 1452 Adiicere
1095 1429 1124 1455 35
1143 1433 1171 1453 vt
1185 1427 1291 1452 domini
1304 1428 1495 1455 Saturnalibus,
1531 1430 1594 1456 Illae
1613 1436 1642 1457 vt
1656 1431 1791 1465 principio
1812 1435 1876 1460 anni
1903 1436 2025 1472 (antiqui
2038 1437 2117 1465 decem
2131 1449 2195 1466 rnen-

45 1462 73 1488 ui
91 1461 182 1489 album
201 1461 331 1488 calculum
352 1461 419 1488 Plin.
442 1462 520 1496 Epist.
541 1471 561 1494 1,
583 1470 604 1488 2.
640 1464 658 1487 i.
672 1460 804 1495 Absoluere
825 1462 866 1487 vel
876 1461 985 1496 probare
1006 1462 1074 1488 adeo.
1135 1461 1222 1496 stum)
1243 1462 1275 1488 ad
1289 1468 1425 1503 promtum
1439 1464 1600 1499 obsequium
1614 1465 1719 1493 honore
1733 1468 1823 1494 seruos
1835 1470 1996 1497 inuitarent:
2014 1473 2052 1499 Hi
2065 1474 2128 1508 quia
2139 1484 2196 1509 gra-

56 1497 176 1524 emittere
190 1497 320 1524 calculum
333 1503 419 1524 atrum
433 1497 461 1523 in
472 1506 564 1524 vrnam
583 1496 664 1523 Ouid.
679 1497 743 1522 Met.
757 1504 792 1528 ις,
804 1505 850 1530 44.
924 1497 1074 1531 Apul.Met.
1141 1498 1207 1524 tiam
1221 1498 1333 1532 perfecffi
1351 1507 1440 1533 operis
1458 1500 1634 1528 exsoluerent.
1694 1502 1768 1538 Conf.
1791 1505 1858 1530 Hor.
1878 1505 1968 1533 Carni.
1990 1515 2012 1539 3,
2025 1513 2048 1538 8,
2059 1517 2069 1534 1
2089 1510 2197 1537 Martii.

43 1542 59 1558 0
73 1542 97 1567 p.
114 1541 165 1567 242
186 1534 254 1560 Cum
268 1533 321 1560 iam
335 1533 476 1559 sententiae
510 1547 555 1552 —
589 1533 618 1558 in
631 1540 725 1559 vrnam
745 1540 854 1558 aeneam
866 1531 994 1559 deberent
1013 1542 1075 1560 con·
1142 1533 1245 1560 caelebs
1260 1534 1325 1568 quid
1338 1543 1413 1569 again
1427 1535 1560 1562 calendis?
1631 1537 1736 1564 Tristes
1748 1538 1870 1566 calendae
1889 1540 1963 1568 Idem
1983 1542 2065 1570 Serm.
2081 1553 2100 1577 1,
2114 1553 2137 1578 3,
2153 1551 2194 1581 87.

0 1576 8 1598 ,v
43 1568 87 1594 'ci:
107 1577 161 1602 quo
173 1569 253 1598 semel
265 1568 378 1595 conditis
391 1568 496 1594 calculis
530 1581 576 1587 -
611 1567 680 1594 nihil
699 1567 787 1602 postea
805 1569 966 1595 commutari
978 1569 1076 1596 licebat
1139 1573 1158 1596 i.
1179 1579 1239 1605 quae
1258 1570 1388 1597 debitorem
1406 1569 1504 1604 tristem
1523 1570 1645 1604 reddunt,
1672 1573 1738 1608 quod
1753 1573 1858 1602 debitam
1876 1580 2007 1611 pecuniam
2020 1580 2117 1615 soluere
2134 1588 2196 1609 tunc

106 1612 172 1629 vnus
208 1618 252 1624 —
286 1603 422 1631 orificium
440 1612 522 1631 vrnae
541 1612 620 1630 manu
641 1610 797 1638 contegenS‚
824 1612 857 1629 ne
875 1605 934 1638 quis
956 1605 1075 1632 mitteret
1084 1611 1121 1637 40
1133 1605 1295 1642 foeneratori
1308 1606 1402 1633 debeat.
1473 1607 1591 1634 Martial.
1606 1616 1644 1641 12,
1657 1611 1690 1640 36
1714 1609 1846 1637 Aureolos
1862 1611 1959 1646 donas,
1986 1614 2080 1643 Poffint
2099 1616 2195 1645 ducere

0 1651 8 1667 ρ
20 1647 25 1658 ⁸
56 1637 156 1664 lculum
169 1643 276 1665 temere.
350 1639 433 1666 Causa
445 1639 658 1674 paucissimorum
676 1639 853 1671 calculorum,
879 1643 898 1666 i.
918 1642 975 1666 Non
989 1644 1075 1677 magni
1140 1641 1188 1676 qui
1201 1641 1264 1668 duas
1278 1642 1413 1675 calendas,
1422 1644 1439 1668 i.
1454 1648 1552 1669 tantum
1565 1645 1710 1674 auri‚vnde
1728 1646 1822 1682 aliquis
1834 1647 1894 1674 duos
1912 1649 2006 1685 menses
2012 1650 2089 1686 posti!
2101 1656 2194 1680 viuere.

49 1677 155 1707 omenti,
182 1673 226 1700 vbi
239 1677 318 1709 pauci
328 1674 424 1701 iudices
436 1677 477 1701 vel
489 1675 584 1701 arbitri
601 1674 735 1708 Qiinffil.
749 1679 772 1706 8,
780 1683 799 1706 3,
816 1683 854 1709 14.
881 1677 920 1701 Dc
933 1676 1074 1703 Mineruae
1138 1678 1239 1704 Ponere
1254 1678 1393 1712 pecuniam
1407 1677 1524 1705 calendis
1540 1679 1607 1705 Hor.
1623 1679 1706 1714 Epod.
1721 1689 1747 1713 2,
1762 1689 1806 1717 70.
1878 1684 2009 1713 Calendae
2021 1687 2139 1722 primae,
2156 1690 2193 1716 se.

54 1709 139 1742 lculo,
157 1709 210 1736 vid.
238 1716 438 1736 MINERVA.
636 1708 657 1747 ff
679 1717 697 1744 7
733 1710 856 1736 Calculus
869 1714 943 1736 etiam
962 1710 996 1744 est
1010 1713 1073 1738 Pon·
1139 1713 1256 1746 eundae,
1283 1714 1393 1746 tertiae,
1421 1715 1546 1749 quintae,
1574 1715 1626 1741 dici
1641 1723 1769 1751 putantur
1788 1728 1804 1744 a
1817 1719 1902 1751 ICtis,
1924 1728 1972 1757 pro
1991 1723 2062 1755 Vno,
2088 1723 2193 1758 duobus,

3 1762 10 1773 ι
41 1747 90 1772 eris
104 1754 196 1772 nomen.
231 1745 359 1779 Excerpta
374 1750 496 1772 veterum
509 1744 542 1771 de
554 1745 728 1779 ponderibus,
743 1754 803 1780 quar
817 1746 1072 1774 inGromaticorum
1137 1749 1235 1781 tribus,
1254 1756 1277 1776 et
1291 1752 1397 1786 quinque
1410 1750 1536 1784 mensibus.
1610 1752 1677 1778 Cels.
1698 1752 1715 1778 1.
1735 1752 1814 1780 liber.
1827 1753 1852 1791 §.
1878 1755 1897 1782 fi
1916 1756 1962 1783 ita.
1982 1758 2014 1784 D.
2034 1758 2067 1784 de
2085 1758 2191 1788 haered.

51 1781 183 1816 riptorum
198 1790 242 1807 cor
259 1789 300 1806 ore
314 1780 444 1816 Rigaltius
456 1781 535 1807 edidit
552 1789 576 1814 p.
589 1788 635 1812 322
656 1781 723 1816 GocJ]
758 1780 907 1808 Ponderum
921 1791 979 1817 pars
994 1783 1072 1810 mini·
1083 1791 1118 1818 43
1138 1784 1292 1812 instituend.
1329 1786 1426 1812 Titius
1442 1805 1450 1818 ,
1476 1785 1494 1811 si
1515 1787 1585 1812 intra
1606 1788 1696 1814 tertias
1715 1789 1834 1815 calendas
1853 1791 1929 1817 nauis
1949 1800 1981 1818 ex
2000 1793 2059 1820 Afia
2077 1797 2193 1829 venerit,

43 1825 67 1843 ia
81 1816 205 1844 Calculus
224 1824 237 1842 e
267 1837 276 1849 ,
296 1816 343 1851 qui
362 1816 460 1842 constat
472 1824 504 1842 ex
516 1815 603 1850 granis
621 1817 714 1842 ciceris
733 1815 836 1843 duobus
846 1838 854 1849 ,
873 1824 898 1844 et
910 1818 978 1853 apud
992 1828 1073 1854 quos·
1138 1819 1231 1846 haeres
1243 1821 1307 1848 esto.
1380 1821 1440 1855 le.
1457 1821 1474 1847 l.
1491 1829 1500 1846 1
1521 1820 1545 1857 §.
1559 1821 1576 1847 fi
1592 1822 1647 1856 qui.
1663 1823 1694 1848 D.
1709 1822 1740 1849 de
1753 1823 1828 1850 verb.
1842 1825 1927 1861 oblig.
1954 1828 1980 1854 Si
1993 1829 2029 1855 ita
2044 1830 2191 1866 interroga-

34 1861 86 1879 ·:nn
105 1851 199 1887 filiqua
217 1852 353 1885 pensante,
386 1860 454 1886 quae
474 1851 561 1877 tribus
581 1853 669 1886 granis
691 1852 788 1879 hordei
810 1852 967 1881 declaratur.
1011 1856 1073 1883 Duo
1138 1861 1196 1888 tus,
1215 1856 1285 1882 intra
1304 1855 1424 1882 calendas
1444 1856 1567 1891 quintas?
1594 1858 1774 1891 responderit,
1800 1860 1876 1888 Dabo
1890 1861 1996 1896 idibus,
2019 1873 2073 1892 non
2088 1866 2191 1902 obliga-

39 1887 118 1915 lculi
137 1888 272 1914 Ceratium
291 1887 400 1914 faciunt.
473 1887 598 1920 Qiatuor
612 1888 721 1919 calculi,
735 1888 790 1914 siue
808 1888 862 1915 duo
882 1890 990 1922 ceratia,
1006 1890 1072 1916 obo-
1137 1897 1189 1917 tur.
1263 1891 1322 1926 le.
1338 1891 1355 1917 l.
1375 1900 1406 1925 41
1427 1891 1454 1918 ff.
1470 1891 1501 1917 de
1514 1891 1597 1919 Verb.
1610 1893 1672 1920 Obl.
1685 1894 1814 1929 Eu1n‚qui
1824 1896 1947 1924 Kalendis
1966 1900 2096 1928 Ianuariis
2110 1903 2191 1938 stipu-

33 1932 81 1950 v¹m
99 1923 220 1950 reddunt·
586 1924 592 1928 “
1138 1926 1225 1959 latur,
1246 1926 1263 1952 si
1283 1927 1393 1953 adiiciat
1410 1927 1504 1961 primis
1523 1928 1566 1953 vel
1588 1929 1735 1963 prpximis,
1754 1931 1855 1956 nullam
1876 1932 1973 1960 habere
1992 1935 2190 1967 dubitationem

57 1964 355 1991 CALCVLARIVS,
381 1967 407 1991 a,
430 1967 485 1985 um.
511 1958 573 1986 Adi.
598 1964 627 1985 vt
645 1958 809 1986 Calcularius
829 1967 906 1986 error
925 1959 1069 1988 Modestin.
1087 1968 1118 1995 50
1136 1962 1222 1997 palam
1231 1962 1279 1988 est:
1298 1962 1347 1989 Sed
1360 1969 1386 1989 et
1401 1963 1418 1988 ti
1435 1963 1503 1988 dicat
1513 1964 1646 2001 secundis,
1654 1964 1696 1988 vel
1711 1965 1813 1997 tertiis,
1833 1967 1875 1992 vel
1891 1968 1989 2002 quibus
2001 1971 2077 2004 aliis,
2104 1983 2190 2009 aeque

57 1999 76 2020 ί·
86 1994 138 2021 vid·
152 1995 307 2030 Expungere
319 1994 453 2026 ‘Estiones’
476 1994 506 2020 in
519 2001 588 2022 EXP
600 2001 621 2021 V
636 2002 658 2021 N
669 2000 688 2020 G
699 2002 728 2021 O.
1137 1998 1242 2025 dirimit
1259 1998 1449 2033 quaestionem.
1495 1997 1521 2022 Si
1534 2003 1623 2022 autem
1636 2007 1690 2037 non
1704 1998 1796 2032 addat,
1818 2002 1915 2035 quibus
1933 2005 2064 2033 Ianuariis
2083 2023 2130 2029 —
2150 2011 2189 2037 di-

11 2040 13 2044 .
56 2032 329 2063 CAchLdsvs,
357 2039 381 2062 a,
409 2039 464 2056 um.
486 2029 548 2057 Adi.
569 2031 660 2057 Plenus
677 2032 789 2057 calculis.
825 2031 957 2058 Columel.
976 2031 1007 2059 de
1022 2033 1071 2059 Ar·
1136 2033 1247 2060 cendum
1267 2033 1303 2058 est
1321 2033 1417 2070 primas
1432 2030 1560 2070 Kalendas
1580 2032 1720 2074 Ianuarias·
1733 2035 1891 2070 spe&anda3.
1935 2040 2039 2068 Paullus
2058 2042 2075 2069 l.
2091 2047 2128 2077 46
2146 2054 2189 2081 pr,

45 2065 134 2092 eribus
157 2074 186 2092 21
211 2066 304 2092 Ficum
322 2065 472 2100 frigoribus
489 2075 524 2092 ne
542 2066 631 2093 serito.
653 2066 710 2092 loca
727 2067 829 2101 aprica,
849 2068 996 2100 calculosa,
1017 2069 1070 2102 gla-
1134 2068 1231 2094 Eadem
1252 2066 1406 2105 Centesimis
1420 2066 1544 2093 Kalendis
1558 2067 1633 2108 dari,
1660 2070 1765 2110 vtiliter
1786 2071 1952 2107 stipulamur.
2009 2078 2114 2113 leian.
2129 2081 2146 2107 l.
2164 2089 2187 2115 ¹3

42 2101 96 2128 ‚osa
138 2101 272 2128 interdum
292 2108 318 2127 et
336 2102 425 2127 staxosa
444 2108 523 2128 amat.
594 2102 665 2136 Ager
679 2102 824 2128 calculosus
852 2102 982 2128 Columel.
996 2111 1019 2133 3,
1036 2111 1067 2126 11.
1134 2101 1202 2141 eod3
1216 2103 1272 2141 Qii
1285 2107 1345 2127 ante
1365 2101 1493 2144 Kalendas
1513 2112 1647 2137 proximas
1669 2105 1826 2141 stipuletur,
1847 2109 1938 2138 similis
1959 2112 1996 2139 est
2014 2114 2056 2147 ei,
2075 2117 2123 2151 qui
2140 2118 2189 2144 Ka-

51 2137 86 2163 in.
101 2121 140 2170 Ξς,
159 2145 190 2170 14
216 2137 306 2163 Solum
325 2137 493 2163 calculosum.
689 2135 712 2174 ff
731 2145 748 2162 2
782 2138 835 2171 Qui
852 2137 950 2161 laborat
966 2137 1068 2163 calculo.
1087 2140 1115 2168 55
1133 2137 1217 2163 lendis
1242 2137 1390 2172 stipulatur.
1439 2138 1496 2164 Vici.
1522 2146 1544 2165 A
1558 2147 1580 2165 N
1596 2147 1617 2167 T
1631 2147 1658 2167 E.
1731 2144 1848 2171 Martial.
1870 2155 1897 2179 1,
1918 2156 1965 2174 100
1999 2149 2087 2186 Atque
2108 2152 2189 2186 intra,

42 2173 87 2199 lin.
102 2177 179 2205 21,··18
199 2174 367 2207 Qiamquam
383 2171 511 2206 professus
527 2168 728 2196 efficaciffimum
749 2171 798 2195 esse
817 2170 940 2196 aduersus
953 2170 1066 2197 calculo-
1132 2179 1213 2208 puto,
1240 2173 1362 2208 septimas
1377 2173 1513 2207 calendas,
1540 2174 1560 2209 (
1562 2179 1580 2202 ι’.
1595 2176 1709 2213 menfis)
1756 2180 1858 2208 Mortes
1877 2182 1928 2209 hoc
1948 2183 2001 2211 tibi
2015 2194 2131 2221 quatuor
2144 2189 2187 2217 de-

43 2217 69 2233 *⁵·
105 2207 174 2234 Add·
189 2207 306 2233 scribon·
323 2214 374 2239 ¹50³
391 2213 437 2238 ¹33-
1132 2209 1236 2236 derunt.
1274 2210 1314 2236 Sic
1330 2210 1397 2236 Cato
1412 2210 1442 2237 R.
1452 2210 1482 2237 R.
1492 2218 1540 2246 147
1554 2218 1578 2237 et
1592 2218 1637 2245 148
1657 2214 1756 2241 Primas
1771 2216 1888 2244 calendas
1902 2219 1975 2253 dicit,
1989 2224 2007 2246 i.
2014 2227 2156 2256 proximas.

54 2240 252 2274 CALCV‘LO,
273 2245 326 2267 are.
346 2240 469 2267 Prudent.
488 2240 597 2272 Hymno
617 2239 757 2267 Laurentii
777 2249 803 2267 v.
824 2248 860 2273 131
891 2241 962 2267 Nam
981 2242 1065 2268 calcu-
1166 2247 1443 2279 CALENDALm,
1462 2254 1484 2274 e,
1502 2246 1548 2273 Ad
1561 2248 1835 2284 calendaspertinem,·
1856 2260 1897 2285 v„
1927 2255 2049 2285 Tribma
2066 2259 2185 2288 calenda-

19 2274 23 2279 '
44 2276 93 2304 nda
106 2277 245 2311 primitus,
265 2282 321 2303 tum
340 2276 503 2303 subnotanda
516 2275 553 2302 est
566 2276 705 2303 summula.
768 2276 833 2313 l‘ssaes
846 2274 880 2309 est
903 2280 977 2304 eriam
990 2277 1065 2304 Sido-
1130 2280 1182 2312 lia,
1204 2280 1271 2317 quast
1284 2284 1311 2307 in
1317 2280 1433 2314 strenam
1439 2281 1508 2317 solui
1514 2282 1594 2317 fhlita
1607 2285 1717 2310 calendis
1733 2287 1851 2313 Ianuarii
1870 2289 1960 2316 lustin.
1975 2291 2054 2319 edidit.
2069 2301 2103 2326 ¹3·

23 2293 39 2334 :³
47 2321 76 2339 us
94 2312 173 2348 Epist.
194 2321 211 2346 9
222 2331 232 2345 ,
253 2319 279 2347 7.
310 2327 314 2333 -
339 2332 346 2337 .
1076 2311 1112 2337 60
1169 2323 1242 2343 CAL
1254 2324 1270 2342 E
1281 2318 1447 2348 NDARts,
1469 2326 1491 2342 e.
1510 2317 1571 2343 Adi.
1589 2319 1721 2357 Iunonem
1736 2322 1909 2351 Calendareni
1926 2334 2056 2355 vocarunt
2068 2329 2185 2358 Lauren-

29 2326 39 2380 l,
52 2355 99 2376 CA
109 2355 234 2375 LCVLA
244 2354 266 2374 Τ
276 2355 286 2374 1
296 2354 331 2381 ο,
351 2347 420 2374 onis.
440 2347 460 2374 f.
482 2347 553 2374 Cael.
568 2346 658 2374 Aurei.
677 2346 765 2375 Tard.
778 2357 807 2382 4,
824 2355 840 2380 51
850 2348 869 2374 s.
882 2348 918 2374 60
939 2347 1065 2376 'Calcula-
1131 2357 1177 2383 tes,
1188 2352 1260 2385 quod
1275 2352 1301 2377 ei
1318 2360 1409 2378 omnes
1424 2352 1546 2379 calendae
1560 2353 1676 2381 tributae
1691 2356 1777 2384 essent.
1816 2359 1864 2385 Sed
1879 2366 1905 2387 et
1919 2363 2043 2390 omnibus
2056 2365 2183 2394 Calendis

62 2404 72 2417 ,
91 2392 172 2419 quam
185 2383 314 2410 Lithiafin
327 2389 438 2416 vocant,
457 2386 525 2410 inter
544 2383 630 2410 tardas
643 2383 766 2418 paffiones
787 2383 887 2410 veficae
904 2392 1064 2412 memoratur.
1129 2396 1144 2413 a
1162 2388 1250 2413 Mense
1264 2387 1366 2413 Martio
1379 2387 1412 2413 ad
1426 2388 1600 2429 Decembrem
1617 2389 1679 2417 huic
1698 2391 1761 2419 deae
1775 2394 1952 2424 Calendarum
1970 2398 2014 2425 die
2027 2401 2183 2435 supplicant,

20 2439 22 2444 .
35 2438 39 2443 .
97 2421 250 2455 Suppuratio.
271 2419 413 2446 Caffiodor.
427 2418 506 2454 Epist.
516 2428 536 2452 1,
545 2428 574 2446 ιο
594 2420 730 2446 Fortunat.
743 2429 756 2453 5
771 2429 811 2455 ep.
821 2420 896 2454 prosa
906 2419 960 2445 6ad
975 2420 1063 2455 Syagr.
1131 2423 1233 2448 Romae
1240 2431 1348 2463 quoque
1355 2422 1471 2463 calendis
1480 2424 1607 2466 omnibus
1614 2445 1622 2458 ,
1631 2433 1734 2461 praeter
1742 2430 1814 2464 quod
1822 2431 1946 2460 Pontifex
1961 2435 2051 2463 minor
2064 2437 2093 2463 in
2107 2440 2182 2466 curia

15 2443 39 2469 κὰ
51 2451 68 2483 ὲ
76 2462 203 2483 ALCVL
213 2457 333 2488 ATOR,
368 2455 432 2482 5515,
459 2464 495 2481 m,
531 2454 658 2488 (ψηφιςῆς
670 2456 684 2490 ]
725 2457 892 2491 supputator,
923 2455 1064 2481 calculandi
1129 2457 1234 2484 calabra
1242 2467 1298 2484 rem
1314 2458 1433 2485 diuinam
1448 2460 1544 2486 lunoni
1557 2461 1635 2493 facit,
1655 2463 1736 2491 etiam
1753 2466 1846 2500 regina
1866 2469 2000 2498 sacrorum
2017 2481 2124 2506 porcam
2137 2476 2181 2502 vel

17 2472 121 2528 i'tlfex.
153 2505 155 2507 ·
175 2491 291 2518 Martial.
313 2500 358 2524 10,
374 2494 406 2518 62
441 2491 500 2518 Nec
517 2491 675 2524 calculator,
696 2500 742 2517 nec
757 2491 878 2517 notarius
890 2490 971 2530 yelox
1006 2491 1063 2516 Ma·
1080 2493 1111 2526 63
1129 2502 1222 2528 agnam
1244 2494 1272 2519 in
1295 2494 1368 2529 regia
1385 2495 1483 2521 Iunoni
1501 2496 1631 2524 immolat.
1653 2499 1722 2526 Haec
1735 2507 1759 2526 et
1766 2503 1844 2536 plura
1862 2504 1983 2533 Macrob.
1998 2507 2049 2534 Sat.
2058 2517 2078 2541 1,
2090 2517 2124 2542 15.

23 2530 26 2533 “
60 2536 74 2553 e
87 2527 227 2562 quisquam
241 2526 342 2553 circulo
354 2532 507 2554 coronetur.
566 2527 657 2554 Sextus
670 2527 757 2552 Rufus
771 2527 799 2552 in
817 2527 936 2552 Breuiar.
946 2533 988 2560 pr.
1004 2526 1063 2552 Mo·
1165 2536 1181 2556 c
1190 2537 1213 2556 A
1224 2536 1239 2555 1,
1250 2537 1265 2556 Ε
1277 2537 1296 2555 N
1308 2537 1326 2557 D
1336 2538 1356 2558 A
1364 2537 1383 2557 R
1392 2538 1402 2557 1
1411 2538 1430 2557 V
1442 2538 1483 2564 M,
1505 2533 1549 2558 seu
1568 2540 1587 2559 K
1595 2540 1618 2560 A
1628 2540 1645 2560 L
1654 2541 1671 2560 Ε
1680 2542 1702 2562 Ν
1710 2541 1729 2561 D
1738 2543 1760 2563 A
1770 2544 1788 2563 R
1798 2545 1807 2564 1
1817 2546 1836 2564 v
1846 2546 1871 2566 M
1879 2560 1888 2572 ,
1915 2541 1934 2567 i.
1955 2551 1981 2568 n.
2011 2544 2085 2571 Liber
2091 2546 2180 2581 foene-

22 2563 34 2587 51
46 2572 72 2589 m
85 2564 186 2590 secutus
201 2562 389 2595 calculatorum
411 2565 421 2595 (
430 2563 529 2599 quidam
539 2563 725 2593 calculonum)
743 2561 790 2596 qui
811 2561 928 2595 ingentes
950 2562 1063 2588 summas
1124 2564 1179 2591 bris
1190 2565 1334 2599 dicebatur,
1354 2569 1382 2593 in
1401 2576 1446 2602 quo
1463 2568 1639 2603 scribebantur
1655 2571 1745 2606 vfierae
1756 2575 1784 2599 in
1802 2575 1918 2602 calendas
1928 2576 2046 2614 singulas
2055 2582 2180 2615 ,petendae

24 2607 27 2614 ¹
46 2607 75 2625 re
89 2598 211 2625 breuiori
227 2599 277 2631 (αΙ.
290 2599 358 2624 aeris
373 2598 562 2630 breuioribus)
581 2598 743 2633 exprimunt.
815 2596 967 2623 Calculator
980 2600 1062 2633 igitur
1126 2607 1149 2626 et
1162 2601 1328 2637 eijlieendae.
1399 2603 1487 2630 Senec.
1505 2603 1537 2630 de
1552 2605 1643 2632 Benef.
1657 2613 1684 2641 7,
1695 2616 1724 2634 10
1743 2609 1817 2643 Qiid
1831 2611 1941 2643 foenus,
1959 2620 1985 2639 et
1997 2615 2178 2645 calendarium

52 2633 179 2670 :quista-⁹
191 2636 277 2669 Operas
290 2636 317 2659 in
330 2633 643 2668 r‘111'0‘11'5115s¹⁴l⁷d¹⁴⁶'⁶'²1<11'5
656 2633 761 2665 Ιθῑαῦαῐ,
775 2633 929 2673 etiam-apud
943 2633 1007 2673 ‚le—
1018 2633 1062 2668 l-7
1126 2642 1152 2663 et
1170 2639 1264 2669 vsura,
1293 2637 1341 2664 nisi
1363 2637 1492 2678 lnunanae
1516 2640 1669 2675 cupiditatis
1696 2650 1769 2670 extra
1787 2652 1907 2673 naturam
1925 2649 2039 2683 quaesita
2059 2654 2177 2682 nomina.

15 2668 17 2670 ’
63 2677 79 2695 2
104 2669 137 2695 D.
157 2668 191 2695 de
207 2669 296 2703 operis
316 2668 405 2694 libert.
447 2668 520 2695 Nam
541 2667 620 2695 huius
639 2677 746 2703 quoque
763 2668 800 2694 est
818 2669 1014 2702 ministerium,
1041 2669 1058 2695 fi
1071 2675 1107 2703 70
1125 2672 1197 2699 Idem
1214 2673 1292 2707 Epist.
1306 2683 1335 2707 14
1354 2674 1478 2701 Adiicere
1493 2675 1546 2702 illis
1567 2677 1707 2710 (diuitiis)
1726 2679 1829 2715 aliquid
1841 2682 1941 2716 studet3
1961 2684 2024 2712 dum
2045 2687 2077 2714 de
2091 2688 2176 2716 incre-

0 2699 16 2729 rl'
48 2709 88 2730 rte
101 2703 144 2730 vel
157 2703 300 2737 librarius,
319 2703 362 2730 vel
376 2703 592 2737 nomenculator,
609 2704 652 2730 vel
666 2704 808 2731 calculator
821 2704 859 2731 fit.
897 2706 960 2731 Ant.
974 2708 1060 2741 Augua·
1125 2715 1216 2735 mento
1229 2711 1327 2743 cogitat
1342 2709 1443 2736 oblitus
1455 2710 1491 2737 est
1505 2712 1573 2738 vsus.
1608 2713 1734 2741 Rationes
1748 2716 1859 2752 accipit,
1879 2720 1967 2746 forum
1983 2724 2115 2757 conterit,
2134 2735 2175 2752 ca·

11 2747 15 2751 ·
42 2742 98 2765 'nus
110 2737 255 2775 lib-fingul.
273 2739 307 2766 ad
316 2739 426 2766 Modest.
442 2739 460 2766 1.
480 2739 633 2774 Spadonem.
651 2740 682 2767 D.
695 2739 727 2766 de
741 2740 825 2766 excus.
840 2745 975 2773 tutorum,
1003 2742 1061 2768 Cal-
1124 2744 1273 2771 lentim-ium
1288 2746 1390 2778 versat,
1416 2746 1445 2772 fit
1466 2756 1498 2773 ex
1511 2747 1622 2775 domino
1635 2757 1802 2784 procurator.
1858 2756 1890 2780 Et
1906 2756 1985 2790 Epist.
2002 2763 2034 2792 87
2062 2761 2174 2794 Magnus

42 2774 163 2807 latores,
187 2777 287 2811 inquit,
307 2785 322 2801 α
341 2776 442 2802 calculis
461 2775 579 2802 ducendis
599 2775 679 2802 ‘11'505
696 2776 825 2808 arbitror,
850 2786 899 2802 ⁷1⁰ss
914 2783 1060 2813 geometras,
1123 2781 1266 2807 calendarii
1281 2781 1350 2808 liber
1363 2782 1493 2809 voluitur.
1549 2784 1648 2811 Scn.de
1656 2786 1746 2814 Benef.
1761 2797 1781 2821 1,
1790 2797 1814 2815 2.
1836 2789 1926 2817 Nemo
1940 2791 2067 2821 beneficia
2082 2796 2110 2822 in
2125 2798 2173 2823 Ca-

58 2809 191 2844 Accuifius
203 2817 228 2836 et
245 2810 378 2838 Albericus
396 2809 553 2844 existimant,
574 2811 622 2848 sed
638 2814 680 2848 qui
693 2811 833 2839 rationibus
846 2812 1003 2848 coificiendis
1016 2813 1059 2840 ad-
1123 2816 1245 2843 lendario
1260 2816 1364 2850 scribit,
1384 2821 1402 2844 i.
1424 2821 1500 2845 Nemo
1519 2820 1583 2846 locat
1602 2820 1734 2857 beneficia,
1760 2832 1789 2850 vt
1798 2830 1928 2861 pecuniam
1941 2831 2074 2865 collataque
2093 2834 2119 2857 tn
2131 2842 2173 2859 ca-

42 2852 166 2873 .ereritur.
200 2846 270 2873 Haec
281 2846 336 2878 ille,
354 2856 422 2883 quem
436 2846 501 2874 uide.
1002 2884 1008 2889 ¹
1073 2858 1106 2885 75
1123 2853 1235 2883 lendario
1248 2853 1358 2889 scribit,
1384 2861 1414 2880 vt
1428 2855 1548 2881 inoblitas
1563 2856 1637 2891 pqffit
1655 2859 1786 2893 reposcere.
1858 2862 1998 2890 Pecuniam
2011 2865 2039 2890 in
2054 2866 2171 2894 calenda.

51 2887 97 2909 CA
108 2887 335 2915 LCVLENSIS,
361 2890 385 2909 e.
406 2883 560 2910 calculense
580 2892 660 2918 genus
673 2892 806 2918 purpurae
819 2889 923 2910 vocatur
937 2892 953 2910 a
970 2884 1058 2911 Plinio
1123 2889 1194 2916 rium
1208 2895 1365 2916 conuertere
1391 2889 1408 2916 1.
1425 2898 1456 2923 39
1471 2887 1494 2927 §.
1511 2896 1524 2921 8
1554 2892 1586 2918 D.
1602 2891 1634 2918 de
1647 2893 1745 2921 admin.
1764 2901 1790 2922 et
1809 2898 1889 2930 peric.
1903 2904 1951 2925 tut.
1981 2898 2014 2927 est
2027 2903 2054 2926 in
2063 2902 2170 2937 foenore

55 2925 86 2952 37
99 2917 118 2944 s.
132 2919 161 2944 61
182 2917 204 2944 A
217 2917 318 2945 calculo
336 2918 433 2952 maris,
458 2919 528 2946 mire
547 2927 638 2954 aptum
657 2919 817 2953 conchyliis,
846 2925 872 2945 et
891 2919 969 2951 longe
988 2921 1058 2955 opti·
1121 2924 1247 2953 collocare.
1319 2925 1439 2952 Tei-tull.
1454 2925 1485 2952 de
1501 2927 1580 2954 (ultu
1599 2929 1662 2955 fem.
1678 2939 1688 2956 1
1704 2938 1769 2958 extr.
1784 2932 1900 2959 Graciles
1920 2935 2026 2962 aui-inm
2044 2945 2115 2964 cutes
2128 2948 2169 2966 ca.

15 2963 18 2974 ·
55 2961 90 2980 1111
101 2953 233 2988 purpuris.
268 2955 310 2982 sic
322 2954 405 2982 Hard.
423 2955 468 2982 AI.
489 2954 640 2982 Calculosae
657 2956 822 2991 appellantur
834 2964 849 2982 a
863 2949 964 2983 calculo
976 2957 1056 2984 maris
1121 2960 1271 2987 lendarium
1288 2961 1452 2996 expendunt,
1469 2965 1487 2989 i.
1502 2971 1629 2990 matronae
1644 2968 1672 2991 in
1685 2967 1786 2993 auribus
1798 2975 1890 3003 gerunt
1898 2970 1993 3006 cerisiaem
2009 2976 2167 3008 maritorum,

56 2996 84 3015 re
93 3004 95 3008 .
103 2994 166 3024 apto
188 2996 234 3016 etc.
248 2995 257 2998 ·
1120 3003 1144 3023 et
1153 3000 1283 3033 pecuniam
1298 3001 1323 3022 in
1333 2998 1438 3033 Jhetzore
1451 3007 1508 3025 ante
1520 3000 1669 3027 collocatam.
1708 3003 1750 3029 sic
1769 3009 1786 3029 C
1796 3011 1816 3030 v
1824 3010 1843 3029 R
1852 3011 1874 3030 A
1894 3011 1914 3030 K
1923 3012 1944 3032 A
1954 3013 1971 3032 L
1979 3013 1997 3033 Ε
2006 3015 2054 3035 ND
2062 3016 2083 3036 A
2092 3017 2111 3036 R
2121 3018 2131 3037 1
2141 3019 2168 3044 1,

28 3050 30 3053 ,
52 3030 70 3050 c
78 3029 123 3050 Λ-ι.
131 3030 149 3052 c
157 3021 179 3052 x?
187 3031 205 3052 1.
213 3031 232 3052 0
240 3043 249 3057 ,
268 3024 337 3052 finis.
355 3034 391 3053 m.
409 3025 482 3053 Idem
499 3026 562 3054 Ruf.
571 3026 657 3053 Festus
664 3027 784 3054 Breuiar.
794 3027 855 3053 Rer.
864 3027 940 3054 Rom.
945 3033 988 3062 pr.
1008 3028 1056 3055 Sed
1069 3035 1101 3061 80
1119 3039 1144 3059 ct
1163 3039 1180 3060 c
1190 3040 1209 3057 v
1217 3040 1236 3059 R
1248 3040 1269 3060 A
1281 3039 1303 3059 T
1315 3040 1333 3060 ο
1343 3041 1361 3060 R
1371 3041 1387 3060 E
1396 3040 1408 3059 s
1434 3041 1453 3060 κ
1463 3042 1485 3061 Α
1495 3041 1510 3060 L
1520 3042 1536 3062 E
1546 3043 1569 3062 N
1577 3043 1595 3063 D
1604 3043 1626 3062 A
1635 3044 1690 3063 R11
1710 3040 1738 3063 in
1757 3039 1897 3066 muneribus
1908 3042 2019 3076 publicis
2031 3053 2166 3073 memoran-

37 3072 43 3084 ι
51 3058 148 3086 bitatur
160 3059 188 3086 de
199 3059 310 3087 leftione.
347 3062 476 3097 Rea-eptam
488 3063 518 3089 ab
532 3063 702 3098 Hauercampo
716 3063 785 3089 modo
798 3062 908 3088 dedimus
922 3066 949 3089 in
962 3064 1053 3091 Calcu-
1117 3075 1162 3095 tur
1175 3071 1202 3094 in
1218 3069 1349 3105 Inscriptt.
1368 3069 1419 3096 uid.
1434 3080 1489 3097 mox
1510 3078 1526 3098 C
1534 3079 1555 3098 A
1565 3078 1582 3096 L
1592 3078 1609 3098 E
1618 3079 1639 3098 Ν
1647 3079 1667 3099 D
1676 3080 1697 3099 A
1706 3080 1725 3100 R
1734 3080 1744 3099 1
1754 3080 1774 3099 V
1784 3081 1806 3101 S.
1861 3076 2049 3106 Calendariuin
2067 3079 2101 3113 est
2114 3084 2165 3109 He.

0 3100 5 3115 ι’
44 3103 95 3121 or.
132 3094 433 3131 laudam-emugustin.
447 3097 466 3124 l.
478 3106 495 3125 2
515 3099 709 3126 contraAcadd.
730 3098 836 3132 Quibus
850 3097 952 3126 duobus
964 3109 1052 3135 reper-
1116 3106 1290 3141 met-alogiam,
1308 3105 1353 3141 seu
1374 3107 1548 3141 Rationarium
1568 3107 1662 3134 dierum
1679 3112 1786 3135 omnium
1807 3109 1994 3144 distributorum
2012 3122 2058 3150 per
2072 3118 2165 3154 menses

9 3138 12 3146 ¹
42 3143 45 3152 ·
68 3135 127 3156 nata
147 3129 183 3156 est
196 3129 242 3157 illa
260 3130 435 3168 librariorum
453 3139 479 3161 et
499 3134 664 3162 calculonum
678 3134 817 3170 profeffio‚
830 3134 902 3161 velut
922 3136 1052 3171 quaedam
1117 3143 1192 3166 vnius
1213 3144 1288 3167 anni:
1333 3144 1359 3167 ui
1376 3142 1473 3178 quidem
1493 3145 1568 3168 initio
1589 3150 1637 3178 per
1655 3143 1799 3180 ogdoadam·
1825 3145 1910 3181 postea
1937 3158 1995 3176 vero
2019 3151 2164 3180 Iudaeorum

29 3169 46 3186 ‘-=
56 3165 210 3192 annnaticae
223 3165 343 3193 infantia.
656 3172 664 3176 ”
1116 3185 1195 3207 more,
1218 3183 1265 3212 per
1284 3151 1445 3204 heidomadas
1463 3177 1616 3213 ibifuerwn
1631 3178 1765 3216 deycripci:
1781 3182 1847 3217 quod
1853 3181 1911 3218 post
1925 3191 2035 3221 tempora
2052 3189 2162 3216 Theodo.

51 3208 99 3229 cA
109 3208 122 3227 1
132 3208 149 3228 c
159 3207 179 3227 v
191 3208 391 3236 LARlvs‚.a,
410 3213 465 3232 um.
489 3206 534 3238 Vt,
547 3206 629 3233 Error
639 3205 803 3233 calculatius.
818 3205 959 3234 Modestin.
975 3208 1031 3235 ICt.
1069 3216 1098 3245 ες
1109 3211 1147 3246 fii
1159 3212 1262 3248 fastum
1276 3233 1285 3245 ,
1309 3213 1449 3249 obseruauit
1472 3214 1563 3250 scalig.
1577 3214 1620 3241 lib.
1634 3224 1653 3248 4
1666 3215 1694 3242 de
1709 3217 1806 3244 Emend.
1824 3219 1908 3254 Temp.
2066 3249 2070 3252 ,

24 3270 27 3273 .
73 3241 307 3269 ALDARIVM‚
325 3244 497 3274 CALDOR,
515 3248 680 3274 CAans,
705 3242 758 3268 vid.
778 3249 825 3269 CA
837 3248 853 3268 L
864 3248 918 3269 OR-
1151 3255 1249 3275 CALE
1260 3255 1281 3273 N
1292 3255 1458 3281 DAR1vs‚
1476 3249 1494 3275 i.
1509 3259 1544 3276 m.
1564 3250 1798 3286 calendariorum,
1824 3256 1852 3279 in
1873 3255 1979 3290 quadam
1998 3258 2160 3295 inscriptione

28 3274 30 3278 ’
75 3279 238 3306 ALDIVS,
264 3274 372 3300 militari
388 3277 440 3302 ioco
455 3275 541 3303 dil-“km-
558 3275 592 3311 est
611 3278 718 3305 Caldius
739 3279 848 3309 Caesar,
862 3283 912 3313 pro
926 3278 1050 3311 claudio,
1113 3287 1210 3317 veteri,
1239 3294 1312 3320 quam
1330 3294 1384 3311 cum
1402 3288 1507 3311 caeteris
1527 3285 1656 3321 Adolphus
1674 3288 1737 3314 Occo
1756 3288 1872 3316 Medicas
1889 3290 2051 3328 Augustanus
2069 3295 2159 3329 edidit,

42 3325 45 3329 ‹
58 3307 209 3335 madmodum
229 3315 252 3335 et
263 3308 385 3336 Biberius
403 3317 449 3346 pro
461 3311 596 3349 Tiberio,
615 3320 642 3340 et
656 3315 734 3340 Mero
743 3320 792 3349 pro
804 3314 923 3341 Nerone.
943 3315 1050 3342 Sueton.
1113 3329 1139 3354 p.
1153 3327 1165 3345 2
1179 3329 1204 3346 n.
1218 3328 1243 3352 9.
1260 3323 1349 3347 mentio
1355 3321 1407 3356 fit:
1426 3330 1486 3356 quos
1498 3331 1546 3348 non
1559 3321 1708 3357 allosfmffe
1720 3322 1845 3358 existimo,
1868 3334 1939 3362 quam
1950 3332 1995 3364 qui
2005 3333 2032 3355 in
2048 3330 2156 3358 Theod,

39 3372 44 3380 -.
55 3343 153 3372 Tiber.
165 3353 198 3377 42
218 3345 248 3370 In
261 3344 349 3372 castris
363 3345 416 3372 tiro
429 3346 509 3374 eniam
520 3353 592 3380 tum,
609 3356 717 3385 propter
734 3349 846 3376 nimiam
865 3350 922 3377 vini
938 3351 1051 3378 auidita-
1113 3355 1180 3382 Cod.
1194 3356 1240 3383 lib.
1257 3365 1284 3383 12
1297 3356 1338 3383 tit.
1353 3365 1375 3382 11
1398 3357 1551 3383 Calendarii
1569 3358 1710 3384 Curatores
1729 3360 1899 3395 appellantur,
1921 3370 1944 3389 et
1957 3374 2058 3400 quorum
2070 3376 2157 3393 mmm

58 3382 129 3415 ''Pl'O
141 3379 262 3406 Tiberio
278 3380 415 3414 Biberiuss
435 3389 486 3418 ΡΜ
503 3383 616 3411 Claudio
637 3384 762 3417 caldius,
783 3392 832 3421 Pro
847 3385 956 3413 Nerone
970 3387 1049 3414 Mero
1057 3395 1094 3420 90
1113 3391 1265 3418 Calendarii
1279 3392 1407 3425 Curatio,
1435 3392 1551 3419 Arcadio
1570 3394 1615 3420 IC.
1629 3393 1646 3420 l.
1659 3399 1692 3424 18.
1705 3392 1729 3431 ὗ.
1743 3403 1756 3421 2
1774 3396 1806 3422 D.
1818 3397 1850 3423 de
1863 3400 2020 3427 muneribus
2033 3408 2059 3428 et
2072 3402 2155 3428 hono-

51 3424 98 3443 is
117 3415 162 3442 est.
206 3415 312 3443 Caldius
325 3425 405 3444 autem
417 3427 467 3445 non
477 3428 494 3445 a
506 3418 612 3447 Calidae
618 3427 680 3456 potu
688 3441 697 3454 ,
709 3421 757 3457 fid
771 3421 836 3457 quod
847 3431 921 3448 mero
927 3422 1049 3459 frequen·
1112 3427 1187 3454 ribus
1200 3427 1302 3454 dicitur.
1337 3429 1419 3454 Vetus
1431 3428 1477 3454 hu.-
1490 3429 1631 3464 Inscriptio
1638 3435 1750 3464 pertinet
1763 3432 1831 3467 apud
1844 3434 1918 3461 Grut.
1932 3445 1956 3470 p.
1971 3439 2035 3471 446,
2050 3444 2067 3470 7
2091 3438 2154 3463 CV·

56 3451 242 3485 incalesceret,
263 3459 287 3479 ει
306 3452 410 3486 caldus,
433 3456 452 3481 ι’.
471 3453 570 3481 calidus
583 3463 687 3491 potator
706 3455 776 3491 esth,
796 3456 863 3493 quod
877 3456 943 3485 refie
960 3465 1050 3486 contra
1112 3463 1285 3491 RATORI
1322 3463 1583 3491 CALENDARI.
1625 3464 1683 3492 Vid.
1703 3467 1830 3495 pithoeum
1847 3470 1955 3507 Aduersl
1968 3472 2062 3507 subsec.
2082 3482 2110 3503 2,
2126 3482 2152 3506 4.

42 3499 57 3509 r·
79 3499 92 3509 1¹
104 3486 180 3515 31³5.
195 3496 214 3519 1,
225 3496 245 3522 4
261 3491 356 3515 monuit
368 3487 474 3522 Castalio
482 3490 621 3527 Obftrmm.
637 3501 658 3525 1,
669 3501 697 3526 9.
819 3519 827 3529 ,
994 3518 999 3525 .
1112 3504 1139 3526 et
1153 3500 1231 3527 Henr.
1248 3502 1329 3527 Noris
1341 3500 1474 3535 Cenotaph.
1488 3500 1572 3536 Pifim.
1593 3509 1618 3535 p.
1630 3508 1672 3536 37.

53 3504 267 3557 ῗ1ὀΑκ1-ῑ,
299 3524 354 3551 vid.
379 3531 617 3555 eaticnrvs.
1147 3542 1193 3562 CA
1205 3537 1344 3563 LENVM
1356 3555 1364 3568 ‚
1385 3535 1404 3562 i.
1423 3545 1449 3561 n.
1474 3535 1540 3571 quod
1559 3542 1584 3562 et
1603 3539 1725 3564 cazas
1745 3546 1761 3564 a
1775 3539 1892 3574 pellatam
1917 3540 2062 3576 [Καληνόν]
2082 3541 2151 3569 Vrbs

134 3570 139 3589 ἓ
151 3566 170 3587 D
179 3566 230 3586 ΟΝ
239 3566 313 3592 IVS,
339 3570 369 3593 ὃ,
390 3570 444 3588 um·
479 3560 657 3598 [Koequ‘o'ms]
699 3565 744 3597 Vt,
758 3562 903 3591 Caledonia
917 3563 996 3598 ίῗῙῐΙδ,
1016 3567 1044 3592 ίη
1059 3575 1098 3602 9ς’
1109 3572 1279 3606 Campaniae,
1287 3574 1314 3598 in
1327 3574 1399 3598 cuius
1411 3581 1471 3608 agro
1486 3574 1571 3598 vinum
1582 3580 1595 3598 o
1613 3573 1699 3599 timum
1712 3579 1736 3600 et
1749 3544 1818 3602 falce
1831 3577 1950 3612 nasi-itur.
1988 3578 2053 3603 Hor.
2062 3578 2151 3606 Carm.
2195 3582 2203 3595 ‘

26 3609 30 3611 >
46 3610 67 3631 i-
143 3597 247 3622 amziae
260 3596 396 3630 Barbarae,
409 3606 470 3633 quae
486 3607 552 3624 nunc
570 3599 652 3625 Scotia
669 3597 704 3633 est
721 3599 884 3632 occidentali,
898 3599 1046 3636 fizeui’ffimis
1109 3616 1138 3640 4,
1159 3615 1194 3641 12,
1209 3617 1239 3643 ¹4
1258 3607 1437 3642 Scdtpreffum
1458 3605 1566 3633 Calibus
1601 3615 1679 3635 ucere
1691 3607 1808 3638 liberum
1826 3612 1853 3638 Si
1871 3612 1956 3647 gestis.
1997 3612 2041 3637 Sil.
2059 3621 2094 3646 12,
2108 3621 2152 3648 525

90 3647 91 3650 ¹
108 3652 119 3665 ιι.
139 3643 141 3646 “
159 3631 306 3663 gnobilitata.
379 3633 495 3660 Martini.
520 3632 568 3660 llb.
589 3634 622 3660 de
639 3634 723 3669 speffi.
738 3643 756 3670 7
798 3634 879 3662 NUda
898 3636 1044 3664 Caledonio
1110 3642 1323 3678 Threiciamque
1336 3643 1426 3670 Calen-

64 3699 65 3702 ¹
90 3664 140 3696 „27¹
158 3686 161 3689 .
188 3666 311 3702 praebuit
329 3670 401 3696 vrso.
475 3668 524 3705 Ipsi
543 3672 617 3695 etiam
631 3670 752 3696 Britanni
769 3670 909 3697 Caledonii
927 3671 1046 3701 dicuntur
1132 3685 1310 3712 ,CALENVS‚
1328 3687 1350 3709 a,
1370 3687 1424 3704 um.
1451 3678 1493 3708 Vt,
1507 3677 1578 3711 Ager
1590 3677 1702 3707 Calenus
1717 3679 1784 3708 Plin.
1797 3690 1850 3715 3,;.
1864 3689 1888 3709 ct
1895 3682 1992 3708 Vinum
2006 3681 2150 3716 Calenum

3 3715 6 3729 ¹.
46 3703 70 3715 '¹
199 3702 272 3729 Idem
291 3711 329 3737 10,
341 3714 381 3740 44
404 3705 505 3740 Qlinte
525 3704 684 3732 Caledonios
700 3705 784 3732 0οῖἆί
795 3706 885 3732 Visffl'e
897 3707 1044 3736 Britannos·
1127 3714 1175 3741 uod
1183 3715 1289 3751 absblute
1301 3718 1374 3741 etiam
1383 3713 1509 3740 Calenum
1527 3713 1620 3742 quen.
1636 3723 1657 3749 1,
1671 3718 1706 3749 69
1719 3718 1873 3754 appellatur:
1908 3716 2010 3743 Falcem
2023 3718 2149 3747 Calenam

42 3734 168 3765 :Mus
174 3738 293 3766 Oceanus
302 3740 360 3767 Val.
368 3741 406 3770 Fl.
416 3750 436 3774 1,
447 3746 470 3772 8·
489 3741 570 3769 Aliud
576 3739 610 3774 cst
626 3748 643 3768 C
650 3749 672 3768 A
682 3749 697 3768 L
706 3749 724 3768 Y
733 3748 751 3768 D
759 3747 778 3768 Ο
787 3747 809 3768 N
818 3749 828 3768 1
836 3748 857 3768 V
865 3749 878 3769 S
886 3762 895 3775 ‚
914 3742 1018 3782 dequos
1026 3747 1043 3772 Ι-
1052 3756 1100 3775 100
1109 3723 1177 3778 dixit
1184 3752 1251 3778 Hor.
1259 3752 1346 3778 Carm.
1355 3759 1375 3782 1,
1382 3757 1417 3782 31,
1425 3754 1450 3781 9.
1470 3749 1497 3775 Si
1509 3758 1570 3776 vera
1583 3748 1618 3784 est
1629 3753 1735 3789 vulgata
1748 3754 1805 3779 olim
1816 3751 1897 3778 Ιεέῗίο.
1918 3751 1966 3778 Sed
1974 3751 2086 3787 praestat
2094 3765 2149 3782 cum

1 3763 7 3774 ⁴
26 3798 33 3809 ‚
65 3768 142 3805 *12⁵1ss
151 3779 169 3800 F
177 3780 224 3801 Ac
233 3781 241 3800 1
250 3781 269 3801 o
278 3794 287 3807 ,
313 3782 330 3803 c
338 3783 361 3803 A
370 3783 437 3804 LE&
445 3784 468 3804 A
477 3784 494 3804 C
502 3784 524 3804 T
533 3783 552 3804 0
561 3797 570 3810 ,
588 3784 605 3806 c
613 3784 635 3804 A
644 3783 661 3803 L
671 3784 687 3804 E
696 3784 708 3804 S
718 3783 734 3804 C
743 3783 778 3809 O,
797 3775 851 3804 vid.
870 3784 888 3805 c
897 3785 917 3805 A
926 3786 942 3806 L
952 3785 1006 3808 OR·
1108 3787 1217 3814 Bentleio
1236 3788 1314 3823 legere
1332 3786 1452 3812 Premant
1465 3784 1591 3814 Calenam
1608 3787 1693 3820 falce,
1712 3787 1807 3822 quibus
1822 3787 1894 3813 dedit
1909 3787 2038 3819 Fortuna,
2055 3791 2146 3816 vitem.

69 3810 273 3846 lttftBNnAE,
293 3811 311 3837 s.
332 3819 548 3840 KALENDAE
577 3812 663 3849 (quod
679 3823 722 3840 nec
740 3812 850 3848 lapidum
868 3822 912 3840 nec
925 3815 1044 3843 librorum
1106 3823 1200 3849 Melius
1217 3819 1332 3858 profesto
1352 3820 1475 3848 Calenam
1488 3821 1588 3854 vitem,
1616 3832 1687 3859 quam
1707 3822 1944 3862 Calenam-falcem
1962 3823 2067 3851 dixeris.
2106 3826 2147 3858 5st

3 3858 6 3866 ι
40 3857 49 3875 4
72 3838 160 3870 oritate
169 3843 333 3881 destituitur)
347 3848 458 3877 amitus.
471 3849 540 3884 plur.
577 3846 733 3883 [καλάνδαμ
752 3848 889 3885 ἱερομηνία]
925 3849 1049 3888 dicuntur-‘¹
1123 3858 1202 3885 uidem
1223 3858 1274 3885 Od.
1287 3867 1304 3888 1,
1317 3865 1361 3889 20,
1375 3865 1392 3889 9
1409 3856 1488 3883 Prelo
1497 3857 1629 3885 'domitam
1642 3859 1740 3885 Caleno
1753 3859 1801 3884 Tu
1814 3857 1888 3883 bibes
1904 3867 1991 3886 vuam.
2027 3861 2075 3887 Sed
2087 3869 2144 3896 pre-

35 3879 61 3893 ”
101 3877 283 3917 ῥῖθ*,”“θ”.[ἷ“7”·
319 3883 425 3912 Nonius
443 3893 464 3917 ¹²
483 3893 518 3918 90
537 3885 712 3912 calendarum
729 3884 888 3912 vocabfllfflss
904 3887 1044 3922 Proprium
1090 3899 1095 3902 ’
1118 3903 1162 3921 um
1173 3901 1256 3929 nempe
1267 3891 1301 3926 est
1313 3895 1341 3918 in
1354 3901 1379 3918 eo
1392 3892 1460 3925 Ioco,
1474 3892 1518 3920 vbi
1529 3895 1578 3920 uua
1591 3897 1686 3921 creuit:
1705 3894 1759 3920 falx
1765 3893 1847 3929 facile
1860 3894 2027 3931 transfertur.

86 3926 90 3935 ‹
113 3912 264 3950 complexus
275 3916 334 3980 lest,
352 3918 385 3946 de
397 3920 459 3948 Vita
469 3921 532 3956 Pop.
544 3921 623 3949 Rom.
641 3920 688 3949 lib.
703 3929 724 3949 1.
742 3921 835 3956 Itaque
852 3920 965 3951 calendis
976 3923 1041 3952 cala-¹
1055 3933 1099 3961 105
1141 3937 1158 3958 c
1166 3937 1189 3958 A
1197 3937 1214 3956 1.
1222 3936 1239 3956 Ε
1248 3936 1268 3956 o
1277 3948 1286 3960 ‚
1303 3934 1333 3956 ,Ω
1341 3934 1363 3954 A
1371 3934 1387 3953 L
1397 3935 1414 3954 E
1423 3935 1436 3955 s
1444 3934 1489 3956 co
1495 3947 1505 3961 ,
1533 3928 1588 3957 vid.
1615 3935 1633 3958 c
1642 3937 1665 3958 A
1673 3937 1690 3957 1.
1700 3935 1719 3957 ο
1727 3935 1756 3956 R.

163 3957 242 3978 vol..
290 3972 298 3979 .
1259 3964 1290 3992 Τ
1308 3970 1318 3990 t
1336 3969 1346 3990 t
1365 3968 1377 3990 t
1438 3971 1443 3975 '
2056 3972 2141 3992 ΒΑΜ·
