2474 4182
296 193 363 229 791
704 171 738 209 C
808 169 846 207 Α
913 166 940 206 S
1769 160 1803 200 C
1888 163 1927 200 A
2005 162 2048 200 T
2354 179 2433 226 792}

298 264 406 292 Tibull.
424 272 446 295 ς,
459 273 486 297 4,
499 272 537 294 23.
607 259 730 287 Leftulus
751 255 835 283 Catul.
848 255 876 281 in
889 256 987 290 Argon.
1002 257 1045 288 62,
1059 260 1097 285 88.
1168 254 1234 280 Hor.
1249 252 1337 278 Carm.
1437 254 1454 275 c
1466 257 1486 276 A
1495 257 1516 277 T
1526 258 1546 277 A
1556 257 1572 277 B
1581 259 1602 278 A
1611 258 1661 278 ‘ru
1670 258 1695 278 M
1705 258 1725 278 v
1735 258 1748 278 s
1757 271 1764 283 ,
1783 250 1800 276 i.
1821 259 1856 276 m.
1894 248 2108 284 [Καταβαὲμᾶς]
2143 251 2296 289 Descenficm,
2311 231 2434 287 decliuieal

301 311 320 334 1,
336 310 373 333 12,
386 308 425 333 59.
497 300 544 324 Tu
559 305 649 331 parum
670 292 743 320 castis
759 292 867 318 inimica
881 292 965 318 mittis
980 291 1101 318 Fulmina
1117 290 1212 321 Lucis,
1237 296 1337 323 quorum
1400 292 1495 320 temque
1506 285 1638 320 fignificat.
1675 289 1807 322 Speciatim
1820 289 1857 312 ita
1871 292 1973 311 vocatur
1988 284 2061 310 Finis
2076 285 2248 321 Cyrenaicus,
2266 290 2395 325 Oppidum
2405 305 2418 322 e
2432 311 2446 320 ἱ,
2468 308 2474 310 .

292 335 420 374 JanHitas
433 336 528 361 violata
542 340 565 358 et
574 331 669 365 polluta
682 327 724 361 (st.
797 327 935 354 Claud..de
950 328 1025 362 Rapt.
1041 327 1156 359 Proserp.
1170 334 1192 357 3,
1208 326 1255 349 :06
1283 323 1338 348 Me·
1401 321 1478 347 vallis
1493 327 1600 360 repente
1614 331 1729 349 connexa
1743 330 1771 348 vt
1785 324 1822 348 ait
1836 321 1901 347 Plin.
1919 329 1941 353 ς,
1957 327 1978 352 5.
1989 327 2052 345 extr.
2080 320 2180 349 Sallust.
2194 324 2223 350 in
2236 325 2362 359 Iugurtha
2376 337 2402 365 ¹7
2416 342 2430 354 ,-,
2470 317 2474 322 ⁴

299 382 359 399 cum
372 372 477 398 somnus
492 375 562 398 erat,
581 366 694 399 castique
707 372 753 398 per
765 364 832 389 atria
846 363 919 396 ludi,
954 366 998 390 ΑΙ.
1018 363 1104 388 Cauti.
1125 362 1180 387 Cic.
1193 360 1224 386 dc
1243 358 1336 392 Arusp.
1404 357 1494 383 Africa
1508 363 1571 382 nnes
1585 356 1663 383 babet
1679 357 1712 384 ab
1725 358 1884 389 Occidente,
1903 356 2001 382 fretum
2022 355 2105 381 nostri
2122 359 2216 391 maris,
2228 368 2253 386 et
2272 363 2383 390 Oceani:
2399 351 2421 394 {i
2463 378 2474 395 ,1

301 409 375 442 Resp.
390 416 423 441 27
443 408 503 438 (ΕΟ
518 403 604 429 minus
619 399 764 440 cmnffimqs
778 399 855 425 ludos
869 399 944 426 omn-¹
957 399 1058 433 flagitio
1072 397 1204 436 pollueres
1214 416 1221 427 ‚
1243 394 1338 438 lejan-
1363 395 1376 421 5
1403 399 1464 418 ortu
1478 392 1539 418 solis
1554 391 1683 433 decliuem
1695 393 1878 432 latitudinem,
1892 401 1971 426 quem
1984 391 2070 417 locum
2080 392 2271 431 Catabathmon
2284 396 2382 425 incolae
2390 409 2420 437 ap
2456 408 2474 432 „q

300 442 426 479 &iffi-mm-
496 440 589 464 Manus
609 436 689 463 Qud,
703 435 781 470 Eplst,
795 443 838 467 20,
853 443 882 462 10
907 436 1032 471 Virginis.
1105 434 1215 459 Maritae
1228 450 1235 461 ‚
1255 429 1340 462 (astae
1402 428 1508 463 pellant.
1546 429 1575 453 [tt
1589 437 1609 453 c.
1625 436 1653 459 19
1674 428 1758 461 Igitur
1771 429 1803 455 ad
1816 428 2024 459 Catabathmon,
2044 436 2090 461 qui
2110 427 2182 454 locus
2196 430 2341 464 Aegyptum
2359 433 2389 461 ab
2401 421 2435 465 Al
2458 437 2474 466 ,ἦ

300 483 413 514 coniuges
435 475 504 500 Idem
522 473 586 499 fast.
601 481 626 504 2,
640 480 689 504 159.
762 472 858 497 Matres
878 471 952 504 Virg.
968 471 1032 496 Aen.
1046 474 1069 501 8,
1083 471 1140 499 665.
1206 468 1339 492 Matrona·
1402 465 1469 504 frica
1490 463 1602 494 diuidit,
1620 462 1733 489 secundo
1751 465 1819 491 mari
1838 465 1923 499 prima
1937 464 2040 495 Cyrene
2053 462 2103 494 est,
2119 463 2231 490 Colonia
2249 466 2392 504 Thereon,
2405 482 2427 500 ι..
2454 488 2458 494 .

300 525 358 542 rum
374 510 505 538 eniiffima
525 509 580 535 Cic.
596 508 627 534 de
642 509 686 534 Ar.
701 507 775 541 Resp.
790 516 811 532 c.
825 515 856 539 13.
927 506 999 532 idem
1014 514 1062 539 pro
1079 505 1154 530 Font.
1167 510 1198 528 22
1226 502 1283 527 Hoc
1296 509 1341 526 ve·
1404 501 1525 533 deinceps
1538 499 1604 524 duae
1616 498 1719 531 Syrtes,
1733 505 1779 524 etc.
2238 514 2241 517 .
2438 472 2474 531 sq

301 552 365 577 strae
379 553 476 574 mentes
492 552 543 571 tam
559 543 657 575 castae,
677 550 730 569 tum
743 543 860 577 integrae
877 541 924 568 sibi
938 541 1094 575 suscipient?
1121 542 1139 565 ι’.
1153 537 1230 573 mse,
1251 536 1341 563 admit-
1440 542 1456 563 c
1466 543 1485 561 A
1496 542 1517 561 ‘r
1527 542 1547 561 A
1558 541 1573 561 Β
1583 541 1626 561 01.
1636 542 1655 560 v
1666 542 1707 566 M,
1727 536 1766 560 vel
1785 540 1860 560 CA'r
1870 542 1891 561 A
1901 541 2000 561 avrv
2011 542 2035 560 M
2059 534 2077 560 i.
2099 543 2124 560 n.
2154 534 2326 570 Stabulum‚1·„
2343 529 2439 580 quos(
2454 535 2455 538 ’

299 592 359 612 tant.
431 581 554 608 Minerua
575 580 641 605 Hor.
657 579 743 606 Carni.
757 587 780 610 3,
794 587 817 610 3,
831 587 869 610 23.
942 578 1031 603 Mores
1052 575 1145 602 Claud.
1160 573 1241 600 Laud.
1253 573 1340 599 Seren.
1359 581 1387 599 10
1404 574 1462 603 rae,
1482 572 1521 597 vel
1535 570 1567 596 ad
1575 570 1836 605 mansueindincm,vel
1848 569 1881 595 ad
1893 570 2062 596 crudelitatem
2075 573 2101 595 in
2115 567 2433 607 bestiarios,erudichanem·⁵

300 629 341 653 29.
414 618 515 644 Nemus
530 615 626 642 castum
656 615 746 641 Tacit.
760 614 791 640 de
805 615 875 640 Mor.
891 613 980 639 Germ.
996 621 1043 645 40,
1063 614 1080 637 i.
1089 609 1214 647 santium.
1266 609 1341 642 Virg.
1405 611 1432 634 in
1446 606 1512 633 aclis
1525 614 1662 640 martyrum
1674 605 1740 640 apud
1754 606 1872 640 Congium
1887 609 2003 632 occurrit.
2041 606 2145 640 Papias,
2160 606 2315 635 Catabulum
2329 593 2439 642 clauim-25⁹,

300 658 364 683 Aen.
379 662 401 686 3,
414 661 468 686 409
487 653 542 678 l-lac
555 651 751 677 castimaneant
765 651 792 676 in
812 649 954 683 relligione
974 648 1100 681 Nepotes.
1172 644 1263 672 Pee'tus
1284 644 1342 670 Seu.
1407 643 1579 673 animalium,
1590 641 1637 667 vbi
1656 640 1882 675 desupcraliquid
1895 641 1998 668 iacitur.
2036 643 2143 668 Deriuat
2164 651 2221 677 ergo
2235 652 2250 669 a
2267 641 2442 679 noeroessoimsti·

299 690 408 725 Hippol.
424 697 474 720 130.
545 686 656 721 Populus
676 687 765 720 frugi,
791 685 873 711 castus
887 683 1103 718 verecundusque
1130 682 1196 708 Hor.
1207 681 1343 706 Artffloet.
1408 678 1454 705 Seii
1467 680 1556 716 Petrus
1566 679 1689 717 ⁸Damiani
1703 676 1781 711 Epist.
1800 685 1836 708 12,
1853 681 1876 705 18
1892 685 1916 710 p.
1926 681 1975 708 238,
1987 684 2011 704 et
2023 685 2046 710 ς,
2062 686 2071 703 1
2087 687 2111 712 p,
2122 682 2167 710 339
2180 678 2353 713 Captabulum
2364 683 2425 711 hab*

299 730 360 754 206.
432 725 522 750 Preces
547 722 639 749 Claud.
659 721 691 748 de
706 722 788 756 Nupt.
802 722 872 747 Hon.
893 726 918 746 et
931 721 998 746 Mar.
1012 728 1050 746 22.
1121 718 1178 744 Cic.
1197 717 1228 742 de
1240 717 1342 741 Inuent.
1408 715 1473 749 quast
1489 723 1504 739 a
1516 712 1644 747 capiendo
1664 713 1703 738 ve!
1716 712 1843 746 captando
1859 712 1989 738 diceretur.
2024 713 2071 740 Sed
2088 713 2122 740 ad
2139 717 2248 740 iumenta
2267 724 2354 752 quoque
2365 695 2444 754 pergil

300 771 324 795 2,
342 770 385 794 114
403 759 520 786 Praemia
533 758 639 785 virtutis
653 764 678 784 et
691 756 775 784 officii
790 756 875 782 saucia
889 762 915 782 et
927 755 992 782 casta
1006 757 1053 781 esse
1068 760 1200 788 oportere.
1257 749 1344 775 Pudor
1363 756 1388 782 ις
1408 758 1464 775 nere
1478 747 1582 782 ostendit
1596 757 1688 779 nomen,
1698 745 1858 783 quodstatim
1865 747 2048 783 subiungimus,
2056 749 2203 785 videturque
2216 750 2281 777 nihil
2293 754 2426 786 commodi„

299 797 380 825 Ouid.
394 796 426 822 de
440 797 503 822 Arte
516 795 574 821 Am.
591 803 610 826 1,
625 803 679 820 100.
741 792 842 819 Puellae
861 791 934 818 Idem
947 793 1011 817 Met.
1026 800 1040 816 2
1049 810 1056 822 ,
1076 798 1126 824 7¹¹·
1188 787 1262 825 Virg.
1276 788 1341 825 Aen.
1409 794 1479 821 quam
1493 794 1508 810 a
1521 783 1692 815 καταβάλλων
1706 783 1836 823 deducere,
1849 790 1968 818 quatenus
1979 783 2126 819 imponere,
2138 794 2250 812 onerare
2257 785 2398 824 fignificat:
2419 805 2425 831 ι
2440 802 2443 805 *

300 836 326 866 6,
340 836 387 859 661
407 832 515 865 Qiique
534 830 682 857 Sacerdotes
702 829 780 861 casti,
807 828 869 854 dum
889 828 944 854 vita
964 826 1093 852 manebat.
1166 822 1250 861 Sacris
1270 820 1345 846 castis
1443 827 1518 847 CAT
1527 827 1548 846 A
1559 827 1574 847 Β
1584 827 1629 846 VL
1638 826 1654 846 Ε
1664 827 1684 846 N
1693 827 1705 846 s
1717 827 1725 845 1
1735 826 1747 846 s
1757 839 1764 851 ,
1785 828 1814 845 is.
1831 828 1867 844 m.
1890 820 1940 854 Ql'
1953 823 2068 846 oneraria
2081 827 2104 846 et
2117 821 2271 848 catabolaria
2283 825 2407 854 iumeneag·

299 868 422 896 accedere
441 868 503 893 Stat.
517 865 602 892 Achil.
617 872 707 899 1‚370.
779 863 857 898 Signa
882 866 899 889 i.
920 864 996 898 Signa
1020 859 1146 893 castitatis
1177 856 1260 884 Ouid.
1276 857 1341 883 Met.
1409 856 1496 882 cebant
1519 863 1544 882 et
1568 856 1689 882 curabant
1714 854 1858 881 Caffiodor.
1881 854 1960 888 Epist.
1975 863 1995 887 3,
2011 863 2040 881 10
2067 857 2218 889 Marmora,
2239 866 2307 892 quae
2324 855 2396 888 de'd'
2448 874 2449 877 ,

298 913 326 940 7,
340 912 396 939 723.
453 902 556 929 Taedis
575 901 648 928 castis
663 900 769 927 adolere
781 900 874 926 altaria
891 899 962 931 Virg.
976 898 1041 922 Aen.
1057 903 1084 929 7,
1099 902 1138 928 71.
1203 894 1343 927 Tempora
1408 892 1531 918 Pinciana
1552 891 1650 917 constat
1670 892 1719 917 esse
1740 890 1870 925 deposita,
1891 889 1922 916 ad
1935 891 2115 918 Rauennatem
2131 891 2226 919 vrbem
2237 902 2285 927 per
2297 894 2333 921 Ca
2349 914 2351 917 .
2447 888 2463 902 '²

299 940 463 967 sacerdotum
484 938 566 965 Ouid.
580 937 645 963 Fast.
661 945 686 969 2,
700 939 742 962 26.
796 936 890 961 'sorus
909 931 1002 959 Claud.
1015 932 1043 957 in
1057 939 1095 964 pr.
1105 930 1183 956 Cons.
1193 928 1292 955 Stilich.
1308 937 1342 960 33.
1358 932 1393 950 20
1408 929 1445 954 ses
1465 927 1549 954 vestra
1570 927 1738 954 ordinatione
1759 926 1916 960 dirigantur.
1953 926 2026 953 Idem
2043 927 2123 962 Epist.
2143 937 2171 960 4,
2190 935 2226 963 47
2252 929 2344 966 Qinq
2459 927 2466 934 '

298 977 422 1008 Turtur‚
440 974 541 1001 Auctor
554 973 677 999 carminis
692 972 723 998 de
735 970 888 998 Philomela.
949 968 1037 992 Venus
1050 975 1104 992 non
1118 965 1185 991 casta
1205 965 1262 991 Scn.
1277 965 1343 998 Hip·
1407 963 1555 990 solidorum
1576 962 1701 989 muletam
1722 963 1775 989 iam
1795 971 1850 988 non
1872 961 2025 988 veredarius
2038 981 2045 993 ‚
2070 963 2113 990 sed
2138 963 2308 992 catabolenfin
2326 968 2382 994 ιιι-“
2416 983 2430 993 ..

298 1012 350 1047 pol.
366 1020 422 1045 237.
495 1008 625 1036 Verbenis
640 1008 712 1034 castis
724 1006 812 1033 vineia
826 1013 869 1030 ara
889 1004 955 1029 Hor.
970 1003 1058 1029 Carm.
1072 1011 1099 1035 4,
1114 1010 1148 1033 11,
1162 1003 1187 1027 6.
1259 999 1341 1027 Ouid.
1408 1000 1503 1026 Horum
1516 998 1675 1035 collegiumfi
1688 1006 1777 1033 corpus
1791 1001 1818 1024 in
1832 998 1970 1033 vrbe-suit,
1984 1007 2013 1023 ex
2029 998 2154 1025 libertinis
2174 1000 2313 1027 hominibus
2329 1011 2351 1028 c
2402 1000 2405 1002 ’
2440 1003 2441 1006 ’
2459 999 2462 1003 ’

298 1057 330 1075 ex
345 1048 417 1074 Pont.
433 1055 453 1079 1,
466 1051 512 1078 1,-8
533 1046 587 1077 Ite,
606 1050 674 1078 patet
688 1042 760 1068 castis
774 1039 890 1067 versibus
904 1038 949 1065 ille
964 1038 1047 1065 locus.
1118 1038 1176 1064 Cic.
1196 1045 1244 1071 pro
1266 1037 1340 1062 Rosc.
1407 1035 1472 1071 quod
1485 1038 1510 1061 in
1524 1038 1597 1061 titulo
1611 1035 1641 1060 C.
1654 1034 1763 1061 Theod.
1777 1033 1809 1060 de
1822 1033 1965 1068 pistoribus
1981 1039 2006 1060 et
2013 1033 2231 1062 Catabulenfibus
2244 1046 2298 1063 cum
2310 1037 2375 1072 pist
2402 1029 2430 1063 ’Ψ
2459 1042 2464 1050 ’

299 1085 376 1111 Com.
389 1091 416 1117 17
430 1092 451 1109 c.
464 1084 480 1108 6
507 1082 540 1107 Vt
555 1081 622 1114 ignis
640 1080 667 1104 in
680 1086 775 1111 aquam
789 1074 923 1101 coniectus
936 1075 1064 1100 continuo
1077 1073 1250 1107 restinguitur
1263 1079 1288 1098 et
1302 1081 1341 1098 re·
1405 1074 1576 1106 coniungitur.
1619 1070 1677 1097 VId.
1699 1071 1782 1097 Cuiac.
1797 1069 1854 1106 Ohs
1870 1071 1908 1103 16,
1924 1076 1945 1102 5.
1965 1076 1989 1095 et
2003 1069 2169 1106 Gotho-suad
2187 1071 2217 1098 C.
2230 1071 2339 1100 Theod.
2382 1068 2383 1071 ¹
2427 1063 2442 1100 7.

298 1120 458 1154 stigmatum
479 1117 511 1143 sic
529 1117 663 1143 referuens
683 1113 776 1138 falsum
795 1111 896 1137 crimen
917 1111 945 1136 in
959 1110 1117 1145 purissimam
1138 1115 1163 1135 et
1182 1108 1343 1135 castissimam
1359 1107 1423 1135 251.
1444 1115 1460 1139 9
1486 1113 1508 1132 et
1534 1115 1572 1132 10.
2368 1104 2371 1106 ’
2427 1072 2439 1144 ΙΙ

297 1156 381 1182 vitam
395 1154 520 1180 collatum
532 1151 617 1178 statim
637 1148 753 1175 concidit
772 1153 798 1173 et
811 1146 995 1181 extinguitur?
1064 1145 1160 1172 Vultus
1180 1144 1261 1171 Ouid.
1277 1145 1342 1170 Met.
1444 1138 1692 1174 CATAEOl.i⁴Cvs,
1712 1150 1743 1174 a,
1763 1150 1818 1167 um.
1835 1140 1895 1167 Adi.
1913 1139 1958 1167 Ad
1967 1140 2134 1177 verbum,qui
2149 1141 2251 1169 deiicere
2270 1149 2348 1180 etpro
2374 1164 2376 1166 .
2427 1138 2430 1153 ¹

299 1201 325 1225 4,
339 1196 398 1225 798.
471 1189 497 1214 Si
530 1186 675 1220 quidquam
700 1184 791 1209 animo
823 1189 870 1209 tuo
894 1181 1003 1216 cupisti,
1036 1181 1117 1215 Qiod
1141 1180 1246 1207 Castum
1268 1188 1343 1214 expe·
1403 1177 1476 1214 solet.
1514 1177 1633 1204 Tertull.
1648 1177 1679 1203 de
1694 1178 1789 1203 Anima
1801 1182 1832 1207 28
1851 1176 1951 1203 Scimus
1966 1185 2055 1211 magos
2069 1177 2164 1204 elicere
2183 1178 2350 1213 explorandi·
2367 1183 2390 1203 ἰ,

299 1233 365 1254 teres
378 1232 404 1252 et
419 1223 570 1257 integellum
591 1219 687 1247 Catull.
704 1222 743 1252 16,
755 1228 783 1252 4.
844 1218 901 1244 Cic.
915 1218 997 1244 Tusc.
1014 1226 1034 1250 1,
1049 1225 1083 1252 72.
1097 1227 1118 1243 c.
1133 1226 1164 1249 30
1185 1217 1241 1250 Qli
1256 1223 1344 1242 autem
1409 1215 1442 1240 tis
1456 1213 1616 1240 catabolicos
1630 1219 1656 1239 et
1670 1213 1794 1247 paredros
1813 1218 1838 1239 et
1854 1211 2011 1247 pythonicos
2027 1213 2142 1247 spiritus.
2179 1214 2222 1241 Sic
2233 1216 2296 1252 legit
2307 1216 2338 1243 Sa
2383 1242 2385 1244 ,

300 1264 324 1289 se
339 1262 454 1292 integros
468 1258 601 1292 castosque
609 1253 1009 1289 seruauissent,quibusque,etc.
1045 1253 1117 1279 Idem
1126 1262 1174 1287 pro
1183 1253 1257 1278 Rosc.
1266 1253 1344 1278 Com.
1411 1250 1540 1284 spartian.
1554 1249 1662 1275 Adrian.
1679 1257 1709 1282 14
1724 1258 1746 1283 p.
1760 1255 1868 1284 141.pro
1887 1250 2005 1284 vulgato,
2019 1248 2101 1275 licere
2136 1264 2182 1270 -—
2217 1259 2264 1285 per
2283 1250 2382 1279 catab.

298 1307 325 1325 21
340 1307 361 1323 c.
370 1305 385 1331 7
396 1290 516 1321 'Roscius
530 1293 658 1319 Fannium
666 1291 815 1327 fraudmn't.
853 1290 926 1324 Qud
935 1289 970 1316 est
983 1289 1051 1315 hoc?
1070 1288 1171 1315 Probus
1181 1287 1345 1323 improbum,
1364 1294 1396 1319 30
1409 1292 1432 1311 et
1446 1285 1566 1322 intelligit
1580 1295 1617 1311 eos
1624 1285 1748 1320 spiritus,
1769 1286 1812 1320 qui
1826 1291 1872 1319 per
1885 1287 2034 1319 arrepticios
2046 1291 2069 1310 et
2091 1294 2262 1321 energumenos
2274 1286 2369 1323 futura'
2381 1291 2391 1311 f.
2405 1296 2421 1316 ,a
2435 1300 2437 1302 -

298 1332 396 1368 pudens
410 1329 608 1364 impudentem,
626 1328 762 1362 periurum
776 1325 867 1353 castus.
929 1325 1017 1358 Casti,
1038 1323 1279 1361 quifidemseruant
1298 1322 1344 1350 Sil.
1410 1321 1539 1354 dicebant,
1559 1330 1618 1356 quos
1639 1321 1788 1355 raptabant,
1804 1319 1952 1345 deficiebant
1970 1326 1994 1346 et
2006 1320 2061 1356 solo
2081 1319 2233 1357 affligebant.
2281 1323 2375 1351 Habet.
2402 1319 2437 1349 'ff'

299 1378 318 1401 ι,
333 1373 379 1402 43ι
449 1365 524 1392 Casta
544 1364 645 1399 placent
658 1363 757 1397 superis
788 1361 858 1389 Tib.
874 1370 897 1395 ε,
914 1370 934 1394 ι,
951 1369 983 1393 13.
1060 1361 1188 1386 Finiamus
1208 1359 1346 1395 obseruatis
1411 1357 1531 1391 Fulgent.
1552 1356 1700 1391 Virgiliana
1720 1356 1827 1383 Contin.
1845 1365 1870 1390 p.
1883 1364 1930 1389 142
1951 1355 2055 1382 Munck.
2071 1358 2181 1383 obicum
2192 1359 2254 1384 aliis
2265 1359 2340 1396 Magi
2358 1361 2364 1368 ⁴
2427 1353 2431 1374 ¹·

296 1406 399 1438 reliquis
425 1402 498 1428 Non.
514 1409 541 1433 4,
556 1405 587 1435 87
613 1401 718 1431 Varro,
741 1399 810 1433 Ergo
826 1404 884 1424 tum
898 1398 999 1429 sacrae,
1026 1396 1184 1431 religiosae,
1209 1395 1345 1429 castaeque
1408 1393 1523 1429 pleribus
1546 1393 1663 1419 laudatur
1684 1391 1836 1426 campester
1852 1392 1881 1417 in
1899 1391 2075 1423 Catabolicis,
2094 1392 2334 1429 infernalibusque.
2397 1388 2400 1392 ’

297 1441 406 1466 fuerunt
419 1446 459 1464 res
473 1445 573 1463 omnes.
645 1435 765 1466 Castum,
786 1443 800 1460 a
816 1434 894 1460 furtis
915 1439 940 1459 et
954 1433 1053 1467 rapinis
1074 1431 1221 1464 abstinens,
1248 1432 1345 1463 Varro,
1410 1438 1465 1455 rum
1485 1428 1565 1454 eadem
1578 1428 1637 1464 fere
1657 1431 1754 1454 ratione
1767 1427 1934 1454 Catabolicos
1947 1427 2059 1464 spiritus
2077 1430 2245 1463 explicauerat
2262 1431 2343 1459 Turn.

297 1477 355 1504 Nec
379 1483 471 1501 manus
492 1473 565 1498 visco
588 1471 674 1497 tenaci
699 1471 815 1497 tinxerat
833 1469 889 1496 viri
911 1468 987 1495 casta.
1041 1467 1147 1499 Castus,
1171 1467 1279 1499 Suauis,
1305 1462 1345 1493 iu-
1364 1474 1394 1501 35
1410 1463 1622 1491 Procatabolicos
1646 1464 1715 1499 apud
1732 1463 1936 1490 Tertullianum
1954 1473 1969 1488 a
1989 1464 2088 1490 Gelenio
2106 1471 2130 1490 et
2150 1465 2193 1492 Fr.
2216 1466 2289 1493 Iunio
2301 1465 2369 1503 subst

297 1511 406 1539 cundus.
478 1510 564 1534 Varro
578 1507 755 1538 Parmenone,
776 1505 902 1532 Demittis
923 1513 993 1531 acres
1006 1503 1115 1538 pessore
1135 1502 1221 1529 luetus
1230 1523 1238 1536 ,
1258 1508 1347 1535 cantu,
1412 1509 1472 1537 quor
1480 1500 1572 1535 probat
1591 1499 1685 1534 Vaffius
1698 1503 1725 1526 in
1742 1501 1845 1534 Etymol.
1860 1506 1967 1526 euertere
1980 1498 2080 1525 uidetur
2094 1500 2257 1534 Fulgentius.
2326 1528 2334 1533 .
2377 1504 2410 1534 ist*

297 1547 415 1581 castaque
434 1543 515 1571 Po‘e'fi.
1448 1543 1465 1563 c
1475 1543 1525 1563 AT
1536 1543 1557 1562 Λ
1567 1541 1584 1562 C
1596 1542 1612 1562 E
1623 1541 1640 1562 C
1651 1543 1673 1562 A
1682 1542 1736 1562 VM
1745 1542 1791 1562 EN
1801 1542 1817 1562 E
1831 1555 1840 1568 ,
1862 1544 1897 1561 es.
1922 1535 1942 1561 f.
1977 1534 1990 1568 [
2004 1535 2213 1570 Κατακεκοιυμένη
2224 1540 2236 1571 ]
2272 1538 2387 1566 Maean·
2424 1553 2437 1559 .,

335 1589 352 1609 c
363 1589 383 1608 A
394 1588 406 1608 s
416 1588 436 1607 Τ
448 1587 466 1606 ν
478 1586 503 1606 Μ
515 1598 524 1611 ,
543 1578 562 1603 i.
582 1586 607 1603 n.
628 1577 669 1603 vel
685 1582 752 1603 CAS
762 1582 853 1607 Tvs,
875 1574 914 1602 ἃς.
933 1584 968 1601 m.
990 1575 1126 1601 Dicebatur
1139 1574 1179 1600 ille
1190 1575 1279 1605 Ritus,
1300 1583 1347 1610 quo
1409 1575 1470 1607 gia,
1483 1580 1532 1598 non
1546 1572 1637 1606 procul
1653 1571 1683 1597 ab
1697 1571 1804 1607 ΕΡῆςῙο,
1817 1570 1947 1597 arboribus
1964 1580 2068 1604 carens,
2083 1574 2135 1598 vite
2153 1579 2269 1608 excepta,
2299 1583 2342 1601 uae
2357 1582 2384 1613 g
2424 1571 2438 1611 'l

298 1622 325 1645 ι’·ιι
334 1618 420 1653 sacris
435 1614 524 1650 (fidis,
542 1614 654 1644 Cereris,
682 1613 779 1638 Matris
796 1610 873 1638 Deum
893 1621 909 1637 a
922 1613 999 1637 certis
1016 1611 1078 1636 cibis
1096 1618 1120 1636 et
1139 1612 1242 1637 Ventris
1261 1610 1305 1646 vsu
1319 1609 1349 1645 ste
1405 1607 1526 1642 Jifflmum
1537 1608 1598 1643 fert
1617 1610 1718 1638 vinum,
1743 1606 1809 1642 qnod
1825 1608 2063 1640 κατακεκαυμενίτην
2081 1609 2217 1642 appellant.
2244 1583 2302 1637 Vig.
2323 1604 2403 1639 Strati«
2414 1614 2437 1640 1·

298 1653 461 1688 abstinebant.
496 1652 583 1676 Varro
596 1648 662 1683 apud
676 1647 799 1674 Nonium
812 1655 835 1679 3,
845 1654 878 1680 45
905 1647 936 1673 Et
949 1647 1093 1681 religiones
1111 1652 1137 1672 et
1151 1645 1233 1672 castus
1247 1645 1275 1672 id
1290 1646 1347 1680 pos.
1358 1654 1395 1679 40
1412 1644 1519 1670 Vitruu.
1533 1651 1559 1676 2,
1573 1645 1590 1669 6
1607 1642 1637 1669 Id
1651 1648 1739 1669 autem
1752 1651 1832 1677 genus
1846 1643 1970 1676 spongiae
1984 1639 2132 1678 (pumicis)
2146 1652 2200 1670 non
2214 1644 2242 1671 in
2255 1645 2348 1673 omnib
2373 1640 2438 1694 ‚3433'

2385 1685 2402 1695 *lv
2436 1690 2438 1695 ι

2403 1064 2435 1241 &diffie-Qu
2407 993 2429 1026 2¹.

2405 1245 2423 1263 »A

2410 1280 2422 1295 :e

2399 1449 2401 1451 ⁵
2395 1314 2423 1407 “idi-u

300 1692 373 1721 suns,
397 1694 425 1714 vt
442 1695 474 1712 ex
496 1684 614 1719 periculo
632 1683 755 1722 eripiant·
766 1692 823 1709 nos.
893 1683 1007 1709 Graecus
1022 1682 1103 1709 castus
1131 1681 1197 1709 Idem
1210 1681 1277 1717 opud
1290 1682 1348 1708 No·
1413 1679 1544 1711 nascitur,
1558 1678 1607 1704 nifi
1624 1678 1723 1704 circum
1737 1679 1866 1710 Aetnam,
1879 1684 1905 1704 et
1920 1677 2033 1704 collibus
2046 1679 2158 1712 Mysiae,
2172 1680 2220 1715 qui
2235 1689 2251 1707 a
2263 1680 2373 1709 Gracts'

299 1727 375 1752 nium
389 1732 412 1755 3,
428 1730 459 1754 45
486 1721 528 1746 vbi
547 1728 637 1754 quoque
655 1719 757 1744 Naeuii
775 1717 861 1752 versit:
880 1718 931 1744 Res
952 1718 1026 1744 diuas
1040 1718 1137 1750 edicit,
1164 1717 1293 1752 praedicit
1307 1726 1348 1743 ca·
1413 1716 1553 1747 κεκαυμένη
1567 1714 1749 1740 nominantur.
1787 1714 1857 1740 Hinc
1875 1722 1933 1750 ergo
2363 1708 2410 1743 «f.-

299 1762 359 1788 stus.
433 1755 595 1790 Multiplices
611 1753 691 1780 castus
705 1759 730 1780 et
743 1753 921 1779 caerimoniae
941 1754 1011 1779 Gell.
1021 1763 1059 1786 10,
1067 1761 1101 1786 ις.
1158 1753 1211 1779 ΕίΓε
1224 1753 1252 1778 in
1269 1752 1347 1778 Casto
1450 1756 1467 1776 C
1476 1756 1497 1775 A
1506 1756 1527 1775 Τ
1537 1755 1559 1775 Α
1568 1756 1585 1775 c
1594 1756 1611 1775 E
1621 1755 1637 1775 C
1645 1756 1667 1775 A
1675 1755 1696 1774 v
1705 1755 1729 1774 M
1738 1755 1756 1775 Ε
1765 1756 1788 1775 Ν
1798 1756 1807 1775 1
1816 1756 1863 1775 ΤΕ
1872 1756 1884 1776 s
1892 1769 1900 1780 ,
1922 1757 1962 1776 ae.
1982 1757 2018 1775 m.
2047 1750 2136 1776 Vinum
2147 1751 2303 1787 generosum,
2317 1743 2415 1789 φής..

300 1794 422 1826 Cereris,
453 1796 471 1818 i.
493 1792 577 1818 Cereri
596 1791 702 1825 operari.
732 1788 797 1815 Fest.
817 1791 844 1813 in
863 1788 936 1814 verbo
950 1789 1094 1815 Minuitur.
1146 1788 1267 1815 Ter-tull.
1288 1787 1348 1814 adu.
1412 1784 1482 1811 modo
1493 1785 1567 1810 colles
1579 1787 1607 1809 in
1620 1782 1704 1817 Myfia
1711 1783 1863 1818 producunt.
1899 1784 1958 1810 Post
1969 1784 2034 1811 haec
2045 1785 2189 1814 audieritas
2202 1788 2386 1816 Catacecaum
2398 1770 2422 1811 ιζ

300 1831 387 1864 Psych.
403 1831 420 1856 s.
436 1829 468 1855 de
481 1828 565 1854 Ieiun.
578 1836 599 1852 c.
619 1827 655 1851 16.
665 1824 712 1861 sub
723 1823 775 1860 fin.
813 1822 862 1850 Sed
880 1822 948 1849 bene
969 1823 1042 1857 quod
1060 1824 1089 1849 in
1108 1824 1203 1850 nostris
1218 1822 1348 1857 xeropha-
1366 1827 1399 1853 45
1413 1820 1480 1847 Plin.
1497 1828 1537 1852 14,
1552 1827 1576 1854 7.
1613 1818 1719 1844 Vitruu.
1732 1823 1756 1850 8,
1769 1826 1791 1850 3.
2012 1827 2015 1832 ·

2436 1713 2441 1756 l

2423 1757 2445 1881 ‘l

300 1869 351 1904 giis
364 1863 537 1900 blasphemias
550 1863 686 1896 ingerens,
706 1859 776 1886 casto
797 1858 872 1885 Isidis
884 1864 909 1885 et
922 1858 1036 1890 Cybeles
1050 1867 1091 1885 eas
1105 1859 1243 1893 adaequas.
1279 1858 1348 1885 Add.
1449 1863 1466 1883 C
1476 1861 1558 1882 A‘rA
1567 1860 1585 1881 C
1595 1860 1644 1880 HR
1653 1855 1669 1880 E
1678 1861 1690 1880 s
1700 1861 1709 1880 1
1719 1861 1731 1880 S
1745 1873 1754 1886 ‚
1779 1853 1811 1879 is.
1836 1851 1857 1879 f.
1893 1852 2088 1888 [καεταίχρησις]
2123 1856 2166 1882 Est
2184 1858 2327 1893 vsurpatjo
2342 1854 2414 1887 nmffi

299 1905 363 1933 Scal.
379 1899 520 1929 Conieffian.
534 1898 567 1925 ad
584 1898 692 1924 Varron.
707 1905 731 1931 p.
748 1900 802 1929 148.
826 1894 918 1922 Theod.
934 1895 1033 1921 Canter.
1047 1895 1108 1920 Var.
1123 1893 1192 1919 Lea.
1207 1902 1278 1926 2,21.
1415 1891 1510 1917 alieni:
1530 1896 1559 1916 vt
1572 1898 1654 1924 quum
1668 1888 1826 1923 parricidam
1838 1887 1961 1921 dicimus,
1970 1889 2017 1922 qui
2031 1889 2130 1916 occidit
2142 1892 2267 1920 fratrem:
2284 1902 2311 1921 et
2322 1892 2425 1930 pisci'mv

335 1946 352 1967 c
361 1946 381 1965 A
391 1945 404 1965 s
414 1944 435 1964 T
444 1944 453 1962 1
463 1942 484 1961 T
493 1936 515 1962 V
524 1941 542 1961 D
551 1941 570 1960 O
581 1953 589 1966 ‚
606 1933 668 1959 inis.
687 1931 707 1959 f.
744 1932 756 1965 [
768 1930 870 1964 οἶγνότης
884 1931 896 1965 ]
933 1929 1001 1957 Idem
1020 1929 1086 1966 quod
1095 1928 1211 1963 castitas.
1247 1928 1352 1960 Accius,
1416 1933 1484 1960 quae
1498 1926 1579 1959 pisces
1595 1933 1650 1950 non
1663 1924 1750 1950 habet.
1787 1924 1860 1950 Haec
1875 1923 1963 1956 enim,
1976 1923 2024 1950 nisi
2039 1925 2198 1952 extrinsecus
2215 1929 2350 1957 sumerent
2383 1932 2423 1958 sut
2444 1947 2446 1949 ·

302 1975 345 2004 Ibi
363 1975 417 2005 fas,
435 1971 474 1999 ibi
488 1969 610 1997 cundiam
625 1967 762 2002 antiquam
778 1966 962 1993 castitudinem
983 1966 1090 1992 Nonius
1104 1973 1130 1998 2,
1146 1973 1201 1999 ¹24·
1415 1960 1578 1987 vocabulum
1598 1968 1652 1986 non
1671 1958 1808 1985 haberent.
1845 1959 1914 1984 Haec
1924 1958 2051 1988 Donatus.
2086 1961 2160 1996 Virg.
2179 1963 2244 1990 Aen.
2262 1971 2295 1999 7,
2314 1951 2370 1999 ¹⁶4,
2405 1967 2421 1993 Α
2442 1961 2444 1966 .

337 2017 405 2038 cAS
415 2005 541 2035 Ti'rAs
554 2025 563 2037 ³
590 2004 647 2030 atis.
673 2003 693 2028 f·
731 2003 743 2036 [
756 2001 874 2035 οἶννότης,
897 2000 1051 2037 σωφροσύνη]
1089 2002 1120 2028 Et
1128 2000 1255 2037 pudicitia
1270 1997 1312 2033 est,
1328 2005 1352 2026 et
1368 2002 1400 2029 30
1416 2005 1488 2023 acres
1507 1996 1618 2022 tendunt
1638 2003 1721 2021 arcus.
1762 1994 1811 2020 Vbi
1827 1993 1950 2026 Seruius,
1963 1995 2059 2028 Aci-es,
2075 1996 2165 2024 fortes.
2183 2004 2210 2025 ct
2229 1998 2265 2025 cst
2284 1998 2420 2029 Cataehret

301 2048 349 2074 reli
368 2043 420 2080 iasa
437 2041 574 2073 munditia,
588 2046 611 2066 et
628 2040 740 2074 puritas.
783 2036 840 2063 Cic.
856 2036 888 2062 de
902 2036 995 2069 Legib.
1010 2045 1035 2068 2,
1050 2045 1084 2069 29
1106 2046 1127 2063 c.
1141 2045 1165 2062 12
1202 2035 1295 2062 Vestae
1308 2044 1351 2062 co-
1417 2041 1479 2059 nam
1494 2031 1643 2059 acrimonia
1662 2029 1758 2057 mentis
1778 2029 1823 2056 est.
1851 2028 1964 2069 festus,
1977 2030 2150 2065 Catachresis,
2163 2038 2254 2068 tropus
2271 2035 2308 2061 est
2333 2045 2382 2064 „03
2395 2037 2421 2064 a}
2435 2028 2440 2054 l

303 2055 395 2109 leugae
406 2078 523 2112 virgines
537 2074 665 2110 praesint,
685 2079 714 2099 vt
750 2087 796 2093 —
833 2071 945 2098 sentiant
958 2071 1099 2103 mulieres,
1119 2072 1149 2097 in
1166 2077 1259 2097 natura
1273 2072 1351 2098 semi-
1417 2068 1519 2095 sionem
1536 2067 1662 2094 dicimus:
1685 2075 1767 2101 quum
1787 2065 1882 2091 alienis
1901 2063 2037 2092 abutimur
2055 2067 2165 2100 perinde
2182 2076 2210 2094 ae
2228 2056 2359 2104 proprj'j.‚
2377 2081 2421 2105 qu,

302 2125 397 2144 narum
411 2121 520 2141 omnem
534 2110 677 2137 castitatem
689 2108 754 2143 peti.
804 2107 859 2134 Peti
874 2107 1023 2138 Lambinus,
1044 2106 1111 2142 quod
1122 2112 1187 2132 certe
1201 2106 1353 2141 intelligitur
1417 2104 1527 2138 propria
1540 2103 1677 2130 deficiunt.
1713 2102 1769 2129 Cic.
1784 2101 1813 2128 in
1826 2101 1902 2127 Orat.
1916 2108 1953 2134 94
1966 2107 2028 2135 c.27
2046 2101 2200 2129 Aristoteles
2212 2110 2300 2131 autem
2312 2107 2424 2135 translan

303 2154 404 2183 melius,
425 2158 495 2185 quam
509 2147 564 2182 pati
579 2147 764 2172 Gruterianum.
817 2144 938 2170 Metuens
955 2142 1065 2168 alterius
1079 2141 1133 2168 viri
1151 2146 1225 2167 certo
1244 2141 1355 2167 foedere
1417 2139 1446 2164 ni
1464 2139 1527 2168 haec
1547 2139 1601 2172 ipsa
1623 2137 1775 2172 subiungit,
1795 2143 1822 2163 et
1835 2135 2003 2169 abusionem,
2021 2145 2101 2171 quam
2123 2137 2275 2173 xardxpnm
2292 2147 2423 2172 vocant-A

305 2189 405 2215 castitas
425 2186 492 2212 Hor.
508 2184 596 2210 Carm.
609 2189 632 2214 3,
646 2189 691 2213 24,
705 2188 747 2206 22.
854 2175 875 2215 ff
887 2186 903 2204 2.
922 2179 972 2205 Pro
984 2179 1038 2204 Dea
1052 2176 1160 2204 Pallade.
1178 2175 1278 2203 Arbori
1291 2175 1354 2202 huic
1372 2175 1402 2203 55
1418 2181 1501 2207 quum
1515 2173 1652 2198 Minutum
1665 2172 1777 2198 dicimus
1790 2172 1910 2198 animum
1924 2180 1973 2206 pro
1985 2172 2073 2199 Paruo
2082 2192 2091 2205 ‚
2109 2178 2136 2199 et
2154 2172 2291 2201 abutimur
2301 2175 2377 2203 verb*
2390 2195 2398 2203 μ
2426 2182 2428 2187 ’

305 2223 426 2259 (oliuae)
453 2219 598 2254 praesulem
612 2217 660 2243 esse
674 2215 826 2242 eastitatem
846 2213 944 2240 Pallad.
960 2222 979 2245 1,
992 2215 1018 2245 6,
1036 2221 1075 2246 14.
1095 2215 1114 2239 i.
1127 2213 1280 2239 Mineruam.
1417 2207 1526 2242 pinquis
1538 2206 1556 2232 fi
1575 2215 1641 2246 opus
1655 2206 1707 2238 cst,
1724 2207 1767 2232 vel
1783 2206 1855 2240 quod
1869 2205 1997 2239 delcetat,
2014 2207 2058 2233 vel
2077 2208 2151 2242 quod
2169 2208 2253 2236 decet.
2289 2211 2380 2245 Quin..

341 2266 358 2286 c
367 2262 408 2286 A's
420 2263 441 2282 'r
452 2264 460 2282 1
471 2263 494 2282 M
505 2262 524 2281 o
534 2260 556 2279 N
566 2261 606 2280 1A
621 2272 629 2284 ,
659 2260 698 2278 ae.
725 2251 745 2276 f.
789 2250 802 2283 [
816 2248 917 2282 οἷγνᾶτης
930 2251 940 2282 ]
983 2246 1068 2281 Castus
1077 2268 1085 2281 ‚
1110 2247 1227 2284 religiosa
1240 2249 1353 2282 puritas.
1416 2245 1444 2276 6,
1459 2251 1491 2276 34
1511 2243 1549 2269 Eo
1560 2251 1643 2277 magis
1657 2241 1796 2282 necessaria
1813 2241 1980 2276 κατέχρησις,
1993 2250 2073 2276 quam
2085 2242 2158 2269 reete
2172 2244 2286 2272 dicimus
2301 2247 2374 2275 abus

305 2305 331 2321 v.
345 2304 370 2331 g,
407 2293 463 2318 Cic.
477 2292 553 2316 Verr.
569 2299 596 2322 4,
613 2295 659 2314 102
673 2296 695 2313 c.
710 2293 743 2320 45
774 2286 822 2311 Per
837 2286 966 2310 summam
984 2284 1166 2310 castimoniam
1180 2284 1303 2309 virorum
1317 2288 1354 2308 at·
1420 2287 1487 2313 quae
1498 2287 1553 2304 non
1567 2276 1727 2304 habentibus
1739 2285 1838 2303 nomen
1852 2277 1926 2303 suum
1938 2277 2136 2311 accommodat,
2151 2280 2223 2314 quod
2241 2281 2270 2307 in
2283 2283 2362 2317 proxi
2378 2301 2379 2304 ,

307 2340 357 2366 que
378 2328 522 2355 mulierum
542 2325 608 2350 fiunt
628 2323 707 2348 sacra.
775 2319 850 2347 Caste
869 2320 945 2346 iubet
962 2320 1004 2345 lex
1019 2319 1093 2346 adire
1108 2319 1140 2345 ad
1155 2320 1242 2350 Deos,
1262 2318 1353 2344 animo
1419 2314 1461 2340 Sic
1474 2315 1568 2350 Equum
1581 2313 1670 2339 diuina
1684 2312 1794 2339 Palladis
1805 2319 1859 2339 arte
1871 2311 2005 2348 aedificant
2017 2319 2062 2340 etc.
2098 2312 2140 2347 lest
2154 2316 2195 2341 ille
2209 2316 2277 2343 Iocus
2290 2319 2358 2355 clqffi

307 2365 450 2396 videlicet,
473 2362 502 2388 in
519 2369 573 2396 quo
594 2360 652 2385 sunt
666 2356 772 2387 omnia,
797 2364 845 2382 nec
863 2355 933 2381 tollit
954 2355 1136 2381 castimoniam
1156 2353 1276 2388 corporis
1296 2353 1353 2379 Cic.
1374 2349 1410 2374 60
1456 2355 1474 2376 C
1485 2354 1621 2377 ATACL
1632 2356 1640 2375 1
1651 2355 1761 2381 STVs,
1785 2357 1814 2381 a,
1835 2356 1889 2375 um.
1924 2347 2134 2384 [κατάκλειε-ος]
2170 2351 2318 2389 Concita-fias,
2334 2353 2379 2382 ω’

307 2403 340 2430 de
353 2403 415 2435 Leg.
432 2408 443 2425 2
455 2407 478 2424 c.
495 2406 532 2424 ιο.
607 2393 684 2429 Apul.
703 2393 768 2420 Met.
790 2400 806 2425 9
819 2400 844 2426 p.
857 2398 897 2424 εις
927 2390 1051 2417 Ridicule
1071 2389 1242 2417 Sacerdotium
1256 2388 1355 2424 puriffi-
1419 2385 1500 2412 niuea
1512 2390 1538 2411 et
1550 2383 1678 2411 cataclista
1691 2383 1854 2419 praenitens,
1876 2385 1894 2409 i.
1914 2384 1945 2410 In
1958 2391 2018 2410 arca
2032 2383 2138 2420 reposita
2150 2392 2174 2411 et
2186 2385 2294 2422 festinis
2305 2397 2349 2418 tan

308 2447 378 2466 mam
391 2435 525 2462 laudantes
539 2430 730 2458 castimoniam.
766 2429 804 2454 De
817 2426 965 2462 deprehen-fix
976 2429 1124 2461 impuritate
1138 2424 1296 2453 Sacerdotum
1308 2425 1355 2459 Cy·
1418 2421 1463 2447 bus
1475 2420 1590 2447 adhibita
1610 2419 1688 2454 Apul.
1710 2420 1774 2446 Met.
1787 2428 1810 2446 ιι
1833 2429 1858 2454 p.
1874 2421 1928 2452 261,
1941 2427 1969 2445 21
1995 2418 2038 2446 vbi
2057 2420 2250 2455 Elmenhmstius
2261 2426 2358 2461 quadem
2383 2418 2400 2449 ᾗ,

307 2474 378 2501 heles,
418 2473 510 2505 Nempe
528 2468 562 2495 ad
572 2468 707 2503 religiones
724 2466 797 2490 etiam
805 2466 918 2499 pertinet
931 2462 975 2488 illa
987 2472 1003 2488 a
1021 2463 1136 2489 Venereis
1149 2461 1220 2488 rebus
1234 2459 1357 2494 abstinen-
1419 2457 1489 2483 clitis
1502 2459 1608 2483 retinet.
1630 2455 1677 2483 Sed
1688 2455 1833 2483 Cataclistis
1850 2454 1919 2482 dedit
1938 2456 2072 2488 Pricaeus,
2085 2456 2151 2492 quod
2167 2460 2240 2490 etiam
2253 2461 2350 2495 probat
2380 2455 2413 2487 15⁴.

308 2513 355 2536 tia.
426 2507 487 2533 Liu.
503 2513 541 2537 39,
554 2512 570 2536 9
590 2503 687 2529 Decem
702 2499 807 2527 dierum
822 2498 976 2526 castimonia
988 2507 1054 2533 opus
1069 2498 1126 2524 esse.
1168 2496 1226 2523 Vid.
1240 2498 1307 2523 locus
1319 2499 1357 2522 in·
1420 2492 1454 2520 ad
1467 2491 1587 2519 Tertull.
1602 2491 1665 2518 Pall.
1678 2501 1703 2526 p.
1719 2499 1776 2526 177.
1790 2491 1833 2517 vbi
1845 2490 1961 2526 pluribus
1972 2500 1984 2517 e
2000 2492 2102 2518 Graecis
2121 2489 2238 2526 illustrat.
2272 2496 2334 2523 Elm.
2379 2518 2381 2521 ,
2396 2491 2429 2521 ,τ’

309 2552 385 2581 teger.
420 2541 466 2570 Sed
477 2544 552 2567 etiam
577 2538 611 2565 ad
621 2538 703 2569 cibos,
720 2545 746 2562 v.
763 2544 788 2572 g.
861 2534 928 2561 Plin.
943 2543 978 2566 31,
994 2539 1007 2564 8
1021 2534 1039 2560 s.
1054 2542 1092 2568 44
1122 2531 1150 2558 de
1165 2534 1247 2565 Garo,
1274 2531 1356 2558 Aliud
1376 2533 1407 2565 ⁶5
1424 2528 1473 2561 tis,
1487 2527 1516 2554 de
1529 2536 1575 2564 quo
1584 2525 1686 2561 statim.
1722 2528 1830 2563 cangius
1838 2533 1916 2562 putat
1928 2526 2066 2554 Cataclista
2079 2526 2135 2561 ff,
2148 2528 2233 2565 quibus
2242 2530 2324 2567 lapilli
2339 2539 2384 2560 aue
2396 2539 2398 2541 ·

310 2589 375 2608 vero
397 2576 611 2605 castimoniarum
636 2570 818 2608 superstitioni
842 2571 923 2597 etiam
945 2570 1077 2605 sacrisque
1102 2568 1205 2596 Iudaeis
1225 2567 1357 2594 dicatum:
1420 2566 1519 2601 garitae
1531 2566 1628 2590 intexta
1643 2562 1857 2599 inclufhquefint,
1875 2562 2032 2599 Phrygioque
2044 2563 2103 2590 adeo
2117 2571 2186 2599 opere
2204 2564 2363 2601 adornentur,
2385 2575 2414 2596 ae

311 2614 384 2652 quod
396 2613 426 2640 fit
437 2622 451 2639 e
465 2611 579 2647 piscibus
594 2610 701 2644 squama
720 2605 878 2635 carentibus.
920 2606 962 2633 Sic
981 2606 1117 2633 Inanimae
1135 2603 1305 2631 castimoniae
1318 2604 1359 2630 iu-
1420 2599 1546 2636 obseruas,
1564 2601 1698 2626 recentiori
1709 2604 1789 2626 aetate
1801 2601 1828 2625 in
1843 2598 1980 2631 Cataclyza
1992 2607 2044 2625 eam
2061 2608 2143 2626 vocem
2157 2599 2200 2634 effe
2212 2596 2282 2630 cor-‘ru
2298 2609 2361 2636 tam,
2373 2610 2397 2631 et
2409 2581 2424 2632 ἱ

312 2660 374 2687 gum
388 2649 468 2675 subeo
500 2646 578 2681 Apul.
593 2647 658 2672 Met.
679 2653 701 2670 ιι
719 2653 743 2678 p.
760 2651 821 2677 272,
834 2651 867 2675 29
895 2640 1183 2678 PythagoricamJigrzat
1196 2640 1226 2666 ab
1239 2642 1359 2666 animatis
1421 2635 1594 2668 taclyzomata
1613 2637 1716 2668 vocari,
1741 2640 1794 2661 tum
1814 2643 1874 2670 quae
1895 2633 1963 2669 apud
1979 2635 2117 2661 Ciceronem
2129 2636 2194 2672 fiant
2211 2637 2275 2665 Emb
2285 2645 2383 2674 emata,
2406 2647 2424 2667 ti

313 2685 495 2721 abstinentiam.
531 2681 569 2708 Id.
585 2689 606 2706 ιι
620 2689 644 2715 p.
659 2682 721 2712 260,
735 2681 751 2705 6
773 2677 873 2712 Qiodfi
892 2677 988 2704 sedulis
1008 2677 1160 2712 obsequiis,
1180 2681 1206 2702 et
1226 2675 1357 2710 religiosis
1420 2681 1528 2708 gemmas
1541 2669 1647 2704 vestibus
1665 2670 1782 2707 insertas.
1818 2670 1954 2703 Cataclyza
1972 2669 1991 2696 s.
2004 2670 2142 2698 Cataelista
2158 2673 2216 2699 rasa
2233 2683 2263 2700 ex
2273 2674 2410 2703 Fortunati

312 2719 484 2751 ministeriis,
515 2723 541 2743 et
567 2715 704 2742 tenacibus
719 2713 890 2742 <castimoniis
913 2722 1013 2740 numen
1032 2712 1152 2740 nostrum
1169 2711 1359 2747 promerueris.
1376 2717 1413 2746 70
1422 2707 1484 2735 Vita
1498 2707 1522 2733 S.
1531 2706 1644 2747 Martini
1657 2706 1675 2732 l·
1688 2714 1701 2738 3
1715 2705 1802 2732 laudat
1819 2709 1837 2732 i·
1847 2712 1947 2741 Parmos
1963 2709 2064 2743 gemmis
2084 2713 2108 2734 et
2126 2708 2260 2736 unionibus
2276 2707 2418 2744 diliinfloss

317 2757 377 2788 Vid.
397 2759 547 2784 CASTIM
558 2758 607 2778 0N
618 2757 733 2778 1ALls.
1423 2742 1600 2776 Cataclyzica,
1613 2751 1673 2778 quae
1684 2751 1730 2768 nos
1738 2740 1829 2775 statim
1842 2742 1928 2769 damus
1944 2745 1972 2769 in
1992 2748 2238 2772 CATAcrzs'ri
2249 2750 2308 2773 CA.
2382 2741 2410 2767 ’θ

348 2793 609 2821 CASTIMONIV
620 2793 662 2819 M,
683 2786 701 2812 i.
718 2795 744 2811 n.
765 2784 840 2811 Idem.
862 2784 922 2811 Vct.
937 2784 1017 2810 Gloff.
1037 2783 1249 2815 Castimonium,
1266 2781 1358 2816 ἁγνεία.
1460 2783 1805 2810 CATACLISTICVS,
1831 2786 1863 2810 a,
1884 2787 1938 2805 um.
1955 2779 1957 2781 '
1974 2778 2068 2811 Carus,
2083 2780 2219 2815 pretiofies.
2244 2782 2358 2810 Fortuna
2372 2783 2376 2791 ⁸

314 2832 382 2858 Item
397 2819 497 2860 οἰγιῖάοι,
513 2823 630 2855 castitas,
650 2821 843 2848 castimonium.
914 2820 991 2854 Apul.
1005 2819 1091 2846 Miles.
1105 2828 1128 2846 ιι
1141 2829 1165 2854 p.
1178 2826 1236 2853 272,
1248 2826 1282 2852 29
1304 2821 1359 2854 qui·
1423 2814 1526 2851 Salmas.
1540 2815 1558 2841 I.
1571 2824 1593 2841 c.
1630 2814 1706 2848 Qiae
1723 2822 1816 2840 manus
1839 2813 1947 2841 artificis
1969 2813 2125 2842 cataclistica
2143 2815 2187 2843 fila
2198 2818 2308 2845 rotauit.
2329 2819 2354 2846 V
2399 2810 2405 2813 .

314 2866 370 2894 dam
383 2860 542 2891 Castimonii
553 2861 646 2896 legunt.
681 2856 728 2883 Sed
741 2858 794 2882 mel.
811 2855 998 2882 Castimoniae.
1423 2857 1446 2878 'r
1453 2858 1476 2878 A
1485 2856 1502 2878 c
1510 2857 1527 2876 1.
1538 2857 1548 2877 1
1557 2857 1571 2877 s
1579 2857 1601 2877 T
1609 2857 1631 2876 v
1639 2857 1661 2877 s.
2325 2856 2333 2862 ν
2344 2872 2350 2880 .

351 2906 419 2932 cas
429 2906 451 2926 Τ
460 2906 470 2925 ι
479 2904 506 2926 Μ
515 2902 564 2923 oN
574 2903 584 2921 1
593 2901 640 2921 AL
649 2900 658 2920 1
667 2899 680 2920 s
689 2912 697 2925 ‚
717 2901 740 2918 e.
765 2892 809 2924 Vt,
822 2891 970 2926 Liquamen
984 2890 1165 2918 castimoniale
1179 2888 1275 2916 Pallad.
1282 2887 1360 2922 Febr.
1380 2894 1413 2923 75
1461 2893 1478 2914 c
1488 2893 1509 2913 A
1519 2892 1571 2913 TA
1582 2891 1599 2912 c
1610 2892 1626 2911 1.
1636 2883 1649 2912 ἴ
1659 2891 1759 2918 TVM,
1778 2884 1797 2911 i.
1822 2893 1847 2911 n.
1886 2884 2071 2922 [κατέκλιταν]
2109 2887 2252 2921 Cataclita,
2269 2889 2355 2916 accub·

317 2945 354 2971 ης,
368 2944 396 2964 12
411 2934 443 2962 Id
457 2931 506 2967 ‘st’
525 2940 571 2968 quo
584 2933 625 2956 vti
636 2930 696 2956 licet
708 2937 733 2954 eo
746 2933 870 2962 tempore,
889 2935 944 2953 cum
956 2927 984 2952 ob
996 2926 1186 2957 castimoniam,
1199 2926 1240 2952 vel
1251 2924 1361 2958 castum,
1424 2923 1466 2949 vel
1476 2923 1632 2948 tricliniares
1642 2920 1717 2954 lecti,
1723 2921 1747 2962 s
1760 2923 1812 2947 tori
1818 2941 1828 2953 ,
1840 2921 1927 2956 quibus
1945 2922 2107 2949 accumbitur.
2141 2924 2212 2950 Hinc
2224 2924 2344 2952 Tertuss,
2362 2938 2365 2947 .
2379 2942 2382 2944 .
2422 2933 2423 2936 =
2436 2936 2438 2942 ,

315 2977 376 3000 vino
389 2965 558 3004 Abstinendum
571 2964 614 3000 esi.
649 2965 700 3000 ‚Qui
718 2962 851 3002 omiserunt
868 2961 983 2993 librarii,
996 2962 1070 2998 forte
1082 2970 1130 2988 non
1143 2960 1290 2987 intellexere.
1424 2967 1438 2991 3
1446 2964 1489 2993 pr.
1506 2957 1591 2998 Vestis
1603 2956 1635 2984 de
1643 2956 1780 2989 camelius,
1793 2959 1811 2982 i.
1826 2966 1875 2983 vno
1890 2957 1980 2990 verbo,
1989 2958 2157 2992 ‹ze-cubitoria,
2169 2958 2329 2996 quasternu„
2376 2964 2381 2973 ε
2413 2952 2424 2993 Ξ
2436 2975 2438 2977 ,

352 3014 401 3036 cA
411 3014 423 3034 s
432 3013 453 3033 τ
462 3013 472 3031 1
482 3001 520 3031 pf
528 3010 545 3030 c
554 3009 574 3028 v
585 3008 597 3028 s
607 3021 615 3034 ,
635 3009 659 3033 a,
678 3008 733 3026 um.
753 2997 815 3026 Adi.
849 2997 899 3028 Vt,
916 2997 973 3023 Sen.
987 2997 1097 3032 Hippol.
1110 2999 1154 3027 168
1177 2996 1285 3032 Expelle
1298 2995 1362 3023 faci-
1424 2994 1469 3021 illa
1480 2993 1629 3029 camelitas.
1643 2993 1764 3020 accubita.
1798 2992 1841 3019 Sic
1855 2992 1994 3026 Salmafius.
2347 3006 2350 3010 .
2364 3007 2366 3012 ,
2417 3006 2422 3011 .

314 3053 366 3071 nus
380 3048 468 3069 mente
481 3038 594 3067 castifica
606 3035 747 3064 horridum
755 3055 764 3067 ‚
781 3036 799 3060 i.
818 3033 887 3069 Quae
899 3039 923 3059 ee
934 3031 1025 3065 castam
1031 3033 1131 3067 faciat.
1461 3036 1478 3057 c
1486 3037 1509 3056 A
1517 3036 1538 3056 Τ
1546 3037 1569 3056 A
1577 3035 1593 3055 c
1601 3035 1618 3055 L
1627 3036 1646 3056 Y
1654 3034 1668 3055 s
1676 3034 1702 3055 M
1711 3035 1730 3056 0
1739 3036 1752 3056 s
1761 3047 1770 3061 ‚
1787 3027 1841 3061 Jiue
1866 3033 1884 3054 c
1894 3035 1916 3054 A
1924 3035 1946 3054 Τ
1953 3035 1976 3055 A
1984 3034 2001 3054 c
2010 3035 2027 3055 ι,
2035 3034 2076 3061 γε
2086 3034 2113 3058 Μ
2124 3036 2146 3056 ν
2154 3036 2167 3058 s
2174 3050 2183 3063 ‚
2203 3030 2222 3057 i,
2236 3040 2285 3059 vm·
2321 3031 2335 3067 s

355 3086 423 3107 cAs
433 3080 572 3104 T1F1c0
582 3093 591 3106 ,
607 3076 660 3099 are.
685 3072 735 3104 Vt,
755 3069 844 3097 Corda
856 3067 944 3095 nostra
958 3068 1128 3095 castificemus
1149 3067 1270 3095 Ambros.
1279 3067 1360 3094 Serm.
1377 3069 1410 3096 80
1426 3064 1509 3099 σμδς]
1549 3067 1654 3092 Dicitur
1671 3065 1814 3096 Diluuium,
1835 3061 1891 3097 flue·
1909 3063 2050 3090 inundatio.
2122 3066 2210 3093 Varro
2230 3066 2262 3093 de
2282 3068 2313 3095 R.
2326 3065 2372 3096 R.
2418 3057 2422 3089 Ῐ

321 3125 359 3150 ¹4·
377 3117 395 3140 i.
409 3115 551 3149 Purgemus.
570 3104 894 3142 Semetipsumcastificare
912 3103 1032 3131 Tertull.
1050 3103 1082 3129 de
1095 3103 1184 3130 Pudic.
1199 3112 1236 3137 ¹9-
1280 3103 1362 3131 Casti·
1426 3100 1542 3127 Thebae
1556 3109 1624 3136 quae
1637 3106 1697 3127 ante
1715 3099 1889 3131 cataclysmon
1908 3099 1996 3134 Ogygi
2014 3098 2138 3127 conditae
2157 3101 2297 3135 dicuntur3
2321 3091 2379 3132 effi

320 3150 394 3177 ficari
418 3146 555 3183 Augustin·
569 3143 682 3171 Confeff·
697 3151 723 3176 9,
736 3151 762 3175 9·
1113 3146 1116 3149 “
1426 3136 1532 3164 circiter
1539 3136 1592 3164 duo
1605 3136 1691 3163 millia
1703 3144 1833 3163 annorum
1847 3141 1873 3162 et
1887 3141 1992 3162 centum
2006 3136 2073 3162 siint.
2127 3137 2158 3164 Et
2171 3138 2270 3172 Hygin.
2283 3139 2347 3167 Fab,
2366 3155 2369 3161 .

356 3193 373 3212 c
383 3193 403 3212 A
412 3192 424 3212 s
435 3191 456 3211 ‘r
466 3190 492 3210 E.
527 3180 595 3209 Adu.
631 3179 644 3214 [
656 3177 732 3212 ἆγνῶς
745 3178 758 3212 ]
793 3175 900 3208 Ραᾱὶσε,
919 3171 1023 3211 sanffe,
1042 3172 1177 3210 obstruatis
1195 3177 1362 3202 caerimoniis.
1425 3172 1582 3205 taclysmus,
1601 3171 1674 3207 quod
1684 3180 1732 3198 nos
1744 3170 1880 3198 diluuium
1893 3171 1935 3197 vel
1949 3171 2134 3206 irrigationem
2153 3172 2276 3202 dicimus.
2315 3175 2357 3204 171·

322 3220 378 3248 Cic.
393 3220 424 3246 de
437 3220 501 3246 Nat.
516 3218 597 3244 Deor.
611 3224 631 3249 1,
647 3223 659 3248 3
691 3215 764 3241 Haec
785 3211 858 3239 enim
871 3211 962 3237 onmia
976 3218 1042 3245 pure
1053 3215 1132 3244 atque
1146 3209 1211 3236 caste
1224 3210 1364 3237 tribuenda
1427 3208 1546 3236 Tertull.
1559 3207 1638 3243 Apol.
1651 3217 1697 3242 40.
1709 3214 1733 3234 et
1744 3205 1861 3234 Laeiant.
1875 3215 1896 3238 2,
1913 3214 1952 3234 ro.

323 3256 435 3283 deorum
453 3253 558 3281 numini
576 3252 613 3279 ita
631 3252 699 3278 sunt.
770 3247 845 3275 Idem
858 3246 891 3273 de
904 3246 961 3273 Fin.
974 3255 994 3280 4
1011 3254 1033 3271 c.
1048 3253 1074 3278 23
1101 3245 1199 3272 Nihilo
1211 3246 1363 3273 miseriores
1379 3246 1408 3277 83
1461 3250 1478 3271 C
1487 3251 1509 3271 A
1519 3250 1541 3272 Τ
1552 3251 1574 3271 A
1583 3251 1625 3271 CL
1634 3249 1746 3276 szs‚
1779 3241 1833 3269 vid.
1855 3249 1871 3270 c
1880 3249 1988 3270 ATAC
1997 3249 2054 3269 Lis
2064 3249 2146 3271 Tvs.

323 3292 389 3324 else,
405 3299 484 3325 quam
498 3298 557 3320 eos,
575 3287 638 3323 qui,
654 3294 737 3322 quum
755 3283 823 3311 caste
841 3288 867 3309 et
887 3282 991 3317 integre
1008 3281 1132 3308 viuerent
1143 3301 1151 3313 ,
1171 3281 1290 3310 nondum
1307 3291 1364 3316 per·
1465 3285 1540 3308 CA'r
1553 3287 1574 3306 A
1585 3278 1760 3311 DR6MVS,
1778 3278 1797 3305 i.
1818 3287 1854 3305 m.
1889 3276 2091 3314 [κατάδρομω]
2126 3280 2301 3317 Decursbrium
2317 3280 2353 3313 ad

322 3326 419 3354 seciam
433 3325 506 3351 illam
517 3323 670 3359 sapientiam
681 3322 760 3348 essent
773 3318 939 3354 consequuti.
1009 3316 1084 3345 Caste
1104 3316 1259 3352 integreque
1280 3319 1365 3346 versa.
1425 3315 1569 3352 transferri
1582 3313 1678 3350 potest,
1698 3312 1776 3350 estque
1793 3320 1907 3340 extentus
1917 3313 2012 3351 funis,
2031 3321 2081 3350 per
2097 3323 2165 3350 qum,
2177 3316 2326 3352 funambuli

323 3370 364 3390 tus
384 3361 420 3388 est
439 3359 515 3386 labor
537 3368 610 3385 meus
629 3359 658 3385 in
678 3358 845 3393 priuatorum
863 3352 989 3389 periculis
1015 3352 1054 3380 1d.
1076 3361 1125 3387 pro
1145 3352 1214 3386 Lege
1234 3354 1326 3380 Manil.
1341 3362 1364 3380 2.
1427 3351 1498 3378 Suet.
1511 3351 1539 3377 in
1552 3351 1619 3378 Ner.
1636 3359 1659 3377 ιι
1682 3348 1866 3378 Nobiliffimus
1885 3359 1964 3385 eques
1979 3350 2114 3377 Romanus
2132 3351 2272 3386 elephanto
2287 3353 2336 3388 ‘stip
2372 3366 2375 3375 =
2420 3378 2422 3380 ,

325 3398 409 3426 Radix
425 3395 491 3423 caste
503 3403 619 3429 pureque
631 3393 755 3427 colles‘ta,
775 3391 882 3418 discutit
895 3389 1004 3416 strumas
1032 3388 1099 3416 Plin.
1113 3395 1156 3420 22,
1171 3396 1208 3414 ιο.
1264 3388 1364 3416 Cibum
1427 3396 1474 3421 per
1488 3387 1669 3414 catadromum
1690 3385 1814 3413 decurrit.
1852 3387 1972 3412 Narrans
1992 3385 2089 3412 eandem
2102 3395 2153 3413 rem
2170 3396 2199 3414 ex
2212 3389 2293 3415 Dione
2312 3389 2367 3416 X?
2418 3395 2420 3397 ’

324 3444 353 3462 ae
367 3439 458 3468 potum
472 3429 587 3457 vbertim
602 3429 721 3464 casteque
733 3427 832 3455 affiriss‘e
844 3425 939 3452 dicitur
955 3423 1076 3451 Macrob.
1090 3423 1139 3450 Sat.
1156 3431 1175 3454 1,
1189 3431 1213 3449 2.
1234 3426 1251 3450 i.
1267 3424 1363 3451 munde.
1376 3434 1412 3460 90
1426 3423 1532 3457 ἐλέφας,
1551 3425 1650 3458 inquit,
1668 3420 1768 3455 ἀνήχθη
1785 3420 1816 3447 εἰς
1835 3420 1877 3451 τήν
1896 3420 2012 3448 drusi-olm
2034 3422 2067 3448 τέ
2092 3421 2187 3458 θεάς-μ
2207 3421 2293 3455 ἁψῖδα.
2333 3443 2335 3445 .
2357 3416 2373 3450 *ι
2415 3421 2417 3425 ,

327 3470 408 3497 Adire
421 3467 487 3495 caste
502 3465 533 3492 ad
547 3465 623 3491 diuos
655 3466 710 3492 Cic.
729 3463 762 3490 de
780 3461 873 3497 Legib.
893 3470 919 3494 2,
938 3469 966 3493 19
983 3469 1004 3486 c.
1019 3468 1057 3487 10.
1094 3479 1098 3484 .
1128 3458 1200 3485 Idem
1214 3467 1262 3493 pro
1277 3460 1364 3487 Domo
1428 3458 1472 3484 lm*
1491 3459 1584 3495 χσινίων
1613 3454 1764 3494 κατέδραμεν
1783 3456 1802 3490 (
1805 3456 1834 3483 ab
1852 3457 1898 3483 hoc
1916 3457 1969 3493 ipſs)
1987 3457 2061 3484 verbo
2078 3455 2112 3491 est
2128 3457 2332 3493 Catadromusy
2351 3456 2378 3490 ⁵..

328 3515 373 3539 ¹34
398 3505 476 3532 Certe
494 3500 563 3528 nihi!
577 3501 644 3532 rite,
667 3499 736 3526 nihil
750 3498 833 3531 caste,
863 3496 934 3524 nihil
955 3504 1030 3522 more
1050 3494 1224 3529 institutoque
1243 3496 1364 3528 perfecit.
1428 3495 1513 3530 φέρων.
1550 3493 1608 3520 Huc
1623 3496 1735 3530 pertinet
1753 3491 1819 3518 Plin.
1833 3497 1856 3524 8,
1869 3501 1882 3525 3
1902 3492 1931 3519 de
1949 3493 2102 3528 elephantis,
2121 3493 2224 3521 Mirum
2242 3495 2391 3523 maxime.

327 3542 365 3568 ld.
388 3540 420 3567 de
433 3539 503 3566 Clar.
523 3537 598 3563 Orat.
614 3543 658 3567 330
684 3536 741 3562 Nos
762 3540 866 3566 autem,
889 3533 988 3564 Brute,
1013 3531 1141 3566 quoniam
1161 3529 1218 3565 post
1230 3531 1366 3558 Hortensii
1429 3528 1509 3556 versis
1530 3529 1639 3564 quidem
1658 3527 1768 3555 funibus
1781 3527 1887 3561 subire,
1901 3527 1944 3554 sed
1955 3527 2062 3563 regredi
2076 3527 2158 3563 magis
2170 3530 2264 3565 vtique
2275 3530 2350 3566 pron'
2367 3525 2377 3555 ’“.

326 3575 456 3604 clariffimi
474 3571 589 3600 oratoris
610 3576 722 3597 mortem
746 3569 828 3598 orbae
848 3567 1031 3604 eloquentiae,
1067 3565 1137 3601 quafi
1157 3571 1257 3592 tutores
1275 3566 1366 3594 relieli
1430 3569 1486 3592 ton.
1501 3565 1611 3592 Galba6
1631 3563 1789 3598 Elephantos
1801 3563 1972 3591 funambulos
1984 3563 2078 3591 edidit.
2111 3563 2169 3591 Scn.
2181 3566 2260 3600 Epist.
2274 3571 2332 3601 83¹5

327 3613 430 3643 sumus,
449 3609 523 3637 domi
536 3613 685 3638 teneamus,
709 3612 755 3632 etc.
782 3611 956 3639 tueamurque
968 3608 997 3630 vt
1017 3601 1131 3629 adultam
1144 3601 1277 3635 virginem
1292 3603 1366 3634 caste,
1381 3608 1413 3636 95
1431 3599 1554 3636 phantem
1568 3600 1663 3627 mimus
1670 3598 1797 3634 Aethiops
1811 3599 1886 3626 iubet
1899 3599 2030 3626 subsidere
2043 3599 2071 3626 in
2082 3606 2175 3633 genua,
2187 3607 2213 3628 et
2224 3601 2302 3630 ambu·
2330 3595 2332 3598 ⁵

327 3653 352 3674 et
372 3647 405 3674 ab
424 3650 587 3674 armatorum
615 3641 716 3675 impetu
747 3646 876 3674 quantum
902 3639 1033 3675 possumus
1058 3635 1254 3672 prohibeamus.
1310 3639 1366 3666 Cic.
1431 3644 1500 3662 nem.
1537 3637 1607 3663 Hinc
1624 3635 1789 3672 intelligitur,
1802 3635 1863 3671 quid
1878 3639 1916 3662 rei
1925 3634 1973 3670 fit,
1991 3635 2085 3662 Seruus
2104 3643 2150 3669 per
2169 3637 2301 3664 catadrom

327 3683 359 3709 de
378 3683 469 3716 Arusp.
479 3680 553 3714 Resp.
561 3686 594 3711 29
608 3686 630 3703 c.
646 3685 671 3703 12
707 3674 788 3709 Qiod
807 3684 889 3710 quum
904 3674 1044 3702 Deiotarus
1061 3671 1192 3708 religione
1205 3673 1250 3698 sua
1268 3673 1368 3700 castini.
1431 3671 1494 3698 dere
1508 3671 1601 3698 solitus
1614 3671 1632 3698 1.
1647 3680 1705 3706 pen.
1719 3670 1746 3697 ff.
1755 3670 1787 3697 de
1793 3670 1842 3697 aei.
1851 3677 1913 3697 eint.
1941 3672 2060 3704 Nea-opus
2071 3667 2115 3702 est,
2129 3677 2159 3696 vt
2170 3678 2215 3698 aut
2222 3673 2291 3700 Grus

325 3723 514 3748 metueretur,
538 3721 584 3741 (Μ-
1432 3715 1460 3740 ι9
1473 3707 1621 3739 aduocetur,
1641 3715 1708 3743 quem
1727 3715 1838 3734 coruum
1855 3705 2044 3733 demolitorcm
2066 3712 2156 3738 vocae,
2176 3714 2220 3734 aut
2238 3709 2348 3745 meum,

364 3760 381 3779 c.
390 3760 411 3779 A
420 3759 432 3778 s
441 3760 461 3779 'r
472 3760 479 3778 1
490 3758 506 3778 F
516 3757 558 3777 ER
567 3769 574 3782 ‚
604 3746 652 3784 qui
672 3749 760 3782 portat
783 3744 899 3779 flagella,
924 3751 953 3772 vt
973 3744 1087 3780 castiget.
1131 3743 1212 3770 Vetus
1230 3742 1329 3770 Vocab.
1342 3750 1368 3771 et
1431 3743 1540 3769 Pollucis
1553 3753 1582 3778 4,
1593 3751 1652 3775 130,
1671 3751 1719 3778 qua
1732 3742 1863 3768 utebantur
1875 3743 1903 3768 in
1913 3740 2000 3777 fimo,
2013 3739 2048 3766 ad
2059 3746 2158 3775 raptum
2167 3742 2277 3779 sirbitum
2286 3749 2358 3780 repra

328 3789 425 3822 Papias.
460 3786 620 3814 Castiserum
629 3804 637 3817 ,
658 3782 705 3818 qui
717 3779 863 3815 flagellum'
882 3786 951 3807 ortat
964 3781 1044 3807 Closs.
1057 3778 1116 3807 Isid.
1171 3780 1213 3805 An
1226 3781 1307 3815 igitur
1320 3780 1366 3806 Ca·
1377 3786 1424 3805 100
1432 3777 1503 3810 dum,
1517 3788 1543 3805 υ.
1551 3783 1581 3814 g.
1601 3780 1715 3805 Aurorae
1727 3778 1867 3804 Memnonis
1879 3782 1967 3811 corpus
1978 3778 2103 3810 rapientis
2115 3783 2161 3809 etc,

2434 3272 2441 3292 1

327 3824 395 3850 stum
407 3822 491 3848 dixere
500 3829 547 3857 pro
562 3819 648 3848 Ceste.
695 3815 801 3844 Cestum
812 3818 855 3851 qui
873 3824 908 3841 em
926 3823 949 3842 et
962 3815 1083 3843 Cacstum
1096 3813 1140 3850 effe
1151 3815 1246 3846 lorum,
1265 3811 1369 3846 ostendi-
1466 3819 1483 3840 C
1493 3820 1514 3840 A
1524 3814 1700 3846 TADVPA,
1719 3821 1805 3840 orum.
1824 3819 1850 3838 n.
1870 3810 1905 3845 pl.
1942 3811 2037 3837 Nomen
2055 3811 2104 3837 loci
2115 3812 2150 3838 ad
2160 3809 2310 3848 nouffmani
2324 3813 2354 3840 N

328 3868 390 3886 mus.
426 3859 544 3884 Doricum
563 3855 606 3890 ‘Zffi'
630 3853 703 3881 κοιςδν
717 3859 767 3888 pro
784 3851 862 3884 xrs-125,
895 3853 945 3877 iam
965 3851 1116 3887 obseruatum
1139 3848 1234 3886 Vofflo,
1254 3857 1321 3885 quem
1328 3849 1368 3886 fi·
1430 3847 1544 3881 rafiam,
1558 3849 1601 3875 ubi
1612 3852 1680 3875 inter
1690 3846 1965 3914 occursantesfiofirdos
1974 3847 2166 3884 tmffofimgore·
2177 3850 2236 3876 Nil,-
2246 3857 2323 3890 aqum

327 3898 424 3931 quimus
439 3895 465 3918 5⁷¹
483 3899 560 3926 ‘'Umo
575 3891 645 3917 uerbi
663 3896 680 3917 c
689 3895 711 3916 A
720 3892 813 3916 s¹r1G
822 3893 851 3914 Ο.
1429 3887 1509 3911 nimia
1516 3885 1576 3920 fimi
1590 3884 1740 3912 vehementia
1748 3879 1851 3918 auditus
1864 3883 1890 3907 in
1915 3888 2050 3908 rumentum
2066 3886 2164 3910 vitient.
2200 3884 2256 3911 Cic.
2267 3883 2334 3911 mSo
2399 3900 2401 3903 .

365 3936 412 3957 CA
421 3935 434 3955 S
445 3934 463 3953 V
476 3933 491 3952 L
500 3934 521 3953 Α
530 3946 537 3957 ‚
571 3926 624 3953 vid.
644 3932 661 3953 C
670 3931 692 3952 A
701 3931 753 3952 SA.
1383 3953 1385 3955 q
1432 3927 1458 3950 ις
1471 3928 1491 3945 c.
1507 3928 1520 3952 5
1544 3921 1603 3947 Hoc
1621 3918 1708 3946 sonitu
1727 3916 1844 3950 (orbium
1856 3914 2014 3951 caelestium)
2028 3918 2149 3952 oppletae
2166 3927 2241 3947 aures
2259 3917 2350 3947 homin
2394 3917 2422 3942 ’.-

363 3971 380 3994 c
391 3971 412 3991 A
420 3970 433 3990 ς
442 3970 461 3989 ν
471 3968 490 3988 R
500 3968 520 3988 v
529 3967 542 3987 s
550 3980 558 3992 ‚
584 3967 601 3988 c
610 3966 682 3988 Asv
690 3965 704 3986 s
712 3978 723 3992 ,
755 3955 811 3985 vid.
836 3962 854 3984 c
863 3963 885 3984 A
893 3962 912 3984 n
921 3962 950 3984 0.
1217 3959 1219 3964 ·
1233 3972 1237 3981 .
1299 3954 1305 3967 ”
1379 3964 1423 3990 ¹05
1432 3954 1606 3986 surdum-unt,
1620 3961 1672 3990 *nee
1685 3951 1803 3979 estvuus
1813 3949 1937 3979 hebetior
1950 3952 2036 3979 sensus
2051 3953 2079 3980 in
2091 3954 2185 3981 vobis:
2199 3953 2265 3981 ficut
2277 3953 2324 3981 vbi
2336 3952 2366 3980 N
2413 3985 2422 4013 l

1201 4006 1203 4008 ’
2306 3994 2310 3997 “
2342 4003 2344 4007 -
2376 3999 2378 4003 >
2402 3995 2412 4014 ι
