2474 4182
33 143 75 183 33
182 149 188 156 ,
448 117 645 161 AB·S
1564 117 1757 156 ABS
2128 134 2173 172 34

35 216 130 247 detec'ti
142 215 199 242 sunt
210 219 288 249 atque
303 210 420 244 consuli,
439 211 549 237 Romam
571 216 630 234 cum
649 203 849 232 mendaciorum
865 205 972 231 suorum
986 211 1073 231 merce
1161 208 1183 228 Α
1192 206 1207 228 Β
1216 208 1228 228 s
1238 207 1259 228 Τ
1268 207 1287 227 R
1296 208 1306 227 1
1315 207 1337 228 N
1346 205 1367 239 (ξ
1375 206 1412 233 0,
1426 201 1498 234 inxi,
1514 203 1612 239 ioum,
1626 214 1686 238 ere,
1707 205 1892 241 [ἐπσσφὴιγω]
1912 208 1999 233 volum
2010 206 2054 241 effi
2068 209 2173 241 Soluerf,

37 254 97 282 naui
115 257 231 278 atterunt.
270 250 301 275 Et
321 249 349 275 in
361 246 526 282 Expofitione
544 242 681 270 Orationis
696 241 868 273 Dominicae,
889 243 965 267 Hunc
984 246 1071 266 autem
1123 236 1283 278 Contrarium}
1292 237 1465 277 fiiijrirzpttcis
1479 240 1594 274 stringo.
1617 242 1732 268 Laudant
1745 243 1806 268 Liu.
1821 251 1866 276 24,
1880 248 1896 269 6
1916 244 2059 278 'I‘anquam
2073 244 2175 271 laxaret

53 262 191 316 ,ineffudasi
198 285 276 312 nobis
283 284 404 320 quotidie
413 281 579 317 postulamus,
588 288 619 304 ne
627 278 710 312 quiin
718 276 824 303 Christo
833 278 929 309 sumus,
943 273 1072 303 etEiicha-
1124 273 1222 313 elatum
1237 281 1329 307 penem
1342 273 1468 300 abitrieto
1482 276 1572 301 modo.
1609 278 1725 314 Szgonius
1738 281 1814 314 legit,
1833 279 1874 304 Ab
1888 279 1980 306 stricto
1994 280 2079 306 nodo:
2100 282 2173 316 idque

35 324 135 353 ristiam
143 321 264 357 quotidie
281 321 313 347 ad
325 320 413 347 cibum
427 316 513 343 salutis
528 315 686 349 accipimus,
707 313 883 339 intercedente
904 313 994 350 aliquo
1014 317 1071 343 gra·
1119 310 1234 347 sequitur
1249 311 1396 347 (irorjoutus.
1566 348 1568 351 ι

34 361 111 388 viore
137 358 235 384 delicto
282 356 345 383 dum
363 352 471 381 abstenti
489 357 515 377 et
531 359 586 377 non
606 349 827 376 communicantes
850 357 864 375 a
886 346 989 374 coelesti
1006 353 1072 384 pane
1091 345 1104 371 5
1161 350 1389 383 ABSTR-VDO,
1411 343 1445 376 si,
1469 345 1542 377 sum,
1557 348 1609 372 :re.
1638 347 1820 383 [οἷποκρύπτω]
1856 349 2023 385 Abscondere,
2044 353 2175 383 occultare,

35 393 210 431 prohibemur
235 377 255 419 a2
264 391 362 420 Christi
375 395 484 422 corpore
497 387 654 421 separemur.
762 384 782 422 ἃ]
804 394 819 411 2
841 384 977 411 Abstentus
991 387 1071 420 etiam
1124 379 1228 419 abdera·
1263 381 1338 419 Virg.
1359 381 1423 421 Aen.
1444 384 1470 412 6,
1488 388 1504 414 7
1539 397 1550 421 .'
1573 397 1581 402 —
1598 398 1611 421 .‘
1638 384 1750 415 Quum
1769 395 1827 418 pass
1847 387 1951 412 semina*
1964 388 2084 413 tlannnae
2120 387 2173 413 Ab·

35 431 134 459 dicitur
147 438 162 456 a
174 413 378 458 lufisconsstltis‚
394 424 440 458 qui
453 423 548 449 tutoris
563 421 720 448 auctoritate
735 420 767 447 ab
782 419 898 447 adeunda
911 416 1071 445 haereditate
1126 415 1207 456 strusa
1221 424 1249 441 in
1263 425 1338 441 venis
1353 416 1439 442 ulicis.
1467 418 1516 442 ΗΛ
1530 418 1646 448 berums,
1660 419 1828 452 Aburuussre,
1843 422 1878 446 est
1892 422 1923 447 de
1937 422 2064 448 industria
2079 423 2172 449 celare.

35 467 72 494 est
85 472 230 493 reuocatus.
264 461 376 490 Scaeuol.
391 460 418 486 in
433 459 449 484 l.
466 458 564 493 penult.
585 459 617 484 D.
633 457 664 483 de
679 457 747 483 auct.
762 464 843 483 tutor.
879 455 919 481 An
931 451 1072 491 secundum
1126 452 1184 478 Cic.
1200 451 1278 492 Acad.
1293 461 1321 484 4,
1338 460 1373 492 32*
1391 462 1412 477 c.
1429 460 1457 477 io
1481 452 1612 491 Naturam
1627 454 1730 485 aet-usa,
1750 463 1816 488 quae
1838 457 1864 481 m
1879 458 2012 491 profundo
2031 459 2174 485 veritatem

36 501 99 530 haec
117 501 174 528 acta
187 499 330 528 adolescens
347 504 361 522 a
378 494 455 522 bonis
474 494 589 529 paternis
603 493 734 520 abstentus
747 493 795 519 fit2
813 488 943 525 respondi,
958 495 1073 523 proponi
1127 490 1175 519 (vt
1198 494 1236 513 ait
1244 488 1436 527 Democritus)
1458 494 1561 522 penitus
1580 488 1741 528 abstruserit.
1756 525 1760 528 η
1783 490 1864 516 l'laut.
1886 494 1972 519 Aulul.
1993 495 2174 529 Argumenw,

36 537 182 566 abstentum
1089 528 1117 546 ιο
1127 522 1193 559 quod
1208 524 1339 549 Prisciano
1358 523 1481 549 tribuitur
1502 532 1528 550 v.
1545 527 1560 550 6
1586 525 1660 550 Auro
1681 525 1807 550 toi-miliat
1822 527 1928 558 tiuclio,
1950 530 2078 556 abstrudit
2097 531 2173 557 foris-

75 580 97 601 A
107 579 122 600 Β
132 580 174 600 ST
184 557 313 599 iNENS‚
333 566 408 592 entis.
435 563 586 600 [istem-725,
608 564 781 601 ἀκηχέμενος]
814 563 880 589 Hor.
894 558 946 599 Oti·
958 567 988 600 ᾖ,
1002 567 1029 591 9,
1041 566 1074 593 37
1127 558 1198 598 (ldd-
1212 568 1240 592 4›
1254 568 1274 591 1>
1288 568 1333 593 47·
1373 568 1401 600 ‘k’
1415 567 1437 591 ὅ,
1452 567 1480 601 3¹.
1513 569 1541 592 42
1556 565 1578 592 8>
1594 568 1618 601 ἶ·
1663 561 1782 586 Cic.Att.
1797 568 1872 601 122715
1890 567 2032 599 Quumque
2046 575 2121 593 mane
2133 575 2177 592 me

68 625 79 632 .
99 625 110 631 -
131 607 256 635 abstinens
296 602 419 629 Ducentis
432 601 464 628 ad
479 601 504 627 se
521 600 613 627 cuncta
630 601 762 635 pecuniae.
799 598 888 625 Homo
901 596 1014 621 mirifice
1028 594 1072 620 ab·
1126 603 1155 620 1η
1169 594 1267 626 syluam
1285 594 1392 620 abstruli
1413 594 1519 621 densam
1533 602 1559 621 et
1578 601 1710 630 alpcram,
1727 605 1774 630 fro
1788 601 1893 622 Avdsdl.
1936 599 1956 624 ‘l
1968 608 2004 625 ac.
2017 604 2046 627 Λ,
2062 614 2089 634 4,
2103 605 2146 635 69,
2160 610 2176 629 2

38 626 135 672 itineris
152 643 197 670 Cic
221 640 273 666 Att.
288 646 300 671 ς
325 645 362 664 21.
407 638 463 664 Cic.
479 636 531 663 Off.
548 644 567 669 ι,
589 645 638 670 144
667 647 688 662 c.
702 646 738 670 40
765 635 798 660 At
817 633 888 658 enim
906 632 1073 663 Praetorem,
1126 630 1246 657 Teclum
1261 631 1331 656 inter
1344 636 1369 656 et
1383 630 1517 665 laquearia
1532 639 1583 657 tres
1598 632 1729 657 senatores
1763 646 1806 650 —
1839 633 1862 657 sc
1884 633 1908 657 se
1922 633 2091 669 abstrudunt,
2108 639 2177 665 for-:p

38 681 73 707 So
92 679 165 707 hocle
195 661 283 707 decet,
302 658 356 700 iton
369 672 453 700 solum
468 681 576 704 manus,
595 672 639 698 scd
654 673 733 698 etiam
750 668 839 696 oculos
857 666 1014 693 abstinentes
1028 666 1072 692 ha-
1127 666 1246 694 minibus
1260 673 1285 692 et
1297 667 1374 692 rimis
1387 675 1477 693 aurem
1491 667 1643 693 admouent.
1663 667 1819 693 Tristitiam
1831 668 1982 694 abstrudere
1992 671 2080 697 Tacit.
2090 677 2176 706 3‚6‚3,

39 690 101 744 beli-’e
148 697 259 747 Ctimpar.
280 711 309 735 In
323 708 389 735 cibis
403 709 476 735 cuius
490 708 635 735 Sacerdotis
649 705 818 735 abstinentior
831 703 998 729 cerimonia?
1019 703 1072 728 Au·
1086 708 1112 735 13
1162 709 1450 734 ABSTRvsvs,a,um.
1465 703 1644 738 [οἷπόκρυπτος]
1656 704 1712 729 Cic.
1722 704 1752 729 de
1762 703 1782 729 1,
1800 705 1900 737 gcAgr.
1910 713 2003 737 :,49c.
2026 711 2177 736 glute—meio

39 754 84 780 son
103 734 132 776 'jn
147 749 220 775 Grat.
234 745 364 777 Αὲἱὶοιιο,
384 754 406 770 c.
423 749 463 774 28.
504 744 596 770 Somni
616 749 641 770 ct
656 743 712 770 vini
727 738 951 768 abstinencissinms
965 738 1071 765 Colum.
1110 767 1113 774 7
1126 737 1206 764 vobis
1220 747 1283 773 quas
1298 737 1340 763 isti
1355 738 1458 772 penitus
1475 738 1602 765 abstrusas
1618 740 1722 765 inndias
1743 740 1767 765 se
1781 740 1892 774 posuiil'c
1912 740 2074 768 arbitramur
2088 752 2180 771 contra

40 795 61 815 ῃ
87 793 96 812 1
121 793 152 817 ¹3·
190 780 423 810 Abstinentissimus
436 780 518 806 alieni
533 780 599 806 Plin.
615 779 691 815 Epist.
705 779 729 809 6,
740 781 763 809 8,
773 783 794 809 5.
836 773 1073 802 Abstinentissimus
1126 774 1175 800 Cn.
1191 774 1311 808 Pompeii
1332 773 1497 808 dignitatem.
1535 775 1592 801 Cic.
1616 783 1664 809 pro
1684 777 1772 801 Domo
1791 784 1820 808 25
1848 776 2008 802 Rcconditus
2029 784 2053 803 et
2077 781 2178 812 penitus

38 805 114 850 re’bu's
127 818 252 846 venereis
266 816 396 844 Colllmel.
412 824 450 847 12,
464 826 491 849 4,
505 824 527 848 3,
1126 809 1257 837 abstrusus
1271 810 1354 836 animi
1367 809 1453 836 dolor.
1491 811 1583 837 Homo
1597 811 1742 843 abstrusus,
1764 821 1805 846 qut
1820 817 2022 847 Ji..sz1t·›⁴e·tl‹1n
2037 824 2181 849 niagnolJere

74 862 173 884 ABST
183 862 192 881 1
202 860 247 882 ΝΕ
257 860 304 880 ND
314 859 370 885 VS,
392 852 546 886 [οἰφεκτέος]
579 846 798 881 Columel.6,7‚2
819 845 1002 873 Prohibendus
1021 846 1073 873 erit
1127 847 1200 872 celat.
1237 846 1329 873 Tacit.
1345 847 1413 872 Ann.
1428 854 1448 879 1,
1464 864 1470 872 .
1491 865 1498 873 .
1518 866 1524 872 .
1562 847 1609 873 Sed
1623 856 1672 873 usto
1681 852 1756 883 jensu
1775 847 1841 872 l’lin.
1856 848 1915 873 Pan.
1928 857 1970 881 45,
1985 857 2002 874 2
2021 845 2108 876 Bonos
2122 852 2182 877 otio

36 891 84 920 bos
98 890 206 926 potione
224 897 270 924 per
289 887 424 920 triduum,
445 888 586 922 primoque
604 886 644 912 die
664 882 726 909 cibo
743 882 920 909 abstinendus.
960 882 1034 909 ldem
1048 888 1072 915 8,
1082 890 1116 909 20
1128 888 1174 908 aut
1186 882 1234 908 litu
1248 882 1395 914 abstrusos,
1409 888 1435 908 et
1451 882 1521 917 quali
1537 881 1667 917 sepultos,
1688 892 1742 909 non
1757 882 1805 908 nili
1821 882 2000 910 delationibus
2019 893 2043 912 et
2057 886 2182 920 periculis

35 936 51 962 ς
73 936 104 960 23
132 925 237 960 Qubus
251 924 353 956 (cibis)
371 923 537 950 abstinendae
550 923 684 949 funtaneS.
1130 918 1159 945 in
1171 917 1255 944 lucem
1277 927 1304 944 ac
1322 918 1394 944 diem
1408 918 1580 952 proferebant
1601 919 1638 945 Id.
1654 922 1694 951 63,
1711 928 1722 952 5
1743 918 1880 945 Abstineas
1900 921 2032 953 comitiis,
2051 921 2182 948 abstrusus

52 947 60 960 ’
72 971 94 990 Α
104 969 140 990 Bs
150 968 277 989 TINAx
312 961 374 986 acis.
427 961 531 986 Probum
549 957 660 987 verbum,
675 960 739 981 certe
746 952 902 989 formatum,
916 959 947 979 vt
960 952 1075 985 Tenax,
1128 960 1209 989 atque
1228 953 1340 980 abditus,
1384 955 1482 981 Patere.
1497 963 1522 986 2,
1537 963 1589 987 130,
1604 964 1622 988 4
1649 956 1737 988 Qiam
1751 955 1796 981 diu
1816 954 1933 981 abstruso
1955 957 2043 990 (quod
2064 958 2182 985 miserri-

54 999 156 1026 ertinax
192 1003 241 1024 etc.
275 981 379 1023 §etrum
400 1003 454 1030 cap.
468 1003 503 1028 42.
529 991 599 1026 Quid
614 991 632 1017 fi
647 999 701 1017 non
721 989 840 1016 abstinax
860 989 965 1015 fuitset3
987 989 1074 1022 Qiin-
1130 999 1204 1016 mum
1219 990 1272 1021 est)
1295 989 1384 1024 pecius
1397 990 1453 1016 eius
1472 991 1594 1024 flagrauit
1609 990 1750 1023 incendio,
1770 992 1841 1025 quoi
1856 999 1887 1017 ex
1901 1000 1986 1024 nuru,
2004 993 2076 1027 quod
2092 1003 2122 1020 ex
2136 1003 2180 1021 ne-

36 1008 88 1072 gue
101 1017 270 1068 dies’aquam
291 1032 319 1058 in
334 1040 363 1057 os
380 1031 453 1057 suum
466 1038 518 1056 non
531 1027 652 1054 coniecit.
688 1025 758 1054 Adri.
772 1025 917 1057 Symmach.
928 1033 948 1056 1,
956 1032 1001 1059 47.
1130 1032 1192 1061 pote
1206 1025 1312 1058 dolere,
1334 1025 1469 1059 indignari
1485 1026 1590 1053 coach1s
1604 1027 1648 1053 est.
1693 1027 1748 1053 Cic.
1764 1027 1796 1052 de
1811 1027 1841 1053 L.
1855 1028 1918 1061 Agr.
1936 1036 1956 1059 1,
1972 1036 1992 1054 ιι
2020 1037 2040 1054 c.
2056 1039 2075 1063 4
2101 1031 2183 1063 Qus-

72 1074 373 1100 ABSTINENTIA,
393 1074 430 1092 ae.
457 1063 573 1099 [iri-oxii,
594 1062 735 1097 εἷπέιχεσις]
776 1063 863 1088 Virtus
884 1063 925 1087 cui
943 1063 1116 1096 opp0n1'tur25
1130 1071 1192 1088 nam
1211 1068 1264 1087 tam
1285 1062 1415 1088 abstrusus
1436 1070 1547 1096 vsquam
1567 1072 1691 1089 nummus
1709 1063 1835 1094 videtur,
1864 1072 1943 1097 quem
1964 1073 2017 1089 non
2043 1065 2185 1093 architeefi

35 1105 184 1141 Rapacitas:
203 1103 271 1138 etsie
285 1103 375 1136 differt
387 1113 402 1128 a
416 1100 599 1132 Continentia,
619 1097 678 1132 teste
696 1097 782 1124 Valla.-
804 1095 845 1131 Est
862 1100 925 1123 enim
940 1097 1008 1129 haec,
1021 1106 1076 1122 cum
1131 1097 1210 1124 huius
1224 1097 1288 1132 legis
1303 1097 1461 1123 offecerint?
1485 1098 1563 1124 Ratio
1577 1099 1669 1124 Claud.
1678 1100 1770 1133 l’aneg.
1779 1103 1801 1128 8.
1839 1099 1957 1125 Rei-effus
1973 1100 2079 1126 abstruti
2089 1102 2183 1128 Claud.

35 1151 52 1170 a
65 1141 231 1176 uoluptatibus
249 1148 294 1165 nos
307 1132 478 1165 continemus:
506 1135 672 1162 Abstinentia
690 1140 784 1164 autem,
797 1142 851 1159 cum
869 1132 1028 1159 abstinemus
1045 1132 1077 1158 ab
1131 1134 1210 1160 Cons.
1226 1134 1297 1160 Hon.
1313 1142 1341 1166 4,
1355 1141 1419 1168 274.
1463 1133 1553 1160 Terra
1572 1134 1652 1169 latet,
1672 1135 1792 1169 vitatque
1806 1140 1862 1160 tuas
1876 1134 1991 1161 abstrusa
2009 1137 2109 1163 carinas
2129 1138 2182 1165 Ou.

36 1179 138 1207 alienis,
155 1177 216 1202 nulii
230 1178 280 1202 vim
293 1174 440 1211 inserentes,
456 1172 521 1197 nihil
533 1174 640 1206 cuipiam
654 1172 792 1206 erl'pl‘erltes.
830 1167 872 1202 Est
892 1171 973 1205 igitur
987 1168 1074 1195 Absti-
1130 1170 1196 1196 Her.
1211 1177 1238 1204 7,
1254 1177 1301 1203 147
1331 1170 1429 1196 Patere.
1444 1168 1461 1195 l.
1476 1178 1502 1202 2,
1518 1178 1574 1202 129,
1588 1178 1600 1202 3
1628 1171 1689 1204 Qta
1709 1170 1737 1196 vi
1756 1171 1927 1196 ςοτι11110111111
1950 1172 2073 1205 suorum,
2095 1174 2185 1200 Muro—

36 1213 126 1241 nentia
146 1215 172 1238 in
188 1214 241 1237 uiro
263 1211 416 1241 innocente,
435 1207 593 1234 Continentia
612 1210 639 1232 in
653 1210 823 1240 temperante.
865 1205 922 1231 Cic.
937 1205 991 1231 Att.
1007 1214 1029 1237 ς,
1045 1212 1074 1238 17
1130 1204 1250 1232 boduum
1264 1205 1446 1231 inhaerentem
1460 1206 1581 1240 occupati
1594 1207 1670 1240 regni
1679 1206 1785 1238 finibus,
1794 1206 1867 1232 velut
1875 1207 2026 1241 Serpentem
2041 1209 2184 1236 abstrusam

36 1245 78 1276 Sic
93 1249 122 1275 in
137 1246 276 1282 prouincia
288 1254 334 1272 nos
347 1244 476 1280 gerimus,
489 1242 561 1278 quod
573 1242 605 1269 ad
619 1242 803 1269 abstinentiam
816 1241 925 1273 attinet,
945 1246 974 1267 vt
988 1240 1074 1266 nullus
1084 1251 1116 1276 30
1130 1242 1252 1273 Terrae,
1271 1241 1419 1268 salubribus
1433 1241 1605 1268 conliliorum
1624 1244 1734 1269 suorum
1753 1242 1953 1269 medicamentis
1974 1245 2061 1278 coegit
2075 1245 2186 1279 egredi?

35 1284 170 1312 teruncius
184 1282 325 1309 insumatur
339 1281 367 1307 in
379 1287 536 1315 quenquam.
563 1278 636 1306 Idem
650 1278 701 1305 off.
709 1285 735 1310 2,
746 1284 782 1312 77
802 1286 824 1303 c.
832 1285 865 1303 22
889 1276 972 1303 Nulla
985 1282 1075 1303 autem
1130 1278 1184 1304 Effe
1204 1278 1232 1304 in
1251 1277 1370 1304 abstruso
1384 1278 1517 1305 Ammian.
1532 1286 1570 1313 17,
1586 1286 1611 1313 7.
1649 1279 1762 1314 Compar.
1778 1279 1859 1305 Paulo
1878 1279 2020 1306 abstrusior
2040 1280 2186 1316 disputatio

36 1329 66 1348 rc
79 1319 222 1347 conciliare
234 1318 335 1344 facilius
349 1316 560 1342 beneuolentiam
577 1313 758 1341 multitudinis
772 1313 874 1347 possunt
888 1313 925 1345 ii,
945 1312 994 1347 qui
1007 1313 1074 1352 reip.
1131 1314 1189 1340 Cic.
1204 1313 1282 1340 Acad.
1298 1323 1317 1346 4
1340 1323 1362 1340 c.
1377 1322 1405 1340 10
1422 1323 1461 1348 pr.

37 1357 160 1392 praesunt,
172 1362 250 1389 quam
257 1353 411 1380 abstinentia
423 1358 448 1377 ct
460 1351 630 1378 continentia.
668 1348 799 1382 Quinctil.
814 1357 837 1382 ς,
849 1357 887 1381 io,
896 1357 928 1375 22
950 1349 977 1375 Si
991 1354 1075 1374 conti·
1166 1356 1188 1375 A
1197 1356 1213 1376 Β
1222 1356 1235 1376 s
1245 1356 1266 1377 T
1275 1357 1294 1376 R
1304 1357 1324 1375 v
1333 1356 1345 1376 s
1354 1357 1370 1376 Ε
1380 1369 1388 1381 ,
1419 1349 1486 1376 Atlu.
1512 1348 1589 1376 Idem.
1622 1350 1691 1376 Hinc
1703 1350 1817 1385 Compar.
1854 1350 2010 1377 Ammianus
2023 1356 2064 1384 28,
2079 1360 2089 1378 1
2111 1353 2186 1380 Inter

38 1392 144 1424 nentia,
158 1392 254 1417 virtus:
274 1389 365 1423 vtique
379 1394 404 1414 et
417 1387 581 1414 abstinentia.
624 1387 804 1423 Nonnunquam
825 1392 905 1410 tamen
926 1384 1075 1418 indisfircn·
1130 1393 1190 1413 teos
1204 1385 1304 1420 recepti
1317 1385 1459 1420 vocatique
1476 1384 1571 1411 edic'tis
1584 1385 1666 1412 semet
1680 1385 1819 1412 abstrusius
1834 1387 2016 1413 amandarunt.

37 1435 78 1455 ter
89 1434 227 1463 ponuntur,
241 1432 270 1451 vt
281 1424 348 1459 apud
362 1424 418 1450 Val.
432 1424 502 1450 Max.
513 1423 605 1449 titulus
617 1421 653 1449 est
666 1421 697 1448 de
711 1420 877 1447 Abstinentia
889 1426 916 1446 et
930 1420 1076 1448 Continen-
1088 1429 1118 1457 33
1167 1428 1233 1448 ABS
1243 1427 1406 1453 TR‘VS10,
1426 1421 1501 1453 onis,
1523 1421 1541 1447 f.
1574 1428 1601 1447 vt
1616 1422 1730 1447 Seminis
1743 1421 1869 1448 abstrusio
1894 1422 1996 1449 Arnob.
2011 1422 2028 1448 l.
2044 1430 2056 1455 ς
2076 1432 2102 1457 p.
2117 1427 2165 1456 183.

37 1463 90 1491 tia:
113 1463 153 1489 vbi
164 1462 250 1489 barum
263 1463 383 1487 virtutum
395 1461 501 1494 exempla
509 1459 648 1494 promiscua
655 1458 725 1494 flent.
766 1456 934 1483 Abstinentia
946 1463 972 1483 et
985 1457 1077 1492 quiete
1167 1463 1214 1484 AB
1223 1464 1265 1484 ST
1275 1463 1368 1489 Rvo‚
1385 1465 1439 1483 ere.
1478 1457 1533 1490 Ipse
1548 1456 1674 1489 docebat,
1692 1457 1825 1483 lucernam
1846 1467 1899 1484 non
1914 1458 1960 1484 sub
1973 1458 2066 1484 modio
2085 1458 2187 1486 abstrui

37 1499 162 1532 mitigare
175 1496 275 1524 febrem
296 1494 457 1529 Qinclila,
471 1503 509 1529 17,
520 1503 547 1527 9.
595 1493 788 1520 Abstinentiam
803 1493 931 1519 summam
946 1493 1077 1527 praestare
1130 1491 1230 1520 debere
1241 1492 1401 1520 Tertull.de
1414 1493 1527 1533 Praeter.
1541 1493 1601 1534 adu.
1613 1494 1693 1519 Haer.
1707 1503 1728 1519 c.
1743 1495 1786 1533 26.
1808 1494 1877 1519 Adel.
1893 1493 1931 1520 ld.
1946 1494 2097 1520 adu.Marc.
2106 1504 2134 1527 4,
2142 1503 2187 1530 27.

40 1532 171 1567 (ξι-11116111.
185 1541 210 1564 2,
222 1540 248 1564 2,
260 1540 287 1564 4.
349 1531 413 1557 Plin.
426 1538 465 1562 25,
481 1540 493 1563 ς
533 1530 637 1565 Corpus
650 1530 748 1564 septem
767 1528 861 1555 diebus
885 1535 945 1555 ante
969 1537 1076 1564 praepa·
1166 1535 1422 1562 ABSVETVDO,
1439 1528 1520 1561 dinis,
1535 1532 1554 1555 t.
1574 1537 1623 1564 pro
1637 1529 1808 1556 desuetudine
1823 1529 1858 1556 est
1872 1538 1912 1564 ap.
1927 1530 2005 1565 Apul.
2020 1530 2098 1565 Apol.
2113 1540 2137 1566 p.
2146 1536 2188 1564 318

36 1568 146 1596 randum
160 1567 226 1593 cibis
245 1565 363 1599 acribus,
382 1565 538 1593 abstinentia
551 1566 626 1598 vini,
642 1572 737 1600 quarto
756 1570 782 1591 et
796 1566 877 1591 tertio
891 1565 934 1592 die
947 1566 1077 1592 vomitio-
1129 1564 1250 1592 Elmenh.

36 1603 131 1635 nibus,
145 1601 231 1637 pridie
249 1610 345 1628 coenae
363 1601 527 1628 abstinentia.
568 1602 659 1628 Alieni
680 1601 839 1628 abstinentia
854 1599 946 1628 lustin.
960 1610 987 1634 2,
1002 1610 1029 1634 2,
1042 1608 1118 1637 11.40
1167 1609 1190 1628 A
1201 1608 1238 1628 Bs
1248 1607 1319 1633 VM,
1339 1599 1412 1634 abes,
1432 1600 1490 1634 fui,
1511 1601 1560 1627 effe
1581 1598 1708 1635 [ἄπειμι]
1728 1603 1883 1628 contrarium
1899 1601 1970 1628 verbi
1981 1601 2096 1636 Adsum,
2117 1606 2190 1629 varie

37 1637 201 1668 Abstinentia
213 1636 246 1663 ab
259 1637 334 1664 omni
347 1645 375 1663 re
393 1636 511 1664 Scribon.
525 1645 564 1670 52.
582 1637 615 1665 ab
628 1646 711 1673 aqua,
726 1644 778 1670 105.
1130 1639 1158 1663 in
1170 1635 1353 1671 construc‘tione
1365 1639 1471 1663 aliorum
1489 1637 1620 1663 verborum
1636 1640 1750 1672 ponitur.
1811 1638 1878 1664 Nam
1897 1638 2022 1664 interdum
2036 1637 2191 1674 simpliciter

74 1679 375 1706 Ans‘rerN'rER,
396 1672 464 1700 Adu.
485 1674 643 1708 [ἐγκρατῶς]
689 1673 789 1700 Pseudo
802 1688 812 1695 -
825 1672 882 1700 Cic.
912 1673 941 1699 in
964 1671 1023 1699 Sall.
1047 1680 1076 1705 19
1130 1680 1208 1710 negat
1221 1673 1405 1709 praejnztiam,
1424 1679 1454 1700 vt
1473 1673 1555 1699 Plaut.
1574 1672 1655 1699 Stich.
1675 1680 1703 1706 ς,
1723 1682 1758 1706 4,
1779 1681 1825 1706 291
1863 1672 1894 1700 Id
1919 1673 2006 1707 abest,
2027 1674 2100 1700 aliud
2118 1673 2190 1702 nihil

35 1719 58 1739 ε.
73 1718 90 1745 7
111 1709 278 1744 Posteaquam
290 1709 398 1736 Praetor
411 1708 447 1735 est
460 1707 561 1742 fadius‘,
581 1708 697 1736 modeste
716 1710 741 1735 se
754 1708 841 1744 gessit,
860 1714 887 1735 et
905 1708 1075 1735 abstinenter.
1130 1709 1211 1736 abest.
1249 1710 1289 1735 Ita
1301 1714 1330 1735 vt
1344 1708 1390 1741 fit,
1409 1708 1516 1736 domini
1528 1708 1577 1735 vbi
1591 1708 1684 1735 absunt
1706 1709 1775 1735 Ter.
1791 1710 1856 1736 Eun.
1870 1717 1900 1742 3,
1921 1718 1935 1741 3
1946 1730 1954 1742 ,
1976 1718 1997 1743 ς.
2036 1711 2111 1745 Virg.
2122 1711 2189 1737 Aen.

37 1747 150 1781 Compar.
163 1744 298 1779 Augustin.
313 1743 610 1778 deMorib.Manich.2,
624 1753 648 1777 13
669 1744 850 1771 Abstinentius
864 1744 948 1771 vitam
962 1745 1067 1771 ducere.
1132 1754 1160 1778 1,
1181 1750 1224 1778 588
1244 1746 1317 1771 Vnus
1329 1744 1410 1772 abest.
1447 1745 1505 1771 Cic.
1520 1745 1575 1770 Att.
1588 1753 1623 1776 4,
1645 1752 1670 1776 13
1690 1745 1764 1778 Ego,
1784 1750 1813 1771 vt
1829 1744 1859 1770 fit
1869 1751 1943 1777 rata,
1963 1745 2076 1773 abfuisse
2095 1755 2138 1773 me
2159 1747 2190 1773 in

73 1787 214 1813 ABSTO,
232 1781 273 1807 iti.
300 1780 466 1815 [οἰφίς-αμαι]
504 1779 591 1814 Dzsto,
610 1783 681 1817 longe
692 1779 745 1814 sto.
786 1782 854 1807 Hor.
874 1781 904 1807 in
922 1781 987 1807 Arte
1004 1782 1121 1814 Po‘e't.45
1132 1780 1368 1811 altercationibus,
1388 1787 1453 1813 quas
1467 1779 1496 1805 in
1509 1779 1599 1804 senatu
1613 1778 1694 1804 factas
1709 1779 1800 1817 audio,
1815 1780 1937 1818 fei-onon
1951 1781 2069 1807 moleste.
2090 1785 2108 1807 i.
2125 1784 2189 1808 Non

37 1825 64 1845 v.
74 1820 115 1850 361
137 1817 172 1843 Vt
186 1815 287 1851 picium
300 1815 382 1850 po‘e'fis
394 1817 460 1843 erit:
476 1825 558 1852 quae,
572 1817 590 1843 fi
604 1817 714 1852 propius
726 1817 791 1849 stes,
815 1816 863 1843 Te
884 1818 970 1851 capiet
982 1817 1079 1851 magis:
1133 1815 1277 1852 inter-fuist&
1297 1815 1354 1840 dum
1365 1813 1462 1849 fierent
1480 1814 1679 1852 altercationes..
1697 1848 1703 1852 Ι
1721 1813 1778 1839 Cic.
1799 1814 1899 1848 Topic.
1920 1820 1946 1845 81
1979 1816 2145 1843 Extrinsecus
2159 1826 2191 1844 ea

36 1859 63 1880 et
77 1852 202 1888 quaedam
211 1871 220 1885 ,
234 1852 251 1878 Γι
264 1852 368 1887 longius
381 1852 471 1879 austes.
509 1855 604 1887 Reponi
616 1857 690 1879 etiam
705 1855 761 1879 vult
774 1854 856 1880 Bentl.
914 1852 994 1886 Epist.
1009 1861 1029 1884 1,
1044 1858 1079 1883 18,
1134 1853 1267 1878 ducuntur
1276 1869 1284 1880 ‚
1305 1856 1373 1882 quae
1385 1847 1494 1880 absunt,
1508 1847 1640 1886 longeque
1653 1847 1785 1875 disiunGm
1799 1849 1866 1875 sunt.
1978 1850 1998 1887 fl
2018 1859 2035 1877 2
2056 1852 2191 1880 Adjicitur

37 1894 67 1924 58
88 1889 119 1915 Et
135 1887 317 1915 inexcusabilis
331 1887 427 1921 abstes,
437 1896 487 1924 pro
504 1888 579 1915 abiis.
626 1888 728 1919 Abstit,
737 1894 787 1922 pro
800 1887 925 1917 Abstitit‚
946 1887 1011 1919 legit
1025 1887 1080 1911 Pri·
1134 1892 1178 1920 ope
1191 1882 1386 1919 pracpofitiwzis
1404 1891 1420 1922 a
1440 1885 1480 1908 vel
1492 1883 1525 1908 ab
1544 1885 1611 1917 quast
1630 1887 1766 1914 terminus,
1787 1893 1802 1909 a
1816 1894 1861 1919 qun
1876 1883 1959 1922 abesse
1972 1887 2071 1920 aliquid
2083 1887 2191 1919 dicitur,

35 1925 113 1952 scian.
128 1924 208 1951 Ouid.
229 1924 293 1950 Met.
307 1932 340 1956 11,
358 1932 395 1958 47
431 1924 560 1955 Alcyones
581 1923 723 1954 lacrymas,
739 1927 769 1952 at
789 1929 857 1954 quae
876 1928 935 1954 pars
955 1920 1081 1946 admonet
1135 1929 1161 1946 v.
1176 1929 1200 1953 g.
1215 1920 1311 1945 Traia.
1326 1918 1359 1944 ad
1372 1917 1439 1943 le.
1454 1925 1497 1948 10,
1518 1925 1545 1948 33
1582 1917 1752 1957 Curandum,
1774 1927 1807 1943 ne
1831 1918 1930 1957 milites
1955 1928 1970 1944 a
1993 1920 2071 1954 lignis
2094 1921 2188 1949 absint.

34 1959 122 1988 abstit.
164 1962 194 1986 [τι
207 1959 283 1985 cdm'r
295 1967 377 1985 tamen
389 1960 490 1992 legitur,
502 1957 584 1983 Absit.
627 1958 706 1983 Verba
719 1956 845 1982 Prisciani
852 1955 915 1990 sunt
929 1955 945 1980 l.
954 1963 976 1981 ιι
997 1965 1022 1988 p·
1031 1958 1078 1983 862
1090 1961 1122 1985 50
1136 1955 1193 1979 Cic·
1208 1955 1231 1978 V
1233 1962 1284 1978 err·
1293 1961 1327 1983 4,
1347 1960 1379 1983 39
1410 1951 1502 1977 Abest-²
1515 1951 1549 1977 ab
1562 1950 1644 1991 domo,
1657 1953 1790 1987 PaUhsPer
1802 1953 1906 1980 malum
1960 1954 1999 1981 Id·
2025 1956 2097 1983 Fam·
2117 1959 2149 1991 ⁶2
2171 1967 2189 1985 2

35 1995 104 2024 med.
136 1995 251 2022 Ouidius
268 2001 357 2020 tamen
368 1993 454 2025 Abstit
473 2000 522 2026 pro
534 1989 643 2025 Abstitit
655 1991 767 2026 protulit
780 1991 809 2016 in
821 1992 867 2016 Χι.
881 1991 990 2026 Metam.
1002 1990 1079 2019 Alcy-
1134 1988 1188 2012 Aut
1201 1987 1274 2021 quod
1287 1985 1368 2012 abfim
1379 1985 1413 2012 ab
1429 1986 1511 2019 vrbe,
1533 1992 1580 2027 νὴ,
1598 1996 1646 2022 <311¹
1660 1988 1692 2028 ad
1705 1994 1730 2014 te
1745 1988 1961 2023 proficiscantur,
1982 1991 2048 2018 scire
2061 2001 2116 2019 non
2129 1995 2189 2028 pos-

35 2040 93 2058 ones
109 2032 241 2059 lacrimis,
260 2036 284 2055 et
298 2037 358 2065 quae
370 2035 437 2064 pars
455 2028 568 2061 admonet
585 2025 667 2057 afflit.
704 2026 736 2050 Et
754 2023 848 2049 abfisto
868 2029 942 2046 enim
961 2027 987 2046 et
1003 2020 1078 2047 absto
1133 2021 1189 2047 sim.
1225 2021 1262 2047 Id.
1278 2021 1310 2047 de
1323 2021 1379 2048 sen.
1394 2024 1430 2048 66
1462 2023 1696 2058 Appropinquatio
1713 2025 1825 2058 mortis,
1847 2034 1914 2060 quae
1933 2032 2004 2054 certe
2024 2036 2040 2054 a
2054 2029 2189 2056 senefiute

35 2065 126 2094 abstffi
141 2065 212 2090 facit.
673 2092 679 2097 ο
921 2091 926 2096 y
1133 2065 1189 2099 non
1202 2056 1286 2091 potest
1298 2056 1377 2092 longe
1391 2057 1484 2100 abesse.
1598 2059 1619 2098 Ἴ
1639 2068 1653 2092 3
1675 2061 1763 2096 Spatia
1777 2062 1884 2088 locorum
1897 2072 1926 2088 ac
1938 2067 2057 2098 temporis
2069 2066 2189 2101 quomodo

74 2105 322 2130 ΛΒεΤΛΝΊ-ιΑ,
346 2103 385 2122 ac.
439 2093 483 2121 Sol
502 2101 585 2129 quum
605 2092 712 2127 longius
731 2090 797 2118 abiit
814 2090 945 2118 abstantia
964 2091 1078 2126 quadam
1131 2093 1313 2130 adiungantur,
1321 2094 1452 2129 apparebit
1463 2103 1493 2120 ex
1499 2094 1626 2131 formulis
1639 2094 1710 2128 rstt's,
1747 2095 1826 2123 Abest
1841 2103 1894 2124 tres
1904 2099 2004 2125 menses
2012 2099 2080 2127 Ter.
2089 2102 2189 2129 Heaut.

37 2137 104 2165 Vim
119 2144 145 2167 9,
157 2143 176 2166 4
195 2141 220 2167 p.
234 2137 287 2166 ¹87·
396 2147 404 2156 x
1091 2133 1120 2160 55·
1133 2138 1159 2162 1,
1181 2138 1208 2162 ι,
1230 2130 1274 2156 66.
1330 2130 1387 2156 Cic.
1401 2130 1473 2157 Fam.
1489 2140 1524 2164 4,
1543 2139 1575 2163 23
1606 2131 1690 2158 Abfui
1707 2141 1828 2167 magnam
1849 2140 1951 2168 partem
1971 2136 2119 2164 consulatus
2136 2138 2187 2165 tui.

71 2174 195 2197 ABSTO
205 2171 350 2207 RQVEO,
368 2174 405 2192 es.
432 2163 598 2200 [ἐπος-ρέφω]
640 2161 813 2198 Torquendo
831 2163 935 2190 aufero.
983 2164 1078 2190 Accius
1132 2165 1190 2192 Cic.
1206 2166 1278 2192 Fam.
1293 2173 1338 2198 10,
1360 2174 1390 2200 17
1410 2166 1553 2193 Ventidius
1567 2167 1642 2194 bidui
1656 2168 1740 2203 spatio
1755 2169 1826 2196 abest
1839 2169 1871 2196 ab
1884 2179 1925 2197 eo.
1983 2171 2020 2199 Id.
2035 2173 2090 2200 Att.
2105 2182 2134 2207 ς,
2156 2175 2187 2201 16

33 2205 103 2241 apud
116 2204 237 2232 Nonium
249 2212 272 2235 3,
285 2203 328 2230 66.
369 2200 518 2237 Abstorque
529 2209 652 2236 proram,
665 2208 695 2226 ac
708 2201 786 2234 supra
801 2205 885 2226 tortas
898 2198 1014 2234 copulas.
1032 2201 1077 2227 Al.
1131 2206 1199 2241 extr.
1231 2201 1290 2228 Nos
1310 2201 1339 2227 in
1364 2201 1445 2229 castra
1463 2203 1686 2238 properabamus,
1707 2213 1774 2240 quae
1794 2205 1903 2232 aberant
1916 2206 2003 2234 bidui.
2060 2210 2092 2235 Et
2105 2217 2135 2242 ς,
2156 2217 2188 2245 17

33 2244 131 2279 agunt,
144 2239 290 2274 Abtorque.
340 2273 347 2278 Ι
669 2270 676 2278 .
1131 2245 1215 2272 princ.
1230 2237 1332 2278 cum-in
1344 2237 1425 2279 castra
1438 2239 1635 2273 proficiscerer,
1656 2249 1671 2266 a
1684 2240 1781 2276 quibus
1801 2241 1908 2269 aberam
1928 2242 2020 2277 bidui,
2041 2245 2120 2271 intell.
2141 2246 2187 2272 iti.

73 2273 302 2308 ABSTRAHO,
320 2282 364 2306 xi,
388 2272 476 2306 8111111,
497 2273 551 2299 ere.
579 2271 724 2308 [oimwfm
744 2270 880 2305 οἷποσηοίω]
920 2272 958 2298 Ex
977 2270 1032 2299 Abs
1052 2278 1078 2298 et
1130 2282 1210 2306 nere,
1231 2273 1332 2308 spatio,
1352 2282 1407 2300 via.
1443 2275 1516 2302 Caes.
1532 2275 1597 2302 Bell.
1611 2276 1679 2303 Gall.
1693 2284 1723 2310 ς,
1744 2279 1782 2310 46
1809 2278 1891 2304 Cuius
1904 2277 2016 2306 hiberna
2029 2279 2139 2307 aberant
2153 2281 2188 2308 ab

36 2311 149 2345 Traho,
165 2313 266 2348 proprie
279 2310 302 2336 A
314 2311 365 2336 loco
377 2309 497 2341 trahere,
516 2311 534 2334 i.
554 2309 680 2347 Violenter
692 2307 818 2334 abducere.
860 2305 1019 2340 Construitur
1035 2310 1117 2336 ‹zu-60
1131 2318 1165 2336 eo
1176 2308 1263 2336 millia
1276 2310 1392 2344 passuum
1407 2318 1480 2338 xxv.
1517 2311 1693 2339 Adrumetum
1705 2312 1776 2340 abest
1790 2322 1805 2340 a
1817 2315 1896 2341 Zama
1909 2315 2016 2342 circiter
2028 2316 2115 2343 millia
2130 2318 2187 2352 pas-

35 2348 250 2384 nmfrewemius
263 2355 316 2373 cum
329 2345 435 2372 ablatiuo
447 2351 470 2371 et
478 2345 659 2380 praepositione
672 2344 695 2370 A
708 2345 748 2371 vel
760 2343 817 2377 Ab,
831 2350 875 2384 qut
887 2352 942 2370 cum
959 2343 1077 2384 adzaeerbio
1133 2346 1208 2372 suum
1221 2351 1339 2372 trecenta
1373 2346 1442 2380 Nep.
1457 2355 1503 2379 23,
1525 2349 1558 2380 6,
1580 2357 1602 2380 3.
1638 2349 1719 2375 Conf.
1734 2349 1772 2376 Id.
1788 2357 1814 2382 1,
1834 2360 1870 2384 4,
1891 2359 1916 2377 2.
1952 2378 1955 2381 ,
1974 2352 2052 2378 Zama
2066 2353 2187 2388 quinque

37 2386 88 2413 loco
102 2387 154 2412 tius
164 2383 278 2410 ablatiui.
317 2381 354 2408 Vi
366 2380 514 2407 abstrahere
527 2380 588 2406 Liu.
598 2388 625 2413 3,
641 2388 688 2413 44.
727 2380 796 2414 Qiis
810 2380 894 2415 igitur
907 2387 969 2406 eum
983 2379 1017 2406 ab
1030 2379 1077 2406 illa
1131 2381 1237 2408 dierum
1251 2382 1302 2408 iter
1313 2381 1346 2409 ab
1360 2381 1522 2417 Carthagine
1535 2383 1608 2410 abest
1628 2384 1689 2411 Liu.
1703 2393 1750 2419 30,
1771 2393 1815 2418 29.
1853 2386 1910 2413 Cic.
1926 2395 1976 2421 pro
1984 2387 2052 2414 Sext.
2067 2396 2102 2421 29
2124 2389 2188 2416 Edi-

38 2419 163 2448 abstraxit
180 2418 228 2445 nisi
247 2426 298 2453 ego
322 2417 390 2444 Ter.
404 2416 471 2443 And.
484 2425 507 2449 3,
520 2425 546 2449 z,
560 2424 606 2456 39..
642 2416 711 2442 Ter.
726 2415 801 2442 Adel.
816 2423 839 2448 ς,
859 2422 927 2457 3,-37
957 2431 967 2437 -
988 2432 998 2438 -
1018 2432 1029 2437 -
1049 2421 1077 2442 et
1131 2417 1235 2452 xitque,
1247 2417 1331 2458 Ytsslb
1348 2416 1416 2444 vrbe
1438 2417 1533 2445 abelset
1548 2419 1635 2446 millia
1649 2421 1764 2456 passuum
1778 2421 1897 2449 ducenta.
1935 2423 1973 2449 Id.
1986 2431 2037 2457 pro
2050 2424 2139 2451 Caeci.
2152 2430 2187 2457 23

37 2456 112 2484 istam
132 2455 264 2490 psaltriam
299 2453 358 2480 Vna
377 2452 440 2480 illuc
456 2461 560 2479 mecum
580 2451 640 2478 hinc
660 2451 818 2478 abstraham.
871 2451 925 2491 νίπτ-
941 2450 1077 2491 Donatus,
1132 2453 1209 2487 Qiot
1221 2453 1308 2480 millia
1321 2452 1417 2480 fundus
1431 2454 1492 2482 suus
1504 2454 1600 2483 abesset
1612 2456 1645 2482 ab
1658 2456 1734 2483 vrbe.
1791 2457 1830 2483 Id.
1851 2477 1859 2484 .
1882 2477 1888 2483 .
1911 2477 1918 2483 .
1954 2459 2137 2495 Reliquaeque
2149 2460 2188 2488 le-

38 2491 143 2520 Mecum
157 2490 218 2518 hinc
231 2489 376 2516 abstraharn
390 2499 396 2516 ε
420 2497 475 2515 11011
488 2487 631 2520 abducam,
652 2487 694 2528 sed
714 2487 785 2522 quod
805 2486 842 2513 est
855 2487 1013 2520 saeuientis,
1032 2487 1077 2527 ab.
1086 2483 1118 2517 65
1131 2490 1224 2524 giones
1237 2498 1362 2524 magnum
1375 2490 1488 2525 spatium
1503 2490 1625 2518 abeffent.
1662 2491 1752 2525 Idem,
1773 2493 1841 2519 Cum
1854 2502 2000 2528 paucorum
2013 2495 2120 2523 dierum
2133 2497 2187 2525 iter

37 2527 171 2556 strabam..
208 2526 265 2553 Cic.
278 2525 391 2560 Philipp.
405 2533 427 2558 3,
441 2533 465 2558 31
483 2533 506 2551 c.
519 2532 547 2551 12
566 2523 608 2551 Ab
621 2523 671 2550 hoc
685 2529 787 2564 impetu
805 2522 949 2563 abstractus
966 2522 1078 2550 consilio
1131 2524 1235 2552 abesset.
1292 2525 1365 2551 Idem
1378 2534 1428 2561 pro
1440 2527 1525 2554 Plane.
1567 2528 1624 2561 Qi
1647 2536 1707 2554 cum
1726 2528 1840 2555 abess'ent
1859 2529 1964 2565 aliquot
1982 2530 2087 2558 dierum
2101 2533 2184 2560 viam.

39 2569 65 2590 et
81 2563 164 2597 copiis
175 2561 302 2588 caesaris.
351 2561 407 2588 Cic.
421 2561 493 2588 Fam.
507 2567 546 2593 10,
559 2565 586 2590 18
604 2559 695 2594 Siquas
712 2560 810 2594 Copias
829 2567 844 2585 a
858 2558 960 2593 Lepido
979 2558 1076 2586 abstra-
1131 2558 1153 2624 p
1173 2570 1193 2595 4
1219 2560 1355 2588 Aduerbiis
1367 2564 1442 2588 etiam
1455 2565 1585 2599 iungitur,
1614 2563 1680 2590 Plin.
1694 2572 1726 2597 z,
1747 2566 1776 2591 16
1813 2565 1877 2591 Illae
1888 2574 1903 2592 a
1917 2571 1988 2592 terra
1999 2567 2119 2595 altissime
2138 2568 2185 2596 ab-

40 2598 141 2626 xiss'ent.
180 2597 218 2623 ld.
233 2605 281 2631 pro
293 2595 390 2622 Archia
403 2604 431 2623 12
449 2605 472 2622 c.
486 2597 502 2622 6
520 2597 556 2622 Vt
571 2595 604 2622 ab
617 2595 670 2622 illis
683 2595 758 2622 nullo
771 2604 815 2622 me
826 2603 942 2629 vnquam
956 2601 1077 2630 tempore
1145 2602 1209 2630 unt,
1229 2606 1289 2623 cum
1301 2597 1444 2625 tardiffime
1461 2605 1613 2626 mouentur.
1652 2599 1735 2626 Plaut.
1749 2600 1832 2627 Merc.
1848 2609 1876 2634 ς,
1897 2610 1929 2634 2,
1951 2610 1978 2636 53
2020 2602 2087 2630 Non
2105 2604 2186 2640 longe

43 2640 88 2661 aut
109 2631 278 2659 commodum
298 2631 471 2664 abstraxerit,
496 2637 541 2658 aut
560 2631 681 2666 voluptas
702 2631 878 2670 auocauerit.
893 2637 939 2657 aut
961 2631 1077 2671 denique
1133 2631 1196 2660 hinc
1209 2632 1280 2660 abest
1292 2633 1406 2660 anobis.
1449 2634 1567 2669 Longius
1599 2635 1668 2661 Ter.
1685 2637 1781 2662 Heaut.
1796 2644 1824 2669 ς,
1845 2645 1878 2670 2,
1899 2646 1933 2670 31.
1979 2638 2062 2666 Ouid.
2076 2641 2142 2668 Met.
2157 2650 2185 2674 2,

42 2670 147 2697 somnus
161 2667 309 2694 retardarit.
345 2667 401 2694 Cic.
416 2667 497 2694 Tusc.
512 2674 532 2699 ι,
553 2687 561 2693 .
581 2687 589 2694 .
610 2687 617 2694 .
645 2668 720 2695 Mors
732 2677 781 2694 nos
793 2666 903 2699 aMahs,
913 2668 1117 2698 nonassoms'lo
1131 2677 1193 2702 292.
1230 2669 1322 2704 Longe
1335 2670 1454 2704 gentium
1476 2671 1533 2698 Cic.
1547 2671 1601 2696 Att.
1615 2672 1647 2703 6,
1668 2680 1690 2703 3.
1727 2672 1886 2707 Longiffime
1901 2674 1958 2701 Cic.
1972 2675 2136 2709 pro‘Plancio
2144 2685 2182 2713 17.

42 2703 209 2731 abstraxisset.
249 2704 271 2729 A
289 2703 433 2738 Disciplina
451 2703 507 2730 Cic.
522 2702 599 2730 Acad.
612 2712 642 2738 4,
661 2723 668 2731 .
690 2724 696 2730 .
718 2725 725 2731 .
762 2703 907 2731 ciuitatem
925 2710 940 2729 a
959 2703 1077 2730 Seruitio
1132 2704 1242 2732 Paulum
1256 2706 1313 2732 Cic.
1327 2705 1406 2732 Acad.
1421 2713 1446 2738 1,
1468 2725 1475 2733 .
1498 2725 1505 2733 .
1549 2707 1693 2741 Parumper
1706 2716 1721 2734 a
1734 2708 1794 2734 Sole
1815 2708 1854 2735 Id.
1868 2709 1938 2736 Tus.
1953 2717 1983 2743 ς,
2003 2718 2047 2744 92.
2089 2712 2185 2740 Procul

42 2739 99 2767 Cic.
114 2741 185 2766 Fam.
198 2741 236 2771 16,
249 2740 286 2765 16.
332 2739 388 2766 Cic.
403 2738 435 2765 de
447 2739 521 2766 Orat.
535 2747 558 2772 3,
572 2747 616 2772 145
635 2748 657 2766 c.
670 2742 702 2773 36
720 2741 783 2774 Qto
796 2748 855 2766 cum
870 2739 994 2773 ingressus
1006 2740 1078 2773 effes,
1131 2741 1194 2768 Liu.
1210 2749 1237 2774 1,
1260 2761 1267 2768 .
1289 2761 1296 2768 .
1334 2742 1391 2769 Cic.
1400 2742 1471 2769 Fam.
1484 2750 1514 2775 3,
1535 2750 1557 2775 ς.
1606 2743 1706 2777 Prope,
1726 2746 1756 2770 it.
1778 2745 1889 2779 Propius
1902 2745 1985 2772 abesse
1998 2747 2055 2774 Cic.
2070 2748 2184 2782 Att.1,1.

6 2797 7 2802 ,
40 2782 146 2811 repente
157 2782 183 2802 te
196 2774 303 2810 quidam
316 2774 398 2801 aestus
413 2775 514 2809 ingenii
528 2775 707 2811 tuiabripuit,
720 2777 808 2812 Atque
816 2776 844 2802 in
851 2774 1077 2810 altumaCOnspe—
1131 2776 1250 2804 Multum
1262 2776 1334 2804 abest
1346 2777 1380 2804 ab
1394 2777 1443 2811 iis,
1465 2781 1483 2804 i.
1506 2779 1589 2810 Longe
1609 2777 1643 2811 cst
1654 2781 1772 2815 Inferlor.
1800 2781 1857 2807 Cic.
1872 2781 1901 2807 in
1916 2782 1989 2808 Brut.
2003 2792 2025 2810 c.
2040 2785 2083 2810 62.
2140 2784 2183 2811 Ab

7 2840 8 2846 ἵ
40 2811 84 2838 &u
91 2819 155 2846 pene
163 2811 282 2841 omnium
289 2809 422 2837 abstraxit.
458 2811 515 2838 Cic.
530 2811 562 2838 de
575 2812 650 2841 Orat.
665 2820 686 2846 1,
699 2817 724 2842 81
745 2811 846 2839 Deinde
859 2811 926 2838 illud
939 2812 1019 2838 etiam
1032 2821 1077 2839 ve·
1130 2822 1164 2840 eo
1177 2813 1324 2849 plurimum
1337 2813 1428 2840 absum
1459 2814 1516 2841 Cic.
1531 2810 1591 2841 de'F
1593 2814 1629 2841 in.
1639 2824 1680 2847 3c.
1688 2823 1714 2842 2.
1733 2819 1751 2842 i.
1760 2817 1804 2843 hoc
1812 2819 1888 2852 plane
1899 2827 1976 2844 meum
1988 2818 2114 2853 confilium
2132 2830 2183 2847 non

7 2850 8 2865 ³
41 2847 152 2875 rendum
165 2846 216 2879 est,
235 2856 268 2873 ne
282 2846 461 2874 abstrahamur
473 2847 505 2874 ab
519 2846 566 2874 hac
580 2847 775 2876 Exercitatione
789 2854 814 2874 et
828 2847 1024 2875 Consuetudine
1037 2848 1076 2875 di-
1085 2852 1117 2881 75
1129 2847 1172 2882 est.
1219 2848 1295 2876 Vnde
1308 2849 1387 2885 longe
1399 2849 1491 2877 absum
1522 2850 1579 2877 Cic.
1595 2851 1622 2877 in
1636 2851 1708 2878 Brut.
1728 2857 1778 2884 318.
1810 2856 1828 2879 i.
1841 2853 1871 2879 ab
1883 2856 1984 2889 ingenio
1998 2862 2022 2881 et
2034 2857 2181 2891 eloquentia.

40 2882 117 2910 <endi
129 2882 250 2918 populari
262 2888 287 2909 et
300 2882 406 2910 forensi.
445 2883 502 2910 Cic.
515 2883 598 2911 Tusc.
611 2893 640 2918 4,
652 2889 682 2917 38
701 2885 812 2912 Animus
831 2884 974 2911 concitatus
991 2890 1017 2911 et
1029 2884 1075 2912 ab·
1129 2883 1152 2924 ff
1172 2892 1186 2918 ς
1207 2885 1267 2913 Cum
1280 2887 1375 2913 Datiuo
1388 2887 1508 2922 peernae
1526 2890 1602 2913 etiam
1619 2886 1786 2921 corylruitur,
1802 2896 1826 2914 et
1845 2891 1954 2914 vicinum
1967 2888 2001 2921 2st
2012 2891 2086 2917 verbo
2099 2890 2182 2924 deff,

8 2930 9 2946 1
41 2918 147 2946 stractus
161 2918 193 2945 ab
208 2919 309 2953 integra
320 2925 443 2955 certaque
455 2920 585 2953 Ratione,
604 2929 659 2948 non
672 2921 843 2948 constantiam
862 2919 946 2947 solum
964 2921 1076 2954 amittit,
1129 2920 1178 2955 mfi
1215 2921 1263 2949 uod
1279 2922 1326 2949 hoc
1343 2921 1379 2948 ad
1396 2931 1424 2948 ea
1435 2923 1497 2959 fere
1513 2926 1639 2958 pertinet,
1681 2933 1723 2950 uae
1735 2924 1839 2959 vitiose,
1857 2925 1897 2950 vel
1908 2934 1960 2950 cum
1975 2923 2063 2951 damno
2077 2926 2182 2962 nbfimt:

9 2981 10 2990 ἵ
41 2961 135 2982 verum
147 2955 227 2981 ctiam
241 2955 384 2981 sanitatem.
414 2955 471 2982 Cic.
485 2955 516 2982 de
529 2956 628 2984 sene&
637 2961 669 2987 80
686 2957 709 2984 A
723 2957 811 2984 Rebus
824 2956 943 2991 gerendis
957 2957 1076 2985 Γειιεὲὶιις
1128 2955 1178 2985 abe
1198 2966 1212 2984 e
1224 2964 1304 2985 utitem
1316 2959 1389 2991 μέσον
1401 2956 1443 2991 cst.
1487 2959 1546 2986 Hoc
1559 2968 1642 2986 vnum
1655 2959 1665 2986 i
1678 2959 1712 2992 li,
1734 2959 1752 2985 fi
1766 2959 1835 2986 nihil
1848 2959 1972 2986 Vtilitatis
1985 2959 2114 2994 habebat,
2136 2962 2182 2989 ab·

9 2992 10 2996 ’
42 2989 189 3018 abstrahit3
217 2990 274 3018 Cic.
287 2990 318 3017 de
331 2991 422 3018 Diuin.
432 2999 451 3024 1,
462 2996 494 3022 80
513 2992 594 3028 Saepe
607 2992 666 3020 vidi
679 2993 708 3020 in
721 2993 825 3029 Aesopo
838 2997 938 3020 tantum
951 2992 1074 3021 ardorem
1129 2993 1204 3025 fuit;
1241 2993 1259 3020 si
1273 3002 1338 3028 opus
1351 2999 1424 3027 erat,
1444 2992 1532 3021 defuit
1553 2995 1610 3022 Cic.
1625 2996 1697 3022 Brut.
1713 3004 1735 3021 c.
1751 3001 1791 3026 80-
1829 2996 1886 3022 Cic.
1902 3005 1951 3031 pro
1965 2997 2039 3023 Rosc.
2048 2997 2139 3024 Amer.
2147 3006 2181 3031 30

8 3050 11 3054 .
42 3025 164 3052 vultuum
170 3026 254 3061 ‘atque
264 3032 384 3054 motuum
393 3048 401 3060 ,
415 3033 444 3054 vt
455 3036 517 3054 eum
529 3028 570 3055 vis
583 3029 711 3064 quaedam
724 3029 873 3056 abstraxisse
885 3037 900 3056 a
910 3029 989 3056 Sensu
1001 3039 1074 3057 men·
1083 3033 1117 3059 80
1129 3029 1207 3064 Quid
1228 3029 1262 3057 ab
1284 3029 1326 3056 his
1350 3035 1391 3057 tot
1413 3030 1551 3058 maleficiis
1573 3030 1676 3057 sceleris
1694 3031 1777 3058 abesse
1790 3031 1898 3058 videtur
1912 3033 1920 3058 3
1957 3032 2013 3058 Cic.
2031 3041 2082 3067 pro
2096 3035 2181 3061 Corn.

10 3062 12 3071 ”
37 3061 76 3089 ,tis
87 3061 231 3102 videretur.
266 3062 322 3090 Cic.
335 3063 364 3090 in
375 3063 464 3093 Somn.
478 3064 580 3098 Scip.zt
605 3064 687 3100 quue
699 3066 774 3092 ocius
794 3064 888 3097 faciet,
906 3064 924 3092 fi
938 3066 991 3092 iam
1005 3072 1074 3100 tum,
1129 3065 1203 3094 Balb.
1216 3074 1234 3099 9
1263 3065 1337 3100 Quid
1355 3065 1428 3093 abest
1446 3065 1509 3094 huic
1529 3066 1651 3100 homini,
1673 3067 1745 3102 quod
1759 3067 1777 3094 fi
1790 3068 1898 3100 adesset,
1919 3067 1978 3093 iure
1991 3067 2041 3095 hoc
2055 3075 2081 3096 et
2093 3069 2181 3097 tribui

43 3105 102 3124 cum
116 3103 168 3124 erit
179 3096 290 3124 inclusus
302 3099 330 3125 in
342 3105 462 3134 corpore,
477 3100 606 3127 eminebit
613 3101 694 3134 foras,
707 3107 733 3128 et
741 3110 770 3128 ea
778 3109 844 3136 quae
851 3106 923 3128 extra
929 3107 1006 3129 erunt
1012 3111 1075 3129 con·
1127 3107 1156 3129 et
1169 3102 1278 3129 concedi
1291 3109 1442 3137 putaremus
1456 3104 1466 3130 Ξ
1501 3104 1578 3130 Varr.
1593 3103 1625 3130 de
1639 3105 1670 3130 R.
1685 3105 1716 3130 R.
1731 3112 1762 3136 2,
1782 3112 1799 3130 2
1821 3105 1850 3130 Et
1863 3104 1880 3129 si
1894 3103 1936 3129 cui
1951 3104 2077 3132 vetustate
2089 3105 2181 3134 dentes

41 3132 184 3168 temptans,
204 3140 282 3173 quam
293 3135 406 3161 maxime
419 3135 450 3162 Se
463 3143 478 3162 a
491 3135 612 3172 Corpore
629 3137 770 3164 abstrahet.
809 3137 865 3163 Cic.
880 3146 928 3172 pro
942 3138 1030 3165 Deiot.
1046 3143 1075 3171 38
1127 3137 1232 3166 absunt.
1268 3137 1349 3166 Ouid.
1358 3138 1479 3174 Epist.9,
1500 3148 1527 3172 33
1550 3140 1600 3166 Vir
1613 3139 1683 3166 mihi
1695 3141 1796 3174 semper
1808 3138 1887 3165 abest.
1924 3139 1982 3166 Cic.
1990 3139 2022 3166 de
2029 3141 2179 3176 Orat-1,48

41 3177 64 3195 c.
80 3176 109 3209 ις,
129 3168 196 3208 Non·
206 3167 300 3208 dubito
312 3171 378 3204 quin
388 3171 441 3198 tuis
453 3171 553 3206 literis,
572 3181 635 3208 quas
648 3173 682 3200 ad
696 3183 756 3200 eum
769 3172 924 3200 Tarracone
942 3172 1004 3201 huic
1017 3174 1076 3201 Ble-
1130 3174 1206 3209 Quid
1219 3173 1281 3201 huic
1294 3175 1378 3202 abeffe
1390 3176 1490 3210 poterit
1502 3175 1535 3202 de
1547 3176 1724 3202 maximarum
1742 3183 1831 3202 rerum
1851 3175 1975 3202 scientia?
2119 3178 2139 3216 q
2162 3179 2180 3205 6

40 3204 125 3245 samio
138 3203 280 3245 dedxstuSc
292 3206 374 3240 magis
384 3207 464 3234 etiam
477 3209 601 3242 erexerit,
608 3208 641 3236 ab
654 3210 783 3244 omnique
797 3207 968 3237 Solicitudine
980 3210 1077 3238 abstra-
1089 3214 1118 3246 85
1131 3212 1211 3247 Qum
1225 3212 1275 3237 late
1282 3218 1361 3246 porro
1371 3218 1458 3247 pateat
1471 3213 1516 3239 hoc
1530 3212 1628 3238 verbum
1637 3231 1643 3243 ,
1661 3213 1776 3246 exemplis
1789 3211 1846 3242 {stis
1858 3210 2008 3238 declaratur.
2057 3213 2114 3240 Cic.
2128 3223 2180 3249 pro

38 3246 120 3281 xerrt.
160 3239 216 3266 Cic.
237 3249 286 3280 pro
301 3240 428 3280 Fonteio,
449 3245 480 3275 36
504 3243 579 3272 Num
597 3246 677 3272 etiam
696 3245 728 3272 de
741 3245 834 3272 matris
848 3244 914 3272 hunc
927 3246 1077 3282 Complexu
1131 3247 1163 3274 C.
1177 3245 1269 3274 Rabir.
1285 3248 1314 3274 16
1332 3247 1364 3274 Et
1376 3256 1474 3274 nomen
1488 3247 1573 3282 ipsum
1585 3247 1670 3274 crucis
1683 3247 1748 3274 abfit
1760 3254 1814 3272 non
1826 3246 1908 3273 modo
1921 3255 1936 3273 a
1948 3256 2061 3283 corpore
2075 3250 2178 3277 ciuium

11 3293 15 3309 .
39 3274 199 3308 letihssimae,
208 3276 568 3317 miserrimaequefoeminae
581 3280 659 3308 vobis
673 3280 878 3316 inspeetantibus
890 3282 984 3310 auellat
996 3289 1076 3318 atque
1131 3283 1210 3310 Rom.
1225 3282 1268 3310 sed
1280 3283 1361 3310 etiam
1373 3291 1389 3310 a
1401 3283 1581 3318 cogitatione,
1601 3284 1701 3315 oculis,
1721 3281 1840 3308 auribus.
1883 3283 1941 3310 Cic.
1954 3283 2067 3320 Philipp.
2084 3294 2128 3318 10,
2151 3293 2178 3319 ις

40 3310 172 3353 abstrahet
186 3313 195 3338 Ξ
223 3312 281 3352 C1c3
296 3320 345 3346 pro
359 3312 470 3353 Coelio,
482 3323 512 3347 59
530 3317 598 3344 Cum
611 3317 776 3351 QMetellus
789 3316 981 3346 abstraheretur
991 3328 1006 3346 e
1019 3319 1075 3346 sinu
1130 3319 1253 3347 Tantum
1266 3326 1354 3346 autem
1368 3318 1458 3347 aberat
1470 3328 1484 3347 a
1498 3319 1586 3352 bello,
1606 3326 1634 3346 vt
1648 3327 1729 3354 quum
1742 3317 1886 3352 cupiditate
1899 3318 2029 3347 libertatis
2048 3321 2125 3348 Italia
2138 3330 2179 3348 ar-

13 3365 16 3383 .
41 3355 196 3388 grem-ioque
210 3354 318 3388 patriae.
356 3349 476 3410 Cichpro
487 3349 554 3382 Sylla
565 3361 583 3385 9
603 3354 693 3387 Quare
706 3353 775 3380 nihil
789 3352 841 3385 est,
859 3353 930 3388 quod
949 3363 982 3382 ex
1001 3361 1075 3383 tanto
1129 3355 1221 3388 deret,
1242 3355 1360 3382 defuerit
1373 3356 1476 3383 ciuium
1490 3355 1581 3383 studiis
1601 3356 1703 3390 potius,
1725 3362 1804 3388 quam
1823 3363 1868 3380 eos
1888 3355 1917 3381 in
1935 3363 2071 3382 armorum
2086 3357 2178 3383 discri-

16 3416 17 3424 ἵ
43 3383 178 3410 comitatu
190 3391 312 3424 virorum
326 3384 406 3419 ampli
428 3393 541 3425 unorum
553 3396 596 3414 me
607 3397 690 3416 vnum
703 3388 844 3416 abstrahas.
880 3389 935 3417 Cic.
950 3391 978 3417 in
991 3392 1074 3418 Bruto
1078 3398 1115 3425 90
1129 3399 1191 3418 men
1204 3391 1354 3419 adduceret.
1368 3394 1385 3418 ι’.
1397 3394 1516 3419 Animum
1529 3392 1630 3418 habebat
1643 3401 1656 3416 ιι
1669 3389 1727 3416 bello
1740 3391 1852 3416 alsenam.
1896 3391 1919 3417 A
1932 3392 2042 3419 consilio
2055 3392 2178 3427 fugiendi

15 3425 17 3432 ⁴
43 3425 95 3456 2359
113 3419 250 3460 l’ompeius
262 3428 306 3446 vir
321 3419 352 3446 ad
366 3428 457 3461 omnia
471 3421 570 3448 summa
581 3430 671 3457 natus,
690 3426 822 3452 maiorem
840 3424 942 3453 dicendi
960 3426 1075 3462 gloriam
1129 3427 1189 3454 Cic.
1204 3428 1258 3455 Att.
1274 3436 1308 3463 7,
1329 3437 1365 3461 24
1385 3430 1403 3454 i.
1415 3428 1554 3455 abhorrere.
1590 3428 1612 3452 A
1625 3426 1795 3452 contentione
1814 3427 1888 3453 Caes.
1902 3435 1942 3462 ap.
1956 3428 2012 3454 Cic.
2026 3429 2081 3454 Att.
2096 3436 2139 3461 ιο,
2161 3433 2178 3459 8

42 3452 184 3494 habuisset,
203 3454 252 3481 mii
267 3464 328 3482 eum
347 3464 458 3482 maioris
478 3457 580 3491 gloriae
596 3460 724 3495 cupiditas
743 3461 775 3488 ad
795 3460 899 3488 bellicas
911 3462 1012 3491 Laudes
1029 3464 1076 3491 ab-
1131 3463 1228 3499 Neque
1241 3463 1375 3491 honestius
1387 3464 1503 3499 reperies
1516 3464 1667 3498 quicquam,
1676 3470 1754 3497 quam
1767 3462 1800 3489 ab
1814 3463 1888 3489 omni
1901 3464 2071 3490 contentione
2084 3462 2177 3491 abesse.

15 3495 17 3504 ¹
43 3487 174 3517 struuset.
211 3489 291 3518 Plaut.
305 3491 377 3518 Men.
392 3492 461 3519 Prol.
475 3495 510 3519 66
529 3492 713 3531 Abstraxitque
725 3496 865 3524 hominem
883 3497 911 3525 in
925 3508 1076 3528 maxumam
1131 3499 1154 3526 A
1168 3508 1296 3535 corpore,
1328 3499 1382 3526 vid.
1413 3499 1455 3527 Ab
1469 3499 1576 3526 auribus
1589 3498 1668 3532 paulo
1679 3504 1748 3524 ante.
1804 3499 1826 3524 A
1840 3498 1953 3525 crimine
1967 3499 2023 3526 Cic.
2036 3508 2086 3534 pro
2099 3500 2177 3527 Rosc.

14 3554 19 3569 ⁴.
43 3523 138 3552 malam
149 3525 269 3566 Crucem.
285 3563 290 3567 ι
306 3528 380 3554 Caes.
394 3528 458 3568 Bell.
467 3528 536 3555 Gall.
550 3538 577 3564 7,
591 3538 627 3563 42
643 3531 714 3559 Bona
729 3533 830 3560 ciuium
844 3533 920 3561 Rom.
933 3534 1076 3572 diripiunt,
1133 3535 1222 3563 Amer.
1236 3544 1280 3563 20.
1317 3534 1398 3564 Nihil
1411 3535 1480 3562 abest
1495 3544 1509 3561 a
1522 3542 1563 3560 me
1577 3533 1680 3568 longius
1692 3533 1855 3561 Crudelitate
1869 3534 1907 3561 Id.
1922 3536 1975 3561 Att.
1987 3543 2019 3568 9,
2044 3543 2082 3568 19.
2118 3536 2176 3564 Cic.

18 3577 19 3585 1
44 3558 132 3600 caedes
149 3560 264 3596 faciunt,
283 3571 312 3589 m
333 3563 494 3592 Seruitutem
507 3565 668 3594 abstrahunt.
712 3569 767 3601 Sic,
784 3571 816 3597 In
835 3569 988 3606 seruitium,
1007 3573 1076 3608 apud
1089 3578 1121 3606 93
1135 3572 1209 3598 Fam.
1221 3579 1264 3606 12,
1285 3580 1319 3599 22
1351 3572 1407 3606 Ego
1420 3578 1490 3598 certe
1503 3567 1608 3604 reipub.
1622 3578 1677 3596 non
1689 3570 1770 3597 deero
1784 3581 1789 3596 :
1824 3576 1850 3597 et
1864 3569 1992 3605 quicquid
2005 3570 2147 3605 acciderit,
2162 3580 2179 3599 a

18 3633 19 3640 ἵ
45 3593 106 3622 Ῐ-ῙΪΙ·
121 3601 160 3629 38,
178 3615 186 3624 ·
206 3615 213 3623 ·
436 3635 442 3641 -
1135 3616 1190 3642 quo
1202 3616 1262 3634 mea
1273 3607 1349 3643 culpa
1362 3607 1442 3640 absit,
1458 3608 1549 3633 animo
1562 3605 1629 3632 forti
1641 3605 1735 3634 feram.
1778 3606 1835 3633 Cic.
1850 3615 1899 3641 pro
1913 3606 1987 3632 Rosc.
2001 3606 2091 3634 Amet.
2106 3617 2129 3634 c.
2141 3615 2178 3635 20

83 3635 353 3674 ABSTRAcTys,
373 3635 467 3662 Partlc.
485 3635 684 3698 ἐξέπσσπαιθεῖς]
715 3639 817 3667 Praeter
832 3637 903 3668 dista
914 3642 986 3671 Caes.
1000 3645 1029 3672 B.
1044 3645 1078 3672 G.
1133 3644 1261 3671 Innocens
1274 3644 1310 3671 est
1323 3643 1455 3679 quispiam
1470 3653 1476 3669 :
1510 3648 1682 3669 veruntamen
1701 3650 1851 3678 quanquam
1870 3641 1941 3668 abest
1960 3649 1974 3668 a
1987 3641 2077 3677 culpa,
2097 3643 2177 3679 suspi-

19 3711 20 3714 ,
46 3670 70 3696 3.
83 3662 182 3705 ²⁸8&oe
194 3666 227 3693 ab
239 3667 265 3695 se
282 3668 381 3712 liberos
399 3671 484 3713 absita
512 3681 542 3700 os
559 3673 680 3701 obfidum
699 3675 825 3709 nornine,
843 3675 974 3708 dolebant.
1014 3680 1077 3709 Stat.
1132 3680 1211 3707 tione
1223 3685 1311 3707 tamen
1323 3688 1378 3706 non
1391 3684 1469 3705 caret.
1525 3677 1582 3704 Cic.
1597 3678 1668 3705 Fam.
1682 3680 1715 3712 6,
1732 3687 1748 3705 2
1767 3678 1900 3712 Intelliges
1912 3677 2047 3705 ferendam
2061 3679 2109 3705 elle
2123 3680 2179 3706 for-

47 3697 133 3727 Adul·
145 3709 166 3734 Ι,
179 3710 226 3735 133.
261 3720 272 3725 -
290 3718 301 3726 ·
318 3721 329 3727 -
355 3707 402 3742 :pss
415 3707 484 3734 1111111
498 3709 572 3743 saepe
585 3716 735 3744 queruntur
786 3711 926 3748 Centauri,
938 3722 1078 3752 raptasque
1132 3722 1224 3743 tunam
1233 3736 1242 3749 ,
1259 3715 1413 3752 praesertim
1433 3721 1500 3750 quae
1519 3713 1584 3740 absit
1597 3722 1612 3741 a
1626 3715 1709 3750 culpa.
1763 3715 1784 3740 A
1799 3713 1943 3748 cupiditate
1955 3714 2082 3748 pecuniae
2095 3714 2179 3742 abesse

20 3755 21 3762 1
46 3733 155 3769 d⁰m⁰¹2
172 3737 348 3779 ³bstrac‘l32que
359 3751 448 3770 coram
487 3744 621 3786 Armenta.
662 3747 775 3782 Metaph.
796 3748 905 3784 Animus
923 3751 1205 3787 concitatus,100Nep.
1218 3759 1265 3785 25,
1285 3761 1328 3784 12,
1347 3760 1371 3778 2.
1418 3749 1487 3777 Add.
1501 3758 1551 3782 20,
1570 3758 1596 3784 1,
1611 3759 1632 3777 2.
1670 3750 1711 3777 Ad
1724 3751 1823 3777 Heren.
1838 3758 1873 3781 4,
1893 3767 1899 3774 .
1916 3767 1924 3775 .
1956 3749 2058 3777 Absunt
2071 3758 2086 3777 a
2099 3750 2179 3777 nobit

20 3810 22 3815 .
46 3777 73 3809 ct
86 3769 224 3799 abstrafius
233 3772 268 3814 ab
282 3782 382 3820 integra
394 3786 517 3820 certaque
529 3787 707 3815 ratione,non
719 3782 892 3811 constantiam
904 3785 987 3814 solum
1000 3789 1077 3816 amit-
1132 3796 1224 3815 omnes
1237 3787 1286 3816 hae
1298 3786 1472 3814 difficultates.
1527 3786 1583 3813 Cic.
1596 3786 1680 3814 Tusc.
1692 3795 1706 3819 3
1731 3786 1795 3813 Non
1808 3783 1921 3811 multum
1934 3784 2005 3812 abest
2019 3785 2051 3812 ab
2065 3787 2175 3814 insania.

44 3811 93 3837 Μ,
112 3814 283 3849 “umquem
295 3811 429 3854 sanitatem
448 3816 601 3856 C1c3Tusc.
615 3827 644 3851 4,
657 3823 694 3851 38.
722 3819 812 3851 Qtum
826 3827 841 3846 a
853 3829 962 3856 corpore
973 3824 1077 3852 animus
1132 3824 1254 3851 Insidiae.
1290 3823 1373 3851 Ouid.
1386 3822 1418 3849 de
1432 3823 1496 3847 Arte
1509 3821 1568 3848 Am.
1582 3831 1594 3855 3
1603 3842 1611 3855 ,
1629 3827 1670 3856 538
1697 3821 1770 3848 Adde
1783 3820 1856 3856 quod
1870 3819 1978 3848 insidiae
1991 3821 2068 3848 sacris
2082 3830 2096 3848 a
2109 3823 2177 3849 vati-

45 3840 292 3891 ³bst¹⁴³qh¹5d¹⁰m⁰
304 3847 427 3891 fflstlfffssu
439 3857 586 3892 concitatur
600 3853 656 3880 Cic·
671 3854 734 3881 Diu·
749 3863 759 3882 1
778 3864 800 3881 C·
815 3863 848 3887 3¹-
934 3862 935 3865 ’
1131 3859 1181 3887 bus
1195 3859 1298 3887 absunt.
1334 3857 1376 3885 Ab
1390 3857 1532 3884 Insolentia
1545 3859 1646 3893 gloriae
1659 3858 1742 3885 abesse
1755 3856 1824 3891 Nep.
1841 3863 1885 3890 17,
1900 3865 1929 3890 ς,
1950 3865 1975 3884 2.
2012 3858 2069 3884 Cic.
2083 3858 2137 3884 Att.
2152 3863 2178 3891 8,

81 3884 101 3903 Α
111 3883 146 3904 Rs
156 3882 204 3904 ΤΚ
213 3885 349 3916 AC'rto,
368 3893 436 3912 onis.
470 3886 562 3920 Dictys
575 3889 705 3917 Cretensis
718 3899 740 3924 ι,
752 3900 771 3925 4
790 3891 941 3920 abstractio
956 3895 1077 3932 coniugis
1132 3903 1158 3928 ις
1191 3896 1283 3929 Qum
1306 3901 1332 3921 et
1354 3894 1396 3921 illi
1419 3894 1490 3920 ciues
1513 3895 1611 3930 optimi
1629 3894 1698 3926 sint,
1724 3900 1749 3919 et
1761 3901 1811 3927 ego
1824 3891 1857 3919 ab
1871 3891 1918 3919 ista
1931 3891 2007 3920 lande
2020 3902 2074 3920 ”⁰¹¹
2086 3891 2178 3920 flbfim’

45 3912 166 3975 utimum,
176 3921 355 3978 get-Qquem
1085 3931 1190 3970 105Cic.
1205 3932 1278 3959 Fam.
1291 3939 1326 3965 4,
1338 3938 1359 3993 ἔ
1377 3936 1393 3958 a
1405 3929 1545 3958 Molestus.
1581 3931 1605 3957 A
1617 3929 1746 3966 principis
1760 3927 1873 3956 Persona
1885 3928 1956 3956 abest
1975 3929 2044 3964 Nep.
2059 3935 2180 3991 15‚A1‚r2e-
