2474 4182
263 109 355 148 ¹039
644 95 677 134 C
761 93 797 132 Ο
873 93 923 132 Μ

264 189 366 214 tarum,
383 183 569 218 Largitionum
584 185 728 214 sacrarum,
750 181 857 209 Limitis
871 181 1042 216 Aegyptiaci,
1061 178 1310 212 Limitum,Litoris

264 219 387 245 Saxonici
401 228 447 253 per
460 220 624 252 Britannias,
646 219 814 245 Metallorum
828 226 874 252 per
888 217 1041 250 Illyricum,
1059 217 1186 244 Militaris
1201 216 1250 248 rei,
1261 215 1311 241 Mi-

265 254 340 280 litiae
366 255 522 290 vtriusque,
541 256 674 286 Minores,
697 254 896 284 Numeros-um,
916 252 1090 285 officiorum,
1108 252 1244 283 Orientis,
1258 250 1312 276 Pri-

263 296 385 316 vatarum
408 300 497 318 rerum
519 292 619 317 Domus
647 289 770 322 diuinae,
790 290 900 322 Portus,
925 289 1126 316 Prouinciarum
1135 308 1143 320 ,
1165 286 1311 314 Rationalis

264 326 546 361 summarumAegypti
556 346 563 357 ,
583 325 839 352 Reinunerationuni
850 325 1014 360 priuatarum
1027 330 1052 350 et
1067 325 1206 355 sacrarum,
1216 322 1312 354 Rheni,

266 361 395 396 Riparum
412 369 437 389 et
450 362 529 387 Alnei
540 361 654 387 Tiberis
675 367 700 387 et
719 360 894 393 Cloacarum,
915 360 1064 396 Sagittarii,
1086 360 1220 389 Serflores,
1242 358 1314 384 Sacri

266 397 384 430 Stabuli,
403 396 602 428 Themiotiani,
618 395 840 430 Thesauros-um,
858 396 1018 423 Titulorum
1033 394 1255 429 Largitionalium
1268 402 1314 427 per

265 433 397 465 Africam,
418 432 535 459 ’11361115
549 432 790 466 Argentoratenfis‚
809 434 950 464 Vacantes‚
968 431 1108 463 Vestiarii,
1126 431 1211 456 sacrae
1219 429 1312 456 Vestis.

266 470 304 495 Hi
318 478 347 494 ex
354 469 433 503 Jblir,
452 477 513 503 quas
526 467 651 500 diximus,
670 471 772 495 notitiis
785 471 909 504 excerpti,
926 477 955 494 ex
970 466 1196 503 Irfi‘ri‘prionibus,
1218 471 1241 491 et
1254 467 1314 491 altis·

265 506 426 530 monmnrntis
432 503 631 540 semi-antiquis
637 503 720 540 facile
738 508 824 541 augeri
833 503 941 540 poſjimt.
984 502 1031 530 Sed
1041 512 1094 528 cum
1107 499 1185 534 nostri
1204 498 1316 534 instituti

266 539 389 572 nonjint,
410 542 591 574 antiquitatum
612 547 635 565 et
656 537 774 572 historiae
794 539 965 567 comestoribus
987 547 1026 564 eos
1051 539 1214 574 relinquimur
1227 547 1233 561 :
1270 536 1315 562 hoc

266 575 334 601 modo
355 574 497 610 obstruato,
519 574 638 602 Comites
661 576 719 602 illos
739 586 754 602 a
775 574 935 609 Constantino
957 575 997 601 M.
1009 577 1037 600 in
1050 579 1102 600 tres
1118 572 1242 604 ordines,
1262 571 1315 606 pri-

266 619 354 640 mum,
376 610 517 637 secundum
538 619 568 637 ac
589 611 700 638 tertium
725 611 857 644 tributos,
873 613 1003 646 princip&
1017 616 1097 636 autem
1111 612 1217 635 omnium
1230 608 1314 634 videri

267 645 488 672 Confistorianos.
528 646 588 673 Vici.
615 649 668 674 Iac.
689 647 806 684 Gothofr.
827 647 861 673 ad
878 646 939 672 Tit.
959 646 989 673 C.
1004 644 1062 672 Th.
1076 645 1108 672 de
1121 644 1274 672 Comitibus
1290 649 1315 668 et

266 681 401 707 Tribunis
415 681 580 708 Scholarum.

266 717 311 744 hoc
328 725 411 744 nomen
424 717 530 750 habent,
550 717 615 754 quod
625 720 666 745 vel
671 718 739 754 socii
745 719 808 754 Junt
822 718 931 744 laborum
941 719 1084 753 principis,
1101 717 1142 742 ch
1161 715 1241 749 ipsum
1261 722 1318 748 quo-

267 761 366 788 cumque
380 753 449 779 modo
463 753 603 787 adiuuant,
623 761 667 780 aut
678 763 738 790 quos
750 755 852 781 honoris·
867 753 938 789 causa
953 755 1075 789 princeps·
1088 758 1136 785 pro
1157 749 1249 775 talibus
1264 749 1319 774 vult

267 788 360 815 haberi.
402 788 460 816 Vid.
473 799 528 815 mox
542 795 728 816 COMITWA.
884 786 905 826 fl
927 794 940 819 8
976 787 1094 814 Comites
1107 785 1200 811 Palatii
1214 785 1319 810 Latera-

266 824 367 857 nenlis,
384 831 407 850 et
419 826 467 851 alii
480 826 682 852 Germanicarum
692 827 818 862 gentium,
854 834 939 851 uorum
961 822 1127 849 hereditariae
1146 819 1239 856 fabiae
1257 820 1321 855 sunl

268 859 414 897 dignitates,
424 861 501 896 plane
514 860 589 897 infra
602 867 705 887 aetatem
720 861 787 888 illam
800 833 963 897 deflendum,
981 861 1050 883 cuius
1056 856 1227 893 scriptoribus
1240 855 1319 882 decla-

268 895 359 923 randis
371 896 412 923 hic
425 896 495 923 labor
510 894 590 930 noster
603 895 739 931 destinatus
751 894 792 930 <ft-

304 938 321 959 C
330 938 349 958 O
358 938 383 958 M
392 939 401 957 1
411 937 432 958 'r
443 940 452 958 1
461 939 482 959 V
491 939 512 959 A
522 952 529 964 ,
548 930 582 966 est
589 933 704 959 Comitis
715 953 723 965 ,
746 933 838 968 qualem
846 939 871 955 n.
881 937 897 963 7
912 926 1083 963 descripsimus·
1091 926 1203 964 dignitas
1212 946 1221 960 ,
1247 929 1319 953 cuius

261 966 388 1004 frequens
398 970 488 994 mentio
504 971 531 994 in
543 969 637 1005 legibus
652 968 758 995 Codicis
772 966 830 992 Th.
844 973 904 1000 quae
918 963 950 989 de
965 962 1118 990 Comitibus
1136 969 1222 1000 agunt.
1278 963 1320 990 Sic

270 1002 381 1030 Caffiod.
395 1004 457 1030 Var.
472 1005 505 1036 6,
518 1011 535 1039 7
561 1002 594 1037 est
607 1004 731 1031 Formula
746 1001 897 1028 Comitiuae
911 1000 1043 1026 sacrarum
1057 998 1248 1033 largitionum3
1272 999 1319 1030 6‚8

271 1039 397 1066 Formula
413 1039 566 1066 Comitiuae
574 1040 737 1073 priuatarum
751 1036 853 1070 (intell.
863 1035 1068 1070 Largitionum)
1083 1037 1110 1068 6,
1116 1043 1143 1068 9.
1191 1035 1210 1061 F
1213 1034 1319 1061 ormula

270 1075 423 1102 Comitiuae
430 1075 601 1110 patrimonii3
615 1078 675 1105 6‚12
697 1072 822 1099 Formula
835 1071 989 1098 Comitiuae
1021 1071 1086 1097 rimi
1094 1070 1196 1097 ordinis
1205 1070 1320 1096 vacantis

267 1118 314 1138 etc.
355 1111 461 1138 Videtur
472 1118 551 1137 autem
564 1116 654 1135 natura
655 1108 704 1144 fica
717 1106 869 1134 adiectiuum
881 1116 967 1133 nomen
980 1080 1032 1140 effi,
1041 1106 1105 1143 quod
1111 1106 1181 1133 docet
1194 1107 1286 1140 Veget.
1294 1114 1321 1139 2,

268 1155 286 1180 9
312 1146 460 1173 Praefectus
479 1145 607 1180 legionis,
631 1143 730 1171 habens
750 1143 908 1170 comitiuam
928 1143 1010 1178 primi
1022 1142 1126 1169 ordinis
1139 1141 1303 1177 dignitatem.

305 1189 322 1210 C
332 1189 351 1210 O
361 1190 385 1209 M
397 1181 437 1208 i'T
447 1189 465 1208 Ο
476 1188 503 1211 R,
512 1181 560 1207 firi.
574 1181 639 1215 Dep.
677 1179 873 1213 [aurasium-‘ism
880 1180 1088 1215 παραπέμπομαι,
1096 1179 1264 1214 παρομαρτὲω,
1272 1188 1321 1203 ποε-

1333 505 1362 524 10
1380 506 1425 532 291
1446 498 1502 532 lpse
1516 497 1575 524 obit
1589 503 1667 531 atque
1681 496 1723 522 illi
1735 497 1794 522 snus
1808 496 1843 522 est
1858 498 2018 524 comitabilis
2037 505 2121 523 error.
2141 498 2158 522 i.
2171 498 2302 522 comitatur
2314 496 2390 525 illum.

653 684 745 710 Omnes
758 690 836 709 autem
851 682 969 709 Comites
982 684 1009 707 in
1024 681 1068 707 hoc
1080 683 1237 709 conueniunt,
1256 685 1279 703 et
1286 678 1316 703 ab
1350 680 1360 687 ¹

1341 1031 1439 1069 :ssi

1757 89 2038 130 COM

1378 178 1395 205 1.
1410 182 1434 207 18
1449 178 1479 205 C.
1492 178 1550 204 Th.
1564 179 1596 205 de
1610 187 1639 206 re
1651 179 1731 206 milit.
1746 177 1788 204 vbi
1802 178 1987 204 Numerorum
2007 185 2034 203 ac
2053 177 2187 213 legionum
2203 178 2418 209 Comitatensium
2442 198 2443 208 l

1378 216 1469 239 mentio
1483 211 1524 245 est.
1560 214 1628 240 Add.
1642 215 1659 241 l.
1675 224 1698 247 13
1711 215 1741 241 C.
1757 214 1787 239 de
1802 223 1831 240 re
1845 213 1925 240 milit.
1943 212 2044 238 Ennod.
2058 218 2082 247 8,
2095 217 2122 240 16
2135 217 2276 251 gratulatur
2283 215 2421 249 Barbarae,
2440 241 2443 247 ,

1379 247 1460 281 Qiod
1475 248 1506 274 ad
1519 249 1707 277 Comitatenses
1722 249 1843 276 excubias
1858 247 1973 283 dignitas
1992 247 2147 282 adepta‘vos
2166 257 2265 277 euocet.
2338 251 2377 278 ld.
2390 262 2419 287 4,

2321 107 2418 144 1040

1378 292 1405 316 33
1430 284 1510 310 Viros
1525 284 1708 311 Comitatenfis
1722 285 1844 312 exercitii
1857 293 1904 319 per
1923 283 2029 318 linguae
2048 283 2127 310 ferias
2143 286 2286 313 exclamare
2306 286 2421 320 (silentio
2442 293 2446 296 '

1338 320 1352 346 5
1372 319 1420 356 siso
1446 318 1616 359 significare)
1637 320 1702 354 quid
1720 321 1851 355 respuant.

1924 319 2114 345 Comitatenses
2142 320 2264 354 Equites,
2283 322 2422 355 Legiones,

1381 354 1572 382 Vexillationes
1581 357 1648 390 ⁸Junt
1666 357 1694 380 in
1713 355 1802 382 Notit.
1822 355 1988 390 Dignitatnm
2001 354 2120 388 Imperii.

1379 390 1454 417 brica
1493 390 1625 417 Ammian.
1654 395 1680 420 18
1692 409 1701 423 ,
1734 399 1753 423 4
1783 393 1848 427 sunt
1884 398 1952 418 artes
1990 397 2014 417 et
2043 390 2237 416 machinationes
2266 390 2422 420 calumniato—
2440 385 2443 406 l

1378 436 1433 453 rum
1450 427 1594 452 aulicorum.

2192 356 2372 383 comitatensis
2386 357 2422 384 fa·
2440 354 2442 384 ἶ
2470 376 2474 388 ¹.

1416 469 1433 489 c
1442 468 1460 488 o
1471 469 1494 488 M
1506 469 1515 487 1
1526 469 1546 489 T
1555 468 1601 489 AB
1611 457 1624 487 i
1635 466 1651 486 L
1662 468 1671 487 1
1681 468 1693 487 s
1703 480 1711 492 ,
1730 470 1752 486 e.
1774 460 1834 487 Adi.
1870 461 2004 488 Paullinus
2026 460 2148 488 Nolanus
2171 461 2267 486 Auson.
2279 461 2372 488 ,Cat-m.
2386 469 2422 496 10,
2458 482 2474 493 ,.

1417 540 1433 560 c
1444 540 1462 560 o
1472 541 1496 560 Μ
1506 540 1521 560 13
1533 542 1545 562 s
1557 540 1596 560 so
1608 540 1644 565 R,
1672 531 1726 558 vid.
1757 537 1927 560 comssoR.

1417 575 1434 595 C
1447 576 1465 595 O
1474 577 1498 595 M
1508 576 1524 596 E
1533 577 1554 596 T
1564 576 1579 595 Ε
1589 576 1600 595 s
1611 588 1618 600 ‚
1640 568 1669 594 is.
1708 577 1742 594 m.
1781 567 1857 594 Pater
1863 565 2014 601 Asterionis,
2022 570 2064 604 qul
2073 576 2138 594 vnus
2151 575 2179 592 ex
2192 566 2348 602 Argonautis
2354 566 2424 603 fuit.-

1381 605 1470 631 Valcr.
1485 606 1584 640 Argon.
1601 613 1627 636 1,
1639 605 1685 636 356
2370 604 2374 607 ’

1685 638 1764 665 Celer
1779 637 1901 664 Asterion
1913 646 1993 672 quem
2007 644 2090 665 matre
2103 642 2235 664 carentem

1581 674 1709 701 Clenaeus
1723 674 1830 708 gemino
1845 673 1917 700 fouit
1932 680 2005 708 pater
2016 683 2092 701 amne
2111 675 2248 701 Cometes:

1581 710 1691 744 Segnior
1704 709 1820 744 Apidani
1832 709 1902 736 vires
1916 709 1965 735 vbi
1977 710 2055 736 sentit
2074 710 2197 745 Enipeus.
2426 730 2427 734 ,

1383 744 1512 773 Clenaeus
1524 753 1605 774 autem
1618 747 1742 772 Cometes
1754 744 1863 777 dicitur,
1884 744 2095 781 quodClenaeum
2107 745 2303 781 promontorium
2309 741 2346 777 fit
2355 743 2432 787 Περ,

2426 675 2441 705 ‘l

1377 780 1473 817 saliae,
1492 786 1520 808 in
1541 792 1590 820 qua
1609 791 1636 809 re
1654 784 1708 808 ione
1722 781 1784 818 sunt
1804 780 1938 815 Apidanus
1952 787 1975 806 et
1988 781 2110 816 Enipeus.
2151 780 2209 808 Vici.
2225 777 2306 806 Ouid.
2317 779 2430 818 Menffi.

1386 822 1443 850 284.
1636 790 1662 854 ἢ
1683 825 1699 844 2
1735 818 1857 844 Cometas
1869 817 2118 854 adulterAegraleae,
2134 816 2187 843 vid.
2197 821 2412 854 CYLmeRvff,⁴
2427 814 2439 842 ἶ·

1422 859 1438 879 C
1449 859 1468 879 Ο
1479 859 1505 878 Μ
1517 853 1588 879 ἓΤΕ
1598 859 1611 879 s
1620 872 1629 885 ,
1649 854 1689 879 vel
1711 858 1729 879 c
1741 860 1760 880 Ο
1770 860 1794 879 Μ
1804 853 1820 878 ἐ
1831 859 1852 878 Τ
1862 859 1899 885 A,
1921 861 1961 879 ae.
1980 861 2015 879 m.
2054 851 2199 887 [κομήτης]
2237 849 2277 884 Est
2296 851 2370 878 Stella
2381 854 2433 891 qm

1384 891 1448 914 nita.
1486 887 1626 915 Audiamus
1649 888 1677 914 de
1700 888 1741 915 his
1762 888 1878 914 Plinium
1901 896 1927 921 2,
1942 895 1972 920 25
1986 889 2005 915 s.
2018 896 2051 915 22
2071 889 2194 914 Cometas
2220 886 2316 913 Graeci
2328 895 2363 914 vo
2389 900 2416 922 'a
2430 899 2438 920 ,1,

1385 923 1468 950 nostri
1483 924 1589 950 crinitas
1598 945 1606 957 ,
1627 923 1767 951 horrentes
1780 924 1852 950 crine
1864 924 2008 958 sanguineo
2017 943 2024 955 ,
2046 929 2071 950 et
2085 931 2221 950 comarum
2240 921 2322 948 modo
2334 921 2363 949 in
2378 919 2405 956 [ἶ

1385 961 1437 986 tice
1453 958 1576 994 hispidas.
1613 961 1701 986 Eorum
1725 959 1812 986 deinde
1825 960 1929 996 formas
1950 967 2053 986 enarrat
2065 959 2210 994 Pogonias,
2228 957 2385 992 Acontias„

1386 995 1476 1030 phias,
1493 995 1614 1028 Disccas,
1637 995 1753 1027 Pithias⁷
1779 996 1914 1028 ceratias,
1948 995 2120 1030 Lampadias,
2144 996 2277 1029 Hippeas,
2296 993 2324 1020 de

1511 1030 1610 1063 Addit,
1631 1031 1673 1058 Fit
1686 1038 1711 1058 et
1726 1031 1850 1058 candidus
1864 1032 2003 1064 Cometes,
2018 1037 2142 1065 argenteo
2155 1032 2228 1058 crine
2241 1030 2279 1056 ita
2291 1029 2336 1056 res
2361 1032 2400 1067 g'
2414 1060 2416 1062 q

1387 1073 1417 1094 vt
1431 1067 1477 1093 vix
1491 1067 1613 1093 contueri
1627 1067 1719 1099 liceat,
1740 1067 1877 1102 specieque
1890 1066 2005 1094 humana
2020 1068 2071 1094 Dei
2081 1065 2199 1101 effigiem
2212 1065 2241 1092 in
2253 1066 2278 1092 se
2290 1065 2394 1095 ostend
2407 1081 2427 1096 .

1387 1103 1469 1130 Fiunt
1480 1108 1506 1129 et
1520 1102 1603 1135 hirti,
1623 1103 1752 1129 villorum
1772 1104 1857 1138 specie
1877 1109 1903 1130 et
1924 1103 1988 1130 iuba
2005 1103 2094 1138 aliqua
2113 1101 2279 1129 circumdati.
2347 1101 2373 1128 S
2385 1101 2408 1125 η’

1389 1139 1474 1165 adhuc
1487 1138 1567 1165 iubae
1575 1136 1674 1173 effigies
1686 1145 1785 1166 mutata
1799 1140 1827 1165 in
1839 1139 1938 1166 hastam
1951 1139 1988 1166 est
2021 1155 2068 1159 —
2103 1138 2284 1165 Breuissimum
2292 1156 2302 1170 ,
2319 1145 2373 1173 quo

1387 1180 1513 1201 nerentur
1527 1175 1639 1210 spatium
1650 1175 1747 1209 septem
1762 1175 1865 1202 dierum
1879 1181 2032 1202 annotatum
2046 1174 2081 1202 est
2094 1184 2102 1206 ;
2138 1173 2315 1208 longiffimum
2329 1181 2376 1200 cen
2394 1184 2419 1204 ψ
2431 1164 2436 1213 l

269 1217 400 1254 μκολειθῶ
409 1220 419 1250 ]
455 1218 559 1251 Proprie
574 1213 606 1249 est
622 1219 743 1243 minorum
758 1218 864 1242 maiores
872 1215 1044 1251 fi'qumtium,
1061 1213 1265 1246 antecedentium,
1278 1219 1323 1240 aut
1339 1219 1372 1244 30
1388 1210 1531 1245 octaginta.
1568 1212 1609 1237 Ita
1622 1213 1686 1237 enim
1700 1211 1841 1248 legendum,
1858 1209 1977 1245 restituta
1999 1220 2057 1238 voce
2081 1215 2204 1243 centum,
2221 1218 2294 1245 quam
2313 1218 2421 1238 simmam

268 1255 335 1280 latus
347 1255 428 1279 eorum
443 1251 617 1279 claudentium.
655 1252 724 1278 Suet.
741 1251 773 1278 de
785 1250 871 1278 Claris
893 1251 983 1277 Grani.
1004 1259 1035 1283 23
1060 1249 1216 1276 Rhcmmius
1236 1249 1321 1276 Palae-

267 1297 332 1315 mon
344 1288 500 1315 Vicentinus
513 1287 634 1314 mulieris
647 1296 745 1320 verna,
762 1287 866 1322 primo,
886 1292 915 1313 vt
928 1286 1034 1319 ferunt,
1046 1286 1209 1318 textrinum,
1224 1285 1321 1311 deinde

268 1323 381 1351 herilem
395 1323 482 1350 filium
496 1322 559 1350 duni
573 1324 717 1350 comitatur
730 1325 760 1350 in
772 1322 872 1350 scholas
886 1342 896 1355 ,
915 1321 1004 1349 literas
1019 1321 1123 1348 didicit.
1195 1322 1266 1355 Fuga
1274 1320 1321 1348 ali·

269 1368 348 1395 quein
363 1359 487 1388 comitari
505 1360 580 1395 Virg.
594 1360 659 1386 Aen.
674 1368 703 1393 4,
716 1367 772 1393 543.
845 1358 890 1386 Sil.
904 1367 927 1391 3,
941 1363 986 1389 ¹80
1006 1359 1057 1385 Fer
1069 1358 1164 1393 gressus
1178 1357 1259 1391 agiles
1267 1365 1321 1383 me-

269 1405 348 1428 cum,
362 1401 388 1422 et
402 1401 530 1422 comitare
545 1401 692 1422 vocantem.

267 1431 334 1460 Plin.
347 1440 383 1465 ιι,
394 1436 420 1461 18
440 1432 686 1467 Funerantiumque
707 1440 782 1458 more
806 1431 969 1457 comitantur
988 1429 1140 1465 exsequias,
1160 1429 1198 1455 De
1224 1428 1321 1464 apibus.

269 1468 357 1495 Funus
378 1467 448 1502 Nep.
461 1475 499 1500 23,
514 1476 556 1500 22,
570 1476 597 1501 4.
608 1470 720 1502 proprie.
793 1467 943 1501 Virg.Aen.
957 1474 1023 1499 11,51
1037 1472 1061 1492 et
1072 1467 1109 1492 61.
1181 1465 1320 1491 Mortuum

269 1503 373 1531 honore
393 1502 535 1536 comitari,
556 1504 644 1529 Facere
661 1506 684 1528 ei
696 1502 781 1538 funus
800 1502 876 1537 Virg.
896 1503 962 1529 Aen.
979 1510 1016 1534 11,
1031 1509 1070 1534 52..
1142 1501 1266 1527 Honores
1281 1501 1321 1527 su-

269 1538 363 1574 perbia
376 1537 520 1565 comitatur
539 1537 634 1565 Claud.
647 1538 680 1564 de
694 1538 772 1564 cons.
786 1538 859 1564 Mall.
874 1536 984 1564 Theod.
1001 1545 1059 1570 243.
1130 1537 1206 1571 Vir-g.
1221 1537 1285 1563 Aen.
1294 1538 1322 1569 6,

270 1583 308 1602 112
327 1574 374 1601 Ille
388 1583 478 1600 meum
489 1574 629 1600 comitatus
647 1575 719 1606 Iter,
739 1573 824 1600 maria
844 1573 935 1600 omnia
955 1581 1060 1600 mecum
1077 1578 1123 1599 ete.

270 1611 399 1637 mitantur
413 1609 469 1646 (sb.
481 1608 628 1644 pastorem)
649 1610 724 1643 Virg.
739 1610 804 1635 Aen.
818 1617 841 1642 3,
854 1611 916 1636 660.
988 1609 1030 1635 An
1050 1608 1086 1634 est
1106 1607 1211 1642 aliquid
1230 1617 1276 1643 per
1296 1609 1321 1635 se

270 1647 356 1681 ipsum
370 1646 542 1680 flagitiosum,
556 1644 657 1670 etiamsi
669 1644 743 1670 nulla
757 1645 901 1671 comitetur
916 1644 1028 1671 infamia
1051 1644 1107 1671 Cic.
1116 1643 1147 1670 de
1156 1644 1214 1670 Fin.
1223 1653 1238 1671 2
1254 1653 1322 1677 c.19.

271 1681 419 1714 Comitari,
456 1689 510 1706 cum
524 1681 627 1706 Datiuo.
682 1679 721 1706 Id.
736 1679 821 1705 Tusc.
835 1688 860 1711 5,
873 1688 919 1705 100
933 1688 955 1706 c.
967 1687 995 1712 35
1022 1681 1186 1715 Caeteraque
1199 1689 1266 1715 quae
1281 1689 1323 1705 co-

270 1718 400 1744 mitantur
412 1716 475 1743 huic
490 1716 577 1748 vitae,
596 1715 624 1742 in
642 1724 694 1749 qua
707 1715 808 1750 sapiens
820 1723 899 1741 nemo
912 1713 1026 1741 efficitur
1038 1724 1166 1750 vnquam.
1239 1715 1266 1742 Si
1280 1723 1323 1742 co-

269 1753 381 1781 mitasset
393 1752 464 1787 patri
476 1751 571 1778 Accius
586 1757 627 1787 ap.
642 1751 715 1777 Non.
728 1759 753 1782 2,
768 1758 819 1783 125.
893 1751 986 1785 Nempe
1005 1748 1038 1783 est
1052 1753 1127 1777 etiam

307 1794 324 1815 C
333 1795 352 1816 o
361 1795 386 1815 M
397 1787 437 1815 ΪΤ
447 1794 466 1815 0
474 1808 483 1821 ,
504 1792 557 1814 are.
577 1786 744 1823 [οἰκολεθέω]
777 1783 972 1818 AHiuum,Iicet
984 1785 1205 1821 minus-frequens.
1241 1786 1322 1812 Ouid.

271 1834 303 1852 ex
316 1826 391 1852 Pont.
403 1832 427 1856 2,
441 1832 468 1856 2,
481 1828 509 1856 83
530 1824 619 1858 Quem
632 1823 676 1857 pia
688 1822 827 1849 nobiscum
841 1821 928 1856 proles
940 1821 1081 1848 comitauit
1095 1826 1211 1848 euntem.
1255 1822 1287 1847 Et
1299 1830 1324 1851 2,

270 1870 291 1894 3,
305 1869 337 1894 43
357 1859 510 1887 Pirithoum
524 1860 646 1886 Theseus
660 1859 759 1893 Stygias
771 1857 912 1885 comitauit
924 1856 957 1884 ad
972 1856 1062 1885 vndas.
1131 1857 1250 1890 Propert.
1264 1858 1325 1888 2‚6‚

271 1904 297 1930 15
319 1895 400 1930 Quod
414 1895 498 1922 measi
508 1900 612 1922 tenerae
620 1895 778 1921 comitarent
790 1894 872 1922 castra
885 1892 1003 1928 puellae,
1023 1899 1070 1919 etc.
1142 1891 1295 1919 Ouid.Met.
1301 1896 1325 1924 8,

273 1935 325 1966 692
342 1934 379 1958 Ac
403 1931 506 1958 nostros
531 1932 655 1958 comitate
683 1930 787 1965 gradus.
859 1928 940 1956 Ouid.
960 1930 1025 1956 Met.
1046 1937 1090 1961 14,
1103 1935 1152 1961 239

271 1968 406 1995 adulantes
420 1967 548 1994 comitant
561 1966 682 2001 vestigia.
756 1967 825 1993 Hinc
834 1964 930 2000 paffiue
954 1964 1035 1992 Ouid.
1051 1963 1139 1991 Trist.
1153 1972 1177 1997 3,
1190 1971 1218 1999 7,
1232 1971 1268 1998 47
1281 1964 1326 1990 111-

274 2004 354 2037 genio
368 2009 456 2029 tamen
469 2003 523 2036 ipse
536 2011 597 2029 meo
618 2002 788 2037 comitorque
809 2001 949 2036 fruorque.
1018 1999 1110 2027 lustin.
1127 2008 1176 2033 30,
1189 2008 1219 2032 2,
1232 2008 1250 2033 4
1269 1999 1326 2026 Iam

272 2039 434 2070 salutantur,
455 2039 509 2064 13111
528 2039 699 2064 comitantur.
1162 2039 1163 2042 ’

311 2079 329 2101 c
341 2080 360 2101 o
370 2080 394 2100 M
404 2080 413 2099 1
423 2079 445 2099 T
454 2080 475 2100 A
484 2080 506 2099 N
515 2080 543 2105 s,
564 2073 641 2098 antis.
661 2072 756 2099 Partic.
792 2072 989 2106 [παρομαρτῶν]
1031 2072 1081 2104 Vt,
1101 2070 1188 2098 Nullo
1201 2070 1268 2097 latus
1283 2079 1327 2097 co-

274 2110 386 2137 mitante
402 2109 459 2136 Sen.
474 2108 585 2142 Hippol.
598 2116 661 2142 424.

275 2154 319 2178 22,
333 2155 359 2180 4.
433 2143 507 2180 Conf.
523 2145 598 2170 Curt.
615 2151 637 2176 3,
651 2151 674 2175 3,
690 2146 723 2171 18.
761 2147 784 2168 et
796 2142 823 2173 6,
837 2149 860 2173 5,
876 2148 907 2166 11.
979 2139 1097 2166 Martial.
1112 2149 1144 2172 11,
1159 2147 1187 2172 52
1207 2141 1260 2166 Hic
1267 2140 1327 2165 nul-

274 2181 303 2208 lo
315 2179 458 2207 comitante
471 2188 518 2205 nec
531 2178 656 2209 molesto,
691 2176 822 2203 Thermis
840 2175 999 2210 grandibus,
1019 2181 1044 2202 et
1057 2175 1109 2201 suis
1123 2175 1236 2201 lauatur.
1283 2175 1326 2202 Sic

276 2216 360 2251 Nupfi
374 2225 428 2242 non
444 2214 587 2241 comitante
600 2214 652 2240 deo
671 2213 747 2246 Prop.
763 2221 791 2245 4,
804 2220 827 2243 3,
842 2213 881 2238 16.
953 2211 1018 2238 Non
1030 2219 1117 2246 aequo
1135 2210 1230 2237 ordine
1243 2210 1326 2237 comi-

275 2259 359 2280 tantes
377 2251 422 2278 Sil.
436 2261 464 2285 4,
479 2259 514 2282 31.
586 2248 683 2275 Turba
696 2247 871 2274 comitantum
890 2246 972 2272 Ouid.
986 2247 1078 2273 Amor.
1091 2255 1112 2279 1,
1126 2254 1160 2281 7,
1173 2254 1213 2280 37.
1285 2245 1324 2272 Id.

276 2288 343 2316 Fast.
358 2296 380 2320 3,
394 2289 440 2319 865
459 2285 570 2313 Nimbis
582 2283 770 2311 comitantibus
784 2281 869 2308 defilit
881 2283 946 2308 caelo
962 2282 1079 2317 Nephele.

276 2322 353 2352 ersim
367 2321 572 2355 comitantibus,
592 2323 610 2347 i.
622 2320 719 2347 auxilio
738 2318 813 2353 Virg.
829 2318 893 2344 Aen.
909 2327 937 2351 4,
951 2321 992 2350 48.

314 2365 333 2386 C
343 2366 362 2386 Ο
371 2366 397 2385 Μ
406 2366 415 2385 1
424 2364 445 2384 Τ
454 2365 476 2385 Α
488 2364 510 2384 N
526 2364 548 2384 T
560 2364 570 2383 1
580 2364 601 2383 Α
610 2376 619 2389 ,
639 2365 677 2385 ae.
699 2355 720 2382 f.
755 2364 766 2380 e
779 2353 829 2381 Iul.
841 2353 958 2380 Firmico
971 2351 1096 2379 laudatur.

312 2402 330 2422 c
339 2402 358 2422 0
367 2402 392 2421 M
403 2402 411 2421 1
421 2401 442 2421 T
451 2395 475 2421 Ᾱ
484 2401 504 2420 Τ
515 2400 535 2420 ν
546 2401 558 2420 s
568 2413 575 2424 ‚
599 2401 613 2419 a
622 2412 630 2425 ,
656 2400 710 2418 um.
736 2391 805 2417 Part.
828 2389 888 2416 Pais.
925 2390 938 2423 [
945 2388 1193 2427 κκρηκολκθημένοῃ
1229 2385 1285 2414 Cic.
1298 2385 1328 2412 in

267 2431 383 2462 ·Catil.2,
391 2442 408 2464 4
416 2438 455 2456 c.2
462 2428 531 2456 Illud
539 2429 619 2455 etiam
627 2426 735 2455 moleste
743 2427 812 2458 fero,
820 2424 892 2460 quod
899 2433 930 2451 ex
938 2424 1004 2451 vrbe
1011 2433 1103 2459 parum
1111 2428 1252 2449 comitatus
1259 2422 1330 2448 exie·
1439 2456 1443 2460 Ι

278 2468 325 2494 111.
359 2467 415 2501 Ipse
423 2474 477 2492 vno
483 2465 603 2500 graditur
610 2463 750 2491 comitatus
759 2461 856 2489 Achate
864 2461 939 2495 Virg.
949 2461 1038 2493 Aen.1,
1045 2462 1096 2493 316.
1111 2458 1183 2495 Conf.
1193 2457 1230 2485 ib.
1239 2467 1263 2490 2,
1272 2463 1327 2491 580.
1343 2455 1374 2487 6,-
1392 2464 1495 2482 emmus
1508 2455 1586 2483 hastis
1595 2477 1603 2490 ‚
1619 2464 1665 2484 aut
1678 2461 1825 2487 comminus
1839 2460 1933 2495 gladiis
1945 2466 2074 2487 vteretur.

280 2502 381 2530 Dolore
390 2502 530 2528 comitatus
537 2500 646 2528 Tibull.
654 2508 675 2532 3,
683 2507 709 2532 z,
718 2507 750 2531 13.
786 2496 898 2524 Pecudes
905 2497 993 2523 foetae
1001 2495 1141 2522 comitatae
1148 2494 1236 2529 paruis
1244 2494 1329 2529 gregi-

279 2537 508 2572 busSenJ-lippol.
517 2545 535 2563 1.
570 2535 699 2563 Lacrimis
708 2534 831 2561 comitata
839 2533 969 2564 sororum,
982 2535 1001 2559 i.
1008 2530 1330 2567 lacrimantibussbroribus

281 2574 344 2601 Stat.
358 2573 454 2601 Achill.
469 2581 494 2604 2,
507 2580 556 2606 309
575 2572 605 2598 de
621 2570 736 2598 Thetide.
809 2568 943 2596 Militibus
957 2574 982 2595 et
994 2568 1074 2595 armis
1087 2567 1227 2593 comitatus
1246 2566 1328 2592 Ouid.

282 2612 376 2637 Amor.
390 2618 410 2639 1,
423 2610 450 2641 6,
462 2616 498 2640 33.
569 2608 625 2642 Ipse
638 2607 700 2633 licet
711 2605 788 2633 mufis
800 2605 891 2632 venias
902 2605 1053 2636 comitatus,
1071 2604 1190 2630 Homere
1209 2601 1290 2629 Ouid.
1298 2601 1329 2628 de

284 2646 347 2672 Arte
355 2646 412 2671 Am.
421 2652 443 2675 2,
451 2651 510 2678 279.

285 2679 490 2717 philosophum,
507 2686 592 2713 quum
604 2677 713 2713 quidam
728 2683 883 2713 quaereret,
903 2675 969 2711 quid
984 2677 1010 2702 ei
1023 2676 1131 2702 caecitas
1146 2673 1279 2706 attulisset,
1290 2682 1331 2700 re-

284 2716 413 2752 spondifl'e
421 2735 429 2747 ‚
449 2715 535 2741 Puero
549 2719 578 2740 vt
591 2723 645 2740 vno
660 2714 719 2740 esset
732 2713 894 2740 comitatior.
967 2711 1032 2738 Plin.
1050 2720 1089 2744 10,
1102 2719 1133 2746 37
1148 2709 1190 2737 Est
1202 2710 1274 2736 enim
1289 2719 1330 2736 ars

284 2753 339 2780 illis
352 2752 423 2778 inter
436 2751 462 2777 se
476 2749 608 2783 blandiri,
627 2755 653 2776 et
665 2757 834 2784 corrumpere
847 2748 925 2780 alias,
948 2748 1076 2782 furtoque
1096 2746 1277 2773 comitatiores
1291 2754 1332 2772 re-

755 2784 822 2811 Add.
838 2784 914 2819 Apul.
930 2783 1007 2818 Apol.
1024 2792 1033 2809 1
1047 2792 1072 2818 p.
1086 2788 1141 2814 288,
1155 2790 1189 2815 29
1207 2781 1333 2808 Hercules

287 2840 333 2846 --
367 2831 454 2858 neque
477 2830 529 2848 vna
550 2821 618 2857 pelle
634 2820 757 2847 vestitior
779 2820 848 2852 fuit,
866 2828 952 2854 neque
976 2827 1030 2845 vno
1055 2818 1150 2845 baculo
1170 2817 1332 2844 comitatior.
1347 2819 1379 2848 75
1398 2817 1515 2850 Pugnare
1539 2817 1687 2844 comminus
1708 2826 1768 2844 cum
1789 2816 1865 2845 hoste
1880 2818 1938 2844 Cic.
1953 2825 2002 2853 pro
2016 2817 2097 2844 Corn.
2113 2815 2185 2843 Balb.
2199 2823 2226 2847 23
2240 2823 2261 2841 c.
2273 2822 2299 2848 9.

285 2857 307 2898 q
328 2869 344 2887 2
384 2860 477 2886 Tamen
492 2859 567 2884 etiam
579 2854 661 2884 affine
672 2858 811 2892 accipitur,
830 2861 860 2886 vt
873 2856 934 2882 Stat.
946 2854 1039 2882 Theb.
1056 2860 1069 2885 8
1078 2874 1086 2887 ,
1099 2862 1148 2888 590
1174 2853 1280 2880 Bellum
1291 2862 1333 2880 co-

285 2788 365 2816 verti.
401 2788 440 2815 De
451 2785 568 2813 columbis
581 2786 701 2823 quuitur.

285 2896 378 2923 mirata
397 2893 532 2929 Deiphile.

322 2925 636 2961 coiv11TATvs‚su.
662 2936 699 2954 m.
734 2923 866 2961 [συναδία]

290 3073 410 3100 habebant
422 3074 519 3100 literar.

291 3109 348 3135 Cic.
362 3110 438 3136 Verr.
451 3116 474 3142 5,
488 3116 528 3144 54.

292 3143 415 3177 mitatus,
432 3144 593 3180 Proserpinae
600 3142 698 3180 famuli
716 3142 802 3168 Valer.
818 3141 917 3176 Argon.
931 3143 958 3173 6,
973 3148 1019 3173 113.

292 3179 384 3206 venire
402 3180 476 3214 Virg.
491 3180 554 3206 Aen.
568 3187 597 3212 4,
613 3187 666 3212 214.
737 3178 795 3204 Sen.
810 3177 855 3212 Ep.
870 3184 896 3212 7.

291 3214 414 3242 cillarum
426 3223 621 3249 puerorumque
633 3214 773 3241 comitatus
807 3213 863 3240 Cic.
893 3221 925 3239 ro
939 3211 1034 3240 Milon.
1053 3215 1094 3241 28.

293 3250 417 3282 mitatus,
434 3253 452 3276 i.
466 3251 582 3277 Virorum
596 3249 802 3283 fflminatorum.
821 3250 866 3275 Iar
881 3258 910 3274 as
923 3247 951 3274 d.-
963 3248 1054 3274 Aenea.
1090 3245 1333 3280 virg-Aen.4,215.

597 3105 716 3134 Affiduus
729 3105 869 3132 comitatus
886 3103 1019 3139 Quncltil.
1033 3113 1052 3135 1,
1072 3112 1098 3130 2.

293 3286 349 3314 Cic.
364 3286 418 3312 Att.
432 3290 455 3316 8,
470 3293 481 3317 3
501 3286 606 3312 Accedit
621 3285 703 3318 illud,
720 3284 737 3311 si
753 3293 863 3317 maneo,
882 3289 908 3311 et
922 3283 1000 3310 illum
1009 3282 1334 3315 comitatumoptimorum

292 3329 319 3349 et
331 3318 528 3348 clarissimorum
542 3321 644 3347 ciuium
664 3321 755 3347 desero
770 3331 776 3347 ι
811 3319 957 3346 cadendum
978 3319 1014 3345 est
1033 3318 1062 3344 in
1078 3317 1158 3344 vnius
1171 3318 1333 3351 potestatem.

294 3358 351 3385 Cic.
366 3355 398 3383 de
412 3354 498 3383 Finib.
514 3364 539 3388 2,
554 3365 588 3382 ιιι
601 3365 622 3382 c.
638 3365 671 3390 34
692 3355 767 3390 Qud
787 3361 860 3383 tanto
879 3355 1007 3382 concursu
1026 3352 1262 3381 honestiffimornm
1281 3353 1333 3380 stu·
1342 3362 1378 3387 90
1397 3354 1554 3379 tralaticiam
1568 3353 1662 3381 hilaris
1673 3360 1776 3382 exercet.
1810 3354 1914 3387 Κόσμως
1925 3355 1985 3382 Vet.
1998 3354 2078 3381 Gloff.
2097 3353 2194 3379 Comes
2204 3372 2213 3385 ,
2233 3349 2340 3386 benigni

295 3392 419 3429 diorum,
444 3397 518 3418 tanto
531 3391 662 3418 virtutum
682 3391 824 3423 comitatu,
843 3400 909 3426 opus
929 3390 980 3423 est,
998 3390 1016 3417 si
1037 3398 1068 3417 ea
1083 3388 1187 3416 nullum
1205 3389 1237 3416 ad
1254 3389 1338 3417 aliam*

293 3438 351 3457 rem
361 3448 369 3461 ,
389 3426 438 3454 nisi
450 3426 482 3454 ad
495 3426 656 3461 voluptatem
669 3427 885 3463 conquiruntur?
927 3425 1000 3462 Conf.
1015 3425 1053 3453 Id.
1067 3423 1155 3452 Parad.
1170 3427 1191 3450 c.
1205 3433 1227 3451 2.
1281 3425 1333 3452 Ab.

294 3464 409 3491 strahere
421 3462 537 3498 aliquem
548 3470 580 3488 ex
594 3463 719 3489 comitatu
733 3461 949 3497 amplissimorum
961 3461 1083 3489 virorum
1101 3460 1157 3488 Cic.
1171 3468 1221 3495 pro
1232 3460 1300 3487 Sulla
1308 3470 1333 3494 9.

295 3501 364 3527 Cum
377 3507 474 3534 magno
485 3497 612 3524 comitatu
628 3498 733 3532 ingredi
753 3499 809 3525 Cic.
823 3498 901 3525 Catil.
915 3506 927 3530 3
943 3506 965 3524 c.
980 3505 1006 3524 2.
1076 3496 1142 3523 Plin.
1156 3503 1201 3531 17,
1221 3504 1247 3528 23
1267 3497 1284 3522 s.
1297 3504 1333 3530 35,

296 3538 330 3562 26
349 3535 377 3561 de
392 3533 549 3566 traducibus,
569 3534 641 3559 Inter
658 3534 683 3559 se
702 3533 780 3560 obuii
797 3534 956 3566 miscentur,
969 3532 1166 3567 alliganturque
1184 3539 1235 3557 vna
1248 3533 1334 3558 conci·
1348 3534 1380 3560 95
1400 3529 1468 3558 ne&
1482 3538 1523 3564 59.

296 3570 370 3603 liati,
391 3570 571 3605 virgultorum
586 3568 712 3595 comitatu
725 3568 814 3596 obiter
828 3569 942 3604 rigorati
955 3577 1006 3604 qua
1026 3567 1158 3600 deficiant,
1229 3567 1334 3594 Caesari

296 3606 434 3633 comitatus
442 3625 450 3638 ,
468 3604 585 3631 dicuntur
597 3613 683 3630 manus
696 3602 796 3631 collecta
806 3605 930 3632 hominum
942 3604 999 3631 belli
1009 3610 1115 3640 tempore
1133 3612 1185 3630 vna
1202 3605 1252 3629 iter
1263 3603 1334 3638 saci-

297 3644 388 3667 cntium
403 3651 411 3666 :
447 3639 502 3667 vid.
516 3640 542 3667 B.
556 3640 586 3667 C.
601 3647 627 3672 2,
638 3643 680 3673 48-
694 3646 776 3672 51-34·
830 3640 874 3666 Ad
881 3642 1012 3681 principis
1023 3641 1102 3666 aulam
1111 3641 1224 3674 pertinet
1237 3638 1333 3665 Aaron.

298 3675 374 3710 Epist.
391 3684 418 3711 17
436 3677 563 3711 Expertus
578 3683 604 3702 es
624 3673 703 3701 fidem
716 3682 802 3700 meam
814 3681 910 3702 mentis
922 3682 1002 3710 atque
1014 3675 1164 3707 dictorum,
1184 3673 1333 3701 1111111111εο-

299 3711 391 3738 mitatu
418 3711 537 3746 degimus
563 3709 642 3738 ambo
651 3730 659 3742 ‚
678 3709 736 3737 aeui
758 3708 880 3744 dispares.

298 3747 425 3773 comitatu
439 3747 565 3781 principis
579 3745 710 3776 adiectus,
730 3748 748 3771 ι’.
761 3747 787 3771 in
799 3746 879 3771 aulam
891 3743 1016 3778 offirmtus.

1089 3745 1165 3773 Sacer
1188 3744 1334 3777 symmach.

297 3782 375 3818 Epist.
391 3791 416 3813 9,
430 3787 453 3811 8.
489 3789 511 3809 et
526 3791 564 3815 10,
577 3790 616 3814 39.
686 3780 752 3808 Add.
767 3779 857 3807 Sidon.
871 3780 949 3815 Epist.
964 3790 989 3813 1,
1006 3791 1036 3809 11.

334 3825 351 3845 c
360 3824 378 3843 o
388 3825 410 3843 M
421 3825 458 3844 [Τ
467 3824 489 3844 Α
496 3824 517 3843 'r
528 3824 543 3843 Ε
552 3825 573 3844 N
582 3825 595 3844 s
607 3826 614 3843 1
625 3824 647 3850 s,
654 3826 677 3844 e.
691 3816 750 3843 Adi.
770 3817 882 3843 Militiae
906 3817 1011 3852 enus-sub
1020 3813 1337 3852 IrrmeratoribusposiCon-

289 3852 429 3886 staminum
443 3853 481 3878 M.
494 3852 603 3888 inferius
614 3853 704 3879 honore
722 3851 860 3884 Palatinis,
888 3851 918 3877 ed
934 3852 1079 3879 honoratius
1099 3850 1261 3887 Ripenfibus.
1311 3853 1339 3878 A

733 2105 931 2132 Comitantibus
944 2105 1069 2131 omnibus
1083 2105 1162 2132 bonis
1193 2106 1264 2139 Nep.
1285 2113 1326 2138 25,
1344 2110 1373 2137 ςς
1388 2103 1464 2130 Μ311.
1478 2103 1589 2131 Theod.
1606 2111 1655 2132 112.

1149 2281 1238 2308 Armis
1252 2281 1326 2308 Teu·
1334 2283 1371 2309 60

1365 2381 1369 2384 ,
1393 2349 1425 2383 qli
1440 2353 1503 2377 enim
1516 2360 1527 2377 e
1540 2352 1598 2379 Con
1612 2358 1635 2379 et
1648 2361 1755 2384 manuS‚
1774 2357 1872 2390 eiusque
1885 2357 2038 2381 eontrarium
2051 2353 2169 2380 Eminus.

581 2643 693 2678 Compar.
713 2641 859 2668 Cic.Tusc.
875 2649 899 2673 5,
911 2649 947 2673 ¹13
962 2650 983 2666 c.
997 2648 1028 2673 39
1049 2637 1229 2674 Asclepiadem
1241 2638 1331 2664 ferunt
1339 2643 1375 2671 70
1395 2636 1516 2663 cominus
1530 2637 1725 2671 congredietur.

901 2927 1006 2952 Dicitur
1037 2924 1169 2952 multitudo
1207 2926 1332 2951 comitum.

291 2967 347 2994 Cic.
361 2968 433 2994 Fam.
447 2967 472 2997 6,
482 2974 510 2998 19
530 2964 593 2991 Eius
607 2963 748 2991 Falernum
762 2961 832 2988 mihi
844 2962 945 2998 semper
959 2961 1085 2988 idoneum
1098 2962 1185 2988 visum
1198 2960 1234 2987 est
1247 2959 1334 2987 diuer-

291 3002 382 3030 sorio:
417 3001 436 3028 fi
456 2999 539 3028 modo
559 2999 623 3027 tecti
641 2999 703 3026 satis
724 2997 760 3024 est
777 2997 809 3025 ad
830 2997 985 3024 comitatum
1003 2997 1122 3024 nostrum
1140 2995 1332 3031 recipiendum.
1349 2998 1380 3025 80
1398 2994 1470 3030 quasi
1492 3001 1646 3031 recepturus
1674 3005 1690 3024 a
1716 2996 1838 3024 debitore
1865 3002 1913 3025 tuo
1935 2996 2055 3023 cominus
2076 2996 2231 3031 pecuniam,
2252 2991 2339 3022 reddi·

290 3038 395 3065 Literae
416 3041 490 3065 eraut
508 3036 538 3063 in
555 3035 605 3063 illo
617 3035 746 3062 comitatu
784 3033 841 3061 Cic.
855 3032 933 3061 Catil.
947 3041 959 3065 3
973 3042 995 3059 c.
1011 3041 1032 3065 3.
1071 3036 1090 3059 ι’.
1109 3032 1208 3069 quidam
1220 3035 1334 3058 comitum
1419 3031 1423 3035 '

603 3071 718 3098 Societas
738 3075 818 3104 atque
837 3069 976 3096 comitatus
997 3068 1136 3102 praedonis
1149 3067 1335 3102 improbissimi

1169 3104 1279 3130 Hecates
1292 3112 1334 3129 co-

1091 3140 1189 3174 Magno
1207 3139 1334 3166 comitatu

967 3174 1108 3202 Muliebris
1121 3181 1147 3201 et
1157 3174 1282 3201 delicatus
1290 3184 1334 3201 an·
1351 3174 1380 3203 85
1390 3175 1499 3208 Argon.
1514 3182 1560 3208 109
1585 3175 1613 3202 Se

1163 3210 1278 3237 Semiuir
1293 3219 1334 3237 co-

949 3711 1042 3738 Tacit.
1055 3710 1123 3738 Hist.
1137 3719 1160 3743 2,
1173 3711 1204 3743 65
1222 3708 1333 3736 Cluuius
1344 3715 1391 3734 100
1402 3709 1485 3736 comis
1506 3709 1571 3736 Plin.
1586 3719 1625 3744 35,
1638 3720 1656 3745 4
1668 3718 1733 3738 extr.
1747 3710 1842 3738 dicitur
1859 3711 1989 3742 Tiberius,
2008 3712 2027 3736 i.
2034 3706 2206 3744 subrusticus,
2225 3716 2254 3734 ne
2271 3714 2298 3733 ue

2402 1201 2430 1220 -w

1390 1247 1541 1273 Harduinus
1552 1249 1680 1283 expungit.
1715 1247 1794 1282 Apul.
1811 1248 1843 1273 de
1858 1247 1958 1274 mundo
1972 1257 1996 1282 p.
2005 1249 2050 1281 64,
2065 1249 2096 1273 26
2117 1246 2218 1273 Statiua
2231 1245 2277 1271 lux
2289 1244 2336 1278 est,
2355 1239 2437 1321 qfflj
2451 1243 2474 1282 ις’

2449 1286 2456 1308 ί
2469 1292 2474 1317 i

1388 1282 1533 1317 sterigmon
1547 1282 1590 1309 illi
1603 1283 1736 1317 (Graeci)
1749 1290 1858 1315 vocant,
1872 1283 1926 1310 sine
1941 1284 2017 1310 cursu
2032 1283 2106 1317 iugi,
2126 1282 2169 1308 sed
2183 1281 2285 1317 prolixa
2297 1280 2358 1314 lux,

1387 1360 1469 1381 catur.
1543 1353 1636 1382 Manil.
1654 1363 1675 1388 1,
1689 1360 1725 1385 811
1733 1355 1775 1391 sq.
1795 1356 1868 1382 hahet
1893 1356 2014 1383 theoriam
2036 1356 2103 1382 velut
2125 1361 2288 1386 cometarum,
2305 1362 2374 1380 cutus

764 1395 880 1422 Currum
893 1394 1018 1421 comitari
1038 1394 1108 1420 Suet.
1121 1393 1254 1420 inTiber.
1263 1402 1285 1419 c.
1295 1394 1320 1419 6.
1339 1388 1368 1415 35
1386 1393 1449 1418 tium
1461 1390 1548 1418 damus
1559 1400 1588 1418 ex
1601 1391 1766 1417 emendatione
1787 1392 1904 1425 Bentleii,

1584 1426 1649 1454 Sunt
1662 1427 1761 1454 etenim
1775 1427 1843 1454 raris
1865 1427 1920 1454 orti
1937 1426 2069 1454 natalibus
2089 1427 2163 1462 ignes

1583 1463 1653 1489 Aera
1667 1472 1714 1498 per
1727 1463 1878 1498 liquidum,
1900 1469 2027 1498 natosque
2041 1463 2130 1498 perire
2148 1466 2264 1489 cometas

1583 1499 1710 1525 Protenus
1719 1519 1728 1531 ‚
1744 1505 1769 1526 et
1783 1500 1881 1534 raptim
1895 1499 1993 1526 subitas
2008 1498 2161 1526 candescere
2174 1498 2303 1529 flammas,

1584 1534 1654 1560 Rara
1665 1543 1712 1570 per
1724 1535 1842 1569 ingentes
1856 1535 1982 1562 viderunt
1993 1535 2094 1563 saecula
2111 1540 2199 1561 motus
2213 1539 2260 1560 etc.

1195 1573 1266 1599 Oues
1279 1581 1322 1599 co·
1330 1578 1367 1604 40
1387 1568 1484 1594 Seneca
1496 1573 1574 1594 totum
1586 1569 1676 1597 librum
1690 1571 1832 1605 septimum
1838 1571 2033 1606 Quaestionum
2046 1570 2208 1598 naturalium
2215 1566 2334 1596 cometis
2343 1564 2444 1603 inmm-

1387 1603 1443 1636 dit,
1459 1610 1483 1630 et
1503 1606 1530 1630 in
1558 1614 1610 1632 eam
1631 1605 1720 1640 definit
1733 1607 1900 1643 sententiam,
1921 1606 1964 1640 effe
1977 1606 2080 1641 fidera,
2089 1612 2226 1643 perpetua,
2245 1611 2345 1641 quorum
2363 1604 2431 1639 111δῇοὼ

1387 1642 1508 1680 circuitus
1520 1638 1622 1681 pestem
1635 1643 1710 1678 forte
1729 1649 1799 1669 aetas
1815 1643 1972 1670 declaratura
1976 1642 2023 1677 fit.
2058 1652 2080 1670 c.
2093 1645 2127 1670 26
2150 1642 2208 1669 Erit
2220 1641 2268 1676 qui
2279 1634 2430 1674 demonsbtt:
2426 1657 2427 1660 =

1387 1675 1547 1715 aliquando,
1564 1685 1594 1702 m
1606 1678 1703 1711 quibus
1716 1685 1835 1705 cometae
1849 1678 1968 1713 partibus
1983 1685 2087 1712 errent,
2108 1687 2155 1706 eur
2166 1684 2221 1705 tam
2234 1674 2334 1703 seduffl
2349 1681 2364 1702 a
2375 1680 2424 1707 cat-

1388 1716 1451 1737 ΜΝΞ
1466 1716 1542 1742 eant,
1563 1714 1654 1745 quanti
1671 1714 1814 1748 qualesque
1827 1714 1876 1741 fint
1890 1721 1936 1742 etc.
2007 1715 2064 1742 Cic.
2078 1715 2109 1742 de
2121 1714 2185 1742 Nat.
2198 1714 2280 1741 Deor.
2292 1720 2324 1744 2,
2336 1717 2366 1744 ¹4
2381 1717 2403 1736 e.
2415 1716 2424 1742 5
2440 1737 2445 1742 ¹

1335 1751 1370 1778 45
1389 1746 1466 1773 Tum
1479 1745 1582 1772 facibus
1599 1747 1661 1774 vifis
1675 1749 1830 1776 caelestibus
1837 1769 1846 1781 ,
1867 1756 1924 1776 tum
1938 1750 2020 1778 stellis
2041 1751 2098 1784 his,
2117 1759 2182 1786 quas
2200 1747 2297 1777 Graeci
2313 1749 2431 1776 cometas»

1389 1781 1473 1808 nostri
1485 1781 1645 1810 cincinnatas
1665 1789 1780 1811 vocant:
1817 1793 1886 1819 quae
1908 1794 1993 1820 nuper
2015 1786 2089 1813 bello
2111 1785 2262 1813 oetauiano
2282 1788 2429 1818 magnarum

1390 1818 1500 1843 fuerunt
1512 1818 1690 1846 calamitatum
1703 1821 1882 1860 praenuntiae.
1935 1821 2009 1857 Cous.
2024 1821 2098 1849 Seru.
2111 1821 2146 1847 ad
2158 1822 2223 1847 Aen.
2237 1829 2276 1853 10,
2287 1826 2345 1854 272.
2376 1847 2378 1849 ,
2396 1815 2425 1847 Si*

1391 1852 1453 1878 dera
1467 1860 1631 1880 cometarum
1650 1856 1782 1882 Ammian.
1797 1864 1838 1889 25,
1851 1865 1879 1889 32
1916 1862 1939 1882 et
1945 1865 1987 1890 30,
1995 1865 2032 1883 21.

1393 1893 1431 1914 tes
1451 1887 1559 1915 Tibull.
1577 1898 1600 1922 2,
1614 1897 1637 1923 5,
1650 1897 1688 1925 71.

2102 1856 2172 1883 Belli
2185 1856 2255 1883 mala
2268 1855 2339 1890 signa
2350 1841 2439 1885 compl

1761 1891 1823 1917 Diri
1838 1897 1955 1919 cometae
1978 1893 2053 1927 Virg.
2068 1892 2165 1926 Georg.
2180 1900 2206 1924 1,
2239 1896 2277 1921 88.
2348 1887 2437 1917 Valenk

1173 1927 1326 1962 Nostraque
1344 1928 1375 1956 50
1391 1924 1491 1959 Argon.
1505 1926 1532 1957 6,
1544 1927 1594 1956 608
1631 1939 1676 1945 —
1712 1927 1838 1961 lratoque
1850 1927 1941 1953 vocati
1975 1929 1998 1954 A
2018 1930 2084 1955 Ioue
2096 1928 2188 1954 fatales
2203 1935 2217 1954 a
2247 1933 2328 1961 regna
2339 1917 2437 1951 iniust'

1392 1965 1520 1986 cometae.
1593 1961 1691 1988 Lucan.
1708 1970 1728 1995 1,
1741 1970 1789 1996 529
1809 1962 1972 1997 crinemque
1989 1963 2102 1990 timendi
2114 1962 2228 1995 Sideris,
2247 1969 2273 1988 et
2286 1960 2366 1988 terris
2377 1968 2422 1985 mu
2436 1979 2439 1990 ,

1391 2001 1491 2023 tantem
1503 2001 1727 2031 regnscometen.
1801 1997 1894 2025 Claud.
1904 1997 1997 2030 Eidyll.
2006 2006 2029 2032 5,
2043 2008 2062 2031 4
2080 1998 2157 2024 Vnde
2175 1997 2340 2024 rubescentes
2358 1994 2421 2021 fera]
2437 1999 2439 2002 “

1391 2032 1464 2058 crine
1479 2039 1596 2059 cometae
1610 2034 1619 2060 3
1689 2034 1832 2068 Sanguinei
1863 2033 1978 2068 lugubre
2009 2033 2108 2061 rubent
2136 2033 2213 2067 Virg.
2235 2033 2301 2058 Aen.
2325 2039 2364 2062 10,
2376 2036 2423 2066 272

1390 2068 1519 2095 Tremuli
1533 2068 1605 2096 claro
1616 2068 1713 2097 ardore
1733 2070 1789 2098 Cic.
1802 2069 1834 2097 de
1847 2069 1941 2097 Diuin.
1956 2078 1978 2103 1,
1990 2077 2034 2099 20.
2103 2067 2205 2096 Tristis
2219 2065 2351 2094 Claud-de
2379 2083 2415 2104 ...¹
2431 2090 2433 2093 ,

1427 2143 1445 2163 c
1454 2144 1474 2164 o
1482 2143 1508 2162 M
1516 2144 1526 2163 1
1535 2145 1552 2165 c
1560 2146 1582 2164 v
1591 2146 1604 2166 s
1613 2158 1622 2171 ‚
1643 2139 1697 2166 vid.
1718 2145 1896 2169 comorom.

1429 2177 1447 2198 c
1459 2178 1591 2212 0111111.
1629 2174 1762 2210 [Kophos]
1799 2178 1888 2212 Populi
1900 2176 2013 2213 fuerunt
2035 2176 2125 2204 Italiae
2146 2177 2174 2202 in
2195 2169 2283 2202 aaa..
2296 2168 2399 2208 Aequi
2417 2183 2419 2185 ·
2437 2206 2439 2209 ι

1390 2216 1454 2235 rum.
1473 2207 1540 2235 le.
1554 2217 1578 2241 3,
1591 2217 1627 2237 12.
1665 2211 1736 2236 Hinc
2415 2212 2418 2218 ⁴

1428 2249 1446 2270 C
1456 2249 1475 2270 0
1483 2250 1525 2271 Ml
1536 2250 1557 2270 N
1568 2252 1578 2271 1
1587 2252 1609 2272 A
1618 2264 1627 2278 ‚
1646 2246 1729 2272 Genus
1742 2247 1836 2280 oliuae,
1853 2247 1920 2283 apud
1932 2246 1998 2274 Plin.
2016 2253 2052 2280 ις,
2064 2254 2088 2279 3.

1427 2278 1628 2313 comtum,
1646 2283 1687 2308 ve!
1702 2287 1939 2315 οοΜΜιΝνε,
1956 2282 2021 2319 quod
2033 2280 2147 2318 defendit
2168 2281 2243 2307 Cort.
2256 2278 2292 2307 ad
2308 2276 2374 2313 Sall..

1391 2316 1436 2348 60,
1450 2323 1472 2347 3.
1509 2315 1577 2342 Adu.
1615 2315 1752 2351 [ἔγγόθεῃ
1766 2315 1888 2356 ovs-dolor]
1925 2320 1967 2345 Ita
1978 2325 2070 2355 prope,
2086 2324 2215 2344 vtmanus
2222 2314 2385 2379 cgisc‘liipl'

2268 2359 2297 2378 111
2316 2369 2323 2376 .
2386 2363 2395 2369 ->

1394 2393 1434 2418 119
1453 2386 1552 2425 Rigido
1566 2386 1598 2414 de
1611 2388 1739 2415 fratribus
1755 2397 1838 2416 vnum
1851 2390 2008 2417 Comminus
2021 2391 2080 2416 ense
2093 2389 2174 2421 ferit,
2192 2387 2280 2416 iaculo
2292 2385 2362 2413 cadit
2380 2387 2415 2414 -ικξ

1393 2429 1441 2446 nus
1456 2422 1519 2455 ipse.
1592 2423 1647 2450 Cic.
1667 2424 1698 2450 de
1719 2424 1777 2451 Sen.
1797 2434 1818 2451 c.
1838 2427 1856 2451 6
1882 2425 1939 2451 Nec
1952 2425 2024 2452 enim
2037 2424 2207 2455 excursione,
2229 2431 2277 2449 nec
2291 2421 2373 2453 saltu,
2392 2434 2426 2459 :J

2129 2460 2161 2485 Ee
2173 2458 2287 2493 Metaph.
2300 2457 2333 2484 de
2347 2455 2419 2494 Di,

1394 2500 1419 2525 2,
1431 2494 1466 2519 26
1487 2492 1535 2519 Sed
1553 2492 1617 2520 haec
1637 2494 1720 2520 fuerit
1737 2495 1815 2527 nobis
1834 2503 1960 2531 tanquam
1972 2495 2038 2523 leuis
2051 2500 2198 2522 armaturae
2228 2489 2419 2521 111113013111Νι

1395 2527 1533 2554 excursio:
1567 2538 1636 2555 nunc
1651 2530 1799 2556 comminus
1810 2527 1932 2565 agamus,
1950 2532 2187 2567 experiamurque,
2213 2538 2222 2555 1
2241 2527 2362 2564 pommus
2380 2533 2422 2553 cn!

1394 2572 1447 2590 nua
1480 2573 1651 2592 commouere
1679 2565 1865 2601 disputationis
1890 2573 1959 2595 tuae.
2032 2566 2109 2602 Apul.
2124 2574 2137 2599 5
2154 2575 2179 2601 p.
2194 2566 2242 2598 164
2252 2571 2296 2600 pr.
2314 2561 2421 2590 videsnu

1395 2605 1523 2635 quantum
1547 2600 1599 2627 tibi
1619 2601 1770 2636 periculum
1788 2602 1916 2629 velitatur
1938 2603 2047 2630 fortuna
2066 2601 2194 2628 eminus}
2228 2609 2258 2627 ac
2293 2613 2339 2619 —
2374 2605 2423 2635 ΠΨ)

1427 2672 1432 2676 ¹
1797 2639 1870 2665 Caes.
1881 2637 1945 2666 Bell.
1959 2637 2044 2666 Ciuil.
2058 2646 2080 2670 1,
2094 2642 2123 2670 58
2137 2637 2229 2671 ltaque
2241 2635 2304 2663 dum
2317 2634 2391 2660 locus
2432 2644 2445 2651 ·=

1396 2681 1484 2699 minus
1507 2672 1641 2708 pugnandi
1662 2673 1779 2702 daretur.
1848 2674 1949 2702 Audaci
1963 2673 2107 2710 metaphora
2125 2672 2191 2699 Plin.
2203 2679 2226 2704 5,
2239 2679 2257 2705 9
2273 2671 2387 2706 νῑῖιᾪῐῐι4
2432 2675 2452 2689 '‘

1397 2717 1444 2742 per
1458 2716 1502 2734 eos
1515 2707 1569 2735 dies
1583 2709 1703 2736 cominus
1716 2709 1804 2742 facto,
1820 2709 1924 2737 extrahi
1934 2710 2037 2738 ardoris
2050 2709 2080 2736 vi
2093 2714 2119 2736 et
2133 2707 2283 2743 suspensum
2296 2705 2367 2735 abun
2405 2708 2408 2709 ⁷
2434 2710 2436 2715 '

1396 2752 1426 2770 ac
1460 2752 1493 2770 ne
1523 2744 1668 2772 denotetur
1687 2745 1829 2778 abscondi,
1849 2746 1878 2772 de
1894 2747 1964 2773 Nilo.
2035 2745 2077 2772 Sic
2096 2744 2226 2772 Omnium
2239 2741 2358 2778 gentium
2401 2768 2404 2770 ,
2440 2743 2441 2747 ’

1398 2780 1499 2807 Romae
1514 2781 1634 2808 cominus
1647 2780 1763 2808 iudicari
1780 2781 1846 2808 Plin.
1861 2790 1894 2815 11,
1907 2790 1952 2815 42.
1972 2784 1992 2808 i.
2005 2783 2099 2817 copiam
2109 2779 2153 2814 effe
2166 2781 2318 2815 exproximo
2330 2779 2358 2820 νεῖ
2383 2803 2401 2818 ,1,
2428 2810 2432 2816 .

1397 2852 1470 2878 Caes.
1478 2860 1498 2878 c.
1508 2854 1543 2888 67
1558 2853 1589 2879 L.
1603 2850 1715 2880 Caffium
1728 2853 1808 2888 partis
1823 2853 1948 2881 aduersae
1960 2862 2020 2880 cum
2034 2852 2124 2880 decem
2136 2850 2256 2878 rostratis
2269 2848 2331 2876 naui
2349 2810 2435 2889 Q

1398 2887 1475 2914 vium
1502 2887 1551 2914 sibi
1572 2897 1660 2923 neque
1682 2889 1799 2924 refugit,
1818 2895 1844 2915 et
1866 2890 1986 2917 cominus
2005 2887 2129 2921 tendens,
2148 2887 2219 2914 vltro
2232 2885 2265 2913 ad
2276 2883 2393 2912 dedin-

1395 2922 1533 2955 hortatus,
1552 2925 1695 2960 supplicem
1713 2924 1745 2952 ad
1766 2925 1791 2951 se
1808 2925 1917 2960 recepit.
1988 2924 2119 2951 Accedere
2139 2923 2261 2950 cominus
2280 2921 2313 2948 ad
2324 2919 2370 2948 ali-
2384 2927 2415 2952 Js¹
2432 2939 2434 2946 .

1397 2959 1454 2986 Cic.
1470 2960 1524 2986 Att.
1535 2968 1562 2992 2,
1575 2969 1600 2988 2.
1672 2961 1833 2996 Pomponius
1846 2961 1875 2987 in
1888 2960 1906 2988 1.
1920 2960 1947 2987 Si
1960 2959 2040 2995 quasi.
2053 2959 2124 2987 D.de
2132 2959 2265 2994 Pignorat.
2280 2955 2351 2984 affio
2392 2944 2426 3049 ΛΞ

1400 3075 1449 3100 104
1470 3067 1544 3100 Quid
1564 3067 1651 3095 dicam
1670 3067 1742 3096 13ἂο
1761 3068 1809 3103 qui
1822 3068 1922 3095 semine
1934 3068 2054 3095 cominus
2068 3076 2132 3095 arua
2166 3064 2338 3100 Insequitur-3

1396 3112 1470 3129 manu
1483 3112 1532 3129 non
1545 3102 1668 3131 retracta.
1739 3104 1828 3131 Graue
1840 3104 1961 3131 cominus
1974 3104 2071 3132 aestuat
2085 3105 2130 3130 aEr
2137 3101 2259 3130 sordidus
2277 3101 2340 3127 Stat.
2383 3098 2391 3106 ¹
2410 3122 2417 3129 .

1401 3146 1438 3171 12,
1458 3143 1518 3172 248.
1536 3141 1555 3166 i.
1573 3148 1602 3166 ex
1614 3141 1733 3201 proximo
1749 3139 1844 3166 odorem
1864 3140 1972 3167 exhalat.
2041 3140 2157 3174 Lateque
2173 3144 2199 3165 et
2214 3137 2346 3164 cominus·
2359 3135 2378 3156 θ’
2403 3129 2424 3174 ’Ϊῆ

1642 3177 1754 3203 meliores·
1773 3176 1838 3202 Late
1852 3175 2024 3211 quaecumuis
2043 3175 2127 3202 obuia
2145 3175 2284 3209 frangens,
2306 3170 2335 3198 de
2364 3193 2366 3197 .

1398 3039 1510 3066 pignus,
1529 3034 1548 3058 i.
1555 3029 1664 3065 statim,
1681 3031 1710 3059 de
1723 3042 1797 3059 manu
1808 3035 1836 3058 in
1849 3041 1954 3059 manum.
1991 3033 2082 3060 Statim
2095 3034 2167 3062 ctiam
2181 3028 2215 3064 est
2227 3029 2302 3064 Virg.
2314 3027 2353 3055 G-

1397 3210 1505 3237 cadente.
1577 3211 1634 3237 Com
1652 3221 1692 3240 ar.
1711 3211 1851 3239 Cominius
1867 3211 1989 3238 accedere
2001 3210 2034 3238 ad
2045 3210 2207 3246 congressum
2224 3207 2340 3237 laudatur
2351 3210 2381 3238 cf,
2399 3208 2417 3236 ³³.-

1397 3245 1456 3272 tull.
1470 3245 1503 3272 de
1517 3247 1602 3273 Carne
1617 3247 1638 3273 C
1659 3256 1681 3274 r.
1697 3254 1736 3282 71.
1791 3248 1877 3275 Metuo
1888 3255 1918 3274 vt
1929 3245 2004 3274 reste.
2365 3260 2368 3267 ·
2399 3267 2401 3270 -
2428 3264 2430 3271 ι

1434 3288 1569 3315 COMIS,
1585 3291 1607 3309 e.
1639 3282 1699 3310 Adi.
1734 3282 1892 3319 [φιλόφρων,
1913 3282 2091 3319 ἒυκροσῆγορος,
2117 3279 2281 3316 ἔννροῖκελος]
2315 3278 2337 3306 Β
2356 3276 2430 3308 «π-ΪᾹ

1398 3316 1481 3348 507710,
1499 3317 1641 3353 etfacilis,
1660 3323 1704 3354 qui
1714 3320 1761 3346 alii
1778 3327 1827 3345 non
1844 3325 1948 3355 grauate
1965 3318 2109 3355 respondet,
2128 3323 2153 3342 et
2174 3315 2350 3343 humanitatem
2405 3323 2416 3343 μ

1398 3387 1451 3421 les,
1470 3389 1560 3415 snaues
1574 3389 1696 3416 homines
1714 3390 1768 3417 Cic.
1801 3398 1832 3416 ro
1844 3389 1917 3417 Balb.
1935 3398 1961 3417 c.
1971 3391 2008 3417 16.
2081 3389 2120 3416 Id.
2141 3388 2198 3415 Cic.
2216 3381 2250 3414 d'e
2269 3384 2348 3414 Finib

1401 3423 1480 3458 Qasi
1493 3424 1552 3459 quis
1565 3424 1642 3453 illum
1653 3431 1731 3461 neget
1741 3431 1767 3453 et
1797 3434 1880 3452 onum
1893 3427 1981 3453 virum
1990 3445 2000 3458 ,
2019 3431 2046 3452 et
2060 3432 2178 3454 comem,
2197 3428 2224 3450 et
2242 3422 2338 3450 human

1400 3459 1454 3486 isse.
1525 3459 1658 3494 Quinctil.
1677 3464 1710 3494 6,
1729 3469 1761 3494 2.,
1782 3465 1807 3491 18
1827 3462 1899 3488 Haec
1911 3462 2002 3488 omnia
2015 3459 2085 3496 (ἤθη
2099 3459 2229 3493 oratoris)
2247 3458 2346 3496 bonnm}

1399 3504 1471 3522 mem
1483 3495 1574 3523 virum
1586 3497 1705 3532 poscunt.
1774 3497 1867 3523 Comis
1887 3502 1913 3524 et
1928 3496 2057 3524 humanus
2073 3503 2135 3530 erga
2148 3494 2265 3529 aliquem
2283 3493 2347 3524 Cic-¹

1595 3532 1704 3564 Comis,
1722 3531 1855 3566 vrbanns,
1869 3539 1896 3560 et
1908 3532 1978 3560 liber
1998 3533 2065 3559 Hor.
2079 3531 2160 3558 Serm-
2173 3538 2194 3562 1,
2206 3538 2241 3563 4,
2252 3537 2295 3562 90.

1399 3575 1430 3593 ca
1450 3567 1533 3593 comis
1557 3573 1583 3594 et
1605 3567 1702 3595 blanda
1721 3567 1802 3595 Ouid.
1821 3568 1853 3595 de
1867 3569 1931 3595 Arte
1944 3569 2043 3601 Anna,
2055 3573 2110 3601 177.
2180 3564 2260 3592 Ouid.
2273 3562 2337 3592 Fast.

1401 3603 1572 3630 Conueniunt
1596 3609 1681 3638 partes
1710 3602 1759 3630 hae
1781 3603 1833 3631 tibi
1853 3605 1935 3631 comis
1959 3600 2032 3631 anus.
2101 3601 2241 3636 Ingenium
2255 3606 2328 3627 come
2342 3619 2348 3628 .

1401 3639 1468 3666 Ann—
1483 3646 1505 3672 ς,
1522 3647 1541 3666 1.
1613 3639 1692 3666 Ouid.
1707 3639 1739 3666 de
1751 3639 1814 3667 Arte
1827 3640 1885 3667 Am.
1897 3649 1919 3674 3,
1932 3647 1977 3674 510
1995 3636 2124 3666 Comibus
2137 3636 2174 3663 est
2185 3633 2345 3665 oculimllit

1400 3681 1485 3701 amor.
1557 3674 1648 3702 Sermo
1671 3681 1698 3702 et
1717 3676 1863 3710 congressus
1887 3674 1971 3702 comis
1995 3673 2086 3701 Tacit.
2102 3673 2170 3699 Ann.
2187 3671 2276 3707 15‚,48{

1400 3754 1455 3772 rum
1470 3743 1608 3781 studiosus.
1678 3746 1786 3778 Comis,
1801 3752 1850 3781 pro
1870 3745 2014 3787 Indulgenti
2039 3743 2100 3771 Liu.
2138 3763 2146 3770 .
2181 3762 2188 3770 .
2224 3762 2232 3769 .
2294 3749 2310 3768 u

1400 3787 1531 3814 comes‚et
1543 3783 1613 3807 senes
1624 3782 1703 3809 facile
1715 3782 1747 3808 de
1763 3781 1851 3808 alieno
1860 3780 2066 3817 impersospreto
2073 3779 2184 3814 gratiam
2190 3778 2284 3810 facere.
2317 3774 2339 3803 Β

1401 3817 1493 3843 Comis
1500 3816 1528 3842 de
1537 3817 1644 3855 Prodigo
1650 3817 1730 3844 Plaut.
1736 3817 1818 3843 Trin.
1827 3825 1847 3849 1,
1856 3825 1876 3849 1,
1885 3823 1936 3850 ²4³·
1953 3816 1985 3842 In
1992 3824 2103 3842 vxor-em
2110 3815 2192 3842 comis
2200 3814 2266 3840 Hor.
2275 3811 2319 3846 Ep·
2326 3817 2350 3841 2,

1402 3852 1514 3892 Compar.
1534 3852 1751 3892 [ogaoopovieneos]
1770 3852 1826 3878 Cic.
1835 3850 2184 3886 proMuraen.66c.31Q1is
2191 3857 2257 3876 vero
2263 3847 2293 3874 C.
2312 3876 2314 3878 ,

297 3888 432 3916 Comitatu
440 3891 568 3924 principis
581 3888 699 3915 videntur
712 3886 778 3915 dit-‘ii
791 3887 988 3915 Comitatenses.
1029 3886 1088 3916 Vid.
1108 3889 1161 3916 lac.
1174 3885 1291 3924 Gothosr.
1305 3886 1339 3914 ad
1353 3895 1393 3922 105
1403 3888 1556 3922 11110κὲ3110-
1565 3887 1845 3916 iucundioreodemex
1851 3885 1936 3914 studio
1943 3886 2012 3932 isto?
2047 3887 2142 3924 Superi.
2151 3881 2347 3919 8σ111ρε13111ί
2397 3903 2404 3910 .

2438 710 2440 736 l

2438 746 2439 774 l

2384 776 2439 812 ...7

1387 1318 1482 1354 lacque
1496 1319 1583 1351 fluor,
1600 1324 1626 1345 et
1639 1319 1739 1354 ignitus
1752 1319 1860 1354 liquor,
1880 1320 1928 1354 qui
1942 1329 2002 1346 cum
2015 1319 2094 1346 latius
2103 1318 2239 1354 quatitur,
2259 1317 2437 1390 00111010εὲ1
2451 1326 2474 1402 117

2419 1360 2437 1382 <2
2452 1371 2454 1374 -

2385 1392 2413 1426 a*
2435 1386 2455 1414 3⁸

2388 1443 2408 1466 '¹1'
