2474 4182
269 120 315 159 39
677 103 717 142 A
768 100 795 138 B
854 96 893 137 v
1743 101 1788 141 A
1838 100 1872 140 c
1928 99 1989 139 A·
2352 75 2443 153 40ss

278 198 306 224 'in
320 197 393 223 Orat.
407 195 439 222 ad
453 195 524 222 Brut.
538 202 574 226 94
589 190 737 218 Aristotcles
750 193 837 214 autem
850 186 1016 214 translationi
1025 187 1087 214 haec
1100 188 1154 223 ipsa
1166 186 1313 221 subiungit,
1365 185 1517 221 sanguinein
1537 197 1643 224 queque
1669 189 1698 217 'm
1719 189 1804 216 Febre
1823 189 1962 225 vomuiffe,
1987 187 2140 223 pestiferum
2169 191 2214 219 est.
2233 192 2304 220 conf.
2324 201 2353 226 2,
2383 199 2407 225 3-

277 241 304 259 et
317 232 478 262 abusionem,
492 239 568 264 quam
583 224 743 254 (atachrclin
752 231 860 249 vocant:
875 228 904 249 vt
916 232 974 249 cuni
988 225 1122 250 Minutum
1131 224 1242 250 dicimus
1256 223 1311 249 ani·
1365 232 1395 258 ς,
1412 224 1454 249 26.
1499 229 1532 256 7,
1550 229 1583 253 ιε.

280 278 354 296 mum
368 277 415 301 pro
430 268 522 297 Paruo,
542 272 566 290 et
580 262 712 288 abutimur
726 258 814 285 verbis
828 260 997 294 propinquis,
1017 260 1034 286 li
1048 269 1113 294 opus
1126 260 1171 292 cst,
1189 259 1231 286 vel
1240 257 1313 293 quod
1403 265 1448 286 AC
1465 261 1492 283 in
1506 258 1672 293 cmnpofitione
1691 269 1780 297 magno
1800 261 1919 287 librorum
1938 261 2093 296 lapidumque
2112 262 2224 299 consensu
2239 262 2271 297 ⁶st
2280 271 2330 300 pro
2349 271 2408 296 AD,

280 303 401 333 delectat,
415 303 454 328 vel
468 300 612 335 quodlicet.
647 298 683 321 Dc
696 296 741 320 hac
754 304 806 331 qum
817 305 844 321 ue
857 295 917 321 Fab.
932 301 954 327 8,
969 297 994 327 6,
1009 304 1041 329 34
1058 295 1219 330 κατάχρησις,
1233 303 1313 330 quam
1366 302 1396 321 vt
1409 293 1519 325 Accede,
1539 295 1662 321 Accensus
1675 304 1718 323 etc.
1736 297 1809 332 Qud
1821 300 1948 323 inuenitur
1961 298 2085 323 interdum
2100 297 2215 332 Adcipio·
2224 307 2266 327 aut
2271 301 2362 335 flmik,
2380 301 2413 327 id

282 340 353 366 recte
367 339 477 364 dit-inm>
491 334 650 362 abutionem,
670 339 797 365 quaetion
824 331 961 357 abentibus
976 332 1154 358 nomensuuui
1167 339 1314 357 accommo-
1333 338 1347 363 ς
1367 330 1467 358 videtur
1491 326 1649 364 affeclationi
1666 329 1858 368 semidot‘hrum
1881 333 2043 361 librariorum
2068 333 2158 360 deber).

281 375 334 407 dat,
348 374 419 408 quod
434 374 459 398 jn
475 369 596 404 proximo
610 367 644 393 est
658 374 703 393 etc.
744 367 805 394 Sunt
819 370 880 393 enini
894 368 930 393 ibi
937 368 1022 402 plura.
1062 366 1135 394 Idem
1147 376 1171 400 3,
1184 375 1207 400 3,
1219 375 1237 401 9
1260 367 1314 394 Hie

281 421 328 446 per
340 409 486 436 abulionciu
502 403 591 437 polita.
625 402 692 430 ΑΜ.
707 407 729 433 8,
742 412 768 435 2,
782 412 802 436 5.
830 412 868 434 ιο,
888 412 914 435 2,
930 412 947 429 1.
1786 407 1814 438 A
1870 406 1898 437 C
1953 408 1981 438 A

319 453 339 472 A
352 452 365 471 n
376 447 468 469 vsoR
479 459 486 471 ,
511 439 572 464 oris.
593 448 626 465 in.
642 438 773 475 Prodigus.
799 439 910 465 Saluian.
925 444 946 468 8.
965 447 988 472 p.
1002 439 1054 471 296
1077 437 1245 464 Perditoruni
1265 436 1317 463 hoc

281 481 471 508 adolescentum
486 475 594 508 speciale
607 475 758 501 convicium
772 475 816 503 esi,
840 481 867 501 vt
887 474 1010 500 abusores
1027 473 1126 501 scilicet
1143 479 1170 500 et
1188 472 1315 500 incuriosi
1408 480 1527 502 ACACI
1536 480 1574 506 Α,
1591 472 1721 508 [ἀκακία]
1739 475 1915 512 Gemit-spinae
1928 480 2032 512 itemque
2038 474 2148 513 frufius
2160 477 2243 508 illius,
2262 477 2361 513 etfiicci
2372 482 2411 506 in.

281 526 309 543 a(
323 513 480 545 negligentes
494 519 582 537 rerum
596 512 699 537 suarum
713 512 760 536 else
779 511 906 537 dicantur.
1331 517 1359 535 ιο
1372 508 1401 536 de
1415 510 1524 546 caprellt'.
1578 510 1677 544 §pinam
1697 518 1785 546 quoque
1803 512 1927 548 ipsamjic
1947 516 2046 544 vocari,
2071 512 2141 545 testis
2154 513 2323 540 Dioscorides
2335 522 2356 546 1,
2363 523 2412 547 133.

319 557 338 575 Α
350 548 476 579 ιμ’·ενς,
499 545 535 572 ὓς.
554 556 588 573 m.
606 546 767 581 [οἷπὸχρησις]
787 546 944 573 Consunitio
952 551 974 570 ct
983 545 1154 580 Interitusper
1166 544 1235 581 vfiim
1256 544 1317 579 le.
1373 546 1450 580 EtJic
1462 541 1516 572 crat
1534 549 1598 580 apud
1623 545 1741 578 Plin-24‚
1760 554 1787 573 ¹2
1801 549 1818 573 s.
1832 550 1866 582 67
1890 547 1931 574 Est
1950 555 1976 574 et
1989 549 2127 575 Acacaciae
2147 550 2233 583 Spina.
2270 549 2318 576 ,Sed
2330 551 2411 577 Hara.

282 587 297 610 l.
313 593 324 615 ‚-
342 582 364 618 §.
380 592 388 609 1
407 583 438 608 D.
453 582 484 608 de
498 582 582 609 vsufr.
593 591 682 608 earum
697 590 785 608 rerum
799 583 918 616 quaevsu
931 581 1046 607 consum.
1081 581 1108 607 Si
1116 582 1240 615 pecuniae
1248 581 1318 606 vsus-
1374 582 1467 608 Acacia
1486 591 1500 608 e
1515 582 1602 616 spina,
1631 589 1658 607 at
1670 580 1789 617 adsolant
1802 581 1920 618 fraciam
1939 585 2069 620 ctJiaeccum
2087 585 2223 620 referatur.
2261 584 2308 612 Sed
2319 586 2413 648 ipera-

280 619 381 646 t‘rucius
401 618 500 652 legatus
512 618 556 650 sit,
576 618 616 645 vel
630 618 741 644 aliarum
755 627 857 648 reruni,
877 626 943 652 quae
956 617 983 642 in
1003 616 1083 643 abusu
1097 617 1251 647 confidunt,
1271 625 1318 642 nec
1371 628 1426 644 mus
1439 627 1498 653 quae
1511 617 1545 643 dd
1556 627 1605 643 rem
1619 616 1835 652 nqsiraniJaciunt
1847 628 1859 645 e
1872 621 1950 646 Plinii
1962 624 1979 646 l.
1993 630 2014 646 c.
2067 620 2160 647 Semen
2173 621 2312 647 lenticulae
2341 621 2414 648 imile

279 655 369 681 cautio
383 655 554 680 interveniat:
587 654 730 680 ridendum
749 653 793 684 est,
812 662 845 680 an
864 654 941 679 linito
954 652 1108 685 vsufruc‘tu,
1127 653 1236 687 pecunia
1251 660 1318 685 quae
1374 654 1480 680 minore
1495 653 1530 679 est
1550 659 1652 679 tantum
1666 658 1691 678 ct
1710 661 1791 686 grano
1804 660 1830 680 et
1848 655 1977 682 folliculo.
1998 670 2042 675 --
2059 655 2182 691 Spissatur
2195 657 2283 683 succus
2296 665 2327 683 ex
2341 657 2413 684 folli-

279 691 339 717 data
352 690 404 723 est,
429 691 470 717 vel
489 697 605 716 caeterae
624 699 679 720 res,
707 698 773 723 quae
788 690 815 715 in
833 689 999 715 absumtione
1020 689 1085 719 sunt,
1099 688 1203 715 condici
1219 687 1319 722 possint.
1334 693 1357 719 15
1374 689 1439 715 culis
1454 697 1519 723 aqua
1534 688 1636 715 caelesti
1650 687 1770 723 perfusis:
1791 697 1852 715 mox
1866 691 1894 716 in
1907 691 1959 726 pisa
1972 691 2033 718 tusis
2046 692 2205 726 exprimitur
2213 694 2332 727 organis:
2350 701 2413 720 tune

279 727 335 754 Cic.
351 727 378 752 in
392 727 491 761 Topic.
505 734 533 760 17
546 736 566 752 c.
582 735 593 758 3
613 726 676 752 Non
690 724 767 751 debet
780 733 810 751 ea
822 725 928 757 mulier,
947 724 989 750 cui
1003 725 1046 750 vir
1060 724 1194 750 bonorum
1212 725 1320 750 suorum
1375 724 1496 751 densatur
1510 725 1538 750 in
1557 725 1615 751 Sole
1635 725 1769 751 mortariis
1784 724 1812 749 in
1824 726 1946 758 pastillos.
1965 742 2008 747 —
2027 728 2166 754 Foliorum
2179 729 2266 755 succus
2274 736 2299 755 et
2314 730 2414 756 Galati-

279 762 474 789 vsumfruetum
496 762 608 796 legauit,
627 761 698 787 cellis
713 761 824 787 vinariis
838 768 863 787 et
875 761 982 787 oleariis
995 761 1078 794 plenis
1091 760 1207 791 relictis,
1229 766 1320 793 putare
1375 769 1418 786 cae
1432 760 1531 786 acaciae
1545 761 1705 794 nigerrimus
1719 760 1897 794 improbatur:
1913 763 1977 789 item
1991 765 2038 798 qui
2056 763 2131 790 valde
2149 764 2233 791 rufus.
2280 766 2414 800 Purpurea

279 798 306 825 id
320 798 351 825 ad
367 800 390 825 se
411 799 550 832 pertinere.
604 798 668 823 Vsus
682 797 770 829 enim,
789 806 842 823 non
855 796 947 823 abusus
968 796 1066 830 legatus
1086 796 1129 822 est.
1188 796 1234 820 Vm
1256 796 1320 820 Boe·
1374 802 1419 822 aut
1432 795 1606 830 leucophaea,
1629 804 1654 822 et
1668 805 1734 830 quae
1748 796 1874 822 facillime
1888 797 2015 831 diluitur,
2039 801 2068 826 vi
2082 800 2182 826 summa
2199 800 2232 827 ad
2256 800 2413 835 spissandum
2447 820 2449 826 .

278 835 360 866 thius,
380 835 487 860 Vtiniur
502 834 544 864 iis,
558 842 624 867 quae
644 832 721 859 nobis
736 833 869 859 vteiitibus
877 839 1044 867 permanent:
1061 833 1094 859 iis
1102 839 1167 857 vero
1175 830 1321 862 abutimur,
1375 832 1640 866 refrigerandumque
1653 832 1697 858 est.
1714 847 1758 851 —
1775 832 1910 866 Capillum
1923 834 2034 868 tingunt.
2089 838 2209 862 Notcmus
2220 837 2236 862 h
2252 846 2280 869 c,
2298 845 2328 862 ne
2339 837 2414 873 jude·
2442 854 2446 861 .-
2471 856 2473 860 .

278 879 345 906 quac
360 869 436 896 nobis
451 869 584 896 rtentibus
604 876 721 904 percunt.
1335 868 1538 903 20771115Jrustra
1558 877 1611 893 cum
1629 868 1805 903 into-precibus
1825 870 1909 895 Petro.
1923 878 1980 902 c.23
2004 871 2166 898 Pei-fluebant
2181 881 2227 906 per
2239 872 2355 899 frontem
2375 873 2416 900 su-

313 914 334 933 A
346 913 361 932 Β
371 913 390 932 v
399 913 412 931 s
422 913 440 932 v
451 912 463 932 s
473 925 481 937 ,
498 914 523 935 a,
542 914 594 931 uni.
618 903 913 940 Paffiuasignificatione.
941 901 999 928 Γῐτί.
1019 910 1040 929 Α
1050 909 1065 929 Β
1075 909 1095 928 ν
1105 909 1126 928 T
1136 909 1154 928 o
1164 908 1183 928 R
1203 910 1228 927 n.
1248 910 1269 933 3.
1376 903 1462 929 dantis
1475 905 1571 929 cinaedi
1591 904 1690 930 acaciae
1704 904 1775 936 riui,
1792 905 1878 944 quihus
1891 914 1972 940 nempe
1985 908 2084 941 capillos
2096 915 2216 934 [uixerat.
2264 908 2329 934 Plin.
2337 917 2381 941 20,
2396 916 2414 936 2
2440 903 2443 931 ζ

312 948 460 968 ΛΒνειν
469 949 528 973 vs,
548 949 578 973 a,
602 949 654 966 um.
693 940 800 966 Nomen
819 940 903 973 ipsum
922 937 1029 964 abuliua
1047 937 1223 972 appellatione
1243 936 1322 976 muti·
1377 939 1431 972 [85
1450 938 1559 965 Atticen
1567 939 1735 966 acacialentis
1743 940 1933 974 magnitudine.
1967 943 1998 967 iit
2011 950 2075 977 30‚7
2088 944 2105 969 s.
2121 952 2148 976 ¹9
2180 943 2286 970 Addunt
2299 945 2414 973 acaciam
2444 964 2445 967 ,

277 977 358 1004 latum
379 976 454 1003 Auci.
480 978 569 1010 Paneg.
591 977 619 1002 in
633 975 766 1002 Constant.
793 976 858 1009 Aug.
880 979 909 1006 8,
928 983 962 1007 4,
981 983 994 1006 3
1026 973 1054 999 de
1079 973 1217 1000 Maxentio
1237 974 1322 1000 Maxi·
1377 975 1453 1001 fabae
1467 974 1657 1009 magnitudine.
1710 975 1789 1001 Conf.
1798 976 1864 1002 Cels.
1879 979 1936 1009 6‚6.
1972 976 2072 1004 Scribo.
2091 979 2185 1014 Comp.
2199 988 2229 1012 23
2250 981 2290 1006 :bi
2303 981 2413 1008 Acaciae
2441 987 2447 1009 ’,

275 1013 358 1040 miani
376 1011 510 1048 supposito.
794 1046 808 1052 ..
908 1045 913 1049 ¹
965 1045 969 1049 .
1026 1045 1029 1049 Ι
1376 1011 1503 1051 chylisma
1515 1011 1609 1052 laudaf3
1630 1014 1659 1036 it.
1677 1011 1839 1052 Couip.41ct
1854 1017 1890 1052 853
2015 1015 2035 1050 ’ᾗ
2049 1014 2065 1039 2
2078 1014 2189 1042 Acacien
2201 1019 2218 1041 i.
2233 1018 2335 1042 α’κακιάν
2353 1023 2415 1053 tegeh
2438 1032 2444 1037 ·

312 1057 333 1075 A
344 1056 387 1076 nx·
397 1056 408 1075 s
420 1057 426 1074 1
438 1054 458 1075 v
469 1055 500 1080 E,
519 1045 585 1073 Adu.
612 1045 838 1081 [καταχρηςικως]
857 1044 991 1079 Qunehl.
1012 1044 1059 1071 lib.
1081 1053 1106 1077 9,
1124 1053 1150 1077 2,
1165 1052 1192 1077 35
1219 1054 1243 1079 p.
1258 1052 1320 1084 777.
1334 1051 1361 1076 25
1375 1048 1435 1073 bant
1463 1048 1519 1073 Cic.
1534 1046 1565 1072 de
1580 1048 1637 1072 l-in.
1651 1054 1674 1079 ς,
1687 1051 1719 1081 87
1747 1048 1776 1073 ld
1790 1055 1861 1073 enini
1875 1048 1920 1074 ille
1935 1049 2135 1082 (Democritus)
2158 1052 2289 1078 summum
2302 1051 2415 1085 bonum,
2436 1062 2440 1066 ⁴

275 1085 361 1113 Burm
382 1084 522 1110 Nunenon
542 1082 647 1109 abusiue
660 1082 818 1116 dispensatio
832 1081 876 1107 est.
918 1081 991 1107 Idem
1007 1086 1031 1114 8,
1046 1083 1072 1115 6,
1091 1089 1119 1114 35
1139 1080 1254 1109 Abusiue
1273 1080 1320 1108 ali·
1376 1082 1545 1115 Euthymiam
1558 1089 1584 1108 et
1606 1083 1678 1116 saepe
1691 1083 1812 1109 Acaciam
1825 1084 1952 1122 appellat,
1976 1084 2022 1111 §cd
2033 1094 2086 1111 cum
2099 1085 2149 1121 ‘Pfi'
2161 1087 2233 1114 addit
2256 1089 2369 1121 Tullius,
2386 1088 2415 1115 id
2429 1110 2432 1113 .

275 1129 327 1156 qua
340 1129 369 1149 re
381 1120 430 1147 vti.
468 1119 581 1146 Abuliue
595 1119 693 1145 incusso
706 1118 789 1144 ariete
803 1117 935 1144 Ammian.
948 1125 994 1150 24,
1007 1125 1034 1150 4.
1375 1119 1429 1151 est,
1442 1119 1561 1144 animum
1575 1124 1677 1144 terrore
1691 1118 1823 1152 liberum,
1834 1124 1903 1156 jacis
1915 1120 2028 1152 indicat,
2043 1122 2183 1158 legendum,
2201 1126 2346 1156 vtreJtituit
2355 1127 2417 1152 Gru·
2433 1154 2437 1157 .

1373 1164 1477 1185 nonius,
1494 1154 1636 1186 οἰᾰαμβίαν.

686 1192 714 1223 A
786 1191 809 1222 Β
880 1190 907 1222 Υ
1413 1188 1436 1217 A
1444 1196 1460 1217 c
1470 1188 1492 1217 A
1499 1197 1518 1217 D
1529 1196 1544 1216 E
1553 1197 1577 1216 M
1588 1189 1628 1216 ῗΑ
1636 1210 1644 1222 ,
1662 1198 1699 1215 ae.
1717 1190 1874 1222 (Penultima
1879 1195 1999 1218 communi
2012 1191 2151 1225 Ἀκαδημία
2169 1200 2193 1219 et
2205 1192 2355 1228 Ἂκαδημεία
2363 1194 2431 1222 vai..-
2446 1208 2449 1210 -

1331 1233 1363 1258 30
1377 1226 1450 1262 infra
1464 1235 1489 1252 n.
1497 1229 1536 1260 5.)
1556 1227 1623 1252 locus
1630 1234 1709 1261 prope
1721 1226 1835 1253 Athenas
1848 1226 2059 1260 celebratillimut,
2084 1239 2114 1255 ac
2125 1228 2258 1256 Academo
2270 1235 2310 1257 vel
2323 1231 2416 1260 Ecade÷

310 1269 332 1288 Α
341 1268 357 1289 13
367 1261 410 1289 VD
419 1268 440 1288 v
449 1268 463 1288 s
472 1281 480 1294 ,
503 1259 635 1297 [Ἂέξύὃος]
661 1261 726 1287 Vrbs
739 1259 812 1295 Asiae
825 1270 840 1287 α
855 1259 962 1295 Milesiis
974 1258 1076 1287 condita
1088 1259 1123 1287 ad
1130 1259 1322 1296 Hellespontum,
1377 1271 1423 1288 ino
1430 1266 1518 1297 potius
1531 1263 1612 1288 Hsroc‘
1630 1268 1640 1293 t
1651 1263 1722 1288 forte
1729 1264 1789 1288 latet
1797 1263 1838 1288 hic
1852 1258 1984 1295 Cadmus)
2003 1262 2096 1297 distas,
2110 1266 2162 1291 vid.
2177 1267 2278 1302 lllcnag.
2291 1266 2325 1292 ud
2337 1266 2418 1302 Dioge]
2439 1280 2448 1285 ν

265 1301 357 1334 patria
371 1297 489 1327 Leandri.
508 1301 548 1324 cui
561 1297 643 1324 Sestos
651 1301 677 1323 in
687 1299 784 1332 Europa
797 1304 936 1332 opponitur.
959 1297 1033 1331 Virg.
1043 1297 1139 1331 Georg.
1155 1304 1235 1331 i,2o7
1255 1297 1322 1322 Pon·
1376 1299 1463 1325 Lae'rt.
1471 1307 1494 1330 3,
1502 1306 1527 1333 7.
1585 1297 1654 1324 Vnde
1666 1301 1740 1324 etiam
1759 1297 1825 1333 ap'ud
1838 1299 1903 1324 Hor.
1924 1299 2000 1333 Epist.
2009 1309 2034 1333 2,
2048 1309 2112 1334 2,45
2153 1302 2239 1336 Atque
2253 1309 2321 1329 inter
2334 1302 2417 1330 Siluas

271 1341 312 1360 tus
326 1340 351 1360 et
365 1333 492 1360 Ostriferi
512 1334 598 1360 fauces
618 1340 752 1360 tentantur
759 1332 855 1365 Abydi.
884 1333 941 1359 Val.
956 1332 993 1359 Fl.
1007 1341 1016 1359 1
1025 1353 1033 1365 ,
1047 1338 1092 1365 ²85
1114 1334 1244 1367 Coeperat
1257 1340 1271 1358 a
1280 1340 1322 1366 ge·
1376 1335 1502 1360 Academi
1515 1342 1641 1368 quaerere
1654 1343 1764 1367 verum,
1786 1334 2039 1375 Ecademilegemiiaem
2047 1344 2123 1371 putat
2136 1338 2199 1371 1³0stss
2213 1341 2240 1363 in
2248 1340 2350 1374 Etymol.
2357 1340 2381 1365 h.
2388 1348 2416 1366 υ.
2450 1352 2452 1354 v

268 1369 344 1398 mina
352 1368 484 1396 discedere
492 1369 574 1396 Sestos
583 1369 678 1401 Abydo
696 1372 713 1396 i.
721 1370 810 1405 Jbrore
817 1367 1219 1405 quast,quaeercgionestmilisztu
1232 1371 1321 1395 eminet
1374 1372 1474 1404 Dcsttu
1498 1371 1554 1396 Cic.
1575 1370 1607 1396 de
1625 1371 1644 1396 F
1648 1370 1683 1395 in.
1698 1378 1710 1403 ς
1724 1379 1763 1404 pr.
1792 1370 1985 1397 Constituimus
1999 1378 2068 1398 inter
2081 1381 2138 1405 nos,
2158 1381 2187 1399 vt
2206 1373 2414 1403 ambulationem

271 1406 454 1441 ctelongt'nquo
462 1415 511 1432 vna
519 1405 628 1436 videtur,
636 1414 681 1440 quo
685 1408 893 1440 propiusvenias,
901 1414 925 1431 en
933 1407 1014 1440 mag-is
1022 1405 1151 1440 discedere.
1207 1404 1226 1434 ἡ
1235 1413 1252 1431 2
1270 1404 1319 1430 Ae·
1334 1410 1362 1436 35
1376 1406 1608 1441 postmeridianam
1622 1405 1809 1432 conficeremus
1823 1407 1850 1432 in
1864 1406 2005 1433 Academia
2019 1422 2061 1427 —-
2074 1409 2137 1435 Inde
2150 1410 2226 1436 vario
2240 1411 2360 1437 sermone
2372 1411 2415 1438 sex

270 1442 345 1476 gypti
351 1440 480 1480 oppidum
489 1441 640 1467 Memnonis
647 1448 720 1475 regia
727 1447 752 1466 et
760 1440 842 1467 Osiris
850 1440 949 1474 templo
957 1440 1083 1471 inclytum
1092 1439 1232 1474 Plin.lib.5‘,
1240 1449 1256 1473 9
1265 1441 1281 1466 s-
1291 1447 1321 1466 11.
1377 1442 1423 1469 illa
1441 1451 1456 1469 a
1476 1443 1573 1477 Dipylo
1592 1441 1673 1468 stadia
1693 1443 1863 1468 confecimus.
1917 1443 1985 1469 eum
2005 1449 2091 1471 autem
2110 1446 2265 1472 venissemus
2279 1447 2307 1472 'in
2319 1446 2415 1474 Acade'-

306 1483 408 1503 ABYD
419 1483 534 1509 ENVS,
562 1476 620 1511 Adj.
639 1474 794 1510 [waimis]
810 1476 871 1502 Stat.
886 1476 954 1508 Sylu.
970 1484 989 1508 1,
1005 1485 1031 1508 2,
1043 1481 1075 1509 87
1094 1476 1158 1502 Vidi
1177 1481 1203 1502 ct
1218 1475 1321 1508 Abyde·
1376 1479 1473 1510 miani,
1495 1484 1550 1504 non
1569 1477 1621 1504 fine
1641 1478 1714 1504 causa
1734 1478 1875 1504 nobilitata
1893 1479 1975 1514 spatia
1987 1486 2031 1505 etc.
2083 1480 2157 1516 Qod
2168 1481 2197 1507 de
2209 1485 2255 1517 Jex
2269 1482 2357 1509 stadiis
2369 1485 2418 1515 ait,
2448 1487 2450 1489 '

270 1511 302 1552 ni
320 1511 426 1538 iuuenis
444 1513 571 1538 certantia
591 1512 684 1552 remis
706 1512 816 1538 Brachia
839 1515 856 1537 i.
881 1511 999 1537 Leandri.
1042 1512 1115 1537 Idem
1129 1511 1225 1552 Achill.
1240 1519 1261 1544 1,
1280 1531 1286 1537 .
1312 1530 1319 1538 .
1377 1515 1436 1541 Liu.
1456 1521 1491 1546 31,
1510 1522 1546 1546 24
1571 1513 1611 1539 Ab
1631 1513 1728 1548 Dipylo
1741 1513 1838 1540 acc-ellit
1857 1528 1900 1533 —-
1913 1522 1986 1541 extra
2003 1515 2079 1542 limes
2099 1515 2172 1542 mille
2190 1517 2275 1544 ferme
2292 1519 2374 1553 palliis
2387 1519 2418 1546 in

270 1547 377 1575 Littore
390 1547 527 1580 Abydeno.
564 1547 686 1580 Abydeni
699 1556 713 1573 a
728 1549 843 1582 Philippo
857 1546 1019 1573 Macedonum
1039 1555 1099 1585 rege
1106 1556 1180 1582 graui
1201 1547 1322 1581 obsidione
1377 1549 1534 1576 Academiae
1546 1549 1717 1581 Gymnaliuni
1729 1551 1824 1577 ferens.
1866 1551 1958 1587 Nempe
1971 1550 2140 1585 Gymnasium
2152 1552 2278 1589 hicfuiffi
2289 1557 2328 1580 ait
2339 1557 2416 1581 etiam

263 1583 351 1619 prem,
369 1587 436 1609 omni
442 1584 488 1620 spe
495 1584 590 1619 salutis
602 1581 707 1613 abzeffa,
726 1585 752 1608 in
767 1592 818 1609 eam
831 1583 924 1609 rabiem
932 1583 995 1618 Jimt
1007 1584 1114 1616 accensi,
1132 1590 1161 1608 et
1171 1588 1199 1623 js
1213 1584 1321 1619 Jicasque
1330 1588 1367 1613 40
1377 1586 1509 1620 Diogenes
1545 1585 1632 1611 La'c‘rt.
1655 1587 1672 1612 l.
1681 1595 1702 1611 c.
1715 1593 1738 1612 et
1750 1589 1794 1622 qui
1806 1586 1842 1612 ibi
1853 1586 2008 1613 laudantura
2021 1588 2155 1625 Menagio:
2173 1588 2292 1621 ctstatt'm
2303 1589 2417 1616 dabimus
2433 1585 2435 1587 ¹

269 1628 361 1646 vxores·
373 1626 397 1646 et
409 1619 507 1649 liberos,
515 1618 601 1656 ferro,
613 1620 736 1655 flammis,
755 1626 779 1645 et
793 1621 858 1644 omni
889 1627 956 1644 encre
968 1621 1059 1644 mortis
1070 1618 1231 1654 crudehſjzme
1243 1622 1322 1646 inter·
1374 1623 1452 1649 locum
1473 1622 1530 1648 Cic.
1543 1621 1621 1647 Acad.
1636 1629 1693 1656 1‚17
1706 1630 1727 1647 c.
1736 1631 1762 1655 4.
1779 1626 1808 1649 it.
1829 1623 1971 1655 Fa1n.4,1z
1989 1623 2017 1649 de
2031 1623 2144 1658 sepulcro
2157 1625 2290 1658 Marcelli,
2317 1626 2348 1651 In
2366 1634 2416 1652 no-

263 1654 381 1692 fiarent,
402 1664 431 1681 ne
444 1657 471 1681 in
483 1655 561 1687 hostis
568 1658 682 1681 venirent
692 1652 843 1689 potestatem.
887 1654 924 1679 iu.
938 1662 974 1686 31,
988 1661 1026 1687 17.
1374 1657 1502 1684 bilissimo
1527 1656 1601 1683 orbis
1632 1662 1764 1684 terrarum
1791 1658 1933 1691 Gymnafio
1965 1659 2119 1686 Academiae
2144 1659 2232 1688 locum
2263 1660 2416 1696 delegimus.

309 1698 330 1718 A
339 1688 405 1719 BY⁰L
414 1698 435 1718 A
444 1710 453 1723 ,
472 1690 568 1725 penult.
588 1698 656 1716 corr.
669 1689 810 1722 Dionyfius
823 1689 889 1715 Afer
901 1689 933 1715 de
947 1689 1005 1715 Situ
1017 1688 1084 1715 Orb-
1103 1689 1223 1718 Στηλοέων
1236 1688 1320 1720 α’λύέη
1375 1694 1396 1731 ἢ
1410 1702 1427 1720 2
1441 1695 1492 1719 Hic
1498 1693 1635 1729 Disputare
1641 1694 1735 1728 salitus
1741 1694 1801 1729 fuit
1815 1695 1887 1720 Plato
1902 1695 1958 1721 Cic.
1967 1694 1999 1721 dc
2014 1695 2118 1728 Fin.'5,2
2130 1698 2188 1731 past
2201 1696 2259 1729 illa,
2280 1706 2339 1733 quae
2346 1697 2416 1727 modo

269 1729 347 1752 κεῖται
361 1727 417 1759 μία·
431 1727 473 1753 τῆς
488 1724 511 1752 <5³
531 1725 651 1759 ὑπένερθε.
671 1726 765 1750 Auien.
779 1734 804 1750 v.
826 1734 853 1749 ιιι
876 1726 970 1763 Maura
983 1724 1105 1763 Abylafet
1119 1725 1198 1752 dorso
1214 1726 1320 1752 consur-
1375 1729 1540 1761 adduximus,
1558 1728 1639 1755 Venit
1652 1728 1722 1756 mihi
1734 1729 1850 1756 Platonis
1864 1731 1892 1756 in
1904 1736 2036 1764 mentem,
2054 1739 2133 1766 quem
2146 1732 2292 1767 accepimus
2299 1733 2417 1767 primum

269 1762 308 1795 git
329 1761 431 1800 iberica
450 1761 540 1800 Calpe.
589 1759 656 1786 Plin.
670 1760 719 1801 lib.
738 1768 758 1791 3.
779 1767 935 1793 prooemio:
953 1760 1078 1799 Proxima
1097 1767 1184 1787 autem
1199 1761 1320 1788 faucibus
1330 1769 1363 1795 45
1374 1765 1419 1792 hic
1438 1765 1569 1800 disputare
1588 1764 1704 1791 solitum.
1723 1779 1768 1784 ·—
1790 1765 1843 1791 Hic
1861 1765 2029 1800 Speutsppus,
2055 1766 2098 1793 hic
2110 1768 2285 1802 Xenocrates,
2303 1768 2347 1795 hic
2358 1769 2416 1801 eiu·

269 1797 395 1831 vtrinque
403 1796 520 1830 impoliti
527 1801 639 1827 montes,
647 1801 768 1822 coercent
775 1794 894 1827 claustra,
909 1793 994 1835 Abyla
1009 1795 1124 1835 Africae,
1133 1797 1252 1830 Europae
1261 1798 1320 1824 Cal-
1374 1800 1482 1828 auditor
1494 1801 1617 1828 Polemo:
1635 1801 1709 1827 cuius
1724 1800 1778 1835 ipsa
1791 1801 1837 1827 illa
1850 1801 1922 1827 sessio
1935 1803 2004 1834 suit,
2023 1811 2102 1837 quani
2110 1803 2240 1830 videmus.
2259 1819 2291 1825 —
2307 1805 2416 1838 Et4c.2

269 1841 311 1867 pe,
325 1831 448 1859 laborum
458 1831 580 1866 Herculis
586 1837 680 1858 metae.
716 1832 804 1864 Qiam
817 1830 853 1857 ob
866 1831 967 1858 causam
976 1830 1115 1865 indigenae
1123 1832 1257 1857 columnas
1264 1833 1321 1858 eius
1375 1838 1430 1870 Ego
1445 1836 1491 1862 illa
1503 1845 1616 1863 moneor
1635 1836 1738 1863 exedra.
1791 1837 1876 1863 Modo
1895 1838 1967 1864 enini
1980 1838 2033 1864 fuit
2047 1839 2206 1866 Carneades:
2231 1848 2309 1875 quern
2322 1840 2415 1874 videro

270 1867 314 1894 dei
329 1873 438 1894 vocant:
462 1867 624 1901 creduntque
639 1866 762 1900 perfossas
776 1866 878 1892 exclusa
892 1874 969 1893 antea
981 1866 1108 1893 admifiss'e
1120 1868 1219 1900 mai-ia,
1241 1873 1267 1893 ct
1280 1875 1320 1893 re·
1374 1871 1478 1896 videor.
1547 1872 1621 1897 Idem
1640 1872 1718 1898 Aead.
1732 1880 1752 1904 1,
1767 1880 1795 1906 17
1808 1881 1829 1898 c.
1842 1882 1861 1906 4
1895 1873 1938 1900 Illi
1952 1881 2039 1900 autem
2052 1874 2100 1908 qui
2113 1874 2228 1901 Platonis
2253 1875 2373 1903 instituto
2386 1876 2419 1904 ii)

270 1912 331 1931 rum
346 1909 455 1929 naturae
475 1903 581 1928 mutasse
599 1902 703 1928 faciem.
754 1901 818 1928 Mel·
840 1909 859 1941 ¹?
880 1908 902 1933 5-
923 1910 947 1941 Ρ·
968 1910 1009 1933 335
1034 1903 1140 1941 Gronau·
1160 1902 1262 1929 Deinde
1282 1902 1319 1928 est
1375 1905 1533 1938 Academia,
1549 1906 1621 1941 quod
1634 1906 1670 1932 cst
1683 1907 1796 1933 alterum
1809 1906 1878 1942 (post
1892 1910 2013 1943 Lyceum)
2030 1909 2216 1943 Gymnafium,
2235 1919 2324 1938 coetus
2342 1915 2418 1943 erant

269 1947 346 1966 mons
360 1938 499 1972 praealtus,
520 1938 546 1964 ei
558 1946 637 1972 quem
650 1945 682 1964 ex
696 1936 806 1963 aduerso
820 1937 948 1971 Hispania
959 1935 1068 1968 attollit,
1088 1937 1218 1964 obiectus.
1240 1939 1319 1964 Hunc
1331 1946 1362 1970 50
1373 1947 1399 1966 ec
1418 1942 1551 1967 sermones
1570 1941 1668 1968 habere
1687 1943 1775 1975 soliti,
1801 1951 1815 1968 e
1828 1944 1881 1969 loci
1902 1944 2032 1971 vocabulo
2043 1954 2142 1972 nomen
2161 1949 2172 1978 (
2180 1942 2417 1982 Academicorum)

271 1974 394 2007 Abylam,
415 1974 491 2000 illum
505 1973 604 2007 Calpen
620 1980 726 2006 vocant,
745 1972 879 1999 columnas
894 1971 1016 1999 Herculis
1028 1978 1181 2006 virumque.
1237 1972 1319 1998 Addit
1373 1970 1531 2000 habuerunt.
1585 1977 1654 2002 Add.
1674 1978 1706 2003 de
1726 1980 1800 2004 Orat.
1818 1987 1842 2012 3,
1857 1981 1890 2005 62
1904 1988 1924 2007 c.
1934 1988 1971 2015 17.
2091 1979 2112 2019 q
2131 1990 2144 2015 3
2165 1984 2231 2009 Hinc
2245 1991 2294 2018 pro
2308 1984 2423 2021 Philo-'ba
2441 2002 2444 2006 .

270 2011 342 2038 fania
355 2009 471 2036 nominis
484 2009 617 2042 fabulam,
642 2008 786 2035 Herculem
804 2009 890 2044 ipsum
909 2007 1014 2035 iuneios
1033 2007 1106 2047 olim.
1114 2012 1241 2042 perpetuo
1254 2007 1319 2041 iugo
1367 2010 1430 2044 phis
1444 2016 1466 2034 et
1480 2008 1638 2049 Pailofhphia
1652 2011 1800 2036 Academica
1806 2015 1881 2047 saepe
1888 2019 2003 2047 ponitur.
2039 2016 2095 2043 Cic.
2109 2018 2154 2044 Ac.
2162 2025 2182 2051 1,
2190 2026 2219 2054 17
2250 2020 2299 2046 Vbi
2316 2019 2388 2046 dixer

269 2045 402 2074 diremiffe
417 2045 507 2078 colles,
528 2052 607 2080 atque
630 2044 668 2071 ita
687 2044 821 2072 exclusum
837 2050 914 2071 antea
932 2042 1004 2071 mole
1021 2049 1155 2070 montium
1173 2045 1319 2076 Oceanum,
1373 2045 1402 2071 de
1416 2047 1460 2076 iis,
1473 2053 1515 2084 qm
1523 2046 1605 2079 primi
1612 2042 1670 2079 post
1682 2046 1809 2071 Platonem
1822 2048 1849 2070 in
1861 2048 1998 2074 Acadama
2009 2050 2125 2083 domm&
2160 2055 2267 2081 Certam
2285 2055 2372 2091 qmnd

270 2081 305 2109 ad
316 2091 383 2117 quae
396 2090 465 2107 nunc
480 2081 599 2113 inundat,
612 2080 756 2107 admiss‘um.
1375 2080 1530 2114 disciplinae
1552 2080 1695 2106 formulam
1709 2081 1914 2115 composuerunt
1937 2096 1980 2101 —
1998 2083 2071 2109 illam
2089 2092 2177 2111 autem
2197 2089 2355 2117 Socraticam
2367 2091 2415 2118 du.

308 2125 331 2144 Α
341 2124 356 2144 13
365 2124 404 2144 vs
415 2124 427 2144 s
439 2124 460 2143 v
471 2124 500 2149 s,
523 2116 549 2142 fi.
563 2117 583 2143 f.
607 2114 738 2150 [ἅέυσσος]
761 2115 836 2150 Aqua
850 2120 943 2149 patens
956 2116 983 2140 in
997 2114 1137 2151 immensam
1152 2113 1318 2149 profimdita-
1332 2120 1360 2147 55
1373 2117 1534 2144 bitationem
1553 2115 1733 2151 reliquerunt3
1750 2117 1898 2153 subiungit,
1922 2116 2000 2143 Nihil
2014 2118 2083 2144 inter
2101 2119 2288 2153 Peripateticos
2300 2130 2327 2149 et
2338 2125 2415 2153 illam

271 2159 329 2185 tem,
344 2162 366 2189 q.
381 2152 404 2178 d.
414 2162 473 2188 quae
479 2151 590 2188 fundum
598 2160 645 2178 nan
659 2151 738 2179 habet.
774 2150 832 2177 Vid.
848 2149 939 2177 Ifidor.
953 2159 988 2182 13,
1000 2158 1036 2177 20
1053 2150 1221 2177 Profunditas
1240 2158 1319 2184 aqua·
1371 2159 1491 2180 veterem
1509 2151 1675 2179 Academiam
1683 2151 1820 2179 differebat
1844 2167 1889 2172 —
1909 2152 1972 2179 Tum
1991 2157 2117 2186 enarratis
2128 2155 2274 2191 diligentins
2287 2161 2417 2193 Utriusque

270 2198 332 2216 rum
349 2187 568 2223 impenetrabilis,
589 2188 607 2214 s.
628 2187 763 2222 speluncae
776 2194 904 2221 aquarum
915 2186 1072 2219 latentium,
1096 2186 1128 2213 de
1149 2186 1246 2222 quibus
1259 2187 1319 2212 fon-
1374 2190 1475 2217 Scholae
1487 2188 1642 2219 rationibus,
1659 2195 1682 2214 et
1695 2197 1754 2224 quac
1767 2191 1899 2215 mutauerit
1911 2189 1976 2214 Zeno
1989 2190 2124 2216 Stoicorum
2132 2195 2220 2226 prince
2238 2201 2264 2223 s,
2291 2193 2359 2220 Cum
2366 2194 2413 2220 Ze—

271 2230 310 2251 tes
329 2230 354 2251 et
376 2224 487 2251 flumina
506 2223 652 2258 procedunt
671 2229 716 2248 etc.
766 2221 985 2256 Ecclesiasticormn
993 2222 1054 2258 fere
1067 2220 1115 2255 esi,
1142 2226 1184 2259 qui
1196 2221 1230 2248 ad
1237 2222 1320 2258 fidem
1374 2233 1462 2257 none,
1488 2227 1571 2260 inquit
1583 2233 1608 2251 n.
1616 2233 1653 2257 44
1666 2233 1722 2251 c.12
1746 2223 1869 2250 Arcesilas
1884 2223 1933 2250 sibi
1950 2234 2029 2251 omne
2044 2233 2175 2252 certamen
2187 2199 2301 2254 indituit
2311 2242 2358 2249 —
2368 2237 2412 2256 ea.

272 2260 412 2296 inferorum
432 2259 602 2295 transferunt.
643 2258 766 2285 Prudent.
790 2259 911 2285 Hamart.
931 2265 958 2284 v.
984 2262 1027 2290 835
1052 2257 1081 2284 de
1099 2259 1193 2284 Anima
1207 2261 1321 2293 peccatis
1376 2271 1437 2289 runi
1451 2269 1541 2288 rerum
1555 2260 1729 2292 obscuritate,
1749 2269 1815 2295 quae
1827 2260 2051 2287 adconfessionem
2065 2262 2239 2296 ignorationis
2251 2263 2413 2293 adduxerant

267 2297 383 2333 polluta:
403 2294 568 2322 Mersandam
585 2294 689 2329 penitus
704 2300 784 2329 puteo
796 2293 926 2320 fert-tentis
948 2292 1044 2326 Abyffi-
1098 2295 1131 2321 Et
1148 2293 1223 2319 ΑΜΕ
1245 2300 1321 2328 caput
1332 2299 1367 2325 60
1377 2298 1510 2324 Socratem
1522 2310 1568 2315 —
1581 2296 1779 2328 Democritum,
1798 2297 1996 2330 Anaxagoram,
2019 2297 2218 2332 Empedoclem,
2241 2307 2332 2326 omncs
2345 2309 2413 2336 pene

272 2331 342 2358 tristi
356 2332 409 2358 iam
423 2330 522 2365 frigida
534 2330 611 2366 pestis
631 2330 719 2363 abyss'o
744 2329 782 2356 Id.
801 2328 987 2362 Psychomach.
1007 2337 1032 2355 v.
1045 2337 1084 2362 91.
1140 2328 1207 2358 Add.
1226 2329 1323 2358 Alcim.
1378 2339 1497 2365 veteres,
1516 2332 1565 2367 qui
1583 2331 1650 2358 nihil
1663 2332 1801 2367 cognosci,
1826 2331 1894 2358 nihil
1907 2333 2024 2367 percipi,
2052 2333 2120 2360 nihil
2133 2334 2193 2360 sciri
2205 2335 2274 2369 posse
2286 2335 2413 2364 dixerunt

273 2368 322 2395 Au.
343 2376 362 2400 4
392 2376 417 2393 v.
439 2375 471 2400 53
481 2376 507 2400 4.
673 2400 681 2405 ·
1377 2383 1424 2390 -—
1436 2378 1462 2394 n.
1476 2369 1514 2401 46
1530 2369 1603 2395 Hanc
1616 2368 1783 2395 Academiam
1797 2376 1892 2395 nouam
1905 2369 2067 2403 appellabant
2078 2384 2112 2390 —-
2125 2378 2190 2404 quae
2205 2379 2286 2405 vsque
2303 2372 2335 2398 ad
2348 2373 2420 2400 Can.

307 2410 331 2432 A
340 2409 357 2431 B
365 2410 382 2430 z
392 2400 441 2430 (ΞΑ
450 2410 466 2430 Ε
473 2422 483 2437 ,
503 2402 602 2439 Populi,
615 2400 650 2428 ad
654 2403 739 2437 smum
752 2401 895 2437 Scythicum
912 2400 980 2430 Plin.
1000 2402 1017 2428 6
1022 2420 1034 2435 ‚
1048 2408 1072 2434 13
1083 2400 1104 2428 s.
1112 2407 1146 2436 ¹5·
1379 2404 1491 2432 neadem
1509 2403 1635 2439 perducta
1645 2418 1688 2424 —-
1701 2403 1846 2431 Carneades
1852 2410 1938 2431 autem
1952 2418 1995 2424 —-·
2008 2406 2134 2432 Nimirum
2141 2408 2226 2432 varios
2233 2406 2299 2442 qfflfi
2313 2408 2412 2444 gradus

402 2462 403 2465 ,
1381 2441 1469 2468 habuit
1482 2440 1540 2467 haec
1552 2440 1707 2473 Academia,
1727 2448 1786 2476 quos
1798 2443 1836 2465 ita
1847 2441 1905 2466 licet
1911 2437 2069 2473 constituere,
2086 2447 2116 2477 γ
2128 2441 2208 2468 Vetus
2221 2443 2354 2476 appelletur
2367 2443 2414 2472 illo

728 2479 760 2512 A
845 2477 875 2510 C
1340 2479 1373 2512 65
1382 2477 1535 2513 cmzfintiens
1547 2485 1599 2503 cum
1612 2477 1760 2511 Peripaticis
1771 2476 1914 2505 Platonica,
1933 2474 1961 2500 de
1973 2484 2022 2515 quq
2033 2475 2083 2502 eid.
2096 2479 2170 2502 etiam
2188 2476 2221 2503 de
2234 2478 2290 2512 Fin.
2299 2486 2346 2513 5,7
2360 2488 2381 2506 c.
2387 2487 2411 2513 3.

1384 2513 1424 2540 De
1437 2513 1515 2547 Legg.
1523 2521 1544 2545 1,
1552 2519 1587 2545 53.
1605 2511 1637 2538 de
1648 2512 1720 2539 Orat.
1732 2519 1755 2543 3,
1764 2511 1799 2544 67
1810 2518 1830 2536 c.
1840 2515 1872 2540 18.
1904 2510 2042 2545 inediaJ1t‚
2066 2521 2126 2547 quae
2137 2522 2190 2538 cum
2197 2514 2411 2551 primumproser‘-

312 2553 362 2575 Ac.
383 2545 471 2574 Αὸἱὶο.
499 2547 694 2582 Ace-Accepta.
733 2553 788 2575 AC.
806 2553 835 2575 n.
854 2548 885 2575 N.
921 2547 1035 2577 Affione
1044 2547 1256 2576 Domininostti.
1276 2554 1327 2576 AC.
1380 2556 1452 2576 retur
1465 2552 1494 2575 ab
1508 2546 1633 2579 Arcesila,
1650 2554 1719 2572 noua
1732 2545 1880 2576 vocabatu›·;
1891 2546 1938 2582 sed
1950 2553 2034 2574 exorta
2042 2547 2184 2574 Carneadis
2196 2555 2280 2580 noua,
2298 2547 2410 2583 dissaqsl

276 2589 306 2611 D.
322 2591 353 2623 Q
367 2590 398 2610 T.
416 2590 439 2609 Ρ.
470 2581 584 2608 Actione
603 2582 672 2608 dotis
693 2592 760 2617 quae
782 2583 835 2610 tibi
854 2584 961 2620 petitur.
1015 2592 1072 2612 Ae.
1100 2592 1125 2611 L.
1145 2584 1225 2612 Affio
1238 2585 1326 2619 Legis.
1381 2584 1483 2612 media:
1505 2589 1596 2619 quarta
1613 2581 1730 2608 tribuitur
1749 2580 1871 2615 Philoni,
1893 2582 1986 2616 quinta
2007 2582 2148 2609 Antiocho.
2208 2583 2267 2609 Vid.
2281 2585 2305 2611 S.
2319 2586 2413 2620 Empir-

276 2626 308 2646 Α.
322 2626 349 2647 3.
364 2626 389 2645 L.
408 2618 472 2645 Auli
480 2617 652 2644 Conlibertus
665 2620 704 2643 vel
710 2618 874 2646 Conliberta.
893 2628 968 2648 ACN.
987 2628 1022 2648 Μ.
1041 2620 1183 2647 Afflonem
1197 2620 1326 2649 Mandati.
1382 2620 1475 2655 Pyrrh.
1484 2628 1504 2651 1,
1518 2627 1554 2651 33.
1576 2618 1630 2645 Cic.
1648 2617 1730 2645 Bruto
1747 2625 1792 2644 120
1803 2626 1825 2644 c.
1839 2626 1864 2650 3ι
1884 2618 1921 2644 Ex
1935 2624 2024 2644 vetere
2037 2618 2178 2645 Academia
2191 2617 2413 2654 Philosophorum

277 2661 335 2682 AC.
367 2661 391 2681 P.
411 2661 440 2680 R.
472 2653 553 2680 Afflo
572 2653 700 2679 Pecuniae
719 2653 896 2688 Repetundae.
956 2664 988 2683 A.
1016 2663 1041 2684 C.
1070 2664 1094 2683 P.
1124 2664 1168 2683 Vi.
1194 2658 1217 2683 A
1230 2657 1324 2691 Capite
1335 2663 1371 2691 70
1381 2655 1478 2682 sectam
1491 2655 1592 2680 secutus
1604 2662 1636 2680 es.
1671 2652 1719 2680 Sed
1730 2653 1802 2679 Fam.
1816 2658 1863 2686 9‚8
1907 2654 1986 2680 Nosti
1999 2654 2070 2680 enim
2085 2653 2207 2688 profecSto
2220 2663 2249 2680 os
2263 2654 2410 2682 adolescen-

276 2691 319 2717 vel
330 2688 370 2716 Ad
385 2690 469 2724 Caput
489 2689 568 2715 Pedes
584 2689 630 2716 VI.
667 2695 697 2715 Α.
717 2695 743 2716 c.
764 2696 786 2715 s.
807 2696 832 2715 Ι..
846 2697 872 2716 Ε.
895 2696 920 2717 c.
961 2694 984 2717 A
1004 2692 1172 2720 Conliliariis
1190 2692 1256 2719 Suae
1274 2692 1323 2719 Le·
1377 2690 1458 2717 tioris
1469 2689 1638 2723 Academiae,
1655 2697 1722 2724 quae
1736 2688 1867 2724 quidquid
1879 2689 1998 2722 dixili'es,
2014 2689 2129 2724 idipsum
2144 2695 2170 2716 te
2180 2697 2275 2724 negare
2295 2697 2410 2725 cogeret.

276 2725 366 2762 gionis
380 2732 406 2752 et
421 2725 555 2752 Ciuitatis.
661 2731 691 2751 A.
706 2730 731 2751 c.
747 2730 777 2750 v.
799 2725 821 2750 A
835 2725 916 2751 Claro
927 2726 1004 2753 Viro.
1030 2728 1115 2762 Vrsat.
1378 2726 1505 2753 Caeterum
1530 2729 1624 2762 quoties
1641 2724 1808 2752 Academiam
1827 2725 1978 2761 Jimpliciter
2003 2728 2128 2757 nominat,
2164 2724 2316 2752 dubitantem
2341 2727 2412 2753 illam

314 2768 378 2793 AC,
403 2760 550 2787 coniunctio
562 2761 703 2796 copulatina
724 2760 792 2794 [καὶ]
806 2767 855 2796 pro
878 2761 925 2793 Et,
940 2761 994 2795 Jiue
1013 2762 1108 2796 Atque.
1155 2762 1324 2797 thlurimum
1378 2761 1408 2788 de
1419 2761 1490 2788 rebus
1503 2760 1626 2794 omnibus,
1649 2767 1672 2787 et
1684 2763 1711 2786 in
1726 2768 1961 2801 utramquepartem
1973 2759 2137 2796 disputantem
2150 2761 2281 2797 intelligit.
2303 2770 2322 2788 e.
2335 2771 2360 2799 g.
2376 2761 2411 2788 de

275 2796 406 2833 consonam
420 2796 560 2825 anm-edit,-
579 2795 626 2832 fid
638 2804 718 2823 tamen
732 2798 805 2821 etiam
819 2797 933 2827 vocalem,
952 2803 995 2828 vt,
1016 2797 1056 2822 'Ac
1075 2805 1125 2830 ego
1145 2798 1200 2824 scio
1221 2796 1321 2824 Sallust.
1377 2797 1452 2824 Orat.
1466 2806 1486 2830 1,
1495 2802 1528 2830 84
1535 2807 1555 2824 c.
1565 2802 1590 2828 18
1610 2797 1660 2825 Hic
1667 2805 1723 2824 mos
1738 2802 1794 2823 erat
1802 2802 1901 2831 patrius
1909 2795 2064 2822 Academiae
2075 2795 2208 2823 aduersari
2216 2798 2316 2833 semper
2323 2797 2411 2825 omni-

277 2834 334 2867 Iug.
347 2838 386 2866 85,
408 2841 430 2859 ιι
449 2833 518 2859 Cort.
538 2833 579 2859 Sic
597 2831 652 2858 Cic.
668 2832 738 2857 Fam.
753 2839 773 2863 i,
787 2839 804 2864 9
823 2832 867 2858 vbi
881 2832 909 2858 de
922 2832 1003 2858 tribus
1015 2832 1089 2858 libris
1110 2831 1139 2857 de
1151 2840 1250 2859 oratore
1285 2833 1322 2859 Ac
1336 2837 1368 2866 75
1377 2832 1426 2860 bus
1438 2833 1467 2860 in
1482 2833 1643 2869 disputando.
1697 2833 1749 2859 Att.
1771 2841 1805 2865 13,
1818 2840 1850 2866 2,-
1867 2832 1892 2859 Ο
1904 2831 2072 2859 Academiam
2084 2832 2226 2859 volaticam
2239 2839 2265 2859 et
2282 2833 2322 2860 sui
2340 2833 2412 2860 simi-
2456 2849 2457 2852 =

277 2877 385 2896 otnncm
398 2868 572 2902 antiquorum
584 2881 629 2886 —
640 2867 772 2894 rationem
783 2868 929 2894 oratoriam
942 2867 1160 2902 complestuntur.
1188 2869 1241 2894 Iam
1253 2867 1323 2902 osum
1376 2868 1445 2900 lem3
1463 2870 1545 2897 niodo
1558 2869 1608 2898 huc
1623 2868 1703 2897 modo
1723 2868 1793 2895 illuc.
1848 2868 1886 2894 De
1904 2868 1967 2894 Diu.
1978 2876 1995 2894 2
2007 2875 2073 2895 eittr.
2127 2868 2198 2895 Cuni
2219 2869 2359 2904 proprium
2379 2868 2412 2897 fit

277 2905 351 2932 huius
365 2906 507 2939 particulae
516 2903 694 2939 perfhquemur.
729 2903 881 2937 Simpliciter
899 2901 1034 2936 conneHit,
1053 2913 1078 2929 v.
1102 2913 1127 2939 g.
1163 2902 1231 2930 Ter.
1254 2903 1322 2930 And.
1376 2904 1533 2932 Academiae
1552 2906 1678 2933 iudicium
1692 2905 1765 2931 suum
1785 2903 1887 2930 nullum
1901 2904 2086 2939 interponere,
2104 2911 2136 2930 ea
2152 2903 2280 2939 probare,
2300 2913 2367 2940 quae
2379 2904 2412 2932 fi-

279 2949 301 2971 i,
313 2948 333 2972 i,
346 2947 384 2974 47
401 2956 411 2961 -
430 2956 440 2961 -
453 2956 463 2961 -
482 2939 577 2965 Pudice
584 2939 678 2971 vitam,
691 2946 767 2973 parce
779 2946 808 2965 ae
828 2938 931 2965 duriter
966 2939 1077 2974 Agebat,
1096 2939 1154 2965 lana
1165 2948 1195 2965 ac
1210 2938 1262 2966 tela
1281 2939 1322 2965 vi·
1377 2940 1492 2968 inillima
1503 2943 1563 2968 veri
1575 2941 1725 2971 videantur,
1742 2939 1864 2967 conferre
1877 2940 1978 2972 causas,
2006 2946 2032 2966 et
2045 2939 2111 2974 quid
2124 2940 2152 2966 in
2165 2948 2296 2975 quamque
2310 2941 2411 2968 senten·

278 2975 351 3001 &um
365 2975 524 3010 quaeritans.
560 2974 677 3014 Augendi
690 2978 741 3000 eim
754 2974 835 3007 habet,
853 2983 892 3008 vt,
913 2974 993 3010 idque
1005 2977 1046 3001 vel
1058 2981 1084 3001 ct
1099 2974 1217 3010 quidem.
1252 2973 1322 3002 Ter.
1376 2976 1442 3003 tiam
1456 2976 1509 3003 dici
1523 2977 1611 3012 ponit,
1639 2984 1808 3012 expromere,
1831 2975 1902 3002 nulla
1915 2974 2035 3002 adhibita
2049 2976 2093 3001 sua
2106 2975 2264 3002 auctoritate
2280 2976 2412 3005 iudicium
2451 2977 2454 3010 ζ

279 3011 375 3037 Heaut.
394 3020 422 3044 4,
436 3020 459 3044 ς,
479 3018 505 3043 ις
523 3010 627 3037 Faciam
642 3010 708 3037 boni
720 3009 771 3036 tibi
785 3010 886 3046 aliquid
899 3020 948 3046 pro
960 3011 1021 3037 istac
1034 3019 1073 3044 re,
1087 3020 1115 3037 ac
1128 3009 1229 3039 lubens.
1248 3010 1322 3038 Idem
1333 3015 1367 3042 80
1377 3011 1543 3039 audientium
1555 3014 1704 3049 relinquere
1717 3012 1850 3046 integi-um
1862 3019 1892 3038 ac
1904 3011 2032 3038 liberum:
2056 3010 2205 3038 tenebimus
2224 3010 2291 3038 hanc
2303 3012 2410 3039 consue·

281 3045 346 3072 Eun.
360 3054 383 3078 ς,
399 3055 421 3079 3,
435 3049 452 3073 6
483 3045 586 3073 Amabo
601 3046 666 3081 quid
679 3046 734 3072 ait?
752 3047 936 3081 cognoscitne3
950 3048 980 3074 C.
993 3055 1021 3073 ac
1042 3046 1206 3074 memoriter.
1259 3047 1323 3074 Sim·
1377 3047 1498 3075 tudinem
1509 3056 1554 3076 etc.
1595 3048 1732 3077 Lactantio
1738 3056 1760 3081 3,
1768 3056 1790 3082 ς,
1799 3055 1821 3074 ii
1841 3047 1894 3074 ideo
1901 3046 2025 3074 Arcetilas
2029 3045 2180 3082 simpliciter
2188 3045 2342 3074 Academiae
2349 3055 2411 3074 con-

274 3082 381 3116 pliciter
393 3081 518 3108 cnnnet‘h't
525 3085 608 3109 etiam.
628 3082 683 3108 Cic.
699 3090 748 3116 pro
757 3082 875 3109 Muraen.
884 3084 902 3109 6
907 3092 928 3109 c.
944 3091 956 3115 3
976 3083 1013 3109 Ac
1027 3082 1059 3108 de
1067 3081 1156 3108 officio
1164 3082 1323 3109 defentionis
1377 3084 1451 3111 ditor
1472 3092 1585 3111 vocatur.
1629 3086 1701 3112 Hanc
1728 3083 1888 3119 hilojophiam
1901 3092 1916 3109 a
1929 3083 2022 3120 legibus
2034 3081 2168 3108 condendis
2181 3090 2287 3109 remanet
2305 3083 2361 3111 cie.
2376 3081 2411 3110 de

281 3123 401 3147 nicae‚ac
409 3116 440 3142 de
447 3118 804 3150 rationeaccusationistuac,
816 3119 922 3145 fortasse
929 3118 1009 3145 ctiam
1017 3118 1068 3144 alia
1075 3119 1102 3145 in
1110 3124 1182 3153 parte
1191 3119 1323 3146 orationis
1375 3120 1438 3155 Leg.
1451 3128 1511 3153 1,39
1529 3129 1549 3147 c.
1565 3129 1588 3153 13
1623 3122 1713 3148 Pertur
1732 3120 1840 3147 atriceui
1856 3125 1944 3145 autem
1962 3118 2056 3146 harum
2074 3119 2197 3145 omnium
2216 3127 2306 3146 reruni
2317 3117 2411 3146 Acade-

280 3150 422 3178 dicendum
435 3152 512 3179 nobis
526 3154 585 3180 erit.
621 3155 662 3181 Sic
669 3154 740 3180 Fam.
750 3161 770 3186 ι,
783 3162 802 3186 4
819 3155 875 3189 Ego
882 3155 957 3181 omni
966 3153 1071 3186 officio,
1089 3163 1117 3181 ac
1125 3154 1212 3189 potius
1225 3155 1323 3190 pietate
1375 3156 1473 3188 miani,
1501 3155 1566 3183 hanc
1584 3156 1617 3183 ab
1637 3155 1744 3184 Arcelila
1762 3161 1788 3182 et
1807 3154 1942 3182 Carneade
1960 3161 2107 3188 recentem,
2132 3162 2271 3182 exoremus
2289 3161 2318 3182 vt
2330 3153 2410 3182 sileat-

281 3195 344 3226 erga
358 3192 392 3226 te,
413 3193 460 3212 etc.
495 3189 536 3214 Sic
544 3192 649 3223 ponitur
663 3190 699 3216 Ac
712 3197 775 3222 non,
796 3196 847 3225 pro
867 3190 932 3217 Nee.
950 3190 1019 3217 Ter.
1038 3189 1111 3216 Adel.
1125 3199 1148 3223 3,
1160 3198 1183 3223 3,
1205 3198 1237 3223 39
1270 3190 1320 3218 Ni·
1335 3196 1364 3226 85
1381 3193 1465 3219 Tanto
1480 3192 1539 3227 plus
1555 3195 1578 3218 ei
1588 3193 1679 3220 tribuit
1696 3195 1723 3218 in
1736 3190 1864 3227 facultate
1877 3189 1983 3217 dicendi.
2037 3190 2076 3217 Dc
2091 3190 2144 3218 Off.
2156 3198 2221 3224 3,20
2232 3199 2254 3216 c.
2267 3198 2286 3224 4
2320 3189 2411 3218 Nobi·

282 3231 369 3249 imum
382 3228 452 3248 inter
463 3231 510 3249 vos
526 3224 631 3257 Demea,
659 3225 696 3252 Ac
709 3233 763 3251 non
776 3225 838 3260 quia
849 3225 908 3252 ades
920 3227 1039 3261 praesens
1052 3226 1120 3253 dico.
1164 3226 1216 3252 Suo
1234 3227 1321 3254 nomi·
1375 3227 1464 3254 nostra
1479 3227 1618 3256 Academia
1629 3236 1746 3263 magnam
1758 3226 1893 3253 licentiam
1907 3226 1967 3259 dat,
1984 3231 2032 3259 vt,
2048 3226 2171 3262 quodcun
2190 3225 2343 3252 uemaxinie
2349 3224 2411 3260 pro'-

282 3266 326 3289 ne,
339 3266 367 3283 ac
379 3266 433 3283 non
448 3257 560 3292 impulsu
574 3265 620 3286 tuo
639 3262 694 3287 Cic.
708 3262 784 3288 Vcrr.
800 3269 812 3294 3
830 3264 851 3288 d.
866 3270 891 3294 31
944 3262 1086 3295 Decumae,
1098 3270 1126 3288 ac
1134 3270 1188 3288 non
1195 3261 1265 3289 bona
1278 3271 1322 3289 ve·
1376 3262 1466 3290 babile
1478 3271 1614 3298 occurrat,
1631 3263 1658 3292 id
1670 3263 1759 3291 nostro
1771 3263 1830 3290 iure
1842 3262 1920 3289 liceat
1932 3262 2082 3289 defendere.
2125 3263 2156 3288 Et
2186 3263 2196 3286 i
2209 3260 2321 3298 brttffime
2335 3257 2410 3290 01¹3?-

279 3292 390 3319 niebant
407 3294 482 3319 Verr.
496 3301 508 3325 ς
523 3303 543 3321 c.
559 3302 604 3328 47.
640 3297 688 3323 Cvn
706 3318 712 3323 .
727 3296 817 3330 Liu.8,
830 3305 873 3332 27.
907 3297 965 3324 Cic.
985 3306 1033 3332 pro
1046 3298 1134 3324 Domo
1146 3298 1199 3332 sua,
1211 3303 1253 3328 128
1262 3307 1284 3324 c.
1292 3306 1325 3332 50
1377 3307 1406 3326 12
1419 3308 1440 3326 c.
1453 3308 1466 3332 3
1491 3300 1545 3334 Ego
1558 3307 1646 3328 autem
1657 3315 1701 3321 —
1713 3300 1817 3332 fateor,
1834 3307 1877 3324 me
1891 3306 2042 3332 oratorem,
2059 3297 2078 3324 fi
2090 3295 2171 3324 modo
2196 3304 2248 3329 im,
2270 3304 2315 3323 aut
2327 3297 2410 3326 etiam

281 3329 321 3357 Sit
334 3329 392 3355 sane
406 3328 456 3355 hoc
469 3328 500 3354 de
513 3329 608 3356 nostris
622 3331 678 3358 aedi
700 3341 745 3365 us,
764 3341 793 3359 ac
811 3341 864 3360 non
887 3332 918 3360 de
938 3333 1050 3369 publicis
1069 3333 1180 3368 templis.
1233 3335 1323 3361 Vnum
1379 3335 1530 3371 quicunque
1542 3336 1606 3370 lim,
1624 3345 1677 3364 non
1691 3343 1722 3362 ex
1734 3334 1873 3362 rhetorum
1888 3333 2018 3368 officinis,
2041 3331 2084 3360 sed
2095 3338 2127 3357 ex
2140 3331 2296 3358 Academiae
2314 3332 2411 3368 Spatii·

282 3364 389 3391 ostende
402 3363 514 3404 vei-bum
534 3365 732 3394 consecrationis
753 3368 781 3395 in
797 3369 851 3404 ipsa
867 3374 911 3396 tua
925 3369 990 3404 lege,
1004 3369 1022 3396 li
1038 3369 1083 3396 illa
1103 3369 1143 3396 lex
1155 3368 1206 3403 est,
1226 3378 1255 3397 ac
1268 3379 1323 3397 non
1332 3377 1369 3404 90
1376 3370 1507 3398 exstitisse.
1558 3373 1607 3399 Illa
1619 3372 1689 3400 enini
1703 3372 1760 3398 sunt
1774 3370 1903 3397 curricula
1917 3367 2103 3405 multiplicium
2115 3367 2305 3403 variorumque
2311 3368 2409 3396 sernia

283 3408 337 3426 vox
350 3400 452 3427 sceleris
472 3406 498 3426 et
517 3400 679 3428 crudelitatis
698 3409 766 3430 tuae.
905 3403 926 3440 q
952 3414 968 3432 2
996 3407 1025 3432 In
1040 3408 1171 3441 principio
1184 3406 1323 3441 sententia·
1375 3415 1456 3439 num,
1473 3407 1501 3433 in
1515 3408 1612 3443 quibus
1624 3407 1736 3436 Platonis
1749 3407 1865 3441 primum
1879 3406 1998 3441 impressa
2008 3404 2066 3431 fimt
2077 3401 2196 3437 vestigia.
2246 3403 2294 3430 Sed
2317 3409 2344 3430 et
2360 3402 2408 3430 lul·

282 3445 346 3466 rum,
360 3435 525 3462 continuandi
537 3439 588 3462 vim
600 3438 679 3467 habet,
692 3445 721 3464 vt
735 3441 838 3467 Autem.
860 3440 914 3468 Cic.
922 3439 955 3468 de
969 3441 1042 3469 Orat.
1058 3448 1078 3473 1,
1097 3441 1124 3467 in
1132 3449 1252 3476 prooem.
1283 3442 1321 3470 Ac
1377 3443 1418 3470 ius
1431 3448 1457 3469 et
1474 3443 1588 3471 aliorum
1607 3443 1826 3478 Philosophorum
1844 3438 2070 3477 Disputationibus
2090 3445 2115 3464 et
2134 3439 2279 3473 exagitatus
2293 3439 2410 3466 maxime

283 3470 373 3510 primo
392 3471 500 3506 quidem
519 3472 604 3512 totius
619 3473 730 3500 rationis
750 3475 845 3509 ignari,
863 3483 910 3504 etc.
963 3479 999 3503 Ac
1018 3477 1070 3503 iam
1084 3476 1129 3503 illa
1148 3478 1246 3505 omitto
1265 3477 1322 3505 Cic.
1375 3484 1468 3505 orator
1480 3479 1517 3505 est
1529 3486 1553 3507 et
1567 3480 1677 3508 adiutus.
1730 3479 1825 3506 Omnis
1837 3478 1908 3507 enim
1922 3475 2024 3503 vbertas
2037 3480 2063 3500 et
2075 3473 2146 3508 quast
2160 3474 2231 3507 sy¹²¹³
2244 3474 2348 3502 dicendi
2360 3473 2407 3501 ³¹¹¹·
2444 3491 2445 3494 ¹

283 3505 363 3532 Catil.
377 3515 386 3533 ι
400 3517 421 3534 c.
436 3509 462 3533 6.
510 3510 552 3548 'Ac
565 3516 699 3549 primuni,¹
712 3518 807 3549 quanta
818 3513 968 3540 innocentia
982 3512 1077 3539 debent
1089 3513 1136 3539 effe
1152 3513 1324 3548 imperatores
1375 3514 1418 3541 &a
1428 3513 1461 3541 ab
1477 3514 1530 3541 illis
1545 3516 1595 3550 est,
1625 3524 1671 3543 nec
1685 3515 1744 3542 satis
1756 3521 1844 3541 tamen
1857 3509 1979 3540 ὶιήίηιᾶε
1991 3509 2023 3536 ad
2038 3509 2153 3550 foi-enses
2167 3511 2268 3541 causan
2286 3518 2359 3550 quas?
2376 3513 2408 3538 Vt
2443 3513 2445 3524 ¹

284 3540 322 3567 Id.
337 3550 385 3575 pro
400 3542 535 3582 L..Manil.
547 3551 568 3570 c.
582 3551 616 3576 ¹3·
666 3545 763 3579 Virgil.
780 3551 842 3574 Aen.
856 3557 877 3582 1,
892 3554 935 3584 178
952 3552 987 3575 Ac
1000 3549 1116 3584 primum
1129 3547 1206 3576 filicis
1225 3549 1322 3577 scintil-
1332 3553 1365 3580 95
1375 3550 1416 3577 illi
1431 3549 1477 3585 ipsi
1490 3550 1577 3579 dicere
1590 3550 1723 3584 solebant,
1740 3550 1835 3585 agresti
1853 3547 1926 3576 ribus
1934 3545 2012 3572 mulis
2023 3544 2198 3580 rehquerum·
2217 3546 2290 3582 CO'1f·
2298 3543 2407 3586 Qun&-
2442 3565 2444 3570 ·

285 3575 336 3602 lam
349 3577 578 3605 excuditAchatcs.
734 3579 754 3617 q
781 3589 793 3613 3
820 3587 870 3617 Ac,
884 3593 933 3620 pro
945 3585 1045 3612 Contra
1060 3591 1149 3620 quam,
1164 3584 1270 3620 positum
1282 3588 1322 3613 ait
1375 3594 1481 3619 12,2,2›3
1496 3587 1532 3622 sq.
1574 3589 1608 3616 It.
1634 3587 1690 3614 Cic.
1703 3587 1736 3614 de
1749 3588 1823 3614 Orat.
1843 3587 1893 3616 ,80
1905 3588 1970 3621 ²·2J·
2023 3580 2209 3607 Meff0d01'um
2222 3589 2254 3608 ΕΚ
2268 3581 2421 3618 Ac³de¹²¹¹³j
2442 3594 2444 3621 ¹,

286 3611 380 3638 Donat.
401 3612 468 3640 Ter.
487 3614 552 3641 And.
566 3621 589 3648 ς,
603 3622 623 3648 i,
636 3622 670 3641 22
700 3614 731 3641 Et
743 3617 831 3644 nescio
850 3620 916 3654 quid
927 3620 979 3648 tibi
991 3621 1049 3648 sum
1068 3619 1167 3647 oblitus
1180 3619 1271 3654 hodie,
1289 3629 1320 3649 at
1373 3620 1509 3649 rhetorem
1524 3624 1598 3651 suum
1609 3623 1804 3658 praeceptorem
1815 3617 1902 3645 laudat
1914 3615 1980 3643 ibid.
1989 3624 2020 3651 73
2033 3625 2054 3642 c.
2062 3625 2104 3643 20.
2157 3617 2187 3643 It.
2202 3616 2235 3643 de
2249 3617 2312 3643 Fato
2318 3624 2341 3649 3,
2359 3618 2406 3643 τά
2442 3641 2443 3645 ,

285 3645 372 3679 volui,
391 3647 485 3675 dicere·
537 3648 650 3687 castigat
662 3651 788 3692 Donatum
802 3653 935 3687 Bentleius,
954 3659 997 3692 qui
1009 3656 1124 3694 nufias-sit
1136 3659 1187 3682 vim
1201 3659 1320 3684 vocisim-
1374 3656 1446 3684 Nam
1460 3667 1519 3686 cum
1536 3659 1585 3687 hoc
1602 3668 1697 3695 genere
1709 3652 1906 3689 Philosophiae,
1919 3652 1997 3692 „quod
2010 3660 2058 3678 nos
2065 3651 2210 3692 sequimur,
2227 3651 2406 3693 magnam-hag

282 3687 386 3712 mutare,
404 3692 456 3709 cum
468 3693 518 3711 eam
530 3685 639 3721 referret
651 3689 768 3713 nimirum
781 3687 816 3713 ad
826 3688 872 3716 sub
885 3691 996 3719 oblitus:
1015 3700 1039 3720 et
1050 3694 1111 3729 legit
1123 3698 1151 3719 vt
1164 3691 1248 3720 volui.
1274 3691 1323 3720 Sed
1373 3692 1418 3720 bet
1425 3700 1516 3721 orator
1524 3695 1681 3724 societatem.
1699 3690 1874 3722 subtilitatem
1882 3697 1953 3714 enim
1961 3687 1994 3714 ab
2003 3687 2141 3715 Academia
2149 3695 2294 3720 mutuatur,
2301 3693 2326 3714 et
2334 3696 2360 3714 ei
2366 3695 2406 3714 vi—

278 3718 411 3753 particula
418 3718 455 3744 Α(
468 3721 725 3755 l'mm'J⁴⁷⁷¹1⁵llsstudinis
737 3722 805 3749 illam
812 3731 835 3749 et
847 3731 1158 3755 conuenientiaenoeionmi
1169 3729 1235 3754 alias
1241 3728 1451 3760 habetfloociffim
1465 3730 1552 3758 reddit
1565 3731 1711 3758 vbertatem
1727 3724 1873 3756 orationis,
1900 3730 1926 3750 et
1938 3729 2090 3750 Οΐῐὶἃῐῐὶθῐὶῑᾶ
2105 3723 2218 3750 dicendi·
2275 3723 2313 3749 De
2325 3723 2409 3759 ,oi-at..
2440 3722 2442 3726 ”

281 3759 312 3779 ²³²
319 3750 377 3795 post
396 3753 495 3787 Aeque’
509 3755 593 3789 quta,
610 3756 699 3790 Idem,
725 3757 774 3784 Par
808 3759 928 3794 Perinde,
947 3763 1027 3797 Qali
1036 3783 1045 3798 ,
1063 3763 1150 3795 Sectis,
1161 3762 1316 3800 Tanquam,
1370 3773 1394 3799 3,
1407 3773 1448 3791 iio
1461 3775 1482 3792 c.
1491 3772 1522 3796 28
1538 3767 1614 3802 Apud
1628 3765 1779 3795 Philonem,
1796 3768 1874 3795 quem
1888 3759 1917 3785 in
1931 3758 2068 3785 Academia
2082 3759 2196 3786 maxime
2211 3759 2302 3794 vigere
2315 3757 2406 3795 audio,

280 3787 323 3814 '⁹⁶¹
337 3787 390 3815 vtd-
425 3789 490 3825 Ergo
502 3790 629 3828 Terentii
641 3794 718 3819 [ocrem
729 3777 796 3819 resse
815 3797 1031 3831 iriterpretahimur
1049 3800 1134 3826 vocula
1147 3805 1194 3829 vt‚·
1217 3808 1267 3826 non
1280 3806 1318 3826 ta·
1371 3801 1454 3827 etiam
1466 3801 1559 3830 harum
1576 3795 1715 3836 (ciuilium)¹
1736 3798 1789 3824 iam
1797 3795 1930 3822 causarum
1944 3795 2062 3829 cognitio
2069 3794 2278 3830 exercitatioque
2291 3793 2405 3820 celebr·—

279 3831 334 3850 θ’θ’
347 3831 406 3858 ⁰P¹‘5
417 3824 460 3863 <ssa
480 3827 554 3857 υ’.116
566 3836 655 3863 quoqne
666 3829 782 3865 legamus.
923 3833 942 3867 ‘7
963 3843 981 3866 4
1000 3837 1034 3862 Ac
1049 3835 1139 3867 etiam,
1159 3836 1194 3861 Ac
1207 3843 1316 3870 quoque
1368 3841 1421 3862 tur.
1545 3837 1566 3876 fl
1579 3846 1599 3872 4
1611 3833 1750 3865 Academia
1762 3831 1901 3858 Ciceronis
1912 3829 1984 3856 villa.
2035 3830 2099 3856 Plin.
2110 3837 2167 3862 31‚2
2181 3830 2198 3856 s.
2212 3839 2224 3862 3
2252 3830 2338 3865 Digna
2349 3835 2403 3866 me-

271 3863 322 3893 per
342 3860 506 3898 Pleonajmum
525 3860 577 3886 dici
595 3863 712 3891 videntur
730 3864 836 3891 sueton.
860 3865 932 3893 Caes.
946 3871 981 3895 26
999 3871 1047 3897 Per
1060 3870 1162 3907 equites
1180 3870 1315 3898 Romanos
1369 3878 1474 3899 moi-atu
1489 3873 1552 3902 villa
1565 3874 1602 3901 est
1619 3871 1655 3899 ab
1666 3871 1772 3897 Aue‘i-no
1785 3867 1843 3894 lacu
1857 3865 1978 3893 Puteolos
1991 3865 2159 3892 tendentibus
2173 3865 2294 3900 impolita
2306 3862 2403 3895 littori,

275 3900 306 3922 fle
319 3899 399 3922 etiam
411 3903 458 3929 per
470 3895 610 3924 Senatores.
626 3899 695 3935 conf.
709 3898 774 3927 ibid.
788 3909 810 3927 c.
822 3908 859 3934 55.
881 3908 905 3927 et
916 3904 982 3937 Aug.
995 3914 1016 3931 c.
1034 3914 1071 3938 19-
1095 3905 1162 3934 Cels.
1175 3914 1202 3940 2,
1222 3908 1240 3934 6
1274 3908 1359 3944 Ac105
1367 3907 1496 3938 celebrata
1515 3909 1620 3945 porticu
1637 3912 1664 3934 et
1676 3911 1803 3935 nemore,
1834 3909 1914 3938 quam
1932 3901 2044 3930 vocabat
2063 3901 2160 3929 Cicero
2180 3900 2345 3932 Academiam
2369 3896 2403 3962 alb

1316 3942 1317 3946 ¹
2283 3942 2374 3968 exemp
2384 3940 2402 3960 ο
