2474 4182
272 116 320 153 59
676 91 895 135 Ace
1747 87 1967 130 Acc
2363 92 2416 131 60

318 196 534 220 ACCRETio,
555 187 622 214 onis.
649 186 856 211 lucrementum,
876 178 938 219 ,ipsc
952 179 1024 206 actus
1044 179 1205 207 accrescendi
1226 175 1319 213 [in-2¹50-
1408 173 1540 204 accx'iu
1551 174 1641 212 siro,
1661 187 1720 211 are,
1741 178 1869 213 [κορθύω,
1890 170 2060 214 κοιτασωρέὗω,
2079 181 2238 217 mumma...]
2275 180 2320 209 A!
2337 189 2416 207 cumu-

282 229 335 261 cuj
363 228 418 253 Cic.
432 226 512 251 Tust.
528 234 546 255 1,
561 228 590 252 68
625 221 936 257 ¹⁴¹¹¹¹³¹¹J‘l¹¹.e.aserenon?
956 222 981 242 et
1003 216 1181 243 diminutione
1201 214 1321 246 luminis,
1372 212 1421 238 lum
1436 213 1533 247 aliquid
1546 214 1642 242 addere.
1683 216 1740 242 Cic.
1756 215 1787 241 de
1802 216 1871 249 Lege
1884 216 1945 249 Agr.
1960 223 1985 246 2,
2007 223 2037 247 59
2057 224 2078 241 c.
2092 207 2124 243 ΖΞ
2168 220 2219 244 Vix
2239 227 2291 244 iun
2313 215 2422 243 videtur*

283 263 351 298 quati
370 262 493 287 latiorum
509 265 640 284 notantem
663 261 686 278 ct
700 253 886 285 lignihcantem
901 251 964 278 dics.
1374 247 1446 273 locus
1459 247 1524 279 effe,
1551 251 1597 283 qui
1611 257 1696 277 tantos
1710 260 1817 277 aceruos
1830 251 1955 285 pecuniae
1969 251 2061 284 capiat,
2118 253 2218 287 Auget,
2239 253 2326 284 addit,
2345 260 2418 277 „ccu-

319 305 389 324 Λευ
402 299 644 322 1{1.511‘N¹1‘v)1‚
664 289 682 313 i.
703 286 847 321 [ἓπαῦξησις
877 287 978 314 Verban-
991 287 1165 317 abAccresc0;
1188 285 1253 312 Idem
1262 284 1326 321 quod
1377 283 1466 322 inulat.
1524 283 1626 311 Lucret.
1640 295 1699 320 3‚71
1721 287 1850 321 Sanguine
1861 286 1938 312 ciuili
1950 295 2006 312 rem
2020 286 2147 312 conflant:
2167 288 2326 323 diuitis-sque
2348 288 2418 313 Con-

284 335 485 361 lucrementum.
525 327 650 354 Lustratur
663 323 729 349 Plin.
741 332 767 355 9,
781 331 797 349 2
835 324 864 349 In
885 324 952 349 mari
975 330 1063 349 autem
1080 329 1131 348 tam
1153 322 1203 347 late
1218 322 1323 355 supino,
1345 325 1358 351 5
1376 319 1510 353 duphcant
1523 319 1613 351 auidi,
1639 322 1743 348 caedem
1769 322 1846 348 caede
1872 322 2072 349 accumulantes,
2124 321 2209 349 Sabin,
2236 325 2313 359 Epist,
2330 332 2362 355 2,
2387 324 2418 354 63

285 369 413 402 mollique
428 376 455 392 ac
470 363 551 391 fertili
573 365 751 390 accremento,
779 359 921 393 accipiente
936 359 1020 385 (dusiis
1041 357 1191 392 geniffllcse
1205 357 1324 388 sublimi,
1378 355 1443 382 Non
1464 362 1551 381 tamen
1572 357 1664 382 excuso
1683 358 1801 390 reditus,
1830 358 1892 384 licet
1911 359 2028 392 undique
2048 358 2102 383 sata
2129 358 2297 386 Accumulent
2321 358 2417 385 causas.

284 406 436 438 semperque
455 400 569 434 parit-nte
585 401 692 427 natura,
721 395 845 429 pleraque
865 395 944 421 etiam
963 393 1124 420 monstrifica
1147 393 1324 427 reperiuntur.
1378 397 1496 425 tempora
1513 398 1593 424 parua
1606 397 1674 423 peto.
1730 394 1810 420 Ouid.
1835 394 1913 428 Epist.
1932 402 1966 426 ις,
1981 398 2015 425 69
2043 394 2073 419 Et
2087 400 2210 427 tanquam
2226 395 2322 426 desint,
2351 402 2418 428 quae

283 440 331 468 Sctl
346 437 473 465 llarcluin.
488 441 518 458 cx
534 431 605 457 MSS.
619 430 682 465 legit
695 431 877 457 Nutrimento.
1378 436 1421 453 me
1434 427 1486 452 fine
1499 426 1550 452 fine
1563 426 1688 459 fatigent,
1714 429 1869 456 Accumulat
1883 438 1956 455 curas
1972 429 2025 455 filia
2041 437 2122 463 parua
2136 437 2213 454 meas.
2250 430 2331 456 Ouid.
2352 428 2418 456 Fast.
2457 435 2463 443 ⁸

321 481 390 500 As.
403 470 419 495 <v
430 478 444 495 u
455 478 472 494 ω
483 488 490 499 ‚
512 467 556 498 ui,
576 471 659 498 itum,
685 475 729 492 are
749 466 971 501 [κατακλίνομαι]
997 468 1071 491 iuxta
1089 464 1190 493 cubare,
1216 461 1251 489 ad
1262 471 1326 487 men·
1379 471 1405 494 2,
1421 471 1459 488 121
1497 462 1565 488 Dum
1582 461 1698 488 canimus
1711 465 1791 491 sacras
1803 465 1905 491 alterno
1919 464 2022 499 pet-‘tine
2038 465 2144 496 Nonas,
2172 464 2305 491 Maximus
2319 465 2359 491 his
2373 465 2419 491 Fa-

277 510 334 546 stm
345 505 499 543 praestruat.
518 503 592 537 Virg.
607 503 672 528 Aen.
687 505 714 536 6,
728 505 776 531 656
813 519 822 523 -
837 519 846 523 .
861 519 869 523 .
890 502 1021 527 furiarum
1035 500 1150 526 maxima
1158 499 1231 524 iuxta
1245 499 1326 523 Accu-
1338 502 1366 519 10
1380 498 1423 523 stis
1436 497 1613 524 accumulatur
1628 497 1719 525 honos.
1764 501 1839 535 Virg,
1854 502 1918 527 Aen.
1934 503 1960 532 6,
1975 506 2017 532 885
2051 502 2184 535 Pupureos
2198 501 2314 534 spargam
2328 502 2420 527 flores:

284 546 335 572 bat.
374 539 487 566 Accubat
500 547 602 564 mecum
616 538 696 564 Plaut.
713 538 782 564 Alin.
799 547 853 570 5,1,
869 547 887 569 3.
925 537 984 563 Liu.
1002 541 1042 568 28,
1057 541 1082 565 18
1099 536 1130 561 Et
1143 534 1326 560 eodcmetiam
1378 533 1547 568 animamque
1569 533 1670 567 nepotis
1707 535 1756 560 His
1775 536 1864 562 saltem
1885 536 2046 562 accumulem
2072 536 2158 562 donis.
2215 537 2293 562 Lucr.
2315 537 2341 567 6,
2362 537 2420 562 1261

281 580 350 606 lecto
365 576 453 609 Scipio
466 581 491 601 et
506 574 651 606 Asdrubal,
672 575 735 608 quia
749 574 784 600 ita
797 573 871 600 cordi
887 579 941 599 erat
957 572 1030 606 regi,
1050 570 1235 597 accubuerunt.
1276 569 1324 594 Ac·
1379 569 1522 595 Confertos
1536 569 1573 595 ita
1587 568 1728 594 aceruatim
1742 579 1813 597 mors
1828 571 2016 598 accumulabat.
2146 569 2167 609 ff
2193 580 2208 598 2
2230 569 2269 605 Est
2290 573 2363 596 etiam
2383 573 2422 596 rei

282 614 376 640 cubare
389 611 462 646 regie
481 611 562 636 Plaut,
585 610 663 636 sach,
681 619 706 641 χ,
720 619 742 641 3,
757 619 795 641 52,
823 612 864 644 qui
878 610 1017 635 trit-liniam
1031 607 1076 633 hoc
1095 606 1168 632 verbo
1177 606 1252 642 fizepe
1266 604 1326 640 vsus
1378 603 1483 637 rusticae
1498 604 1595 631 verbum
1622 605 1686 630 Plin.
1701 613 1739 638 17,
1754 614 1781 638 19
1795 607 1814 632 s.
1828 616 1852 639 31
1882 607 2056 634 Feruentibus
2071 607 2136 633 locis
2150 607 2313 633 accumulant
2327 605 2420 632 aestate

280 652 312 681 (fl
323 659 329 672 s
361 655 388 673 ot
402 648 473 673 Men,
489 655 510 679 ς,
523 655 548 678 2,
564 655 583 672 Η
605 653 630 671 et
645 654 672 678 ς,
689 656 714 677 9,
729 651 758 674 82
797 645 906 677 Pmndi,
932 643 1038 678 potaui,
1069 643 1184 668 scortum
1205 639 1324 667 accubui.
1378 640 1494 672 radices,
1516 641 1702 675 operiuntque,
1718 648 1750 666 ne
1764 641 1831 668 Solis
1843 643 1923 669 ardor
1943 649 2043 669 exurat.
2102 644 2133 669 Et
2143 648 2177 674 18,
2193 651 2227 676 29
2242 644 2297 677 s.71
2335 640 2420 668 Arbo-

279 686 320 712 sic
335 682 426 710 Bacch.
437 692 458 715 5,
471 691 497 713 2,
510 690 538 716 71
565 683 691 715 roresque
700 701 707 712 ,
735 688 759 706 et
773 681 892 706 Scortum
905 679 1048 706 accumbas.
1104 679 1189 704 Aliter
1204 674 1323 703 Bacchid.
1341 676 1365 701 15
1377 683 1417 701 res
1431 676 1640 708 circumfodere,
1659 676 1705 702 vbi
1719 675 1832 703 aestuosa
1845 679 1919 713 regio
1933 680 2019 713 poscat
2031 678 2203 705 accumulare.
2265 677 2323 706 Vid.
2337 677 2420 712 Adag-

280 729 301 753 1,
311 729 330 752 1,
340 728 369 752 39
395 719 446 744 Vbi
462 717 529 744 mihi
544 726 592 752 pro
608 726 678 751 equo
698 716 779 742 lectus
793 716 882 748 detur,
918 716 1037 741 Scortum
1057 722 1105 748 pro
1119 715 1192 739 scuto
1204 710 1321 738 accubet.
1377 719 1449 746 gero.
1508 712 1665 738 Contrarium
1680 713 1715 737 eit
1728 711 1900 747 Ablaqueare.

279 758 322 783 Sic
335 763 408 781 t'tfflm
417 754 535 781 Bacchid.
546 762 567 785 3,
584 762 605 785 3,
618 762 648 785 50
670 754 699 778 In
716 752 834 786 lupanari
849 751 965 778 accubat.
1001 750 1069 777 Aila.
1086 750 1164 775 Curc.
1177 756 1231 781 5,3,
1241 755 1263 779 ¹3
1278 753 1323 773 etc.
1413 753 1459 773 AC
1468 753 1484 773 C
1494 754 1513 773 v
1523 754 1547 773 M
1557 755 1576 774 v
1587 755 1603 773 L
1613 755 1635 774 A
1644 756 1664 774 N
1675 755 1702 780 s,
1728 748 1803 773 antis.
1819 749 1911 776 Partic.
1931 750 1998 776 Plin.
2011 759 2045 784 4,
2060 758 2084 782 13
2116 750 2264 776 Ventorum
2283 749 2347 775 flatu
2360 756 2421 774 con-

279 792 352 819 Men.
366 800 386 823 1,
401 799 423 822 3,
440 798 455 824 7
482 789 546 815 Iube
561 790 600 814 irc
613 788 779 820 accubitum,
806 790 823 812 ι’.
845 787 878 813 ml
893 796 997 813 coenam.
1053 786 1092 812 sic
1106 788 1180 810 ctiam
1195 782 1284 809 Pseud.
1299 790 1322 814 3,
1375 782 1476 815 geriem
1491 790 1584 808 arenae
1603 783 1832 810 accumulantium.

277 836 306 859 2,
321 836 369 853 ιω.
437 825 493 852 ΜΔ.
509 835 563 850 mox
579 830 765 851 nccvm‘rvs.
784 824 844 849 Cic.
858 824 940 849 '‘susc.
950 831 977 854 4,
988 831 999 853 3
1020 822 1124 847 Morem
1133 818 1323 854 apudmaiores
1412 824 1548 844 Accviu
1559 826 1734 852 vLATvs,
1768 828 1799 852 a,
1833 828 1887 846 um.
1930 821 2022 848 Semen
2050 819 2242 848 accumulatum
2277 819 2355 855 Apul.
2388 818 2421 846 de
2435 843 2438 847 .

278 863 347 890 hunc
368 862 503 896 epularum
522 861 610 890 fuiss‘e,
644 866 672 885 vt
694 859 830 893 deinceps,
856 859 902 893 qui
921 857 1091 887 accubarent,
1111 861 1233 881 canerent
1245 853 1276 880 ad
1291 853 1323 878 ti-
1332 856 1367 874 20
1376 852 1461 879 Herb.
1481 861 1504 879 e.
1524 855 1579 880 106.

276 898 350 926 biam
367 899 497 924 clarorum
512 897 632 922 virorum
647 895 741 922 laudes.
780 897 809 921 Et
826 895 853 920 in
866 894 943 920 Catil.
959 901 983 924 2,
999 901 1027 918 ιο
1047 893 1102 925 Qii
1115 890 1184 916 mihi
1197 888 1323 916 accuban—
1413 895 1461 915 Ac
1471 895 1487 915 c
1497 895 1551 914 VM
1562 896 1581 915 V
1592 896 1608 915 L
1618 896 1711 922 ATE,
1732 890 1801 917 Adu.
1828 888 1966 926 [σωρηδόν]
1988 892 2093 919 Prolixe
2112 891 2325 926 accumulateque
2343 890 2421 926 polli-

278 940 316 961 tes
327 936 356 960 in
376 933 523 963 conuiuiis,
551 932 669 958 cruciant
684 930 847 957 sermonibus
857 931 906 956 suis
921 929 1025 955 caedem
1040 927 1182 953 bonorum.
1240 924 1322 956 Mihi,
1377 924 1432 951 ceri
1452 923 1529 959 Apul.
1549 925 1614 951 Met.
1630 934 1658 951 10
1677 934 1701 960 p.
1715 934 1773 959 252,
1788 928 1805 953 6
1843 928 1903 953 Elm.
1931 927 2028 954 Munus
2046 928 2096 954 hoc
2115 926 2343 955 accumulatissime
2362 933 2422 953 tuae

277 973 372 997 Gracco
380 979 444 995 moi-e
457 968 564 994 abundat
581 975 603 993 ct
618 968 881 1002 magnasnclegamiam
896 965 975 991 habet.
995 964 1051 989 Cic.
1065 964 1118 988 Att.
1135 971 1174 995 14,
1188 970 1215 989 12
1249 962 1322 987 Hace
1376 959 1522 994 largiamur
1535 960 1668 987 voluntati
1682 962 1714 987 A.
1728 962 1760 988 ad
1776 963 1892 989 Herenn.
1908 971 1917 988 1
1932 968 1984 988 ext.
2006 964 2060 989 Cic.
2075 965 2146 990 Fam.
2162 972 2196 996 13,
2212 972 2247 996 42
2269 963 2338 989 Cum
2353 962 2421 988 dice·

279 1007 366 1040 scripti
382 1015 406 1031 x.
428 1004 554 1031 Calendas
567 1002 692 1028 accubans
708 1002 774 1035 apud
791 1001 950 1026 Vestorium.
989 1000 1094 1025 Sueton.
1104 999 1180 1032 Vesp.
1196 1005 1229 1024 22
1256 996 1322 1023 Inde
1376 1002 1433 1028 ret,
1454 996 1546 1022 omnia
1560 1003 1585 1023 te
1599 997 1828 1024 accumulatiffime
1842 1004 1867 1025 et
1881 997 2057 1025 liberalissime
2070 998 2288 1034 procuratoribus
2301 999 2353 1025 suis
2366 997 2422 1032 pol-

279 1043 363 1077 quieti
380 1040 503 1071 vacabat,
523 1038 662 1064 accubante
677 1037 765 1071 aliqua
781 1036 946 1070 pallacarum.
984 1034 1060 1070 Qafl
1074 1034 1102 1060 de
1115 1033 1215 1060 canibus
1224 1032 1323 1068 adpor-
1335 1031 1367 1058 25
1375 1032 1480 1058 licitum
1501 1032 1558 1058 esse.

277 1086 329 1104 tam
348 1078 465 1112 dcligiuis
480 1073 628 1100 iocabundus
649 1073 730 1099 Plaut.
747 1072 805 1098 Mil.
822 1081 847 1104 2,
861 1081 877 1098 2
892 1080 922 1105 57
943 1071 1014 1097 Nam
1022 1079 1051 1096 os
1066 1069 1247 1096 columnatum
1261 1070 1323 1102 po‘e'-
1414 1073 1581 1095 ACCVMV
1591 1074 1668 1095 LAT
1678 1076 1687 1096 1
1699 1075 1735 1101 ο,
1755 1069 1823 1096 onis.
1855 1069 2075 1105 [κατασώρευσις]
2100 1070 2166 1098 Plin.
2181 1079 2220 1105 17,
2234 1071 2268 1097 26
2296 1070 2423 1096 Commu·
2460 1083 2463 1090 .

277 1120 319 1140 tac
333 1114 380 1139 else
394 1111 515 1138 inaudiui
529 1111 644 1136 Barbaro
671 1108 744 1141 Quoi
759 1108 817 1134 bini
831 1108 947 1133 custodes
960 1107 1060 1140 semper
1080 1106 1143 1132 totis
1163 1104 1237 1131 horis
1250 1113 1323 1130 accu-
1376 1103 1437 1136 nia,
1457 1104 1642 1138 ablaqueatio,
1663 1105 1845 1132 accumulatio.
1895 1108 1933 1133 De
1944 1104 2060 1132 remediis
2074 1106 2187 1133 arborum
2202 1108 2320 1142 loquitur.
2442 1097 2445 1107 ⁸

277 1149 350 1176 bant.
388 1146 521 1173 Accubare
536 1165 543 1177 ,
565 1153 613 1179 pro
629 1146 710 1170 JdCr't't'
726 1146 810 1170 colunt
824 1143 867 1177 iffi*
888 1144 945 1169 Sen.
959 1143 987 1168 in
1001 1141 1111 1176 Hippol.
1127 1148 1179 1175 997
1194 1140 1323 1175 Hippoly-
1413 1146 1435 1165 Α
1445 1146 1486 1166 CC
1497 1147 1516 1165 v
1527 1146 1580 1166 MV
1590 1147 1606 1165 L
1616 1147 1740 1172 ATOR,
1761 1141 1824 1174 oris.
1845 1140 1914 1168 Tac.
1930 1143 1998 1168 Ann.
2013 1150 2035 1174 3,
2050 1149 2113 1174 30,2
2135 1143 2222 1176 Opum
2236 1140 2422 1168 accumulatur.

277 1190 319 1211 tus
344 1184 411 1216 (heu
427 1188 486 1213 me)
508 1181 591 1207 flebili
606 1186 670 1206 voto
684 1179 806 1206 accubat!
829 1181 881 1205 Hoc
894 1177 942 1211 cll,
965 1180 1083 1204 Mortuus
1090 1180 1168 1207 iacet,
1188 1183 1217 1202 vc
1225 1175 1324 1211 optasti.
1415 1182 1437 1202 A
1447 1182 1489 1202 CC
1499 1176 1547 1202 VR
1557 1182 1594 1207 O,
1621 1180 1673 1201 are.
1700 1177 1892 1211 [ἔπιμελέμαι]
1919 1178 2028 1213 Studiose
2042 1185 2066 1204 ct
2079 1178 2212 1214 diligenter
2225 1176 2426 1213 aliqui‘djacere,

277 1220 326 1247 522!
344 1218 410 1245 rebla
431 1219 507 1243 Gran.
527 1217 583 1243 sato
599 1215 717 1242 occubat.
774 1217 812 1242 De
826 1224 853 1242 re
861 1216 938 1250 plane
956 1217 1067 1241 inanima
1077 1213 1182 1240 Sueten.
1205 1212 1276 1238 Caes.
1286 1220 1323 1245 44
1333 1210 1424 1245 30Jiue
1439 1220 1534 1237 curare.
1572 1211 1629 1237 Cic.
1644 1211 1675 1237 dc
1690 1213 1791 1239 Inuent.
1807 1221 1827 1245 1,
1842 1217 1870 1245 58
1896 1214 1993 1240 Melius
2006 1219 2161 1240 accurantur
2173 1221 2248 1247 quae.
2260 1206 2369 1239 contilio
2384 1220 2427 1246 ger

277 1253 559 1287 Theatrum'l‘arpeio
573 1252 658 1278 monti
672 1250 805 1277 accubans.
1378 1252 1491 1280 mutar,
1512 1255 1592 1281 quam
1608 1256 1674 1281 quae
1687 1247 1739 1274 fine
1752 1248 1862 1274 consilio
1878 1249 2103 1276 administrantur.
2160 1249 2304 1275 Omnesres
2314 1248 2427 1280 cautius,-

314 1298 359 1317 Λα
369 1298 385 1316 C
396 1297 415 1315 V
425 1296 440 1316 Β
450 1296 471 1314 A
482 1296 502 1314 Ν
513 1296 542 1319 S,
561 1289 603 1314 tis.
641 1288 709 1314 Part.
722 1288 827 1313 Sueton.
843 1287 910 1321 Aug.
924 1291 955 1319 98
983 1285 1133 1312 Conuersus
1148 1284 1179 1310 ad
1194 1282 1324 1315 Thrasyl·
1378 1291 1412 1309 ne
1425 1289 1525 1309 temere
1538 1283 1651 1316 faciam,
1672 1292 1766 1310 accuro
1781 1284 1850 1311 Ter.
1865 1285 1930 1311 Hec.
1946 1293 1968 1317 5,
1984 1294 2003 1317 1,
2018 1293 2045 1311 12
2072 1286 2171 1312 Omnes
2186 1284 2270 1310 bonos
2290 1283 2427 1318 bonasque*

276 1326 332 1352 lum
352 1340 396 1345 —
416 1330 508 1351 contra
528 1324 704 1350 accubantem.
730 1323 799 1350 Atld.
816 1324 886 1349 Caes.
897 1330 942 1356 49.
981 1321 1039 1347 Col.
1055 1329 1087 1354 ιι,
1103 1329 1122 1353 ι,
1138 1329 1165 1353 19
1187 1320 1215 1345 de
1229 1321 1325 1352 villico,
1378 1327 1500 1345 accurare
1519 1318 1642 1351 addecet,
1674 1320 1850 1354 suspicionem
1871 1326 1897 1346 et
1916 1320 2019 1355 culpam
2038 1327 2067 1347 vt
2087 1320 2120 1347 ab
2140 1321 2166 1346 se
2185 1321 2318 1354 segregent
2343 1319 2437 1346 Plaut..

279 1362 370 1396 Sitque
386 1360 546 1395 frugalitatis
559 1359 709 1393 exemplum
723 1369 730 1389 ;
752 1367 799 1384 nec
817 1358 865 1384 nisi
880 1357 957 1384 sacris
972 1357 1064 1383 diebus
1085 1357 1211 1383 accubans
1222 1362 1324 1381 coenet.
1380 1354 1463 1381 Trin.
1480 1362 1500 1387 1,
1515 1363 1541 1387 2,
1555 1364 1594 1388 4¹·
1649 1355 1722 1382 Idem
1742 1355 1823 1382 Plaut.
1844 1356 1911 1382 Pers.
1931 1365 1960 1389 4,
1974 1365 1994 1388 1,
2014 1365 2024 1382 1
2064 1356 2091 1382 Si
2106 1365 2184 1391 quam
2199 1365 2255 1382 rem
2269 1363 2372 1382 accures
2386 1356 2425 1382 so·
2464 1376 2466 1383 .

314 1405 335 1424 Α
346 1403 362 1424 c
372 1404 417 1423 cv
427 1403 502 1423 ΒΑΤ
513 1402 551 1422 10
561 1416 569 1427 ,
590 1397 657 1421 onis.
690 1394 856 1429 [κατάκλισις
871 1397 882 1432 ]
905 1391 988 1420 Astus
1001 1391 1144 1418 accubantis.
1172 1391 1228 1418 Cic.
1244 1390 1296 1417 Off.
1306 1399 1325 1423 1,
1338 1392 1366 1418 33
1379 1389 1453 1423 brie,
1482 1397 1527 1416 aut
1540 1390 1697 1425 frugaliter,
1733 1391 1804 1418 Solet
1825 1391 1871 1417 illa
1888 1391 1960 1417 rcGte
1979 1391 2026 1418 snb
2039 1400 2130 1418 manus
2151 1392 2302 1424 succedere,
2338 1391 2425 1426 Atque

276 1439 320 1463 128
341 1434 442 1464 Status,
463 1432 586 1463 incessus,
608 1430 693 1460 suffio.
716 1430 861 1456 accubatio.
884 1428 956 1455 Idem
970 1428 1002 1454 de
1016 1428 1156 1460 Se1ie&.45
1176 1428 1244 1454 Bene
1253 1427 1326 1452 enim
1379 1426 1488 1460 aedepol
1511 1426 1595 1453 ferme
1617 1434 1646 1453 vt
1667 1427 1779 1462 quisque
1795 1436 1852 1453 rem
1875 1433 1979 1454 accurat
2000 1428 2089 1460 suam,
2122 1428 2164 1454 Sic
2183 1428 2208 1454 ei
2227 1426 2346 1463 procedit
2369 1426 2426 1462 post

276 1469 395 1497 Maiores
409 1467 608 1494 accubationem
623 1467 755 1500 epularem
770 1466 927 1497 amicorum,
946 1464 1008 1499 quia
1022 1464 1093 1490 vitae
1107 1462 1325 1489 coniunctionem
1380 1462 1513 1497 principia
1525 1462 1647 1497 denique.
1706 1463 1787 1489 Plaut.
1803 1463 1878 1497 Epid.
1892 1471 1915 1496 5,
1930 1472 1950 1496 1,
1966 1471 1993 1496 55
2014 1462 2149 1490 Remeabo
2162 1464 2243 1496 intro,
2264 1470 2292 1490 vt
2307 1471 2426 1491 accuren-

275 1504 402 1536 haberet,
420 1503 575 1529 conuiuium
590 1503 770 1528 nominarunt.
828 1501 934 1527 Nonius
949 1509 971 1532 3,
985 1508 1018 1525 22.
1045 1509 1112 1534 que-m
1122 1499 1238 1534 sequitur
1253 1500 1325 1524 Grut.
1379 1505 1423 1524 tur
1438 1498 1606 1524 aduenientes
1620 1498 1744 1533 hospites.
1797 1501 1827 1525 Et
1841 1500 1912 1525 Men.
1921 1507 1941 1531 1,
1954 1508 1977 1531 3,
1991 1507 2022 1532 25
2047 1499 2113 1525 Iube
2126 1499 2204 1526 nobis
2219 1498 2304 1526 tribus
2317 1498 2385 1533 apud
2399 1492 2427 1524 te·

277 1542 355 1567 Gron.
369 1547 414 1565 etc.
441 1541 502 1572 legit
516 1538 718 1564 Accubitionem
728 1557 736 1568 ,
757 1536 872 1572 quomodo
887 1543 909 1561 ct
924 1535 1058 1562 accubitus
1073 1544 1139 1566 mox,
1153 1544 1200 1560 non
1215 1533 1323 1560 accuba-
1379 1533 1520 1568 prandium
1535 1535 1692 1560 accurarier.
1736 1535 1768 1560 Et
1783 1534 1905 1561 Bacchid.
1921 1542 1944 1567 5,
1957 1543 1984 1567 2,
1999 1543 2024 1566 33
2045 1535 2100 1568 Ego
2115 1535 2223 1569 pensum
2235 1543 2324 1561 meum
2338 1533 2426 1568 lepide

276 1582 327 1603 ως.
351 1575 390 1602 Sic
406 1574 437 1600 de
451 1570 485 1601 N.
502 1575 532 1600 D.
549 1583 569 1606 1,
581 1583 618 1606 94
639 1573 781 1606 Ingretl'us,
804 1573 891 1598 cursus
901 1591 909 1603 ,
929 1569 1078 1601 accubitio,
1100 1570 1255 1601 inclinatio,
1275 1569 1323 1594 ses·
1332 1572 1370 1597 40
1379 1569 1516 1595 accurabo.
1556 1570 1610 1595 Hoc
1624 1568 1673 1601 est,
1696 1570 1790 1597 Curabo
1804 1577 1833 1596 vt
1846 1568 1948 1605 efficiam
1962 1570 2027 1605 quod
2039 1571 2101 1597 mihi
2115 1570 2256 1596 mandatum
2269 1570 2312 1603 est.
2334 1569 2427 1596 Vie‘tus

275 1611 328 1643 fio,
357 1610 563 1644 comprehensio.
607 1608 798 1634 Accubationes
818 1616 846 1633 ac
868 1607 967 1632 mensas
989 1605 1021 1631 de
1040 1605 1105 1632 rotis
1119 1613 1148 1632 ae
1169 1605 1235 1631 liliis
1249 1605 1324 1637 fecit,
1378 1612 1404 1631 et
1420 1605 1505 1631 cultus
1524 1604 1684 1632 accusandus
1705 1612 1761 1633 erat
1774 1606 1880 1633 colum.
1896 1615 1924 1634 12
1946 1606 2028 1641 praef.
2042 1615 2059 1634 2
2080 1615 2091 1632 e
2107 1606 2261 1639 Ciceronis,
2281 1613 2310 1632 uc
2325 1605 2427 1633 videtur

2423 1640 2428 1650 t

274 1647 424 1682 Spartianus
434 1648 504 1672 Vero
519 1655 541 1671 c.
556 1653 577 1678 5.
1377 1641 1525 1668 Oeconom.

315 1690 335 1709 Α
345 1689 361 1710 C
370 1689 386 1709 C
395 1689 414 1708 V
426 1681 459 1709 Βῑ
470 1689 491 1708 T
501 1689 521 1707 V
531 1689 543 1707 s
553 1700 561 1713 ‚
583 1679 621 1719 us.
643 1688 684 1719 m.
692 1680 712 1718 ·[
719 1677 867 1718 &vinxit-15]
886 1677 953 1704 Idem
966 1677 1030 1713 quod
1036 1676 1190 1704 Accubatio.
1200 1677 1266 1704 Plin.
1276 1682 1299 1710 8,
1307 1685 1324 1704 2
1416 1685 1439 1704 A
1448 1685 1465 1705 c
1473 1684 1490 1705 c
1498 1685 1520 1704 v
1529 1684 1549 1704 R
1559 1685 1581 1705 A
1589 1684 1611 1705 ‘r
1620 1686 1641 1705 v
1651 1685 1663 1706 s
1671 1698 1679 1711 ,
1700 1686 1731 1712 a,
1751 1686 1805 1706 um.
1833 1678 1983 1714 [ἔπιμελῆς,
2007 1678 2212 1714 ἒξηκριβωμένος]
2233 1679 2374 1714 Diligenter
2386 1680 2429 1702 cii-¹

275 1719 415 1753 Plenisque
429 1717 570 1743 hominum
585 1715 711 1742 tricliniis
725 1713 846 1740 accubitu
861 1721 915 1739 iere
929 1721 975 1747 per
996 1713 1077 1739 lectos
1134 1713 1181 1739 Sed
1195 1713 1278 1739 Hard.
1295 1722 1324 1739 ex
1379 1720 1462 1740 ratum
1475 1721 1499 1739 et
1509 1713 1668 1750 perfofium:
1690 1715 1750 1741 Liu.
1764 1724 1806 1748 34,
1830 1735 1836 1742 .
1852 1735 1858 1742 .
1874 1735 1881 1742 .
1902 1715 1953 1741 Sed
1971 1715 2093 1741 oratione
2115 1715 2196 1741 etiam
2215 1714 2294 1748 longa
2314 1719 2340 1739 et
2353 1721 2427 1739 accu-

276 1756 352 1783 MSS.
392 1753 549 1779 Accubitum
564 1752 634 1782 iere,
654 1752 737 1786 qualia
752 1752 839 1783 Supini
852 1750 959 1782 exempla
972 1748 1041 1787 modo
1051 1758 1085 1787 ⁴ex
1096 1748 1190 1775 Plauto
1205 1747 1325 1774 dedimus.
1337 1753 1371 1779 43
1382 1756 1439 1776 rata
1466 1749 1607 1776 insectatus
1631 1750 1661 1777 sit
1681 1751 1850 1785 rogationem
1875 1751 1999 1777 nostram.
2066 1751 2196 1777 Accurata
2222 1747 2428 1776 Commendatio

314 1794 548 1816 ACCVBlTOR
560 1794 568 1813 1
580 1793 638 1817 vs,
672 1794 702 1816 a,
735 1793 797 1815 um,
824 1788 870 1815 vt,
902 1783 1075 1809 Accubitoria
1100 1784 1256 1812 vestimenta
1282 1784 1326 1810 Pe·
1382 1786 1441 1811 Cic.
1456 1786 1528 1812 Fam.
1544 1794 1579 1818 13,
1592 1793 1629 1820 17.
1687 1787 1826 1813 Orationis
1846 1786 1932 1821 Copia
1953 1787 2009 1812 Cic.
2027 1785 2059 1813 de
2083 1786 2158 1813 Orat.
2172 1794 2193 1818 1,
2204 1790 2240 1817 38.
2298 1783 2430 1819 Corporis,

274 1831 345 1852 tron.
366 1833 387 1850 c.
401 1833 441 1856 30.
870 1854 875 1858 .
958 1853 964 1859 ,
1002 1853 1008 1859 ”
1032 1853 1038 1858 .
1141 1853 1145 1858 Α
1227 1854 1232 1859 .
1383 1821 1478 1847 Cultus
1499 1821 1569 1848 Gell.
1586 1830 1606 1854 ι,
1622 1829 1644 1854 5.
1681 1821 1823 1848 Delec‘tum
1838 1822 2031 1848 accuratiorem
2046 1821 2145 1848 habere
2166 1822 2226 1848 Liu.
2243 1828 2312 1855 5337.
2344 1815 2429 1847 Accu&-

313 1868 334 1888 A
343 1867 359 1900 ς
369 1867 385 1887 c
396 1867 415 1884 v
428 1866 442 1886 B
452 1867 461 1885 1
469 1865 492 1898 fr
501 1865 520 1885 o
529 1877 539 1890 ‚
558 1866 618 1897 are,
639 1857 779 1890 Frequent.
789 1853 909 1881 Sedulius
924 1862 1058 1888 principio
1072 1862 1161 1889 operi-s
1170 1874 1178 1887 ,
1199 1854 1328 1889 Dignatus
1381 1856 1505 1883 ratiffima
1518 1857 1667 1891 Diligentia
1680 1864 1787 1884 tuarum
1807 1857 1946 1884 literarum
1960 1858 2016 1884 sum
2030 1858 2130 1884 mirum
2144 1858 2173 1883 in
2190 1857 2301 1883 modum
2314 1853 2430 1887 delectat

274 1896 372 1925 nostris
386 1894 534 1922 accubitare
549 1899 624 1919 toris.
1383 1896 1424 1916 tus
1439 1892 1495 1917 Cic.
1509 1893 1562 1917 Att.
1575 1900 1602 1925 7,
1617 1901 1629 1924 3
1645 1894 1727 1926 princ.
1766 1894 1920 1920 Accuratius
1937 1900 1964 1920 et
1978 1893 2133 1928 exquisitius
2146 1892 2253 1919 dicendi
2266 1893 2356 1918 Genus
2369 1891 2431 1923 Cic!

315 1939 335 1958 A
346 1939 362 1958 C
372 1938 418 1960 Civ
430 1937 445 1957 Β
456 1937 475 1955 V
487 1936 505 1955 O
514 1949 522 1961 ,
543 1928 611 1954 Adu.
627 1927 723 1953 Comica
737 1926 839 1951 licentia
845 1924 936 1960 fiflum
952 1935 966 1951 α
980 1925 1072 1951 Plauto
1086 1924 1202 1952 Trucul.
1218 1933 1244 1957 2,
1259 1935 1287 1959 4,
1296 1926 1327 1954 68
1342 1931 1373 1957 50
1384 1926 1413 1951 in
1427 1926 1510 1952 Bruto
1523 1931 1578 1959 283.
1621 1928 1660 1953 Id.
1681 1929 1735 1954 Att.
1750 1936 1784 1960 13,
1808 1948 1815 1954 .
1831 1948 1838 1954 .
1854 1948 1860 1954 .
1882 1929 1922 1954 Ad
1936 1938 2016 1963 quem
2031 1928 2230 1955 accuratissimas
2239 1928 2341 1954 Literas
2354 1910 2437 1954 dedii-'³

276 1967 336 1995 Post
352 1966 378 1993 id
388 1975 436 2000 ego
450 1970 505 1991 tota
518 1970 604 2003 tecum
618 1971 675 2002 mea
690 1960 810 1995 voluptas
823 1969 905 1995 vsque
919 1969 966 1986 ²¹⁴0
982 1960 1087 1986 affiduo·
1125 1961 1156 1985 D·
1168 1961 1225 2000 ,imo
1239 1960 1327 1985 hercle
1382 1963 1414 1986 Εῐ
1431 1968 1458 1994 7,
1469 1970 1483 1992 3
1503 1961 1656 1989 Literarum
1669 1963 1858 1990 accuratissima
1878 1963 2027 1998 diligentia.
2069 1965 2190 1996 Malitia,
2224 1964 2334 1999 Studiose
2359 1956 2439 1989 exc-6¹¹¹

276 2012 343 2030 vero
357 2002 474 2028 accubuo
483 1999 608 2025 mauelim
624 2004 697 2024 iuxta
711 2005 753 2024 nie
767 1996 860 2029 cubes,
883 2004 962 2031 quam
975 1995 1069 2022 sedeas.
1107 1995 1151 2023 Ad
1161 1997 1328 2021 imitationem
1380 1997 1474 2029 ἔπειτα.
1511 1997 1595 2020 Plaut.
1604 1998 1722 2024 Trucul.
1736 2008 1762 2031 2,
1779 2008 1801 2031 5,
1816 2008 1858 2025 20.
1895 1999 2089 2026 Accuratiss'ima
2102 2000 2198 2026 Oratio
2211 1999 2268 2026 Cic.
2283 1999 2356 2025 Lael.
2370 2008 2392 2025 c.
2413 1999 2418 2003 ’

274 2048 334 2076 ergo
344 2041 411 2064 cocis
429 2035 534 2062 Affiduo
546 2034 639 2070 finxit.
1381 2027 1560 2054 Adorantium
1585 2029 1678 2054 Preces
1705 2033 1773 2056 Plin.
1794 2035 1887 2066 Paneg.
1901 2043 1928 2065 2,
1943 2044 1964 2067 ς,
2020 2038 2163 2062 Accusatus
2183 2036 2278 2062 sermo.
2315 2035 2372 2061 Cic,
2442 2056 2447 2061 ⁴

322 2082 341 2101 A
353 2080 395 2101 cc
406 2073 425 2097 <v
435 2079 454 2099 D
464 2079 482 2098 O
493 2092 501 2104 ‚
535 2070 562 2096 di
572 2090 581 2103 ‚
629 2069 702 2100 sum,
737 2068 789 2094 ere.
836 2065 1031 2100 [ἕπικολάπτω]
1093 2064 1208 2104 Cuclendo
1238 2063 1327 2090 addere
1382 2064 1457 2090 Orat.
1472 2071 1492 2095 ι,
1500 2071 1553 2102 233.
1590 2063 1673 2089 Plaut.
1689 2064 1811 2091 Bacchid.
1826 2074 1848 2097 3,
1864 2069 1891 2097 6,
1901 2075 1930 2092 21
1950 2070 2007 2100 Ipse
2014 2071 2087 2101 quod
2101 2071 2129 2096 in
2141 2072 2167 2097 se
2180 2071 2234 2097 fuit
2276 2075 2398 2097 accuratu
2428 2082 2431 2089 .
2464 2081 2466 2089 ,

277 2109 414 2147 quidpiam.
458 2108 506 2134 Per
520 2107 709 2133 translationem
731 2104 813 2129 Plaut.
827 2103 909 2128 Merc.
924 2110 950 2133 2,
965 2109 987 2132 3,
1001 2102 1036 2134 96
1069 2100 1141 2126 Tres
1155 2107 1240 2126 inmas
1254 2107 1328 2125 accu·
1341 2102 1370 2128 55
1383 2098 1478 2138 habuit
1491 2098 1557 2133 quid
1571 2099 1652 2133 posset
1661 2119 1670 2132 ‚
1689 2104 1738 2125 etc.
1777 2100 1845 2126 Satis
1861 2102 1976 2126 Plautiae
1987 2101 2095 2132 dicium,
2110 2111 2161 2137 pro
2174 2091 2326 2136 Accu'rauit,
2345 2109 2364 2131 ι’,
2372 2106 2428 2133 sm,
2444 2111 2448 2116 .

279 2146 342 2173 dere
357 2145 437 2171 etiam
451 2143 566 2177 possum,
587 2148 615 2167 vt
632 2140 742 2174 triginta
757 2139 829 2165 fient.
1385 2134 1450 2170 diost
1464 2137 1571 2161 curauit.
1607 2135 1738 2161 Accurato
1752 2143 1818 2169 opus
1832 2135 1870 2161 Id.
1885 2135 1945 2161 Mil.
1959 2144 1982 2167 3,
1996 2144 2016 2168 1,
2030 2144 2086 2162 210.

317 2189 338 2208 A
349 2188 365 2208 c
375 2187 391 2207 c
400 2188 420 2206 v
430 2186 453 2206 M
464 2185 479 2205 B
488 2185 507 2207 o
517 2198 525 2211 ‚
562 2177 628 2203 ubui
637 2197 645 2209 ,
673 2175 794 2207 ubitum,
831 2175 884 2199 ere.
923 2171 1143 2208 [κατανελίνσμαι]
1187 2169 1256 2198 Idem
1269 2168 1330 2205 fere
1422 2177 1444 2196 A
1453 2176 1469 2197 c
1479 2177 1496 2197 c
1505 2177 1525 2196 v
1535 2176 1554 2196 R
1564 2176 1587 2197 A
1596 2177 1617 2197 'r
1626 2177 1642 2197 E
1650 2190 1659 2203 ,
1680 2171 1748 2196 Adu.
1769 2172 1782 2205 [
1789 2170 1926 2204 ἐπιμελῶς]
1946 2173 2097 2207 Diligenter.
2117 2171 2204 2205 Agere
2217 2179 2277 2198 cum
2285 2171 2377 2205 aliquo
2383 2178 2426 2197 ac-

279 2217 345 2254 quod
358 2215 492 2242 Accubarc
501 2235 509 2246 ,
529 2221 552 2239 et
565 2213 599 2239 ad
611 2212 715 2248 mensam
730 2219 801 2247 atque
815 2211 898 2244 epulas
900 2211 1022 2244 pertinet.
1081 2209 1122 2234 Sic
1129 2215 1220 2239 tamen,
1233 2213 1263 2232 vt
1272 2213 1332 2240 pro·
1386 2211 1476 2233 curate
1484 2205 1575 2232 multis
1584 2205 1671 2232 verbis
1680 2206 1735 2232 Cic.
1744 2208 1798 2232 Att.
1808 2208 1834 2238 6,
1850 2214 1870 2239 5.
1890 2207 2017 2232 Accurate
2025 2206 2169 2233 defendere
2197 2207 2252 2232 Cic.
2262 2207 2290 2232 in
2298 2205 2423 2239 Paracl.4.

275 2256 336 2288 prie
355 2250 510 2278 accumbere
533 2248 570 2283 Jit
584 2250 730 2283 incipientis
750 2245 893 2277 accubare,
920 2249 950 2270 vt
963 2243 1045 2269 fidere
1065 2245 1211 2278 immicum
1229 2241 1329 2274 sedere,
1385 2243 1417 2268 Et
1425 2242 1540 2276 cogitate
1553 2241 1656 2276 aliquid
1671 2241 1786 2268 scribere
1795 2242 1833 2268 Id.
1842 2250 1890 2276 pro
1900 2242 1996 2268 Archia
2011 2247 2036 2272 18
2046 2247 2097 2272 c.8.
2136 2243 2166 2268 Et
2179 2242 2322 2276 diligenter
2337 2242 2424 2276 dispu-

281 2288 370 2315 labare
384 2288 529 2321 incipientis
543 2284 606 2311 labi.
663 2283 745 2310 Plaut.
759 2281 839 2309 Stich.
856 2289 878 2314 5,
894 2288 916 2313 5,
932 2288 948 2312 9
975 2278 1074 2305 Vtrubi
1094 2277 1240 2305 accumboz
1273 2277 1328 2303 SA.
1341 2280 1376 2305 60
1385 2283 1442 2304 tare
1456 2277 1493 2304 Id.
1503 2277 1536 2303 dc
1544 2277 1606 2304 Nat.
1619 2278 1700 2304 Deor.
1716 2286 1735 2310 1,
1762 2285 1796 2310 15.
1818 2278 2010 2312 Elegantcrque
2024 2278 2114 2304 dicere
2134 2277 2173 2303 Id.
2183 2278 2255 2303 Brut.
2265 2279 2304 2307 86.
2342 2278 2373 2304 Et
2381 2285 2425 2304 ex-

280 2324 374 2351 vtrubi
386 2329 414 2349 tu
428 2323 478 2348 vis.
500 2321 555 2347 ST.
581 2329 640 2346 cum
655 2318 784 2345 ambobus
797 2317 870 2344 volo.
927 2316 958 2342 Et
972 2325 1044 2347 mox,
1071 2315 1136 2341 Date
1156 2313 1225 2340 mihi
1240 2313 1330 2339 locum
1385 2313 1481 2348 quifite
1496 2313 1628 2348 disputare
1644 2312 1676 2339 de
1696 2323 1725 2340 re
1745 2314 1835 2348 aliqua
1849 2314 1905 2339 Cic.
1926 2313 1954 2339 in
1967 2314 2039 2340 Brut.
2054 2321 2117 2348 277.
2170 2313 2200 2339 Et
2217 2312 2367 2339 liberaliter
2381 2312 2426 2340 ha·

281 2360 329 2387 vbi
352 2358 512 2386 accumbam.
550 2356 623 2383 Idem
638 2355 704 2381 Pers.
719 2363 741 2386 5,
755 2363 775 2386 1,
797 2362 821 2386 15
859 2353 914 2387 Age
925 2360 972 2386 age
986 2359 1050 2385 ergo
1063 2356 1092 2376 tu
1112 2349 1270 2384 Sagaristio,
1290 2357 1331 2375 ac·
1384 2349 1444 2376 buit
1459 2350 1577 2383 (legatos
1590 2348 1677 2380 Sulla)
1691 2349 1791 2375 Sallust.
1812 2350 1869 2383 Iug.
1884 2357 1936 2381 103,
1952 2358 1973 2382 5.
2010 2349 2131 2375 Studiose
2148 2356 2320 2383 accurateque
2338 2349 2426 2376 facere

280 2395 376 2422 cumbe
399 2395 427 2420 in
447 2395 558 2420 summo.
615 2390 739 2417 Proculus
760 2390 790 2416 L.
810 2397 858 2422 124
897 2387 928 2413 de
955 2387 987 2413 V.
1009 2387 1032 2413 S.
1064 2385 1267 2413 Subdistinetiui
1286 2385 1332 2411 hoc
1386 2384 1491 2420 aliquid
1507 2385 1562 2411 Cic.
1573 2385 1600 2411 in
1615 2385 1697 2411 Bruto
1711 2387 1750 2414 86.
1788 2385 2080 2419 Accuratecumaliquo
2094 2391 2224 2419 agerevt,
2246 2384 2424 2412 etc.Cic.A0t.

282 2434 415 2467 exemplum
426 2431 515 2465 ponit,
547 2429 599 2454 Aut
607 2427 686 2458 sedet,
700 2431 745 2452 aut
758 2424 883 2451 ambulat.
920 2423 991 2449 Nam
1005 2428 1033 2448 vt
1041 2421 1120 2448 ne'mo
1133 2421 1216 2456 potest
1229 2427 1331 2447 vtrum-
1387 2423 1432 2453 16,
1460 2429 1481 2453 5.
1539 2420 1703 2447 Perscribere
1723 2420 1878 2447 sententiam
1898 2420 1954 2446 Cir.
1981 2421 2034 2446 Att.
2049 2425 2073 2452 8,
2089 2423 2126 2447 16.
2173 2420 2213 2446 Ad
2227 2420 2346 2454 aliquem
2363 2419 2424 2447 scri-

284 2476 336 2502 que
350 2466 424 2493 timul
441 2466 544 2497 facere,
565 2464 602 2489 ita
617 2462 713 2497 aliquis
729 2460 812 2495 potest
825 2466 965 2491 neutrum,
992 2458 1078 2485 veluti
1090 2459 1113 2484 is
1126 2458 1173 2492 qui
1188 2456 1330 2483 accumbit.
1340 2457 1372 2490 65
1386 2456 1450 2483 bere
1470 2455 1539 2483 thid.
1553 2464 1576 2489 5,
1591 2465 1622 2483 11.
1660 2457 1813 2482 Act-uratius
1833 2455 1973 2482 aedificare
2010 2457 2082 2482 Caes.
2098 2456 2164 2482 Bell.
2180 2456 2248 2482 Gall.
2263 2458 2289 2488 6,
2303 2463 2345 2489 21..
2373 2455 2422 2482 A&

285 2504 357 2531 ,luter
371 2501 532 2528 Accumbere
547 2507 570 2525 ct
584 2497 755 2525 Discumbcre
781 2495 843 2522 illud
856 2493 972 2527 interest‚·
1007 2494 1072 2530 quod
1083 2493 1255 2520 Discumbere
1267 2492 1330 2528 st'm·
1384 2491 1542 2518 curatiss'nne
1560 2492 1678 2519 accusare
1700 2491 1766 2527 Nep.
1788 2491 1816 2517 in
1836 2491 1895 2523 Lys.
1914 2501 1941 2524 4.
1998 2491 2193 2518 Act-uratiffime
2216 2491 2298 2518 tutari
2321 2491 2420 2518 causam

281 2546 330 2575 fer
346 2537 373 2563 de
384 2537 497 2573 pluribus
511 2536 618 2560 dicitur:
652 2541 681 2560 vt
695 2534 752 2559 Cic.
766 2533 819 2559 Att.
835 2539 857 2564 5,
874 2539 884 2557 1
915 2529 1102 2557 Discubuimus
1122 2538 1212 2556 omnes
1227 2534 1332 2563 praeter
1385 2528 1441 2555 Cic.
1456 2529 1528 2554 Fam.
1544 2535 1573 2561 5,
1588 2535 1626 2562 17.
1746 2534 1748 2539 ⁷
2361 2539 2365 2543 «

286 2574 370 2601 illam.
415 2572 496 2598 Plaut.
516 2570 619 2596 Mcstel.
640 2578 667 2602 1,
687 2579 716 2603 4,
732 2577 756 2601 13
777 2569 848 2594 Caue
860 2566 942 2593 modo
955 2575 987 2592 ne
1000 2566 1073 2600 prius
1086 2566 1114 2592 in
1128 2566 1172 2592 via
1184 2563 1331 2596 accumbas,
1422 2571 1444 2590 A
1460 2571 1477 2591 C
1493 2570 1509 2590 C
1525 2571 1546 2590 v
1562 2570 1581 2590 R
1594 2570 1617 2589 A
1631 2569 1652 2589 T
1665 2569 1676 2588 1
1691 2568 1710 2589 O
1731 2581 1740 2594 ,
1791 2562 1971 2597 [ἓπιμὲλησκ]
2009 2563 2066 2589 Cic.
2106 2562 2139 2589 de
2162 2562 2233 2589 Clar.
2273 2562 2345 2590 Orat.
2376 2565 2422 2593 238

288 2611 376 2643 Qiam
391 2608 446 2634 illic
461 2606 508 2633 vbi
521 2605 602 2631 ledus
624 2607 765 2638 (epularis)
786 2604 822 2629 est
842 2603 934 2629 stratus
948 2602 1058 2628 coimus.
1119 2603 1203 2638 Igitur
1224 2601 1254 2627 de
1274 2602 1332 2635 cuju
1387 2609 1410 2627 c.
1426 2602 1461 2634 67
1481 2601 1515 2625 At
1531 2599 1559 2625 in
1572 2597 1748 2630 inueniendis,
1769 2599 2012 2633 componendisque
2019 2599 2175 2624 rebusmira
2182 2598 2322 2630 accuratio,
2335 2602 2424 2623 vtnon

287 2647 351 2672 ebrii
366 2647 392 2671 in
406 2646 449 2670 uia
464 2642 547 2679 sermo
567 2639 662 2676 quidem
676 2637 724 2672 est,
744 2639 791 2674 sed
805 2649 857 2664 cum
871 2637 980 2674 rqspcfsu
998 2644 1079 2664 tamen
1092 2637 1126 2663 ad
1139 2636 1252 2673 mensam.
1275 2637 1331 2662 Cic.
1342 2644 1378 2672 70
1388 2636 1468 2662 facile
1487 2635 1517 2661 in
1536 2635 1593 2661 vllo
1606 2633 1802 2668 diligentiorem
1822 2635 2005 2668 maioremque
2027 2635 2217 2669 cognouerim:
2250 2633 2294 2659 sed
2321 2641 2378 2659 eam
2395 2637 2426 2658 vt

287 2681 361 2709 Fam.
377 2688 402 2712 9,
417 2681 450 2705 26
477 2675 659 2703 Accubueram
674 2674 739 2700 hora
752 2682 839 2705 nona,
864 2682 923 2699 cum
936 2673 968 2700 ad
982 2679 1007 2699 te
1023 2673 1117 2700 harum
1139 2673 1289 2707 exemplum
1305 2672 1333 2698 in
1387 2671 1467 2697 citius
1480 2670 1666 2697 veteratoriam
1680 2677 1759 2705 quam
1778 2670 1924 2696 oratoriam
1939 2671 2050 2696 diceres.
2087 2671 2151 2704 Veg.
2173 2669 2292 2696 Veterin.
2305 2676 2332 2700 ι,
2345 2669 2386 2700 56,
2397 2672 2428 2700 33

289 2715 419 2743 codicillis
433 2712 628 2739 exaraui——Et
641 2709 749 2745 quidem
764 2710 840 2743 supra
847 2717 888 2734 me
905 2709 1016 2741 Atticus,
1036 2710 1106 2736 infra
1120 2709 1230 2735 Verrius
1240 2708 1334 2734 ——In-
1389 2706 1430 2733 Ad
1444 2715 1551 2731 omnem
1566 2705 1772 2736 accurationem,
1798 2708 1816 2731 i.
1831 2705 2017 2736 accuratiffinie.

288 2753 330 2780 fra
343 2750 511 2784 Eutrapelum
521 2746 642 2780 Cytheris
662 2745 793 2772 accubuit.
850 2745 975 2770 Nimirum
995 2751 1047 2772 tres
1064 2748 1091 2770 in
1104 2754 1153 2771 vno
1171 2743 1234 2771 leflo
1253 2745 1336 2769 conui-
1426 2747 1525 2769 ACCV
1541 2748 1559 2768 R
1570 2747 1690 2774 ATOR,
1711 2741 1782 2773 oriS,
1808 2735 2140 2767 Laudatur''Accuratorei-n
2153 2738 2238 2773 ipsum
2259 2737 2426 2764 laudatorem

287 2797 334 2815 vae
347 2796 393 2813 etc.
421 2785 477 2811 Fid.
492 2789 698 2811 ‘rnictamvu
736 2780 816 2807 Plaut.
832 2778 911 2806 Stich.
920 2787 943 2811 3,
957 2787 982 2810 2,
997 2787 1026 2810 32
1052 2781 1113 2806 Vin‘
1134 2779 1166 2806 ad
1183 2785 1209 2805 te
1229 2778 1262 2805 ad
1277 2786 1336 2806 coe·
1390 2777 1460 2804 dabo
1481 2777 1591 2811 Qun&
1606 2776 1676 2804 Decl.
1689 2783 1739 2810 377
1753 2776 1800 2812 Jed
1814 2777 1930 2812 Sphalma
1943 2773 1992 2809 est.-
2013 2774 2079 2801 recle
2091 2775 2123 2800 al.
2144 2774 2337 2800 Accusator-em.

289 2832 351 2851 nam
364 2821 489 2848 veniam?
516 2818 588 2846 ΕΡᾸί
597 2817 694 2852 ιΡοίῘῑηι
703 2837 711 2849 ,
725 2816 822 2843 velim:
844 2816 943 2841 Verum
953 2813 995 2840 hic
1010 2814 1079 2848 apud
1092 2824 1133 2841 me
1147 2820 1258 2841 coenant
1272 2814 1335 2840 alie·
1346 2818 1378 2847 73
1427 2819 1475 2840 AC
1485 2819 1502 2840 c
1511 2820 1531 2839 V
1541 2820 1560 2840 R
1571 2820 1590 2840 R
1599 2819 1635 2847 ο,
1652 2812 1693 2845 ri,
1717 2813 1790 2845 sum,
1812 2815 1867 2839 ere.
1908 2812 2064 2847 [orfocfs'xQ
2083 2810 2223 2845 ἓπιτρέχω]
2265 2808 2309 2836 Ad
2322 2808 2428 2845 aliquid,

290 2860 319 2886 ni
334 2866 431 2885 nouem
454 2857 542 2887 (Pleni
561 2863 618 2894 ergo
633 2860 684 2879 tres
697 2851 773 2883 leHi)
809 2851 862 2877 GE.
888 2849 966 2876 Haud
986 2849 1089 2884 postulo
1110 2850 1235 2884 equidem
1248 2849 1335 2876 me'in
1389 2850 1429 2875 vel
1441 2848 1474 2874 ad
1487 2850 1590 2884 aliquem
1608 2857 1702 2876 currere
1717 2847 1866 2883 praesertim
1879 2849 1970 2874 auxilii
1984 2845 2089 2883 jbrcudi
2107 2846 2188 2880 causa.
2245 2845 2359 2871 Accurre
2375 2844 2428 2872 hue
2462 2862 2464 2866 =

291 2894 361 2922 lec⁶to
376 2891 544 2920 accumbere:
565 2890 617 2916 Scis
631 2894 659 2915 tu
667 2897 709 2914 me
724 2888 771 2913 esse
782 2886 831 2913 imi
845 2885 963 2912 subsellii
974 2885 1073 2912 virum.
1093 2899 1138 2905 —
1158 2886 1227 2919 Ergo
1240 2885 1336 2912 Orato—
1390 2885 1461 2911 Ter.
1477 2884 1581 2911 Phorm.
1599 2892 1661 2919 5,-7,
1675 2893 1720 2918 40.
1758 2883 1904 2910 Accurriffe
1919 2883 2028 2910 Romam
2037 2881 2130 2908 dicitur
2140 2881 2197 2908 Cic.
2206 2880 2258 2908 Off.
2268 2889 2339 2913 3,112.
2360 2889 2427 2913 c.31.

291 2940 333 2958 rcs
347 2928 454 2965 populi,
476 2928 615 2953 summates
629 2925 693 2956 viri,
708 2922 809 2950 Summi
823 2920 987 2953 accumbent,
1014 2930 1064 2956 ego
1078 2920 1204 2947 infimatis
1219 2920 1334 2947 infimus.
1390 2921 1546 2946 Accucurrit
1558 2920 1674 2948 Petronii
1686 2919 1719 2952 est
1732 2927 1754 2945 c.
1769 2927 1786 2952 9
1800 2926 1825 2945 et
1838 2927 1889 2952 139.
1926 2917 2048 2945 Accurrit
2061 2916 2092 2943 ad
2106 2926 2149 2943 me
2163 2916 2232 2944 Ter.
2247 2917 2426 2950 Eun.2,3,43.
2460 2915 2461 2922 ¹

292 2966 423 2995 Laudatur
462 2961 578 2990 Martial.
598 2966 626 2992 8,
641 2968 673 2993 50
703 2976 712 2981 -
725 2975 735 2981 -
750 2976 759 2980 -
783 2957 906 2984 accubuit
922 2957 1027 2991 genitor
1046 2966 1105 2983 cum
1125 2955 1200 2991 plebe
1216 2956 1335 2982 deorum.
1391 2956 1448 2982 Cic.
1466 2956 1536 2982 Fam.
1553 2965 1579 2989 9,
1594 2965 1613 2990 4
1636 2956 1691 2984 Nos
1710 2963 1876 2981 accurremus
1890 2953 1922 2980 ad
1936 2960 1970 2981 te.
2006 2953 2077 2980 Caes.
2102 2953 2130 2978 B.
2154 2952 2185 2978 G.
2201 2960 2222 2985 1,
2234 2960 2268 2979 22
2287 2951 2427 2979 Confldiu·

294 3003 352 3029 Cic.
367 3002 444 3027 Verr.
458 3008 468 3026 ι
483 3008 504 3024 c.
514 2999 547 3024 26
567 2997 644 3023 Tum
662 2995 707 3022 ille
720 2994 826 3029 negauit
841 2993 980 3033 morisess'e
995 2993 1167 3024 Graecorum,
1189 2997 1216 3019 vt
1233 2991 1261 3018 in
1276 3000 1337 3017 con·
1347 2996 1379 3021 80
1391 3000 1460 3026 equo
1473 2991 1581 3018 admiss'o
1595 2991 1627 3018 ad
1639 3000 1696 3018 eum
1709 2991 1829 3017 accurrit.
1865 2991 1921 3016 Cic.
1935 2991 2010 3016 Verr.
2025 2997 2037 3021 5
2051 2998 2072 3014 c.
2086 2996 2098 3020 3
2120 2987 2300 3022 Illunicupide
2312 2987 2344 3014 ad
2352 2988 2428 3014 Prae-
2458 2989 2461 3024 f

294 3038 373 3064 viuio
386 3037 509 3063 virorum
527 3032 652 3059 mulieres
665 3031 857 3057 accumberent.
896 3029 970 3063 Virg.
986 3029 1050 3054 Aen·
1065 3037 1084 3059 1,
1100 3033 1126 3059 83
1167 3045 1176 3049 -
1190 3044 1199 3049 -
1213 3045 1222 3049 -
1249 3034 1277 3053 tu
1293 3027 1336 3053 das
1391 3033 1488 3059 torem,
1507 3028 1577 3062 quali
1592 3028 1624 3054 ad
1636 3027 1736 3054 laudem
1751 3032 1829 3067 atque
1843 3026 1990 3061 praemium
2007 3023 2151 3050 accurrisse.
2189 3025 2220 3050 Et
2232 3032 2281 3058 pro
2294 3023 2385 3050 Rabir.
2397 3031 2427 3050 Μ

297 3104 460 3142 quotidianis
484 3104 567 3141 epulis
587 3105 614 3130 in
634 3102 732 3130 robore
752 3101 919 3132 accumbunt,
951 3103 969 3126 i.
990 3103 1016 3125 in
1034 3102 1103 3136 ligno
1124 3099 1204 3131 nudo,
1228 3098 1292 3134 quod
1305 3106 1336 3124 ex
1392 3106 1480 3124 curres
1495 3099 1522 3124 in
1535 3099 1715 3126 Tusculanum
1733 3098 1788 3124 Cic.
1802 3098 1855 3123 Att.
1871 3105 1905 3130 ις,
1919 3105 1939 3129 3.
1982 3096 2125 3122 Accurrere
2139 3095 2229 3126 alicui,
2243 3097 2260 3120 i.
2273 3094 2307 3121 ad
2323 3095 2429 3131 aliquem
2468 3113 2474 3118 .

297 3142 432 3170 Athenaeo
446 3142 532 3168 firmat
546 3140 650 3166 Victor.
685 3139 718 3164 V.
732 3138 762 3164 L.
777 3145 846 3169 3,15.
883 3137 970 3172 Pergit
984 3135 1204 3167 Cicero‚Cretes,
1222 3143 1337 3169 quorum
1393 3134 1454 3160 Stat.
1480 3133 1570 3160 Theb.
1584 3144 1610 3168 2,
1627 3156 1633 3162 .
1653 3155 1660 3162 .
1713 3132 1820 3168 Rapidis
1840 3137 1978 3159 accurrunt
1997 3130 2105 3166 panibus
2130 3131 2190 3157 Stat.
2217 3129 2308 3157 Theb.
2328 3138 2351 3163 3,
2370 3137 2428 3164 4¹0-
2452 3138 2460 3162 i

297 3187 377 3205 nemo
396 3177 508 3211 gustauit
526 3185 643 3210 vnquam
656 3173 760 3201 cubam.
810 3170 990 3199 Accumbendi
1009 3180 1098 3197 morem
1111 3171 1218 3197 breuiter
1233 3177 1257 3196 et
1269 3179 1338 3196 accu-
1351 3175 1381 3205 ες
1394 3170 1474 3196 Ocius
1496 3178 1613 3204 accurro,
1634 3177 1664 3198 vt
1681 3170 1782 3197 sciscam
1794 3168 1859 3204 quid
1874 3168 1939 3194 velit
1963 3167 2043 3194 Plaut.
2058 3165 2152 3201 Amph.
2167 3175 2189 3199 ς,
2208 3175 2228 3199 1,
2242 3174 2278 3201 17.
2315 3165 2427 3202 Metapb.
2450 3163 2465 3190 'I‘

296 3073 380 3107 epulis
403 3069 558 3098 accumbere
579 3066 681 3094 diuum.
739 3067 795 3093 Cic.
813 3074 862 3101 pro
882 3065 986 3091 Mur-en.
1008 3071 1045 3098 74
1065 3063 1268 3090 Lacedaemonii
1289 3063 1337 3097 qui
1392 3063 1461 3090 Cum
1474 3071 1564 3090 omncs
1577 3070 1723 3098 praetores,
1739 3069 1831 3088 cuncta
1845 3061 1971 3088 nobilitas
1992 3069 2020 3086 ac
2037 3060 2159 3086 iuuentus
2171 3065 2326 3086 accurreret.
2378 3059 2428 3086 Ac*
2457 3090 2461 3101 Ι

299 3221 354 3241 rate
369 3213 495 3249 dejcri'Rlst
515 3212 585 3246 Lips.
598 3207 760 3238 Anaceffl.
773 3217 785 3241 3
798 3217 822 3243 p.
839 3217 875 3241 94
888 3208 944 3242 sqq.
1394 3206 1450 3232 Cic.
1468 3204 1500 3231 de
1514 3206 1574 3232 Diu.
1589 3216 1614 3239 2,
1633 3212 1672 3239 138
1691 3205 1754 3233 Istae
1767 3204 1893 3239 imagines
1908 3204 1945 3230 ita
1962 3202 2040 3230 nobis
2053 3201 2126 3230 dicio
2147 3201 2280 3229 audientes
2299 3202 2373 3234 sunt,
2398 3205 2428 3234 vt
2456 3194 2458 3207 ’

337 3255 359 3276 A
367 3255 383 3276 c
392 3254 436 3275 cv
446 3254 469 3274 M
480 3253 496 3274 n
507 3254 521 3272 r.
531 3254 550 3272 N
562 3255 573 3272 s
584 3267 591 3278 ‚
611 3247 652 3272 tis.
673 3245 765 3272 Partic.
778 3244 865 3270 Sueto.
874 3242 976 3278 Vespas.
987 3243 1057 3275 5Bos
1065 3257 1101 3264 —
1109 3241 1257 3270 triclinium
1269 3241 1337 3268 irru-
1392 3240 1467 3268 fimul
1481 3247 1560 3276 atque
1574 3243 1686 3269 velimus
1696 3241 1846 3269 accurrant?
2411 3246 2414 3251 ·
2455 3243 2458 3258 ι

300 3285 357 3321 pit,
379 3292 408 3310 ac
424 3297 467 3302 —-
481 3282 594 3316 procidit
608 3282 639 3308 ad
654 3282 722 3316 ipsos
732 3279 906 3307 accumbentis
922 3278 1007 3314 pedes.
1428 3283 1500 3303 Ace
1510 3284 1557 3304 VR
1568 3285 1586 3304 R
1596 3286 1604 3305 1
1614 3284 1707 3311 Tvn,
1736 3276 1842 3312 imperf.
1861 3275 1954 3302 Tacit.
1978 3276 2044 3301 Ann.
2064 3283 2090 3308 1,
2114 3283 2158 3307 21,
2178 3281 2192 3307 ς
2219 3273 2373 3300 Accurritur
2394 3270 2428 3300 ab
2448 3270 2456 3297 l

339 3325 438 3348 ACCV
449 3324 465 3345 Β
475 3325 482 3344 1
493 3324 513 3344 T
523 3324 543 3343 V
555 3324 576 3343 M
588 3337 596 3349 ,
615 3318 632 3343 i.
647 3326 672 3343 n.
696 3318 736 3344 Sic
744 3317 855 3353 stqulore
868 3322 948 3341 aetate
965 3311 1048 3340 diffae
1057 3313 1119 3349 sum
1132 3313 1235 3339 culcitae
1243 3315 1270 3338 in
1286 3315 1339 3348 qui·
1391 3311 1528 3339 vniuerfis.
2413 3326 2417 3330 -
2454 3323 2457 3337 ,

299 3356 344 3384 bus
358 3353 523 3382 accumberem
537 3352 571 3378 tid
585 3354 676 3387 epulas,
685 3362 743 3388 quae
757 3355 783 3378 in
796 3353 871 3378 locum
885 3351 966 3377 trium
981 3348 1121 3381 Reiorum,
1145 3349 1231 3384 quibus
1245 3346 1340 3382 constat
1349 3356 1385 3381 90
1431 3355 1503 3375 Ace
1512 3355 1532 3375 v
1541 3355 1559 3375 R
1569 3355 1581 3376 s
1592 3356 1613 3376 v
1622 3357 1652 3383 s,
1683 3347 1722 3376 sis.
1746 3345 1887 3383 [ἒπιδρσμῆ]
1906 3347 1996 3374 Tacit.
2012 3347 2079 3374 Ann.
2092 3354 2112 3377 1,
2126 3350 2161 3379 2¹7
2186 3345 2299 3371 Accursu
2312 3342 2429 3371 multitu-
2448 3343 2456 3366 ,¹

300 3391 466 3421 triclinium,
479 3386 617 3424 fiicceffire.
654 3389 712 3414 Vct.
726 3387 811 3415 Schol.
823 3386 857 3414 ad
869 3386 930 3413 illud
947 3387 1003 3412 qu.
1018 3392 1040 3418 5,
1056 3392 1084 3419 17
1105 3384 1244 3411 Tcrtiaue
1257 3392 1342 3411 vacuo
1396 3383 1465 3410 dinis
1478 3384 1610 3419 protectus
1624 3385 1667 3412 est.
1687 3384 1742 3411 Sen.
1761 3384 1789 3410 in
1801 3382 1909 3418 Hippol.
1927 3387 1968 3415 89,
1977 3391 2009 3416 54
2027 3381 2120 3416 Liquit
2133 3380 2272 3415 stuprator,
2286 3380 2429 3407 civium&-
2452 3374 2456 3409 l

302 3427 405 3454 cessaret
426 3424 519 3452 culcita
540 3421 625 3455 leelo,
651 3423 725 3457 Apud
741 3431 856 3456 veteres,
882 3425 980 3458 inquit,
1005 3421 1194 3447 Accubitoruni
1215 3420 1274 3446 vsus
1288 3427 1343 3446 non
1396 3420 1501 3446 cursum
1521 3420 1623 3447 timens.
1659 3420 1783 3447 Accursus
1802 3419 2002 3454 prouinciarum
2015 3417 2105 3445 Tacit.
2117 3415 2185 3442 Hist.
2205 3425 2234 3450 4,
2249 3423 2288 3449 25.
2453 3411 2455 3431 ⁴

303 3469 375 3496 erat,
396 3460 438 3488 sed
454 3460 482 3486 in
500 3458 603 3485 lectulis
617 3458 806 3485 discumbentes
825 3457 1023 3485 manducabant.
1079 3455 1212 3490 Lamprid.
1235 3455 1342 3490 Heliog.
1432 3461 1532 3482 Accv
1543 3462 1559 3482 R
1570 3464 1627 3489 so,
1642 3464 1694 3483 are.
1714 3455 1818 3482 Cathol.
1836 3458 1957 3481 Accurro.
2379 3481 2383 3485 ⁴

305 3508 327 3524 c.
341 3506 369 3530 19
389 3497 446 3524 Nec
469 3494 560 3522 cubuit
578 3494 607 3520 in
619 3493 745 3520 accubitis
760 3494 852 3527 facile,
879 3493 927 3520 nisi
944 3493 994 3525 iis,
1014 3499 1080 3526 quae
1094 3491 1176 3525 pilum
1192 3490 1343 3525 leporinum
1431 3497 1531 3518 ACCV
1541 3497 1719 3524 RSORlvs,
1738 3500 1768 3524 a,
1789 3500 1843 3517 um.
1878 3487 2032 3517 Accursoria
2045 3487 2121 3522 potio
2140 3485 2217 3521 Apul.
2231 3487 2296 3512 Mct.
2309 3494 2327 3519 9
2339 3484 2429 3512 atmi-
2452 3478 2454 3507 .'

305 3532 431 3559 haberent
440 3552 448 3564 ,
478 3537 522 3557 aut
536 3530 635 3565 plumas
650 3529 793 3564 perdicum.
851 3532 881 3557 Ec
894 3539 916 3556 c.
926 3536 956 3562 25
988 3527 1080 3554 Multis
1095 3525 1237 3553 vilioribus
1251 3526 1344 3553 amicis
1353 3533 1385 3560 95
1397 3526 1540 3553 recursoria
1549 3546 1555 3552 .
1591 3527 1638 3556 Sed
1649 3527 1825 3554 occursoriam
1837 3526 1922 3552 dedere
1934 3524 1999 3552 Elm.
2013 3531 2036 3557 p.
2050 3530 2113 3557 227,
2127 3531 2158 3554 32
2172 3529 2197 3548 et
2209 3521 2275 3548 Prie.
2289 3523 2374 3556 p.19'2‚
2387 3521 2428 3553 29'-
2451 3525 2454 3538 ·

305 3568 383 3595 folles
397 3576 446 3602 pro
467 3565 593 3593 accubitis
608 3564 751 3596 sternebat,
777 3573 874 3600 eosque
894 3563 1001 3592 reflabat
1014 3561 1200 3598 prandentibus
1216 3562 1285 3595 illis,
1307 3563 1344 3588 ita
1435 3569 1455 3588 A
1464 3568 1481 3589 C
1493 3569 1510 3589 C
1520 3563 1537 3587 s*
1547 3569 1599 3596 so,
1613 3571 1657 3590 are
1674 3564 1830 3598 [M‘T’lssefflh
1844 3562 1962 3595 ἐγκοιλὲω,
1976 3557 2112 3590 dividemus,
2125 3559 2200 3592 κρίνω,
2215 3557 2314 3590 γράφω]
2327 3554 2392 3594 quast
2401 3560 2429 3582 w
2450 3578 2469 3586 ..

307 3610 336 3630 vt
351 3603 504 3637 plerumque
518 3601 605 3628 subito
620 3600 666 3627 sub
684 3599 776 3626 mentis
790 3601 972 3627 inuenirentur
985 3598 1148 3634 prandentes.
1185 3598 1287 3624 Primus
1300 3597 1343 3624 de·
1399 3597 1469 3623 dicas
1477 3599 1575 3631 accuso,
1589 3606 1618 3625 vt
1624 3599 1722 3626 causari
1730 3600 1766 3625 est
1778 3600 1888 3635 litigare.
1909 3592 1950 3627 Es}
1957 3600 2035 3620 autem
2043 3593 2088 3627 (ve
2094 3596 2132 3619 ait
2145 3593 2232 3626 Valla)
2244 3593 2374 3623 accusare,
2391 3588 2432 3625 vs!
2450 3595 2453 3610 ἴ
2466 3615 2469 3621 .

306 3638 388 3673 nique
411 3638 513 3664 inuenit
531 3637 610 3672 figma
627 3637 656 3662 in
674 3641 744 3662 terra
763 3635 892 3668 sternere,
918 3637 1012 3663 nonin
1026 3634 1145 3667 lectulis,
1164 3639 1220 3659 vta
1235 3633 1344 3668 pedibus
1397 3632 1465 3668 apud
1475 3633 1582 3667 iudices,
1601 3636 1641 3661 vel
1650 3634 1717 3670 apud
1729 3637 1804 3661 alium
1839 3631 1942 3660 uemuis,
1960 3630 2001 3655 vel
2017 3632 2092 3654 ctiam
2111 3628 2177 3663 apud
2193 3631 2263 3654 illum
2275 3627 2352 3664 ipsimi
2365 3625 2430 3663 quei!
2444 3624 2452 3658 *f

308 3677 319 3705 (
327 3674 351 3700 h.
367 3683 386 3699 c.
400 3673 429 3698 ab
442 3677 490 3699 imo
500 3680 588 3712 parte,
625 3681 671 3708 qua
684 3672 815 3705 implentur
830 3673 869 3697 vel
883 3672 1026 3707 deplentur)
1052 3677 1121 3698 vtres
1140 3677 1185 3704 per
1199 3678 1294 3703 pueros
1312 3668 1345 3695 ad
1397 3678 1455 3694 accu
1469 3677 1501 3700 es,
1514 3668 1658 3705 significare
1669 3678 1741 3706 atque
1753 3667 1789 3702 ost
1861 3674 1880 3695 e,
1899 3665 2002 3700 aliquem
2012 3662 2127 3698 pec-caste·
2165 3665 2232 3690 Huic
2243 3665 2372 3698 opponitur
2383 3661 2431 3694 Re·
2443 3666 2451 3690 i,

307 3707 454 3737 reflandum
468 3709 594 3742 Spiritum
608 3707 780 3734 soluerentur.
835 3709 948 3741 Apparet
963 3711 1043 3744 igitur
1057 3704 1182 3732 Accubita
1204 3703 1276 3738 fuisse
1295 3704 1443 3731 cui-ioofen
1462 3712 1516 3736 ere,
1532 3708 1590 3732 item
1603 3706 1737 3732 Excusare.
1771 3703 1829 3730 cic.
1847 3699 1880 3727 ad
1899 3700 1994 3733 Qfint·
2005 3700 2080 3726 fl‘flss'-
2094 3707 2120 3731 2>
2134 3707 2150 3724 2
2185 3699 2301 3725 Primum
2319 3706 2361 3724 me
2379 3693 2446 3728 ‘ills'

307 3747 373 3771 citas
392 3744 460 3771 humi
468 3762 475 3772 ,
506 3753 553 3769 non
573 3747 600 3769 in
620 3736 718 3770 leihtis
729 3740 848 3775 stratas,
867 3751 893 3767 ιη
906 3742 1001 3769 modum
1021 3741 1132 3768 stibadii
1145 3741 1184 3766 vel
1195 3735 1282 3774 Sigma
1303 3739 1346 3766 vbi
1398 3740 1492 3766 excuso
1507 3740 1534 3766 in
1547 3749 1580 3767 eo
1594 3741 1662 3776 ipso,
1674 3741 1704 3767 in
1715 3743 1806 3775 quote
1819 3735 1917 3763 accuso.
1953 3734 2062 3769 Qun&
2076 3741 2104 3767 5,
2119 3742 2154 3766 13,
2169 3743 2181 3766 3
2199 3734 2291 3760 Tanto
2305 3733 2342 3759 est
2359 3735 2429 3759 ace!-
2442 3735 2450 3759 φ’

306 3779 362 3807 vid.
414 3779 463 3805 Res
475 3777 560 3804 deinde
569 3779 733 3815 frequentata
747 3776 824 3803 medio
837 3785 902 3805 aeuo,
922 3778 950 3803 de
964 3788 1011 3814 qua
1019 3776 1126 3814 proinde
1137 3776 1229 3811 copiosi·
1242 3779 1345 3802 invtro-
1397 3775 1453 3802 sare
1466 3784 1545 3809 quam
1559 3776 1713 3808 defendere,
1741 3778 1838 3808 quanto
1859 3771 1944 3797 facere
1963 3778 2042 3805 quam
2060 3770 2148 3795 sanare
2166 3769 2290 3801 vulnera,
2320 3767 2445 3798 factum..·

306 3823 351 3852 que
367 3811 486 3847 quffirrio
500 3813 614 3849 Congius.
681 3814 745 3839 Hinc
757 3821 840 3838 nomen
853 3812 941 3838 habene
1399 3811 1455 3837 Cic.
1471 3820 1519 3845 pro
1532 3812 1624 3839 Caelio
1637 3814 1654 3839 6
1672 3808 1765 3841 Aliud,
1784 3807 1821 3834 est
1837 3805 2003 3838 maledicere,
2017 3804 2089 3831 aliud
2104 3805 2230 3831 accusare.
2287 3801 2431 3841 Accusatio,
2463 3801 2466 3806 ¹

345 3856 366 3877 A
376 3856 392 3877 c
401 3856 418 3876 C
427 3855 447 3874 v
456 3854 519 3875 81⁷1·
529 3855 549 3873 A
560 3856 574 3873 1.
586 3857 592 3874 1
603 3857 639 3881 A,
666 3849 731 3875 ium.
757 3851 848 3874 toralia
860 3856 941 3882 nempe·
951 3867 958 3878 ,
986 3847 1071 3884 quibus
1081 3845 1230 3881 sternuntur
1263 3845 1344 3872 Accu·
1397 3847 1499 3873 crimen
1512 3847 1647 3880 delidcrat,
1659 3853 1715 3874 rem
1728 3849 1757 3870 vt
1769 3842 1887 3874 definiat,
1907 3841 2044 3868 hominem
2057 3847 2086 3866 vt
2099 3845 2182 3872 notet,
2200 3845 2355 3875 argumento
2371 3844 2430 3872 pro·

305 3884 371 3914 bita.
394 3883 480 3912 Treb.
489 3882 574 3910 Pollio
583 3883 610 3910 in
628 3884 742 3911 Claudio
754 3892 776 3910 c.
790 3891 820 3916 14
829 3881 1023 3912 Accubitalium
1032 3883 1192 3919 Cypriorum
1200 3880 1343 3915 pariaduo.
1350 3880 1450 3916 105bet‚
1471 3882 1534 3909 teste
1546 3882 1703 3912 confirmet„
1725 3877 1882 3907 Maledictio
1894 3883 1982 3904 autem
1993 3875 2064 3906 nihil
2075 3875 2155 3902 habet
2167 3875 2310 3911 propositi,
2332 3878 2440 3909 praete*¹

2299 3913 2428 3937 contum&
