2474 4182
664 125 945 167 CON

267 217 320 242 lute
336 221 427 243 contra
445 215 658 243 sceleratiffimam
680 215 903 249 conspirationem
924 216 1038 243 hostium
1053 215 1232 250 confligamus.
1268 214 1309 242 Sic

268 253 411 278 Certorum
430 251 569 278 hominum
589 260 677 278 comm
699 252 855 285 dignitatem
873 251 985 278 alicuius
1004 252 1164 287 conspiratio
1184 252 1240 278 Cic.
1260 260 1308 285 pro

269 288 356 314 Deiot.
373 296 403 314 ιι.
450 289 568 314 Conflata
584 287 747 313 tiendo-cic.
762 293 847 322 anteq.
864 288 915 314 iret
929 288 957 314 in
972 289 1033 314 cxil.
1049 297 1078 321 14
1091 297 1112 313 c.
1127 290 1151 313 6.
1198 286 1307 321 QiinCt.

268 331 291 357 5,
307 331 334 357 7,
347 332 376 356 23
403 324 433 349 Et
447 323 463 350 ss
480 323 616 349 delicietur
633 331 745 348 numero
760 331 817 356 pars
836 322 954 356 diuersa,
970 324 1143 358 paucitatem3
1163 322 1180 348 si
1195 322 1309 349 abunda-

266 360 323 391 bit,
343 359 578 394 conspirationcni;
617 357 634 383 si
657 357 771 384 humiles
798 359 939 393 producet,
963 360 1111 390 vilitatem
1146 358 1164 384 ii
1184 364 1310 393 potentes.
1332 364 1344 389 5

267 396 379 430 gratiam
394 394 529 429 oportebit
543 394 673 419 incessere.
745 394 916 429 Conspiratio
934 400 961 421 in
980 396 1064 422 bonam
1076 400 1175 431 partem
1189 395 1244 420 Cic.
1260 402 1308 428 pro

268 432 356 458 Domo
372 436 402 460 23
433 430 505 455 Hauc
524 429 638 455 nostram
654 430 888 463 coniunctionem,
902 431 967 459 hanc
982 431 1204 465 conspirationem
1218 431 1245 456 in
1260 431 1308 456 Re-

267 467 340 503 publ.
361 466 426 492 bene
451 465 580 498 gerenda,
607 465 671 492 hanc
694 465 901 493 iucundisliinam
923 467 993 494 vitae
1011 473 1089 501 atque
1109 464 1260 492 officiorum
1281 475 1307 491 o-

269 504 370 529 ninium
391 501 558 533 societatem,
575 502 642 527 certi
661 500 781 528 homines
801 502 868 529 ficiis
883 502 1048 529 sermonibus
1065 508 1091 528 et
1103 501 1175 528 'fallis
1189 501 1308 528 crimini-

266 539 314 566 bus
329 537 500 563 diremerunt.
574 537 710 564 Bonorum
723 538 843 565 virorum
857 538 1016 573 conspiratio
1030 538 1085 565 Cic.
1100 538 1129 564 in
1141 538 1219 564 Catil.
1233 548 1259 570 4,
1270 546 1310 564 υ..
1324 550 1352 567 10

268 574 358 601 Nimis
379 578 512 606 potentes,
526 581 580 598 non
597 579 705 607 propter
727 573 899 608 singularium
919 574 1072 601 ciuitatium
1091 582 1167 608 opes,
1187 573 1228 600 sed
1250 581 1309 607 pro-

268 616 324 644 pter
352 607 574 641 conspirationem
594 609 777 637 vniuersarum
801 610 891 636 lustin.
912 619 952 644 34,
974 619 1001 642 1,
1022 619 1040 636 1.
1111 608 1262 636 Concordia
1284 614 1309 635 ct

267 644 430 678 conspiratio
449 643 571 670 omnium
591 644 716 671 ordinum
734 645 765 671 ad
787 645 976 673 defendendam
998 645 1148 673 libertatem
1168 646 1222 672 Cic.
1237 646 1308 671 Fam.

269 689 307 713 io,
322 687 354 711 15.
426 679 482 704 Cic.
498 680 551 706 Off.
565 688 590 712 2,
606 682 633 706 16
665 681 773 715 Magnas
784 681 911 708 vtilitates
926 681 1095 717 adipiscimur
1114 681 1310 714 conspiratione

266 715 406 742 hominum
420 720 499 749 atque
513 716 648 742 consensu.
719 716 792 743 Idem
806 717 838 743 de
852 718 909 750 an.
924 725 947 750 5,
959 720 993 751 69
1018 717 1111 751 Qialis
1131 716 1166 742 est
1187 716 1270 749 igitur
1283 724 1310 739 o-
1328 724 1352 749 15

267 751 336 778 mnis
374 759 434 776 uam
455 750 516 778 dico
542 752 720 786 conspiratio,
739 753 928 788 consensusque
946 754 1094 784 virtutum,
1111 751 1163 777 tale
1183 750 1219 776 est
1239 748 1307 775 illud

267 787 353 822 ipsum
385 786 514 813 onestum.
555 788 662 814 Amoris
675 788 869 822 conspiratione
883 790 1030 816 consentire
1044 788 1099 814 Cic.
1114 786 1146 812 de
1162 786 1219 811 Fin.
1235 794 1254 816 ι,
1269 788 1309 817 ⁶5·

305 828 551 855 CONSPIRATVS,
565 832 595 855 a,
613 832 666 849 um.
692 824 759 851 Part.
796 825 847 860 Qu·
861 825 1023 861 conspiramt.
1058 822 1129 848 Caes.
1145 821 1209 847 Bell.
1224 821 1307 847 Ciuil.

267 868 289 892 3,
308 860 345 892 46
382 858 485 884 Milites
514 858 626 893 legionis
650 867 736 886 nonae
761 859 863 887 subito,
876 860 1016 893 conspirati
1042 858 1096 891 pila
1129 857 1307 883 coniecerunt.

266 896 335 922 Suet.
350 894 378 919 in
393 894 464 920 Caes.
479 903 500 920 c.
517 899 547 924 82
588 894 743 922 Affidentein
763 897 904 931 conspirati
923 894 1007 928 specie
1029 891 1113 919 officii
1133 893 1309 919 circumstete-
1323 899 1357 918 20

266 936 337 957 runt.
374 929 442 956 Add.
455 929 493 956 Id.
507 930 607 957 Doiuit.
620 939 641 957 c.
655 938 693 966 17.
765 932 821 957 Seri.
841 930 919 964 Epist.
940 935 973 962 84
1000 929 1100 956 Talem
1121 929 1168 955 else
1188 928 1308 955 animum

265 965 383 993 nostrum
397 965 477 998 volo,
494 971 523 992 vt
537 966 637 992 multae
648 966 676 994 in
689 967 738 993 illo
753 973 820 993 artes
838 965 902 997 fint,
914 965 997 991 multa
1016 971 1153 1000 praecepta
1164 965 1309 991 multarum

264 1007 379 1029 aetatum
394 1001 527 1036 exempla,
547 1001 589 1028 sed
603 1002 693 1028 omnia
706 1003 733 1027 in
746 1010 828 1026 vnum
843 1000 997 1035 conspirata.
1035 1002 1103 1027 Haec
1113 998 1254 1036 posteriora
1271 1010 1309 1027 re-

258 1040 337 1074 petiit
358 1037 476 1064 Macrob.
498 1037 599 1064 Saturn.
619 1037 699 1071 praef.
721 1036 892 1070 Conspiratus
913 1036 1016 1071 sanguis
1036 1037 1129 1071 Veget.
1149 1037 1262 1063 Mulom.
1282 1044 1309 1068 2,

264 1083 305 1107 30,
319 1082 329 1099 1
348 1072 448 1099 videtur
462 1071 505 1106 ‘ff'
518 1082 547 1098 ex
559 1076 653 1099 arteria
665 1081 717 1097 cum
724 1071 822 1106 spiritu
834 1071 937 1105 emJquJ.
971 1073 1012 1099 Sic
1026 1075 1089 1098 enim
1101 1073 1241 1107 putabant,
1254 1073 1309 1108 Spi—
1324 1077 1354 1103 25

263 1113 330 1136 ritus
341 1111 415 1134 etiam
427 1109 621 1143 conceptaculum
634 1105 677 1139 estc
690 1111 808 1134 arterias.
851 1108 909 1134 Vici.
924 1108 980 1135 Cic.
995 1107 1026 1134 dc
1035 1108 1098 1135 Nat.
1111 1109 1191 1135 Deor.
1206 1116 1221 1135 2
1236 1117 1257 1134 c.
1271 1115 1308 1141 55.

263 1145 334 1172 Hinc
348 1144 502 1178 conspiratis
516 1143 662 1169 factionum
678 1142 797 1177 partibus
816 1142 924 1170 Phaedr.
941 1152 961 1176 1,
975 1152 996 1176 3,
1010 1153 1037 1177 4.

301 1186 318 1207 c
333 1186 352 1205 o
364 1187 385 1205 N
397 1186 431 1205 ss>
442 1187 449 1204 1
460 1186 477 1205 R
488 1179 510 1204 Ᾰ
519 1185 540 1204 Τ
551 1185 576 1204 Ε.
613 1178 681 1204 Adu.
718 1179 809 1205 lustin.
828 1187 851 1211 3,
871 1188 883 1212 5
908 1179 1113 1206 Lacedaemonii
1129 1189 1162 1206 co
1176 1180 1307 1215 conspira-

261 1216 313 1245 tius
326 1215 358 1241 ad
372 1223 444 1241 arma
458 1220 635 1245 concurrunt,
653 1217 672 1240 i.
691 1217 781 1241 maiori
800 1215 923 1251 consensit.

301 1257 317 1277 c
330 1258 348 1278 o
359 1258 379 1276 N
389 1257 401 1276 s
413 1256 425 1274 Ρ
435 1257 442 1275 1
453 1257 472 1276 R
483 1250 504 1276 Ᾰ
513 1257 534 1276 T
543 1257 586 1276 vs
600 1270 608 1282 ‚
635 1248 673 1276 sis.
707 1259 742 1277 m.
781 1251 793 1284 [
805 1250 971 1286 σύμπνευσις]
1006 1254 1024 1278 i.
1051 1251 1194 1288 Consensus.
1237 1251 1305 1278 Gell.
1325 1262 1357 1286 30

263 1296 282 1319 1,
298 1295 319 1312 ιι
342 1285 389 1312 Sed
405 1285 476 1311 enim
489 1285 605 1312 Achaeos
619 1287 752 1313 Homerus
771 1296 886 1322 pugnam
902 1286 1026 1322 indipisci
1046 1287 1099 1319 ait,
1114 1296 1169 1314 non
1187 1286 1308 1313 fidicula-

260 1331 336 1353 rum,
353 1321 535 1356 tibiarumque
556 1328 700 1355 concentu,
721 1322 765 1350 sed
785 1324 916 1350 mentium
933 1324 1138 1358 animorumque
1157 1324 1307 1358 conspiratu

259 1358 341 1385 tacito
354 1356 518 1383 nitibuiidos.

296 1400 312 1420 C
324 1399 343 1419 0
354 1400 375 1419 N
385 1400 397 1419 s
409 1398 423 1417 Ρ
436 1400 464 1419 is
474 1400 486 1419 s
499 1398 518 1419 ο
529 1413 538 1425 ,
558 1395 610 1419 ire.
648 1392 778 1429 [πυκνόω]
820 1395 887 1421 Plin.
905 1401 945 1427 35,
962 1397 980 1421 6
1016 1393 1188 1421 Adulteratur
1206 1395 1307 1421 Romae

259 1436 327 1456 creta
343 1428 466 1459 cimolia,
480 1428 603 1461 decocta,
616 1430 829 1465 conspiffataque.
865 1430 998 1457 Columel.
1014 1439 1036 1463 2,
1052 1435 1087 1463 ιε,
1101 1438 1114 1463 5
1140 1430 1214 1457 Prius
1226 1439 1306 1465 quam
1326 1442 1354 1468 33

259 1464 456 1499 conspissatum,
473 1471 499 1491 ct
513 1464 603 1491 herbis
616 1465 771 1499 colligatum
784 1466 814 1494 sit
827 1466 921 1493 solum.
979 1466 1053 1493 Idem
1069 1474 1107 1496 12,
1119 1474 1162 1499 43,
1178 1474 1205 1492 12
1238 1467 1308 1493 Con-

258 1502 358 1536 spifl‘ata
379 1500 488 1527 vinacea
507 1500 589 1533 dixit,
609 1503 627 1526 i.
648 1503 800 1529 conculcata.
837 1502 957 1530 Stercora
975 1502 1127 1537 conspiffata
1144 1501 1280 1528 laudantur
1297 1511 1308 1528 e

258 1538 324 1566 Plin.
345 1537 435 1562 Valer.

297 1579 313 1600 c
322 1578 341 1598 o
352 1578 373 1597 N
383 1579 395 1598 s
405 1578 419 1598 P
429 1579 437 1597 1
447 1578 459 1597 s
468 1576 481 1595 s
491 1577 513 1597 Α
523 1577 544 1597 T
554 1578 563 1597 1
574 1576 593 1597 o
603 1591 611 1603 ‚
632 1571 700 1597 onis.
720 1571 740 1597 f.
778 1572 903 1600 Sordium
916 1572 1026 1600 Theod.
1044 1573 1168 1599 Priscian.
1186 1581 1206 1604 i,
1221 1577 1243 1603 8.

294 1614 311 1636 c
322 1613 341 1634 o
352 1614 373 1633 N
385 1613 397 1632 s
408 1613 423 1632 r
437 1614 456 1632 o
467 1614 483 1632 L
493 1614 503 1632 1
513 1613 584 1639 vM,
603 1607 621 1633 i.
640 1616 667 1633 n.
703 1607 744 1634 Ab
758 1609 883 1636 Arnobio
897 1617 915 1644 7
932 1619 958 1644 p.
973 1618 1020 1642 230
1043 1612 1112 1635 inter
1130 1606 1248 1635 liborum
1267 1617 1308 1644 ge·
1319 1614 1355 1639 40

259 1652 323 1671 ntra
337 1642 460 1679 refertur.

297 1686 315 1707 c
326 1685 346 1706 o
356 1686 377 1704 N
387 1686 399 1704 s
409 1685 423 1704 P
433 1684 452 1704 o
463 1684 484 1703 N
494 1683 537 1704 DE
547 1683 566 1704 ο
581 1697 589 1710 ,
610 1677 655 1710 di,
682 1678 753 1710 sum,
780 1682 833 1706 ere.
871 1680 1078 1715 [συνιγγυῶμαι]
1112 1680 1153 1708 Ab
1170 1681 1215 1707 hoc
1235 1680 1307 1707 verbo

297 1719 502 1741 CONSPONSOS
524 1718 627 1740 veteres
640 1713 780 1746 dicebant,
790 1714 841 1741 fide
853 1722 946 1742 mutua
960 1716 1108 1750 colligatos,
1121 1719 1203 1751 inquit
1211 1716 1307 1743 Festus.

259 1751 291 1777 Et
311 1752 388 1777 Varr.
402 1749 433 1776 dc
448 1749 477 1775 L.
491 1749 521 1775 L.
535 1756 558 1781 5,
571 1757 588 1783 7
623 1750 788 1785 Consponsos
807 1750 893 1777 laudat
908 1761 936 1777 cx
948 1751 1067 1778 Naeuio.
1140 1752 1232 1778 Facito
1247 1761 1309 1778 con-

258 1787 349 1821 sponsa
365 1786 442 1820 Apul.
457 1785 520 1811 Met.
537 1792 549 1817 5
569 1794 593 1819 p.
609 1787 660 1818 165.
732 1786 830 1813 Auson.
845 1787 924 1821 Epist.
939 1795 978 1820 io,
993 1796 1016 1813 ιι
1042 1787 1088 1814 Te
1101 1796 1209 1822 quoque
1222 1797 1255 1814 ne
1269 1788 1308 1822 pi·
1325 1795 1358 1821 45

258 1828 316 1857 geat
327 1820 461 1856 consponsi
475 1820 601 1847 foederis.

295 1865 312 1885 c
321 1864 340 1885 o
350 1865 371 1884 N
383 1866 395 1884 s
406 1865 420 1884 P
431 1863 450 1883 o
461 1863 483 1883 N
493 1864 506 1884 s
515 1864 533 1883 o
541 1863 560 1883 R
569 1876 576 1887 ‚
600 1856 665 1884 oris:
689 1866 724 1883 m.
762 1857 775 1891 [
782 1857 957 1892 συνιγγυητῆς]
994 1859 1190 1893 Consponsores
1199 1878 1207 1891 ,
1220 1861 1263 1894 qui
1272 1858 1309 1892 fi-

258 1895 309 1920 mul
323 1900 373 1929 pro
392 1895 474 1928 aliquo
487 1892 693 1928 sposponderunt.
730 1893 786 1920 Cic.
803 1894 876 1920 Fam.
895 1896 922 1927 6,
941 1903 969 1927 19
999 1895 1038 1921 De
1053 1901 1100 1921 tuo
1114 1896 1223 1929 negotio
1236 1894 1309 1929 quod

259 1931 368 1965 sponsor
387 1938 414 1956 es
433 1937 482 1964 pro
501 1929 646 1964 Pompeio,
667 1928 684 1955 fi
706 1928 790 1956 Galba
809 1930 970 1964 consponsor
988 1936 1048 1957 tuus
1069 1930 1190 1958 redierit.

259 1965 340 2000 Epist.
354 1964 387 1992 ad
402 1966 454 1992 Att.
474 1973 509 1995 12,
523 1972 560 1999 17.
597 1965 779 2000 Consponsor,
794 1965 968 1993 Coniurator.
1004 1966 1103 1994 Festus.

297 2009 314 2029 c
323 2008 342 2028 o
351 2008 373 2027 N
383 2008 395 2026 s
405 2008 419 2026 P
430 2008 449 2027 v
461 2006 487 2026 Μ
499 2007 517 2027 o
526 2019 532 2031 ‚
552 2004 609 2028 are:
637 2008 660 2027 et
680 2002 864 2036 conspumatus
880 2004 907 2028 in
921 2003 1025 2037 Fragm.
1039 2003 1112 2029 Poet.

298 2043 372 2062 CON
382 2043 394 2061 s
405 2042 420 2060 P
431 2043 451 2061 v
461 2042 495 2066 o,
512 2036 558 2068 ui,
579 2039 665 2069 utum,
685 2039 739 2063 erc.
777 2037 949 2072 [uus-unnim]
987 2039 1062 2074 sputo
1073 2039 1179 2075 aliquem
1184 2037 1309 2073 foedare:

262 2071 344 2098 Plaut.
359 2071 439 2096 Cure.
455 2078 481 2101 4,
495 2078 520 2100 2,
534 2078 563 2104 17
596 2072 660 2103 Qii·
673 2072 760 2106 culpat
776 2081 836 2099 eum
847 2093 855 2105 ,
869 2074 1040 2108 conspuitur,
1055 2075 1230 2109 vituperatur.
1267 2075 1309 2100 In-

263 2108 307 2133 flat
321 2107 346 2132 se
359 2113 483 2140 tanquam
491 2113 564 2136 rana,
573 2110 597 2131 et
610 2106 640 2130 in
651 2105 735 2134 sinum
749 2107 825 2132 suum
839 2109 959 2143 conspuit
973 2111 1078 2136 Petroii.
1093 2119 1114 2136 c.
1129 2117 1167 2144 74
1183 2110 1212 2135 de
1231 2109 1309 2136 homi·

262 2152 291 2168 ne
308 2141 422 2175 φιλοιύτῳ
435 2140 595 2176 superboque.
667 2141 712 2166 Me
728 2142 837 2175 conspui
849 2142 924 2168 iubet
938 2144 1042 2169 Petron.
1060 2153 1110 2175 132.
1145 2147 1184 2170 De
1197 2145 1242 2170 hoc
1255 2154 1311 2169 con-
1329 2148 1356 2173 55

261 2179 374 2204 »ameliae
391 2185 492 2212 genere,
515 2175 568 2201 vid.
583 2176 673 2202 Barth.
688 2175 723 2201 ml
742 2176 835 2202 Claud.
855 2177 932 2203 Coris.
949 2178 1020 2204 Hon.
1035 2186 1062 2210 4,
1074 2187 1139 2211 404.
1159 2185 1183 2204 et
1200 2178 1309 2204 Aduers.

263 2222 303 2246 23,
319 2221 360 2245 24.
433 2210 563 2245 Conspuit
578 2217 627 2245 pro
647 2211 810 2247 ConJPergit,
827 2212 886 2247 usus
906 2211 939 2244 qs?
957 2220 1028 2239 vetus
1048 2215 1139 2249 aliquis
1160 2214 1253 2246 Poeta,
1268 2216 1311 2248 qui

261 2250 291 2276 ab
312 2246 428 2274 Horatio
447 2245 637 2282 reprehenditur
658 2246 740 2272 Serm.
761 2255 786 2278 2,
802 2254 823 2278 5,
847 2255 876 2279 41
912 2248 1008 2274 Furius
1027 2248 1151 2275 hibernas
1170 2257 1233 2276 cana
1246 2249 1310 2276 niue

263 2283 385 2318 conspuit
399 2282 484 2317 Alpes.
564 2280 624 2308 Vid.
637 2281 797 2308 Scholiasten
810 2281 838 2307 in
858 2282 910 2309 loc.
966 2283 1034 2309 Idem
1052 2286 1167 2319 culpatur
1185 2293 1276 2320 quoque
1295 2294 1311 2311 a

265 2318 452 2354 Qiinc}iliano
466 2323 489 2350 8,
503 2319 530 2350 6,
545 2324 582 2352 17.
1331 2320 1366 2345 60

302 2362 320 2383 c
333 2361 352 2381 o
362 2361 385 2381 N
395 2361 407 2380 s
416 2362 431 2380 P
441 2361 461 2380 v
471 2360 487 2380 r.
496 2360 518 2379 N
527 2360 540 2380 s
550 2373 558 2386 ,
578 2352 654 2380 entis.
689 2353 757 2381 Part.
795 2353 910 2387 Vulgata
928 2353 976 2380 Ies.
990 2361 1031 2386 50,
1045 2354 1070 2380 6.

303 2397 322 2418 C
337 2397 356 2417 ο
367 2397 389 2417 N
399 2398 411 2417 s
422 2396 465 2415 PV
475 2395 524 2415 TV
534 2396 556 2419 S,
570 2397 594 2421 a,
608 2398 663 2416 um.
699 2389 791 2415 Partic.
827 2391 933 2416 Dicitur
951 2388 993 2423 ςΠε
1007 2388 1108 2421 Plauti,
1127 2388 1168 2416 Ab
1187 2388 1313 2416 omnibus

266 2427 368 2454 derisus
380 2431 460 2460 atque
472 2425 621 2460 consputuS.
656 2424 771 2452 Hieron.
785 2424 818 2452 ad
830 2425 927 2452 Domn.
966 2445 973 2451 .
1011 2445 1018 2452 .
1056 2425 1170 2459 Quoties
1184 2426 1315 2461 conspuit,

264 2470 291 2490 :t
313 2462 452 2496 consputus
474 2459 596 2487 abscessit.

304 2505 321 2526 C
330 2505 348 2525 o
357 2504 378 2523 N
387 2505 399 2524 s
410 2504 425 2522 P
434 2498 455 2522 V
464 2501 485 2522 T
496 2502 516 2522 o
533 2517 541 2529 ,
565 2500 617 2525 are.
654 2497 796 2530 Frequent.
833 2496 1005 2530 [καταπτύω]
1076 2496 1132 2523 Cic.
1154 2497 1193 2531 Q
1207 2497 1276 2523 Frat.
1293 2505 1317 2530 2,
1337 2498 1368 2529 63

269 2544 281 2567 3
302 2535 376 2560 Hora
388 2532 445 2559 fere
458 2541 544 2564 nona,
561 2531 632 2567 quasi
653 2532 726 2567 signo
740 2532 818 2564 dato,
832 2532 958 2559 Clodiani
974 2532 1077 2559 nostros
1090 2533 1245 2568 consputare
1259 2541 1317 2559 coe-

269 2574 373 2605 perunt.
444 2567 602 2595 Maledictus
623 2574 648 2594 et
663 2569 828 2602 consputatus
843 2567 961 2596 Tertull.
975 2568 1035 2595 adu.
1050 2567 1108 2595 Iud.
1127 2577 1148 2595 c.
1162 2568 1210 2595 vlt.

308 2610 326 2631 c
340 2611 359 2630 o
372 2610 393 2629 N
403 2610 415 2629 s
424 2610 439 2629 r
449 2611 469 2628 v
479 2611 497 2630 R
507 2610 523 2630 c
533 2611 551 2630 o
566 2624 575 2637 ,
599 2608 653 2630 are.
689 2605 701 2638 [
714 2603 860 2640 κατκρυπόω
872 2604 885 2637 ]
920 2605 1108 2631 Commaculare.
1143 2604 1276 2631 Columel.
1292 2610 1316 2637 8,

271 2649 292 2674 3,
302 2649 317 2673 9
337 2639 408 2666 Nam
421 2638 582 2673 supersiliens
596 2639 652 2666 auis
666 2639 791 2673 proluuie
804 2640 904 2667 ventris
918 2639 992 2666 cibos
1006 2645 1032 2666 et
1044 2648 1141 2675 aquam
1153 2641 1315 2676 conspurcat.

271 2678 370 2711 Sapore
383 2679 452 2701 tetro
463 2674 636 2708 conspurcare
649 2675 741 2701 omnia
759 2676 863 2702 Lucret.
879 2678 906 2709 6,
919 2684 957 2703 21.

307 2718 325 2739 c
338 2717 358 2738 o
369 2717 390 2736 N
402 2717 414 2736 s
423 2718 437 2736 P
448 2717 467 2736 v
479 2717 497 2736 R
506 2716 552 2737 CA
562 2717 583 2737 T
592 2717 613 2736 v
623 2717 635 2736 s
645 2730 653 2742 ‚
674 2719 703 2743 a,
722 2719 776 2736 um.
796 2711 865 2737 Part.
903 2711 1023 2739 Tertull.
1043 2711 1076 2738 de
1091 2711 1188 2739 Idolol.
1209 2721 1230 2738 c.
1244 2720 1264 2738 1.

308 2750 517 2774 CONSPVRC
529 2752 643 2778 ΑΤιο,
665 2747 732 2772 onis.
752 2746 773 2772 f.
809 2747 922 2774 Hieron.

307 2789 325 2810 c
335 2789 355 2809 0
366 2789 388 2808 N
398 2789 410 2808 S
421 2787 442 2807 'r
452 2788 471 2807 A
480 2788 496 2808 E
506 2779 518 2807 f
528 2789 544 2808 L
553 2789 562 2808 1
572 2788 591 2808 O
601 2801 609 2814 ,
633 2781 673 2808 iui
682 2801 690 2814 ‚
715 2785 781 2808 itum
790 2801 798 2813 ,
817 2786 866 2810 ire.
902 2780 1039 2817 [βεέαιόω,
1060 2781 1144 2819 ςηρίζω
1152 2803 1160 2815 ,
1181 2782 1317 2819 ἐσφαλίζα.

272 2820 340 2853 μαι]
377 2816 467 2845 stabile
480 2823 502 2843 et
515 2816 619 2853 firmum
637 2817 745 2853 undique
757 2819 853 2852 jacere.
900 2819 969 2846 Ter.
987 2818 1060 2846 Adel.
1074 2827 1098 2852 5,
1113 2827 1132 2851 ι,
1145 2828 1163 2852 9
1200 2820 1247 2846 Dis
1261 2820 1319 2854 qui-

273 2855 334 2882 dem
349 2853 409 2880 esses
422 2853 537 2885 Demea,
555 2861 582 2879 ac
597 2858 668 2879 tuam
685 2862 742 2879 rem
762 2853 954 2881 constabiliffes.

274 2899 337 2917 vere
373 2898 438 2915 uum
457 2888 546 2916 videas
567 2888 631 2915 belli
647 2888 784 2915 simulacra
804 2889 917 2922 cientes,
951 2889 1075 2916 Subssdiis
1090 2899 1192 2925 magnis
1211 2891 1319 2926 Epicuri

275 2925 363 2953 consta
384 2925 463 2951 ilitas.
533 2925 652 2951 Mentem
672 2923 807 2952 robustam
827 2925 934 2952 quenc.
950 2925 1017 2952 Hist.
1033 2926 1130 2962 Euang.
1143 2935 1169 2960 2,
1182 2929 1240 2962 765.

313 2966 605 2993 CONSTABILIS,
626 2969 648 2987 e.
686 2960 795 2988 Firmic.

313 3003 331 3024 C
343 3003 361 3024 Ο
371 3003 394 3023 Ν
404 3003 417 3023 S
426 3003 448 3023 T
456 3003 477 3022 Α
486 3002 502 3023 Β
511 2994 532 3022 ιῗ
542 3002 557 3022 1.
567 3002 586 3022 0
595 3015 603 3027 ‚
623 3001 676 3023 are.
712 2996 878 3023 Columellae
896 2995 1027 3022 tribuitur.

314 3038 332 3059 C
344 3039 363 3059 Ο
373 3039 395 3058 Ν
405 3038 417 3058 S
427 3038 448 3058 T
457 3038 479 3059 A
488 3038 504 3059 B
513 3038 534 3058 v
544 3038 560 3058 L
569 3039 591 3059 Α
599 3037 621 3058 Τ
630 3038 666 3058 10
676 3052 686 3065 ,
704 3032 772 3059 onis.
794 3032 814 3059 f.
851 3031 965 3067 Apuleio
978 3032 1130 3067 adscriptum
1138 3043 1145 3058 .-
1165 3031 1238 3068 falfi>
1247 3052 1255 3065 ,
1272 3032 1319 3067 m‘fi
1334 3034 1366 3060 80

271 3067 348 3104 fallit
364 3068 442 3094 Index
456 3067 561 3094 floridi.

314 3110 390 3130 CON
403 3110 415 3128 s
428 3107 693 3130 TABvLAizivs
706 3122 715 3136 ,
746 3102 765 3129 i.
797 3111 834 3130 m.

277 3147 366 3165 manno
386 3147 411 3173 p.
433 3146 486 3172 145.

316 3180 333 3200 c
345 3179 364 3199 o
374 3181 396 3200 N
407 3182 419 3201 s
428 3181 449 3201 T
461 3181 481 3201 Α
491 3180 511 3201 G
521 3180 543 3201 N
553 3180 572 3201 o
581 3194 589 3207 ‚
609 3177 662 3200 are.
683 3173 731 3200 Con
752 3174 824 3200 eIare.
851 3173 955 3201 Glacies
968 3172 1018 3205 est,
1029 3181 1096 3209 quac
1109 3182 1140 3201 ex
1153 3173 1226 3201 coitu
1239 3183 1323 3210 aquae

281 3209 430 3243 constagnat
449 3210 479 3236 C.
493 3211 593 3237 Fronto
612 3219 637 3245 p.
651 3217 707 3242 1332
744 3209 823 3245 uesch.

317 3250 533 3273 CON‘STANS
547 3265 555 3277 ,
599 3251 875 3273 CONSTANTIA
889 3264 899 3278 ‚
938 3251 1211 3272 CONSTANTER
1227 3265 1235 3278 ,
1270 3246 1324 3273 vid.

282 3287 300 3308 C
314 3286 332 3306 0
349 3287 371 3306 N
388 3287 400 3306 S
417 3285 438 3305 T
457 3287 485 3307 O.

322 3321 339 3342 c
350 3322 369 3342 ο
379 3323 398 3342 Ν
410 3322 452 3341 ST
463 3322 478 3341 E
488 3323 503 3341 L
514 3322 528 3340 ι
541 3323 561 3342 Α
570 3323 620 3343 Tv
629 3323 641 3344 s
656 3336 665 3349 ‚
689 3325 704 3343 a
718 3336 726 3349 ‚
752 3325 807 3343 um.
860 3316 954 3343 Aurati
992 3314 1192 3351 constellatique
1225 3315 1326 3344 balthei

284 3350 371 3379 Treb.
387 3350 473 3377 Pollio
488 3350 600 3377 Gallien.
615 3360 636 3378 c.
652 3360 677 3378 2,
698 3355 717 3378 ι’.
730 3350 860 3385 stellarum
872 3351 970 3388 formis
988 3349 1111 3384 defli‘nfh'.

268 139 362 176 1191

1237 1930 1310 1958 Adde

1316 1996 1318 1999 .
1324 1972 1338 1998 ⁵
1340 1973 1356 1991 0

883 3101 1058 3129 Tertulliano
1082 3103 1206 3130 tribuitur
1223 3112 1239 3130 a
1258 3103 1323 3139 spel-

1339 3212 1368 3241 85

322 3394 366 3414 co
376 3394 396 3413 N
407 3392 474 3413 STE
485 3392 500 3412 ι
510 3392 524 3411 ι,
534 3393 584 3412 AT
595 3393 648 3420 10,
667 3388 733 3414 onis.
754 3388 774 3414 f.
808 3387 938 3415 Stellarum
956 3396 1069 3414 numerus
1086 3396 1136 3414 vna
1151 3386 1327 3430 confido-atus,
1344 3399 1379 3424 90
1391 3390 1453 3416 dum
1469 3389 1513 3422 sit,
1527 3399 1610 3425 quum
1629 3389 1694 3426 quid
1714 3397 1842 3418 euenerit.

285 3424 437 3458 comparatio
453 3420 482 3447 'et
498 3420 620 3456 respeHus
632 3420 769 3454 stellarum.
806 3423 937 3450 Ammian.
951 3422 1068 3450 Marcell.
1087 3431 1130 3456 29,
1151 3429 1180 3458 17
1217 3423 1284 3450 Cum
1299 3433 1326 3451 ei

287 3457 482 3489 obiectaretur,
507 3456 678 3491 quamobrem
704 3458 932 3486 constellationem
949 3457 1253 3494 Principisscollegiss'ct,
1275 3460 1326 3487 fra-

287 3499 356 3520 trem
375 3495 448 3520 snum
466 3492 541 3519 fuisse
555 3492 692 3518 Valentem
711 3494 856 3521 monstrare
870 3493 1013 3528 pollicitus.
1049 3494 1123 3535 Conf-
1142 3494 1283 3529 Capitolin.
1297 3496 1326 3522 i'n

288 3529 371 3556 Gord.
386 3538 408 3555 c.
422 3537 464 3556 20.
502 3527 591 3554 Sidon.
606 3528 651 3561 Ep.
665 3530 691 3560 6,
706 3537 736 3555 ιι.
792 3530 900 3558 Firmic.
917 3539 937 3563 1,
957 3539 967 3557 1
993 3531 1065 3557 Haec
1079 3529 1145 3557 Vitia
1159 3530 1242 3562 mala,
1256 3532 1326 3558 Mer-

289 3565 358 3591 curii
371 3574 429 3591 cuin
443 3564 530 3590 Marte
540 3562 642 3598 perficit
657 3563 828 3591 constellatio.
883 3565 956 3592 Idem
968 3574 996 3598 4,
1010 3575 1026 3593 2
1055 3565 1112 3593 Istis
1125 3565 1278 3593 calamitatis
1293 3567 1327 3593 la.
1340 3575 1371 3601 95

290 3601 364 3636 queis
378 3599 544 3635 implicatur,
563 3599 610 3634 qui
623 3597 669 3625 sub
682 3598 729 3625 tali
742 3606 817 3626 natus
830 3601 912 3628 fuerit
924 3600 1130 3629 constellatione.

328 3642 346 3662 c
357 3642 405 3662 ΟΝ
415 3642 538 3663 STERN
548 3642 568 3662 0
583 3654 592 3667 ,
617 3637 669 3661 ire.
706 3633 860 3667 [ἐκικλή-θα»,
889 3637 1067 3669 καταπτήσσω,
1092 3637 1223 3671 eoelum]
1264 3638 1325 3664 Τεν-

289 3680 361 3703 rerc,
374 3681 403 3697 ac
419 3677 514 3698 terrore
532 3670 574 3697 illo
588 3675 689 3697 mentem
709 3669 775 3704 quasi
790 3670 958 3705 prosternere,
971 3679 1037 3700 certe
1058 3674 1109 3700 loco
1127 3673 1194 3699 velut
1205 3679 1229 3698 et
1247 3673 1327 3709 gradu

292 3706 420 3733 dimone-re.
479 3706 539 3733 Liu.
550 3707 577 3738 6,
589 3713 606 3732 2.
632 3706 670 3732 Ita
691 3713 724 3731 ue
742 3713 796 3731 non
815 3707 918 3740 aperuit
939 3708 1022 3734 solum
1040 3707 1164 3735 incendio
1177 3708 1264 3740 viam,
1285 3708 1327 3735 sed

292 3742 404 3768 flammis
421 3741 448 3768 in
465 3741 546 3769 castra
561 3740 679 3768 tendenti
701 3748 746 3773 us,
763 3748 862 3775 vapore
879 3742 958 3768 etiam
972 3753 1000 3770 ac
1018 3744 1109 3776 fumo,
1122 3744 1276 3778 crepituque
1290 3744 1328 3770 vi-
1336 3752 1382 3771 100
1394 3746 1426 3772 de
1439 3745 1527 3772 Finib.
1542 3755 1566 3780 5,
1580 3755 1605 3777 ις
1634 3747 1692 3774 Hoc
1705 3747 1776 3774 enim
1787 3747 1929 3774 constituto
1947 3747 1979 3774 iii⁴
1992 3745 2038 3781 phi
2051 3747 2174 3781 osophia,
2187 3749 2279 3776 omnia
2295 3749 2360 3778 sunt*
2375 3741 2395 3776 θ’]

292 3776 358 3803 ridis
371 3778 496 3805 materiae
516 3776 649 3812 flagrantis
663 3776 699 3803 ita
717 3775 893 3803 consternauit
911 3776 1012 3810 hostes,
1029 3786 1058 3806 vt
1079 3779 1168 3806 minor
1185 3779 1269 3805 moles
1288 3780 1328 3805 su-

292 3812 444 3846 perantibus
463 3813 563 3839 vallum
582 3813 610 3839 in
628 3811 708 3839 castra
721 3811 880 3838 Volscorum
897 3812 1023 3840 Romanis
1043 3815 1140 3848 fuerit,
1153 3824 1230 3850 quam
1248 3820 1329 3840 trans-

293 3847 463 3874 cendentibus
477 3850 561 3882 sepem
576 3847 699 3875 incendio
711 3846 856 3874 absumtam
874 3847 967 3874 fuerat.
1038 3850 1097 3877 Liu.
1112 3856 1135 3882 8,
1147 3859 1182 3885 27
1210 3850 1327 3876 Tumul-

291 3890 374 3918 tuque
392 3883 471 3910 etiam
493 3884 565 3910 sanos
586 3884 690 3911 animos
709 3882 905 3915 consternante,
926 3883 1084 3918 decernitur,
1101 3892 1129 3912 vt
1143 3886 1249 3913 societas
1268 3894 1327 3912 cum

290 3917 451 3945 Samnitibus
464 3925 646 3947 renouaretur.

1369 998 1463 1035 fauore
1483 1002 1591 1025 attonito
1608 1000 1696 1026 Valer.
1712 1001 1781 1027 Max.
1802 1009 1827 1033 9,
1841 1009 1876 1034 15,
1890 1010 1908 1035 4
1946 1003 1976 1028 In
1996 1005 2186 1031 centumuirale
2204 1006 2335 1033 iudicium
2352 1006 2411 1040 adei,
2445 997 2451 1018 ⁴³

1367 1283 1490 1319 sternere,
1504 1287 1544 1311 uel
1556 1286 1674 1321 pluribus
1690 1285 1761 1312 rehu:
1778 1285 1880 1313 iniretis
1897 1289 1996 1325 aliquid
2006 1296 2095 1327 tegere.

1335 2682 1370 2709 70
1382 2679 1449 2701 rant.

1025 2855 1129 2881 Lucret.
1145 2863 1215 2895 2,·45
1259 2857 1320 2882 Fer·
1342 2859 1374 2888 75
1386 2853 1515 2880 frumenti
1534 2853 1657 2880 finitimis
1670 2849 1823 2881 ciuitatibus
1836 2854 1969 2890 descripsit
1989 2856 2062 2883 Caes.
2075 2856 2138 2883 Bell.
2152 2858 2234 2885 Ciuil.
2247 2867 2271 2892 3,
2285 2867 2328 2892 42.

700 3918 797 3946 Pauida
811 3923 838 3946 et
850 3917 1010 3948 consternata
1023 3921 1167 3948 multitudo
1184 3921 1244 3949 Liu.
1258 3930 1282 3956 3,
1297 3929 1381 3959 15.105
1392 3924 1445 3950 tuit
1463 3924 1489 3950 se
1508 3930 1651 3952 venturum
1676 3924 1745 3952 Ter.
1764 3924 1830 3951 Eun.
1850 3931 1871 3956 1,
1885 3931 1908 3955 2,
1920 3931 1970 3957 125.

1754 126 1790 166 c
1876 129 1914 168 o
2000 130 2042 170 Ν
2310 112 2405 193 ,192

1372 213 1442 254 stdd.
1457 221 1482 248 7,
1495 222 1539 246 42.
1569 249 1574 254 ¹
1610 213 1710 243 Sallust.
1749 237 1755 242 .
1794 236 1799 242 .
1837 236 1843 242 .
1879 217 1939 251 Qia
1952 218 2068 246 victorie.
2081 221 2143 250 elati
2161 223 2247 252 hostes
2262 226 2345 254 nostri
2356 234 2405 257 ter·

1372 251 1418 276 riti
1437 257 1515 284 atque
1533 251 1628 277 animis
1649 252 1806 278 consternati
1824 252 1966 279 discetsere.
2038 256 2135 284 Animo
2153 261 2310 288 consternati
2323 262 2406 291 homi-
2452 258 2453 264 ¹

1372 294 1417 311 nes
1440 285 1536 311 insueti
1555 284 1653 312 laboris
1679 289 1750 314 Caes.
1765 288 1827 314 Bell.
1847 289 1915 315 Gall.
1931 296 1958 324 7,
1972 297 2011 322 30.
2081 293 2111 318 In
2130 294 2217 328 fugam
2239 297 2396 326 consternari

1373 321 1426 347 vid.
1447 327 1521 347 FVG
1534 328 1562 347 Α.
1634 322 1693 348 Liu.
1712 332 1753 356 34,
1767 333 1779 356 3
1806 328 1832 350 in
1854 326 1962 351 Catonis
1976 329 2101 358 oratione,
2122 329 2193 356 Volo
2214 338 2302 358 tamen
2319 320 2407 363 audii-2

1374 356 1438 391 quid
1452 356 1489 386 sit,
1511 362 1618 391 propter
1630 357 1702 390 quod
1716 366 1850 386 niatronae
1866 361 2042 387 consternatae
2056 371 2210 396 procurrant
2223 368 2254 393 in
2266 367 2404 401 publicum.

1378 392 1602 432 Tumultualqamur
1616 395 1680 418 enim
1694 400 1817 421 matronae
1825 403 1874 431 pro
1887 397 2028 433 abroganda
2041 398 2074 424 Le
2093 408 2104 424 e
2119 400 2208 435 Oppia.
2253 403 2338 430 Cei-ua
2350 413 2406 433 eon-

1373 428 1485 454 sternata
1500 428 1545 454 Sil.
1561 436 1594 460 13,
1611 436 1674 468 134..
1734 429 1819 456 Cerua
1839 431 2001 459 consternata
2020 433 2049 459 in
2079 443 2156 468 rigam
2173 437 2199 462 se
2212 437 2325 472 proripit
2343 440 2407 469 Geli.

1375 472 1410 497 ις,
1425 472 1465 490 22.
1538 463 1677 503 Elephanti
1693 463 1762 490 Flor.
1779 474 1806 497 4,
1819 474 1840 498 2,
1854 469 1896 501 67.
1969 469 2037 503 Equi
2050 470 2248 498 consternantur
2260 473 2339 500 Ouid.
2346 475 2404 504 Met.

1375 509 1395 529 2,
1411 508 1475 539 314..
1536 499 1778 539 Equrconssernati
1792 500 1863 526 idem
1877 504 1941 530 Fast.
1955 513 1977 536 ς,
1992 514 2042 536 310.
2079 505 2149 532 Flor.
2164 515 2184 538 1,
2197 513 2222 541 7,
2234 516 2255 539 3.
2269 515 2292 534 et
2306 517 2325 541 1,
2339 515 2373 544 18,
2384 517 2406 543 8.

1374 535 1509 562 Sallustius
1522 542 1560 570 ap.
1576 536 1697 561 Priscian.
1712 541 1725 565 8
1743 545 1767 570 p.
1782 541 1827 568 830
1846 537 1915 572 Equi
1927 539 1978 566 fine
1991 540 2140 568 rectoribus
2154 543 2291 576 exterriti,
2303 551 2346 572 aut
2357 547 2408 574 sau-

1373 571 1408 598 cii
1421 571 1629 597 consternantur.
1686 571 1815 598 Timores
1830 572 1985 602 consternati
1998 577 2081 603 Ouid.
2094 577 2159 603 Met.
2172 586 2206 609 12,
2220 580 2263 605 60.
2355 579 2374 618 ff
2393 590 2410 611 ι

1375 606 1543 633 Consternati
1553 625 1561 637 ,
1575 606 1691 639 vetuste,
1706 607 1790 641 erigi,
1800 606 1826 641 st
1844 608 1965 636 credimus
1979 611 2073 639 Nonio
2089 622 2116 647 4,
2133 621 2167 647 72
2192 614 2318 641 Pacuuius
2330 616 2407 645 Dulo-

1374 642 1455 669 reste:
1494 641 1570 667 Vnde
1590 642 1729 668 exoritur?
1753 652 1807 677 quo
1826 643 1955 678 praefidio
1973 646 2072 675 fretus?
2093 648 2202 675 auxiliis
2221 649 2333 684 quibus3
2358 661 2419 688 qun-

1375 676 1486 702 consilio
1499 676 1698 704 consternatur?
1717 687 1768 712 qua
1783 679 1821 711 vi,
1834 680 1910 705 cuius
1924 681 2025 714 copiis?

1410 719 1731 740 coNSTERNATio
1746 734 1754 746 ‚
1782 715 1849 741 onis.
1885 716 2048 752 [ἓὸιπληξις]

1373 758 1449 774 mens.

1533 748 1538 752 ι
2089 718 2188 746 Subitus
2205 726 2287 747 terror
2305 727 2328 747 et
2345 722 2408 751 vrbe:
2470 716 2474 722 .

1507 748 1568 774 Liu.
1587 755 1628 783 37,
1647 757 1681 782 42
1721 750 1828 777 Auxilia
1847 751 1918 777 enim
1931 752 2096 786 subtidiaria,
2110 764 2177 789 quae
2193 756 2315 790 proxime
2332 756 2409 788 locata

1374 788 1464 816 erant,
1489 793 1588 818 pauore
1608 790 1633 811 et
1653 785 1864 813 consternatione
1883 787 2072 822 quadrigarum
2091 792 2192 824 territa,
2205 799 2251 818 ete.
2321 792 2409 825 Mulie.

1374 819 1430 846 bris
1444 819 1516 846 ldein
1530 829 1572 854 34,
1587 829 1610 846 2.
1682 821 1729 848 Ille
1744 821 1898 849 debilitatus
1912 823 2039 856 vulnere,
2054 824 2126 859 quod
2143 826 2172 853 in
2189 836 2219 853 ea
2231 826 2408 858 consternatio.
2439 836 2442 852 ³
2467 851 2474 859 ι

1375 862 1555 895 nebacceperat
1576 856 1651 882 Curt.
1666 861 1689 889 8,
1707 865 1725 888 1,
1739 866 1783 890 24.
1940 858 1961 896 fl
1981 868 1997 886 2
2034 861 2218 889 Constet-natio
2236 863 2411 895 ὠτίων-ινα,-
2456 862 2474 894 ’Σ

1375 891 1444 917 lerio
1456 900 1483 924 9,
1498 899 1524 925 7,
1537 900 1556 924 4
1570 898 1618 927 pro
1633 892 1756 919 seditione
1771 894 1811 920 ve!
1824 895 1946 927 tumultu,
1963 895 2135 923 Creditorum
2150 906 2257 933 quoque
2274 898 2410 931 consterna.

1375 927 1415 954 tio
1449 927 1572 954 aduersus
1603 928 1754 962 Sempronii
1778 929 1919 956 Asellionis
1936 931 2065 958 Praetoris
2086 932 2188 959 Vrbani
2214 940 2290 969 caput
2317 932 2410 966 exat-fii,

1375 962 1449 998 Cous.
1466 963 1558 990 Tacit.
1573 964 1641 989 Ann.
1657 973 1677 996 1,
1692 973 1730 998 39,
1744 973 1770 997 4.
1786 971 1809 990 et
1822 974 1843 991 c.
1857 968 1898 998 63,
1911 975 1933 998 3.
1953 969 1982 992 it.
1996 967 2063 993 Hist.
2086 977 2107 1001 1,
2125 974 2162 1001 83,
2183 977 2211 1010 73
2243 971 2281 996 De
2293 968 2412 1005 stgdl'flac
2446 961 2451 998 Ἴ,

1375 1033 1533 1061 fauorabilis
1551 1034 1702 1068 descendit,
1722 1042 1750 1062 vt
1769 1037 1814 1062 vix
1833 1036 1908 1064 iustis
1928 1044 1954 1064 et
1973 1039 2064 1074 aequis
2086 1040 2222 1067 sententiis
2244 1041 2412 1075 consternatio
2445 1065 2448 1072 .

1375 1070 1469 1105 populi
1483 1070 1569 1096 vllum
1582 1071 1747 1106 relinqueret
1761 1072 1858 1099 locum.
1931 1073 2132 1109 consternatio,
2145 1079 2231 1112 inquit
2246 1077 2342 1110 Festus,
2353 1088 2369 1114 q

1375 1106 1411 1133 est
1427 1105 1579 1133 concitatio
1593 1107 1721 1141 quaedam
1734 1107 1819 1135 subita
1832 1117 1863 1135 ex
1882 1108 1972 1144 aliquo
1986 1117 2057 1137 metu
2066 1131 2072 1142 ,
2089 1120 2104 1138 a
2116 1112 2322 1140 sternutamento
2339 1113 2370 1142 de
2445 1134 2448 1138 ι
2460 1130 2474 1144 ·.

1376 1141 1417 1169 &a
1430 1142 1482 1174 est,
1502 1141 1575 1176 quod
1589 1151 1622 1168 eo
1636 1148 1694 1169 toto
1708 1144 1876 1171 concutimur
1889 1154 2010 1180 corpore.
2045 1148 2135 1174 Minus
2151 1155 2258 1185 nugatus
2271 1142 2370 1185 ‘ffi’lafi
2380 1150 2413 1180 db
2446 1155 2458 1177 l·

1374 1176 1462 1247 xiffist,
1475 1177 1601 1250 stji'mere'
1617 1179 1799 1212 consterna-te,
1817 1180 1950 1209 sternuere
1966 1181 2010 1216 eff}
2026 1183 2132 1210 ciusdem
2153 1187 2277 1222 originir,
2290 1192 2314 1212 et
2332 1180 2414 1224 cognid-

1373 1220 1413 1240 tac
1443 1222 1494 1249 lgm
1515 1217 1631 1240 cationis.

1412 1255 1429 1276 c
1441 1256 1459 1276 o
1469 1257 1490 1275 N
1501 1255 1513 1276 s
1523 1255 1545 1276 T
1555 1257 1572 1276 E
1583 1257 1600 1276 R
1611 1257 1632 1276 Ν
1642 1257 1661 1276 0
1676 1270 1685 1283 ,
1708 1249 1789 1277 strant
1797 1270 1804 1282 ‚
1829 1251 1936 1278 stratum
1945 1272 1953 1286 ‚
1980 1253 2104 1281 sternere.
2141 1254 2292 1290 [ςρῶννυμι]
2331 1253 2414 1287 Totus-

1553 1321 1557 1325 ·
2156 1292 2206 1325 Vt,
2226 1292 2300 1327 Virg.
2316 1293 2377 1320 Aen.
2388 1301 2421 1330 4,
2450 1297 2460 1324 ζ·

1374 1330 1432 1355 444
1472 1322 1496 1347 It
1515 1320 1627 1354 stridor,
1641 1327 1666 1348 et
1685 1321 1737 1348 alte
1758 1323 1935 1351 Consternunt
1949 1331 2047 1352 terram
2070 1327 2190 1353 concusso
2205 1327 2294 1362 stipite
2305 1329 2414 1358 frondeo.

1375 1356 1471 1392 Campi
1491 1357 1693 1384 consternuntur
1712 1357 1799 1385 milite
1818 1358 1863 1385 Sil.
1880 1368 1899 1391 1,
1919 1368 1968 1394 125.
2038 1362 2289 1390 Contabulationem
2308 1360 2414 1395 conster-
2454 1367 2460 1389 ⁴.

1375 1401 1439 1420 nere
1456 1393 1587 1427 lapidibus
1606 1393 1716 1428 lutoque
1736 1394 1807 1421 Caes.
1824 1395 1886 1421 Bell.
1901 1396 1983 1423 Ciuil.
1999 1405 2025 1429 2,
2040 1407 2065 1430 9.

1375 1429 1456 1464 paleis
1471 1429 1598 1456 constrata
1612 1429 1744 1456 Columel.
1761 1435 1784 1462 8,
1798 1438 1820 1463 5,
1834 1439 1856 1463 3.

1375 1465 1453 1492 strata
1467 1464 1515 1491 fint
1528 1464 1600 1491 Idem
1614 1473 1641 1500 7,
1656 1474 1679 1498 3,
1693 1470 1715 1495 8.

1375 1501 1437 1536 pide
1455 1501 1521 1527 Plin.
1540 1509 1578 1534 17,
1593 1509 1627 1527 ιι.

2136 1398 2247 1426 Cubilia
2262 1399 2413 1434 gallinarum

1928 1432 2057 1460 Filicibus
2075 1433 2117 1460 vel
2135 1434 2228 1462 culmis
2241 1435 2339 1463 stabula
2358 1445 2417 1466 com

1724 1501 1729 1506 ι
1774 1466 1896 1506 'scrobes
1916 1468 2081 1496 consternere
2102 1471 2209 1504 perticis
2224 1472 2330 1506 salignis
2345 1468 2416 1501 etli-

1698 1502 1753 1528 Cic.
1772 1511 1801 1528 in
1811 1503 1882 1531 Arat.
1896 1511 1948 1539 437
1986 1504 2034 1531 Ille
2047 1506 2124 1540 graui
2142 1507 2260 1534 moriens
2278 1508 2414 1537 consti-anit

1374 1545 1487 1572 corpore
1507 1542 1614 1563 terram.
1663 1572 1668 1576 .
1686 1536 1804 1564 Terram
1825 1539 1991 1567 consternere
2005 1547 2097 1576 terge,
2117 1542 2235 1578 Supinum
2253 1546 2332 1571 iacere
2343 1544 2413 1580 Virg.
2450 1566 2452 1572 ,

1375 1573 1441 1599 Aen.
1458 1580 1496 1604 12,
1510 1580 1565 1605 543.
1637 1572 1693 1598 Cic.
1708 1572 1741 1598 de
1753 1573 1845 1600 Diuin.
1862 1582 1882 1607 1,
1895 1577 1930 1608 69
1947 1584 1968 1602 c.
1983 1585 2014 1608 32
2054 1577 2124 1604 Nam
2138 1585 2164 1604 et
2184 1587 2216 1605 ex
2230 1579 2334 1607 horreis
2350 1579 2414 1608 dire-

1376 1607 1630 1644 ptum,effusumque
1645 1608 1819 1641 frumentum,
1832 1611 1887 1637 vias
1900 1614 2223 1649 ornnes‚angiportusque
2237 1615 2415 1644 constraumt.
2450 1620 2451 1635 ³

1413 1650 1430 1671 c
1441 1651 1460 1671 o
1470 1651 1492 1670 N
1503 1651 1515 1671 s
1525 1650 1546 1669 T
1556 1651 1575 1670 R
1585 1644 1609 1670 et
1616 1651 1637 1670 T
1647 1651 1668 1671 ν
1677 1651 1701 1676 s,
1709 1653 1733 1677 a,
1741 1654 1795 1671 um.
1815 1646 1908 1672 Partic.
1930 1647 2079 1684 [ἕςρωμένος]
2100 1650 2203 1677 Praeter
2216 1648 2287 1678 desta
2304 1651 2358 1680 Cic.
2368 1647 2415 1688 piu

1376 1680 1444 1707 Sext.
1460 1685 1488 1712 85
1508 1688 1529 1706 c.
1544 1687 1575 1712 39
1594 1680 1693 1707 Forum
1707 1680 1863 1715 corporibus
1878 1682 1979 1709 ciuium
1992 1684 2175 1717 Romanorum
2195 1687 2352 1715 constratum
2361 1695 2415 1724 eae·

1376 1715 1409 1741 de
1426 1715 1564 1742 nocturna.
1639 1716 1791 1743 Constratae
1804 1726 1901 1750 naues,
1922 1728 1982 1755 quae
1995 1718 2170 1753 catastromata
2182 1723 2208 1758 s.
2226 1723 2336 1751 tabulata
2351 1722 2417 1751 lmbae-
2449 1749 2452 1761 ,

1376 1751 1453 1783 bant,
1465 1760 1526 1786 quas
1539 1750 1633 1776 Caesar
1648 1751 1821 1788 TeHassaepe
1835 1761 1916 1780 vocat.
1953 1754 2008 1782 Cic.
2025 1757 2102 1783 Vei-r.
2117 1765 2140 1790 5,
2155 1766 2197 1790 103
2218 1768 2240 1785 c.
2254 1768 2288 1792 34
2315 1755 2417 1787 Potero-

1376 1795 1409 1813 ne
1423 1787 1451 1813 iri
1464 1795 1509 1812 cos
1522 1786 1570 1811 effe
1587 1784 1744 1825 vehemens,
1765 1788 1813 1822 qui
1831 1797 1911 1816 naues
1929 1790 2019 1817 inanes
2033 1800 2086 1818 non
2106 1792 2188 1819 modo
2205 1793 2420 1827 habam-unum

1377 1822 1459 1849 etiam
1477 1822 1593 1856 apertas?
1624 1830 1652 1847 ιιι
1665 1831 1727 1848 euni
1746 1822 1898 1857 dissolutus,
1912 1825 1960 1859 qui
1977 1826 2047 1853 solus
2061 1826 2187 1855 habuerit
2205 1828 2361 1858 consti-atain
2376 1838 2418 1859 nn-
2455 1838 2458 1843 “

1377 1866 1454 1889 vem,
1467 1863 1493 1883 et
1509 1857 1596 1883 minus
1614 1857 1792 1885 exinanitam?
1834 1861 1997 1896 opponuntur
2019 1862 2146 1897 Apertae,
2161 1871 2190 1891 vt
2207 1866 2268 1892 hinc
2285 1866 2420 1904 intellig-ar,

1377 1892 1567 1920 constratarum
1586 1896 1681 1919 nomine
1702 1903 1750 1920 non
1769 1896 1834 1920 alias
1851 1896 1976 1932 intelligi,
1994 1906 2066 1933 quam
2085 1898 2194 1926 Tectas.
2240 1902 2283 1929 Sic
2298 1903 2372 1929 Hirt.
2389 1900 2421 1930 do

1377 1928 1442 1955 Bell.
1456 1928 1530 1955 Alex.
1546 1936 1574 1963 17
1601 1928 1754 1964 Magnoque
1767 1929 1868 1964 impetu
1881 1938 1995 1965 quatuor
2006 1933 2038 1959 ad
2052 1942 2110 1960 eam
2122 1935 2267 1964 constratae
2286 1946 2365 1965 naues
2373 1958 2383 1971 ‚
2396 1942 2422 1968 et

1377 1965 1527 2000 complures
1540 1970 1644 1999 apertae
1660 1964 1860 1992 contenderunt.
1898 1967 1972 2002 Conf.
1987 1969 2061 1995 Curt.
2074 1978 2101 2001 9,
2114 1979 2153 2003 10,
2165 1979 2205 2004 25.
2420 1979 2427 1985 “

1413 2008 1430 2028 c
1438 2007 1457 2027 o
1467 2007 1488 2026 N
1499 2008 1511 2027 s
1521 2007 1541 2027 T
1551 2007 1569 2027 R
1578 2001 1602 2026 Ᾱ
1610 2007 1631 2027 Τ
1640 2007 1661 2026 ν
1670 2006 1695 2026 Μ
1703 2019 1711 2032 ,
1729 2001 1748 2027 i.
1772 2010 1798 2027 n.
1834 2002 1939 2029 Petron.
1956 2012 1978 2030 c.
1993 2012 2039 2030 100
2064 2005 2231 2034 Constratum
2243 2008 2327 2036 nauis.
2359 2008 2422 2037 Liu.

1379 2045 1421 2070 30,
1435 2045 1463 2063 10
1482 2036 1620 2062 Constrata
1634 2037 1765 2071 pontium.

1413 2079 1430 2100 c
1440 2079 1458 2099 ο
1467 2078 1490 2097 Ν
1499 2079 1511 2098 s
1522 2080 1543 2099 T
1552 2079 1571 2098 R
1579 2073 1628 2098 ᾹΤ
1638 2079 1657 2099 0
1666 2079 1685 2099 R
1694 2092 1702 2105 ‚
1723 2072 1786 2099 oris.
1807 2081 1842 2100 m.
1879 2073 1977 2100 Auson.
1986 2073 2082 2106 Eidyll.
2097 2084 2132 2103 12.

1412 2115 1429 2136 c
1439 2115 1458 2135 ο
1467 2114 1489 2134 N
1499 2115 1512 2134 s
1521 2115 1542 2135 T
1552 2115 1561 2134 1
1570 2115 1595 2135 Μ
1604 2105 1624 2133 x?
1634 2114 1651 2134 ι,
1663 2115 1681 2135 o
1691 2128 1699 2141 ,
1720 2112 1772 2135 are.
1810 2109 1924 2136 Hieron.
1946 2115 1972 2137 et
1991 2110 2101 2138 Firmic.

1415 2145 1795 2177 c0N3T1MVLA'TOR,
1815 2144 1879 2172 oris.
1906 2155 1942 2172 m.
1979 2146 2088 2181 August.

1413 2184 1430 2203 c
1442 2182 1461 2202 Ο
1471 2184 1494 2203 Ν
1504 2185 1516 2203 s
1525 2185 1547 2204 T
1557 2179 1570 2203 ῐ
1579 2184 1594 2202 P
1602 2184 1623 2216 ρ
1638 2196 1646 2210 ,
1659 2183 1721 2217 are.
1758 2181 1769 2211 [
1781 2179 1849 2213 ι-όφω
1862 2183 1874 2214 ]
1911 2181 2044 2218 &pn-‘ficar
2063 2181 2225 2219 Condenfitre.
2267 2183 2340 2212 Caes.

1378 2211 1457 2251 Gall..
1467 2220 1490 2245 5,
1508 2220 1541 2246 43
1572 2213 1624 2239 Hic
1639 2212 1694 2239 dies
1707 2214 1803 2240 nostris
1819 2215 1898 2250 longe
1910 2217 2075 2251 grauiffimus
2089 2218 2156 2245 fuit:
2190 2218 2235 2246 sed
2249 2224 2338 2247 tamen

1377 2246 1473 2287 habuit
1488 2253 1629 2280 euentum,
1651 2254 1679 2276 vt
1693 2258 1726 2276 eo
1740 2249 1782 2285 die
1794 2258 1903 2285 magnus
1922 2261 2047 2280 numerus
2059 2253 2177 2281 hostium
2190 2255 2343 2284 vulneraret

1378 2292 1430 2317 que
1450 2283 1659 2317 interficeretur,
1679 2291 1708 2311 vt
1725 2285 1750 2311 se
1768 2285 1815 2312 sub
1832 2286 1890 2321 ipso
1908 2288 1980 2315 vallo
1999 2288 2226 2324 constipauerant‚
2246 2289 2331 2318 reee‘is

1378 2319 1472 2353 primis
1485 2320 1574 2346 vltimi
1587 2329 1642 2346 non
1657 2320 1762 2347 dabant.
1834 2323 1889 2349 Cic.
1903 2323 1935 2350 de
1947 2325 2017 2359 Lege
2031 2326 2124 2360 Agrar.
2136 2334 2163 2359 2,
2176 2333 2211 2361 79
2232 2336 2253 2358 c,
2269 2336 2304 2360 29
2329 2327 2344 2355 S
2358 2327 2361 2334 “

1379 2354 1522 2395 constipari
1537 2355 1645 2390 quidem
1663 2362 1766 2383 tantum
1777 2366 1919 2386 numerum
1933 2359 2074 2388 hominum
2086 2362 2156 2397 poffe
2169 2362 2199 2394 in
2212 2371 2306 2399 agrum
2318 2358 2378 2395 Catii
2401 2395 2404 2397 ,
2445 2395 2449 2397 ‚

1380 2397 1446 2414 num
1458 2391 1620 2425 intelligetis.
2386 2416 2396 2429 ι,
2450 2403 2451 2408 ’

1418 2429 1436 2449 c
1447 2430 1496 2464 oN
1507 2432 1702 2453 STIPATVS
1717 2447 1725 2459 ,
1750 2435 1780 2459 a,
1806 2436 1861 2454 um.
1897 2430 1992 2457 Partic.
2035 2432 2151 2468 Metaph.
2182 2434 2256 2461 Inter
2284 2427 2418 2470 connipin
2438 2441 2452 2468 ⁴.

1382 2457 1484 2491 officia,
1510 2462 1530 2485 i.
1547 2460 1696 2495 frequentia
1713 2462 1791 2489 Prud.
1809 2463 1898 2490 Pcrist.
1921 2472 1953 2496 11,
1967 2473 2013 2498 49.
2366 2491 2369 2494 .

1418 2501 1435 2522 c
1445 2500 1465 2521 o
1477 2502 1499 2521 Ν
1508 2502 1521 2522 s
1531 2502 1552 2522 T
1561 2502 1571 2521 1
1580 2502 1626 2525 ΡΑ
1635 2502 1704 2522 Tio
1713 2515 1723 2528 ‚
1742 2498 1810 2523 onis.
1828 2498 1849 2525 f.
1885 2500 2018 2527 Ammian.
2032 2502 2102 2533 26‚6
2119 2502 2286 2538 constipatio
2299 2504 2422 2538 militum.
2438 2518 2440 2527 ·

1381 2530 1488 2565 Vopisc.
1506 2531 1595 2558 Aurel.
1611 2540 1632 2557 c.
1646 2539 1683 2557 21.

1419 2573 1436 2594 C
1445 2573 1465 2594 Ο
1474 2573 1496 2593 Ν
1505 2573 1517 2592 S
1525 2573 1547 2593 T
1556 2574 1565 2593 1
1574 2574 1595 2593 'r
1603 2573 1624 2592 V
1635 2573 1655 2593 0
1666 2587 1674 2599 ,
1695 2566 1740 2600 ui,
1766 2569 1841 2595 situm
1849 2587 1857 2599 ,
1875 2568 1928 2596 ἐκ.
1966 2570 2120 2602 [truvo-olam,
2136 2571 2273 2608 xafflenpu,
2292 2567 2426 2606 diaria-u,

1381 2601 1526 2636 τάττσμοιι,
1541 2601 1700 2636 βκλεύομαι]
1735 2604 1819 2630 Primo
1832 2610 1910 2631 totum
1915 2602 2027 2637 statuere
2038 2604 2185 2642 fignificat,
2197 2609 2222 2644 s.
2233 2616 2340 2644 ponere,
2351 2609 2428 2636 Collo·-

1381 2647 1446 2665 σαι-ι’.
1484 2638 1558 2665 Caes.
1573 2638 1637 2665 Bell.
1654 2637 1722 2664 Gall.
1736 2647 1762 2671 2,
1780 2648 1809 2673 19
1827 2641 1899 2667 Intra
1911 2640 2001 2667 siluam
2015 2641 2098 2668 aciem
2112 2642 2271 2678 ordinesque
2288 2643 2451 2672 constitue-i·—

1522 2675 1591 2701 Meta
1609 2674 1634 2701 h.
1654 2673 1844 2703 constituitote
1865 2675 1944 2703 vobis
1963 2682 2024 2703 ante
2038 2677 2130 2704 oculos
2147 2678 2226 2705 huius
2243 2679 2323 2706 etiam
2336 2677 2474 2707 miserie-³1¹

1384 2709 1543 2736 senectutem
1564 2711 1619 2737 Cic.
1633 2719 1682 2744 pro
1696 2709 1766 2737 Cael.
1780 2718 1815 2746 79
1834 2720 1856 2738 c.
1871 2720 1911 2744 32.
1981 2713 2127 2740 Hominem
2147 2720 2206 2742 ante
2226 2715 2303 2750 pedes
2319 2717 2355 2751 Q
2370 2709 2425 2743 Μὶ-
2438 2718 2459 2742 ι’

1384 2745 1462 2777 nilii,
1478 2746 1525 2780 qui
1540 2751 1597 2773 tum
1611 2752 1667 2772 erat
1680 2746 1843 2780 Triumuir,
1856 2747 2019 2775 constituunt
2032 2748 2088 2776 Cic.
2101 2758 2152 2784 pro
2158 2750 2262 2778 Cluent.
2275 2756 2313 2784 38.
2352 2747 2422 2780 Tau-

1941 2783 2086 2812 Constituit
2099 2786 2127 2812 in
2144 2785 2267 2814 ordinem
2280 2785 2423 2823 elephante·
2438 2798 2440 2808 ·
2472 2805 2474 2811 .

1788 2818 1934 2846 Constituit
1951 2819 2047 2847 horrea
2066 2821 2145 2848 certis
2163 2821 2245 2856 iocis,
2257 2821 2423 2859 noluntque
2446 2828 2450 2849 t

1385 2889 1474 2916 locum
1495 2889 1608 2916 alicuius
1629 2889 1747 2925 aliquem
1769 2890 1825 2917 Cic.
1839 2891 1916 2917 Verr.
1937 2899 1957 2925 1,
1979 2898 2024 2926 77.
2093 2893 2125 2919 In
2144 2893 2239 2929 aliquo
2254 2858 2448 2928 munerejfflff

1387 2933 1468 2960 quem
1486 2924 1561 2952 Idem
1581 2925 1613 2952 de
1633 2926 1709 2953 Petit.
1729 2925 1807 2953 Cons.
1826 2934 1860 2959 29
1880 2935 1902 2953 c.
1915 2935 1941 2960 9.
1995 2928 2026 2954 Et
2045 2927 2138 2962 Omiffiz
2152 2929 2347 2966 praepositione,
2369 2926 2419 2965 Gk·
2438 2939 2441 2952 ¹

1387 2962 1459 2988 Fam.
1479 2968 1514 2993 15,
1532 2971 1550 2995 4
1584 2961 1702 2988 Maxima
1733 2961 1802 2996 apud
1817 2971 1907 2997 regem
1938 2961 2098 2990 aquritate
2128 2965 2266 3001 gratiaque
2295 2964 2411 3002 consti&

1386 2994 1408 3032 q
1434 3005 1450 3023 2
1485 2996 1665 3028 Constituere,
1683 2996 1786 3033 firmam
1805 2999 1956 3024 voluntatem
1973 3005 2061 3032 notat,
2080 3000 2207 3034 statuere,
2223 3007 2372 3037 proponere,

1386 3041 1492 3059 cernere.
1528 3033 1596 3060 Ter.
1610 3032 1716 3060 Phorm.
1730 3042 1757 3066 4,
1770 3041 1793 3066 3,
1806 3039 1836 3068 71
1857 3033 1927 3060 Nani
1939 3033 1979 3060 illi
1992 3033 2061 3062 mihi
2075 3034 2164 3063 dotem
2178 3036 2230 3064 iani
2239 3037 2351 3064 constitu
2380 3066 2384 3073 ,
2398 3031 2409 3066 ‘.

1387 3067 1459 3095 dare.
1530 3069 1606 3103 Virg.
1620 3069 1683 3095 Aen.
1700 3077 1718 3101 1,
1730 3077 1780 3102 309
1799 3069 1855 3103 Qii
1867 3074 1972 3096 teneant
1985 3073 2064 3102 (nam
2077 3071 2176 3099 inculta
2188 3073 2279 3105 videt)
2299 3073 2374 3100 hom

1387 3113 1437 3137 ne,
1451 3103 1573 3137 feraene,
1594 3105 1728 3138 Quaerere
1747 3104 1890 3131 constituit.
1961 3106 2096 3139 Qantum
2116 3109 2243 3142 pecuniae
2256 3104 2411 3145 quaeque¹
2436 3107 2437 3110 ’

1388 3139 1456 3167 vius
1470 3139 1558 3172 daret,
1578 3139 1705 3167 Aristides
1719 3139 1833 3167 delefihis
1848 3140 1894 3173 est,
1907 3140 1953 3176 qui
1968 3139 2139 3170 constitueret
2147 3143 2215 3179 Nep.
2228 3153 2251 3177 3,
2263 3153 2286 3177 3,
2304 3150 2329 3171 ι.’

1389 3175 1422 3202 de
1429 3175 1522 3202 Diuin.
1539 3184 1559 3208 ι,
1572 3181 1603 3206 82.
1623 3176 1669 3203 Dii
1680 3176 1750 3203 noni
1788 3182 1865 3203 orant
1879 3185 1918 3209 ea,
1927 3185 1994 3212 quae
2006 3177 2040 3204 ab
2055 3178 2116 3213 ipsis
2128 3179 2268 3208 constituta
2279 3187 2305 3207 et
2317 3179 2366 3208 des
2406 3206 2408 3208 .

1389 3217 1416 3239 ta
1429 3211 1496 3238 sunt.
1567 3211 1735 3239 Constituere
1758 3211 1797 3238 ibi
1811 3212 1920 3247 aliquod
1933 3221 2014 3248 genus
2025 3215 2117 3241 aetatis
2128 3214 2260 3251 degendae
2273 3215 2328 3243 Cic.
2340 3214 2410 3243 Οἷν

1391 3255 1441 3282 ιι7.
1514 3247 1570 3274 Nec
1589 3248 1649 3274 satis
1666 3247 1826 3274 constituere
1845 3248 1944 3282 poffiuii
1964 3249 2038 3284 quid,
2057 3257 2103 3277 etc.
2122 3251 2194 3278 Idem
2212 3251 2290 3279 Acad.
2311 3261 2340 3286 4,
2367 3247 2437 3284 ,“’·“

1389 3282 1477 3309 Serius
1492 3291 1570 3317 quam
1585 3283 1755 3310 constituerat
1774 3283 1812 3310 Id.
1826 3284 1862 3317 Q
1877 3285 1945 3311 Frat.
1963 3293 1987 3318 3,
2008 3293 2026 3311 ι.
2097 3286 2154 3313 Cic.
2170 3287 2224 3314 Off.
2237 3296 2258 3320 1,
2270 3296 2287 3321 9
2311 3284 2385 3320 Illud=

1390 3318 1445 3345 iam
1460 3318 1561 3352 ingenii
1576 3319 1664 3354 magni
1677 3319 1730 3352 est,
1748 3319 1900 3354 praecipere
1912 3320 2074 3356 cogitatione
2085 3321 2187 3355 futura,
2200 3329 2226 3350 et
2238 3323 2379 3358 aliquant&
2395 3320 2415 3350 .’

1390 3359 1416 3381 te
1432 3354 1608 3387 constituere,
1623 3355 1688 3390 quid
1700 3354 1817 3382 accidere
1828 3355 1901 3390 poffit
1914 3356 1942 3383 in
1953 3362 2093 3392 vtramque
2105 3364 2223 3392 partem,
2237 3365 2263 3386 et
2279 3357 2343 3394 quid
2352 3355 2396 3387 ιν]
2422 3390 2424 3394 .

1814 3391 1819 3395 “
1913 3393 1950 3418 Ex
1967 3401 1996 3418 re
2016 3398 2042 3419 et
2060 3401 2091 3419 cx
2109 3399 2228 3428 tempore
2241 3393 2344 3429 aliquid
2382 3397 2396 3412 ·’

1391 3425 1461 3452 Fani.
1478 3434 1513 3458 12,
1529 3435 1565 3458 19.
1613 3427 1651 3453 De
1665 3435 1694 3454 re
1707 3426 1795 3462 aliqua
1807 3426 1910 3461 aliquid
1924 3427 2019 3454 Balbus
2033 3428 2160 3456 Ciceroni
2173 3427 2225 3456 Att'.
2235 3439 2263 3463 9,
2276 3436 2298 3461 8.
2356 3459 2363 3463 „
2375 3456 2391 3466 .

1391 3461 1508 3488 munitcr
1527 3461 1686 3489 constituere
1705 3461 1737 3488 de
1754 3462 1842 3489 reditu
1861 3462 1973 3489 alicuius
1994 3463 2051 3490 Cic.
2066 3464 2098 3490 ad
2113 3465 2186 3492 Brut.
2199 3467 2224 3492 6.
2295 3464 2367 3496 idem

1391 3497 1496 3524 Cluent.
1510 3501 1537 3527 83
1558 3499 1616 3524 Hoc
1634 3497 1770 3533 postquam
1789 3498 1884 3524 caeteri
1903 3499 2124 3533 comprobarunt,
2143 3509 2174 3527 ex
2191 3501 2313 3528 omnium
2330 3501 2346 3528 s
2347 3514 2408 3533 -

1390 3533 1426 3560 tia
1442 3532 1612 3559 constitutum
1626 3533 1681 3566 est,
1697 3533 1757 3559 satis
1772 3533 1860 3560 videri
1876 3534 1924 3560 css‘e
1937 3534 2090 3569 quaesitum.
2138 3537 2168 3562 Et
2180 3536 2251 3563 Fam.
2267 3542 2291 3569 8,
2304 3543 2319 3571 ς
2394 3533 2417 3540 ’“

1390 3567 1435 3594 etfi
1449 3567 1495 3594 hac
1510 3568 1541 3594 dc
1561 3578 1588 3595 re
1601 3575 1666 3603 puto
1682 3574 1707 3595 te
1722 3568 1907 3602 constitutum,
1916 3569 1980 3605 quid
1993 3570 2111 3597 facturus
2125 3571 2200 3603 esses,
2214 3571 2320 3598 habere.
2376 3590 2379 3591 ν

1392 3605 1468 3631 Verr.
1486 3612 1506 3635 1,
1520 3613 1556 3636 42
1593 3604 1663 3631 Mihi
1682 3604 1753 3630 enim
1771 3605 1966 3640 properandum
1977 3606 2118 3633 necessario
2131 3605 2182 3638 est,
2198 3613 2225 3633 vt
2238 3607 2328 3634 omnia
2338 3603 2410 3636 νο’“”“,

1393 3648 1459 3675 quae
1473 3639 1541 3665 milii
1555 3640 1695 3667 constituta
1706 3641 1774 3673 sunt,
1785 3640 1874 3675 poffim
1889 3650 2028 3676 exponere.
2065 3641 2106 3668 sie
2113 3641 2292 3670 Constitutuin
2304 3641 2340 3670 est
2356 3639 2404 3670 ··';'

1393 3675 1450 3702 Cic.
1472 3675 1524 3700 Att.
1545 3682 1571 3709 7,
1593 3684 1619 3710 7.
1640 3680 1657 3701 ι’.
1677 3683 1744 3702 certo
1765 3676 1871 3703 decreui.
1942 3676 2044 3704 Deinde
2062 3684 2095 3702 ex
2114 3677 2250 3705 sensilibus
2269 3677 2316 3713 qui
2337 3677 2420 3710 s-wjss

1393 3710 1461 3746 posse
1473 3712 1557 3737 creari
1575 3711 1738 3738 constituunt
1751 3711 1828 3738 Lucr.
1841 3720 1867 3743 2,
1883 3715 1977 3744 901.'‘i'.
1997 3718 2010 3738 t
2059 3721 2114 3737 uam
2129 3721 2221 3740 certum
2229 3719 2333 3749 ponunt.
2404 3724 2408 3729 ·

1386 2791 1445 2808 rum
1458 2787 1517 2808 ante
1532 2790 1587 2809 aras
1606 2782 1682 2816 Virg.
1696 2783 1761 2809 Aen.
1778 2790 1801 2816 5,
1814 2790 1871 2818 237.

1385 2817 1459 2844 Hirt.
1476 2817 1508 2844 de
1522 2817 1586 2844 Bell.
1601 2818 1659 2844 Afr.
1674 2825 1717 2852 27.

2412 2983 2420 2995 q
2438 2974 2442 2989 1

1394 3781 1492 3808 stituta.
1565 3781 1637 3808 Idem
1654 3783 1727 3810 Fam.
1742 3791 1765 3815 r,
1781 3789 1798 3816 7
1828 3782 1907 3816 Quod
1927 3781 2047 3818 quando,
2060 3788 2086 3808 et
2103 3783 2252 3818 quomodo.
2263 3789 2290 3811 et
2301 3790 2347 3819 pet
2364 3793 2384 3810 =1
2398 3785 2408 3801 f*

1394 3817 1525 3852 agendum
1544 3816 1589 3850 fit,
1610 3824 1639 3845 tu
1647 3818 1760 3853 Optime
1773 3818 1922 3844 constitues.
1991 3816 2032 3843 Sic
2046 3818 2221 3852 constituunt,
2235 3819 2269 3846 tic
2287 3817 2390 3854 consil
2406 3847 2418 3855 ,
2448 3823 2465 3838 ·'

1394 3853 1461 3880 Tac.
1476 3853 1566 3880 Germ.
1579 3861 1611 3886 ιι,
1625 3863 1644 3886 3.
1715 3853 1771 3880 Cic.
1785 3852 1816 3879 de
1829 3854 1903 3880 Orat.
1917 3860 1938 3884 1,
1953 3853 1998 3885 265
2019 3852 2084 3880 Sane
2098 3854 2194 3881 vellem
2206 3863 2261 3881 non
2271 3850 2364 3881 consti
2380 3858 2411 3883 ἦρι,

1393 3888 1422 3915 in
1435 3889 1619 3915 Tusculanum
1636 3898 1679 3916 me
1693 3887 1774 3915 hodie
1792 3894 1933 3915 venturum
1952 3888 2001 3915 ess'e
2018 3889 2118 3916 Laelio.
2189 3889 2279 3922 Dixit,
2290 3894 2317 3916 et
2334 3897 2372 3926 ,cg

2040 3924 2234 3953 Constitui-nm
2250 3931 2280 3952 vt

2372 3900 2401 3912 Ν.
