2474 4182
49 153 118 194 397
431 116 712 171 APP‘

49 232 68 256 i.
81 231 108 254 in
120 226 235 253 iudicium
247 227 372 250 vocentur.
409 221 440 247 Et
452 219 541 255 Stupri
553 218 627 246 causa
640 225 718 253 quem
731 216 862 252 appellare
873 217 961 245 Valer.
975 218 1045 246 Max.
1054 221 1081 252 6,

54 273 62 292 1
97 271 126 289 ιι.
166 260 233 287 Add.
247 259 351 292 leian.
370 257 386 283 l.
400 265 425 290 15
445 256 472 283 ff.
496 256 529 283 de
549 253 655 281 iniuriis
676 251 699 289 §
714 262 748 279 20
771 254 910 288 Appellare
931 255 967 281 est
986 255 1081 281 blanda

51 284 169 326 nimione
186 294 340 330 pudicitiam
359 293 467 319 alterius
481 291 621 319 adtentare.
636 315 641 317 ‚
654 289 685 314 Et
698 287 720 325 ᾗ.
737 297 769 314 22
779 290 870 329 'Aliud
890 291 931 316 el'e
940 291 1080 325 appellare,

51 333 120 362 aliud
135 331 256 359 affectari.
294 329 413 364 Appellat
426 328 512 360 enim,
528 325 573 360 qui
586 325 706 350 sermone
721 323 877 362 pudicitiam
891 333 1009 358 attentat,
1023 327 1081 352 asse-

34 383 36 388 ν
53 369 149 399 fiatur,
163 367 209 402 qui
223 366 317 392 tacitus
328 366 479 399 frequenter
492 360 616 395 sequitur.
653 359 726 395 Conf.
747 363 769 396 9.
788 369 821 393 ις,

34 409 36 415 ’
52 404 146 440 pellare
159 403 190 429 de
203 402 293 436 stupro
308 399 436 434 Qiinelil.
449 407 477 431 4,
489 406 515 436 2’.
530 401 570 428 98·
600 394 675 435 'Add
693 396 781 422 Valcr.
796 399 866 423 Max.
880 401 911 429 6,
928 407 954 430 ι,
968 406 992 432 7.
1030 398 1080 430 Ap-

51 439 147 477 pellare
165 438 282 472 aliquem
300 437 329 463 in
348 435 438 462 litibus
455 430 618 473 aestimandis
634 432 690 458 Cic.
712 441 761 465 pro
777 432 868 460 Rabir.
882 434 966 459 Potih.
982 441 998 464 9
1019 441 1040 458 c.
1053 440 1080 464 4.

2 486 8 543 ἶ
21 499 37 543 l
51 474 263 538 atocrzgruscvrceic·
283 465 1081 543 prtlijtgiiintqrggnogignriild³iaiiibild‘ii'tl'cdiiijgizlieliuapsselliis.

51 588 76 610 ct
89 591 130 610 ine
143 587 171 608 vt
185 581 333 616 sponsorem
347 574 465 611 appellat.
501 574 598 608 Neque
618 574 650 600 de
669 576 738 601 sorte
752 585 910 610 quemquam
928 574 1080 600 debitorum

51 619 174 649 suorum,
193 624 276 650 neque
295 613 326 639 de
344 612 419 638 vsura
438 618 452 635 a
471 609 523 635 suis
542 609 668 644 appellari
688 611 773 637 Valcr.
790 613 859 638 Max.
874 622 906 645 4,
923 616 950 642 8,
967 618 987 641 3.
1031 608 1080 636 Vel

0 669 11 686 ι,
27 653 37 710 ,Ι
51 654 151 689 optima
162 652 268 678 nomina
281 656 334 674 non
346 645 501 680 appellando
514 645 574 672 ficri
587 646 666 678 mala,
688 647 751 673 dicit
765 648 875 682 Alpinus
894 653 933 681 ap.
950 645 1082 672 Columcl.

28 720 31 734 l

33 606 37 620 1

7 695 9 698 ⁴
25 711 28 714 .
53 698 73 723 1,
87 698 112 724 7.
167 687 238 722 Conf.
252 685 308 711 Sen.
320 682 353 708 ad
365 682 446 708 Marc.
464 690 485 706 c.
500 690 537 707 10.
575 682 629 708 Cic.
646 682 758 717 Philipp.
773 692 805 715 2,
824 691 852 717 7¹
873 692 893 708 c.
909 690 942 714 29
963 680 1082 715 Appella-

28 758 32 770 '
50 762 106 786 Sen.
120 758 151 785 de
165 758 183 784 B
200 756 251 782 nef.
266 763 294 786 ι,
309 762 321 779 2
343 754 400 780 Nec
418 762 513 779 auarus
533 753 641 781 exactor
660 755 691 780 ad
713 755 804 780 horam
825 759 851 778 et
872 753 943 778 diem
963 753 1084 787 appellat.

50 795 105 822 Cic.
120 792 171 820 Off.
183 800 193 818 1
211 800 232 817 c.
247 798 277 823 25
297 790 339 816 Ne
355 788 449 815 iisdem
463 789 495 815 de
509 789 587 815 caulis
602 790 649 816 alii
664 790 824 824 plectantur,
846 789 894 814 alii
908 798 940 814 ne
954 789 1083 823 appellen-

272 825 389 860 Elliptica
405 823 593 858 confit-uciionc.
630 825 759 859 Qiinciil.
781 832 891 857 5,13‚iz
925 826 985 851 tiras
1008 824 1082 851 heres

0 835 4 838 ’
49 836 92 858 tur
104 827 219 863 quidem.

969 861 1081 896 Metaph.

51 867 76 894 et*
97 871 210 898 pauper,
236 866 262 888 et
287 870 380 895 inagna
402 862 513 895 pecunia
538 861 709 896 appellabaris
729 860 913 886 creditoribus.

113 940 156 960 ata
173 936 240 960 ratio
259 936 279 966 cy
300 953 308 965 ,
329 941 366 966 19,
380 943 399 967 4
419 933 436 959 s.
452 941 479 965 ¹9
499 933 568 959 vnde
586 933 697 959 acetaria
716 931 894 965 appellantur,
912 934 929 957 i.
946 939 1082 966 petuntur,

95 969 203 1005 ffimeur.
239 970 296 995 Huc
310 969 459 1005 auferimus,
478 969 544 1005 quod
557 968 694 1003 Appellare
714 966 761 999 est,
784 969 875 993 auxilii
893 970 979 1003 gratia
997 969 1083 1002 inuola-

30 1007 31 1010 ’
52 1004 110 1037 r'dte.
146 1005 201 1031 Cic.
214 1014 263 1039 pro
276 1005 371 1031 Milon.
387 1013 425 1030 iot
446 1014 466 1030 c.
483 1012 514 1039 37
534 1006 602 1036 Vos,
622 1013 668 1030 vos
684 1002 786 1037 appello
799 1002 932 1029 fortiss‘uni
947 1003 1016 1035 viri,
1035 1003 1082 1037 qui

49 1041 156 1072 multum
172 1050 220 1075 pro
235 1040 347 1075 Republ.
363 1040 513 1075 sanguinem
527 1039 651 1066 effudistis
664 1049 669 1064 :
689 1047 736 1064 vos
750 1038 779 1064 in
793 1039 865 1071 viri,
880 1045 905 1064 et
919 1039 946 1064 in
962 1039 1028 1064 ciuis
1045 1040 1083 1064 in-

31 1135 37 1145 ,
49 1115 77 1143 vt
90 1114 145 1141 eius
158 1113 199 1140 rei
213 1114 332 1147 princeps
348 1113 395 1139 ctl'e
409 1112 487 1139 vellet
501 1113 568 1145 Nep.
584 1118 624 1143 25,
638 1115 661 1143 8,
675 1119 696 1142 3.
734 1111 790 1137 Cic.
801 1111 950 1145 proQiint.
960 1119 994 1143 94
1015 1120 1036 1136 c.
1052 1119 1082 1142 30

20 1152 32 1168 '¹
44 1148 118 1184 Quid
130 1149 260 1183 agendum
274 1148 327 1174 est?
347 1149 393 1183 qui
409 1147 470 1174 deus
483 1146 650 1181 appellandus
662 1146 715 1172 est?
737 1146 810 1172 cuius
826 1147 943 1173 hominis
957 1146 1019 1172 tides
1034 1147 1082 1172 iin-

46 1185 170 1225 ploranda
182 1184 227 1211 est.
263 1184 335 1211 Idem
349 1193 397 1219 pro
404 1183 485 1210 Flacc.
499 1184 544 1208 106
564 1183 609 1208 Me
623 1182 699 1208 vultu
713 1183 841 1217 appellat,
853 1191 938 1209 meam
956 1182 1084 1217 quodam-

0 1234 5 1245 :
19 1223 29 1256 β’
46 1220 124 1249 modo
142 1222 205 1248 flens
220 1220 299 1246 tidem
315 1221 447 1255 implorat.
602 1215 622 1255 ff
648 1227 666 1251 4
693 1218 826 1260 Interdum*
834 1228 923 1255 quoque
935 1217 1085 1254 simpliciter

0 1258 24 1297 κ’,
43 1253 350 1294 proruuntinrefignificat.
383 1265 408 1281 v.
421 1264 446 1291 g.
465 1253 540 1288 Virg.
555 1254 619 1279 Aen.
634 1262 656 1287 ς,
671 1261 721 1288 540
744 1255 775 1281 ht
788 1264 904 1289 primum
919 1260 978 1280 ante
992 1263 1083 1280 omnes
1093 1260 1126 1284 30

4 1303 25 1323 if
44 1292 175 1320 *finitorem
193 1292 306 1327 appellat
319 1290 434 1318 Acesten.
476 1290 532 1316 Cic.
547 1291 600 1316 Att.
615 1297 638 1323 5,
656 1298 685 1324 17
705 1290 845 1317 Deiotarus
866 1290 952 1322 filius,
974 1291 1020 1324 qui
1036 1299 1083 1317 rex

18 1330 21 1334 “
43 1328 77 1356 ab
90 1323 183 1356 Senatu
205 1328 347 1363 appellatus
360 1326 403 1352 est.
446 1325 504 1353 Fid.
518 1325 545 1351 de
563 1327 605 1352 illo
623 1327 712 1352 honore
731 1327 829 1362 regibus
847 1326 930 1353 habito
946 1326 1037 1360 Spanh.
1055 1326 1083 1352 de

0 1377 3 1381 ν
18 1372 23 1381 ·
42 1363 88 1401 υ]ἶι
105 1372 129 1391 et
142 1372 186 1400 pr.
201 1374 266 1390 num.
281 1370 303 1394 8,
319 1373 345 1398 4.
380 1363 546 1391 Pronuntiare
564 1364 638 1388 etiam
651 1360 782 1397 fignificat
800 1365 827 1388 in
843 1363 884 1388 illo
898 1362 1081 1388 Cic.inBruto

11 1428 13 1430 ,
45 1404 83 1433 ¹33
105 1410 126 1428 c.
141 1409 168 1433 35
190 1400 252 1427 Fuit
265 1400 294 1426 in
301 1397 394 1425 Catulo
407 1398 492 1424 sermo
505 1397 626 1424 Latinus:
646 1406 713 1432 quae
727 1398 782 1424 laus
795 1397 900 1424 dicendi
914 1407 967 1424 nou
981 1397 1083 1424 medio-

0 1457 2 1462 .
44 1437 114 1469 cris,
131 1436 165 1462 ab
182 1435 333 1462 oratoribus
352 1435 485 1469 plerisque
506 1433 623 1468 neglecta
642 1432 697 1459 est:
719 1434 790 1460 Nam
810 1434 842 1460 de
863 1435 927 1460 sono
947 1435 1037 1466 vocis,
1059 1440 1084 1460 et
1098 1438 1125 1464 33

0 1484 2 1499 ε
23 1491 25 1495 ,
43 1472 174 1498 suauitate
193 1470 404 1506 appellandarum
417 1471 571 1503 literarum,
590 1469 716 1504 quoniam
736 1469 822 1496 filium
837 1470 1004 1504 cognouisti,
1026 1470 1084 1496 noli

12 1511 28 1538 ’7
44 1507 182 1542 ειφεέῖᾶτε
209 1507 273 1542 quid
297 1507 391 1533 dicam.
449 1506 515 1533 Idem
529 1505 557 1531 de
573 1505 669 1532 Catulis
691 1504 742 1531 Off.
759 1514 779 1537 1,
794 1514 832 1538 133
851 1515 872 1531 c.
886 1514 917 1540 37
937 1506 981 1532 hoc
993 1506 1082 1535 modo,-

21 1546 34 1567 ἐ
43 1545 109 1580 Agit
128 1543 156 1569 da
174 1544 255 1577 prefl‘e
274 1541 444 1577 loquentibus
465 1547 491 1568 et
511 1541 613 1567 leniter.
658 1539 735 1567 Nihil
758 1541 846 1574 aliud,
866 1544 962 1577 iuquit,
982 1541 1035 1568 fuit
1054 1542 1083 1568 in

11 1577 145 1606 ¹·Catulis
181 1593 227 1598 -—
264 1579 346 1604 Sonus
367 1583 421 1604 erat
441 1577 543 1603 dulcis:
569 1577 661 1603 literae
674 1585 760 1612 neque
772 1578 910 1612 exprefl'ae,
929 1587 1016 1612 neque
1037 1587 1083 1612 op-

45 1615 154 1651 pressae,
168 1623 200 1640 ne
212 1619 258 1640 aut
268 1614 409 1640 obscurum
422 1613 498 1645 esset,
512 1616 556 1639 aut
570 1612 701 1647 putidum.

11 1654 20 1662 '¹
45 1649 77 1686 fi
87 1660 103 1678 a
109 1651 234 1687 sententin
246 1649 379 1685 inferioris
392 1648 485 1675 iudicis
499 1648 532 1675 ad
537 1647 690 1684 superiorem
698 1655 835 1684 prouocare
842 1659 850 1674 .·
864 1656 908 1676 aut
923 1653 996 1676 etiam
1011 1657 1084 1676 extra

0 1701 2 1703 >
43 1685 159 1714 iudicium
173 1686 304 1720 implorare
310 1685 462 1721 superiorem
472 1683 616 1720 potestatem
632 1688 660 1710 in
673 1687 783 1717 iniuria,
803 1694 863 1721 quae
869 1685 907 1721 fit
920 1686 990 1711 nobis
1002 1685 1031 1712 ab
1045 1689 1083 1712 in-

15 1719 135 1760 ''feriore
152 1720 310 1757 magistratu.
362 1720 503 1755 Appellato
521 1720 636 1755 collegio
658 1721 828 1752 (tribunorum
840 1721 898 1757 sc.)
919 1722 988 1748 Suet.
1010 1722 1083 1748 Caes.

42 1767 65 1786 c.
79 1767 119 1791 23.
154 1757 260 1792 leian.
280 1757 298 1783 l.
314 1765 323 1783 i
340 1756 371 1782 D.
387 1756 419 1782 de
431 1755 599 1791 appellation.
611 1757 667 1789 Qui
680 1756 806 1791 appellat,
822 1757 952 1784 maiorem
966 1757 1084 1784 iudicem

0 1823 21 1868 ΙΙ
31 1831 234 1867 praequnione,
244 1829 318 1855 veisa
326 1830 511 1854 interueniente.
547 1828 602 1854 Cic.
612 1837 661 1863 pro
671 1828 754 1855 Plane.
763 1837 824 1862 24c.
835 1838 861 1854 ιο
887 1830 1026 1864 Appellaui
1040 1839 1085 1864 po-

0 1860 23 1919 Γε
43 1866 150 1902 pulum:
173 1863 293 1891 tribubus
306 1863 412 1890 submifi
426 1872 476 1890 me.
514 1864 607 1896 Liu.2,
624 1872 650 1897 55
671 1864 712 1890 Ad
726 1865 888 1891 Voleronem
900 1865 981 1892 lictor
993 1866 1084 1892 miffus

12 1900 80 1939 &est
98 1911 113 1928 a
126 1900 292 1929 Consulibus.
343 1899 443 1926 Volero
463 1900 575 1934 appellat
591 1899 742 1927 Tribunos.
783 1900 839 1926 Cic.
854 1901 908 1927 Att.
925 1909 960 1932 13,
996 1921 1002 1926 .
1041 1920 1048 1926 .

0 1939 23 1982 ,ᾖ
43 1937 83 1965 Ad
97 1937 218 1965 tribunos
231 1935 304 1971 quod
317 1935 445 1971 appelles,
458 1936 536 1962 valde
550 1935 644 1969 probo.

17 1986 21 1992 ·
43 1975 73 2002 L.
87 1982 119 2007 39
143 1973 176 2000 D.
192 1972 224 1999 de
237 1971 400 1999 Minoribus.

12 2023 22 2037 ι-.
43 2009 146 2036 additur
155 2008 272 2045 persona,
286 2017 301 2034 a
314 2016 362 2043 qua
375 2007 522 2042 appellatum
535 2004 577 2039 est.
614 2005 670 2032 Cic.
685 2015 734 2040 pro
747 2006 841 2039 Qlint.
854 2008 890 2039 64
913 2015 935 2032 c.
951 2015 982 2032 20
1001 2007 1083 2033 Cuius

20 2076 23 2077 7
41 2052 198 2081 procurator
215 2053 231 2071 a
249 2045 372 2070 Praetore
392 2042 424 2068 ad
442 2041 585 2068 Tribunos
609 2041 739 2076 appellare
759 2042 842 2068 ausus.
885 2043 933 2069 Sed
948 2042 1005 2067 boni
1023 2043 1085 2068 libri

4 2082 14 2088 ''
42 2091 91 2108 non
103 2080 240 2118 agnoscunt
253 2079 304 2106 Ad.
333 2077 472 2112 .Q1in&il.
488 2087 520 2110 11,
534 2087 553 2110 i,
565 2080 601 2112 76
619 2077 702 2117 Modo
716 2083 742 2103 et
754 2077 891 2116 apudhe-os,
905 2086 919 2102 a
931 2076 1028 2115 quibus
1041 2085 1084 2109 ap-

43 2117 168 2152 pellatum
186 2115 251 2148 erit,
275 2115 293 2141 fi
311 2114 382 2140 forte
399 2113 431 2140 ad
451 2114 556 2140 eosdem
574 2118 758 2143 remittentur,
776 2111 925 2137 adiicienda
944 2117 1023 2136 ratio.
1062 2111 1083 2136 A

695 1934 834 1969 Appellare
848 1935 880 1961 ad
893 1937 1084 1969 Imperatorem

31 2188 182 2216 dominum
202 2186 331 2220 appellat,
348 2184 454 2210 restitui
473 2183 522 2208 sibi
534 2181 666 2220 pecude—¹11
684 2180 803 2220 Macrob.
818 2180 868 2206 Sat.
883 2188 903 2212 1,
918 2183 934 2207 6
954 2188 1018 2208 extr.
1042 2184 1085 2217 qui

31 2225 108 2258 dacus
120 2229 200 2262 tamen
212 2220 338 2254 mendofias
350 2218 458 2262 videtur.
529 2218 552 2242 A
565 2216 650 2242 literis
664 2215 767 2251 pridem
788 2215 838 2256 sibi
856 2215 935 2242 editis
953 2217 1085 2252 appellare

27 2257 211 2323 W.-1.‘{itff”1>¹l
224 2251 616 2324 νᾷἶὶἕέἰἒξέἓὲῗὲιὲρὲῗὲέῧῗι
631 2252 968 2315 ιὲιςῖἓῗῒεῗξέἶίἧίῗέἓξὲ
980 2253 1085 2316 ῗέἒέἐὶἱῗ

62 2361 118 2397 ’1Ϊί
137 2365 220 2396 citur,
238 2361 370 2398 appellare
383 2362 452 2388 licet.
488 2362 578 2388 Macer
597 2362 614 2387 l.
630 2370 648 2394 4
669 2362 699 2387 D.
712 2361 744 2388 de
758 2360 927 2396 appellation.
983 2361 1084 2389 Aduer-

86 2396 121 2433 ’,ι
134 2409 212 2432 Juem
225 2398 355 2434 appellare
367 2397 472 2424 Paullus
487 2397 505 2423 l.
519 2407 528 2424 ι
554 2398 587 2424 D.
607 2398 648 2424 An
662 2406 708 2432 per
722 2398 756 2423 al.
771 2407 825 2424 cau.
841 2397 936 2433 appell.
950 2397 1005 2424 red.
1020 2399 1083 2433 poss.

62 2430 133 2460 'siff'
150 2436 258 2463 nomine
271 2433 402 2469 appellare
415 2433 520 2468 leian.
536 2433 553 2459 l.
568 2442 578 2460 1
601 2431 624 2470 §.
638 2434 766 2460 Tutores.
784 2434 823 2460 De
838 2432 943 2468 quando
956 2434 1084 2469 appellari.

62 2468 117 2497 ⁴³25..
129 2481 142 2500 a
153 2471 332 2500 aduersarium
344 2469 474 2506 appellare
492 2469 566 2496 Idem
586 2469 603 2495 l.
618 2478 629 2502 3
652 2470 684 2496 D.
699 2469 730 2496 de
742 2470 910 2504 appellation.
983 2472 1085 2497 Contra

72 2500 171 2542 ''4¹''am
190 2508 346 2534 sententiam
365 2505 488 2532 iniustam
503 2505 635 2540 appellare
650 2505 813 2532 Modestinus
833 2506 862 2532 in
881 2505 898 2531 l.
912 2507 1030 2539 praeses,
1052 2507 1084 2532 D.
1095 2504 1127 2536 65

309 2543 346 2568 Ex
359 2542 486 2568 sententia
498 2542 587 2576 aliqua
599 2541 730 2576 appellare
743 2541 908 2568 Modestinus
921 2541 950 2567 in
963 2539 979 2568 l.
1001 2543 1027 2569 Si
1042 2550 1085 2568 ex-

23 2584 160 2613 =.1sp¹um.
182 2580 214 2606 D.
237 2578 269 2605 de
285 2577 453 2612 appellation.
524 2577 630 2605 Frustra
650 2578 780 2612 appellare
793 2578 899 2612 leian.
917 2577 975 2604 inl.
989 2586 998 2604 1
1024 2575 1045 2614 §.
1065 2577 1083 2604 fi

31 2611 103 2652 ᾢιέ
121 2621 205 2642 tutor.
224 2614 257 2640 D.
275 2613 381 2648 quando
401 2613 496 2648 appell.
520 2637 522 2639 .
566 2614 597 2639 In
614 2615 700 2640 aliena
716 2614 791 2640 causa
804 2615 846 2647 ei,
866 2613 913 2648 qui
932 2613 961 2639 in
982 2613 1084 2640 iudicio

4 2670 5 2673 =
31 2648 85 2679 εἰ
111 2654 167 2678 rtus
185 2658 241 2675 non
259 2649 311 2680 est,
332 2648 463 2683 appellare
480 2657 541 2675 non·
553 2648 630 2675 liceat
642 2651 733 2676 Macer
753 2650 782 2676 in
794 2649 811 2676 l.
828 2659 843 2676 z
863 2650 894 2675 D.
914 2649 1022 2684 quando
1042 2659 1085 2684 ap-

43 2696 76 2724 pe
89 2687 139 2714 lan.

9 2725 13 2731 ’
45 2722 181 2758 pellation.
251 2720 299 2746 Per
320 2725 519 2754 procuratorem
537 2720 667 2754 appellare
686 2722 775 2748 Macer
795 2722 811 2748 l.
825 2731 843 2755 4
874 2722 905 2747 D.
925 2720 957 2747 de
972 2722 1086 2757 appella-

45 2759 113 2786 tion.
181 2756 368 2784 Procuratorio
384 2756 494 2782 nomine
506 2756 637 2790 appellare
658 2756 729 2784 Idem
750 2758 779 2784 in
793 2758 809 2784 l.
824 2766 839 2784 2
864 2758 902 2783 De
916 2759 1022 2792 quando
1041 2767 1085 2793 ap-

45 2794 140 2831 pellati.
213 2793 263 2818 Pro
282 2791 330 2818 hac
349 2792 423 2818 causa
442 2791 573 2827 appellare
592 2792 673 2819 1d.in
691 2793 709 2819 l.
724 2802 734 2821 i
761 2794 790 2820 in
804 2793 864 2820 fine.
892 2793 923 2818 D.
942 2802 1008 2828 quae
1029 2795 1083 2820 sen-

43 2836 107 2858 tent.
129 2829 182 2856 fine
201 2827 321 2863 appellat.
342 2827 435 2854 rescin.

14 2566 20 2577 ,
38 2534 85 2584 [Γ
97 2540 114 2551 “
130 2543 239 2571 iudicat.

508 2829 578 2854 Viua
595 2837 661 2855 voce
684 2829 753 2864 apud
772 2829 829 2856 aeia
848 2829 977 2863 appellare
995 2831 1085 2857 Macer

87 2903 104 2929 6
128 2900 268 2936 Appellare
282 2907 331 2935 pro
345 2900 502 2935 Applicare,
519 2910 548 2927 ex
561 2901 674 2928 Afranio
694 2902 801 2928 Nonius
815 2911 850 2935 4,
867 2909 901 2927 iz.
940 2901 986 2928 Sed
1004 2900 1037 2936 est
1054 2912 1084 2928 ex

0 2956 8 2962 .
87 2937 195 2973 pellere.
255 2936 335 2962 Verba
349 2937 412 2972 sunt
424 2946 432 2961 .·
459 2935 512 2963 Abi
530 2942 575 2969 tu,
595 2937 725 2972 appellant
739 2935 912 2970 (coniunc‘liuo
926 2937 1011 2970 modo)
1033 2938 1085 2965 huc

2 2986 11 3006 „-
43 2946 86 3001 adp
88 2973 186 3000 molem
198 2971 314 2999 nostram
326 2972 485 2999 nauiculam.
521 2974 644 3008 Apertius
658 2976 732 3000 etiam
746 2974 775 3000 id
788 2972 821 3006 ist
837 2977 863 2998 in
878 2974 956 3000 altero
969 2975 1019 3001 Ioco
1033 2975 1084 3001 Lu-

4 3009 6 3013 “
46 3009 121 3042 tilii,
135 3009 254 3035 Primum
268 3008 298 3035 id
309 3007 370 3034 dant
384 3017 491 3043 operam
500 3028 508 3041 ,
521 3015 551 3035 vt
564 3018 643 3044 quam
656 3010 775 3044 primum
789 3008 928 3044 appellant.

36 3054 37 3058 ¹
82 3050 329 3076 ArrELLANs,
343 3045 421 3070 antis.

46 3079 74 3106 ei
87 3080 164 3106 suum
177 3079 387 3106 commendarem
404 3080 461 3107 Cic.
476 3081 508 3106 de
520 3081 595 3108 Orat.
610 3090 625 3108 2
644 3091 666 3108 c.
681 3089 727 3117 47.
782 3082 897 3108 Barbara
908 3080 997 3116 lingua
1010 3083 1086 3108 Mau-

46 3123 91 3143 ros
110 3123 159 3150 pro
177 3113 262 3140 Medis
279 3115 436 3149 appellantes
453 3115 554 3142 Sallust.
567 3117 686 3152 Iugurth.
703 3127 725 3144 c.
741 3122 775 3147 18.
811 3116 871 3142 Liu.
884 3125 907 3148 3,
920 3125 958 3152 44
977 3118 1086 3152 Virgini

4 3149 8 3166 ,·
27 3153 37 3199 3
45 3148 276 3214 Panugnbiipecin
293 3150 367 3178 serua
379 3152 424 3178 sua
435 3157 522 3179 natam
534 3153 708 3189 (seruamque
722 3152 864 3189 appellans)
879 3153 940 3179 effe:
959 3154 1086 3189 sequique

31 3204 36 3215 ι
57 3196 71 3215 e
88 3196 116 3214 ιιι
137 3196 150 3213 c
173 3195 186 3212 a
201 3206 207 3212 .

48 3286 55 3293 .
70 3257 130 3286 udis
149 3256 326 3292 rogandisque
344 3257 534 3293 perspexeram.

23 3304 36 3324 -;
68 3300 128 3331 ’ζΑΡ
140 3301 204 3321 PEL
215 3301 232 3320 L
244 3299 346 3319 ATvs
356 3313 364 3325 ,
384 3301 414 3325 a,
433 3302 487 3321 um.
528 3295 578 3328 Vt,
591 3296 646 3323 Rex
659 3296 801 3331 appellatus
816 3296 886 3331 Nep.
901 3301 944 3330 18,
960 3306 995 3330 13,
1010 3306 1032 3324 2.

47 3333 127 3361 QVA?
134 3337 152 3357 P
160 3336 177 3357 E
185 3337 202 3356 L
211 3336 227 3356 L
235 3336 257 3356 A
265 3335 287 3355 T
296 3335 306 3354 1
315 3335 334 3355 0
342 3347 355 3361 a.
370 3329 439 3355 onis.
462 3329 482 3356 f.
515 3331 692 3368 [προσηγορία]
731 3333 830 3368 Saepius
842 3332 905 3358 idem
920 3332 984 3368 quod
991 3335 1086 3360 Nomen

31 3365 35 3372 ¹
51 3361 178 3402 ’[ιζῇεαι.
214 3365 322 3404 min-‚7³
336 3371 360 3396 13
387 3365 555 3398 QMetellus
568 3367 754 3395 Macedonicus
771 3377 854 3403 quum
870 3368 912 3394 sex
925 3368 1024 3396 liberos
1047 3378 1088 3396 re-

44 3436 52 3469 ?
67 3438 132 3464 lib
145 3437 226 3474 patris
239 3436 416 3471 appellatione
427 3437 584 3470 salutarent,
602 3439 700 3473 viginti
713 3441 819 3474 septem.
891 3440 1086 3474 ignominiosa,

13 3472 17 3478 ’
74 3472 95 3505 [³
113 3473 160 3511 suh
179 3479 426 3500 ιῦΝοΜῙΝιΑ.
469 3472 537 3499 Gell.
555 3481 581 3505 1,
603 3482 616 3507 5
641 3475 793 3502 Malediftis
814 3475 1086 3512 appellationibusque

26 3538 28 3542 ,
51 3530 53 3536 .
73 3538 79 3543 Δ
92 3508 178 3545 ,τοῦς
191 3508 302 3536 iactatus
316 3507 361 3534 est.
435 3508 631 3543 Appellationes
650 3512 760 3538 nauium
780 3517 806 3538 et
826 3511 941 3538 telorum
957 3512 1087 3540 vocabula

88 3559 114 3568 ..‚
133 3553 176 3578 10,
189 3553 220 3578 25·
245 3544 289 3571 vbi
301 3543 372 3570 vides
385 3544 597 3579 Appellationem
617 3552 641 3572 et
654 3546 821 3574 Vocabulum
831 3547 970 3583 synonyma
986 3548 1070 3576 haberi
1077 3559 1088 3579 ,-

111 3581 194 3608 stamen
208 3582 255 3607 alii
268 3583 335 3606 inter
348 3580 406 3606 haec
420 3580 467 3606 duo
481 3580 613 3622 discrimen
625 3581 753 3617 fecerint,
773 3583 801 3609 de
815 3592 860 3618 quo
876 3583 1004 3616 Qiin&il.
1018 3594 1027 3611 1
1035 3605 1043 3618 ,
1059 3594 1086 3619 4,

61 3651 109 3688 ll&
153 3658 207 3686 ent,
218 3658 249 3679 vt
260 3653 321 3678 effet
332 3653 475 3679 vocabulum
486 3661 580 3686 corpus
594 3652 653 3678 visu
667 3652 792 3687 tactuque
805 3653 982 3686 manifestum,
993 3655 1087 3688 domus,

65 3683 122 3707 ”ι’-’·’
133 3694 148 3718 ἶ»
160 3688 307 3726 appellatIo,
321 3687 365 3714 cui
375 3688 418 3715 vel
431 3688 544 3714 alterum
558 3687 627 3714 deest
636 3708 644 3720 ,
658 3687 701 3714 vel
713 3695 866 3724 Vtrumque,
875 3696 974 3723 uentus,
987 3693 1087 3725 caelum,

25 3756 27 3758 Ι
56 3719 230 3765 Μξυὴιω.
271 3724 328 3750 Huc
345 3723 475 3760 rcspexiſje}
495 3723 596 3750 videtur
617 3723 742 3757 Heraldo,
762 3724 826 3760 quod
843 3725 997 3760 Casaubonus
1016 3734 1089 3755 notat

53 3766 218 3833 fflmoffo,
232 3795 286 3835 fine
301 3803 414 3830 corpore
428 3801 455 3822 et
468 3795 561 3830 specie.
576 3831 581 3836 Π
600 3794 700 3835 Qidfi
712 3803 799 3835 contra
807 3796 836 3831 se
851 3805 891 3823 res
900 3796 989 3831 -habet,
1006 3806 1033 3826 et*
1043 3800 1088 3826 illa

116 3835 119 3837 ’
135 3833 160 3858 is
175 3841 224 3858 vox
235 3832 276 3865 Jic
294 3829 444 3866 diffiniendae
459 3831 633 3867 appellationi
652 3833 796 3866 occasionem
810 3832 937 3867 praebuit.
973 3835 1089 3871 Exenipla

46 3893 52 3897 „
86 3866 193 3894 putabis·
204 3876 254 3894 non
265 3866 336 3902 satis
346 3869 493 3894 conueniunt
505 3869 561 3899 his,
586 3877 645 3903 quae
664 3870 715 3908 ipje
726 3868 807 3903 paullo
819 3865 876 3903 post
890 3868 963 3895 habet
979 3870 998 3896 s.
1011 3878 1042 3905 27
1063 3878 1088 3898 et

21 3858 80 3922 'l‘

45 3897 246 3936 ,fflQagdam,
265 3901 406 3936 participia
418 3911 452 3929 an
464 3903 543 3930 verbi
555 3903 744 3938 appellationes
759 3906 874 3935 (nomina
887 3903 1015 3938 verbalia>
1027 3906 1087 3940 tint,

44 3964 107 4002 ’Μ
123 3973 206 4002 verba
223 3972 444 4010 appellationibus
460 3973 578 4008 fimilia,
603 3980 632 4002 vt
643 3975 801 4011 fraudator,
820 3979 949 4003 nutritor.¹
983 3978 1087 4005 Maneat

135 4057 164 4071 'S

52 547 123 574 Idem
137 546 189 572 Att.
205 554 228 577 1,
243 546 267 571 6'
277 542 397 570 Tulliola
416 538 525 565 deliciae
546 538 648 565 nostrae
668 545 743 565 tuum
763 541 945 566 munusculum
964 539 1064 572 flagitat
1077 548 1081 563 :
1095 549 1123 566 io
1137 542 1279 576 pellatione
1297 542 1386 567 cadem
1405 542 1503 576 signare
1518 542 1648 574 Quinctil.
1663 552 1695 576 4,
1709 552 1734 575 i,
1750 552 1774 570 2.

32 1093 33 1097 =
50 1076 112 1107 vieti
126 1076 229 1112 appello
243 1077 364 1111 periculo
377 1077 549 1103 Centuriones
562 1083 661 1109 vosque
674 1074 781 1100 milites.
820 1076 861 1102 Sic
873 1074 1022 1109 Appellatus
1036 1074 1081 1107 cst,
1094 1080 1123 1105 25

858 1612 878 1651 ἦ
899 1622 911 1646 5
932 1613 1125 1648 Appellare‚40
1137 1619 1211 1645 cuius
1226 1619 1315 1644 Macer
1336 1617 1353 1643 l.
1369 1627 1387 1651 4
1407 1619 1438 1644 D.
1454 1618 1486 1644 de
1498 1617 1620 1652 appellat.
1634 1618 1715 1652 recip.

2 1731 23 1821 ἦ
43 1794 122 1821 debet
139 1793 278 1833 appellare.
315 1793 410 1828 Semper
429 1799 508 1818 autem
527 1796 687 1829 coniungitur
706 1793 876 1828 accufiitiuus,
898 1793 969 1829 idque
983 1793 1123 1834 veljivze45
1177 1805 1199 1825 Α
1208 1806 1222 1824 p
1232 1805 1247 1825 p
1255 1805 1272 1825 Ε
1282 1805 1299 1824 L
1307 1805 1324 1824 L
1332 1805 1356 1824 Α
1365 1803 1386 1822 Τ
1396 1805 1406 1824 1
1415 1805 1436 1823 v
1446 1805 1466 1823 V
1475 1804 1487 1824 s
1497 1817 1505 1829 ‚
1539 1806 1569 1829 a,
1600 1806 1653 1822 iun.
1694 1796 1754 1822 Adi.
1790 1797 1804 1830 [
1812 1797 1997 1833 προσηγορικὰ]

31 2153 197 2183 crudelitate
214 2152 246 2177 ad
259 2150 394 2177 Christum
415 2149 546 2182 appellare
564 2147 685 2173 I'rudcnt.
700 2147 821 2171 Romano
840 2150 889 2174 818.
926 2145 1037 2171 Vicinus
1051 2145 1083 2171 ad
1099 2154 1125 2180 53

56 2332 70 2353 J.
80 2328 236 2366 »appellare
248 2335 303 2353 non
316 2325 385 2352 licet.
409 2324 451 2351 sed
469 2325 503 2351 ab
519 2334 561 2357 eo,
576 2325 624 2360 qui
637 2325 706 2351 male
718 2325 874 2351 sententiam
889 2324 942 2351 iam
955 2325 1123 2360 interpre-60

208 2685 275 2711 Non
287 2683 352 2710 iuste
365 2683 494 2718 appellare
507 2685 632 2718 Papyrius
647 2685 675 2711 in
688 2685 705 2711 l.
720 2685 901 2720 imperatores.
939 2686 971 2711 D.
992 2685 1024 2712 de
1044 2691 1125 2720 ap-70

45 2866 64 2894 Ι.
84 2870 108 2894 2‘
134 2865 166 2892 D.
188 2863 220 2890 de
246 2863 415 2899 appellation.
443 2869 469 2890 et
490 2864 636 2892 Martianus
666 2865 694 2891 in
717 2865 734 2892 l.
759 2867 781 2892 A
806 2865 941 2892 sententia.
962 2866 1020 2893 eod.
1041 2867 1083 2893 tit.
1095 2874 1126 2902 75

448 3045 538 3078 Quum
553 3053 602 3079 ego
616 3045 693 3072 illum
706 3046 800 3072 crebro
815 3044 944 3079 appellans
957 3045 1085 3081 collegam
1095 3052 1126 3078 80

48 3224 179 3265 ῒιΑΡΡΕ
190 3221 390 3255 LLANDsVS,
407 3230 439 3256 a,
459 3232 514 3250 um.
549 3225 605 3252 Cic.
619 3226 691 3253 Fam.
709 3234 734 3259 1,
748 3233 764 3251 2
785 3223 866 3258 Qiod
881 3223 986 3260 lingulis
1001 3225 1087 3261 appel·
1100 3232 1128 3261 85

44 3401 81 3425 ‘¹7³'
94 3407 188 3434 neret,
195 3400 320 3427 vndecim
333 3407 440 3434 nepotes
453 3401 578 3436 reliquit:
595 3412 676 3430 nurus
683 3413 748 3431 vero
763 3412 936 3439 generosque,
944 3411 973 3431 et
984 3414 1126 3444 omncs,90

190 3759 224 3786 ud
240 3760 348 3786 sueton.
368 3769 391 3786 c.
403 3766 440 3795 77
459 3759 501 3786 illo
514 3757 598 3792 ditio,
621 3759 699 3786 Nihil
719 3760 766 3786 effe
782 3759 923 3795 Rempubl.
936 3763 1220 3797 appellatio-movium
1234 3766 1343 3801 appulso
1356 3763 1471 3805 Cfflfflss·
1485 3763 1518 3788 G.
1531 3771 1562 3795 3,
1574 3770 1596 3795 3.

1561 135 1789 176 APP
2107 148 2180 192 398

1133 228 1191 262 erga
1206 219 1274 256 apud
1285 219 1466 260 Grammaticos·
1484 229 1578 249 veteres
1592 224 1804 259 Appellationem
1817 223 1861 260 ff
1879 235 1966 252 nomen
1982 227 2086 254 verbale.
2124 231 2180 265 Spi-

1134 260 1230 298 ⁷¹⁰sf⁰r¹3
1243 259 1316 282 etiam
1324 258 1401 292 jum,
1420 265 1443 296 ft
1460 260 1538 298 nulli,
1559 267 1636 294 puto,
1653 261 1728 287 bonae
1742 265 1795 293 rei,
1814 270 1874 298 quae
1892 262 1920 288 de
1939 263 2073 295 nominis,
2092 266 2178 299 appel-

1134 294 1241 319 lationis
1261 299 1286 318 ει
1303 292 1428 318 vocabuli
1448 292 1593 325 differentia
1613 297 1723 355 apparat
1746 298 1855 324 Scaurus
1874 298 1940 334 apud
1956 298 2114 326 Diomedem
2136 301 2153 326 l.
2167 310 2181 327 1.

1641 341 1648 356 l

1136 338 1160 363 p.
1175 330 1240 360 306,
1262 336 1280 354 1.
1319 328 1514 361 Appellationes
1534 329 1610 355 verbi
1651 338 1687 358 int
1706 333 1814 359 nomina
1838 342 1852 359 a
1872 333 1961 360 verbis
1982 333 2109 361 deriuata.
2146 336 2179 362 Et

884 363 1022 397 Virginem
1038 370 1081 394 ap·
1100 369 1112 395 5
1135 363 1297 390 existimauit
1318 363 1463 395 Hei-aldus,
1485 370 1513 389 vt
1533 365 1700 393 Casaubonus
1720 374 1804 401 notat,
1824 368 1874 396 huc
1888 370 2024 404 respexisse
2040 372 2180 397 Caesarem

1136 399 1184 425 illo
1199 398 1288 430 dieto,
1309 408 1380 433 quO,
1399 399 1477 425 Nihil
1498 400 1545 425 effe
1558 400 1696 434 Rempubl.
1713 404 1915 437 appellationem
1935 405 2032 438 modo,
2050 406 2104 433 fine
2122 415 2179 432 cor-

1136 444 1201 469 pore
1216 440 1240 460 et
1256 435 1355 468 specie,
1377 435 1576 469 pronuntiauit,
1591 442 1619 461 vt
1633 435 1736 463 Sueton.
1752 440 1808 465 eius
1822 441 1875 466 vita
1894 451 1915 467 c.
1927 449 1963 476 77
1982 443 2072 469 refert.
2129 443 2179 468 Rc-

1136 480 1197 505 gum
1219 470 1407 504 appellationes
1427 471 1530 497 venales
1548 476 1637 502 erant,
1655 475 1674 497 ι’.
1688 475 1818 507 impetrari
1832 483 1937 510 pecunia
1951 484 2069 512 poterat,
2088 485 2123 504 ω’
2135 479 2181 504 ali—

1135 510 1190 543 quis
1205 516 1247 532 rex
1262 508 1374 541 apopulo
1387 508 1488 533 Roman.
1502 507 1666 542 appellaretur
1702 509 1758 534 Cic.
1779 519 1827 543 pro
1848 512 1935 538 Domo
1954 514 1997 540 sua
2017 522 2071 546 129.
2129 515 2181 548 Ap-

1988 558 2004 575 2
2031 550 2182 576 Literarum

1137 578 1203 604 lenis
1219 577 1361 612 appellatio
1379 578 1444 603 bene
1460 578 1585 612 loquendi
1600 578 1697 603 faniam
1711 580 1860 607 confecerat
1878 583 1935 608 Cic.
1949 547 1981 610 Ec
1994 585 2034 611 Cl.
2049 578 2183 619 Orat-259

1136 624 1158 640 c.
1173 621 1217 648 74.
1239 616 1256 639 i.
1268 616 1459 648 pronuntiatio:
1478 614 1506 639 lle
1520 614 1613 640 Catulo.
1650 614 1719 640 Add.
1736 615 1845 649 Quin&
1860 625 1891 648 11,
1904 626 1926 649 3,
1942 627 1977 652 35.
2127 620 2147 659 fl
2168 630 2182 654 3

1137 649 1286 684 Appellatio
1306 647 1354 681 qli,
1378 650 1523 675 prouocatio
1544 659 1558 674 α
1579 652 1673 676 minore
1692 650 1772 676 iudice
1791 651 1825 677 ad
1842 655 1964 679 maiorem.
2023 656 2081 682 Liu.
2103 665 2132 689 3,
2150 659 2185 690 56

1137 687 1233 712 Vtrum
1248 685 1326 710 nouis
1340 685 1442 719 legibus
1457 685 1606 711 dominatio
1632 694 1664 711 an
1679 685 1786 712 libertas
1800 686 1904 713 firmata
1925 689 1955 714 sit
1970 700 1975 714 t
1997 698 2022 716 ct
2039 693 2185 726 appellatio

7 736 10 742 “
30 744 31 749 =
51 731 92 752 tus
105 733 131 750 ἐς
144 723 174 749 dt
204 720 387 752 effimiss’quffln
401 726 449 752 P¹'⁰
463 717 559 749 domo,
574 727 622 752 Ps0
637 718 738 751 hortis,
758 727 806 753 Pro
826 717 941 743 se‘ffionc
960 716 1082 743 debebas·
1098 725 1122 749 ¹5
1137 721 1347 756 prouocatioque
1363 721 1485 747 aduersus
1500 721 1627 747 iniuriam
1643 722 1841 756 magistratuum
1861 723 1986 750 ostentata
2006 732 2107 754 tantum
2127 730 2184 756 ina-

1138 757 1216 783 nibus
1230 757 1332 789 literis‚
1345 765 1377 782 an
1392 765 1454 782 vere
1468 756 1526 782 data
1540 756 1578 782 tit.
1632 758 1688 783 Cic.
1704 767 1753 791 pro
1767 759 1861 791 Qiint.
1876 761 1907 791 65
1924 769 1948 785 c.
1964 769 1998 786 20
2017 769 2081 788 extr.
2103 764 2183 790 Vide.

1138 799 1215 819 turne
1229 792 1389 819 intercesliss'e
1402 792 1544 826 appellatio
1554 791 1724 819 tribunorum
1733 802 1786 819 non
1800 803 1900 827 morae,
1918 796 1960 821 scd
1979 798 2075 824 auxilii
2089 801 2186 827 causa!

1137 829 1203 855 Plin.
1217 831 1243 861 6,
1258 837 1288 854 22
1301 829 1363 855 Nec
1377 828 1424 854 nili
1439 829 1555 862 plurium
1575 829 1703 854 sententia
1723 838 1883 865 quemquam
1897 831 1980 865 capite
1999 832 2130 860 damnari:
2149 835 2184 861 sic

1138 874 1245 899 quoque
1258 864 1461 900 appellationem
1475 865 1522 890 effe
1537 864 1569 890 ad
1583 865 1719 898 populum.
1769 866 1966 900 Magistratibus
1979 867 2092 895 liberam
2106 870 2185 896 iuris-

104 929 111 933 «
132 900 175 930 16,
194 906 220 930 33
254 897 275 923 A
296 897 393 932 pellace
412 897 514 929 solum,
540 898 696 934 i.fi>licitare
716 894 796 931 quast,
825 903 853 921 vt
865 894 983 931 fraciam
997 897 1082 932 ferat.
1095 908 1128 925 20
1139 900 1284 926 dieiioncm
1297 907 1322 926 et
1336 900 1388 926 fine
1409 901 1448 926 sui
1465 900 1641 934 appellatione
1659 900 1777 927 conceffit
1792 902 1900 928 Sueton.
1914 903 1998 937 Calig.
2017 913 2038 930 c.
2055 906 2092 931 16.
2148 907 2188 932 Vt

1138 945 1228 963 onmes
1249 936 1436 971 appellationes
1457 945 1470 962 a
1492 936 1626 962 iudicibus
1646 936 1678 962 ad
1697 937 1814 963 senatum
1829 937 1922 964 fierent
1936 939 2009 965 Idem
2022 940 2088 966 Ner.
2108 949 2130 967 c.
2146 948 2185 976 17.

1141 972 1303 999 Admittetur
1323 972 1379 998 eius
1399 971 1541 1006 appellatio
1554 972 1659 1007 leian.
1680 971 1707 998 in
1723 972 1744 1001 l.
1766 973 1793 998 Si
1812 974 1895 999 cuius.
1917 974 1949 1000 D.
1969 974 2000 1000 de
2015 976 2188 1010 appellation.

1138 1007 1283 1041 rccipiend.
1361 1009 1524 1042 Cognoscere
1543 1007 1574 1034 de
1596 1007 1772 1043 appellatione
1803 1009 1821 1035 l.
1842 1010 1912 1036 vnic.
1946 1010 1978 1036 D.
1997 1010 2029 1037 de
2049 1011 2122 1038 libel.
2146 1012 2189 1038 di-

1139 1044 1237 1069 miss‘or.
1310 1044 1445 1078 Denegare
1459 1044 1589 1070 auxilium
1612 1044 1796 1078 appellationis
1815 1045 1940 1071 Scaeuola
1955 1046 1982 1072 in
1997 1046 2014 1072 l.
2031 1047 2078 1073 vlt.
2106 1048 2137 1074 D.
2153 1048 2189 1075 de

1137 1079 1309 1114 appellation.
1372 1081 1484 1114 Exsequi
1498 1080 1719 1114 appellationem,
1737 1081 1880 1117 i.pe›stqui
1897 1081 2021 1108 Scaeuola
2034 1083 2063 1109 in
2078 1083 2095 1109 l.
2108 1092 2191 1118 nego-

1137 1116 1248 1141 tiorum.
1279 1115 1311 1141 D.
1334 1115 1365 1141 de
1385 1115 1555 1149 appellation.
1627 1116 1764 1151 Explicare
1784 1117 1988 1151 appellationem
2010 1119 2098 1146 Scaeu.
2120 1119 2148 1144 in
2168 1119 2190 1151 1,

1138 1152 1318 1185 negotiorum.
1340 1152 1372 1177 D.
1389 1151 1420 1177 de
1435 1152 1557 1185 appellat.
1627 1153 1763 1178 Euanescit
1776 1153 1918 1187 appellatio
1933 1154 2022 1180 Macer
2036 1155 2067 1180 D.
2082 1155 2109 1181 Si
2125 1164 2189 1189 pen·

1140 1186 1199 1213 den.
1221 1186 1343 1222 appellat.
1381 1188 1549 1221 Appellatore
1569 1186 1712 1220 defunsfto,
1740 1188 1868 1223 siquidem
1887 1189 1940 1216 fine
1959 1189 2072 1223 herede,
2100 1192 2189 1218 cuius-

1139 1232 1242 1258 cunque
1262 1223 1366 1257 generis
1384 1223 1525 1257 appellatio
1539 1223 1637 1256 fuerit,
1658 1225 1798 1250 euanescit.
1872 1225 1968 1251 Facere
1982 1226 2192 1260 appellationem

1138 1259 1170 1286 ad
1185 1268 1264 1294 quem
1283 1259 1315 1284 D.
1330 1258 1366 1285 l.1
1387 1261 1427 1285 An
1443 1268 1488 1294 per
1503 1259 1595 1285 alium.
1651 1260 1708 1286 Fiat
1724 1260 1756 1286 ab
1777 1260 1833 1295 ipso
1855 1261 1999 1295 appellatio
2013 1262 2117 1296 leian.
2133 1271 2143 1288 i
2161 1261 2190 1326 p.

1138 1295 1186 1321 Sed
1201 1295 1254 1321 etti.
1282 1295 1314 1321 D.
1331 1295 1438 1330 quando
1451 1295 1579 1329 appellati.
1652 1296 1823 1330 Interponere
1842 1297 2046 1331 appellationem
2063 1303 2160 1325 bcaeuo
2172 1307 2190 1326 a

1138 1331 1167 1357 in
1186 1331 1204 1357 l.
1220 1330 1267 1357 vlt.
1301 1331 1331 1357 D.
1353 1330 1384 1357 de
1405 1331 1573 1366 appellation.
1595 1330 1701 1365 leian.
1722 1333 1749 1358 in
1771 1333 1788 1358 l.
1813 1333 1905 1366 Qmm
1922 1342 1954 1359 ex
1967 1335 2052 1360 causa.
2072 1334 2131 1361 eod.
2147 1335 2192 1362 tit.

1138 1366 1235 1393 Pendet
1254 1366 1409 1400 appellatio,
1430 1373 1455 1393 et
1469 1367 1600 1393 Pcndente
1621 1368 1798 1402 appellatione
1813 1369 1938 1403 Papyrius
1957 1370 1985 1395 in
2005 1370 2022 1395 l.
2044 1371 2191 1405 Imperato—

1138 1412 1187 1429 res.
1209 1403 1240 1428 D.
1256 1402 1288 1428 de
1301 1402 1469 1436 appellation.
1540 1404 1664 1437 Peragere
1677 1404 1899 1438 appellationem,
1920 1408 1938 1431 i.
1953 1406 2076 1440 persequi
2098 1408 2191 1434 Macer

1138 1439 1169 1465 D.
1184 1438 1201 1464 fi
1214 1437 1324 1473 penden.
1338 1438 1460 1472 appellat.
1482 1438 1563 1471 Quod
1582 1438 1599 1464 li
1613 1440 1771 1473 appellatori
1790 1440 1880 1466 haeres
1899 1442 2036 1468 extiterit:
2056 1443 2193 1476 cogenduz

1139 1483 1193 1501 non
1218 1474 1254 1501 est
1277 1482 1401 1508 peragere
1423 1475 1637 1509 appellationem.
1721 1476 1845 1510 Persequi
1872 1478 1974 1502 causam
2004 1478 2192 1511 appellationis

1138 1510 1242 1536 Paullus
1256 1509 1315 1536 inl.
1329 1510 1430 1544 penult.
1457 1511 1488 1536 D.
1507 1510 1538 1536 de
1558 1510 1680 1544 appellat.
1751 1511 1868 1537 Probare
1887 1512 1983 1538 merita
2004 1513 2194 1546 appellationis

1140 1546 1167 1572 in
1182 1546 1200 1573 l.
1216 1546 1314 1581 penult.
1339 1546 1369 1571 D.
1382 1545 1414 1572 de
1428 1546 1596 1580 appellation.
1660 1546 1836 1573 Pronuntiare
1850 1546 1882 1572 de
1895 1548 2071 1582 appellatione
2083 1549 2192 1583 leian.

1139 1583 1170 1608 D.
1182 1582 1252 1608 nihil
1271 1582 1378 1608 innoua.
1395 1582 1565 1616 appellation.
1583 1581 1697 1616 interpo.
1769 1583 1898 1617 Recipere
1917 1584 2123 1618 appellationem
2142 1584 2194 1611 ali·

1786 1619 1907 1645 Reddere
1927 1620 2014 1646 causas
2035 1620 2194 1654 appellatio-

1138 1655 1179 1680 nis
1193 1654 1318 1681 Scacuola
1337 1654 1366 1680 ιιι
1384 1654 1401 1679 l.
1416 1654 1462 1680 vlt.
1486 1655 1517 1680 D.
1530 1654 1562 1680 de
1576 1654 1746 1688 appellation.
1821 1655 1978 1682 Remittitur
1995 1656 2125 1682 necellitas
2146 1665 2194 1692 ap-

1138 1690 1308 1725 pellationis,
1328 1699 1411 1724 quum
1425 1696 1516 1717 contra
1532 1691 1613 1716 sacras
1627 1690 1828 1717 constitutiones
1842 1691 1976 1718 iudicatur
1995 1693 2086 1719 Macer
2106 1694 2134 1719 in
2149 1694 2166 1719 l.
2181 1701 2196 1721 t

1138 1728 1169 1752 D.
1191 1734 1259 1760 quae
1285 1726 1394 1752 sentent.
1415 1726 1467 1752 fine
1492 1725 1612 1760 appellat.
1632 1726 1726 1752 rescin.
1804 1727 1851 1754 Vti
1877 1727 1981 1754 auxilio
2006 1728 2196 1763 appellationis

1139 1763 1230 1789 Macer
1250 1762 1278 1788 in
1295 1762 1311 1788 l.
1332 1762 1417 1788 Serui.
1438 1762 1470 1788 D.
1491 1762 1523 1788 de
1543 1761 1712 1796 appellation.

2054 1799 2152 1826 Fiffum
2174 1806 2197 1827 a

1141 1835 1334 1863 Grammaticis,
1355 1842 1426 1868 quum
1445 1832 1533 1857 dicunt
1552 1831 1750 1865 Appellatiuum
1771 1840 1878 1858 nomen.
1921 1834 2044 1860 Priscian.
2062 1843 2078 1861 2
2103 1844 2128 1869 p.
2144 1840 2196 1870 578

1140 1869 1459 1903 Appellatiuumnomen
1477 1867 1635 1893 naturaliter
1654 1875 1795 1892 commune
1816 1868 1852 1893 est
1872 1868 2036 1902 multorum,
2063 1879 2130 1905 quos
2149 1879 2194 1898 ea-

1142 1904 1201 1930 dem
1221 1903 1379 1935 substantia,
1407 1902 1460 1928 siue
1485 1902 1611 1937 qualitas,
1632 1902 1674 1928 vel
1700 1903 1833 1937 quantitas
1853 1905 1983 1938 generalis
2009 1905 2050 1931 vel
2072 1907 2196 1940 specialis

1141 1938 1237 1973 iungit.
1290 1938 1448 1969 Generalis3
1481 1946 1525 1970 vt,
1546 1939 1670 1969 Animal,
1690 1947 1801 1971 corpus,
1823 1938 1918 1965 virtus.
1974 1940 2122 1974 Specialis;
2147 1947 2196 1974 vt,

446 1972 468 1997 A
483 1970 622 2005 praefefifis
640 1969 756 2004 [bal-ege
771 1971 806 1996 ¹6·
843 1972 936 2006 Nempe
951 1971 1126 2007 aliqu11⁷1d050
1140 1976 1248 2006 Homo,
1262 1974 1341 2008 lapis,
1356 1973 1560 2008 grammaticus,
1575 1973 1666 2005 albus,
1681 1974 1773 2006 niger,
1785 1982 1912 2008 magnuS,
1930 1974 2019 2001 breuis
2033 1985 2079 2002 etc.
2116 1977 2195 2014 Conf.

1139 2010 1240 2037 Charis.
1278 2029 1284 2034 .
1301 2012 1355 2035 126.

1176 2052 1198 2070 A
1208 2052 1222 2069 Ρ
1231 2052 1246 2069 r
1256 2019 1297 2069 ξι
1306 2051 1323 2069 L
1334 2044 1356 2069 Ᾱ
1364 2049 1386 2068 Τ
1396 2049 1414 2069 0
1422 2049 1442 2068 R
1451 2062 1459 2074 ‚
1479 2042 1544 2068 oris.
1565 2050 1600 2068 m.
1623 2041 1820 2078 [ἓπικεκλητῆς]
1859 2044 1911 2079 Qu·
1926 2045 2077 2080 appeHauit,
2095 2046 2120 2073 h.
2128 2056 2147 2074 e.
2161 2046 2198 2074 αὖ

1138 2080 1220 2113 aliquo
1240 2077 1319 2104 iudice
1337 2077 1372 2103 ad
1390 2079 1466 2104 alium
1479 2081 1637 2113 prouocauit.
1674 2079 1730 2105 Cic.
1744 2080 1821 2105 Verr.
1842 2088 1878 2112 4,
1900 2088 1945 2114 145
1967 2091 1988 2107 c.
2003 2083 2034 2114 6,-
2060 2083 2196 2116 Qaestor

1138 2119 1289 2148 praetorem
1310 2113 1430 2148 appellat.
1474 2115 1505 2140 Et
1524 2114 1606 2149 paullo
1620 2111 1685 2149 POst·
1720 2116 1785 2148 Quo
1805 2116 1915 2149 quidem
1935 2116 1978 2143 die
1998 2117 2067 2144 nihil
2087 2120 2195 2153 aegrius

1139 2149 1241 2175 ilicium
1256 2148 1292 2174 est
1305 2150 1392 2176 multo
1406 2149 1498 2176 labore
1511 2158 1589 2183 meo,
1606 2158 1687 2184 quam
1707 2157 1735 2177 vt
1751 2159 1843 2177 manus
1862 2151 1896 2177 ab
1910 2151 1958 2179 illo
1971 2154 2133 2188 appellatore
2148 2154 2194 2181 ab·

1141 2185 1311 2212 stinerentur.
1351 2185 1431 2212 Nihil
1449 2194 1545 2213 nocere
1564 2186 1721 2220 appellatori
1742 2187 1774 2213 D.
1788 2187 1805 2213 l.
1819 2195 1836 2222 7
1857 2188 1972 2220 Quando
1990 2190 2086 2224 appell.
2122 2190 2196 2218 Add.

1141 2221 1157 2248 l.
1172 2230 1199 2254 23
1221 2221 1288 2248 Cod.
1311 2221 1342 2248 de
1361 2221 1491 2257 Appellat.
1528 2225 1559 2248 it.
1578 2222 1594 2248 l.
1607 2222 1678 2248 vnic.
1698 2222 1730 2248 D.
1752 2223 1779 2249 Si
1793 2223 1931 2257 pendente.

1178 2264 1222 2284 nr
1232 2264 1247 2284 P
1256 2263 1273 2283 E
1284 2264 1300 2283 L
1309 2265 1325 2284 L
1335 2265 1357 2284 A
1366 2264 1387 2283 T
1398 2265 1417 2284 o
1426 2264 1445 2284 R
1454 2265 1464 2284 1
1473 2265 1493 2283 v
1503 2264 1532 2291 s,
1553 2266 1566 2284 a
1575 2278 1583 2290 ‚
1603 2267 1657 2284 um.
1688 2258 1749 2284 Adi.
1792 2259 1866 2294 Qud
1884 2260 1920 2285 ad
1934 2261 2122 2295 appellationem
2133 2268 2196 2297 per-

1138 2296 1218 2326 tinet,
1238 2300 1284 2325 vt,
1297 2293 1397 2320 Libelli
1411 2293 1579 2328 appellatorii
1593 2294 1652 2329 le.
1673 2293 1690 2319 l.
1708 2302 1717 2320 ι
1739 2292 1763 2331 §.
1777 2294 1824 2321 vlt.
1846 2295 1878 2321 D.
1893 2295 1925 2321 de
1937 2296 2059 2330 appellat.
2105 2297 2196 2323 Tem-

1139 2338 1204 2363 pora
1219 2329 1409 2363 appellatorii,
1429 2330 1472 2355 illa
1487 2329 1618 2359 dicuntur,
1637 2332 1709 2355 intra
1728 2339 1789 2365 quae
1806 2330 1939 2366 appellatio
1958 2335 2086 2368 interponi
2099 2331 2196 2368 potest.

1137 2365 1156 2392 l.
1171 2365 1188 2391 fi
1201 2366 1284 2391 cuius.
1306 2366 1338 2391 D.
1353 2364 1385 2391 de
1401 2364 1494 2399 appell.
1508 2365 1652 2400 recipiend.

1177 2407 1199 2427 A
1208 2408 1222 2427 P
1232 2408 1247 2427 Ρ
1255 2407 1272 2427 E
1282 2407 1297 2426 Ι,
1306 2408 1323 2427 L
1334 2398 1376 2427 ῖΤ
1386 2407 1404 2427 O
1414 2420 1422 2432 ‚
1449 2404 1501 2426 Ere.
1541 2400 1741 2435 [ἓπικαλέυμαι]
1784 2400 1890 2434 Festus,
1921 2402 2120 2438 Appellitauiss‘e
2143 2411 2197 2440 pro

1141 2436 1323 2471 Appellauilse.
1344 2450 1347 2451 ν
1366 2436 1445 2471 Apul.
1461 2436 1538 2470 Apol.
1560 2445 1584 2471 p.
1600 2444 1651 2471 279
1679 2436 1760 2470 Qiod
1782 2446 1840 2463 cum
1863 2437 1922 2464 aliis
1941 2439 2097 2466 nominibus
2115 2440 2196 2476 pueri

1140 2477 1287 2505 vocentur,
1303 2481 1352 2508 ego
1367 2481 1411 2498 eos
1426 2471 1574 2499 Charinum
1588 2480 1614 2499 et
1627 2473 1741 2499 Critiam
1758 2473 1946 2508 appellitarim.

1178 2516 1200 2536 A
1211 2516 1225 2535 P
1235 2516 1250 2535 Ρ
1259 2515 1274 2535 E
1283 2516 1299 2535 L
1309 2515 1325 2535 L
1335 2515 1354 2535 O
1362 2529 1370 2542 ,
1390 2508 1431 2535 iili
1439 2529 1447 2541 ,
1469 2508 1554 2535 ulsum
1564 2529 1572 2541 ,
1593 2509 1683 2535 ellere.
1721 2508 1882 2544 [wpwwfis'w,
1899 2509 2006 2544 ὅμμίζω,
2024 2510 2199 2547 προσορμίζω]

1141 2543 1183 2579 Est
1201 2544 1327 2579 pellend6
1344 2546 1385 2571 vel
1402 2544 1563 2579 impellendo
1584 2544 1728 2576 admouere,
1749 2544 1858 2582 adigere.
1910 2544 2000 2573 Varro
2021 2544 2053 2573 de
2068 2545 2099 2573 RL
2117 2548 2149 2573 R.
2163 2556 2197 2580 ε,

1140 2589 1170 2613 2,
1193 2589 1215 2607 ιι
1238 2580 1279 2607 Ab
1292 2582 1384 2607 occasu
1396 2590 1479 2616 paruo
1494 2581 1637 2608 interuallo
1653 2580 1809 2615 interposito
1830 2580 1862 2608 ad
1881 2580 2029 2608 bibendum
2050 2583 2197 2618 appellunt.

1140 2617 1171 2643 Er
1185 2625 1210 2649 2,
1224 2624 1246 2649 5,
1262 2624 1286 2649 15
1302 2616 1409 2643 *Aestate
1423 2617 1454 2643 ad
1470 2625 1565 2652 aquam
1580 2616 1766 2651 appellendum
1781 2619 1906 2649 (uaccas)
1926 2617 1982 2650 bis,
2003 2618 2091 2645 hieme
2104 2619 2195 2646 semel.

1140 2652 1195 2679 Cic.
1211 2652 1243 2678 de
1257 2653 1349 2679 Diuin.
1365 2662 1384 2687 ι,
1398 2662 1437 2686 44
1458 2662 1479 2679 c.
1494 2661 1523 2679 22
1544 2662 1573 2680 ex
1589 2653 1687 2685 Accio,
1708 2652 1804 2678 Visu'st
1824 2653 1853 2679 in
1871 2653 1970 2680 somnis
1991 2654 2078 2688 pastor
2097 2655 2128 2682 ad
2150 2664 2196 2682 me

1140 2688 1271 2723 appellere
1289 2689 1368 2715 intell.
1382 2698 1498 2724 gregem.
1675 2686 1696 2726 q
1717 2697 1733 2714 2
1765 2689 1883 2715 Donatus
1900 2689 1933 2715 ad
1947 2690 2015 2716 Ter.
2031 2691 2168 2718 Andiz‘Pr.
2183 2700 2195 2718 1

1141 2724 1251 2759 Proprie
1272 2724 1388 2758 dicitur,
1412 2734 1496 2760 quum
1515 2732 1547 2750 ex
1565 2723 1661 2759 pelago
1680 2730 1725 2750 aut
1742 2723 1814 2751 freto
1834 2725 1894 2760 quis
1914 2725 1947 2752 ad
1965 2726 2027 2752 litus
2046 2728 2177 2753 accesserit
2184 2747 2197 2759 ‚

1142 2761 1269 2787 Donatus.
1307 2759 1349 2794 Est
1367 2769 1448 2787 antem
1463 2760 1563 2787 verbum
1576 2759 1658 2786 affini
1675 2763 1794 2797 generis:
1814 2768 1837 2787 et
1845 2765 1951 2797 proprie
1966 2762 2088 2795 dicimus,
2107 2763 2197 2790 Nauis

1139 2797 1248 2833 appulsa
1263 2796 1314 2829 est,
1324 2796 1378 2831 flue
1397 2798 1504 2829 Homo,
1524 2803 1568 2822 aut
1581 2801 1676 2822 ventus
1691 2805 1787 2822 nauem
1801 2797 1913 2832 appulit.
1952 2799 1993 2825 Sic
2004 2798 2063 2825 Cic.
2077 2799 2154 2826 Verr.
2169 2805 2196 2831 5,

1141 2835 1171 2863 86
1192 2832 1360 2868 Posteaquam
1379 2833 1498 2869 paullum
1515 2831 1644 2867 prouecta
1664 2831 1742 2858 claffis
1762 2832 1814 2865 est,
1834 2839 1859 2859 et
1874 2832 2022 2866 Pachynum
2037 2835 2133 2869 quinto
2149 2833 2196 2860 die

1140 2868 1257 2904 denique
1276 2869 1384 2904 appulsa
1400 2868 1444 2895 est.
1481 2867 1549 2895 Ibid.
1564 2867 1725 2903 Appelliturv
1736 2869 1812 2894 nauis
1832 2869 1975 2901 Syracusas.
2010 2870 2068 2896 Cic.
2082 2870 2114 2896 de
2128 2870 2195 2896 Nat.

1142 2905 1222 2931 Deor.
1242 2914 1255 2937 3
1276 2914 1298 2931 c.
1314 2914 1347 2940 34
1368 2905 1425 2939 Qi
1445 2913 1528 2940 quum
1546 2903 1579 2930 ad
1592 2903 1801 2939 Peloponnesum
1822 2905 1923 2931 claffem
1941 2905 2085 2940 appulisset.
2122 2904 2195 2931 Add.

1140 2941 1209 2976 Nep.
1225 2946 1248 2974 8,
1261 2950 1290 2974 4,
1304 2951 1323 2975 4
1344 2942 1414 2968 Cum
1432 2946 1541 2976 praetor
1561 2939 1662 2966 classem
1683 2939 1714 2966 ad
1729 2940 1853 2966 Ciliciam
1875 2940 2018 2975 appulifl'et.
2056 2940 2104 2968 Sed
2120 2943 2196 2966 varie

1140 2976 1227 3003 deinde
1244 2983 1370 3009 mutatur,
1393 2975 1470 3011 ellz'pfi
1485 2975 1634 3011 praesertim
1653 2976 1820 3002 intercedente
1838 2975 1996 3009 construe-lio.
2049 2976 2110 3003 Liu.
2131 2982 2160 3008 8,
2180 2984 2196 3008 3

1141 3013 1179 3039 Eo
1199 3021 1269 3039 anno
1283 3012 1463 3039 Alexandrum
1478 3012 1554 3048 Epiri
1569 3020 1660 3046 regem
1680 3012 1708 3038 in
1722 3011 1826 3038 Italiam
1845 3012 1919 3038 claffe
1938 3011 2064 3047 appulisse
2084 3011 2197 3040 constat.

1141 3048 1274 3082 Qiinefil.
1289 3056 1318 3083 7,
1330 3057 1352 3081 3,
1367 3057 1393 3081 3ι
1420 3049 1494 3075 Pater
1508 3047 1564 3074 eius
1586 3056 1601 3073 a
1615 3047 1790 3073 transmarina
1809 3048 2040 3083 peregrinatione,
2060 3057 2144 3083 quum
2160 3047 2195 3075 ad

1141 3084 1205 3110 litus
1224 3083 1296 3110 idem
1315 3083 1470 3119 appuliffet:
1492 3083 1563 3110 lecto
1582 3083 1692 3109 nomine
1712 3083 1844 3118 suspendit
1862 3084 1897 3110 se.
1934 3084 1995 3110 Alia
2009 3083 2086 3118 ellipfl
2099 3083 2195 3110 Tacit.

1143 3121 1210 3147 Ann.
1227 3129 1253 3152 2,
1267 3129 1313 3154 24,
1329 3130 1341 3153 3
1368 3120 1428 3147 Sola
1442 3119 1596 3146 Germanici
1616 3119 1734 3146 triremis
1754 3119 1822 3151 (ad)
1836 3118 2004 3145 Chaucorum
2019 3125 2118 3146 terram
2132 3119 2195 3156 (se)

1142 3156 1254 3191 appulit.
1291 3158 1323 3183 Ec
1335 3167 1364 3190 4,
1377 3164 1420 3192 27,
1435 3164 1448 3182 2
1469 3156 1541 3183 Tres
1555 3155 1670 3182 biremes
1691 3155 1814 3190 appulere
1834 3155 1873 3191 (se
1886 3154 1920 3180 ad
1932 3156 2020 3188 litus).
2059 3155 2106 3182 Sed
2118 3158 2196 3191 plene

1143 3192 1257 3219 Terent.
1271 3191 1353 3219 Andr.
1373 3201 1398 3225 4,
1411 3194 1438 3225 6,
1453 3200 1480 3218 12
1506 3191 1587 3218 Haud
1607 3191 1741 3226 auspicato
1761 3190 1811 3217 huc
1830 3199 1872 3216 ine
1895 3190 1994 3225 appuli.
2037 3191 2116 3218 Verba
2129 3191 2196 3228 sime

1142 3228 1270 3261 Critonis,
1290 3231 1334 3265 qui
1344 3230 1405 3254 naui
1415 3228 1530 3254 Athenas
1548 3234 1660 3254 venerat.
1697 3229 1759 3254 Item
1773 3226 1868 3260 Virgil.
1883 3226 1948 3252 Aen.
1963 3235 1987 3260 3,
1999 3234 2043 3262 715
2063 3227 2134 3260 Hinc
2149 3236 2194 3254 me

1142 3263 1282 3299 digressum
1300 3263 1394 3291 vestris
1408 3263 1477 3290 deus
1498 3263 1602 3298 appulit
1622 3263 1686 3290 oris.
1735 3264 1765 3288 Et
1786 3262 1842 3288 Cic.
1862 3270 1911 3296 pro
1925 3263 1956 3289 C.
1970 3262 2062 3290 Rabit.
2079 3272 2108 3299 25
2133 3263 2196 3290 Neo

1141 3305 1198 3327 tuas
1213 3308 1330 3334 vnquam
1344 3300 1462 3326 rationes
1480 3299 1513 3325 ad
1529 3308 1574 3326 eos
1588 3299 1709 3334 scopulos
1729 3297 1882 3332 appulisses,
1899 3297 1931 3324 ad
1950 3307 2016 3334 quos
2031 3298 2102 3326 Sexti
2116 3298 2196 3326 Titii

1141 3335 1267 3363 afflictam
1282 3344 1394 3368 nauem,
1414 3341 1442 3362 et
1455 3335 1485 3362 in
1498 3334 1596 3370 quibus
1610 3335 1641 3361 C.
1656 3334 1767 3361 Deciani
1779 3333 1948 3368 naufragium
1968 3334 2137 3361 fortunarum
2151 3335 2194 3360 vi-

1142 3371 1227 3399 deres.
1425 3369 1446 3409 ff
1465 3380 1478 3404 3
1512 3371 1690 3406 Metaphorice.
1729 3369 1842 3396 Terent.
1862 3369 1944 3397 Andr.
1965 3371 2004 3397 Pr.
2024 3379 2036 3397 1
2063 3371 2194 3397 Animum

1141 3408 1173 3435 ad
1193 3407 1361 3435 scribendum
1380 3407 1498 3442 appulit,
1516 3410 1535 3433 i.
1544 3407 1573 3442 se
1592 3406 1626 3432 ad
1637 3404 1796 3441 scribendum
1814 3407 1928 3432 contulit.
1965 3407 2006 3434 Sic
2019 3406 2060 3432 Ad
2080 3414 2194 3433 vitorem

1141 3444 1261 3471 animum
1281 3443 1385 3478 appulit
1397 3444 1466 3470 Ter.
1479 3442 1561 3469 Andr.
1576 3451 1608 3481 2,
1627 3444 1644 3467 6
1652 3461 1665 3481 ,η
1680 3448 1714 3481 15.
1751 3442 1783 3467 Et
1805 3441 1862 3469 Cic.
1874 3441 1908 3468 dc
1920 3442 1996 3469 Orat.
2012 3451 2042 3474 2,
2058 3450 2103 3475 154
2123 3451 2145 3467 c.
2159 3448 2195 3503 33

1142 3479 1257 3507 Timide
1271 3485 1398 3515 tanquam
1412 3479 1444 3506 ad
1456 3478 1574 3513 aliquem
1587 3477 1710 3503 libidinis
1721 3476 1874 3512 scopulum,
1892 3477 1925 3504 fic
1936 3484 2016 3504 tuam
2031 3483 2146 3503 mentem
2158 3485 2172 3503 a

1143 3515 1342 3551 philosophiam
1356 3514 1489 3550 appulisti.
1546 3513 1627 3539 Plaut.
1643 3512 1711 3539 Rud.
1723 3522 1752 3548 4,
1764 3521 1788 3545 3,
1802 3521 1854 3547 104
1871 3513 1912 3540 Ad
1923 3514 2046 3548 ignotum
2060 3512 2195 3540 arbitrum

1141 3561 1185 3578 me
1199 3551 1325 3586 appellis,
1347 3554 1365 3577 i.
1380 3551 1493 3578 adducis.
1529 3549 1604 3576 Idem
1620 3547 1691 3575 Afin.
1706 3557 1730 3582 3,
1743 3557 1768 3581 3,
1780 3557 1812 3583 43
1840 3549 1951 3584 Argenti
1970 3549 2069 3583 viginti
2086 3548 2194 3580 minae,

66 3621 83 3650 33
97 3615 286 3653 'Nihilominus
299 3616 423 3649 fuerunt,
443 3625 489 3651 qui
511 3617 597 3651 ipsum
615 3616 700 3643 adhuc
717 3618 859 3645 vocabulum
879 3619 912 3644 ab
927 3620 1086 3655 appellatione
1095 3587 1362 3660 9³1¹)715953n2mnem
1375 3586 1548 3622 aPPUIerunt'
1569 3583 1637 3620 quast
1647 3583 1734 3618 ‘hcm'
1745 3586 1824 3612 Paene
1832 3585 1869 3612 ad
1879 3592 1981 3613 monem
1993 3593 2069 3620 Usque
2079 3593 2116 3610 me
2126 3593 2181 3611 com

1178 3665 1304 3686 APPVL
1313 3666 1326 3686 S
1335 3665 1358 3685 V
1367 3665 1397 3690 S,
1428 3665 1458 3689 a,
1482 3664 1537 3682 um.
1576 3655 1669 3682 Par-tic.
1706 3655 1910 3693 [προσορμιιθεῖς]
1959 3656 2009 3688 Vt,
2036 3655 2092 3683 Cic.
2114 3656 2193 3683 Verr.

1146 3703 1175 3728 5,
1188 3703 1214 3728 51
1234 3695 1270 3722 Vt
1287 3703 1343 3727 eos,
1358 3693 1407 3728 qui
1420 3693 1500 3718 effent
1508 3690 1607 3726 appulsi
1622 3691 1746 3726 nauigiis,
1759 3692 1909 3719 interficere
1924 3692 2031 3726 possent.
2104 3691 2195 3718 Classis

1142 3731 1248 3766 appulsa
1264 3730 1338 3757 Idem
1352 3731 1428 3756 Verr.
1442 3736 1455 3760 3
1476 3737 1497 3753 c.
1512 3735 1548 3759 33.
1585 3729 1616 3754 ic.
1638 3727 1708 3763 Nep.
1724 3736 1745 3761 ι,
1758 3737 1787 3762 4,
1802 3736 1827 3754 2.
1896 3728 1997 3761 Magno
2017 3735 2131 3754 numero
2146 3736 2192 3754 na-

1179 3810 1201 3829 A
1211 3809 1226 3828 P
1238 3809 1253 3828 P
1264 3809 1286 3829 v
1294 3809 1311 3828 1.
1320 3809 1333 3828 S
1343 3808 1365 3827 v
1373 3807 1385 3827 S
1394 3820 1403 3832 ,
1429 3807 1468 3825 us·
1493 3807 1530 3825 m·
1569 3798 1583 3832 [
1590 3797 1763 3835 προσᾶρμισις]
1817 3795 1947 3831 Acceffias,
1968 3800 2011 3834 qui
2022 3797 2060 3834 fit
2080 3801 2191 3835 nauigio.

1143 3837 1204 3865 Liu.
1218 3846 1264 3872 27,
1284 3846 1315 3870 30
1340 3838 1375 3863 Vt
1395 3834 1529 3867 Attalum,
1556 3843 1639 3870 quem
1665 3835 1738 3862 classe
1752 3834 1885 3861 Euboeam
1898 3834 2043 3868 petiturum
2057 3834 2192 3865 audierat,

1144 3873 1275 3908 portubus
1289 3872 1323 3900 ab
1340 3872 1453 3898 litorum
1472 3870 1582 3905 appulsu
1595 3875 1712 3903 arceret,
1732 3874 1750 3897 τ’.
1765 3877 1793 3896 vt
1801 3869 1947 3905 prohiberet
1959 3879 2027 3902 eum,
2047 3879 2077 3896 ne
2091 3869 2125 3895 ad
2133 3877 2193 3904 por-

1142 3917 1184 3936 tus
1196 3917 1241 3936 aut
1253 3911 1331 3936 litora
1344 3905 1439 3940 classem
1451 3905 1588 3947 appelleret.
1639 3907 1687 3934 Sed
1698 3910 1771 3933 etiam
1785 3907 1863 3931 latius
1872 3911 1962 3940 patet,
1989 3916 2014 3932 v.
2028 3915 2054 3942 g.
2073 3906 2192 3931 Deorum

43 3934 163 3975 »Qitari
173 3937 267 3973 potest,
280 3937 344 3972 quia
356 3937 430 3964 aliud
443 3939 498 3965 alio
511 3939 573 3965 loco
584 3939 683 3972 valent,
695 3946 724 3966 vt
736 3937 815 3966 ledus
829 3946 856 3966 et
862 3939 974 3976 sapiens.
1001 3943 1087 3975 Quae-
1096 3945 1253 3984 ¹05appu1su
1268 3943 1392 3972 homines
1409 3942 1559 3975 somniant,
1577 3945 1598 3970 i.
1613 3942 1734 3975 aduentu,
1746 3941 1891 3977 praesentia
1903 3941 1960 3969 Cic.
1974 3941 2067 3968 Diuin-
2083 3949 2092 3966 ¹
2111 3950 2134 3966 c.
2150 3948 2188 3969 3ο.

1456 3977 1480 4004 D
1500 3977 1518 4005 d
1536 3977 1555 4005 d
1591 3987 1609 4006 a
2068 3977 2111 4004 Sic
2119 3974 2191 4001 Idem
