2474 4182
44 193 112 235 837
429 178 464 218 C
534 176 676 220 EN

44 272 147 305 Caecin.
161 279 194 305 99
206 279 227 297 c.
236 277 268 302 34
288 269 355 295 Cum
370 268 407 301 is,
429 268 475 304 qui
492 268 520 294 in
533 266 659 294 seruitute
672 264 737 291 iusta
748 264 840 297 fuerit,
849 266 925 291 censu
939 264 1079 297 liberetur,

43 318 118 340 euin,
139 308 184 341 qui
196 315 252 332 cum
274 304 342 331 liber
353 305 411 331 cssct
426 304 523 331 censeri
537 302 668 333 noluerit,
689 300 737 326 fibi
751 300 901 328 libertatem
915 301 1080 327 abiudicass'e.

18 350 19 355 ¹
45 345 86 373 Ne
98 343 185 369 absens
197 341 325 372 censeare,
341 341 440 368 curabo
451 339 605 366 edicendum
619 342 644 363 et
659 337 859 371 proponendum
876 337 940 363 locis
955 337 1081 363 omnibus

18 383 20 410 Ἰ
44 379 97 406 Cic.
111 379 162 404 Att.
184 385 204 409 1,
223 382 248 406 18
277 384 342 402 extr.
411 375 483 403 Idem
501 375 553 401 Λα.
575 381 594 404 1,
616 381 639 404 13
671 372 722 398 Sub
742 372 852 399 lustrum
869 379 956 399 autem
973 373 1080 402 censeri,

18 422 21 444 1
43 413 158 449 germani
171 412 345 447 negotiatoris
359 412 402 438 est.
439 410 494 443 Qui
508 414 612 435 centum
627 414 652 434 ct
666 408 763 442 viginti
778 409 896 444 quinque
916 409 1001 435 millia
1014 408 1081 434 acris

43 449 185 484 ampliusue
198 448 264 474 cem‘i
273 454 346 475 crant
364 446 430 473 Gcll.
439 454 464 480 7,
473 453 505 476 13.
597 441 617 479 ff
630 452 642 476 ς
663 445 770 471 Praedia
778 446 881 471 censere
893 445 986 471 dicttur
998 447 1081 475 ctiam,

40 488 82 524 qui
97 485 188 520 sensiam
200 483 345 518 profitctztr,
363 482 427 518 quod
437 482 500 507 alias
512 480 610 506 censeri
625 478 666 512 est.
716 481 773 507 Cic.
793 489 842 515 pro
856 481 948 507 Flacco
969 485 1000 509 80
1015 488 1035 504 c.
1051 486 1081 510 32.

42 521 72 547 In
92 528 142 554 qua
166 520 239 546 tribu
257 519 372 552 denique
394 517 440 543 ista
456 514 562 549 praedia
581 516 720 543 censuisti?
756 517 802 544 sed
817 517 901 552 paullo
911 515 966 551 post
982 516 1079 554 Verum

21 571 22 574 =
43 555 114 588 esto,
133 556 262 589 gloriosus
282 554 369 586 fuisti,
388 551 495 579 voluisti
512 560 637 586 magnum
649 553 707 586 agri
720 552 829 578 modum
843 552 949 582 censeri,
967 557 993 576 et
1007 550 1080 576 illius

42 592 115 626 agri,
125 592 172 626 qui
185 590 271 618 diuidi
285 589 356 625 plebi
374 589 505 614 Romanae
521 596 575 614 non
588 588 680 623 potest.
735 589 832 615 Census
848 597 874 614 es
890 592 1021 622 praetcrea
1034 594 1080 626 nu-

42 634 156 654 meratae
167 627 291 661 pecuniae
317 631 358 651 cx
369 630 414 650 xx
441 630 461 649 H
471 630 492 649 S.
519 624 582 650 Eam
601 624 700 658 opinor
720 624 772 651 tibi
787 630 949 650 numeratam
963 631 1015 647 non
1031 622 1079 647 esse

41 663 86 690 abs
102 669 134 689 te.
172 663 219 688 Sed
233 661 294 688 haec
308 659 411 686 omitto,
450 659 547 685 Census
562 669 587 686 es
606 660 738 694 mancipia
753 661 895 692 Amyntae:
916 667 1000 693 neque
1016 657 1080 683 huic

20 686 122 731 lvllam
147 698 174 724 in
197 706 230 724 eo
248 695 331 723 secisti
346 694 493 720 iniuriam:
524 695 631 729 possidet
651 696 723 722 enim
743 705 774 723 ea
794 695 925 729 mancipia
946 695 1081 727 Amyntas.

16 735 19 744 ³
41 735 77 761 Ac
98 734 185 768 primo
205 732 309 767 quidem
327 730 480 764 pertimuit,
506 741 588 766 quum
607 738 632 758 tc
652 732 761 758 audili‘ct
782 733 871 758 seruos
891 732 949 757 suos
962 730 1010 756 esse
1024 738 1081 755 cen-

18 775 19 778 ’
40 771 105 798 sum.
143 768 243 796 Retulit
256 765 286 793 ad
295 766 380 792 ICtos.
395 766 536 794 Constabat
549 768 619 794 inter
633 777 739 799 omnes,
759 767 776 793 si
791 767 875 793 aliena
889 765 1017 792 censendo
1031 766 1081 792 De-

25 805 129 832 cianus
150 806 192 831 sua
210 804 293 830 facere
312 802 391 836 pofl‘ct
405 822 414 833 ,
454 812 514 829 eum
536 804 678 830 maximam
698 803 852 830 habiturum
871 803 918 828 ess'e
941 801 1081 827 familiam.

39 841 100 868 Liu.
114 850 140 873 4,
154 845 166 871 8
185 837 306 866 Formula
320 837 450 864 censendi.
492 840 606 866 Cic.A.1
620 840 731 866 inVerr.
744 847 775 871 54
797 840 872 871 Qiae
887 838 1013 864 conuenit
1028 845 1081 863 vno

18 868 23 908 ’,ι
41 879 158 911 tempore
175 873 306 908 vndique,
338 875 529 908 comitiorum,
563 875 726 902 iudiciorum
745 874 919 908 censendique
941 874 1032 905 causa,
1052 871 1080 899 de

18 917 21 929 ²
33 912 178 949 frequentia
191 911 287 936 Italiac.
360 910 415 936 Cic.
440 919 488 944 pro
506 911 598 938 Flacco
618 917 650 941 80
667 920 688 936 c.
704 918 733 942 32
767 909 836 936 Illud
858 918 973 944 quaero,
997 909 1080 935 sintne

38 947 85 975 ista
98 945 201 981 praedia
214 945 302 971 censui
316 945 461 973 censendo?
481 946 595 974 habeant
605 947 645 973 ius
654 946 750 972 ciuile?
770 946 836 978 Sint,
846 954 892 971 nec
906 953 939 970 ne
947 945 995 970 sint
1009 953 1081 970 man-

38 982 109 1017 cipi?
129 980 278 1015 subsignari
292 981 359 1016 apud
374 983 523 1015 aerarium,
551 982 618 1018 apud
632 982 766 1009 censorem
780 981 888 1015 possint?
916 980 1002 1006 Festus
1016 981 1082 1006 hane

26 1018 167 1055 lsormulam
181 1019 218 1043 ita
232 1018 355 1052 explicat,
373 1018 470 1044 Censui
488 1018 614 1045 censendo
633 1018 690 1052 agri
709 1017 817 1051 proprie
830 1016 1013 1051 appellantur,
1033 1015 1081 1050 qui

36 1053 115 1083 etiam
135 1058 160 1079 et
178 1053 272 1079 venire
287 1053 345 1080 iure
359 1054 435 1080 ciuili
448 1055 556 1089 possunt.
594 1056 686 1088 Nempe
700 1053 796 1079 Censui
809 1052 938 1079 censendo
952 1052 1081 1088 aptasunt

31 1088 150 1126 praediti,
181 1097 282 1123 quorum
302 1090 391 1116 census
411 1091 527 1122 censeri,
553 1092 661 1125 pretium
679 1087 805 1121 acstinmri
824 1088 923 1115 ordinis
942 1098 971 1114 ac
989 1087 1082 1113 tributi

35 1124 106 1160 causa
123 1123 213 1159 potest.
284 1125 389 1159 leian.
411 1126 427 1152 l.
448 1127 566 1152 Aetatem
586 1126 616 1152 D.
634 1124 666 1151 de
685 1124 810 1151 Censibus
832 1126 951 1151 Aetatem
972 1123 1000 1148 in
1014 1123 1081 1148 Cen-

24 1160 115 1188 <sendo
134 1159 280 1195 significare
299 1162 397 1187 necesse
416 1161 460 1188 est.
533 1162 562 1188 L.
585 1170 594 1187 1
614 1161 644 1187 C.
669 1161 701 1187 In
721 1161 817 1195 quibus
831 1160 912 1186 causis
925 1159 1018 1194 pignus
1037 1157 1080 1184 vel

34 1192 144 1232 hypoth.
183 1197 310 1223 Vniuersa
325 1197 565 1232 bonaeorum,qui
586 1197 736 1227 censentur,
764 1197 823 1224 vice
837 1197 976 1231 pignorum
996 1193 1081 1234 tri-bu-

366 1233 396 1258 Et
409 1232 427 1259 l.
446 1241 458 1265 3
478 1233 508 1259 C.
528 1232 638 1260 Theod.
658 1233 690 1259 de
710 1232 906 1263 Censitoribus,
932 1232 967 1257 Vt
981 1231 1081 1257 scilicet

34 1277 113 1296 omne
126 1268 296 1295 territorium
307 1269 439 1295 censeatur
453 1276 498 1296 etc.
571 1269 694 1300 Censeri-t
700 1267 915 1302 Aestimationem,
943 1265 1082 1293 auHorita-

33 1310 127 1340 temque
140 1302 231 1340 affiqui
238 1324 247 1336 ,
265 1307 293 1330 in
302 1306 385 1340 pretio
400 1304 494 1331 haberi.
567 1305 623 1331 Cic.
638 1313 687 1340 pro
702 1304 800 1331 Archia
820 1312 844 1336 13
858 1313 879 1329 c.
892 1305 909 1329 6
929 1303 1016 1337 Atque
1030 1302 1080 1329 hoe

35 1339 98 1366 ideo
113 1339 181 1366 mihi
199 1339 392 1366 concedendum
407 1339 443 1367 est
456 1340 557 1376 magu,
582 1341 655 1376 quod
677 1349 708 1368 ex
723 1340 764 1367 his
785 1339 878 1367 studiis
896 1338 960 1364 hace
972 1347 1080 1373 quoque

35 1376 154 1402 censetur
166 1375 254 1402 oratio
267 1381 293 1402 et
305 1376 431 1408 facultas,
451 1383 495 1403 etc.
512 1380 532 1403 ι’.
548 1379 658 1404 Pretium
677 1383 701 1403 et
711 1375 901 1410 aestimationem
913 1382 1037 1406 meretur,
1057 1380 1081 1400 et

30 1414 62 1442 ,in
70 1414 164 1448 primis
182 1410 307 1438 laudatur.
341 1413 369 1438 A
386 1412 490 1438 Graecis
507 1411 579 1439 δοκεῖν
599 1413 700 1439 dicitur.
735 1413 778 1439 Sic
798 1410 926 1443 Budaeus:
946 1417 969 1436 ct
989 1411 1082 1447 legitur

35 1450 64 1474 in
85 1446 220 1474 emendatis
239 1446 372 1474 codicibm.
425 1449 471 1475 Al.
490 1448 591 1475 Crescit
609 1449 704 1475 oratio.
747 1446 891 1478 Aristides,
923 1455 978 1481 quo
997 1447 1081 1472 totius

36 1482 162 1510 Graeciae
182 1482 282 1516 iustitia
301 1483 430 1510 Censetur
460 1484 518 1510 Val.
537 1485 608 1511 Max.
627 1492 651 1517 ς,
665 1492 677 1516 3
692 1489 757 1509 extr.
770 1491 792 1515 3.
866 1482 1043 1516 Amplifiimae
1054 1488 1082 1508 et

36 1518 228 1553 speciosissimae
241 1518 352 1545 diuitiae
365 1519 439 1552 sunt,
462 1519 581 1546 feliciter
593 1520 707 1554 erogatis
720 1517 858 1545 beneficiis
870 1518 922 1544 late
937 1519 1006 1552 posse
1023 1527 1081 1558 cen-

415 1555 463 1581 Vcl
486 1563 553 1590 quae
571 1557 688 1582 centenis
708 1556 846 1581 censentur
865 1554 985 1589 gramina
1003 1553 1082 1580 nodis

383 1590 505 1623 Annule,
525 1590 659 1618 formosae
683 1590 797 1626 digitum
821 1590 946 1617 vincture
966 1589 1082 1653 pgellae,

1004 1634 1036 1652 ic.
1053 1635 1082 1652 1n

35 1232 69 1260 tis
84 1231 206 1266 obligata
226 1233 293 1266 sunt.

48 1555 89 1581 eri
112 1554 149 1581 Id.
163 1554 199 1581 ib.
213 1564 235 1581 c.
248 1563 265 1582 2
279 1561 342 1582 extr.

65 1609 70 1615 .
95 1590 182 1617 Seren.
203 1599 225 1617 c.
243 1599 270 1623 2,
288 1598 310 1622 3.

4 1648 7 1653 .
48 1634 64 1651 n
78 1635 131 1659 quo
145 1625 300 1652 censendum
311 1626 367 1658 nil,
387 1625 435 1652 nisi
449 1626 534 1653 dantis
546 1635 623 1654 arnor
638 1626 720 1654 Ouid.
735 1629 795 1653 Am.
812 1635 839 1659 ,2,
855 1634 888 1660 ις,
901 1635 925 1653 2..

2 1704 15 1719 ει
50 1695 115 1722 luris
127 1696 339 1730 aestimabimus,
360 1697 498 1732 pecuniam
513 1698 623 1730 Pyrrhi,
643 1705 688 1725 etc.

47 1740 95 1759 ena
113 1735 148 1767 67
174 1732 232 1759 Nee
250 1732 328 1759 laude
349 1733 472 1760 virorum
493 1734 601 1761 Censeri
619 1740 741 1761 contenta
760 1734 821 1760 fuit.

51 1767 123 1794 elluo
143 1767 230 1794 studio
249 1767 364 1795 bibendi
382 1768 437 1795 sole
457 1769 576 1796 censetur
595 1770 672 1804 Apul.
686 1770 764 1804 Apol.
777 1779 803 1804 p.
816 1778 862 1801 311.

47 1804 151 1831 cnsetur
171 1809 262 1830 monte
277 1804 402 1831 Gaurano
414 1805 496 1831 Pacat.
509 1806 600 1838 Paneg.
615 1804 766 1831 Theodosii
779 1814 801 1831 e.
816 1813 843 1838 4.

732 1698 872 1725 Claudian.
886 1698 976 1732 Epigr.
992 1697 1025 1723 de
1039 1698 1081 1724 Se-

892 1733 943 1761 Iste
963 1734 1080 1759 summus

935 1769 1080 1803 Campania

904 1805 955 1839 Ipsi
970 1813 1080 1840 quoque

248 1874 279 1902 Id
299 1875 328 1901 in
342 1883 448 1910 quoque
461 1875 593 1909 optimum
607 1875 660 1908 est,
685 1876 730 1902 cui
744 1876 877 1909 nascitur,
892 1885 946 1911 quo
960 1878 1081 1904 censetur

275 1911 402 1945 Quisquis
420 1911 511 1946 paullo
530 1911 661 1938 vetustior
677 1913 771 1945 miles,
798 1911 841 1938 hic
854 1918 880 1938 te
893 1912 1081 1939 commilitone

48 1947 152 1973 ensetur
176 1945 240 1974 Plin.
252 1946 312 1972 Pan.
329 1955 350 1973 c.
368 1955 403 1980 15.
602 1944 622 1984 q
642 1949 660 1973 6
696 1949 826 1980 Censere,
852 1948 1006 1974 Succensere
1021 1946 1080 1982 resse

63 1991 106 2008 on.
120 1990 149 2015 4,
162 1985 199 2011 88.
271 1982 375 2015 Varro,
396 1982 440 2009 Ne
453 1982 533 2009 vobis
544 1983 678 2015 censeam,
698 1983 716 2009 si
730 1983 763 2009 ad
775 1992 818 2009 me
832 1983 962 2010 reseretis.

68 2022 231 2048 crusvs,
249 2025 274 2050 a,
294 2027 349 2044 um.
369 2024 393 2044 et
412 2024 627 2051 cansvrvs,
646 2018 701 2045 vid.
716 2017 775 2054 post
792 2025 989 2046 CENSVRA.

65 2059 190 2085 CENS10‚
203 2052 272 2080 onis.
287 2053 307 2080 f.
324 2053 450 2089 [τίμησις]
468 2052 625 2087 Aestimatio.
638 2054 797 2082 Plaut.Rud.
807 2063 836 2088 4,
850 2060 872 2086 8,
884 2063 902 2088 9
921 2054 1082 2091 responderat

17 2111 23 2115 .
57 2091 160 2126 iquoties
171 2089 324 2121 Trachalio,
341 2089 453 2116 Censeo.
489 2089 659 2126 Pleustdippm
668 2090 921 2127 indignabundu5‚At
936 2093 1009 2118 sume
1023 2091 1082 2125 qui-

50 2133 102 2158 em,
114 2126 212 2160 inquh,
231 2127 250 2151 i.
260 2124 383 2160 summam
391 2125 457 2161 fac,
479 2134 513 2152 ne
526 2125 674 2152 censionem
687 2127 789 2161 semper
802 2127 893 2154 facias.
930 2127 978 2154 scd
991 2126 1081 2153 Aulus.

42 2170 60 2193 ¹„
73 2169 94 2192 1,
109 2167 135 2193 ις
162 2159 219 2194 Qui
236 2168 267 2186 ea
283 2160 404 2193 curabit,
423 2160 693 2188 abstinebitcensione
712 2161 828 2194 bubula,
852 2165 870 2187 i.
884 2161 990 2197 ffcgiet
1001 2163 1081 2186 anim-

43 2194 196 2230 rduerfionem
208 2194 351 2232 flagrorum
366 2205 378 2222 e
390 2198 442 2222 loro
459 2197 553 2223 bubulo.
589 2197 701 2232 Respicit
713 2197 749 2222 ad
767 2206 819 2222 eam
840 2199 980 2227 notionem,
1006 2204 1079 2230 quam

44 2231 101 2258 :esti
119 2230 203 2258 verbis
216 2237 349 2266 portemur,
372 2231 465 2257 Censio
478 2232 627 2258 aestimatio
647 2231 717 2258 vnde
730 2232 868 2258 Censores.
922 2229 1018 2257 Censio
1033 2229 1079 2256 ha-

45 2267 109 2292 baria
122 2266 275 2297 dicebatur,
294 2275 353 2292 cum
373 2266 457 2292 militi
474 2267 574 2294 multae
594 2267 704 2293 nomine
718 2266 755 2293 ob
767 2265 897 2293 delitff‘mm
909 2267 1028 2293 militare
1040 2267 1080 2292 in-

45 2301 184 2333 icebatur,
207 2300 279 2336 quod
301 2301 382 2328 hastas
399 2301 482 2329 daret.
538 2302 695 2330 Censionem
714 2302 802 2329 facere
823 2302 963 2330 dicebatur
976 2303 1080 2336 censor,

26 2355 29 2362 .
45 2345 89 2364 um
101 2337 213 2364 multam
224 2336 310 2372 equiti
328 2337 473 2372 irrogabat.
530 2340 590 2365 Non
602 2339 672 2375 satis
679 2338 756 2375 sorte
772 2338 832 2365 haec
856 2347 905 2365 ana
911 2339 990 2375 fimt:
1017 2337 1081 2365 illud

49 1895 56 1902 .
68 1883 99 1908 39
114 1881 178 1902 extr.

51 1919 91 1938 en.
105 1919 145 1946 ep.
160 1912 204 1946 76.

46 2410 140 2436 tultam.
181 2409 271 2435 Verum
287 2410 373 2436 Varro
388 2408 421 2436 de
434 2410 464 2436 L.
479 2410 509 2436 L.
523 2419 552 2444 4,
566 2419 596 2445 ¹4
610 2419 635 2446 p.
650 2419 688 2443 22,
705 2417 730 2443 15
751 2410 866 2443 Censor,
887 2410 919 2437 ad
933 2411 1009 2437 cuius
1022 2418 1081 2437 cen-

47 2445 148 2476 ionem,
167 2444 196 2471 id
208 2443 245 2472 est
261 2443 419 2478 arbitrium,
436 2446 584 2473 censeretur
597 2446 719 2481 populus.
776 2446 923 2479 symmach.
937 2446 1016 2481 Epist.
1032 2455 1052 2477 1,
1063 2446 1079 2477 ’3

47 2490 62 2507 n
74 2480 152 2515 graui
164 2480 236 2542 dqlno
254 2479 357 2515 habeo,
381 2481 448 2509 hanc
465 2481 535 2517 apud
555 2491 602 2509 vos
623 2483 672 2510 esse
685 2482 719 2510 de
731 2482 830 2510 nostris
848 2482 967 2516 epistolis
981 2481 1080 2507 censio-

51 2525 92 2544 em
128 2526 146 2543 1.
162 2526 187 2543 tu
207 2526 289 2543 (ctum.

68 2536 162 2580 clius
172 2559 211 2579 1¹1*
221 2559 258 2580 10
267 2572 276 2585 ‚
296 2553 374 2580 onis:
386 2553 456 2581 Idem
476 2553 542 2591 quod
559 2553 658 2590 Cen-fiis.
682 2553 812 2588 Spartian.
824 2553 855 2579 in
867 2552 970 2578 Pescen.
983 2551 1049 2585 Nig.
1063 2557 1081 2586 7

21 2600 27 2612 κ
63 2597 134 2615 erras
149 2588 239 2615 leuare
253 2588 406 2616 censitione.
444 2591 485 2618 Sic
505 2590 656 2625 Vespasiani
677 2588 820 2615 censitione
833 2593 860 2614 et
873 2587 939 2614 iussu
959 2587 1083 2615 Frontin.

49 2633 64 2651 e
77 2624 198 2652 Coloniis
211 2624 359 2653 inVCalabr.
375 2634 400 2660 p.
415 2628 473 2659 14⁶·
510 2623 552 2659 Est
563 2635 618 2653 non
632 2625 720 2651 minus
732 2632 813 2659 quam

67 2661 291 2692 CENsiTOR,
311 2660 374 2686 oris.
386 2669 431 2695 1η.
468 2661 606 2696 [ntum->Q
626 2658 780 2695 dnoyeaoesds
799 2660 859 2687 Vet.
883 2658 963 2687 Gloff.
1020 2659 1080 2686 Cen-

73 2714 82 2726 ,
93 2695 124 2721 ab
134 2698 236 2731 antiquo
247 2694 320 2722 verbo
328 2695 423 2721 Censio
436 2698 522 2730 quarti
536 2696 643 2723 ordinis.
662 2696 766 2731 leian.
780 2695 809 2723 in
821 2694 839 2722 l.
856 2696 952 2723 forma.
984 2716 990 2721 .
1005 2695 1080 2722 illam

55 2771 65 2792 t
78 2764 168 2792 officio
181 2765 238 2792 eius
249 2772 386 2800 congruat,
399 2773 444 2793 etc.
479 2767 645 2796 Censitorum
658 2768 716 2795 vice
727 2768 806 2803 fungi
812 2768 997 2802 Pomponiusl.
1006 2776 1079 2802 ergo.

54 2821 59 2827 .
73 2801 185 2828 alluuio.
200 2801 231 2827 D.
244 2801 276 2828 de
289 2810 345 2837 aeq.
358 2810 410 2830 rer.
423 2801 496 2830 dom.
538 2804 587 2830 Sed
600 2805 659 2841 osus
670 2804 778 2831 obtiniit
787 2825 796 2837 ‚
809 2811 840 2830 vt
853 2807 874 2830 ii
887 2804 940 2841 fiali
952 2805 1080 2832 Censores

61 2840 178 2864 ἐενι-ηηιν
184 2840 256 2908 ,squi
266 2838 355 2900 Rom‘ae
368 2837 463 2901 εειιΪΙῐυέι
474 2847 585 2901 ιζξενεῧί,
598 2848 622 2868 ct
635 2843 657 2867 ii
668 2840 815 2903 danskisores
824 2860 833 2873 ,
846 2844 891 2876 qui
902 2842 1082 2903 ι’ἒιζοιιίᾶσῧς

53 2882 80 2899 OC
90 2882 186 2899 muner?
214 2882 321 2900 unUerc'n
335 2884 349 2900 ΙΙ
367 2894 373 2900 .
422 2883 439 2900 n
458 2884 464 2889 “
523 2896 528 2901 .
597 2897 602 2903 .
790 2897 796 2903 .
830 2896 836 2902 .
977 2896 983 2902 .
1071 2893 1081 2898 ·

73 2909 95 2935 A
102 2909 149 2935 T1
158 2909 180 2935 V
189 2909 212 2935 S.
235 2897 273 2936 M.
291 2909 319 2936 F.
338 2884 386 2936 PrA
393 2909 424 2937 L.
443 2882 529 2938 Arilplt(
536 2912 555 2938 E
563 2882 604 2939 CtI
611 2885 667 2939 VpSli
685 2913 704 2939 B
713 2882 840 2939 281}th
851 2885 904 2939 2238
912 2912 942 2939 T
949 2914 972 2939 V
979 2913 1078 2939 RVM.

63 2944 266 2972 ENSITOR.
304 2946 469 2974 CIVIVM.
512 2948 804 2976 ROMANORVM.
845 2948 1080 2976 COLONIAE.

66 2980 354 3020 ICTRICENSIS.
405 2982 436 3009 Et
455 2983 560 3018 leian.
581 2983 600 3010 l.
613 2993 633 3018 4
645 2982 668 3022 §.
683 2993 693 3012 1
713 2984 741 3012 ff.
763 2984 795 3011 de
810 2983 948 3011 centibus:
975 2984 1003 3011 Si
1021 2984 1079 3019 agri

55 3021 129 3049 omo·
139 3015 267 3043 chasmate
280 3017 405 3052 perierit,
418 3018 527 3046 debebit
539 3028 587 3054 per
599 3021 764 3048 Censitorem
781 3020 908 3054 reuelari,
921 3027 966 3048 etc.
1019 3021 1080 3047 Cas-

57 3049 102 3076 od.
120 3051 181 3078 Var.
194 3059 221 3085 9,
241 3061 264 3080 11
293 3052 334 3080 Ad
353 3067 398 3074 ——
415 3054 571 3090 spectabiles
583 3057 658 3084 viros
671 3057 777 3084 Siciliae
789 3056 944 3091 prouinciae
963 3056 1080 3084 Cenlito-

28 3127 29 3130 ’
61 3120 184 3162 nnffionig
201 3131 247 3157 per
259 3132 304 3150 eos
318 3133 402 3159 nuper
414 3126 522 3155 videtur
533 3127 666 3156 adiectum
674 3149 683 3162 ,
703 3129 735 3156 de
754 3134 847 3164 quarta
863 3127 1012 3164 indiffione
1025 3138 1082 3156 non

73 3164 153 3198 igant.
189 3155 229 3192 Est
243 3162 317 3186 etiam
324 3159 424 3200 Codice
430 3161 540 3191 Theod.
554 3172 589 3197 13,
597 3173 629 3192 11.
644 3165 737 3193 titulus
750 3165 782 3191 de
791 3164 1081 3198 Censitoribus,Perae-

74 3192 194 3220 atoribus
207 3199 234 3236 et
252 3194 460 3230 Inspefioribuss
489 3198 519 3225 ed
535 3201 604 3228 nihil
619 3208 720 3237 praeter
734 3201 870 3228 rubricam.
907 3202 1013 3228 Interim
1027 3202 1080 3228 Iac.

59 3228 206 3291 ριόιὲιτιῗζω
222 3238 250 3255 ιη
263 3231 397 3273 Ρανᾳτξιίο,
410 3237 453 3276 qui
471 3234 531 3270 quid
543 3235 572 3262 de
590 3239 626 3263 iis
639 3237 740 3274 fiitur,
753 3239 899 3270 annotauit,
911 3243 936 3264 et
947 3237 993 3264 hoc
1005 3235 1082 3270 osten-

30 3277 38 3286 ’
73 3264 1081 3345 ;..:3.¹{?.25‘}2.‚s‚²51{3.2:2235423?5.552{²‘;.322d53evitasses*3²13&

61 3336 129 3364 ider.
151 3336 316 3379 Censitores,
341 3339 549 3375 Agrimensores.
603 3346 697 3380 Nempe
715 3342 881 3378 corzstituendi
900 3344 986 3380 census·
1007 3345 1082 3381 causa

84 3381 112 3400 οε
124 3373 296 3400 metuebantur.
333 3373 461 3416 list-fliam
473 3381 564 3405 mentio
571 3379 720 3414 Cevfitorum
735 3381 753 3407 l.
761 3379 809 3407 vit.
817 3380 848 3407 C.
856 3379 964 3407 Theod.
974 3380 1006 3407 de
1014 3381 1082 3408 Cen-

74 3427 83 3441 ,
96 3413 122 3436 et
135 3408 152 3435 l.
165 3417 192 3441 2,
205 3418 218 3441 3
237 3408 268 3435 de
289 3410 404 3444 praedm
422 3411 588 3442 Senatorum.
621 3417 727 3453 Reliqua
740 3415 910 3452 Gothofredus
926 3425 956 3443 ex
971 3418 1082 3444 Graecis.

64 3443 161 3472 ddimus
177 3444 246 3471 modo
264 3445 391 3481 Pompon.
412 3446 429 3473 l.
447 3457 479 3481 30
497 3449 523 3476 ff.
541 3448 564 3487 5
580 3451 690 3479 Alluuio
709 3452 742 3478 de
755 3451 865 3487 Acquir.
882 3460 934 3479 rer.
947 3451 1081 3485 dominio,

70 3481 160 3507 umina
171 3480 340 3522 Censitorum
359 3483 418 3509 vice
432 3483 526 3520 fungi,
544 3491 575 3513 vt
585 3495 618 3514 ex
629 3488 737 3522 priuato
756 3489 785 3514 in
798 3487 936 3523 publicum
950 3488 1083 3522 addicant,

75 3523 108 3544 ex
121 3515 228 3552 publico
243 3526 272 3544 m
285 3527 428 3552 priuatum.

138 3597 236 3658 ’ffuam
256 3589 286 3616 de
302 3589 451 3626 magistratu
465 3593 588 3624 Romano,
599 3597 670 3620 cuius
685 3598 739 3622 vim
752 3596 860 3632 ipsorum
878 3602 987 3622 veterum
999 3597 1083 3624 verbis

43 3684 48 3691 ,
78 3662 208 3686 mittemus.
246 3662 330 3697 Igitur
349 3663 436 3690 Varro
457 3663 489 3690 de
512 3664 615 3699 Lingua
635 3665 730 3692 Latina
741 3675 771 3700 4,
786 3675 817 3701 ¹4
836 3677 862 3702 p.
876 3675 916 3699 22,
927 3675 957 3701 14
973 3668 1081 3699 Censor,

39 3727 41 3729 ‚
67 3729 74 3734 ⁶
89 3695 162 3736 cuius
179 3695 345 3731 censionem,
368 3699 396 3726 id
409 3699 446 3726 est
459 3699 602 3727 arbitrium
615 3702 764 3728 censeretur
777 3702 897 3737 populus.
913 3702 1039 3731 Asconius
1053 3707 1081 3730 in

76 3737 239 3768 nmationem
253 3732 367 3765 Cicer..8
381 3745 403 3762 c.
415 3744 428 3768 3
449 3736 579 3770 Regendis
594 3736 716 3764 moribus
735 3737 852 3764 ciuitatis
864 3738 991 3765 Censores
1005 3740 1082 3775 quin-

38 3772 43 3792 τ
80 3774 186 3806 quoque
204 3775 274 3794 anno
291 3770 376 3797 creari
394 3771 522 3799 solebant.
575 3773 614 3799 Hi
628 3774 734 3807 prorsus
754 3773 826 3800 ciues
843 3773 877 3800 sic
889 3773 1032 3808 notabant,
1051 3781 1082 3802 vt

51 3806 54 3812 “
70 3808 90 3828 n
99 3801 207 3830 Senator
219 3803 296 3836 esset,

41 3870 44 3874 Ι
72 3835 142 3878 'cum
157 3837 291 3874 perderet:
322 3842 371 3875 qui
390 3842 524 3877 plebeius,
541 3845 570 3871 in
589 3845 726 3872 Caeritum
747 3844 849 3871 tabulas
872 3845 1037 3879 referretur,
1053 3852 1083 3873 et

74 3880 155 3901 rarius
169 3874 260 3915 fieret,
284 3883 313 3901 ac
333 3885 380 3911 per
398 3877 448 3905 hoc
465 3889 518 3907 non
536 3882 597 3907 esset
616 3882 646 3907 in
663 3881 726 3907 albo
739 3881 874 3907 centuriae
893 3881 968 3914 suae,
987 3881 1030 3909 sed
1049 3882 1082 3909 ad

79 3917 92 3934 t
104 3909 163 3936 esset
174 3919 242 3937 cluis
254 3916 354 3952 tantum
362 3932 371 3945 ,
385 3919 413 3940 vt
423 3923 472 3949 pro
484 3917 570 3951 eapite
583 3918 632 3943 suo
646 3916 743 3944 tributi
755 3917 866 3943 nomine
877 3925 938 3943 aera
951 3917 1080 3951 perderet.

61 3941 126 3971 *dem
134 3946 467 3987 ‘completo'qtnnquennio
482 3953 576 3980 vrbem
595 3953 758 3985 lustrabant,
776 3959 801 3979 et
817 3952 982 3980 Solitaurilia
1000 3954 1082 3986 (Suo-

65 3979 197 4014 :taut-212³)
215 3981 343 4010 sacrificia
359 3983 393 4012 de
410 3985 471 4022 sue,
489 3996 556 4022 oue,
576 3994 656 4018 tauro
675 3989 818 4017 faciebant.

0 3568 1 3571 =
34 3564 45 3576 n
64 3555 174 3594 'ql-:NS
183 3560 202 3580 ο
210 3560 230 3580 R
238 3573 247 3586 ,
274 3554 339 3580 oris.
369 3564 404 3581 m.
441 3554 577 3588 [τιμητῆἕ,
603 3560 741 3595 egam-sou]
777 3560 830 3595 Qu·
841 3559 937 3596 censet,
948 3562 994 3587 vix
1006 3561 1084 3588 aliter

1098 591 1127 609 10

1095 954 1131 972 20

1099 1127 1131 1154 25

1095 1308 1127 1332 30

1099 1489 1128 1515 33

51 1660 168 1687 aradoxo
190 1660 304 1693 vltimo,
337 1661 364 1688 Si
383 1661 511 1689 censenda
531 1663 610 1689 nobis
629 1669 708 1698 atque
727 1662 888 1693 aestimanda
908 1671 965 1694 res,
990 1668 1081 1688 vtruni
1095 1670 1133 1695 40

1100 2024 1132 2051 50

1097 2203 1126 2229 53

46 2382 111 2400 :men
129 2372 231 2406 docem,
261 2372 417 2400 Censionem
438 2372 481 2408 ‘iffi'
498 2373 566 2410 quafi
585 2373 709 2411 quandam
726 2375 784 2401 litis
800 2384 827 2400 ae
850 2377 1007 2407 imationem,
1032 2373 1081 2407 liue
1095 2375 1131 2401 60

1096 2551 1129 2583 63

51 2731 204 2765 equitatem.
216 2730 249 2756 D.
263 2729 295 2756 dc
312 2729 406 2757 censib.
432 2730 509 2757 Illam
520 2732 682 2767 aequitatem
700 2730 779 2760 debet
797 2731 937 2759 admittere
951 2731 1081 2763 Cenfflor,
1096 2738 1133 2768 70

1097 2916 1130 2945 75

67 3094 92 3115 s,
104 3093 238 3122 praecepta
250 3088 338 3116 nostra
349 3088 511 3124 direximus,
529 3098 558 3119 vt
574 3092 708 3128 quidquid
721 3091 904 3128 possessoribus
920 3092 1081 3120 tributariae
1099 3096 1131 3122 80

1100 3277 1130 3307 8⁵

1539 177 1678 219 (ΞΕ
1754 177 1797 217 Ν
2126 189 2194 233 838

1144 264 1295 291 successores
1321 263 1478 299 plerumque
1502 268 1648 295 soluebant.
1688 266 1818 295 Hac‘irnus
1840 267 1977 295 Asconius.
2014 269 2061 296 scd
2079 270 2196 307 dlftrtiur

1143 300 1194 336 ipsi·
1209 300 1263 326 Cic.
1279 300 1310 326 de
1325 301 1416 335 Legit).
1433 310 1454 332 3,
1469 310 1485 335 7
1499 312 1519 329 c.
1535 313 1545 335 3
1563 306 1706 337 Censores,
1723 304 1815 339 populi
1831 303 1972 336 nouitate-s,
1987 304 2106 337 soboles,
2119 307 2195 333 sami.

1144 336 1208 367 lias,
1222 336 1397 371 pecuniasque
1418 339 1555 364 censento:
1580 340 1654 366 vrbis
1670 341 1782 374 templa,
1796 340 1867 372 vias,
1883 349 1976 373 aquas,
1992 341 2136 373 aerarium,
2153 351 2196 368 ve.

1145 371 1267 405 fugalia,
1281 378 1387 398 tuento:
1412 373 1557 407 populique
1573 382 1655 408 partes
1676 377 1702 402 in
1719 376 1804 403 tribus
1826 375 2020 402 distribuunto:
2039 376 2100 401 exin
2122 387 2196 410 pecu.

1146 407 1218 439 nias,
1233 408 1375 439 affinitates,
1390 409 1513 440 ordinm,
1529 411 1672 443 partiunto.
1710 413 1835 446 Equitum
1851 411 2024 446 peditumque
2039 411 2140 444 prolem
2155 412 2197 438 dc-

1144 443 1296 469 scribunto:
1316 443 1429 470 caelibes
1450 444 1497 470 esse
1516 444 1691 478 prohibento:
1714 456 1801 474 mores
1814 447 1906 482 populi
1919 453 2045 482 regunto:
2066 449 2197 481 probrum

1145 478 1174 504 in
1188 479 1282 505 Senatu
1297 488 1329 506 ne
1342 480 1533 514 relinquunto:
1555 480 1611 506 bini
1627 482 1715 508 sunto:
1736 484 1916 518 magistratum
1925 482 2139 518 quinquennium
2155 482 2198 508 ha-

1145 514 1242 540 bento:
1262 515 1361 550 reliqui
1381 515 1545 550 magistratus
1565 516 1645 542 annui
1665 518 1755 544 sunto:
1783 528 1866 553 eaque
1888 519 2000 553 potestas
2020 519 2121 552 semper
2133 517 2198 544 esto.

1146 551 1215 576 Haec
1230 552 1269 577 lex
1285 551 1494 586 non-simpliciter
1508 554 1607 587 ingenio
1621 552 1747 579 Ciceronis
1760 554 1931 591 &haurdins
1944 564 1973 580 rx
1991 557 2054 590 reip.
2068 556 2137 581 Rom.
2158 563 2201 580 ra-

1145 585 1255 612 tionibus
1271 587 1355 622 sumta
1375 585 1416 620 cst.
1454 588 1522 622 Qec&
1542 587 1620 613 adiici
1640 591 1735 622 optarit
1756 599 1836 616 rorum
1850 593 1961 623 muneri,
1976 591 2055 627 'istun
2070 590 2201 616 audiamus

1147 621 1163 647 l.
1177 630 1198 647 c.
1214 624 1250 654 46
1264 631 1284 647 c.
1301 631 1335 648 20
1360 623 1463 656 Legum
1481 623 1626 649 custodiam
1647 623 1746 649 nullam
1766 624 1901 652 habemus.
1958 628 2052 661 Itaque
2068 625 2116 652 hae
2131 626 2200 660 leges

1145 658 1219 689 sunt,
1235 666 1298 692 quas
1319 659 1483 692 apparitores
1502 658 1586 685 nostri
1600 659 1707 684 volunt:
1734 668 1747 685 a
1763 660 1881 687 librariis
1895 662 2024 696 petimus,
2039 662 2155 696 publicis
2169 661 2201 687 li-

1145 693 1208 720 teris
1230 693 1406 728 consignatam
1428 695 1588 721 memoriam
1607 694 1741 728 publlcam
1756 696 1856 722 nullam
1874 697 2011 724 habemus.
2070 699 2202 734 Originem

1145 727 1308 766 magistratus
1321 732 1422 765 exponit
1442 730 1503 756 Liu.
1518 740 1546 763 4,
1563 735 1576 759 8
1607 731 1643 756 M.
1660 730 1781 764 Geganio
1794 733 1930 758 Macerino
1948 734 2045 760 iterum
2060 734 2097 760 T.
2114 733 2201 767 Qin-

1146 765 1186 791 tio
1204 765 1358 800 Capitolino
1371 766 1495 800 quintum
1509 766 1598 792 (ξοδδ.
1621 766 1694 792 Idem
1713 766 1756 792 hic
1769 775 1851 793 annus
1867 770 1991 796 censurae
2011 769 2121 796 initium
2137 769 2202 802 fuit,

1147 801 1187 827 rei
1201 809 1280 835 parua
1294 801 1398 836 origine
1413 807 1502 827 ortae:
1524 810 1592 835 quac
1613 801 1709 828 deinde
1728 808 1803 829 tanto
1822 804 1987 831 incremento
2008 805 2083 831 au'cffa
2099 805 2150 838 est,
2172 811 2202 832 vt

1147 845 1254 863 morum
1268 837 1473 872 disciplinaeque
1487 837 1564 863 Rom.
1577 845 1656 870 penes
1669 847 1726 864 cam
1743 839 1861 873 regimen
1871 859 1879 870 ‚
1892 841 1993 867 senatus
2002 861 2010 872 ,
2023 842 2202 876 equitumque

1145 873 1296 905 centuriae,
1311 873 1413 900 decoris
1428 872 1619 906 dedecorisque
1641 871 1782 900 discrimen
1797 874 1843 901 sub
1865 875 1968 902 ditione
1988 877 2046 903 eius
2067 877 2202 911 magistra-

1147 914 1188 934 tus
1198 929 1205 941 ‚
1231 909 1401 943 publicorum
1428 909 1469 935 ius
1493 909 1714 942 priuatorumque
1740 909 1860 937 locorum
1870 931 1877 942 ,
1903 917 1929 938 et
1947 912 2091 946 veeiigalia
2108 912 2202 947 populi

1148 945 1224 970 Rom.
1238 944 1285 970 sub
1298 951 1363 972 nutu
1377 950 1457 980 atque
1469 944 1585 971 arbitrio
1599 944 1684 970 essent.
1723 944 1821 970 Ortum
1830 953 1917 973 autem
1931 948 2041 974 initium
2056 949 2096 974 rei
2112 949 2147 975 cst
2155 955 2202 975 etc.

1147 982 1271 1007 Ponamm
1283 981 1363 1007 adhuc
1376 982 1525 1007 luculentum
1534 980 1675 1017 specimen,
1689 980 1754 1005 vnde
1768 983 1811 1016 qui
1824 981 1952 1008 Censores
1962 984 2067 1018 fuerint
2080 990 2204 1019 appareat

1148 1025 1176 1042 ex
1190 1016 1249 1041 Liu.
1262 1025 1307 1050 24,
1324 1022 1348 1046 18
1368 1018 1496 1043 Censores
1508 1016 1586 1043 vacui
1600 1015 1633 1042 ab
1644 1025 1756 1050 operum
1775 1015 1949 1043 locandorum
1963 1027 2026 1045 cura
2040 1026 2148 1054 propter
2162 1021 2205 1046 in-

1147 1051 1238 1085 opiam
1252 1053 1366 1084 aerarii,
1385 1053 1417 1079 ad
1431 1061 1518 1079 mores
1533 1051 1673 1079 hominum
1691 1051 1819 1086 regendos
1831 1052 1951 1079 animum
1964 1054 2151 1088 aduerterunt,
2164 1065 2205 1082 ca-

1147 1087 1317 1122 stigandaque
1330 1088 1398 1115 vitia
1433 1103 1479 1109 -—
1515 1088 1633 1114 Primum
1654 1096 1699 1114 eos
1713 1089 1878 1121 citauerunt,
1894 1089 1941 1123 qui
1962 1088 2019 1123 post
2039 1091 2204 1117 Cannensem

1147 1132 1263 1157 pugnam
1283 1133 1367 1158 remp.
1382 1123 1520 1151 deseruisse
1534 1124 1665 1158 Italiaque
1679 1123 1803 1150 exceffiffe
1815 1124 1885 1151 velle
1902 1124 2060 1151 dicebantur
2078 1140 2123 1146 —-
2144 1135 2205 1160 pro-

1148 1159 1307 1186 nuntiarunt
1320 1159 1401 1186 verba
1414 1160 1620 1194 orationemque
1635 1169 1679 1186 cos
1693 1160 1817 1187 aduersus
1830 1169 1913 1195 remp.
1929 1160 2063 1194 habuisse,
2076 1170 2132 1196 quo
2143 1170 2206 1188 con-

1147 1196 1248 1222 iuratio
1262 1195 1420 1222 deserendae
1434 1196 1528 1222 Italiae
1542 1196 1616 1222 causa
1630 1195 1714 1222 fieret.
1749 1196 1897 1222 Secundum
1913 1205 1958 1223 eos
1970 1197 2045 1224 citati
2060 1197 2142 1224 nimis
2155 1196 2206 1223 cal-

1146 1231 1197 1257 lidi
1216 1232 1370 1258 exsoluendi
1389 1232 1455 1258 iuris
1477 1232 1584 1258 iurandi
1606 1232 1780 1267 interpretes,
1795 1232 1843 1267 qui
1863 1233 2031 1267 captiuorum
2051 1241 2084 1260 ex
2107 1233 2207 1261 itinere

1147 1267 1248 1302 regi-effi
1264 1267 1331 1294 clam
1345 1268 1374 1294 in
1388 1267 1470 1294 castra
1482 1267 1622 1294 Annibalis
1632 1288 1639 1300 ,
1655 1268 1771 1294 solutum
1791 1268 1864 1303 quod
1885 1269 2040 1296 iurauerant
2059 1269 2208 1301 redituros,

1147 1303 1283 1330 rebantur.
1335 1304 1401 1336 His,
1424 1303 1663 1338 superioribusque
1691 1304 1745 1330 illis
1766 1305 1830 1339 equi
1856 1304 1971 1336 ademti‚
1998 1305 2046 1340 qui
2066 1304 2208 1340 publicum

1146 1348 1246 1374 equum
1259 1339 1403 1370 habebant,
1418 1340 1547 1374 tribuque
1565 1340 1650 1372 moti,
1666 1340 1765 1367 aerarii
1778 1349 1871 1366 omnes
1891 1340 1965 1367 faeii.
2002 1341 2100 1376 Neque
2115 1342 2209 1368 senatu

1147 1375 1243 1406 modo,
1256 1382 1302 1402 aut
1316 1375 1433 1410 equestri
1451 1376 1547 1403 ordine
1567 1375 1684 1410 regendo
1699 1385 1760 1402 eura
1777 1377 1802 1402 se
1816 1378 1962 1403 Censorum
1975 1378 2070 1403 tenuit.
2107 1376 2208 1404 Nomi-

1146 1421 1179 1438 na
1191 1412 1315 1437 omnium
1336 1420 1368 1437 ex
1388 1411 1527 1439 iuniorum
1545 1411 1643 1439 tabulis
1663 1412 1865 1446 excerpserunt,
1883 1413 1932 1448 qui
1952 1412 2132 1448 quadriennio
2149 1421 2209 1440 non

1147 1447 1315 1478 militassent,
1334 1447 1432 1481 quibus
1446 1456 1533 1482 neque
1551 1448 1658 1474 vacatio
1672 1447 1738 1473 iusta
1752 1448 1881 1481 militiae,
1897 1458 1985 1483 neque
2005 1449 2115 1476 morbus
2129 1450 2207 1476 causa

1148 1483 1244 1509 fuisset.
1280 1483 1311 1508 Et
1323 1491 1353 1508 ea
1366 1483 1443 1516 supra
1456 1483 1511 1509 duo
1522 1483 1609 1510 millia
1628 1483 1770 1510 nominum
1785 1484 1814 1509 in
1827 1485 1945 1510 aerarios
1958 1485 2056 1517 relata,
2076 1484 2207 1520 tribuque

1148 1527 1240 1545 omnes
1256 1518 1334 1544 moti.
1371 1518 1556 1554 Additumque
1577 1520 1660 1546 inerti
1680 1520 1814 1545 censoriae
1832 1525 1910 1545 notae
1931 1520 2003 1546 triste
2017 1521 2127 1547 Senatus
2143 1529 2207 1547 con-

1147 1554 1261 1587 sultum,
1279 1560 1308 1580 vt
1328 1553 1350 1580 ii
1376 1562 1486 1588 omnes,
1509 1564 1576 1590 quos
1603 1555 1724 1581 censores
1756 1556 1903 1588 notassent,
1927 1555 2039 1589 pedibus
2061 1562 2208 1589 mererent,

1147 1591 1372 1624 mitterenturque
1384 1597 1431 1616 etc.
1490 1591 1632 1626 Sequuntur
1650 1593 1715 1616 enim
1729 1590 1847 1626 quaeda-m
1861 1591 1890 1617 de
1908 1591 2086 1618 locationibus
2097 1592 2209 1620 aedium

1148 1627 1281 1653 sacrarum
1295 1625 1463 1653 tuendarum.
1501 1626 1576 1662 Qud
1587 1626 1702 1653 inertem
1718 1632 1810 1653 notam
1830 1627 1978 1653 censoriam
1992 1627 2072 1661 dicit,
2093 1628 2156 1654 illud
2175 1629 2208 1655 i!-

1147 1663 1270 1696 lustratur
1280 1672 1295 1688 a
1309 1663 1365 1689 Cic.
1379 1671 1428 1697 pro
1443 1662 1550 1689 Cluent.
1565 1671 1610 1695 129
1624 1672 1646 1689 c.
1660 1671 1697 1697 42
1703 1662 1746 1699 sq.
1764 1665 1809 1698 qui
1822 1662 1935 1698 clafficus
1948 1665 2015 1690 locus
2028 1662 2076 1696 est,
2089 1664 2138 1700 sed
2154 1665 2208 1691 lon-

1147 1701 1221 1736 gior,
1235 1706 1311 1734 quam
1320 1701 1364 1734 qui
1383 1699 1431 1724 huc
1447 1698 1544 1734 referri
1556 1697 1642 1734 poffit.
1680 1700 1763 1725 Pauca
1776 1698 1904 1725 dabimur:
1927 1699 2074 1734 Nunquam
2089 1699 2209 1727 animad-

1146 1734 1313 1761 versionibus
1333 1733 1461 1761 censoriis
1480 1734 1544 1761 haec
1559 1735 1654 1761 ciuitas
1666 1734 1705 1762 ita
1723 1740 1897 1766 contenta,vt
1915 1735 1995 1762 rebus
2009 1735 2133 1762 iudicatis
2153 1737 2208 1764 fuit

1145 1785 1193 1791 -——
1213 1771 1242 1797 C.
1257 1771 1367 1803 Getam,
1383 1779 1443 1797 cum
1458 1779 1473 1797 a
1485 1771 1515 1798 L.
1531 1770 1643 1798 Metello
1661 1776 1687 1797 et
1699 1771 1748 1797 Cn.
1763 1771 1887 1797 Domitio
1900 1771 2064 1798 Censoribus
2083 1780 2115 1798 ex
2129 1772 2208 1798 Sena-

1147 1812 1176 1833 tu
1191 1806 1291 1832 eiefihis
1306 1807 1384 1839 esset,
1405 1807 1550 1833 Censorem
1566 1806 1654 1841 ipsum
1667 1806 1756 1841 postea
1776 1807 1825 1833 esse
1838 1805 1955 1837 fafitum3
1982 1813 2009 1834 et
2023 1807 2097 1834 cuius
2116 1816 2209 1835 mores

51 1848 86 1866 on
100 1839 160 1866 aliis
174 1839 257 1874 magis
275 1839 443 1874 orationibus
461 1841 598 1867 censentur
618 1840 649 1866 A.
665 1840 734 1867 Dial.
754 1840 786 1867 de
807 1841 882 1867 causs'.
900 1849 970 1868 corr.
989 1841 1080 1875 eloqu.
1097 1848 1132 1876 45
1146 1851 1162 1869 a
1176 1841 1339 1869 Censoribus
1351 1848 1425 1868 erant
1445 1841 1613 1876 reprehensi,
1627 1841 1698 1868 hunc
1712 1841 1800 1876 postea
1813 1847 1839 1868 et
1855 1842 1950 1876 Populi
1963 1842 2042 1869 Rom.
2063 1849 2208 1877 eteorum,

1148 1878 1196 1913 qui
1209 1877 1239 1904 in
1252 1878 1338 1912 ipsum
1357 1877 1616 1909 animaduerterant‚
1637 1877 1759 1904 moribus
1779 1877 1927 1912 praefuisse.
1966 1878 2014 1905 Sed
2028 1879 2151 1906 videndus
2168 1887 2209 1907 to-

1145 1920 1188 1940 tus
1200 1915 1267 1940 locus
1281 1911 1323 1946 cst.
1361 1913 1491 1939 Notabilis
1503 1916 1530 1939 in
1539 1916 1633 1949 primis
1646 1916 1721 1939 etiam
1736 1911 1770 1946 est
1791 1911 1898 1946 historia
1911 1914 2028 1950 censurae
2043 1916 2083 1942 M.
2098 1917 2169 1942 Liuii
2182 1921 2209 1942 et

1147 1950 1175 1975 C.
1196 1948 1297 1975 Claudii
1317 1948 1385 1984 apud
1406 1949 1468 1975 Liu.
1487 1957 1539 1982 29,
1560 1956 1591 1983 37
1628 1949 1757 1976 Censores
1791 1964 1838 1968 -—
1875 1949 1999 1976 Senatum
2015 1952 2209 1980 recitauerunt.

1148 1985 1271 2019 Princeps
1284 1985 1382 2011 iterum
1397 1984 1480 2011 1e6tus
1495 1986 1531 2017 Q
1546 1984 1643 2011 Fabius
1655 1984 1800 2010 Maximus.
1836 1983 1934 2010 Notati
1946 1986 2055 2020 septem,
2074 1995 2154 2013 nemo
2169 1994 2208 2014 ta-

1149 2029 1210 2047 men
1219 2041 1226 2053 ,
1240 2020 1289 2055 qui
1301 2020 1363 2046 sella
1381 2020 1469 2046 curuli
1484 2020 1594 2045 sedisset.
1631 2019 1704 2044 Sarta
1717 2018 1787 2044 neela
1801 2019 1900 2046 acriter
1919 2026 1945 2046 et
1959 2030 2021 2047 cum
2032 2022 2135 2049 summa
2155 2022 2210 2049 fide

1149 2062 1302 2091 exegerunt.
1351 2055 1429 2080 Viam
1443 2063 1458 2079 e
1471 2054 1534 2080 foro
1554 2053 1652 2079 boario
1689 2069 1736 2074 -—-
1771 2054 1921 2082 faciendam
1935 2056 2100 2084 locauerunt.
2156 2059 2210 2084 Ve«

1148 2092 1229 2125 &tigal
1243 2091 1323 2116 etiam
1336 2097 1439 2115 nouum
1456 2097 1489 2115 ex
1501 2088 1594 2116 salaria
1612 2098 1718 2116 annona
1733 2089 1888 2117 statuerunt.
1926 2107 1971 2111 —
2009 2093 2133 2120 Lustrum
2146 2103 2211 2120 con-

1147 2127 1235 2152 ditum
1256 2125 1355 2156 serius,
1375 2124 1438 2159 quia
1457 2134 1505 2159 per
1523 2125 1678 2159 prouincias
1705 2125 1866 2153 dimiserunt
1887 2128 2007 2154 censores
2021 2149 2030 2161 ,
2058 2133 2087 2156 vt
2105 2130 2211 2158 ciuium

1147 2161 1226 2187 Rom.
1248 2160 1277 2187 in
1292 2160 1471 2192 exercitibus,
1489 2167 1603 2195 quantus
1623 2161 1725 2196 vbique
1743 2163 1804 2189 esset
1823 2163 1971 2190 referretur
1989 2173 2126 2192 numerus.
2162 2179 2210 2189 -ι-

1146 2196 1296 2223 Duodecim
1309 2196 1407 2223 deinde
1426 2197 1611 2229 coloniarum,
1630 2197 1704 2233 quod
1715 2207 1851 2233 nunquam
1866 2206 1941 2226 antea
1952 2200 2053 2227 finitum
2066 2206 2138 2235 erat,
2164 2201 2211 2229 de-

1146 2232 1296 2259 ferentibus
1318 2232 1433 2267 ipsarum
1453 2233 1622 2260 coloniarum
1645 2234 1815 2267 censoribus,
1834 2236 1942 2262 censum
1961 2243 2127 2271 acceperunt.
2161 2251 2210 2260 ——-—

1145 2268 1275 2304 Equitum
1288 2268 1384 2296 deinde
1397 2270 1487 2296 census
1499 2269 1543 2303 agi
1557 2275 1665 2304 coeptus
1680 2269 1717 2295 est
1728 2281 1735 2296 :
1755 2276 1782 2296 et
1793 2271 1874 2297 ambo
1887 2272 1960 2298 forte
1973 2273 2093 2299 censores
2107 2281 2209 2307 equum

1146 2304 1286 2340 publicum
1305 2303 1447 2332 habebant.
1482 2319 1529 2325 —-
1564 2306 1656 2338 Qmm
1675 2304 1708 2331 ad
1726 2305 1828 2332 tribum
1842 2306 1955 2333 Polliam
1974 2313 2084 2334 ventum
2099 2308 2136 2334 est
2162 2322 2210 2329 —·

1146 2346 1173 2367 et
1186 2349 1282 2375 praeco
1302 2340 1474 2366 cunetaretur
1492 2340 1574 2366 citare
1592 2341 1678 2374 ipsum
1692 2341 1835 2367 Censorem
1844 2361 1852 2373 ‚
1866 2342 1945 2375 Cita,
1956 2342 2046 2378 inquit
2060 2344 2153 2376 Nero,
2167 2345 2208 2371 M.

1148 2376 1281 2403 Liuium.‘
1312 2376 1344 2401 Et
1363 2389 1410 2395 ·—-
1428 2375 1539 2402 Liuium
1566 2389 1612 2395 -—
1635 2376 1858 2410 equumvendere
1870 2377 1949 2404 iuffit.
2004 2380 2045 2406 Ita
2059 2380 2096 2406 M.
2110 2380 2210 2406 Liuius

1146 2427 1194 2432 —
1209 2410 1325 2437 vendere
1338 2419 1439 2444 equum
1452 2411 1482 2437 C.
1498 2410 1640 2437 Claudium
1655 2411 1723 2438 iussit
1759 2428 1811 2432 —
1848 2414 1928 2440 Exitu
1941 2415 2066 2441 censurae
2076 2424 2163 2451 quum
2177 2415 2208 2443 in

1147 2447 1217 2481 leges
1235 2446 1340 2472 iurasset
1357 2447 1388 2473 C.
1409 2445 1554 2479 Claudius,
1569 2452 1594 2473 et
1615 2447 1644 2474 in
1663 2448 1798 2475 aerarium
1818 2450 1985 2483 escendisset,
2004 2451 2076 2478 inter
2094 2451 2209 2478 nomina

1147 2491 1257 2514 eorum,
1271 2491 1337 2517 quos
1352 2482 1469 2509 aerarios
1483 2482 1669 2518 relinquebat,
1683 2483 1756 2511 dedit
1770 2485 1887 2518 collegae
1904 2495 2012 2513 nomen.
2048 2486 2153 2514 Deinde
2166 2488 2207 2514 M.

1148 2518 1243 2545 Liuius
1258 2518 1287 2544 in
1305 2518 1439 2544 aerarium
1452 2519 1543 2551 venit,
1562 2525 1588 2545 et
1607 2526 1711 2554 praeter
1725 2521 1855 2548 Maeciam
1874 2521 1977 2549 tribum
2003 2537 2049 2543 —
2074 2523 2209 2558 populum

1148 2554 1226 2581 Rom.
1248 2563 1369 2585 omnem,
1390 2560 1507 2589 quatuor
1527 2561 1552 2581 et
1574 2555 1684 2589 triginta
1701 2555 1802 2589 tribus,
1825 2559 1942 2585 aerarios
1959 2558 2080 2594 reliquit.
2118 2558 2208 2593 Onust-

1146 2600 1201 2616 mus
1213 2590 1347 2617 breuitatis
1362 2590 1435 2626 caus&
1451 2591 1567 2626 quaedam
1576 2611 1584 2623 ,
1597 2590 1767 2628 studiosorum
1780 2597 1921 2629 cognitione
1935 2595 1990 2630 issfa
2003 2604 2096 2631 quoque
2117 2595 2206 2622 derna.

1147 2626 1244 2653 Graeci
1258 2625 1309 2652 hoc
1323 2625 1478 2660 diligentius
1488 2647 1496 2660 ,
1511 2627 1580 2661 apud
1596 2636 1662 2662 quos
1677 2627 1845 2662 νομοφύλακες
1857 2636 1995 2657 creantur:
2010 2639 2060 2657 nec
2074 2631 2102 2657 hi
2117 2632 2146 2663 so
2159 2638 2207 2658 um

1148 2662 1239 2689 literas
1265 2665 1344 2694 (nam
1361 2662 1388 2688 id
1402 2663 1512 2697 quidem
1529 2663 1610 2689 etiam
1622 2663 1693 2699 apud
1706 2665 1822 2691 maiores
1835 2666 1939 2692 nostros
1954 2669 2027 2699 erat)
2055 2667 2099 2693 sed
2123 2668 2208 2695 etiam

1147 2698 1217 2725 faeia
1238 2698 1378 2725 hominum
1395 2698 1589 2732 obseruabant‚
1610 2700 1643 2726 ad
1662 2700 1785 2735 legesque
1805 2701 1977 2729 reuocabant.
2034 2703 2107 2730 Haec
2127 2703 2207 2730 detur

1148 2743 1211 2762 cura
1226 2734 1402 2761 censoribus:
1422 2735 1640 2770 quandoquidem
1654 2744 1700 2762 eos
1719 2737 1748 2763 in
1764 2737 1867 2772 Repub.
1882 2739 1984 2772 semper
1999 2739 2125 2765 volumus
2145 2740 2206 2766 esse.

1148 2770 1225 2806 Apud
1248 2771 1371 2803 eosdem,
1392 2772 1440 2805 qui
1460 2771 1614 2806 magistratu
1637 2771 1768 2805 abierint,
1789 2773 1867 2800 edant
1886 2780 1912 2800 et
1931 2781 2079 2809 exponant,
2094 2775 2159 2809 quid
2174 2775 2206 2802 in

1147 2807 1300 2842 magistratu
1314 2808 1448 2842 gesserint:
1467 2807 1555 2842 deque
1569 2808 1603 2835 iis
1617 2809 1745 2835 Censores
1764 2809 1958 2844 praeiudieent.
1972 2818 2018 2836 etc.
2075 2812 2151 2838 Alter
2167 2811 2207 2836 lo-

1147 2853 1193 2870 cus
1206 2845 1274 2870 velut
1286 2842 1399 2878 clafficus
1412 2843 1441 2869 de
1454 2843 1600 2879 Cenfhribus
1613 2843 1647 2878 eli
1661 2845 1719 2871 Val.
1732 2846 1804 2872 Max.
1818 2854 1852 2880 29
1868 2846 1933 2882 quod
1945 2854 2023 2872 totum
2036 2852 2111 2881 caput
2123 2843 2158 2877 eft
2170 2845 2206 2872 de

1148 2879 1276 2906 Censoria
1293 2879 1443 2906 seueritate.
1496 2879 1605 2915 Gell.4,
1620 2889 1648 2908 12
1678 2880 1706 2908 Si
1726 2881 1786 2916 quis
1804 2889 1897 2917 agrum
1919 2883 1996 2908 suum
2014 2882 2096 2916 paffus
2115 2882 2206 2909 fuerat

1147 2915 1312 2948 sordescere,
1331 2924 1448 2950 eumque
1471 2916 1644 2951 indiligenter
1658 2917 1768 2944 curabat
1802 2932 1848 2938 —
1883 2918 2055 2952 censoresque
2069 2917 2205 2944 aerarium

1147 2951 1288 2978 faciebant.
1325 2952 1391 2978 Item
1406 2951 1425 2978 si
1440 2953 1500 2987 quis
1512 2961 1591 2987 eques
1607 2954 1685 2980 Rom.
1701 2963 1799 2988 equum
1814 2952 1912 2980 habere
1931 2953 2102 2987 gracilentum
2117 2962 2145 2979 ac
2159 2962 2205 2988 pa-

1147 2996 1209 3015 rum
1220 2987 1336 3014 nitidum
1358 2988 1429 3014 visus
1443 2994 1514 3021 erat,
1536 2989 1688 3024 impolitiae
1701 2989 1852 3016 notabatur.
1895 2988 1970 3015 Idem
1983 2997 2012 3022 4,
2025 2994 2039 3019 8
2065 2987 2205 3016 Ruffinum

1147 3024 1237 3059 postea
1251 3023 1291 3050 bis
1304 3024 1441 3051 consulatu
1454 3030 1481 3051 et
1495 3024 1627 3052 diffiiatura
1642 3025 1766 3051 func'ium
1783 3025 1875 3051 censor
1887 3024 2024 3051 Fabricius
2036 3025 2128 3051 senatu
2145 3034 2204 3051 mo-

1146 3060 1188 3087 vit
1201 3060 1237 3087 ob
1248 3059 1371 3087 luxuriae
1387 3066 1493 3093 notam3
1514 3061 1589 3096 quod
1609 3060 1699 3087 decem
1720 3061 1810 3095 pondo
1823 3059 1906 3087 libras
1922 3060 2026 3095 argenti
2038 3060 2105 3087 faeti
2123 3060 2204 3088 habe-

1146 3101 1197 3124 ret.
1235 3096 1282 3125 Sed
1293 3094 1423 3129 historiam
1438 3104 1462 3123 er
1474 3100 1640 3133 antiquitates
1653 3097 1802 3123 Censorum
1814 3106 1862 3122 non
1872 3099 2058 3131 promittimus,
2071 3106 2144 3132 quam
2163 3105 2205 3124 ve-

1146 3132 1270 3160 hementer
1282 3130 1421 3166 illustrauit
1428 3131 1486 3169 post
1498 3134 1561 3159 alios
1573 3134 1619 3158 Ez.
1632 3132 1793 3167 spanhemius
1804 3130 1869 3165 Drff
1884 3140 1912 3158 10
1925 3141 1949 3166 p.
1961 3139 1998 3165 99
2005 3132 2065 3168 sqq.
2085 3133 2129 3159 vbi
2144 3135 2205 3170 agit

1148 3167 1177 3195 de
1188 3168 1317 3205 Censorum
1330 3168 1456 3205 dignitate
1474 3171 1502 3194 in
1522 3171 1618 3200 numis,
1631 3175 1656 3194 et
1672 3168 1718 3194 hoc
1731 3177 1823 3203 quoque
1837 3166 1958 3200 ostendit,
1980 3170 2009 3194 in
2021 3169 2131 3194 Coloniis
2142 3175 2204 3205 quo-

1147 3214 1192 3240 que
1205 3211 1228 3231 et
1245 3207 1391 3240 munit-tpiis
1401 3203 1481 3240 suzffi‘
1494 3204 1622 3231 Censores
1634 3213 1664 3230 ex
1685 3204 1742 3230 Cic.
1755 3212 1804 3238 pro
1817 3203 1921 3230 Cluent.
1936 3212 1959 3230 c.
1974 3213 2003 3238 4.
2023 3204 2086 3230 Liu.
2101 3213 2151 3237 29,
2165 3213 2202 3238 ις.

1147 3246 1172 3267 et
1184 3248 1225 3276 37.
1260 3240 1316 3268 Cic.
1334 3241 1364 3267 in
1380 3242 1454 3268 Vcrr.
1468 3249 1484 3267 2.
1497 3249 1519 3267 e.
1533 3247 1569 3273 53.
1587 3242 1632 3275 qui
1651 3241 1719 3266 locut
1736 3238 1848 3274 clafficus
1867 3237 1910 3271 est.
1946 3240 1978 3266 In
1991 3239 2101 3266 Coloniis
2118 3247 2203 3267 tamen

1141 3275 1202 3313 sere
1220 3277 1368 3304 Duumuiri
1389 3275 1606 3311 Qiinquennales
1628 3273 1702 3302 disti.
1780 3276 1881 3302 Censor
1898 3274 2093 3310 castigatorque
2114 3277 2202 3304 mino-

1148 3321 1210 3339 rum
1217 3312 1295 3348 senex
1302 3320 1352 3348 per
1363 3313 1470 3348 metaph.
1485 3313 1553 3339 Hor.
1567 3312 1595 3338 in
1607 3312 1672 3338 Arte
1685 3312 1757 3338 Poet.
1770 3318 1825 3346 173.
1895 3310 2024 3346 Magister
2036 3311 2202 3347 disciplinae,

1148 3354 1175 3374 ct
1193 3348 1340 3376 seueritatis
1354 3349 1455 3376 Censor
1471 3347 1528 3375 Cic.
1542 3356 1591 3382 pro
1605 3348 1708 3374 Cluent.
1723 3355 1778 3380 129.
1851 3346 1978 3382 Magister
1997 3356 2105 3374 morum
2125 3347 2200 3374 Idem

1149 3385 1222 3411 Fam.
1237 3393 1260 3417 3,
1275 3388 1295 3411 1'.
1367 3383 1517 3411 Praefeffiis
1536 3383 1657 3410 moribus
1671 3383 1710 3409 Id.
1724 3391 1774 3417 pro
1787 3382 1914 3410 Cluentio
1929 3391 1984 3417 129.
2040 3384 2132 3410 quen.
2147 3383 2199 3409 Sat.

1151 3429 1185 3452 11,
1199 3429 1231 3453 9²
1250 3419 1396 3456 Rigidique
1409 3421 1514 3447 seueros
1528 3419 1652 3446 Censoris
1667 3427 1756 3445 mores
1769 3419 1849 3445 etiam
1862 3418 1964 3454 collega
1977 3419 2092 3446 timeret.
2124 3420 2200 3445 Nem-

1096 3459 1133 3484 90
1143 3462 1178 3491 pe
1190 3459 1264 3483 etiam
1278 3457 1374 3493 Collega
1387 3459 1487 3482 notauit
1506 3455 1639 3491 aliquando
1658 3454 1788 3491 collegam,
1800 3461 1830 3482 vt
1850 3455 1961 3482 vidimus
1979 3465 2008 3482 ex
2020 3455 2079 3482 Liu.
2095 3462 2139 3486 29,
2155 3460 2198 3487 37.

1149 3491 1282 3525 Qinffil.
1296 3501 1315 3526 4
1332 3501 1372 3527 pr.
1386 3501 1399 3524 3
1429 3491 1497 3525 Qis
1516 3492 1588 3517 enim
1601 3489 1670 3516 mihi
1688 3499 1775 3517 mores
1794 3490 1933 3518 excolendi
1945 3490 1978 3518 sit
1991 3490 2094 3522 modus
2109 3494 2137 3515 vt
2151 3497 2198 3515 eos

1148 3536 1204 3555 non
1225 3527 1362 3555 immerito
1381 3526 1539 3562 probauerit
1557 3525 1726 3553 saneiiffimus
1742 3527 1855 3554 Censor:
1882 3530 1920 3554 ita
1939 3533 2012 3554 vocar
2025 3527 2198 3552 Domitianum

1148 3572 1219 3600 quem
1249 3563 1515 3592 PERPETVVM
1546 3561 1789 3589 CENSOREM·
1808 3566 1877 3590 numi
1903 3562 2033 3590 celebrant.
2102 3559 2198 3600 Tetri·

1148 3608 1193 3626 cus
1211 3605 1238 3627 et
1255 3601 1329 3635 asper
1340 3598 1457 3626 Martial.
1476 3606 1504 3625 12
1512 3618 1521 3630 ,
1540 3605 1578 3632 71.
1650 3597 1813 3625 Censoribus
1831 3598 1974 3633 veffigalia
1992 3597 2079 3623 locare
2098 3595 2147 3621 nisi
2167 3604 2198 3622 m

38 3620 40 3623 ’
63 3621 153 3660 fim'pfi
171 3633 184 3650 e
195 3629 318 3658 cementi,
331 3628 427 3662 reliqua
440 3628 470 3654 ab
491 3631 671 3666 antiquitatum
683 3630 853 3666 scriptoribus
868 3631 999 3668 repetenda
1011 3638 1082 3668 prae-
1100 3637 1133 3664 93
1148 3635 1288 3671 conspectu
1301 3635 1395 3670 Populi
1415 3634 1529 3661 Romani
1548 3642 1603 3659 non
1622 3632 1684 3660 licet
1704 3634 1761 3661 Cic.
1777 3634 1810 3662 de
1823 3634 1894 3669 Lege
1908 3637 1999 3668 Agrar.
2013 3641 2034 3664 1,
2046 3638 2071 3664 7.
2090 3638 2093 3641 ·
2127 3631 2197 3658 Hor.

1148 3671 1228 3706 Epist.
1243 3681 1269 3705 2,
1282 3681 1308 3704 2,
1322 3680 1363 3698 uo
1386 3672 1434 3701 At,
1454 3669 1502 3704 qui
1517 3669 1668 3703 legitimum
1683 3670 1773 3705 cupiet
1791 3670 1880 3697 fecisse
1894 3671 2004 3705 potima,
2039 3666 2110 3692 Cum
2120 3666 2197 3694 tabu-

1148 3706 1181 3734 lis
1194 3708 1314 3735 animum
1325 3706 1439 3733 censoris
1453 3706 1537 3732 sumet
1550 3704 1662 3733 honesti.

1181 3749 1200 3771 c
1208 3750 1225 3771 E
1235 3751 1257 3771 N
1266 3751 1279 3771 s
1289 3749 1308 3770 o
1317 3750 1336 3769 R
1344 3750 1354 3769 1
1363 3750 1384 3769 v
1394 3749 1407 3769 s
1415 3761 1423 3774 ‚
1443 3749 1458 3768 a
1466 3761 1474 3773 ,
1498 3749 1552 3767 um.
1589 3741 1603 3775 [
1609 3741 1758 3776 τιμητικδς]
1794 3740 1870 3777 Qcod
1886 3739 1922 3766 ad
1933 3737 2059 3774 Cenfhrem
2074 3740 2196 3778 pertinet.

1148 3778 1204 3806 Cic.
1217 3789 1267 3815 pro
1280 3777 1406 3805 Cluentio
1420 3785 1467 3808 129
1486 3786 1508 3803 c.
1521 3785 1558 3811 42
1577 3776 1696 3804 Maiores
1708 3785 1797 3804 autem
1808 3775 1891 3802 nostri
1903 3781 2040 3808 nunquam
2057 3781 2146 3808 neque
2157 3782 2197 3800 iu·

309 3805 451 3834 ‘ficeretur
464 3808 574 3835 senamss
593 3809 640 3843 q⁴¹i
661 3817 740 3844 eques
756 3809 907 3842 R0m³¹¹¹¹ss
918 3818 1016 3845 equum
1034 3820 1082 3846 PU·
1092 3821 1140 3840 ¹00
1147 3813 1249 3842 dicium
1267 3814 1493 3844 nominauerunt,
1510 3821 1598 3848 neque
1616 3814 1743 3848 perinde,
1761 3819 1789 3839 vt
1802 3821 1858 3838 rem
1877 3809 2020 3836 iudicatam
2035 3808 2196 3835 obseruaue-

1146 3857 1210 3878 runt
1221 3849 1475 3878 animaduersionem
1495 3854 1574 3884 atque
1588 3849 1776 3876 auctoritatem
1789 3847 1943 3886 censoriam.
2015 3844 2195 3885 Acastus-itate:

1147 3887 1282 3914 censoriae
1297 3885 1370 3912 Idem
1384 3893 1433 3918 pro
1447 3883 1552 3911 Cluent.
1567 3893 1614 3918 124
1633 3894 1655 3911 c.
1669 3894 1715 3919 44.
1789 3882 1934 3916 castigatio
1946 3880 2065 3906 censoria
2078 3880 2144 3922 Plin.
2159 3884 2194 3910 ¹8,

1147 3924 1173 3949 6.
1235 3923 1283 3949 IN
1311 3921 1380 3947 DIE
1407 3919 1632 3947 CENSORIO
1664 3919 1784 3953 Inscript.
1803 3918 1879 3944 Grut.
1900 3926 1926 3951 p.
1944 3923 2009 3956 1051.¹
2031 3925 2057 3941 n.
2072 3920 2095 3956 εἰ
2124 3925 2141 3940 ι.
2155 3915 2193 3939 vl·

1146 3961 1205 3984 timi
1227 3957 1318 3984 iudicii
1337 3955 1385 3982 die.
1456 3956 1513 3982 Cic.
1528 3965 1577 3990 pro
1589 3956 1683 3983 Caelio
1694 3963 1723 3988 33
1748 3952 1796 3980 Sed
1808 3953 1873 3987 quid
1889 3960 1939 3987 ego
1950 3951 2068 3982 Iudices,
2087 3956 2124 3976 ita
2135 3956 2192 3982 gra-

871 3989 972 4017 Eorum
989 3995 1082 4019 notam
1093 3997 1138 4025 105
1145 4003 1208 4022 vem
1220 3994 1358 4029 personam
1371 3990 1483 4024 induxi,
1502 3998 1532 4020 vt
1543 4001 1570 4021 et
1583 4001 1693 4026 verear,
1710 3998 1744 4018 ne
1755 3990 1782 4017 se
1799 3988 1873 4016 idem
1884 3988 1985 4025 Appius
2003 3992 2111 4022 repente
2130 3991 2191 4009 con-

2093 4023 2190 4052 vertat,

1376 4026 1489 4061 5N2
