2474 4182
409 134 678 178 COG

43 231 132 268 gnonii
180 228 354 262 consenescit,
374 231 392 254 i.
415 229 498 263 Neque
511 226 620 259 Magnus
637 224 745 257 amplius
760 229 868 258 putatur
883 223 1027 258 Pompeius,
1042 234 1083 250 ne-

15 292 17 298 ,
43 278 86 304 que
99 239 195 299 Crffiias
209 265 298 291 Diues.
357 264 439 291 Ouid.
453 262 517 290 Fast.
532 270 550 293 1,
564 262 617 299 606
655 259 713 299 Nec
732 259 826 299 gradus
841 259 876 285 est
891 259 986 299 Fabios
1006 261 1082 294 supra

15 302 17 329 1
44 299 205 337 cognominis
225 300 306 327 vllus:
342 300 390 326 llla
411 299 502 326 doinus
523 301 624 323 meritis
643 295 759 321 Maxima
777 295 846 321 dicia
866 295 926 321 suis.
999 297 1082 323 Heres

15 330 17 391 ἑ
43 337 205 372 cognominis
225 337 306 363 Ouid.
323 336 387 362 Fast.
403 344 421 367 1,
435 336 477 366 613
497 331 525 365 dc
539 328 659 366 Augusto.
698 331 760 358 Sunt
779 338 802 357 ct
821 333 928 357 aliarum
947 340 1028 357 rerum
1047 342 1084 358 co.

104 381 164 398 una.

60 383 117 440 13111111,
141 407 184 434 vbi
204 408 237 433 ad
249 408 323 444 Jiccm
339 409 484 442 respicitur,
502 405 570 433 cuius
584 412 667 428 nomeu
682 402 739 429 orbi
757 403 884 428 tributum.
939 402 1084 429 [1111311160-

40 454 141 483 gnomen
149 446 219 479 sais,
238 453 319 469 namen
335 445 412 468 urlu‘s.
479 439 611 465 Extraneo
624 439 782 473 cognomine
802 437 907 473 aliquid
923 438 1082 466 demonstra-

40 489 69 507 re
85 480 161 506 Anc‘r.
177 479 208 505 ad
223 480 370 510 Heren.'4,
382 485 425 509 42.
494 474 562 500 Hor.
578 474 656 508 Epist.
671 483 696 507 2,
712 483 735 505 2,
751 483 791 501 101
818 509 824 514 ,

149 514 260 540 Discedo
279 514 385 540 Alcaeus
405 509 501 545 pu11&o
523 509 609 536 illius:
630 510 677 536 ille
697 520 758 536 meo
779 510 856 545 quis?

148 549 231 583 (Qus,
252 549 298 575 nisi
324 545 515 574 Callimachus?
534 546 561 571 Si
583 546 639 580 plus
659 546 799 580 adposcere
819 545 905 578 visus,

148 586 190 612 lsit
210 586 398 614 Mimnermus,
419 587 444 607 et
468 581 564 616 optino
583 583 750 616 Cognomine
771 581 870 608 crescit.

41 620 110 647 Hor.
130 619 208 655 Epist.
231 630 256 653 1,
276 628 313 651 13,
329 624 343 648 ε
379 617 497 644 Clitellas
518 618 589 644 ferus
609 618 755 652 impingas,
782 618 926 651 Alinaeque
943 620 1083 650 paternum

8 669 13 688 ῃ
40 656 196 689 cognomen
209 662 293 682 vertas
305 655 332 680 in
349 654 449 685 risum,
469 660 515 680 etc.
588 655 704 680 Priscum
722 653 814 680 Claud.
828 654 972 686 inEutrop.
985 660 1011 684 2,
1026 660 1082 685 243.

39 692 125 718 Prisca
145 691 299 726 cognomina
318 689 439 715 locorum
465 691 582 724 Propert.
598 699 626 722 4,
641 699 660 722 1,
675 693 718 723 69.

44 154 115 196 993

789 690 916 723 Accipere
936 696 1085 721 cognomen

38 726 105 754 Plin.
120 735 154 759 33,
171 736 206 753 io.

11 763 20 791 ’1
39 762 90 794 tri,
105 762 208 797 inquit,
221 761 282 788 haec
296 761 355 791 tibi,
370 768 415 787 cte.
488 762 532 788 Sil.
549 770 568 794 i,
581 768 620 794 15,-
653 761 773 787 Auriferi
787 760 880 794 Ta‘gus
894 759 975 784 ascito
988 768 1085 794 cogno-

11 813 16 830 .
39 798 112 825 1111110
127 798 215 824 sontis.
286 796 425 823 Collocare
443 806 590 832 cognomen
610 805 657 831 pro
675 803 748 823 certo
763 796 871 822 nomine
893 795 970 820 Auci.
986 795 1017 821 ad
1031 796 1084 821 He-

11 832 20 869 gl
39 842 94 860 ren.
109 842 136 867 4,
152 842 195 867 42.
266 832 332 859 Plin.
352 842 392 865 12,
410 842 433 864 13
474 834 644 860 Cinnamono
665 832 786 866 proxima
811 830 944 866 gentilitas
962 836 1033 863 crat,
1054 830 1084 856 ni

14 895 15 898 ,
37 869 110 904 prius
126 868 237 894 Arabiae
251 868 361 895 diuitias
380 869 494 896 indicari
508 869 681 900 conueniret,
701 869 839 901 causasque
853 875 919 901 quac
935 875 1084 900 cognomen

12 919 15 937 ς
37 905 79 932 illi
90 904 175 930 felicis
187 912 216 930 ac
235 903 326 931 beatae
341 904 444 931 dedere.

12 940 20 974 i.
37 940 137 967 hiscum
150 940 236 970 viuit;
261 941 374 967 multum
389 941 510 967 deniiss‘us
524 940 606 967 homo
621 940 681 966 ille:
708 939 804 965 Tardo
820 947 848 964 ac
863 946 1010 971 cognomen
1026 938 1084 972 pin-

2 975 21 1032 ,ἦ
35 975 81 1011 gui
101 975 191 1002 damus
201 996 208 1008 ‚
229 978 247 1001 i.
269 976 368 1011 probus
382 980 424 1012 qui
435 975 484 1009 est,
497 986 547 1003 eum
561 976 714 1007 demifl'um,
734 973 855 1005 tardum,
875 973 1000 1013 pinguem
1021 974 1084 1014 ilici:

14 1027 15 1030 =
34 1020 95 1038 mus.
168 1012 239 1038 Flor.
256 1020 273 1041 1,
289 1020 315 1047 7,
331 1021 338 1038 1
361 1012 507 1039 Postremus
528 1012 649 1038 oninium
663 1011 715 1038 fuit
734 1018 826 1044 regum
839 1009 1026 1044 Tarquinius,
1040 1017 1084 1035 cui

2 1033 21 1102 ‘i
34 1055 182 1081 cognomen
197 1047 316 1081 Superbo
329 1057 360 1074 ex
375 1048 496 1075 moribus
508 1048 607 1074 datum.
676 1046 800 1080 Deligere
813 1054 960 1079 cognomen
975 1054 1005 1071 ex
1019 1046 1084 1070 ima-

15 1081 21 1118 ἦ,
34 1082 141 1118 ginibus
163 1083 219 1110 Cic.
238 1092 286 1117 pro
308 1084 413 1110 Cluent.
434 1092 468 1118 72
485 1093 505 1109 c.
526 1086 566 1111 26.
586 1087 605 1110 i.
627 1085 682 1108 viri
706 1083 812 1108 alicuius
835 1081 969 1107 honoribus
981 1080 1083 1115 sancii,
1098 1080 1129 1106 23

19 1122 20 1125 ’
33 1118 120 1154 quibus
135 1116 280 1145 atliimffum
294 1118 326 1152 est
339 1122 378 1145 ius
398 1122 526 1155 imaginis.
596 1119 672 1152 Virg.
685 1118 750 1144 Aen.
764 1126 788 1150 3,
802 1119 843 1149 163
868 1116 910 1143 Est
928 1116 1015 1156 locus,
1030 1117 1083 1142 He-

34 1154 147 1189 speriam
161 1155 237 1181 Graii
258 1155 417 1190 cognomine
431 1154 532 1181 dicunt.
604 1154 678 1181 Idem
691 1155 756 1180 Aen.
771 1162 794 1185 3,
810 1162 857 1185 334
885 1152 1020 1178 Chaonios
1041 1161 1084 1178 co-

34 1191 161 1225 gnomine
183 1199 303 1225 campos,
337 1189 539 1225 Chaoniamque
561 1199 669 1217 omnem
688 1189 816 1216 Troiano
840 1197 855 1214 a
873 1187 982 1214 Chaone
1007 1188 1084 1214 dixit.

34 1227 67 1253 Et
81 1226 146 1253 Aen.
161 1235 184 1259 3,
199 1234 248 1261 702
277 1227 455 1261 Immanisque
468 1227 532 1253 Gela
550 1226 628 1252 fluuii
649 1225 808 1260 cognomine
822 1222 900 1250 (11613.
974 1223 1083 1250 Nomen

33 1268 124 1289 autem
146 1271 230 1297 quum
250 1261 379 1295 dicimus,
406 1271 553 1297 cognomen
574 1271 698 1297 quoque,
722 1268 748 1288 et
767 1268 897 1295 agnomen
918 1259 1084 1293 intelligatur
1099 1261 1131 1285 30

35 1304 141 1331 oportet
164 1298 220 1324 Cic.
242 1297 274 1324 de
295 1299 398 1324 Inuent.
413 1307 438 1331 2,
458 1304 498 1328 28.
541 1298 621 1325 Verba
641 1304 666 1324 et
681 1305 812 1332 agnomen
825 1297 936 1321 meliores
954 1298 1082 1322 omittunt.

34 1333 142 1361 Habere
157 1333 276 1369 sapientis
289 1342 437 1368 cognomen
450 1334 523 1361 Idem
538 1334 567 1360 de
583 1334 689 1360 Amicit.
701 1335 727 1359 6.
799 1332 868 1357 Hor.
883 1332 965 1357 Serni.
982 1340 1002 1362 2,
1017 1340 1039 1363 3,
1049 1333 1083 1358 26

34 1369 112 1396 Vnde
139 1369 287 1404 frequentia
311 1370 472 1396 Mercuriale
510 1370 663 1404 Imposuere
687 1367 756 1394 mihi
780 1375 929 1401 cognomen
957 1368 1082 1401 compita.

34 1405 142 1432 Inuenit
154 1414 300 1440 cognomen
314 1411 409 1441 torque
423 1405 540 1432 deti-atita
551 1405 668 1432 Manlius
681 1404 737 1430 Cic.
746 1403 798 1430 Off.
814 1411 837 1435 3,
854 1411 895 1429 112
909 1413 930 1428 c.
946 1411 979 1434 31.
1026 1404 1083 1429 Ma-

35 1446 81 1467 net
100 1449 245 1476 cognomen
265 1441 360 1474 alicui,
378 1441 431 1468 vid.
450 1448 505 1467 ΜΛ
516 1448 601 1468 ΝΕΟ.
673 1439 769 1466 Vellei.
784 1448 810 1471 2,
825 1447 848 1471 ς,
862 1447 872 1464 1
909 1439 1026 1465 Callaeci
1039 1448 1082 1464 co-

35 1485 149 1511 gnomen
162 1477 267 1504 meruit.
320 1478 426 1504 Partum
439 1485 587 1510 cognomen
600 1475 796 1502 hereditarium
810 1475 862 1500 erit
875 1475 931 1501 Cic.
946 1474 978 1500 de
994 1474 1082 1500 Somn.

34 1512 102 1546 Scip.
120 1521 146 1538 2.
199 1513 262 1540 Prae
278 1514 304 1540 se
316 1513 386 1539 ferre
399 1511 502 1538 laudem
517 1512 574 1546 ipso
587 1511 749 1546 cognomine
761 1510 835 1537 Idem
848 1519 897 1545 pro
912 1511 1033 1537 Muraen.
1043 1511 1083 1543 31.

33 1547 119 1574 Alteri
132 1548 256 1582 Capitoni
276 1557 423 1582 cognomen
443 1547 479 1573 est
498 1547 535 1574 Id.
551 1555 599 1582 pro
613 1548 688 1574 Rosc.
702 1547 792 1573 Amer.
808 1553 845 1580 17.
917 1546 1025 1572 Sumere
1041 1555 1084 1572 co-

31 1591 145 1616 gnomen
166 1591 198 1609 ex
214 1584 304 1618 aliqua
323 1592 351 1609 re
373 1583 428 1610 Cic.
442 1583 558 1618 Philipp.
571 1586 598 1615 6,
613 1592 644 1609 11.
680 1582 805 1609 Trahere
819 1591 852 1608 ex
870 1582 1032 1608 contumelia
1046 1582 1085 1608 Id.

0 1627 10 1650 ,1
29 1618 141 1652 Philipp.
150 1627 172 1650 3,
183 1620 219 1645 16.
257 1619 302 1645 Vti
316 1619 475 1653 cognomine
489 1618 594 1654 generis
608 1618 647 1645 Id.
663 1628 711 1652 pro
720 1619 877 1653 Cluent.72.

25 1660 74 1689 pro
88 1654 209 1689 Epitheto.
230 1654 299 1682 Suet.
308 1655 336 1681 in
344 1655 428 1690 Calig.
442 1664 464 1680 c.
472 1663 506 1681 22
526 1654 720 1688 Compluribus
734 1653 938 1688 cognominibus
954 1655 1083 1680 affumtis:

29 1698 90 1716 113111
103 1696 128 1716 et
135 1689 204 1723 Pius,
216 1696 242 1717 et
249 1691 403 1718 Castrorum
416 1690 498 1723 filius,
512 1696 537 1727 et
552 1690 628 1716 Pater
641 1690 816 1721 exercituum,
825 1695 850 1715 ct
862 1689 988 1722 Optimus
1001 1689 1084 1715 maxi-

29 1734 88 1752 mus
108 1726 204 1752 Caesar
217 1726 371 1753 vocabatur.
408 1726 564 1760 Cognonien
585 1726 665 1752 etiam
685 1725 783 1751 herbae
797 1724 917 1750 additum
925 1725 991 1751 Plin.
1006 1732 1043 1757 ες,
1057 1733 1083 1757 9.

67 1766 84 1787 C
94 1768 113 1788 Ο
123 1767 144 1788 G
153 1769 175 1788 N
184 1768 236 1788 OM
248 1761 258 1788 i
273 1768 295 1788 N
308 1770 316 1788 1
327 1769 356 1795 s,
379 1771 402 1788 e.
424 1762 484 1788 Adi.
502 1762 515 1795 [
527 1760 652 1793 ὅμώνυμος
665 1762 677 1795 ]
698 1760 800 1787 Festus:
821 1761 1012 1794 Cognomines‚
1025 1761 1082 1794 Qui

29 1796 148 1823 eiusdem
165 1797 225 1824 sunt
243 1798 370 1824 nominis.

30 1832 97 1859 duae
111 1833 261 1860 meretrices
275 1833 453 1868 cognomines.
526 1832 591 1858 Plin.
605 1834 632 1865 6,
646 1840 662 1858 2
696 1834 760 1865 Quo
773 1832 834 1858 loco
854 1833 973 1858 Henetos
989 1833 1084 1859 adiicit

30 1868 122 1903 Nepos
140 1868 295 1901 Cornelius,
321 1878 336 1896 a
354 1868 451 1904 quibus
472 1868 501 1894 in
522 1868 601 1895 Italia
615 1874 689 1894 ortos
704 1867 877 1902 cognomines
891 1877 986 1894 eorum
998 1870 1083 1895 Vene-

28 1908 70 1930 tos
85 1903 156 1931 credi
170 1904 291 1938 postulat.

28 1939 150 1967 Seruius:
174 1940 246 1967 Facit
260 1939 302 1967 hic
316 1945 342 1967 et
355 1940 418 1967 haec
432 1940 626 1975 Cognominis:
649 1938 722 1974 quod
735 1946 823 1966 autem
835 1941 973 1966 comnmni
986 1949 1082 1974 genere

28 1974 58 2002 in
78 1982 95 2002 E
114 1975 184 2003 milit
204 1975 371 2009 ablatiuum,
395 1976 476 2003 metri
489 1975 619 2002 neceffitas
637 1975 710 2001 fecit.
757 1975 829 2002 Suet.
842 1975 989 2002 Vitell.c.2

0 2036 3 2040 ,
28 2019 92 2039 tuor
104 2010 175 2038 filios
189 2013 378 2048 cognomines,
395 2021 424 2038 ac
438 2017 540 2038 tantum
555 2010 774 2046 praenominibus
788 2011 942 2045 distin&os‚
961 2012 1083 2047 reliquit.

7 2075 13 2084 «
29 2046 169 2074 EtOthon.
177 2056 199 2074 c.
209 2056 218 2074 1
238 2048 311 2074 Duos
320 2048 382 2074 tulit
390 2047 461 2074 filios
469 2048 498 2074 L.
505 2047 661 2078 Titianum,
670 2053 694 2073 et
707 2047 842 2074 minorem
851 2048 971 2074 Marcum
986 2057 1083 2082 cogno-

3 2098 9 2103 «
26 2082 129 2109 minem
143 2082 202 2110 fibi.
245 2084 307 2110 Vtro
327 2092 353 2109 ue
367 2084 418 2110 Ioco
430 2093 479 2109 non
493 2083 526 2109 ad
538 2093 622 2109 nomen
638 2083 778 2115 Vitellius,
797 2083 915 2114 Saluius3
933 2084 981 2119 fid
994 2084 1027 2109 ad
1043 2093 1081 2110 co-

27 2127 148 2154 gnomen,
171 2118 214 2145 hic
220 2118 295 2154 forte
307 2093 398 2154 giepos
407 2139 415 2151 ‚
435 2119 471 2145 ibi
484 2118 572 2151 Otho,
588 2118 679 2154 respici
684 2138 691 2147 ‚
704 2128 745 2144 res
757 2118 811 2153 ith
825 2125 922 2150 monet,
932 2126 955 2144 et
975 2121 1082 2144 Torren-

29 2189 272 2223 Cognomines,qui
280 2190 396 2216 eiusdem
411 2191 470 2215 sunt
477 2189 660 2222 Cognominis.
686 2190 775 2215 Verum
788 2187 818 2215 id
830 2187 927 2224 quidem
936 2187 987 2221 estis
995 2189 1080 2223 liquet.

64 2230 81 2251 c
90 2230 109 2250 o
118 2230 139 2250 G
147 2232 169 2250 N
177 2231 196 2250 o
206 2231 230 2251 M
238 2231 255 2250 E
263 2231 285 2251 N
294 2232 315 2251 T
324 2232 344 2251 v
355 2231 377 2250 in
389 2244 397 2257 ,
423 2225 442 2250 i.
461 2234 486 2250 n.
513 2224 670 2259 [ἐπώνυμον]
699 2223 774 2251 Idem.
791 2223 873 2250 Plaut.
889 2223 950 2250 Mil.
964 2233 992 2257 4,
1007 2232 1030 2255 2,
1043 2232 1081 2258 47

28 2258 138 2286 Pulcher
151 2259 230 2287 salue.
257 2267 272 2286 Ρ
284 2266 314 2286 Y.
342 2269 431 2287 meum
445 2266 652 2294 cognomentum
666 2260 899 2286 commemorauit.
974 2259 1031 2286 Cic.
1046 2260 1078 2286 de

0 2315 2 2326 Ι
28 2294 85 2321 fin.
105 2304 131 2326 2,
153 2304 178 2328 15
192 2305 214 2322 c.
230 2303 243 2328 ς
271 2296 298 2322 Si
311 2302 355 2323 aut
369 2295 401 2322 de
423 2296 553 2323 industria
566 2297 662 2329 facias,
684 2302 714 2322 vt
726 2295 879 2322 Heraclitus
899 2302 1078 2330 cognomento

28 2330 209 2365 quiam-tausis
227 2331 400 2366 perhibetur,
418 2339 464 2358 etc.

28 2375 76 2401 pro
89 2366 150 2393 Mil.
163 2375 184 2393 c.
201 2374 238 2402 17.
283 2368 374 2395 Tacit.
384 2369 451 2394 Ann.
469 2375 503 2400 ις,
516 2375 553 2402 74
572 2367 721 2403 Mensisque
734 2368 834 2403 Aprilis
848 2368 966 2395 Neronis
980 2376 1078 2401 cogno-

28 2408 146 2429 mentum
159 2404 295 2438 acciperet.
369 2403 440 2430 Idem
455 2405 522 2430 Ann.
537 2413 574 2438 12,
587 2406 631 2437 26,
646 2413 656 2430 i
684 2406 804 2439 Augetur
818 2404 967 2439 Agrippina
981 2410 1078 2436 cogno-

27 2445 117 2465 mento
130 2438 269 2473 Augustae.
303 2439 370 2466 AM.
385 2439 422 2466 ib.
437 2449 458 2466 c.
474 2447 513 2472 55,
527 2449 546 2466 1.

0 2475 2 2485 '
66 2480 84 2501 c
95 2480 143 2501 OG
156 2481 175 2500 N
185 2482 237 2502 OM
246 2473 259 2501 ῖ
268 2482 317 2502 No
326 2495 337 2508 ,
353 2479 407 2502 are.
442 2474 620 2510 [ἓπονομάζω]
657 2475 805 2510 Cognomine
818 2479 913 2500 notare.
931 2472 998 2499 Plin.
1011 2481 1049 2505 21,
1063 2481 1077 2505 3

0 2559 1 2562 =
40 2545 141 2572 iatoris.
214 2547 287 2574 Idem
308 2556 352 2580 29,
372 2556 382 2573 i
411 2547 472 2573 Alia
489 2547 574 2575 factio
593 2546 626 2573 ab
640 2544 828 2579 experimentis
847 2545 873 2570 se
886 2545 1077 2579 cognominans

13 2613 15 2615 Ι
40 2582 193 2616 ἠιμὶτίεεη,
213 2583 301 2616 coepit
320 2583 349 2608 in
362 2582 460 2609 Sicilia.

66 2623 201 2644 coeno
212 2624 236 2643 M
247 2618 320 2644 1NA”
331 2623 352 2642 'r
365 2624 426 2649 vs,
446 2626 476 2649 a,
497 2626 551 2644 um.
572 2616 665 2643 Partic.
696 2615 879 2649 [ἓπονομαςδς]
916 2615 973 2643 Cic.
984 2616 1076 2643 Partit.

30 2660 57 2684 33
71 2661 93 2678 c.
107 2658 132 2684 ις
155 2651 243 2678 Verba
264 2651 386 2686 ponenda
403 2653 477 2685 sunt,
505 2662 571 2687 quae
592 2653 647 2678 vim
660 2651 774 2678 habeant
794 2651 961 2684 illustrandi,
979 2661 1027 2678 nec
1041 2652 1075 2683 ab

32 2722 146 2754 minata,
167 2731 221 2748 non
232 2722 352 2758 vulgata,
368 2724 516 2758 superlata,
537 2724 565 2750 in
583 2724 728 2759 primisque
741 2723 873 2750 translata.
909 2724 957 2750 Sed
970 2734 1017 2750 non
1032 2725 1076 2760 Ja-

29 2760 66 2784 eis
77 2764 145 2784 certa
158 2756 232 2784 [effla
245 2757 287 2792 est,
295 2762 336 2794 qui
348 2761 420 2786 malit
432 2767 610 2796 coagmentata.
681 2760 750 2787 Plin.
763 2769 799 2792 33,
816 2769 844 2786 ιο
876 2759 965 2786 Postea
979 2760 1076 2786 diuites

44 2793 226 2827 ognoniinati,
250 2794 395 2822 dummodo
409 2802 503 2822 notum
518 2795 563 2828 sit,
591 2805 660 2829 eum,
686 2797 734 2831 qui
754 2797 855 2831 primus
874 2796 1006 2831 acceperit
1024 2795 1075 2823 hoc

43 2837 193 2863 ognomen,
211 2829 338 2858 decoxisse
349 2831 528 2858 creditoribus
540 2832 609 2865 suis,
629 2832 657 2858 de
671 2831 762 2866 Craſjb.

16 2912 19 2922 ι
45 2909 74 2927 us
88 2902 337 2935 cognominationis.

63 2942 80 2963 C
92 2943 112 2964 Ο
121 2943 142 2963 G
151 2943 173 2963 N
181 2944 200 2964 Ο
208 2945 221 2965 S
230 2944 246 2964 C
255 2945 274 2966 O
289 2959 298 2972 ‚
330 2938 387 2971 6111,
411 2939 490 2973 i'tum,
517 2941 571 2966 ξιτ.
584 2968 586 2971 ,
615 2939 752 2974 [φανῶ-κω,
781 2937 896 2974 γνωρίζω,
922 2937 1073 2972 dawileio-mo,

0 2978 16 3007 μ
38 2971 186 3008 πιγινῶσκω]
222 2974 388 3009 Cognoscere
396 2974 504 3002 dicimur
510 2978 616 3011 proprie
627 2976 707 3002 adhuc
718 2979 815 3012 ignota,
822 2981 851 3001 vt
864 2975 1004 3012 agnoscere,
1013 2985 1073 3011 quae

9 3005 13 3027 1
40 3008 84 3034 lim
96 3011 196 3044 cognita
207 3011 410 3047 recognoscimus.
452 3011 500 3039 sed
509 3021 583 3048 neque
595 3012 641 3038 hoc
656 3019 801 3047 perpetuum
810 3031 818 3043 ‚
839 3019 882 3037 nec
894 3011 957 3037 illud
973 3011 1073 3038 Donati

0 3015 15 3113 1-
48 3078 216 3119 .01·.Α11(11·.3,
224 3088 278 3116 4,7
295 3081 420 3109 Tandem
428 3084 547 3117 cognosti
555 3083 681 3119 quifiem.
714 3083 785 3110 Caes.
795 3082 936 3109 Bell.Gall.
952 3091 999 3117 ς,7
1021 3083 1072 3110 Ni.

45 3114 85 3141 ilo
92 3120 179 3141 tamen
185 3115 267 3143 secius
275 3118 365 3144 omnia
371 3118 427 3145 eius
434 3118 541 3146 consilia
547 3121 723 3154 cognosceret.
744 3119 801 3146 Cic.
808 3127 856 3153 pro
865 3119 957 3153 Qiint.
965 3128 977 3152 3
985 3119 1070 3146 Teni-

7 3151 20 3171 ’-
45 3150 100 3177 oris
106 3150 152 3177 vix
161 3151 220 3178 satis
230 3151 321 3183 habui,
329 3159 358 3180 vt
369 3162 426 3180 rem
432 3159 545 3188 tantam,
554 3162 593 3182 tot
602 3155 789 3182 controuersiis
798 3154 958 3189 implicatam
965 3156 1071 3190 ‚possem

41 3187 191 3221 ognoscere.
217 3188 300 3215 Ouid.
307 3189 399 3222 Mena,
412 3192 447 3222 96
469 3191 529 3217 Vox
543 3191 632 3218 subito
647 3191 737 3218 audita
750 3191 801 3223 est,
810 3199 896 3225 neque
907 3198 962 3218 erat
974 3191 1071 3226 cogno'-

10 3231 15 3242 ¹
37 3230 97 3249 cere
116 3229 253 3257 promtum
287 3224 379 3258 Vnde,
402 3225 445 3252 sed
464 3226 554 3254 audita
573 3227 624 3258 est,
650 3235 696 3253 etc.

9 3264 19 3289 4,
55 3267 95 3293 ep.
109 3259 181 3285 Paus.
196 3268 215 3292 4
239 3259 352 3296 Vincula
372 3260 498 3295 epistolae
516 3263 632 3297 laxauit,
651 3263 777 3298 lignoque
796 3261 914 3290 detraGm
933 3269 1072 3298 cognouit,

52 3294 330 3358 iiffss'iisi‘zofll'ja‘ss
342 3297 600 3362 {jgjfflffum-ffigg
612 3299 749 3361 111ῗέοἶ
751 3298 890 3361 ῗῇἑῖἕὲἷέ,
896 3298 964 3361 ¹553.
971 3298 1071 3362 ’1δὶἱέῗέ

41 3367 190 3407 ognofl‘ent‚
210 3367 257 3402 ipsi
273 3367 412 3402 legendum
424 3367 528 3396 dedere.
584 3355 618 3397 Ii.
633 3371 702 3397 Con.
720 3379 739 3404 4
767 3344 858 3405 linque
872 3379 940 3405 quae
952 3343 1070 3403 volpebat,

44 3409 87 3430 uic
99 3402 194 3437 scripta
208 3403 332 3434 tradidit,
346 3403 442 3438 quibus
455 3405 568 3439 cognitis
580 3413 625 3433 etc.

14 3455 19 3460 -
40 3435 110 3471 ’teris
123 3439 245 3479 cognitis.
317 3439 403 3466 Facile
423 3441 578 3474 cognoscere
610 3443 716 3468 Lucret.
737 3450 830 3475 2‚142.
899 3443 1069 3475 Memoriter,

17 3490 19 3494 .
64 3473 190 3507 emaus,
209 3474 261 3502 uid.
275 3475 318 3502 hh.
333 3475 358 3502 ll.
420 3475 525 3503 Lucret.
538 3485 562 3509 ς,
575 3482 621 3507 880
647 3477 677 3504 Id
689 3478 751 3504 licet
766 3477 827 3504 hinc
842 3478 964 3512 quamuis
978 3477 1070 3505 hebeti

15 3539 17 3541 ,
41 3509 181 3543 ogrioscere
192 3511 282 3538 corde.
355 3511 467 3538 Animus
487 3513 620 3546 cognoscit
635 3512 698 3540 haec
731 3514 836 3540 Lucret.
850 3522 872 3545 2,
885 3518 938 3546 839.
1011 3515 1067 3541 Cic.

22 3579 25 3585 ι
44 3547 64 3572 e
71 3544 147 3585 Orat.
162 3554 183 3578 1,
194 3555 236 3580 ¹59
251 3556 271 3573 c.
285 3555 319 3582 34
344 3547 545 3574 Pei-discendum
557 3548 598 3575 ius
611 3549 702 3582 ciuile,
715 3548 909 3584 cognoscendae
921 3549 997 3584 leges,
1011 3559 1069 3584 per-

52 3580 146 3614 pienda
163 3583 249 3609 omnis
268 3583 430 3618 antiquitas,
454 3589 500 3610 etc.

41 3622 126 3642 ertum
139 3616 216 3650 sciri,
232 3617 301 3645 nibil
313 3619 390 3654 plane
404 3618 525 3654 cognosci
544 3624 570 3645 et
590 3619 699 3654 percipi.
712 3650 715 3654 s
771 3620 893 3647 Studium
913 3622 1068 3656 cognoscen-

13 3669 19 3674 .
61 3646 104 3683 e,‘
116 3652 352 3692 percipiendaeque
371 3655 480 3682 virtutis
513 3654 551 3681 Id.
568 3654 600 3681 de
613 3655 689 3682 Orat.
705 3662 726 3687 1,
740 3663 794 3689 204
803 3665 830 3682 .c.
843 3663 889 3691 47.
961 3657 1068 3691 Experi-

43 3685 96 3712 ndo
114 3695 197 3722 magis
215 3698 293 3724 quam
306 3691 431 3718 discendo
449 3691 606 3726 cognoscere
626 3690 682 3718 Cic.
697 3691 769 3716 Fam.
786 3699 807 3723 1,
822 3698 849 3726 7.
920 3692 1069 3728 Pei-spicere

18 3754 19 3757 Ἴ
43 3726 54 3747 t
77 3723 244 3757 cognoscere‘
257 3734 346 3754 rerum
370 3734 492 3754 naturam
521 3726 594 3754 Idem
609 3726 662 3753 Off.
684 3733 761 3759 1‚134
783 3735 804 3752 c.
817 3734 859 3759 43.
1010 3726 1031 3765 fl
1052 3736 1068 3755 2

47 3801 82 3818 ·m
95 3796 134 3819 ita
144 3795 194 3820 late
201 3802 273 3830 patet
283 3797 354 3824 verbi
364 3798 422 3835 osus
430 3819 439 3832 ,
458 3806 536 3825 totam
550 3806 579 3825 vt
590 3797 789 3825 iurisdiflionem
802 3795 929 3832 complebit
943 3798 1068 3826 videatur.

11 3838 17 3866 1
53 3836 65 3853 ‘³
83 3827 134 3863 ''Pfl’
147 3828 210 3870 sfme
229 3832 378 3866 Imperatore
399 3834 504 3862 Sueten.
519 3834 622 3862 Neron.
637 3843 657 3861 c.
673 3842 698 3868 ις
726 3835 756 3860 111
770 3832 951 3867 cognoscendo
963 3842 1068 3862 morem

0 3865 2 3872 '
14 3873 18 3880 «
30 3870 88 3910 l:uni
99 3869 198 3903 tenuit,
216 3873 241 3892 et
252 3867 338 3895 demde
350 3875 428 3896 totum
439 3873 506 3897 iuris
519 3870 616 3898 arcendi
631 3870 741 3896 ordinem
754 3873 870 3904 explicat.
919 3868 985 3895 Idem
999 3870 1066 3906 Aug.

35 3906 49 3923 ἵ·
55 3906 86 3931 93
106 3899 174 3927 Cum
188 3901 275 3936 postea
281 3903 381 3931 Romae
394 3913 443 3940 pro
453 3906 623 3933 tribunalide
636 3905 783 3942 priuilegio
796 3904 956 3932 sacerdotum
964 3905 1066 3933 Atticae

236 373 310 407 Virg.
325 373 387 398 Aen.
401 376 424 402 8,
438 374 470 403 48
506 367 630 393 Ascanius
650 366 714 393 clari
735 367 829 393 condet
852 367 1018 401 cognominis
1038 368 1082 394 Al-
1104 366 1119 392 5

274 725 334 752 Liu.
355 734 373 756 1,
395 735 422 751 10
452 727 661 760 cognomenque
675 724 777 751 addidit
795 724 860 756 deo,
877 723 995 757 Iuppiter
1008 724 1085 750 Fere·
1104 724 1129 751 15
1149 727 1211 760 mm.
1225 718 1250 744 se
1263 718 1545 760 ΕἶΡΓΟΠΗΠΐῙῦωΥΠΠῙ·
1632 757 1635 761 ,

1143 755 1250 790 pliciter
1264 754 1366 790 dcjcerc,
1381 755 1526 790 explorare,
1546 760 1569 779 ct
1582 758 1697 781 notitiam
1709 758 1816 784 alicuius
1829 762 1866 784 rci
1878 770 1922 785 con
1937 764 2006 795 equi,
2025 768 2105 788 notat.
2143 760 2199 789 Cic·

515 907 583 932 Hor.
599 905 680 931 Serui.
696 913 715 936 1,
729 912 751 935 3,
766 908 793 935 58
823 902 924 928 Probus
947 902 1005 935 quis
1027 902 1085 928 No·
1102 896 1186 922 201d-
1201 896 1268 923 ibid-
1281 898 1326 932 Ep.
1341 904 1362 928 8-

1102 1442 1130 1469 33
1142 1440 1206 1461 sum
1220 1433 1287 1459 sacri
1303 1435 1462 1468 cognoscere
1482 1435 1564 1461 Ouid.
1574 1435 1640 1461 Fast.
1656 1437 1681 1466 6,
1696 1443 1743 1468 511.

916 1618 1084 1652 Cognomen,
1095 1619 1132 1644 40

343 1905 419 1939 Virg.
434 1905 499 1931 Aen.
514 1907 541 1937 6,
556 1906 600 1936 363
623 1903 727 1930 Gaudet
740 1903 901 1938 cognomine
916 1910 993 1930 terra.
1035 1904 1085 1931 Vbi

1010 1977 1082 2009 Qffi.
1101 1977 1133 2003 50
1148 1978 1174 1998 et
1190 1972 1259 2007 legi,
1281 1978 1307 1998 et
1322 1972 1376 2006 ipse
1391 1971 1540 2006 conscripfi.

1140 2080 1250 2116 ftnrire,
1258 2086 1336 2106 artem
1350 2078 1393 2112 effi*
1406 2079 1560 2110 adhibitam,
1581 2088 1655 2113 quam
1668 2078 1817 2112 difflmulare
1832 2079 1865 2113 cst
1873 2081 1991 2116 artificis.

28 2157 89 2179 tius.
109 2155 195 2190 Itaque
203 2153 284 2194 potQi
298 2165 345 2181 non
359 2155 388 2181 de
400 2155 479 2180 nihilo
494 2153 546 2187 ςθὲ,
555 2155 619 2189 quod
632 2153 737 2180 Festum
750 2156 788 2178 ita
800 2156 874 2178 ctiam
886 2153 987 2178 laudari
1000 2153 1082 2184 video,
1100 2154 1128 2180 55
1147 2148 1340 2182 fugitandostffl
1353 2157 1413 2183 quS
1428 2157 1470 2174 me
1484 2149 1662 2183 cognosceret·

537 2332 568 2359 C,
582 2332 724 2364 Caninius,
742 2337 922 2366 cognomento
935 2332 1009 2358 scola
1036 2332 1077 2358 Id,
1093 2334 1129 2358 60
1146 2327 1312 2360 Cognoscere
1326 2326 1503 2352 Instrumenta
1516 2326 1552 2352 est
1566 2327 1685 2362 relegere
1700 2333 1725 2354 et
1744 2331 1940 2364 recognoscere.

0 2518 2 2536 ι
28 2509 121 2537 Suario
133 2510 385 2546 cognominabatur,
405 2518 513 2546 propter
526 2510 728 2538 {imilitudinem
742 2509 830 2535 Suarii
848 2508 983 2535 cuiusdam
997 2517 1077 2543 nego·
1092 2513 1124 2546 65
1143 2514 1204 2531 rum
1218 2505 1346 2540 cognouit
1363 2505 1482 2532 adultera
1496 2505 1585 2540 virg0.

32 2686 77 2712 vsu
90 2686 138 2713 sint
152 2686 339 2720 abhorrentia,
357 2688 465 2722 grauia,
483 2688 573 2722 plena,
592 2688 724 2719 sonantia,
749 2687 854 2718 iuncta,
875 2687 960 2720 13613,
979 2697 1075 2723 cogno-
1091 2693 1127 2721 70
1142 2685 1239 2712 Virum
1253 2686 1386 2720 optimum
1400 2685 1626 2722 gratiffiinumque
1644 2690 1802 2722 cognoscere
1816 2697 1829 2715 a

65 2871 109 2892 co
121 2870 143 2891 G
155 2871 204 2892 No
215 2873 366 2894 MiNA'ri
377 2875 414 2901 o,
447 2868 515 2895 onis.
540 2868 561 2895 s.
588 2868 680 2896 Afran.
693 2868 762 2904 apud
774 2867 899 2894 Nonium
914 2875 940 2901 2,
954 2876 1003 2902 144
1024 2868 1072 2894 Ge.
1090 2878 1122 2906 7,-
1140 2867 1298 2900 cognoscere
1315 2865 1390 2892 Idem
1404 2868 1480 2893 Verr.
1497 2873 1520 2899 ς,
1534 2869 1589 2899 169.

1138 2909 1205 2928 teme
1218 2902 1303 2928 audite
1330 2902 1386 2929 Cic.
1400 2903 1477 2929 Verr.
1492 2911 1515 2935 2,
1529 2904 1561 2929 26
1593 2904 1727 2937 Qantam
1745 2904 1899 2939 potestatem
1922 2903 2062 2937 habuerit,
2081 2904 2194 2932 videtis:

1137 2947 1201 2973 quas
1209 2947 1250 2964 res
1265 2938 1367 2972 gesserit
1374 2959 1389 2971 „
1401 2939 1560 2974 cognoscite.

571 3583 645 3610 Idem
663 3584 696 3610 de
707 3585 782 3612 Orat.
798 3593 819 3617 1,
833 3593 883 3611 222
898 3594 920 3611 c.
934 3594 958 3618 51
988 3585 1068 3612 Nihil
1085 3593 1118 3619 95
1137 3583 1195 3610 Am.
1210 3593 1236 3616 z,
1250 3592 1309 3619 574.

1135 3620 1256 3654 cognitus
1268 3619 1357 3650 vrbis,
1376 3621 1394 3644 i.
1408 3617 1517 3644 auditus.
2159 3650 2165 3655 ⁴

1133 3655 1217 3683 Causa
1236 3656 1342 3690 cognita
1362 3653 1555 3680 excusationem
1572 3653 1690 3688 accipere
1720 3655 1823 3689 leian.
1845 3655 1871 3680 in
1891 3653 1908 3678 l.
1923 3651 1993 3677 licet.
2012 3651 2043 3676 D.
2064 3650 2096 3677 de
2107 3650 2180 3677 arbi-

1132 3691 1188 3719 tris.
1261 3692 1344 3718 Causa
1363 3689 1468 3723 cognita
1486 3688 1617 3716 iudicium
1631 3689 1694 3717 dare
1725 3690 1818 3716 Paulus
1834 3690 1861 3715 in
1885 3688 1901 3714 l.
1916 3686 1956 3712 sed
1972 3691 1998 3711 et
2016 3685 2042 3711 fi.
2056 3683 2079 3719 6.
2094 3685 2136 3712 sed
2151 3691 2179 3712 et

1132 3725 1151 3752 si
1165 3726 1229 3754 dies.
1243 3727 1274 3753 D.
1290 3726 1322 3752 de
1334 3725 1449 3752 iudiciis.

50 3759 208 3798 ‘'gnoscere,
227 3759 301 3796 saepe
317 3761 434 3790 dicmztur
452 3762 562 3794 iudicet,
581 3772 634 3788 cum
654 3762 683 3788 de
689 3760 767 3797 fodio
781 3768 916 3797 quaerunt:
926 3762 979 3805 ‘sed
991 3766 1123 3790 inter-100
1131 3762 1163 3823 11).
1177 3763 1212 3803 de.
1221 3761 1351 3823 mingrib.

1130 3806 1164 3860 De
1177 3806 1305 3860 iileuigdici
1318 3830 1388 3857 Enlis
1401 3831 1467 3858 bene
1481 3833 1601 3866 cognitus
1622 3833 1667 3859 Sil.
1682 3840 1720 3866 17,
1733 3838 1786 3863 393.

1127 3877 1155 3930 ’ὲ
1167 3877 1289 3938 {ogisi-tus
1299 3921 1306 3933 ,
1327 3902 1380 3929 (ine
1395 3902 1448 3929 vlla
1463 3904 1691 3930 commendatione
1705 3910 1852 3932 maiorum,
1872 3899 1908 3925 est
1920 3899 2035 3933 adeptus.

1547 132 1827 189 COG.
2113 153 2197 192 994

1147 218 1210 247 foro
1219 237 1227 249 ,
1245 215 1328 258 tafius
1343 217 1437 258 nidore
1451 220 1570 253 prandii,
1592 222 1664 256 quod
1677 223 1705 249 in
1720 222 1836 249 maxima
1848 223 1942 250 Matris
1955 225 2019 251 aede
2033 228 2108 255 Saliis
2121 239 2196 264 appa-

1147 253 1269 293 rabatur,
1278 252 1382 279 deterto
1396 254 1540 287 tribunali,
1553 259 1703 285 conscendit
1717 259 1748 285 ad
1763 259 1978 291 sacerdotes‚etc.
2000 264 2086 295 Magis
2095 269 2196 300 propria

1148 289 1204 315 Cic.
1215 289 1310 320 Att.16‚
1321 296 1347 323 17
1367 290 1436 323 Lege
1444 297 1468 316 ct
1479 292 1701 321 senatusconsulto
1710 296 1859 330 permiss‘uni
1868 301 1933 327 erat,
1941 295 2007 322 vtde
2014 292 2196 326 affimat-saris

1147 325 1350 365 cognoscerent,
1372 325 1529 355 statuerent,
1548 328 1702 357 iudicarent.
1740 331 1787 358 Sed
1794 333 1870 366 plane
1883 332 1950 357 nihil
1962 331 1996 357 ad
2006 332 2145 360 iudicialem
2158 345 2196 361 ra-

1147 363 1360 400 tionem-permut
1388 362 1461 401 Caes.
1477 362 1540 388 Bell.
1556 364 1622 390 Gall.
1638 373 1664 399 7,
1680 375 1688 392 1
1715 367 1745 392 In
1766 367 1871 393 Italiam
1884 366 1916 393 ad
1928 373 2073 393 conuentus
2085 370 2198 402 agendos

1147 397 1334 434 prohciscitur.
1359 432 1363 436 Ι
1378 396 1418 423 lbi
1433 398 1567 431 cognoscit
1582 399 1613 424 de
1630 401 1720 428 Clodii
1733 402 1828 434 caede,
1855 406 1873 429 i.
1893 403 1979 435 audit,
1999 407 2126 439 comperit.
2162 408 2199 431 At

1147 430 1264 471 iudiciale
1277 429 1309 464 ‹st
1332 433 1479 472 Cio-Vcrr.
1503 442 1524 464 2,
1541 442 1567 473 19
1595 436 1625 461 Se
1638 436 1670 462 de
1690 437 1836 465 hereditate
1856 439 1924 465 velle
1936 439 2110 474 cognoscere,
2132 448 2199 474 quae

1148 475 1205 493 eius
1220 467 1277 493 tilio
1291 476 1305 493 a
1321 477 1473 503 propinquo
1486 468 1594 495 homine
1609 472 1774 505 Apollodoro
1790 474 1941 508 Laphirone
1958 475 2076 502 venisset.
2124 476 2198 511 Conf-

1147 503 1225 543 Verr.
1241 511 1261 535 i,
1280 511 1337 543 27'.
1376 504 1433 530 Sen.
1448 504 1518 531 Med.
1536 514 1584 537 ¹94
1605 515 1710 543 argute,
1729 508 1756 534 Si
1768 509 1882 543 iudicas,
1903 512 2042 545 cognosce:
2064 510 2082 537 fl
2097 520 2199 545 regnaS,

1148 538 1221 578 iube.
1270 539 1382 579 'leiam
1398 540 1416 566 l.
1436 541 1467 566 Et
1481 540 1537 580 post
1550 541 1673 569 Edictum
1686 543 1717 569 D.
1733 544 1765 569 de
1784 546 1907 578 Iudiciis,
1926 547 1990 573 Non
2004 547 2098 582 vtique
2110 547 2199 577 iudex,

1148 583 1196 608 qui
1211 573 1250 614 'de
1269 574 1387 601 iudicato
1405 577 1555 609 cognoscit,
1584 577 1661 604 debet
1682 578 1714 605 de
1733 580 1864 608 Praetoris
1883 582 2011 609 sententia
2033 584 2197 618 cognoscere.

1148 609 1313 637 Callistratus
1328 610 1346 637 l.
1362 611 1389 636 Si
1404 611 1435 637 de
1448 612 1475 637 vi
1496 613 1528 639 D.
1544 612 1576 638 de
1591 614 1715 646 Iudiciis,
1734 615 1772 640 Dc
1787 616 1813 641 vi
1827 622 1852 642 et
1869 619 2031 652 proprietate
2049 619 2089 645 rei
2103 627 2198 653 cogno-

1148 647 1227 672 scere.
1265 646 1371 686 leian.
1384 645 1400 671 1.
1421 647 1450 686 In
1464 650 1628 680 peremtorio
1643 650 1675 676 D.
1690 650 1721 676 de
1735 650 1846 677 Iudiciis
1856 673 1863 684 ,
1884 654 1913 679 In
1926 655 2092 688 peremtorio
2110 660 2198 681 autem

1148 682 1328 709 comminatur
1340 689 1372 714 is,
1381 691 1428 716 qui
1441 682 1559 710 edic‘tum
1573 685 1637 719 edit,
1654 686 1735 712 etiam
1752 687 1857 714 absente
1876 688 1979 716 diuersa
1993 697 2065 724 parte
2079 691 2200 725 cognitu-

1744 719 1764 760 Ἴ
1793 731 1805 754 3
1847 725 1972 751 Formulae
1983 727 2063 758 aliae,
2089 727 2133 752 vbi
2139 725 2199 760 fim-

1150 791 1203 816 Att.
1221 798 1243 822 5,
1257 799 1285 817 21
1306 789 1394 816 Habes
1407 789 1515 817 consilia
1527 789 1631 821 nostra,
1650 799 1719 817 nunc
1734 795 1862 828 cognosce
1875 795 1907 821 de
1941 803 2011 823 ruto.
2084 799 2115 823 Et
2129 799 2201 824 Fam.

1149 834 1178 858 4,
1193 835 1210 859 4
1229 827 1268 852 De
1282 826 1404 852 Marcelli
1420 825 1537 860 collegae
1556 825 1595 851 tui
1610 825 1692 852 salute
1712 830 1801 860 paullo
1816 836 1892 863 ante,
1914 840 1992 866 quam
2006 838 2049 864 tu,
2073 834 2201 868 cognoui-

1149 870 1217 887 mus.
1273 862 1328 888 Cic.
1345 863 1416 889 Fam.
1432 871 1457 894 2,
1471 871 1499 888 10
1518 860 1663 888 Certiffima
1677 863 1784 896 putabo,
1798 875 1864 899 quae
1879 876 1911 893 cx
1924 874 1949 894 te
1961 876 2088 902 cognoro.
2126 869 2199 906 Conf.

1434 899 1473 925 De
1486 903 1544 924 toto
1557 897 1623 924 statu
1638 907 1728 924 rerum
1742 902 1925 929 communium
1944 912 1976 930 ex
1998 904 2090 938 aliquo
2104 913 2201 939 cogno-

1149 933 1219 958 scere
1238 933 1293 959 Cic.
1303 935 1375 960 Fam.
1392 943 1409 964 1,
1424 939 1447 964 8.
1520 935 1561 961 Sic
1574 933 1649 968 Virg.
1664 934 1730 960 Aen.
1751 943 1775 967 2,
1792 944 1820 961 10
1852 937 1900 963 Sed
1913 938 1930 963 li
1943 945 2029 965 tantus
2043 949 2118 966 amor
2131 941 2202 967 casus

1149 969 1307 1001 cognoscere
1327 969 1431 996 nostros
1467 971 1498 996 Et
1518 969 1641 996 breuiter
1658 969 1764 997 Troiae
1785 972 1936 1005 supremum
1955 975 2047 1001 audire
2072 976 2200 1002 laborem.

1148 1003 1222 1029 Idem
1239 1005 1337 1039 Georg.
1358 1014 1381 1037 3,
1400 1014 1455 1038 490
1484 1006 1558 1032 Felix
1574 1005 1622 1040 qui
1642 1006 1729 1040 potuit
1749 1016 1840 1033 rerum
1855 1009 2011 1041 cognoscere
2029 1012 2132 1043 causas,
2152 1015 2200 1038 int.

1147 1041 1284 1066 naturales.
1323 1040 1370 1067 Sed
1383 1040 1411 1067 dc
1424 1041 1528 1067 iudiciis
1548 1042 1604 1067 Cic.
1620 1041 1652 1067 de
1668 1042 1743 1069 Orat.
1757 1051 1784 1075 2,
1798 1052 1832 1076 99
1848 1053 1869 1070 c.
1884 1052 1917 1076 24
1945 1045 2120 1080 Qiascunque
2144 1056 2202 1073 cau-

1149 1075 1186 1101 sas
1205 1075 1257 1101 erit
1279 1075 1404 1108 aeturus,
1437 1082 1466 1102 vt
1481 1085 1523 1102 eas
1542 1077 1686 1111 diligenter
1703 1079 1860 1114 penitusque
1880 1081 2034 1114 cognoscat:
2051 1082 2161 1116 loquitur
2174 1083 2202 1108 de

1149 1112 1276 1143 Patrono,
1296 1114 1339 1146 qui
1353 1112 1488 1146 cognoscit
1503 1113 1606 1144 causas,
1626 1123 1679 1138 cum
1692 1114 1784 1150 discit,
1803 1118 1820 1142 i.
1834 1115 1905 1141 audit
1920 1124 1931 1141 e
1945 1117 2082 1152 litigatore.
2118 1119 2203 1144 Aliter

1148 1146 1222 1173 Idem
1239 1148 1292 1173 Att.
1307 1156 1338 1180 ii,
1352 1154 1370 1182 7
1403 1147 1600 1183 Prohiberique
1613 1157 1704 1175 omncs
1718 1150 1809 1182 Italia,
1831 1151 1879 1176 nisi
1894 1160 2010 1186 quorum
2033 1151 2088 1187 ipse
2102 1152 2203 1178 'causam

1149 1183 1327 1217 cognouisi'et,
1353 1191 1471 1220 tanquam
1485 1183 1559 1210 iudex
1567 1185 1709 1220 supremus.
1783 1187 1823 1213 Sic
1837 1187 1893 1213 Cic.
1909 1187 1962 1214 Off.
1977 1196 2002 1219 2,
2015 1192 2046 1218 82
2072 1188 2205 1215 Adhibuit

1150 1218 1200 1245 fibi
1215 1219 1244 1245 in
1257 1219 1396 1246 confilium
1418 1219 1573 1254 quindecim
1593 1220 1742 1255 principes,
1767 1231 1826 1248 cuni
1847 1222 1945 1257 quibus
1966 1223 2051 1250 causas
2066 1224 2205 1258 cognouit,

1150 1260 1176 1281 et
1191 1263 1296 1288 eorum,
1311 1255 1359 1290 qui
1372 1255 1459 1282 aliena
1475 1255 1649 1288 tenebant,et
1661 1265 1754 1283 corum
1766 1277 1774 1290 ,
1788 1258 1836 1293 qui
1854 1259 1898 1284 sua
1911 1260 2061 1286 amiserant.
2134 1259 2205 1287 Con-

1149 1290 1281 1317 ditionem
1297 1291 1431 1318 societatis
1445 1291 1589 1326 diligenter
1603 1293 1762 1327 cognoscere
1792 1294 1865 1320 Idem
1882 1303 1931 1329 pro
1945 1296 2021 1322 Rosc.
2036 1298 2112 1323 Com.
2152 1316 2158 1322 .
2198 1316 2205 1322 .

1149 1327 1226 1361 Virg.
1243 1327 1341 1362 Georg.
1364 1336 1388 1358 1,
1409 1334 1456 1363 177
1498 1328 1600 1354 Possum
1620 1329 1704 1355 multa
1724 1329 1776 1355 tibi
1796 1337 1917 1357 veterum
1938 1338 2073 1366 praecepta
2093 1332 2206 1363 referre,

1149 1362 1190 1389 Ni
1204 1363 1322 1396 refugis,
1341 1369 1486 1397 tenuesque
1507 1364 1580 1398 piget
1593 1365 1752 1398 cognoscere
1766 1374 1849 1392 curas.
1922 1368 1965 1393 Ius
1979 1368 2059 1394 ciuile
2073 1367 2148 1394 domi
2163 1376 2206 1394 co-

1149 1404 1279 1432 gnouerat
1300 1398 1357 1424 Cic.
1373 1398 1405 1424 de
1419 1400 1491 1425 Clar.
1507 1400 1582 1426 Orat.
1599 1405 1639 1432 98.
1713 1401 1854 1427 Rationem
1881 1402 1955 1428 Idem
1968 1404 2021 1429 Att.
2035 1412 2057 1436 ς,
2072 1413 2099 1437 4.
2158 1403 2205 1429 Ri-

1162 1469 1166 1473 ·
1801 1438 1874 1463 Caes.
1885 1438 1948 1464 Bell.
1964 1439 2031 1465 Gall.
2049 1448 2069 1471 1,
2083 1447 2111 1465 21
2133 1440 2205 1472 Qia-

1148 1469 1181 1495 lis
1194 1475 1288 1496 natura
1301 1470 1416 1502 montis,
1438 1476 1463 1496 et
1477 1471 1564 1504 qualis
1579 1471 1607 1497 in
1620 1471 1732 1497 circuitu
1744 1472 1876 1503 ascensus;
1894 1474 1942 1507 qui
1955 1476 2141 1508 cognoscerent
2156 1475 2206 1501 mi-

1149 1505 1189 1535 fit.
1246 1505 1304 1532 Cic.
1318 1506 1391 1532 Fam.
1407 1514 1446 1539 14,
1461 1513 1474 1538 5
1509 1506 1635 1540 Cognoui
1648 1506 1721 1532 enim
1737 1516 1769 1532 ex
1785 1507 1932 1534 multorum
1950 1510 2097 1536 amicorum
2110 1510 2207 1543 literis,

1150 1550 1231 1576 quas,
1251 1548 1296 1567 etc.
1369 1541 1444 1568 Idem
1457 1542 1522 1568 Fam
1539 1550 1560 1574 1,
1574 1550 1587 1574 ς
1608 1542 1660 1568 Hic
1673 1551 1742 1576 quae
1754 1550 1882 1577 agantur,
1900 1553 2020 1580 quaeque
2033 1544 2091 1572 3613
2105 1545 2162 1578 sint,
2176 1555 2206 1572 ea

1149 1583 1176 1604 te
1189 1583 1215 1604 et
1230 1577 1314 1604 literis
1331 1577 1480 1604 multorum
1494 1583 1520 1603 et
1533 1577 1636 1604 nuntiis
1654 1579 1813 1612 cognoscere
1827 1580 1954 1607 arbitror.
2010 1582 2066 1608 Cic.
2082 1582 2206 1609 Hui-tens.

1149 1621 1190 1649 ap.
1206 1614 1279 1640 Non.
1292 1622 1321 1646 4,
1335 1622 1382 1646 109
1416 1612 1493 1639 Vnde
1506 1619 1596 1640 autem
1609 1614 1727 1645 facilius,
1748 1624 1829 1649 quam
1853 1625 1884 1642 ex
1899 1616 2034 1643 annalium
2048 1626 2206 1644 monumen-

1147 1651 1181 1676 tis
1195 1655 1240 1676 aut
1254 1648 1366 1676 bellicae
1379 1658 1420 1676 res
1434 1654 1480 1676 aut
1492 1650 1581 1676 omnis
1595 1650 1662 1684 reip.
1683 1649 1822 1685 disciplina
1841 1653 2019 1686 cognoscitur.
2078 1653 2117 1679 Id.
2132 1654 2204 1680 Fam.

1148 1692 1170 1718 ς,
1192 1694 1218 1711 iz
1254 1687 1290 1711 Vt
1308 1692 1334 1712 et
1352 1685 1452 1712 caeteri
1471 1685 1627 1712 viuentibus
1645 1684 1724 1711 nobis
1744 1695 1775 1712 ex
1795 1687 1881 1714 literis
1901 1689 1953 1714 tuis
1971 1697 2019 1715 nos
2039 1690 2206 1723 cognoscant.

1148 1721 1221 1748 Caes.
1236 1721 1265 1747 B.
1279 1721 1341 1748 Ciu.
1356 1729 1378 1753 3,
1393 1726 1418 1751 18
1440 1721 1481 1747 Ab
1494 1721 1528 1747 iis
1544 1721 1639 1748 Caesar
1654 1720 1717 1747 haec
1732 1721 1803 1749 dista
1823 1724 1978 1759 (Pompeii)
1999 1726 2137 1759 cognouit,
2157 1726 2206 1760 qui

1148 1757 1267 1783 sermoni
1280 1756 1471 1783 interfuerunt.
1543 1756 1657 1791 Aliquid
1665 1765 1696 1783 ex
1710 1765 1749 1789 re,
1763 1766 1794 1784 ex
1808 1758 1886 1785 factis
1899 1759 2023 1793 alicuius,
2038 1760 2205 1795 decretisque

427 1797 508 1823 Plaut.
530 1796 622 1822 Bacch.
637 1805 656 1828 1,
672 1804 693 1829 1,
707 1805 719 1829 ς
751 1795 826 1829 Qud
849 1803 929 1830 agunt
943 1805 1082 1831 germanae
1096 1796 1130 1822 45
1150 1793 1309 1826 cognoscere
1316 1793 1373 1819 Cic.
1383 1793 1460 1819 Verr.
1469 1799 1490 1824 ς,
1499 1801 1524 1825 9.
1560 1793 1652 1819 Tacit.
1665 1792 1733 1819 Ann.
1750 1802 1787 1826 12,
1796 1802 1829 1827 24
1848 1795 1983 1829 Qnodvbi
1991 1796 2107 1823 clamore
2115 1805 2205 1832 cogni-

1149 1834 1223 1860 tum,
1245 1835 1292 1854 etc.
1366 1828 1422 1854 Cic.
1438 1828 1492 1855 Off.
1506 1837 1532 1861 2,
1550 1830 1589 1863 46
1623 1828 1762 1855 Facillime
1774 1836 1861 1857 autem
1878 1838 1904 1858 et
1918 1832 1946 1858 in
1959 1833 2088 1867 optimam
2104 1839 2206 1867 partem

1148 1865 1345 1898 cognoscuntur
1364 1863 1557 1896 adolescentes,
1592 1864 1637 1898 qai
1655 1865 1681 1892 se
1694 1864 1726 1891 ad
1747 1865 1830 1892 claros
1851 1872 1876 1893 et
1896 1868 2023 1902 sapientes
2044 1869 2117 1895 vii-os
2136 1869 2204 1897 tune

1147 1900 1314 1926 consulentes
1329 1900 1443 1934 Reipub.
1458 1899 1637 1926 contulerunt.
1707 1899 1781 1927 Idem
1801 1902 1832 1928 de
1851 1903 1950 1930 5011061,
1964 1911 2004 1939 ap.
2019 1905 2092 1931 Non.
2115 1914 2143 1938 4,
2157 1913 2205 1938 109

1148 1936 1245 1970 Neque
1259 1945 1326 1962 vero
1341 1945 1407 1970 quos
1421 1936 1476 1970 ipse
1492 1937 1624 1970 cognoui,
1652 1935 1694 1962 sed
1709 1936 1771 1962 illos
1791 1937 1871 1964 etiam
1881 1959 1889 1971 ,
1910 1940 1942 1966 de
1956 1940 2052 1975 quibus
2069 1946 2095 1966 et
2109 1940 2205 1967 audiui

1615 1973 1646 1998 Et
1660 1973 1737 1998 Verr.
1755 1982 1765 1999 1
1781 1983 1802 1999 c.
1820 1982 1831 2007 ς
1852 1976 1920 2001 Cum
1935 1985 1996 2002 eum
2010 1976 2138 2008 Syracusis
2150 1985 2206 2002 am-

1147 2008 1217 2043 plius
1237 2014 1343 2034 centum
1363 2008 1435 2034 ciues
1461 2008 1540 2034 Rom.
1556 2008 1758 2042 cognoscerent,
1786 2012 1803 2035 i.
1812 2010 1925 2045 scirent,
1954 2011 2127 2047 dicerentque,
2152 2020 2205 2037 eum

1148 2043 1206 2077 qffl,
1226 2043 1330 2079 quemfi
1343 2043 1420 2070 dicat.
1493 2043 1586 2070 Artem
1601 2045 1758 2077 cognoscere
1786 2045 1843 2071 Cic.
1858 2046 1890 2071 de
1903 2047 1951 2072 Or.
1967 2055 1989 2079 2,
2005 2054 2052 2081 177
2072 2056 2092 2072 c.
2107 2055 2148 2080 41.
2172 2045 2205 2081 est

2143 2081 2205 2120 ³34

1147 2115 1330 2147 Cognoscere,
1348 2121 1399 2153 pro
1418 2113 1568 2149 Agnoscere.
1625 2114 1694 2140 Ter.
1708 2114 1773 2140 Eun.
1795 2123 1816 2148 ς,
1831 2125 1855 2142 2.
1870 2122 1884 2147 8
1914 2119 1954 2144 Ita
1975 2118 2141 2145 miserrimus
2163 2119 2205 2146 fui

1718 2150 1799 2177 Ouid.
1812 2153 1878 2179 Met.
1894 2162 1916 2186 2,
1932 2161 1976 2189 137
2000 2154 2048 2180 Sed
2063 2154 2204 2189 postquam

1146 2190 1280 2211 remorata
1295 2185 1354 2210 suos
1369 2185 1497 2219 cognouit
1509 2193 1625 2217 amores,
1646 2189 1664 2212 i.
1678 2190 1783 2221 agnouit
1795 2196 1937 2215 amatorem.
2002 2190 2205 2218 Humanitatem

1145 2220 1277 2252 alicuius,
1298 2220 1364 2256 quod
1377 2222 1524 2256 gratulatus
1532 2221 1587 2254 stt,
1607 2222 1772 2255 cognoscere.
1848 2224 1904 2250 Cic.
1915 2225 1986 2251 Fam.
1996 2233 2016 2258 1,
2029 2233 2048 2259 7
2074 2226 2138 2252 Vice
2152 2228 2203 2253 ser-

1145 2256 1234 2283 monis
1258 2257 1415 2290 cognoscere
1434 2256 1552 2290 aliquem
1590 2257 1673 2283 Ouid.
1693 2257 1779 2283 Trist.
1799 2266 1828 2291 4,
1841 2269 1868 2293 4,
1882 2268 1926 2293 79.
1958 2261 1982 2286 h.
2004 2270 2023 2287 e.
2044 2270 2073 2286 ex
2081 2261 2203 2297 sermone.

1876 2295 1981 2330 leian.
1999 2296 2015 2322 l.
2031 2298 2062 2329 56
2082 2297 2113 2323 de
2129 2298 2161 2324 V.
2176 2297 2203 2324 S.

2013 2332 2088 2366 Virg.
2104 2333 2157 2360 Ecl.
2172 2342 2201 2366 4,

1918 2367 1975 2393 Cic.
1989 2367 2047 2394 Cat.
2064 2377 2087 2401 3,
2101 2377 2130 2395 10
2163 2369 2202 2395 Si—

1145 2291 1243 2319 Tellus
1254 2291 1390 2325 cognoscit
1401 2291 1522 2317 alumnos
1540 2291 1599 2318 Stat.
1615 2288 1709 2318 Theb.
1722 2301 1748 2325 4,
1763 2296 1818 2325 638.

1145 2364 1180 2388 60
1206 2362 1295 2396 Incipe
1310 2370 1390 2396 parue
1403 2371 1469 2396 puer
1481 2362 1536 2388 risu
1556 2365 1714 2398 cognoscere
1726 2371 1847 2392 matrem.

1143 2406 1225 2432 gnum
1243 2398 1409 2432 cognoscere.
1482 2397 1563 2425 Ouid.
1582 2399 1648 2427 Met.
1666 2409 1704 2431 12,
1718 2409 1761 2433 251
1799 2401 1830 2428 Et
1843 2402 1895 2428 ossa
1932 2403 1997 2430 Non
2016 2405 2201 2438 cognoscendo

1144 2433 1252 2460 confusa
1264 2433 1376 2468 reliquit
1391 2433 1420 2460 in
1433 2441 1490 2460 ore.
1690 2434 1711 2477 ff
1733 2444 1746 2469 ς
1777 2438 1858 2463 Etiam
1879 2438 1976 2465 Virum
1997 2441 2146 2474 cognouisse
2162 2441 2201 2467 di-

1142 2472 1224 2501 citur,
1245 2479 1306 2505 quae
1318 2479 1373 2496 cum
1386 2473 1444 2496 viro
1458 2479 1508 2496 rem
1522 2469 1616 2497 habuit.
1653 2471 1736 2499 Ouid.
1751 2473 1831 2507 Epist.
1845 2475 1871 2506 6,
1886 2482 1924 2506 133
1952 2475 2087 2510 Turpiter
2101 2477 2147 2503 illa
2160 2477 2201 2504 vi-

1644 2509 1713 2535 Nota
1726 2506 1759 2541 est
1766 2510 1921 2545 scriptorum
1930 2511 2063 2546 sacrorum
2076 2513 2202 2549 confitetu-

1413 2541 1472 2568 Vid.
1500 2547 1518 2568 c
1529 2548 1621 2569 oGNi
1632 2549 1704 2571 Tvs
1732 2553 1758 2570 n.
1772 2553 1797 2571 2.
1997 2545 2017 2584 q
2039 2549 2056 2574 6
2093 2549 2201 2583 Cogno-

1142 2578 1229 2610 scere,
1250 2579 1376 2613 Experiri.
1422 2578 1478 2605 Cic.
1493 2578 1566 2604 Fam.
1582 2587 1617 2611 13,
1631 2587 1655 2605 21
1678 2580 1825 2607 Hominem
1838 2581 1996 2615 prudentem
2009 2588 2035 2608 et
2049 2582 2200 2611 officiosum

1141 2613 1298 2648 cognosces,
1320 2620 1346 2640 et
1361 2613 1487 2648 dignum,
1503 2613 1550 2648 qui
1565 2623 1579 2640 a
1593 2620 1619 2641 te
1632 2614 1768 2650 diligatur.
1835 2617 1929 2644 Fidem
1943 2617 2085 2645 hominum
2101 2629 2200 2654 cogno-

1141 2649 1171 2676 vi
1185 2649 1288 2676 nonita
1302 2658 1396 2684 magna
1409 2649 1530 2676 mercede
1548 2649 1621 2677 Idem
1636 2652 1707 2678 Fam.
1721 2660 1741 2685 1,
1754 2661 1778 2685 9.
1799 2655 1818 2678 i.
1833 2662 1904 2715 guam
1912 2661 2004 2689 parum
2010 2654 2101 2690 fideles
2114 2656 2197 2690 ffnt.

1142 2540 1172 2568 do
1186 2544 1213 2567 in
1225 2541 1270 2568 hoc
1283 2542 1364 2568 uerbo.

1843 2697 1935 2724 iquem
1962 2690 2000 2716 Id.
2014 2691 2086 2717 Fam.
2102 2700 2137 2725 13,
2153 2699 2195 2718 20.

1141 2721 1217 2756 Virg.
1231 2721 1319 2757 Eclog.
1336 2730 1356 2754 1,
1370 2730 1406 2755 42
1438 2722 1496 2749 Nec
1510 2728 1564 2748 tam
1583 2724 1729 2757 praesentes
1744 2723 1810 2751 alibi
1828 2725 1987 2760 cognoscere
2006 2725 2092 2753 diuos.
2135 2726 2195 2754 th.

1141 2758 1261 2784 Praesens
1273 2758 1321 2794 fi‘h
1342 2765 1536 2785 PRAESVM.
1610 2759 1661 2786 Res
1682 2759 1807 2787 humanas
1833 2767 2059 2792 contemnentem,
2081 2766 2108 2788 et
2126 2762 2196 2796 opti-

1140 2802 1183 2820 me
1204 2800 1296 2820 contra
1315 2794 1450 2821 fortunam
1468 2799 1590 2828 paratum
1608 2802 1793 2832 armatumque
1818 2797 1975 2831 cognoscere
1999 2796 2116 2831 aliquem
2136 2798 2194 2824 Cic.

1141 2830 1213 2856 Fam.
1230 2837 1252 2862 ς,
1273 2838 1307 2862 13.
1385 2829 1544 2865 Pcrangusto
1559 2830 1630 2857 freto
1645 2831 1740 2865 diuisa,
1760 2833 1911 2865 seruitutis,
1933 2841 1963 2858 ac
1982 2832 2114 2859 libertatis
2134 2833 2195 2861 iura

1794 2866 1815 2905 fl
1835 2876 1852 2903 7
1890 2868 2065 2902 Cognoscite,
2080 2877 2130 2904 pro
2142 2872 2194 2896 At<

1176 2980 1193 3001 C
1204 2981 1223 3001 O
1232 2981 1253 3001 G
1262 2982 1284 3001 N
1292 2981 1311 3001 Ο
1320 2982 1333 3001 S
1345 2981 1362 3001 C
1372 2981 1389 3001 E
1398 2982 1420 3001 N
1428 2982 1441 3002 s
1456 2994 1464 3008 ,
1497 2975 1540 3001 tis.
1568 2976 1637 3001 Part.
1672 2975 1810 3009 Separacim
1822 2977 1883 3009 poni
1894 2981 2011 3007 meretur,
2020 2977 2061 3002 vel
2072 2975 2100 3002 ob
2113 2976 2192 3002 Iocum

1138 3011 1169 3036 A.
1183 3009 1214 3037 ad
1227 3011 1291 3037 Her.
1304 3019 1331 3044 4,
1345 3019 1376 3044 25
1390 3020 1411 3038 c.
1429 3016 1454 3041 18
1486 3010 1543 3044 Qii
1556 3010 1674 3045 priuatus
1693 3010 1859 3036 intolerabili
1879 3010 2003 3044 superbia
2017 3011 2114 3044 fuerit,
2128 3020 2192 3039 eum

42 3042 60 3069 d
70 3042 138 3070 Ter.
153 3044 219 3072 Hec.
231 3054 252 3079 1,
267 3055 291 3079 2,
302 3052 335 3081 87
361 3047 526 3081 Cognoscere
537 3047 573 3075 est
587 3048 736 3082 Diligenter
749 3052 776 3073 et
788 3052 885 3073 attente
899 3047 1071 3074 considerare.
1089 3056 1122 3082 80
1137 3046 1309 3073 commodum
1322 3053 1348 3073 et
1362 3047 1403 3073 sui
1418 3048 1620 3081 cognoscentem
1630 3045 1724 3072 videre
1739 3046 1766 3071 in
1780 3046 1906 3080 potestate
1919 3046 1979 3081 quis
1998 3047 2101 3081 speret?

1175 3088 1192 3109 C
1203 3090 1222 3109 0
1232 3089 1252 3109 G
1264 3089 1284 3107 N
1293 3089 1312 3109 o
1321 3089 1333 3108 S
1343 3089 1361 3109 C
1372 3090 1389 3110 Ε
1398 3089 1420 3108 N
1429 3089 1451 3108 'r
1461 3089 1515 3109 ER.
1552 3081 1621 3108 Adu.
1663 3083 1712 3114 Vt,
1734 3082 1854 3108 Tertull.
1869 3081 1930 3108 adu.
1939 3083 2022 3109 Marc.
2036 3093 2064 3117 4,
2077 3091 2111 3110 22
2131 3084 2190 3111 Ma-

1137 3118 1231 3145 nifesta
1246 3124 1270 3145 te
1283 3118 1367 3151 mihi,
1398 3124 1427 3145 vt
1439 3117 1627 3153 cognoscenter
1639 3122 1665 3143 te
1677 3118 1791 3144 videam.

1175 3160 1450 3186 COGNOSCENT1A‚
1476 3162 1515 3180 ae.
1537 3153 1557 3180 f.
1582 3152 1660 3188 Apud
1678 3154 1746 3181 Mar.
1767 3152 1901 3179 Vioorin.
1922 3152 2093 3180 adu.Arium.
2110 3163 2130 3187 1,
2152 3173 2159 3180 .
2181 3174 2188 3182 .

1171 3195 1246 3217 coG
1259 3197 1281 3216 Ν
1292 3198 1301 3217 1
1313 3196 1416 3223 TVM,
1436 3195 1511 3217 COG
1522 3196 1631 3215 NiTv.
1653 3188 1742 3223 Supin.
1780 3188 1882 3223 Festus,
1909 3189 2026 3223 Cognitu
2043 3189 2132 3217 facilia
2147 3199 2189 3217 ea-

752 3226 820 3254 Idem
834 3226 894 3262 fere
911 3226 977 3263 quod
991 3229 1070 3264 legere
1089 3234 1118 3263 85
1137 3224 1197 3252 dem
1212 3226 1317 3252 ratione
1331 3226 1446 3258 dicitur,
1464 3233 1515 3260 qua
1524 3223 1605 3251 Dicin
1617 3224 1724 3258 facilia,
1745 3230 1771 3250 et
1784 3224 1939 3259 Perspedu,
1954 3231 1980 3251 et
1992 3225 2074 3252 Facito
2088 3226 2188 3253 facilia.

1041 3263 1046 3268 '
1136 3261 1194 3288 Val.
1208 3262 1279 3289 Max.
1288 3270 1312 3295 ς,
1325 3269 1353 3297 7,
1368 3271 1377 3288 1
1397 3262 1514 3296 Cognitu
1527 3259 1676 3286 iucundius.

1174 3303 1190 3324 c
1201 3304 1220 3325 o
1229 3304 1251 3325 G
1260 3305 1281 3323 N
1291 3297 1304 3325 f
1314 3305 1336 3325 Τ
1345 3305 1366 3324 ν
1375 3305 1406 3330 s,
1433 3306 1446 3323 a
1456 3316 1464 3328 ‚
1492 3305 1547 3323 um.
1583 3296 1678 3322 Partic.
1714 3295 1728 3329 [
1742 3296 1906 3331 ἐγνωσμένος]
1950 3297 2002 3330 Vt,
2031 3297 2098 3324 Plin.
2121 3305 2154 3327 12,
2165 3305 2186 3330 4

1137 3333 1194 3366 Qii
1205 3333 1303 3360 Padum
1317 3341 1422 3360 amnem
1436 3331 1549 3364 vidisset,
1563 3331 1697 3358 neminem
1711 3330 1742 3357 ad
1757 3330 1784 3357 id
1797 3337 1900 3367 teinpus
1915 3331 1989 3359 Asiae
2004 3332 2185 3366 Graeciaeque

1136 3375 1181 3395 aut
1194 3368 1243 3396 fibi
1255 3370 1400 3404 cognitum.

689 3407 721 3433 Et
734 3406 844 3432 Datame
863 3413 876 3441 ς
895 3406 1011 3433 Talibus
1025 3407 1070 3433 ille
1083 3418 1120 3441 90
1136 3405 1177 3431 Sic
1186 3405 1320 3432 Valer.Fl.
1335 3414 1353 3432 1.
1367 3410 1417 3440 789
1437 3403 1509 3430 Mihi
1524 3403 1656 3436 conciliis,
1669 3401 1739 3429 mini
1754 3404 1858 3438 cognita
1873 3403 1949 3431 bellis
1962 3404 2089 3431 Nomina.
2125 3402 2183 3429 No-

1135 3440 1206 3472 mine
1220 3441 1341 3476 cognitus
1356 3447 1458 3467 tantum
1477 3439 1544 3466 Plin.
1559 3447 1594 3473 12,
1608 3447 1643 3465 21.

1134 3475 1222 3510 gnitus
1246 3477 1303 3504 Cic.
1318 3477 1350 3503 de
1363 3476 1432 3503 Clar.
1447 3476 1522 3502 Orat.
1537 3480 1571 3505 18.

1134 3512 1216 3540 Ouid.
1230 3513 1315 3540 Trist.
1337 3521 1361 3545 3,
1380 3520 1402 3545 ς,
1416 3520 1433 3544 9
1461 3511 1546 3545 quue
1566 3518 1654 3536 recens
1673 3510 1801 3545 praestas,
1820 3520 1868 3538 nee
1882 3511 1963 3545 longo
1982 3509 2102 3543 cognitus
2123 3509 2180 3534 vsu.

1134 3547 1200 3575 Aeta
1212 3549 1333 3583 coniugis
1350 3547 1455 3582 cognita
1471 3545 1604 3578 Vulcano,
1632 3545 1661 3572 de
1679 3546 1811 3573 Adulterio
1837 3549 1939 3574 Veneris·
1966 3544 2045 3572 Ouid.
2065 3543 2096 3570 de
2116 3544 2181 3570 Arte

1473 3368 1562 3394 Armis
1577 3367 1712 3401 cognitus,
1730 3366 1796 3393 Bello
1809 3374 1951 3403 exploratus
1972 3369 2058 3394 Valer.
2073 3375 2095 3401 ς,
2131 3387 2137 3393 .
2175 3386 2182 3393 .

1713 3439 1745 3465 111
1757 3439 1848 3467 multis
1867 3439 1975 3466 iudiciis
1992 3438 2123 3472 cautisque
2138 3445 2181 3463 co-

1648 3474 1679 3500 In
1696 3481 1803 3509 promtu
1825 3476 1930 3510 cognita
1963 3475 2065 3501 Lucret.
2081 3481 2105 3505 2,
2121 3475 2180 3507 867.

1381 3583 1456 3616 Virg.
1474 3581 1539 3608 Aen.
1560 3590 1581 3614 1,
1600 3583 1652 3617 627
1682 3582 1822 3617 Tempore
1837 3584 1890 3610 iam
1907 3590 1938 3608 ex
1954 3580 2002 3606 illo
2016 3579 2095 3606 Casus
2109 3578 2181 3606 mihi

1589 3617 1672 3644 Causa
1684 3618 1790 3653 liquido
1804 3619 1908 3653 cognita
1941 3613 2021 3642 Ouid.
2038 3615 2102 3641 Fast.
2118 3622 2140 3648 ς,
2156 3624 2179 3641 2.

1522 3725 1604 3752 Causa
1618 3726 1723 3760 cognita
1735 3725 1870 3752 aestimare
1888 3721 2010 3762 Scaeuola
2023 3721 2051 3747 in
2066 3722 2081 3747 l.
2095 3728 2177 3748 tutor.

1423 3760 1506 3786 Causa
1520 3761 1626 3795 cognita
1646 3761 1759 3796 probare
1793 3758 1899 3786 Marcel.
1916 3766 1943 3783 in
1957 3757 1974 3783 Ι.
1991 3755 2022 3782 de
2035 3763 2127 3783 aetate.
2143 3757 2176 3782 D.

1371 3795 1446 3822 Caus.
1460 3797 1565 3830 cognita
1578 3796 1689 3823 statuere
1706 3796 1810 3830 leian.
1825 3795 1854 3820 in
1867 3793 1883 3819 l.
1901 3801 1909 3818 1
1923 3790 1946 3829 §.
1962 3791 2005 3818 sed
2017 3799 2043 3832 et
2057 3792 2074 3818 fi
2089 3797 2175 3826 agant.

1859 3830 1941 3855 Error
1959 3834 2080 3862 cognitus
2097 3829 2174 3860 Prop.

1323 3867 1380 3893 Cic.
1397 3866 1428 3893 de
1440 3867 1511 3894 Clas.
1526 3869 1600 3895 Orat.
1614 3875 1663 3902 ¹47
1691 3867 1873 3906 Qiisummos
1893 3863 2006 3890 honores
2025 3864 2174 3923 Ηοπιὸυὲῗ

35 3933 132 3962 :eteris
146 3939 322 3971 cognoscerer.
356 3940 424 3967 Idem
435 3941 640 3970 Suet.inClaud.
652 3951 674 3970 c.
681 3951 708 3976 33
729 3941 896 3977 Cognoscens
911 3940 941 3967 in
953 3941 1063 3977 Augusti
1073 3952 1118 3979 ¹05
1129 3948 1161 3966 ex
1173 3941 1249 3967 Pont.
1264 3948 1292 3972 4,
1301 3946 1339 3970 12,
1347 3946 1378 3965 20
1405 3938 1505 3974 Teque
1520 3948 1611 3967 canam
1624 3946 1778 3974 quacunque
1791 3943 1854 3963 nota
1861 3934 1929 3968 ,tibi
1941 3934 2056 3961 carmina
2068 3932 2172 3958 mittam

180 3979 201 4000 v
208 3979 258 4002 01..
291 3975 313 4001 I.

2087 3967 2169 3992 Paene

1274 3974 1339 4002 61(
