2474 4182
6 2379 7 2382 ,
50 2353 111 2380 nido
124 2352 206 2380 Ouid.
219 2353 305 2380 Trist.
321 2362 343 2385 3,
357 2361 392 2385 12,
405 2361 434 2378 io
457 2353 545 2386 thue
559 2351 642 2378 malae
656 2352 756 2379 crimen
771 2352 860 2378 matris

71 147 146 190 1313
430 129 467 174 C
559 128 596 170 V
684 125 733 182 Μ

103 230 121 250 c
133 230 155 250 v
166 229 190 250 M
202 226 222 248 v
232 227 248 247 L
258 220 314 248 Ki-
328 226 350 247 v
362 227 392 253 s,
413 228 444 252 a,
470 227 527 246 um.
563 215 654 244 Partic.
690 211 890 246 [ἐκπυρωθεὶς]
928 211 983 238 Cic.
998 210 1069 237 Fam.
1083 216 1110 242 9,

69 268 99 292 14
119 259 224 286 Tamen
238 257 328 283 Idibus
343 256 446 283 Martiis
464 260 566 282 tautum
583 248 680 278 acceffit
700 248 733 274 ad
746 256 866 275 amorem
876 268 883 280 ,
903 254 931 274 vt
944 247 1057 273 mirarer
1070 244 1110 270 lo-

66 304 126 322 cum
144 293 219 319 fuisse
241 292 355 327 augendi
376 292 405 318 in
423 299 474 322 cO,
494 287 564 324 quod
584 285 651 311 mihi
670 283 828 318 iampridem
847 283 1010 310 cumulatum
1029 279 1109 307 etiam

67 328 221 360 videbatur,
240 332 259 354 i.
273 329 343 355 vltra
355 335 499 353 communem
513 320 646 356 menfiaeram
658 318 766 346 auk-lum.
837 319 978 345 Cumulata
991 316 1108 343 cochlea-

65 365 104 392 ria
118 363 238 390 Sci-ibon.
254 373 307 390 122.
360 363 401 390 Sic
414 360 539 389 Cochlear
552 355 714 382 cumulatum
730 354 863 382 Columel.
881 363 923 386 12,
944 362 984 385 ει,
1002 361 1023 385 3.
1077 352 1109 377 Et
1125 354 1140 381 5

65 399 195 426 cumulata
210 400 291 434 ligula
306 398 365 425 salis
384 397 456 424 Idem
470 402 501 424 ιε,
517 400 552 424 2ῑ,
566 399 591 418 2.
663 392 748 418 Locus
766 390 912 417 cumulatus
931 389 1013 422 strage
1033 386 1108 413 semi-

62 434 119 462 ruti
132 436 218 466 muri,
237 438 254 461 i.
268 431 381 468 agnelini·
400 439 423 458 et
434 429 542 465 oppletus
559 427 619 453 Liu.
634 435 673 459 ει,
689 435 727 462 17.
799 426 882 452 Omni
903 434 993 451 rerum
1013 429 1107 457 genere

65 471 197 498 tumulata
211 461 368 497 oratiffifflc.
384 468 415 494 de
427 466 499 491 Orat.
513 471 528 489 2
549 472 570 489 c.
584 469 597 493 8
617 470 681 489 tux-tr.
753 462 853 487 Orator
872 460 948 487 omui
968 458 1044 485 laude
1065 466 1107 483 cu-

64 507 177 532 mulatus
192 506 264 532 Idem
277 506 309 532 de
323 506 395 531 Orat.
408 510 429 532 i,
443 507 477 525 20
498 508 519 524 c.
533 500 557 524 6.
632 499 723 525 Virtus
736 495 853 531 perfecta
866 502 892 521 et
904 495 1036 521 cumulata
1049 493 1106 519 Cic.

66 551 115 576 pro
128 542 195 568 Sext.
209 544 250 571 86.
322 533 504 570 Voluptatibus
518 534 643 568 plurimis
655 540 680 559 et
694 531 816 558 maximis
828 530 974 557 cumulatus
991 529 1064 555 Idem
1075 528 1107 568 de
1126 538 1155 556 10

65 578 122 604 Fin.
139 586 171 608 2,
193 579 232 607 63.
305 574 378 601 Vitio
396 571 528 597 cumulata
549 570 585 596 est
601 568 773 596 eruditissima
790 566 837 593 illa
850 566 1012 592 Graecorum
1033 569 1108 589 natio

62 613 118 641 Cic.
134 613 166 639 de
185 614 259 639 Orat.
274 619 300 642 2,
314 614 337 638 18
362 616 385 633 c·
400 615 427 639 4.
499 606 584 633 Venia
603 605 751 636 cumulata,
781 606 799 629 i.
815 601 897 629 solida
916 605 942 627 et
956 599 1046 635 plena,
1063 598 1107 624 cui

62 647 131 674 nihil
145 647 223 674 deest.
259 644 322 673 Add.
335 642 434 677 Virgil.
450 643 515 668 Aen.
530 652 564 676 4,
579 648 628 674 433
654 641 805 666 Extremam
830 638 896 664 hanc
913 645 964 663 oro
982 634 1088 661 veniam
1101 643 1107 659 ε

62 684 187 710 miserere
208 680 321 709 sororis:
359 681 447 712 Qiam
467 677 536 704 mihi
556 686 615 702 cum
636 676 739 702 dederis
758 674 937 704 cumulatam,
962 676 1049 697 morte
1069 678 1109 696 re-

61 720 180 752 mittam,
200 719 257 746 haec
269 720 292 740 et
300 714 377 748 plura
392 715 466 740 Seru.
540 712 608 739 Vrbs
629 712 711 746 strage
732 711 854 737 virorum
869 708 1000 735 cumulata
1015 705 1060 732 Sil.
1077 712 1110 738 ις,
1128 715 1153 743 ις

62 763 126 788 409.
220 752 331 785 Compar.
372 750 422 781 Vt,
444 748 613 775 Cumulatior
626 748 713 782 gloria
732 746 794 773 Liu.
808 754 834 777 2,
848 752 893 779 47.
937 746 1003 769 Item
1018 750 1110 767 cumu-

62 790 142 817 latior
158 787 275 815 mensura
294 786 350 812 Cic.
366 785 399 812 de
411 785 480 812 Clar.
495 785 569 811 Orat.
586 792 610 817 ι,-
641 792 663 809 c.
679 792 706 816 4.
801 782 897 817 Superl.
935 776 1109 806 Cumulatiffi-

60 834 118 853 mus
133 824 257 851 scelerum
278 822 358 847 l'laut.
373 821 432 847 Aul.
448 828 470 853 ς,
486 821 522 846 ι6.

99 866 117 888 c
129 866 150 886 v
160 865 184 885 Μ
194 865 215 884 V
225 865 240 883 ι,
254 859 276 883 A*
289 864 309 883 T
321 864 337 884 E
348 877 353 883 .
390 856 457 882 Adu-
483 855 681 888 [σεσωρευμὲνομ
695 851 818 885 ἕκπλέως]
850 849 1022 878 Abundanter.
1054 847 1110 875 Cic.

1551 119 1587 160 C
1664 117 1703 158 V
1785 121 1829 161 N
2144 141 2227 179 13¹4

1174 208 1239 234 Aen.
1256 215 1276 241 1,
1291 216 1344 241 233.
1371 242 1376 247 ι
1415 207 1471 236 Cic.
1485 208 1518 235 de
1531 208 1624 244 chib.
1641 217 1663 240 3,
1678 216 1707 240 32
1726 217 1746 234 c.
1761 216 1791 241 14
1818 210 1905 244 Atque
1925 211 1989 241 haec
2008 214 2050 242 lex
2069 215 2175 243 dilatata
2199 218 2227 244 in

1174 243 1298 284 cunctum
1316 241 1457 277 ordinem,
1482 250 1529 270 rtcl
1599 245 1685 270 Patres
1707 245 1800 271 Horat.
1813 245 1892 278 Epist.
1909 255 1939 278 2,
1960 257 1986 281 1,
2007 255 2039 279 81„
2111 253 2228 287 Populus

1174 278 1232 321 Cic.
1247 280 1319 306 Fam.
1333 288 1361 312 3,
1382 287 1412 304 ιι.
1485 279 1624 305 Ρι·οιιίιιςί.ι
1640 280 1711 306 Idem
1726 281 1798 307 Fam.
1812 289 1858 312 io,
1880 289 1917 306 21.
1989 285 2097 313 Senatus
2116 274 2227 314 emnem}

1173 315 1230 340 (ic.
1247 315 1319 341 Fam.
1333 324 1362 354 4,
1374 322 1400 354 45.
1475 315 1504 340 Et
1525 315 1556 340 de
1571 316 1664 342 Natur.
1682 316 1762 342 Dcor.
1778 325 1801 348 2,
1814 324 1849 348 99
1875 316 1965 342 Nemo
1984 321 2104 348 cunctam
2123 310 2227 349 inme-n,v

1172 355 1271 376 terram
1288 349 1320 376 de
1335 350 1427 375 diuina
1438 350 1542 376 ratione
1555 351 1698 377 dubitaret.
1762 353 1857 378 Plural.
1871 354 1985 378 neutrius
1997 355 2103 389 absblutc
2112 363 2217 392 ponitur

1171 392 1201 411 vt
1213 388 1240 411 in
1248 384 1393 412 Adiec'l'iuis
1406 386 1465 410 aliis
1475 406 1482 417 ‚
1506 395 1531 411 υ.
1545 394 1571 421 g.
1594 387 1651 412 Nec
1666 387 1694 412 in
1708 387 1807 412 cunetis
1822 388 1908 413 seruat
1923 387 2032 414 fortuna
2045 396 2165 419 tenorem
2184 380 2229 413 —’

1171 420 1318 455 Amifltque
1332 420 1411 446 fidem
1426 421 1555 447 variando
1567 421 1661 447 cun&a
1675 430 1721 455 pei·
1734 430 1826 448 omnes
1840 423 1933 449 Mauil.
1948 431 1969 455 3,
1984 431 2028 455 3¹23
2051 426 2087 459 sq.
2131 430 2162 454 Et
2174 439 2228 455 :um

1172 456 1306 488 Gcm‘tiuo,
1327 455 1429 482 Cunc'ia
1437 464 1609 490 camporum,
1631 459 1648 481 ι’.
1663 455 1749 482 cunfh·
1760 460 1842 493 campi
1855 457 1946 484 Tacit.
1962 459 2029 486 Hist.
2046 467 2068 492 ς,
2085 470 2117 492 13.
2159 465 2227 490 Hor,

1171 491 1266 530 Carm.
1276 500 1299 523 2,
1315 500 1335 524 1,
1349 500 1376 523 23
1398 491 1428 517 Et
1441 491 1534 518 cuneta
1547 498 1679 518 terrarum
1694 492 1799 519 subaef’ta
1810 512 1816 523 ,
1853 494 1959 520 Praeter
1971 502 2087 522 atrocem
2108 498 2228 526 animum

1170 527 1297 557 Catonis,
1317 530 1335 553 i.
1351 524 1452 559 cundia,
1466 537 1526 562 quac
1542 529 1568 553 in
1583 529 1660 553 turris
1667 527 1739 562 finit.
1795 528 1893 554 enneli
1906 536 1929 555 et
1943 530 2040 562 Cunci,
2058 535 2116 558 item
2130 534 2227 561 Cnnc'u

1171 568 1194 623 ἵ
1217 561 1321 593 lunen,
1344 562 1418 623 [ἔρρε
1438 563 1629 599 confunduntur
1650 563 1737 599 Heius.
1757 570 1780 589 ct
1798 564 1924 591 Drakenb.
1943 566 1977 592 ad
1998 567 2043 593 Sil.
2059 577 2095 601 4,
2116 576 2173 601 144.
2202 574 2228 602 6,

1190 605 1234 630 90.
1267 603 1291 621 ct
1309 606 1342 629 9,
1381 606 1420 631 4¹·

1184 666 1191 672 ⁶
1207 638 1251 658 cv
1262 638 1285 657 N
1296 637 1313 670 (J.
1326 638 1347 657 Τ
1358 640 1366 658 1
1377 640 1410 672 ιιι.
1449 632 1518 659 Adu.
1556 633 1635 667 Apul.
1649 633 1750 660 Florid.
1765 642 1780 659 2
1801 643 1825 669 p.
1841 640 1895 669 779
1920 636 2025 663 Floridi.
2054 638 2119 666 Non
2133 638 2229 675 sigilla-

1171 672 1221 694 tim
1241 675 1269 693 ac
1282 665 1434 699 discretim,
1453 668 1496 694 sed
1510 669 1628 695 cunctim
1648 674 1673 695 et
1688 670 1865 696 coaceruatim
1880 670 1985 698 offerre.

1211 709 1287 743 CYN
1298 708 1375 729 CTA
1387 708 1403 727 L
1414 710 1444 741 ιε
1455 723 1463 735 ,
1481 712 1504 730 e.
1542 704 1603 731 Adi.
1643 706 1782 731 Generalis.
1817 706 1896 733 Mart.
1911 707 2018 742 Capella
2038 716 2048 734 ι
2076 718 2102 744 p.
2118 712 2153 737 16
2177 711 2230 738 Lat

1174 747 1297 765 omnium
1314 736 1452 764 cunctans.

1212 780 1230 801 c
1243 780 1264 800 V
1275 781 1298 800 N
1308 779 1355 800 CT
1365 780 1375 799 1
1385 778 1402 799 C
1415 779 1425 813 ι
1436 779 1458 812 131
1470 778 1491 797 V
1501 780 1531 805 S,
1549 783 1578 806 a,
1599 784 1655 802 um.
1687 775 1748 802 Adi.
1782 775 1857 802 idem.
1887 777 1967 804 Mart.
1984 778 2091 814 Capella
2105 788 2122 813 9
2142 790 2167 816 p.
2181 783 2231 808 “06

1174 809 1315 837 Plenitudo
1338 807 1501 835 cuneticinae
1522 809 1675 843 voluptatis.
2180 800 2192 814 ³

1209 853 1226 874 C
1237 852 1257 871 v
1268 854 1289 872 N
1301 851 1318 871 C
1331 851 1352 872 'r
1363 852 1372 871 1
1382 851 1396 870 Ρ
1406 842 1427 871 Ᾰ
1438 851 1457 870 R
1466 850 1482 870 E
1491 851 1513 870 N
1522 850 1546 876 s,
1561 845 1637 870 entis.
1672 847 1767 872 Parem·
1780 849 1895 874 omnium.
1933 848 2057 876 Prudent.
2066 850 2126 878 Patr.
2135 852 2229 887 Agnet.

59 897 130 924 Fam.
144 902 188 924 10,
208 902 240 924 29
273 893 312 918 De
332 901 392 918 meo
413 891 501 918 studio
521 899 581 924 erga
603 889 711 915 salutem
733 894 759 914 et
783 886 997 913 incolumitatem
1017 890 1108 915 tuam,
1121 894 1155 913 20
1172 891 1198 908 v.
1214 886 1257 911 128
1281 881 1334 907 Cui
1353 880 1422 915 poss'e
1442 879 1491 906 soli
1511 879 1693 914 cunetiparens
1708 881 1790 909 dedit.

61 930 138 959 credo
157 936 182 956 tc
199 928 319 964 eoguoss'e
338 937 369 955 ex
384 928 468 954 literis
486 933 612 957 tuorum,
634 924 732 959 quibus
753 932 796 949 me
815 920 1016 948 cuumlatnfime
1037 919 1109 946 satis-

59 966 147 994 feciss'e
159 971 232 991 certo
247 965 309 990 seio.
381 963 491 998 Explere
509 961 640 988 cumulate
655 960 711 986 Cic.
727 958 759 985 de
774 957 862 984 Finib.
876 966 902 989 2,
915 966 956 991 42.
1014 957 1108 982 Facere

55 999 161 1037 aliquid
175 1001 282 1035 planum
296 999 428 1026 cumulate
443 998 599 1025 IdcuiVerr.
614 1004 636 1029 ς,
649 998 704 1029 ι64.
776 994 918 1021 Cumulate
932 992 1040 1019 haurire
1055 999 1108 1017 me-

57 1038 238 1065 dicamentum
262 1035 382 1062 scribon.
404 1042 464 1069 227.
538 1032 679 1060 Cumulate
701 1030 849 1065 publicanis
869 1028 1031 1055 satisfa&um
1051 1027 1107 1053 Cic.

58 1075 112 1100 Att.
125 1075 152 1104 6,
167 1081 187 1103 3.
257 1071 331 1098 Idem
345 1071 376 1097 de
389 1071 480 1097 Diuiu.
490 1078 512 1101 2,
524 1078 536 1094 2
561 1070 636 1101 Qiac
649 1073 678 1094 vt
693 1067 769 1101 plene
782 1065 966 1098 cumulateque
981 1062 1109 1094 Perfecta,
1121 1063 1152 1089 23

56 1109 88 1135 de
104 1108 271 1135 diuinatione
290 1106 392 1140 iugressi
414 1107 501 1132 sumus
522 1104 563 1131 his
579 1103 655 1130 libris
672 1102 796 1129 scribere.
906 1100 1018 1135 Compar.
1061 1099 1106 1130 Vt,

56 1146 158 1178 Augere
178 1143 335 1170 cumulatius
357 1142 412 1168 Cic.
428 1141 455 1167 in
470 1142 544 1167 Orat.
561 1148 592 1173 34
618 1148 639 1165 c.
663 1146 691 1173 17
709 1145 752 1174 pr.
861 1136 985 1171 Superlat.
1023 1134 1104 1161 Polli-

56 1181 111 1206 ceri
129 1178 326 1206 cumulatiffime
340 1178 395 1204 Cic.
409 1178 480 1203 Fam.
497 1184 537 1208 13,
559 1184 602 1209 42.
675 1173 750 1201 Idem
763 1174 835 1200 Fam.
851 1179 880 1205 ς,
899 1180 926 1198 ιι
956 1171 1014 1197 Nec
1035 1170 1108 1196 enim

57 1215 127 1243 mibi
146 1222 174 1242 tu
188 1214 302 1241 habuisti
317 1212 399 1240 modo
413 1213 541 1248 gratiam,
561 1219 656 1237 verum
673 1210 754 1237 ctiam
772 1207 971 1237 cumulatissime
986 1205 1109 1233 retulisti.

57 1252 127 1279 ΑΜ.
150 1259 178 1282 13
237 1270 244 1276 .
1121 1245 1152 1269 30

95 1293 112 1314 c
124 1294 177 1313 VM
188 1260 265 1312 iiim*
275 1291 358 1311 Tin.
396 1283 463 1310 Adu.
502 1282 710 1316 [σεσωρευμένως]
747 1281 795 1307 Per
814 1280 931 1305 cumulos.
972 1278 1060 1305 Varro
1075 1276 1108 1303 de

58 1323 90 1349 R.
105 1323 136 1349 R.
152 1330 172 1354 3,
186 1329 218 1354 ις,
233 1329 246 1346 2
268 1320 373 1353 Quibus
387 1319 415 1345 in
430 1317 552 1349 tenebris,
573 1327 657 1352 quum
671 1315 827 1343 cumulatim
840 1314 954 1350 potitum
967 1313 1003 1340 cst
1018 1314 1047 1340 in
1062 1312 1108 1339 do-

57 1359 114 1388 liis,
132 1357 197 1384 fiunt
210 1357 326 1391 pingues.
363 1354 410 1382 Sed
424 1356 534 1390 Scaliger
548 1354 673 1386 emendat,
694 1353 762 1378 Cum
776 1351 851 1378 aular
864 1350 977 1384 politum
991 1349 1027 1376 est
1046 1349 1107 1374 Am-

57 1394 121 1421 belis
134 1392 243 1427 dapibus
257 1391 411 1417 cumulatim
426 1390 527 1425 aggesta
543 1389 688 1416 redundant
701 1387 810 1413 Fercula
825 1386 903 1412 Prud.
916 1385 1018 1419 Apoth.
1032 1392 1087 1419 721.
1109 1383 1113 1388 ”

94 1435 140 1455 cv
152 1435 177 1456 M
188 1434 358 1459 x'LA'I‘io,
383 1426 451 1452 anis.
488 1426 508 1452 f.
545 1426 710 1451 Coaceruacto.
747 1420 850 1447 Arnob.
865 1429 877 1452 3
900 1430 923 1454 p.
940 1426 984 1450 108
1012 1421 1106 1446 Bucca-
1122 1424 1151 1449 35·

56 1474 116 1492 rum
130 1463 310 1490 cumulatione
329 1462 499 1489 saccibucces.

90 1505 316 1527 cvMPRiME.
353 1497 418 1524 Adu.
465 1495 533 1522 Gell.
567 1500 604 1527 17,
638 1501 654 1519 2.
690 1501 720 1518 ex

57 1536 128 1562 Nam
149 1536 185 1562 M.
207 1538 305 1570 inquit,
325 1533 454 1561 Manlius,
481 1538 560 1565 quem
583 1528 750 1562 Capitolium
769 1528 878 1555 seruass‘e
894 1536 909 1553 a
928 1526 1011 1553 Gallis
1029 1527 1106 1560 supra

57 1571 174 1604 ostendi,
195 1570 320 1604 cuiusque
333 1576 441 1602 operam
461 1575 520 1592 cum
536 1565 573 1591 M.
590 1565 672 1591 Furio
689 1563 827 1590 Diciatore
849 1562 917 1598 apud
931 1563 1021 1589 Gallos
1034 1571 1106 1589 curn-

56 1607 141 1641 prime
164 1607 275 1635 fortem,
295 1610 340 1630 etc.
384 1604 416 1629 Et
430 1603 517 1637 paullo
527 1599 599 1635 post,
621 1609 650 1626 ex
666 1600 715 1637 sua
728 1600 837 1635 peifima
848 1602 969 1634 Apprime
987 1598 1146 1629 crebrius40

54 1642 107 1674 est,
128 1643 263 1676 Cumprime
283 1639 389 1666 rarius:
415 1637 620 1671 traduc’tumque
641 1645 673 1663 ex
686 1645 718 1663 eo
738 1635 790 1669 est,
811 1635 883 1670 quod
897 1636 1046 1670 Cumprimis
1065 1632 1102 1658 di-

52 1677 162 1709 cebant,
183 1685 231 1711 pro
245 1684 296 1707 eo,
317 1673 389 1709 quod
406 1673 443 1700 est
464 1674 607 1708 Inprimis.

88 1719 105 1739 c
113 1719 134 1737 v
145 1719 167 1737 M
177 1719 192 1738 Ρ
201 1719 221 1738 R
231 1718 240 1737 ι
250 1717 274 1737 Μ
285 1717 294 1736 ι
305 1716 318 1736 s
327 1730 333 1736 .
371 1709 475 1743 Sapiens
488 1707 643 1742 cumprimis
660 1706 764 1733 nostrae
775 1705 892 1732 ciuitatis
904 1705 985 1731 homo
998 1704 1055 1730 Cic.
1069 1702 1102 1730 de

52 1748 129 1775 Orat.
145 1756 160 1774 2
182 1756 203 1774 c.
216 1754 252 1780 55.
324 1745 489 1780 Cumprimis
502 1743 695 1778 respiciendum
710 1748 870 1777 putauerunt
883 1740 1019 1775 ingenium
1033 1739 1102 1766 Gell.

54 1793 75 1815 1,
90 1792 123 1816 ¹3·
168 1785 231 1809 Prae
243 1784 347 1808 caeteris
360 1781 498 1808 Lucretius
511 1781 557 1807 hac
569 1789 627 1806 voce
634 1779 782 1815 frequenter
797 1781 893 1809 utitur,
915 1786 939 1802 υ.
953 1785 978 1812 g.
994 1786 1014 1808 1,
1028 1785 1066 1807 131
1081 1779 1145 1805 et45

53 1829 110 1854 7¹7·
135 1828 157 1851 2,
169 1822 218 1853 536
234 1825 257 1844 et
271 1824 329 1852 848.
367 1817 414 1845 Sed
424 1819 510 1844 melius
524 1813 557 1849 est
567 1815 704 1851 separatim
719 1823 746 1840 ea
753 1812 872 1849 scribere,
891 1818 921 1838 vt
934 1814 961 1838 in
976 1812 1104 1839 Ciceronis

53 1856 112 1883 lje.
132 1862 203 1881 tanto
227 1852 316 1886 iustius
332 1851 436 1888 fufium
457 1862 472 1879 a
493 1853 600 1879 Grntcro
622 1857 646 1877 et
667 1851 789 1887 reliquis,
809 1851 866 1885 quia
879 1848 1019 1875 ‘cohaerent
1041 1857 1102 1874 cum

54 1890 149 1925 primis
186 1889 291 1917 nostrae
321 1889 446 1916 ciuitatis.

748 1493 788 1525 Q
816 1490 924 1518 Claudii
956 1489 1106 1522 annalibus,

1112 1962 1145 1988 50

91 2038 110 2060 C
121 2040 243 2067 VNAE,
271 2042 356 2060 arum.
390 2032 410 2059 f.
447 2031 515 2066 plur.
534 2037 638 2058 tantum.
675 2027 808 2063 [non-Ides,
825 2028 919 2063 λίκνοε]
957 2027 1055 2059 LeHus,
1070 2031 1097 2053 in

53 2078 100 2106 quo
112 2072 176 2096 iacet
189 2070 287 2106 infans.
323 2070 378 2096 Cic.
393 2068 425 2095 de
440 2067 538 2094 SeneEt.
553 2073 578 2100 83
600 2076 620 2093 e.
636 2074 664 2098 23
686 2066 716 2091 Et
731 2064 749 2091 si
764 2066 823 2100 quis
840 2065 903 2091 deus
919 2064 988 2090 mihi
1003 2064 1098 2099 largia-

53 2112 114 2138 tur,
133 2112 162 2132 vt
181 2114 213 2132 ex
231 2105 279 2132 hac
297 2111 380 2132 aetate
393 2104 585 2139 repuerascam,
605 2108 630 2129 et
649 2102 676 2128 iu
690 2101 766 2127 cunis
780 2101 902 2135 vagiam,
927 2100 1003 2126 vaide
1022 2109 1097 2126 recu-

55 2142 118 2168 sem.
171 2141 331 2174 Martial.11‚
345 2150 380 2174 40
401 2142 534 2168 Cunarum
549 2139 634 2165 fueras
647 2143 752 2169 motor,
773 2136 945 2168 Charideme,
966 2145 1096 2167 mearum,
1114 2143 1143 2168 55

54 2177 85 2204 Et
99 2177 174 2212 pueri
189 2177 289 2209 custos,
308 2184 353 2203 etc.
423 2176 490 2203 Pers.
506 2176 555 2201 Sat.
569 2183 594 2207 2,
608 2183 632 2207 31
654 2174 718 2200 Ecce
732 2173 794 2199 auia
807 2179 852 2199 aut
869 2171 963 2198 diufim
976 2178 1096 2197 metuens

55 2218 208 2245 matertera,
224 2213 297 2238 cunis
311 2211 413 2238 Exemit
425 2219 545 2246 puerum.
616 2210 698 2237 Ouid.
710 2209 775 2236 Fast.
790 2211 817 2242 6,
831 2209 878 2243 167
899 2207 958 2233 Post
971 2206 1038 2233 illud
1051 2215 1096 2232 ne-

52 2256 104 2282 que
119 2256 180 2275 aues
192 2257 270 2274 cunas
288 2248 399 2274 Violass‘e
418 2247 549 2274 feruntur.
620 2246 705 2272 Filius
719 2251 795 2272 tener
807 2246 836 2270 in
849 2243 923 2270 cunis
942 2242 1014 2269 idem
1028 2242 1095 2268 Fast.

48 2292 78 2316 4,
97 2291 146 2316 5¹2·
217 2284 249 2310 Et
268 2284 333 2309 Met.
345 2291 373 2315 3,
392 2291 431 2314 3¹3
457 2282 562 2308 Furtim
583 2280 661 2307 illum
681 2280 776 2306 Primis
790 2281 840 2306 Ino
860 2285 1000 2306 matertera
1020 2279 1095 2305 cunis

49 2317 156 2345 Educat.
208 2319 388 2351 Segmentatae
401 2326 483 2344 cunae
497 2319 589 2343 quen.
605 2316 656 2342 Sat.
672 2318 698 2346 6,
711 2321 751 2348 89.
824 2316 913 2342 Curiae
922 2335 930 2347 ,
944 2322 994 2350 pro
1002 2317 1095 2341 Auium
1103 2313 1139 2338 60

874 2351 906 2376 de
926 2356 988 2376 onat
1002 2350 1096 2376 hirun-

51 2388 102 2419 do,
129 2388 182 2415 Sub
202 2388 321 2415 trabibus
340 2397 433 2420 cunas,
451 2396 585 2422 paruaque
601 2387 668 2413 tecta
683 2387 755 2413 facit.
800 2388 870 2413 Nota
884 2360 1019 2421 esi-fabula
1034 2387 1096 2412 Pro-

49 2434 128 2462 gnen
163 2433 205 2450 aar
220 2425 279 2459 Ityn
294 2423 377 2464 filium
394 2423 539 2459 interfecit,
556 2427 583 2448 in
595 2422 753 2449 hirundinem
766 2422 847 2456 versa.
890 2421 1018 2455 Singulari
1036 2422 1097 2458 vsus

50 2458 85 2493 ost
96 2460 147 2486 Pru
167 2460 265 2491 entius,
275 2462 329 2494 Jtue
342 2462 454 2495 quisquis
472 2457 558 2484 ‹zuflor
571 2456 604 2490 est
620 2457 747 2492 Diptyehi
767 2465 794 2482 n.
810 2461 837 2486 28
863 2453 986 2492 Praesepe
998 2458 1095 2485 iacenti

51 2504 119 2522 euna
132 2501 196 2522 erat.
237 2495 293 2522 Vid.
307 2494 394 2521 Barth.
404 2493 511 2520 Aduers.
522 2499 545 2525 8,
561 2501 595 2519 12.
838 2495 846 2499 “

85 2529 286 2562 chVLAE,
306 2539 390 2557 arum.
417 2529 438 2555 f.
463 2529 499 2562 pl.
525 2528 627 2554 Dimin.
661 2527 785 2555 Prudent.
799 2526 919 2555 Cathem.
927 2535 955 2563 7,
967 2530 1015 2564 164
1035 2530 1095 2558 Par-

49 2566 173 2593 vuloruni
187 2566 307 2592 cunulae.
343 2564 410 2591 Add.
428 2573 461 2596 ιι,
475 2567 515 2596 98.
952 2565 956 2570 ·

86 2606 105 2628 c
115 2608 135 2627 V
144 2609 166 2628 N
174 2609 196 2628 A
205 2609 221 2629 ιι
229 2599 251 2627 ν“
262 2607 279 2626 L
290 2607 311 2627 Α
323 2620 331 2633 ,
350 2604 436 2626 orum.
472 2608 498 2625 n.
536 2598 571 2633 pl.
607 2595 746 2633 [non-im]
781 2598 889 2626 Leehnli
907 2598 1050 2628 infantium
1069 2607 1097 2629 et

48 2636 122 2670 loca,
139 2637 169 2664 in
188 2637 284 2672 quibus
301 2636 448 2668 nascimur,
463 2634 596 2672 secundum
617 2635 690 2661 Seru.
709 2635 737 2660 in
753 2634 806 2661 Eel.
820 2644 854 2669 4,
875 2644 913 2667 23.
988 2636 1044 2662 Cic.
1063 2637 1095 2663 de

50 2673 142 2699 Diuin.
158 2681 184 2705 1,
202 2680 237 2707 79
262 2681 284 2698 c.
298 2674 329 2704 36
353 2672 409 2705 Qi
429 2680 512 2706 quum
533 2671 593 2697 ess'et
613 2670 641 2696 in
660 2669 814 2703 cunabulis,
839 2671 1050 2706 educareturque
1069 2673 1139 2710 in70

50 2707 178 2741 Solonio,
195 2708 243 2743 qui
255 2707 291 2734 est
302 2717 407 2742 campus
422 2707 479 2742 agri
493 2706 636 2733 Lanuuini.
709 2707 731 2732 A
745 2706 882 2734 cunabulis
896 2707 915 2741 (
918 2707 942 2733 h.
953 2717 972 2734 c.
986 2718 1002 2734 a
1011 2712 1097 2744 pueri-

49 2747 105 2776 eia,
124 2744 154 2770 ab
172 2753 199 2770 ea
216 2750 309 2776 aetate,
329 2753 388 2780 quae
404 2747 432 2770 in
446 2743 573 2770 cunabulis
584 2743 694 2778 agitur)
713 2743 802 2777 sapere
818 2743 899 2770 Plaut.
914 2744 1003 2770 Pseud.
1016 2752 1047 2777 2,
1068 2753 1097 2778 4,

50 2784 94 2812 43.
151 2779 282 2807 Columel.
301 2789 330 2812 1,·
346 2788 374 2812 3,
393 2787 406 2812 ,-
433 2782 524 2814 Quum
541 2787 556 2805 a
573 2778 666 2813 primis
683 2777 836 2811 cunabulis,
863 2779 881 2806 fi
899 2779 981 2806 modo
1002 2780 1096 2807 liberis

49 2815 201 2850 parentibus
216 2815 253 2842 est
266 2815 410 2847 oriundus,
427 2815 520 2842 audire
534 2815 659 2850 potuerit.
719 2815 750 2841 In
761 2815 898 2842 cunabulis
912 2823 1013 2843 creatus
1026 2817 1096 2843 Con-

48 2851 88 2878 sul
97 2870 104 2882 ,
124 2855 142 2878 ι’.
153 2858 256 2887 propter
269 2852 422 2878 nobilitatem
435 2858 459 2878 et
470 2854 511 2878 ius
522 2851 579 2877 adeo
595 2849 712 2886 nasi-endi
725 2861 733 2876 :
759 2854 800 2878 cui
812 2855 945 2887 opponitur
959 2853 989 2879 In
1002 2862 1095 2888 campo
1108 2860 1141 2888 7,·

49 2894 151 2914 creatus
163 2887 219 2915 Cic.
227 2893 318 2914 contra
331 2887 402 2915 Rull.
411 2896 434 2921 2,
447 2896 501 2914 100.
556 2886 696 2913 Cunabula
709 2886 805 2915 auium
813 2887 880 2914 Plin.
890 2896 928 2921 10,
936 2897 972 2921 33.
1018 2889 1096 2925 Virg.

48 2924 114 2949 Aen.
129 2932 151 2956 3,
164 2931 213 2956 ²03
235 2924 313 2950 Mons
331 2923 422 2950 Idaeus
437 2923 498 2954 vbi,
518 2928 544 2949 et
564 2923 649 2957 gentis
666 2921 797 2949 cunabula
814 2923 924 2951 nostrae.
978 2924 1096 2959 Seruius,

49 2958 222 2986 Nutriinenta
237 2962 427 2995 interpretatur.
481 2960 632 2994 Simpliciter
645 2961 756 2994 origines
770 2965 794 2985 et
805 2962 882 2986 initia
896 2960 1049 2998 intelligam,
1066 2968 1096 2988 vt

50 2995 127 3028 Apul.
139 2996 204 3022 Met.
217 3003 230 3022 2
251 3005 276 3030 p.
292 3001 344 3028 128,
358 3003 392 3030 27
409 2994 550 3023 Sollemuis
563 2995 619 3021 dies
638 3003 653 3021 a
667 2994 760 3029 primis
773 2994 910 3022 cunabulis
926 2996 1005 3023 huius
1020 2997 1095 3024 vrbis

51 3029 172 3071 conditae
184 3031 310 3058 crastinus
322 3031 438 3058 aduenit.
493 3031 535 3059 Sic
547 3029 690 3064 2Cunabula
705 3030 773 3057 iuris
786 3031 946 3067 Pomponius
959 3033 988 3060 in
1003 3033 1021 3060 l.
1033 3042 1048 3060 2
1069 3032 1094 3072 §.
1108 3036 1141 3062 80

53 3064 148 3092 deinde
160 3066 261 3094 Sextus>
275 3067 308 3094 D.
322 3067 355 3094 de
367 3067 474 3101 Origin.
488 3067 565 3094 iuris.
606 3066 665 3093 Vid.
687 3072 920 3095 INCVNABVLA.
1031 3078 1033 3081 ·

51 3105 107 3162 Befi
117 3107 268 3164 VJIQ-A-Lis
280 3122 289 3134 ,
315 3111 340 3130 e.
376 3102 437 3130 Adi.
471 3103 579 3130 Cunalis
601 3102 630 3130 in
648 3102 732 3130 altum
751 3103 841 3139 Surgit
859 3103 945 3131 honos
963 3106 1042 3133 Iscan.
1062 3105 1095 3134 de

108 3144 126 3162 ο
171 3145 224 3164 roi.
261 3158 269 3165 .
307 3158 314 3165 .

51 3207 67 3233 s
87 3177 170 3234 2:1th
181 3179 251 3200 ARI
261 3180 285 3202 Α
297 3194 306 3208 ,
329 3182 369 3201 ae.
403 3173 425 3201 f.
459 3174 578 3237 Anci1113a‚
587 3183 659 3237 §uae
671 3183 757 3201 cunas
774 3174 893 3202 mouebat.
931 3176 1040 3205 Gruter.
1053 3178 1100 3205 In:

63 3216 89 3234 cr
104 3216 119 3241 p
132 3227 139 3233 .
156 3216 181 3242 p.
193 3216 230 3241 311
559 3230 566 3237 -
620 3230 626 3236 ·

86 3243 226 3270 TElAE.
243 3244 426 3272 TREPTAE.
447 3245 595 3276 SOROR.
616 3245 810 3273 PIISSIME.
828 3246 1059 3276 CVNARIAE.

167 3279 369 3308 RVFINAE.
386 3282 420 3308 V.
438 3281 472 3308 V.
493 3281 699 3309 GLYPTVS.
720 3282 914 3315 FRATER,
941 3289 987 3310 etc.

85 3318 103 3339 c
114 3320 135 3337 v
144 3321 166 3355 ix*
177 3321 216 3341 IN
226 3322 249 3342 A
258 3335 268 3348 ‚
283 3325 322 3343 ae.
352 3317 373 3343 f.
409 3317 482 3349 Dea,
520 3326 568 3345 uae
581 3317 695 3344 infantes
708 3318 737 3344 in
753 3317 828 3345 cunis
842 3319 914 3345 tueri
927 3319 1084 3347 credebatur

48 3355 76 3376 et
91 3349 221 3391 fascinum
234 3351 410 3393 summouere.
445 3325 544 3381 Antio»-
556 3353 707 3380 Laetantius
721 3362 742 3386 1,
756 3362 800 3386 20,
814 3357 855 3386 36.
915 3354 1004 3382 Eadem
1015 3341 1096 3392 poenz

47 3386 185 3419 Angustia.
200 3386 233 3413 de
246 3387 307 3414 Ciu.
320 3388 370 3414 Dei
383 3396 410 3421 4,
422 3392 436 3418 8
455 3394 480 3414 et
492 3396 514 3415 11
540 3399 570 3416 ex
588 3390 709 3416 Varrone.
751 3389 809 3415 Vid.
822 3390 896 3416 Non.
910 3398 941 3422 2,
955 3394 1013 3426 756.

84 3427 191 3450 CVNC
203 3429 290 3454 'er‚
309 3432 335 3456 a,
353 3431 408 3450 um.
444 3423 504 3450 Adi.
540 3425 678 3460 [σύμπας]
720 3425 870 3461 Vniuersm,
889 3430 974 3454 omnis.
1013 3430 1094 3464 Origo

405 1963 433 1994 C
555 1961 584 1992 V
701 1959 744 1992 ‘N

1108 2499 1141 2532 65

1104 3218 1139 3248 85

1101 3403 1137 3427 90

4 3463 12 3481 ¹.
48 3459 157 3488 nonnitus
169 3458 270 3499 videtur
283 3457 327 3492 ²302
343 3468 373 3485 ex
391 3467 504 3494 cumque
517 3459 544 3496 s.
557 3469 676 3496 cunque,
692 3469 738 3496 quo
752 3462 965 3497 viziuerfilitatem
983 3463 1095 3490 indicari

10 3502 13 3508 ⁴
49 3490 159 3520 docemus
170 3495 218 3530 sub
233 3500 303 3521 CVM
319 3505 325 3521 x
354 3501 386 3521 vt
396 3494 565 3530 cx-Qiinque
582 3495 616 3530 est
629 3495 762 3530 Qiintffhls
774 3516 784 3529 ,
802 3500 840 3523 ita
854 3498 972 3525 canctus
991 3510 1006 3526 a
1021 3500 1092 3526 Cun-

40 3737 104 3767 ·no'n
114 3741 201 3769 statim
213 3743 273 3770 sunt
285 3744 372 3772 cunffi
381 3766 390 3779 ,
409 3745 457 3772 nifi
472 3745 555 3772 iidem
568 3745 617 3774 lint
629 3745 723 3773 iunffi.

49 3535 111 3560 que.
162 3530 238 3570 virg.
247 3531 346 3572 Georg3
361 3539 383 3563 1,
392 3539 439 3571 343
459 3531 560 3571 Cuncta
575 3532 625 3558 tibi
638 3534 762 3560 Cererem
776 3532 858 3568 pubes
869 3534 977 3570 agrestis
990 3534 1092 3562 adoret.

49 3561 216 3605 Pseudo-Cic.
234 3574 322 3601 anth.
338 3572 390 3607 iret
400 3566 505 3606 in-exil.
519 3575 543 3599 ¹3
561 3568 698 3601 Qioniam
710 3568 831 3596 laborem
844 3578 892 3604 pro
906 3570 1007 3598 cuneus
1020 3571 1092 3598 ferre
1105 3577 1138 3604 95

48 3599 207 3627 consueuit..
262 3601 359 3629 Cuncti
374 3601 500 3636 fignificat
513 3603 622 3637 quidem
635 3604 749 3636 Omnes,
763 3605 807 3631 sed
822 3606 978 3633 coniuneios
990 3612 1017 3633 et
1029 3615 1091 3634 con-

47 3641 177 3668 gregatos.
223 3637 258 3679 At
275 3647 341 3665 vero
354 3638 455 3664 Omnes
467 3637 610 3673 dicuntur,
633 3638 752 3666 etiam‘ii
772 3639 820 3666 sint
841 3640 870 3667 in
886 3641 995 3669 diuersis
1015 3642 1092 3676 locis,

48 3669 146 3696 Festus.
200 3671 414 3701 SimilioeSeruius
427 3673 462 3700 ad
473 3674 539 3701 Aen.
553 3683 573 3707 1,
586 3683 634 3707 522
653 3675 719 3702 Sane
731 3675 820 3702 cuncti
838 3685 895 3703 non
908 3670 980 3704 idem
995 3678 1093 3713 fignifi-

48 3711 104 3738 cat,
121 3705 193 3741 quod
206 3711 306 3734 omnes.
344 3711 446 3736 Cicero
460 3710 536 3744 saepe
548 3711 601 3743 ait,
621 3709 714 3738 Cunt‘h'
724 3709 798 3747 arque
810 3721 907 3745 onmes,
923 3715 988 3749 quia
999 3723 1092 3742 omnes

46 3779 96 3802 mis
104 3777 251 3820 fiabtilisfit
262 3777 319 3811 ista»
327 3779 455 3813 din'rit‘lio
469 3793 476 3806 ε
499 3791 530 3808 ac
541 3782 626 3808 vellem
635 3780 752 3818 posuisti-t
764 3783 948 3811 Grammaticus
958 3786 1038 3813 locum
1051 3786 1092 3812 Ci-

46 3820 152 3852 cerqrits.
221 3816 356 3850 Aegyptus
366 3817 459 3844 ειιιιᾶει
494 3818 551 3844 Cic.
566 3817 599 3844 de
614 3818 683 3853 Lege
697 3819 759 3853 Agr.
774 3826 804 3850 2,
819 3826 850 3852 41
871 3828 892 3845 c.
907 3822 945 3846 16.
1015 3820 1091 3850 Idem

46 3845 161 3883 Philipp.
173 3856 200 3882 2,
213 3858 242 3877 21
261 3852 292 3877 In
303 3857 374 3878 tanta
387 3851 488 3892 laetitia
503 3853 614 3880 cunetae
626 3854 750 3881 Ciuitatis
767 3862 810 3880 me
823 3863 906 3881 vnum
919 3855 1021 3883 tristem
1040 3858 1090 3885 effe

46 3884 209 3925 oportebat-⁴?
274 3887 346 3913 Gens
359 3887 456 3922 Virgil.
466 3889 567 3924 Georg.
580 3899 602 3921 3,
614 3897 674 3924 473.
747 3889 828 3916 Nunc
841 3896 931 3917 autem
945 3891 978 3917 ad
991 3898 1017 3918 te
1029 3901 1091 3920 con-

46 3917 103 3954 fugi
116 3926 261 3983 exagitatus
274 3931 290 3949 a
302 3922 395 3985 uiridia
407 3924 518 3952 Graecia
532 3926 624 3960 Nepos
639 3935 664 3958 2,
679 3933 704 3959 9.

232 3963 252 3985 ο
262 3964 288 3985 L.
340 3979 346 3986 .
522 3962 525 3963 ’

1152 2535 1242 2565 parat-i
1270 2531 1321 2562 Vt,
1340 2530 1381 2557 Ad
1394 2528 1577 2557 dimicandum
1592 2530 1761 2557 cunctantior
1772 2530 1858 2558 faetus
1878 2531 1949 2558 Suet.
1967 2533 2040 2560 Caes.
2054 2536 2079 2561 6.

1151 2795 1156 2800 ·
1197 2787 1464 2815 CVNCTATVS,
1484 2792 1513 2815 a,
1534 2792 1589 2810 uin.

760 3759 765 3761 ·
778 3746 826 3774 Sed
839 3748 930 3783 nefiio,
941 3759 975 3776 an
988 3759 1038 3776 non
1053 3753 1092 3776 ni-
1099 3757 1145 3777 100
1154 3761 1217 3788 gens
1230 3752 1320 3779 vicina
1332 3751 1480 3779 virtutibus
1493 3754 1576 3786 vitia,
1595 3754 1781 3788 compellabat.

752 3940 763 3945 ι
776 3924 858 3952 Orbis
871 3932 1003 3955 terrai-um
1016 3928 1145 3966 Vitg.105

1208 924 1254 944 cv
1263 924 1285 943 N
1297 923 1315 944 c
1326 923 1347 943 T
1358 925 1367 942 1
1381 924 1396 942 P
1406 914 1428 942 Ᾱ
1439 922 1460 941 T
1470 922 1487 941 E
1496 922 1513 941 R
1523 935 1531 947 ,
1556 915 1612 941 tris.
1650 916 1766 942 Omnium
1782 924 1866 952 pater.
1903 918 2078 947 Theodulfus
2099 922 2188 950 Carm.
2208 933 2217 949 1

1172 954 1207 985 69
1228 953 1281 979 Cui
1299 952 1352 978 tria
1370 951 1537 986 cunctipater
1555 950 1644 977 voluit
1663 951 1836 985 superaddere
1855 953 1944 981 lustra.
2221 943 2231 957 ⁹

1207 995 1224 1015 c
1234 995 1254 1013 v
1263 994 1309 1014 Nc
1318 994 1357 1014 Τι
1368 995 1382 1013 p
1392 985 1411 1013 (ἵ
1420 994 1440 1014 Τ
1450 994 1466 1013 E
1477 993 1497 1011 N
1508 994 1532 1019 s,
1550 987 1627 1013 entis.
1657 986 1717 1012 Adi.
1756 987 1927 1021 Onmipotem.
1965 990 2042 1018 Prud.
2052 992 2111 1019 Pass‘.
2120 994 2222 1028 Qirin

1171 1033 1198 1050 v.
1213 1025 1245 1056 56
1264 1023 1322 1050 Iesu
1337 1022 1530 1057 cunctipotens.
1565 1021 1634 1049 AM.
1648 1023 1762 1056 Drepan.
1776 1023 1865 1048 Carni.
1884 1025 1915 1048 ad
1929 1025 2013 1052 Amic.
2224 1014 2231 1021 ⁰

1208 1065 1225 1085 C
1235 1066 1256 1084 V
1265 1067 1286 1086 N
1296 1065 1313 1086 C
1321 1066 1343 1085 Τ
1351 1065 1370 1085 Ο
1379 1065 1398 1085 R
1407 1078 1415 1090 ,
1432 1058 1481 1084 Eri.
1519 1059 1628 1090 [μέλλω
1636 1078 1644 1089 ,
1661 1057 1809 1090 mmm-colo)
1819 1078 1826 1090 ,
1846 1057 2029 1092 οἶνικςάλλομαι
2038 1082 2045 1094 ‚
2065 1063 2132 1090 ὅκγὲω
2167 1076 2229 1091 προι-

1171 1095 1253 1129 μένω]
1291 1094 1420 1131 Dfflrre,
1439 1096 1543 1120 morari.
1590 1092 1714 1120 Traflnm
1733 1094 1763 1119 ab
1784 1102 1825 1126 eo,
1846 1094 1912 1129 quod
1930 1095 2032 1127 causti,
2051 1099 2079 1123 id
2098 1086 2231 1132 gst⁹0m7³255

1164 1129 1258 1164 fimul,
1278 1129 1329 1163 fine
1342 1127 1490 1164 difficultate
1503 1132 1596 1155 moueri
1609 1138 1658 1155 non
1668 1127 1778 1164 foſjitnt.
1823 1132 1880 1155 Alii
1893 1130 1990 1156 malunt
2012 1137 2149 1162 CONTOR
2188 1138 2232 1163 vbi

1171 1166 1225 1192 vid.
1263 1168 1376 1193 Pertinet
1390 1166 1435 1193 hoc
1449 1165 1483 1192 ad
1494 1171 1571 1191 totum
1590 1166 1659 1191 velut
1672 1164 1744 1191 verbi
1762 1165 1985 1200 huiussamiliam.
2023 1168 2051 1194 Si
2071 1177 2107 1194 me
2125 1156 2232 1198 audiant

1170 1201 1282 1230 homines
1297 1201 1557 1237 cuncftaiifiribant,
1578 1209 1661 1227 moras
1679 1198 1794 1230 metere,-
1827 1202 1946 1234 contari,
1968 1204 2105 1238 explorare.
2162 1208 2231 1233 Certe

1171 1237 1238 1273 apud
1249 1238 1400 1274 Virgilium
1408 1239 1505 1273 semper
1524 1239 1551 1263 in
1564 1235 1680 1263 morandi
1694 1235 1898 1271 significatione,
1912 1238 2010 1273 semper
2029 1238 2132 1275 quinffa
2151 1244 2232 1269 vocal)

1164 1273 1292 1310 scribitur
1304 1284 1314 1304 ;
1348 1283 1434 1309 neque,
1446 1280 1523 1308 puto,
1546 1273 1659 1299 Fabium
1674 1272 1850 1298 Contatorem
1871 1276 2002 1308 quisquam
2021 1282 2109 1302 temere
2125 1277 2231 1304 dixerit.

1171 1311 1265 1336 Contra
1278 1310 1431 1337 Percontari
1439 1310 1538 1345 finiper
1550 1308 1618 1343 apud
1631 1308 1795 1334 Terentium
1805 1327 1811 1338 ‚
1832 1309 1979 1344 explorandi
1994 1311 2120 1338 intellcflu
2132 1313 2232 1349 semp&

1169 1347 1273 1382 legitur.
1328 1344 1473 1371 Cunetatus
1488 1353 1543 1370 uon
1557 1346 1613 1370 sum
1626 1343 1655 1370 in
1669 1344 1745 1370 cursu
1760 1343 1894 1371 bonorum
1907 1345 2078 1374 consiliorum
2092 1349 2147 1375 Cic.
2157 1350 2229 1377 Fam.

1173 1390 1211 1413 10,
1225 1389 1259 1413 ις.
1315 1380 1390 1406 Idem
1405 1379 1436 1406 de
1454 1379 1535 1406 Vniu.
1558 1389 1578 1405 c.
1595 1389 1606 1412 3
1627 1387 1692 1406 extr.
1715 1381 1804 1413 Qiam
1820 1379 1856 1406 ob
1870 1382 1972 1409 causam
1988 1391 2043 1408 non
2058 1383 2094 1410 est
2107 1385 2230 1412 cunetati-

1170 1415 1384 1456 dum'profiteri,
1420 1429 1465 1434 --
1501 1415 1572 1442 hune
1588 1415 1717 1442 mundum
1737 1416 1836 1443 animal
1855 1417 1914 1443 effe.
1987 1418 2096 1445 Diutius
2111 1421 2230 1448 cunctari

1169 1459 1199 1477 in
1214 1458 1270 1477 Vita
1283 1452 1339 1477 Cic.
1348 1451 1438 1491 'Tusc.
1454 1460 1474 1484 ι,
1493 1460 1538 1480 ιιι,
1611 1452 1651 1478 Ad
1670 1451 1790 1478 medium
1814 1452 1866 1479 iter
1885 1452 2004 1480 cunctari
2025 1455 2112 1483 Valer.
2128 1457 2230 1493 Argon.

1168 1495 1192 1519 3,
1206 1488 1265 1528 636.
1322 1487 1400 1513 Fides
1415 1487 1536 1514 cunctata
1550 1487 1585 1514 est
1599 1488 1661 1515 Stat.
1676 1487 1769 1514 Theb.
1782 1496 1807 1520 9,
1820 1496 1861 1522 37.
1884 1491 1902 1514 i.
1917 1489 2069 1522 credulitas,
2082 1501 2130 1518 non
2137 1492 2231 1528 statim

1168 1521 1278 1548 'cremdit
1298 1523 1437 1557 Polynices.
1522 1524 1622 1558 Magno
1641 1524 1755 1550 alieuius
1774 1532 1867 1550 amore
1886 1524 1976 1551 Valet.
1996 1526 2097 1560 Argon.
2119 1537 2147 1560 3,
2167 1532 2228 1556 606.

1167 1558 1244 1599 Metu
1259 1558 1379 1586 ctine‘tari
1393 1558 1491 1593 Virgil.
1501 1559 1565 1585 Aen.
1581 1568 1616 1592 12,
1629 1562 1686 1592 916.
1759 1559 1816 1586 Cic.
1834 1560 1862 1586 in
1876 1559 1956 1586 Catil.
1966 1568 1991 1593 2,
2007 1570 2030 1593 13
2054 1564 2146 1596 Quum
2160 1566 2228 1591 Hae.

1166 1596 1271 1635 litaret,
1291 1604 1374 1630 quum
1389 1594 1577 1627 cuneta-etur,
1593 1594 1713 1630 quaestui
1731 1595 1796 1630 quid
1809 1595 1946 1622 dubitaret
1959 1598 2091 1631 proticisci
2104 1608 2153 1633 eo,
2173 1610 2229 1636 quo

1165 1630 1328 1670 iampridem
1342 1637 1455 1666 pai-arat.
1529 1631 1604 1658 Idem
1618 1633 1671 1658 Att.
1685 1638 1712 1665 7,
1729 1640 1757 1658 12
1778 1632 1819 1658 An
1835 1631 1945 1658 cuncter
1962 1638 1988 1658 et
2007 1635 2184 1669 tergiuerscr,
2201 1644 2228 1664 et

1166 1675 1200 1692 iis
1215 1675 1258 1692 me
1272 1667 1348 1700 dem,
1366 1667 1414 1702 qui
1428 1672 1533 1698 tenent,
1548 1667 1595 1702 qui
1609 1668 1751 1702 potiuntur
1766 1668 1774 1693 3
1831 1668 1888 1694 Cic.
1902 1676 1952 1702 pro
1964 1669 2032 1695 Sext.
2048 1676 2073 1700 81
2093 1672 2134 1698 An
2147 1674 2228 1701 etiam

1166 1707 1229 1728 tunc
1246 1703 1443 1736 Qiiescerctis,
1460 1703 1672 1736 cunCtaremini,
1691 1702 1823 1731 timeretis
1839 1704 1847 1729 3
1919 1703 2069 1733 Restituere
2088 1716 2144 1734 rem
2166 1718 2228 1735 curi-

1166 1738 1281 1779 ξιῑιιιάο,
1297 1739 1351 1765 vid.
1366 1749 1422 1765 mox
1441 1746 1458 1766 C
1469 1745 1490 1765 V
1500 1747 1521 1765 N
1533 1745 1550 1766 c
1562 1747 1583 1766 T
1593 1747 1615 1766 A
1624 1745 1676 1765 ΤΟ
1688 1746 1716 1765 R.
1791 1738 1889 1774 Virgil.
1910 1740 2009 1775 Georg.
2031 1751 2049 1775 4
2058 1763 2067 1774 ‚
2089 1752 2134 1779 107
2161 1745 2227 1772 Non

1166 1774 1220 1800 illis
1236 1782 1378 1816 quisquam
1395 1774 1581 1802 cundhndbus
1595 1775 1679 1802 altum
1715 1776 1758 1802 Ire
1778 1775 1846 1808 iter,
1867 1781 1912 1801 aut
1932 1776 2022 1803 castris
2042 1779 2151 1807 audebit
2172 1781 2228 1808 vel-

1167 1810 1223 1836 lere
1248 1814 1328 1845 ligna.
1368 1812 1407 1838 De
1428 1820 1485 1848 rege
1509 1819 1591 1847 apum.
1793 1810 1813 1847 ff
1841 1820 1857 1837 2
1894 1812 2026 1840 Cunetare
2050 1814 2133 1842 afflue
2159 1817 2228 1845 dixit

1166 1846 1326 1886 Plaut3Cas.
1346 1856 1382 1881 4,
1403 1856 1434 1880 2,
1458 1855 1482 1879 13
1513 1846 1648 1874 Cunctas?
1680 1847 1751 1873 intus
1773 1846 1821 1873 alii
1840 1846 1973 1874 festinant.
2174 1851 2194 1890 ff
2214 1862 2226 1885 3

1170 1884 1324 1923 Transrtiue.
1348 1884 1424 1910 Stat.
1439 1883 1532 1910 Theb.
1546 1886 1573 1915 6,
1588 1885 1638 1909 626
1666 1883 1744 1909 Furit
1763 1883 1883 1918 Vndique
1900 1883 2002 1911 clamor
2015 1885 2153 1920 Diffonus,
2172 1898 2226 1915 am-

1165 1918 1333 1954 biguumque
1349 1919 1416 1946 senis
1431 1919 1590 1946 cu'nc‘tantur
1603 1918 1708 1946 Adrasti
1722 1918 1872 1952 consilium,
1892 1922 1910 1946 i.
1924 1921 2094 1956 interpellant,
2108 1927 2219 1952 retinent

1164 1964 1213 1981 non
1222 1958 1360 1990 patiuntur
1373 1956 1443 1982 illum
1452 1956 1573 1992 proferre
1585 1954 1711 1988 consilium
1719 1955 1801 1991 situm.
1859 1956 1901 1983 Sic
1914 1956 2006 1983 Barth.
2025 1967 2054 1983 ex
2065 1960 2122 1987 MS.
2138 1944 2227 1997 etstn:

1162 1993 1252 2017 tentia.
1275 1992 1320 2018 Al.
1329 1991 1477 2019 cunctatur.
1516 1992 1556 2019 Sic
1563 1991 1624 2018 ibid.
1633 2001 1657 2027 7,
1666 2001 1677 2018 1
1690 1992 1778 2026 Atque
1786 2000 1815 2017 ea
1824 1991 1975 2018 cunctantes
1984 1993 2226 2029 Tyriiprimordia

1163 2026 1229 2054 belli
1248 2042 1294 2047 —
1310 2027 1439 2062 Pelasgos,
1449 2031 1467 2054 i.
1476 2028 1548 2054 tarde
1555 2026 1769 2060 administrantes.
1807 2029 1839 2053 Et
1853 2036 1886 2060 ιι,
1901 2031 1949 2058 268
1970 2030 2005 2055 Vt
2013 2029 2136 2064 dubium,
2145 2038 2226 2067 ecpu-

1161 2072 1224 2097 gnas
1232 2063 1398 2090 cuneiantem
1407 2064 1529 2090 Eteoclea
1536 2063 1614 2091 vidit.
1653 2065 1684 2089 Et
1690 2072 1714 2096 3,
1722 2071 1768 2098 719
1783 2064 1894 2097 Magnos
1902 2063 2066 2098 cunetamur,
2074 2074 2143 2100 nata,
2151 2077 2226 2103 para.

1161 2106 1211 2126 tus.
1271 2100 1306 2126 Vt
1326 2108 1409 2136 nempe
1423 2100 1546 2127 festinare
1561 2099 1679 2133 aliquid,
1700 2106 1723 2124 ct
1738 2107 1896 2133 properare,
1916 2106 1940 2125 et
1955 2102 2057 2128 morari
2073 2103 2187 2131 dicimus.

1200 2141 1219 2162 c
1231 2141 1253 2160 v
1265 2142 1287 2161 N
1298 2142 1314 2162 C
1324 2143 1376 2163 ΤΑ
1386 2144 1406 2162 N
1416 2144 1429 2163 s
1439 2156 1448 2167 ‚
1476 2136 1553 2160 antis.
1592 2134 1687 2161 Partic.
1724 2135 1826 2168 Regina
1845 2135 1969 2162 cunetans
1991 2137 2088 2172 Virgil.
2110 2141 2174 2167 Aen.
2194 2150 2212 2175 4

1161 2178 1210 2202 133.
1247 2171 1388 2204 Impellere
1408 2169 1577 2197 cunctantem
1597 2170 1736 2198 Claudian.
1746 2171 1808 2197 sext.
1822 2171 1901 2197 Cons-
1915 2172 1987 2198 Hon.
2006 2176 2063 2204 360.
2101 2162 2224 2212 increpas

1161 2205 1312 2245 cunctantes
1328 2206 1413 2233 socios
1433 2206 1530 2241 Vix-gil.
1546 2207 1611 2233 Aen.
1628 2216 1666 2238 ιο,
1682 2211 1732 2238 831.
1804 2207 1917 2233 Animus
1939 2208 2062 2235 cunc-Stans
2083 2212 2222 2240 Claudian.

1159 2242 1364 2275 inp1·im.C0ns.
1373 2242 1476 2269 Stilich.
1486 2252 1506 2274 ι,
1516 2250 1557 2276 75.
1595 2242 1684 2269 Corda
1692 2241 1843 2269 cunciantia
1858 2243 1917 2269 Val.
1928 2244 2027 2278 Argon.
2037 2254 2049 2278 3
2068 2249 2115 2279 69-
2161 2249 2222 2276 Gle.

1159 2276 1210 2303 bae
1229 2276 1398 2317 ςιιιιόὶᾶιιιες,
1423 2281 1442 2304 ι’.
1455 2279 1568 2307 adalae,
1587 2288 1692 2314 graues,
1712 2288 1816 2315 magnae
1837 2279 1936 2314 Virgil.
1954 2265 2167 2316 Geoi·g.⁷2,³.236
2192 2292 2222 2312 vt

1161 2313 1269 2339 Seruius
1283 2313 1403 2340 declarat.
1429 2314 1488 2341 Vid.
1504 2320 1707 2347 CVNCTOR,n.
1717 2323 1738 2346 3.
1791 2316 1834 2341 Ira
1847 2315 1986 2342 cunctante
1998 2317 2146 2346 modestior
2159 2321 2221 2348 Stat.

1159 2348 1252 2389 Theb.
1267 2356 1288 2382 ς,
1302 2351 1361 2379 680.
1418 2350 1492 2377 Idem
1508 2350 1572 2377 Silu.
1587 2359 1606 2382 ι,
1621 2360 1648 2384 4,
1663 2359 1690 2382 32
1717 2351 1748 2376 Et
1760 2350 1842 2377 subiti
1855 2360 1977 2387 praeceps
1994 2353 2113 2382 iuuenile
2126 2357 2221 2390 pericli

1159 2384 1209 2411 Nil
1229 2384 1368 2412 cunetante
1383 2386 1467 2413 Malo.
1547 2386 1657 2412 Pectora
1676 2385 1828 2413 cunetantia
1847 2387 1935 2414 Valer.
1951 2389 2050 2424 Argon.
2071 2398 2088 2426 7
2117 2395 2173 2428 176.
2201 2397 2213 2420 i

1158 2430 1219 2456 quae
1227 2421 1290 2458 sunt
1301 2424 1328 2447 in
1345 2422 1425 2449 dubio.
1497 2422 1589 2449 Tauri
1604 2421 1772 2454 cunetantes,
1800 2425 1844 2458 qui
1850 2422 1900 2458 sub
1913 2426 1972 2460 iugo
1991 2433 2048 2451 cunt
2062 2412 2133 2455 mide
2145 2414 2220 2457 Ideni

1159 2458 1261 2492 Argon.
1271 2464 1298 2492 7,
1312 2459 1358 2491 64.
1377 2494 1383 2499 ι
1408 2458 1515 2485 Sueton.
1530 2458 1634 2485 Domit.
1643 2468 1664 2485 c.
1673 2466 1703 2494 17
1721 2458 1916 2486 Cunffitantibus
1931 2461 2097 2495 conspiratis,
2111 2465 2220 2499 quando

1159 2499 1186 2520 et
1198 2493 1355 2528 quomodo,
1375 2494 1402 2521 id
1417 2494 1470 2527 est,
1488 2495 1657 2521 lauantemne
1672 2496 1705 2521 ari
1719 2501 1874 2523 coenantem
1887 2496 2102 2530 aggrederentur.
2151 2501 2220 2527 Com-

1285 2566 1290 2570 ·
2136 2536 2219 2565 Αέιιιε

1157 2565 1326 2593 ειιιιᾶιιιιιοι·
1339 2566 1445 2593 Lucret.
1461 2575 1483 2599 3,
1500 2575 1551 2600 193.

1196 2607 1213 2629 c
1225 2609 1246 2629 v
1256 2610 1276 2628 N
1288 2608 1304 2628 C
1313 2608 1335 2628 T
1343 2609 1364 2643 gx
1374 2610 1397 2629 N
1405 2609 1426 2628 T
1436 2609 1453 2628 E
1463 2610 1492 2630 R.
1529 2602 1598 2629 Adu.
1635 2601 1754 2637 [ἐκνηρῶς
1762 2604 1778 2636 ]Δ
1810 2602 1870 2630 Cum
1881 2612 1950 2631 mora
1963 2611 1988 2631 ct
2003 2605 2135 2634 tarditate.
2157 2608 2220 2636 Liu.

1157 2647 1178 2670 1,
1193 2640 1224 2671 36
1249 2639 1326 2665 Tum
1340 2638 1419 2665 illum
1434 2638 1505 2666 haud
1519 2638 1674 2665 cunei-anter
1688 2637 1818 2666 discidiffe
1831 2646 1918 2666 cotem
1931 2641 2029 2668 ferunt.
2065 2643 2134 2670 Add.
2154 2654 2167 2677 3
2192 2648 2219 2672 6.

1157 2674 1320 2702 Cunetanter
1335 2674 1440 2710 aliquid
1452 2675 1541 2702 facere
1553 2675 1620 2701 Piin.
1634 2683 1671 2707 33,
1687 2683 1706 2701 1.
1778 2675 1849 2711 Dum
1863 2676 2016 2704 ειηιᾶἲειιιιετ
2029 2679 2125 2706 accedo
2137 2665 2216 2715 Apul.

1158 2711 1224 2751 Met.
1239 2720 1258 2744 4
1281 2720 1305 2746 p.
1321 2719 1370 2738 112.
1479 2712 1593 2746 Compar.
1630 2711 1723 2737 Tacit.
1739 2711 1807 2737 Ann.
1825 2719 1844 2743 1,
1859 2719 1889 2747 71
1916 2713 1982 2740 Data
2000 2714 2108 2749 vtrique
2122 2717 2217 2744 venia:

1158 2745 1238 2773 facile
1251 2747 1410 2782 Segimeror
1427 2746 1593 2774 cunctantius
1606 2746 1674 2773 filio.
1710 2746 1780 2774 Acid.
1795 2747 1884 2774 Valer.
1899 2749 1972 2776 Max.
1985 2758 2013 2782 9,
2028 2758 2050 2782 3,
2066 2755 2087 2780 8.

1180 2816 1186 2821 ·
1364 2819 1370 2824 ’
1446 2819 1451 2823 .
1627 2783 1688 2810 Adi.
1726 2783 1801 2809 Curt.
1820 2791 1850 2816 ς,
1870 2786 1894 2815 6,
1916 2793 1933 2811 2
1981 2786 2037 2812 Rex
2057 2786 2215 2821 phalanoem

1158 2817 1198 2843 nil
1212 2818 1348 2860 eune-tatus
1362 2818 1474 2846 inducit.
1530 2820 1644 2855 Compar.
1666 2819 1732 2845 Plin.
1741 2818 1821 2853 Epist.
1831 2828 1856 2852 2,
1866 2822 1895 2846 16
1907 2820 1961 2854 fine
1975 2825 2099 2848 varietate
2113 2811 2205 2861 lcgi'ntur

1160 2853 1319 2894 Cunctatior
1332 2855 1440 2881 fortasse
1456 2860 1482 2880 et
1495 2856 1599 2882 cautior
1612 2856 1660 2882 else
1675 2855 1810 2882 deberem.
1884 2856 1947 2882 Sum
1967 2857 2000 2884 ad
2014 2857 2156 2886 dicendum
2175 2845 2216 2887 ni:

1157 2897 1211 2916 mia
1224 2891 1376 2918 reuerentia
1388 2890 1470 2917 vestri
1483 2892 1617 2919 contatior
1630 2891 1708 2926 Apul.
1723 2891 1824 2918 Florid.
1845 2901 1868 2926 p.
1881 2897 1933 2925 813,
1947 2900 1964 2926 7
1985 2894 2092 2920 floridi.
2143 2897 2213 2924 Suet.

1160 2926 1233 2966 Caes.
1242 2935 1264 2954 c.
1272 2932 1304 2957 80
1321 2927 1378 2960 Qni
1391 2927 1509 2962 primum
1523 2927 1639 2954 cunetati
1654 2933 1778 2954 vtrumne
1794 2928 1872 2954 ilium
1885 2929 1915 2954 in
1933 2937 2027 2964 campo
2042 2932 2206 2960 trucidarent

1158 2970 1191 2989 au
1205 2963 1318 2990 infacta
1331 2964 1391 2996 via,
1409 2969 1455 2990 etc.
1491 2963 1560 2990 Add.
1575 2969 1609 2994 81.
1626 2970 1650 2990 et
1663 2963 1748 2998 Calig.
1764 2969 1800 2996 58.
2023 2964 2025 2966 '
2206 2952 2214 2965 ’

1195 3004 1212 3025 C
1222 3004 1275 3040 V·N
1284 3005 1301 3026 C
1313 3005 1335 3025 Τ
1346 3006 1369 3026 Α
1378 3006 1400 3026 Τ
1410 3005 1420 3025 1
1431 3006 1450 3026 Ο
1461 3020 1469 3032 ,
1499 3000 1567 3026 onis.
1605 2999 1625 3025 f.
1663 3000 1676 3034 [
1689 3001 1827 3033 μέλλησις,
1844 2998 1925 3034 ὄκνος]
1971 3000 2112 3033 Tardum,
2134 3013 2214 3031 mora.

1158 3034 1293 3062 Velocitas
1308 3035 1383 3063 iuxta
1395 3035 1588 3068 formidinem,
1610 3035 1754 3064 cunetatio.
1764 3035 1877 3070 propior
1892 3036 2052 3063 constantiae
2071 3037 2106 3063 est
2121 3039 2212 3067 Tacit.

1160 3070 1250 3111 Germ.
1266 3080 1308 3104 30,
1323 3079 1346 3105 ς.
1417 3072 1474 3098 Cic.
1487 3070 1564 3098 Offic.
1580 3080 1600 3104 1,
1614 3079 1649 3106 72
1675 3071 1724 3098 Sed
1744 3071 1794 3104 iis,
1814 3072 1862 3107 qui
1875 3071 1974 3099 habent
1992 3082 2006 3098 a
2026 3079 2120 3101 natura
2138 3075 2213 3102 adiu-

1159 3112 1248 3147 nienta
1261 3116 1352 3134 rerum
1367 3107 1556 3143 gerendarum,
1572 3107 1677 3134 abiech
1690 3109 1766 3134 omni
1780 3108 1964 3140 cunetatione,
1981 3104 2144 3143 adipiscendi
2159 3121 2212 3138 ma-

1158 3142 1295 3183 gistratus,
1316 3149 1342 3170 et
1354 3143 1470 3178 gerenda
1479 3143 1644 3179 ‘Respublica
1657 3143 1702 3170 est.
1777 3144 1898 3171 Studium
1911 3145 2014 3178 semper
2030 3145 2095 3172 adlit
2107 3147 2213 3174 cuneta-

1157 3184 1199 3205 tio
1213 3179 1278 3206 abfit
1296 3179 1371 3206 Idem
1384 3180 1417 3207 de
1430 3180 1516 3206 Amic.
1536 3190 1557 3207 c.
1574 3188 1608 3212 13.
1681 3180 1884 3215 Nonnunquam
1903 3181 2073 3208 cunctatione
2092 3189 2118 3208 et
2131 3183 2212 3210 tardi-

1157 3220 1221 3249 tate,
1237 3215 1301 3242 dum
1315 3216 1404 3243 otium
1417 3216 1513 3243 volunt
1526 3217 1606 3244 etiam
1621 3215 1675 3242 fine
1687 3216 1816 3250 dignitate
1828 3215 1961 3247 retinere,
1978 3222 2123 3252 vtrumque
2135 3220 2211 3246 amit—

1156 3255 1217 3278 tunt
1232 3252 1289 3278 Cic.
1301 3261 1351 3287 pro
1365 3253 1433 3279 Sext.
1461 3262 1483 3279 c.
1498 3261 1543 3288 47.
1615 3253 1688 3278 Inter
1704 3251 1901 3278 cumitationem
1921 3252 2091 3287 ingrediendi
2112 3255 2211 3281 flumen

1156 3286 1189 3328 ᾤ
1203 3287 1325 3314 hostibus
1337 3288 1448 3324 oppressi
1461 3289 1523 3315 Liu.
1538 3297 1573 3321 ει,
1587 3290 1626 3320 56.
1681 3287 1742 3313 Siue
1756 3286 1926 3315 ciin&atione
1943 3288 2047 3321 dicere,
2068 3291 2139 3324 quod
2154 3291 2210 3316 sen·
2254 3314 2258 3316 ,

1155 3327 1237 3364 tinius
1250 3324 1307 3351 Cic.
1320 3325 1349 3351 in
1363 3324 1452 3351 Vatin.
1466 3332 1500 3358 ις.
1574 3323 1656 3350 Preffa
1668 3329 1694 3349 ct
1709 3323 1805 3350 decora
1820 3323 1849 3349 in
1861 3324 1981 3351 sermone
1995 3325 2129 3352 cunetatio
2141 3326 2208 3352 Plin.

1157 3358 1235 3393 Epist.
1251 3369 1276 3392 1,
1292 3368 1347 3399 22...
1407 3360 1480 3387 Hirt.
1496 3359 1561 3386 Bell.
1574 3359 1650 3385 Alex.
1668 3367 1684 3385 z
1711 3359 1808 3394 Neque
1827 3368 1894 3386 vero
1915 3360 2099 3388 Alexandrinis
2118 3361 2147 3388 in
2167 3371 2212 3397 ge-

1155 3395 1244 3422 rendis
1257 3394 1373 3429 negotiis
1387 3395 1522 3422 cunetatio
1541 3395 1595 3422 vlla
1614 3401 1660 3431 aut
1675 3403 1752 3421 mora
1766 3395 1941 3423 inferebatur.
2011 3397 2072 3423 Liu.
2110 3416 2116 3424 .
2155 3417 2161 3424 .
2200 3417 2207 3424 .

1155 3431 1232 3472 §.Luae
1244 3440 1285 3458 res
1297 3431 1404 3457 Senatui
1417 3439 1524 3457 omnem
1540 3430 1737 3458 ςιιιιὲὶειιίοιιειιι
1749 3431 1917 3458 Macedonici
1929 3431 1994 3459 belli
2006 3432 2118 3459 Exemit.
2165 3433 2208 3459 In-

1155 3474 1265 3506 uccre,
1278 3466 1331 3493 vid.
1349 3467 1373 3493 h.
1393 3476 1419 3493 v.
1513 3466 1619 3493 Caelius
1634 3466 1762 3493 Ciceroni
1774 3468 1847 3494 Fam.
1863 3472 1893 3500 8,
1913 3471 1950 3494 16.
1977 3475 2000 3493 et
2013 3467 2061 3503 Jisb
2074 3468 2153 3494 Attic.
2168 3477 2208 3502 10,

1154 3510 1172 3566 ἓ
1199 3503 1321 3566 Igegisque
1340 3502 1409 3549 iliud
1429 3502 1535 3539 cogita,
1556 3502 1629 3538 quod
1648 3502 1762 3530 offensae
1781 3503 1881 3537 fuerit,
1908 3504 1936 3530 iu
1954 3503 2001 3530 ista
2021 3503 2207 3538 tumstatione,

1166 3547 1181 3565 e
1218 3548 1234 3564 u
1256 3547 1265 3564 i
1286 3547 1309 3564 e.

1189 3581 1235 3602 cv
1245 3581 1267 3600 N
1280 3573 1392 3615 CUTA'T
1401 3580 1447 3601 OR
1456 3594 1464 3606 ,
1482 3574 1548 3601 oris.
1584 3583 1620 3601 m.
1657 3574 1824 3609 [μελλητὴς]
1862 3576 1913 3610 Qui
1924 3572 2071 3606 canantur,
2090 3581 2114 3600 et
2125 3585 2208 3602 moras

1153 3609 1242 3636 nestit.
1279 3609 1339 3636 Liu.
1356 3611 1383 3642 6,
1397 3618 1426 3642 23
1451 3610 1643 3638 Cun&atore1n
1657 3619 1690 3637 ex
1702 3611 1834 3638 acerrimo
1849 3610 1977 3637 bellatore
1992 3609 2101 3637 fac'tum.
2149 3611 2206 3638 Cic.

1152 3645 1226 3672 Fam.
1241 3649 1265 3677 8,
1280 3654 1309 3686 ιο
1332 3644 1414 3672 Nosti
1429 3646 1588 3674 Marcellum
1602 3656 1682 3682 quam
1690 3646 1801 3674 Tardus
1822 3654 1847 3672 et
1864 3643 2060 3680 parunrefficax
2076 3646 2115 3677 fit,
2129 3646 2206 3674 item-

1152 3689 1206 3716 que
1218 3681 1325 3708 Seruius
1339 3689 1418 3715 quam
1432 3681 1579 3710 cunctator.
1616 3681 1659 3716 Est
1671 3689 1696 3709 et
1708 3685 1815 3709 virtutis
1829 3691 1930 3708 nomen:
1957 3680 2017 3706 Liu.
2033 3690 2075 3714 22,
2089 3691 2116 3708 12
2135 3683 2206 3709 Dein

1153 3716 1290 3752 propalam
1303 3716 1332 3743 in
1344 3716 1441 3751 vulgus
1454 3725 1504 3751 pro
1517 3717 1673 3745 cunctatore
1686 3719 1806 3753 segnem,
1823 3726 1872 3752 pro
1886 3721 1963 3743 cauto
1977 3716 2119 3749 timidum,
2132 3717 2204 3745 affin-

1825 3754 1950 3789 Magtyicr
1968 3760 2074 3787 equitum
2087 3752 2204 3782 Dielato-

1152 3798 1218 3820 rem,
1238 3787 1355 3828 Fabium,
1374 3791 1419 3824 qui
1437 3797 1452 3814 a
1465 3789 1584 3816 Romanis
1597 3789 1744 3817 Cunt‘htor
1763 3788 1915 3824 appel-latus,
1933 3787 2035 3814 honoris
2051 3792 2153 3826 gratia,
2174 3788 2203 3814 da

1153 3833 1200 3861 quo
1213 3824 1312 3851 Ennius
1331 3823 1399 3859 apud
1416 3824 1472 3851 Cic.
1487 3824 1564 3852 Offic.
1580 3834 1603 3857 1,
1624 3831 1658 3859 84
1677 3835 1699 3851 c.
1714 3833 1758 3857 24.
1790 3831 1813 3849 et
1826 3823 1858 3850 de
1873 3824 1930 3850 Sen.
1951 3832 1972 3849 c.
1988 3832 2008 3857 4
2243 3819 2246 3824 '

1328 3860 1402 3886 Vnus
1421 3859 1504 3887 homo
1523 3861 1601 3888 nobis
1619 3860 1767 3888 cuneiando
1785 3859 1901 3886 restituit
1919 3868 1985 3885 rem.

1329 3894 1396 3922 Non
1418 3896 1534 3930 ponebat
1551 3897 1624 3923 enim
1642 3904 1764 3923 rumores
1783 3900 1843 3922 ante
1859 3894 1979 3922 salutem.

1328 3931 1397 3970 Ergo
1411 3931 1521 3999 pgolhque
1534 3932 1671 3968 magisque
1680 3931 1734 3958 viri
1745 3940 1814 3958 nunc
1828 3930 1915 3966 gloria
1927 3931 2016 3959 claret.
2138 3961 2190 3990 Vir
