2474 4182
2429 0 2435 26 ⁹,
2455 3 2457 10 .

2429 82 2433 105 l

285 136 357 174 307
699 125 739 162 A
797 120 845 160 M
899 118 935 158 ο
1781 124 1822 164 A
1875 122 1924 163 M
1980 123 2016 164 0
2328 102 2433 179 36ss

288 212 356 239 Adii.
370 212 452 240 Tusc.
465 222 481 240 2.
493 223 515 240 c.
529 216 566 240 16.
633 213 754 248 ,Propere
768 207 816 248 lib:
829 217 858 240 2.
872 217 939 244 3224
961 211 1063 237 Aureus
1082 216 1204 246 argutum
1217 209 1328 237 sternuit
1383 216 1516 239 exercitum
1531 217 1745 251 corrumpentium.
1787 214 1829 241 Sic
1842 213 1904 240 Stat.
1918 211 1964 239 Sil.
1979 221 2002 245 3,
2015 222 2044 247 4,
2054 221 2086 246 30
2107 214 2243 242 Natorum
2255 214 2358 248 plebem
2369 222 2412 249 m.
2424 233 2427 239 ι

287 257 366 275 omen
387 258 478 281 amor,
491 248 531 283 fic
552 249 692 285 legendum,
703 252 752 280 pro
766 244 864 270 Aridus
871 264 879 276 ,
897 245 962 280 quod
972 247 1049 273 libros
1067 247 1206 283 obsederat,
1225 245 1329 280 qllcutlit
1383 248 1436 274 huit
1456 250 1552 276 Veneri.
1596 252 1627 277 Et
1648 251 1712 283 81111.
1727 260 1753 283 1,
1773 259 1798 282 2,
1813 257 1845 282 54
1872 247 2015 276 Teucrum
2034 258 2127 284 agmen
2146 251 2275 276 Amorum
2289 251 2350 286 Jimt
2361 243 2430 292 fimi

287 284 397 312 Broukb.
433 292 455 311 rt
468 294 538 320 quam
545 286 691 320 ,χι-(1411111110-
707 282 809 306 Aureus
832 288 923 313 amor,
944 283 1032 308 Venus
1054 292 1131 309 aurea
1154 283 1268 312 dicatur,
1289 281 1328 308 de·
1390 284 1500 310 Veneris.
1542 285 1604 311 Vide
1629 288 1706 313 Iocum
1726 294 1892 312 tenerrimum.
1935 286 1966 310 Et
1982 287 2069 317 varie,
2083 291 2132 320 pro
2151 287 2281 312 Poetarum
2300 286 2430 324 lobiam&

286 318 441 354 monstrauit.
478 330 502 345 υ,
515 330 540 355 g.
576 316 655 343 Ouid.
670 317 730 341 Am.
745 324 775 348 2,
788 321 829 348 18,
845 318 876 348 36
897 318 997 344 Aureus
1005 319 1136 344 'inmedio
1150 319 1235 344 Marte
1261 325 1326 343 tacc—
1383 316 1431 352 isla
1438 318 1582 356 finguntur.
1619 323 1671 348 Iam
1688 322 1802 357 Epithcta
1813 321 2080 357 perfiquamur,.quae
2092 327 2140 355 per
2157 321 2297 358 allegoriam
2316 321 2349 347 ad
2363 326 2428 359 ηυξ

287 361 331 382 1111
344 357 435 382 Amor.
473 355 579 381 Aduena
593 360 668 377 amor
683 351 780 377 multos
793 351 867 378 torsit
887 353 967 379 Ouid.
983 353 1014 379 de
1028 355 1090 380 Arte
1106 355 1163 379 Am.
1180 362 1204 385 1,
1219 356 1272 387 176.
1311 355 1328 378 i.
1349 360 1362 385 5
1383 354 1478 390 referri
1497 363 1525 380 cx
1539 362 1614 390 parte
1628 357 1735 392 poffimt.
1790 358 1912 383 Domitus
1940 355 2020 383 Ouid.
2035 356 2124 382 Amor.
2139 363 2166 388 3,
2180 365 2219 388 11,
2237 365 2257 389 5.
2313 355 2427 394 Gemini.

288 401 371 417 nouus.
409 390 508 416 Auidus
517 409 525 420 ,
542 391 559 413 i.
576 387 682 423 Cupidus
695 387 824 423 explendae
835 389 972 424 vohipratis
991 390 1079 415 Catull.
1094 393 1143 421 66,
1163 396 1200 420 83·
1254 388 1328 414 Blan-
1383 399 1486 417 amores
1498 390 1568 417 modo
1581 392 1687 419 indicati
1699 393 1779 419 Ouid.
1789 393 1853 419 Fast.
1863 402 1891 426 4,
1904 401 1923 419 1.
1977 391 2088 418 Inermis
2102 397 2173 418 erret
2186 392 2216 417 T
2218 391 2294 418 ibull.
2303 400 2326 424 2,
2333 400 2356 426 5,
2363 389 2411 431 ιρᾳ,
2424 410 2427 423 ,

288 426 350 452 dum
377 433 492 452 amorem
519 423 650 450 incutiens
677 423 779 450 Lucret.
795 432 821 455 1,
836 432 875 450 20.
903 425 1015 451 Vrncrmz
1029 426 1159 460 intelligit.
1231 425 1328 450 Caecus
1384 426 1494 453 Infamis
1516 425 1579 452 deus
1623 427 1729 454 Tibull,
1745 437 1773 461 2,
1801 438 1834 462 4,
1854 434 1890 460 38,
1947 427 2087 454 Infidiosus
2100 427 2180 453 Ouid.
2193 426 2226 452 de
2238 428 2312 456 Rem,
2327 424 2426 459 Am''*'„'

287 462 378 488 Claud.
393 461 420 486 in
434 461 539 494 Eutrop.
552 467 583 490 2,
599 466 639 491 50.
710 459 783 493 Virg.
800 460 897 494 Georg.
912 468 939 492 3,
953 469 1010 492 349.
1083 461 1182 486 Caecus
1198 460 1238 486 sui
1258 461 1327 486 Hor.
1385 468 1437 495 148.
1475 461 1512 488 Id.
1529 461 1596 488 ibid.
1611 464 1813 497 197‘Debilibus
1833 463 1924 498 pennis
1940 463 2031 490 irritus
2051 462 2105 489 exit
2119 463 2211 488 Amor.
2247 462 2327 489 Ouid.
2339 464 2358 490 E
2372 463 2382 498 2
2417 494 2421 498 .

286 498 373 523 Carm.
388 504 414 527 1,
429 500 468 526 18,
483 503 520 527 14.
556 494 632 521 Casto
645 494 732 521 amori
745 503 842 529 aequus
855 495 918 521 deus
938 495 1019 522 Ouid.
1034 496 1110 529 Epist.
1127 504 1145 527 1,
1161 504 1199 527 23.
1237 495 1327 521 Castus
1384 506 1406 530 3,
1421 506 1454 530 42
1487 499 1601 524 Amorem
1622 498 1770 534 alloquitur,
1806 500 1854 526 Tu
1868 499 1934 526 leuis
1947 508 1983 533 ος,
2003 499 2141 533 multoque
2154 498 2206 524 tuis
2218 498 2351 525 ventosior
2361 499 2412 533 alig

286 532 324 558 ld.
359 530 435 564 Epist.
468 539 507 562 13,
534 539 573 562 30.
628 531 722 557 Certus
736 539 812 557 amor
823 540 876 557 non
889 531 925 557 est
940 531 968 557 in
982 531 1130 565 hospitibus
1154 530 1235 557 Ouid.
1248 531 1326 565 Epist.
1342 538 1370 555 10
1385 533 1478 560 Nudus
1493 534 1575 559 Amor
1590 533 1671 559 Ouid.
1685 535 1776 561 Amor.
1791 543 1817 568 1,
1832 544 1870 567 10,
1883 543 1916 568 15.
1966 534 2132 561 pharetratus
2145 533 2183 560 Id.
2196 532 2227 559 de
2239 534 2317 562 Rem.
2327 534 2412 568 Αιιιοε.
2423 542 2437 566 ,t

286 570 328 598 16,
344 575 382 597 32.
439 566 507 592 Gell.
523 574 567 599 12,
588 574 598 592 1
626 566 766 601 Qudquid
778 567 815 592 ita
828 566 930 593 educati
943 566 1023 593 liberi
1036 575 1122 592 amare
1136 572 1235 601 patrem
1248 574 1328 602 atque
1384 577 1442 603 379.
1496 568 1620 602 Pinniger
1639 569 1742 596 Lucret.
1763 578 1793 604 5,
1812 578 1887 605 1074.
1940 570 2051 598 Pulcher
2069 569 2150 597 Ouid.
2172 577 2203 595 ex
2217 569 2290 596 Pont.
2305 578 2334 602 3,
2366 566 2412 608 ...ἦρ
2429 588 2435 595 .

286 608 396 627 matrem
410 602 551 633 videntur,
569 610 690 636 magnam
712 602 768 628 fere
789 608 889 637 partem
914 611 966 628 non
984 603 1119 629 Naturalis
1134 602 1181 628 ille
1193 611 1268 629 amor
1282 603 1328 635 cst,
1384 606 1531 639 Purpureus
1555 606 1592 630 Id.
1613 605 1704 631 Amor.
1725 613 1754 637 2,
1776 614 1801 639 1,
1821 611 1858 639 38.
1921 606 2039 633 Rebellis
2059 605 2098 632 Id.
2114 605 2145 632 de
2163 605 2238 631 Rem.
2251 606 2341 631 Amor.
2358 609 2427 641 ²4⁶2*

285 637 328 663 sed
351 637 448 663 Ciuilis
469 644 495 664 et
517 637 684 672 Opinabilis,
704 638 732 664 dc
754 638 809 670 his,
841 641 867 664 ui
890 648 935 664 non
956 638 1034 669 domi,
1052 647 1125 674 neque
1141 645 1250 664 materno
1263 636 1327 665 labie
1384 640 1520 674 Sagittifer
1540 640 1601 666 Stat.
1623 640 1687 666 Silu.
1708 649 1745 673 4,
1766 649 1787 673 3.
1858 642 1941 668 Saeuo
1961 643 2059 668 Amore
2080 641 2166 668 saucia
2183 640 2278 667 Medea
2297 640 2352 667 Cic.
2369 646 2427 677 ρῳ,

283 674 342 699 aliti
349 673 420 708 fimi.
456 674 537 700 Plaut.
551 674 627 700 Curc.
643 673 709 708 prol.
724 683 759 706 49
780 675 824 700 Ma
836 683 864 699 us
878 673 1059 700 clandestinus
1073 673 1109 700 cst
1124 683 1207 700 amor.
1258 676 1328 701 Con·
1385 676 1456 702 Cael.
1475 681 1507 706 18.
1561 676 1656 702 Saeuus
1676 675 1757 702 Ouid.
1771 676 1848 712 Epist.
1861 685 1893 712 7,
1913 686 1968 711 190.
2022 679 2117 704 Seneca
2133 677 2213 703 Herc.
2224 676 2284 703 Oet.
2301 684 2346 709 543
2401 680 2416 712 '-

285 709 363 734 cessus
383 709 465 735 Ouid.
480 710 570 736 Amor.
583 718 611 742 3,
633 718 674 742 19,
693 717 732 741 52.
782 710 944 741 Consuetus,
963 709 1016 735 vid.
1032 717 1222 737 coxsx'lisco.
1278 711 1327 736 De·
1343 713 1368 739 15
1384 711 1479 738 tuende
1499 712 1578 738 matri
1598 712 1690 746 teligcr
1715 712 1789 738 saeue
1812 721 1884 747 puer.
1942 715 2028 747 Vagus
2050 714 2152 739 Seneca.
2189 731 2195 738 .
2234 731 2241 738 .
2293 713 2377 739 Vento

284 744 357 770 festo
370 745 456 772 amori
469 746 540 772 vires
552 745 662 772 reddere
689 745 769 771 Ouid.
790 746 855 772 Met.
875 754 909 778 9,
931 753 983 779 154.
1053 745 1229 772 Dillimulatus
1246 746 1327 772 Ouid.
1385 747 1465 774 Ouid.
1482 748 1573 773 Amor.
1595 756 1623 780 2,
1645 756 1676 780 9,
1697 756 1742 780 49.
1821 748 1965 776 Volucrum
1983 749 2035 776 late
2054 749 2194 775 comitatus
2212 748 2340 774 Amorum
2425 776 2427 784 ⁴

284 779 363 814 Epist.
379 788 418 813 ις,
433 784 488 813 236.
530 780 633 807 Dubius
654 781 744 807 Claud.
759 779 790 806 de
804 781 888 815 Nupt.
903 782 1005 807 Honor.
1019 787 1044 807 et
1057 783 1124 808 Mar.
1138 784 1180 807 26.
1237 780 1329 806 Dulcis
1383 783 1502 817 sequitur
1527 783 1663 809 Claudian.
1685 783 1716 809 de
1738 783 1821 818 Nupt.
1841 784 1912 810 Hon.
1930 792 1979 817 153.
2238 792 2258 816 4
2295 783 2362 814 Amo
2387 783 2390 786 ⁴
2408 776 2413 801 ἰ

284 816 400 843 Μ311ἰ31.
415 822 445 849 8,
464 826 484 849 3.
505 824 530 844 01
546 817 617 852 Virg.
632 817 683 842 Ecl.
699 825 725 849 3,
742 825 796 847 109.
866 816 945 843 Dulci
957 825 1048 843 amore
1063 817 1153 843 atl'atus
1174 817 1248 851 Virg.
1262 818 1327 842 Aen.
1384 819 1419 853 pl.
1444 818 1473 844 de
1506 820 1631 855 coniugali
1661 815 1794 852 affeflione
1836 820 1933 854 Virgil.
1954 821 2019 847 Aen.
2038 829 2066 853 1,
2088 827 2134 853 330
2201 819 2254 845 lam
2284 818 2357 845 ferro
2380 818 2386 825 '
2399 829 2422 850 ς·

285 853 317 884 6,
332 860 389 886 452·-
461 852 601 879 Dubitatus
620 852 701 879 Ouid·
718 851 749 877 nd
769 852 876 878 Liuiam
889 857 930 885 84·
1003 853 1194 886 Virg.Acn.6,
1209 861 1254 884 259
1276 851 1328 878 Hic
1383 861 1489 880 cautum
1507 854 1626 888 superat,
1644 855 1748 881 securus
1761 863 1885 881 amorum
1920 856 2082 888 Germanae,
2104 859 2123 882 i.
2133 862 2224 890 parum
2235 863 2334 886 curans,
2350 867 2356 877 ι
2374 856 2387 890 3'
2428 863 2431 866 ⁴

285 897 351 922 quos
367 887 447 914 durus
462 897 537 915 amor
552 887 654 915 crudeli
669 888 727 914 tabe
741 887 851 922 peredit.
886 887 1020 914 titii-aeuus
1045 887 1125 914 Ouid.
1142 888 1205 913 Met.
1220 890 1252 919 6,
1267 891 1326 920 465.
1338 895 1372 913 20
1383 897 1434 916 tum
1448 890 1552 916 dolorem
1567 890 1679 926 adferret
1694 892 1779 917 Sorori
1790 890 1960 926 interficiendo
1972 895 2063 918 marito
2077 890 2123 926 ipsi
2134 891 2264 925 carzſjimo.
2305 891 2344 917 sic
2364 899 2366 902 ’
2388 892 2392 896 ”
2428 893 2431 900 ’

284 924 412 950 Externus
432 923 512 951 Ouid.
527 923 604 959 Epist.
623 932 651 957 ς,
665 932 718 950 102.
732 923 848 949 adulteri.
917 924 958 950 Sic
972 930 995 949 ct
1013 933 1051 957 17,
1062 927 1099 957 96
1117 924 1211 949 Helena
1228 925 1327 956 Paridi,
1384 936 1418 960 4,
1443 931 1473 956 28
1492 925 1540 952 Ille
1559 934 1632 952 meos
1653 926 1753 961 primus
1774 925 1824 953 fibi
1836 935 1879 953 me
1892 927 1939 961 qui
1952 927 2056 960 iunxit,
2073 935 2177 954 amores
2189 925 2313 952 Abstulit.
2361 950 2363 954 .
2380 943 2381 947 .
2416 926 2431 962 v1

285 960 375 986 Altera
387 960 429 986 vel
445 960 533 995 potius
550 960 616 986 felix
631 960 682 986 line
696 959 808 985 crimine
828 958 888 990 fiat,
909 962 996 992 Q1am
1017 959 1091 985 cadat
1109 965 1219 985 externo
1239 960 1328 986 noster
1382 964 1495 988 amicitia
1508 962 1563 988 Cic.
1577 969 1610 996 7,
1631 970 1660 994 32
1677 962 1705 988 de
1720 963 1840 993 Curione,
1859 962 1900 989 Est
1913 961 1999 995 mihi,
2016 969 2045 990 vt
2058 963 2123 995 sciS,
2141 963 2170 989 in
2183 961 2327 988 amoribus.
2371 967 2384 994 J

284 1004 376 1021 amore
388 995 482 1030 pudor.
539 996 634 1022 Facilis
648 996 674 1021 Pi
681 1001 763 1029 opert.
779 1003 804 1025 1,
820 1003 852 1025 13,
867 1003 908 1019 22.
966 994 1053 1020 Fallax
1071 995 1127 1021 Seu.
1142 995 1252 1030 Hippoi.
1267 998 1326 1029 634.
1383 1000 1457 1023 ctiam
1470 997 1556 1023 dicunt
1566 1001 1723 1031 metonymice
1735 998 1862 1031 Amores,
1877 1005 1925 1033 pro
1939 998 2043 1032 Amico,
2052 1000 2091 1025 vel
2103 999 2203 1025 Amica.
2240 997 2296 1024 Cic.
2309 995 2375 1027 Phi?
2417 989 2433 1033 ‘⁹3

285 1032 365 1058 Ferus
383 1032 464 1058 Ouid.
481 1033 571 1058 Amor.
589 1041 613 1062 1,
635 1039 663 1062 2,
682 1039 735 1062 ¹24·
792 1029 909 1055 Festiuus
930 1029 1023 1056 Claud.
1038 1032 1130 1065 Paneg.
1145 1039 1169 1064 7.
1223 1032 1326 1058 Lucrct.
1385 1035 1418 1065 6,
1438 1041 1465 1059 12
1478 1043 1499 1059 c.
1513 1041 1526 1065 ς
1557 1033 1605 1059 Sed
1626 1034 1706 1060 redeo
1727 1033 1759 1060 ad
1785 1042 1887 1060 amores
1911 1033 2071 1069 deliciasque
2092 1034 2191 1060 nostras
2214 1033 2244 1060 L.
2268 1032 2367 1059 Antoni
2425 1034 2430 1043 ³

284 1075 318 1100 4,
338 1069 410 1097 1186
436 1068 491 1094 Nec
507 1067 604 1092 mulier
621 1066 722 1105 semper
738 1064 800 1090 ficio
813 1065 923 1099 suspirat
935 1074 1035 1092 amore.
1091 1066 1173 1106 Fidus
1186 1067 1267 1093 Ouid.
1283 1068 1328 1102 Ep.
1339 1072 1370 1098 25
1385 1068 1457 1095 Idem
1472 1070 1524 1095 Att.
1541 1071 1585 1102 16,
1605 1071 1622 1095 6
1654 1069 1735 1096 Piliae
1750 1070 1859 1096 salutem
1872 1069 1958 1102 dices,
1973 1076 1999 1096 ct
2009 1069 2128 1102 Atticae,
2144 1069 2248 1096 deliciis
2262 1074 2340 1103 atque
2409 1043 2428 1110 ,1.

283 1111 310 1135 2,
325 1112 357 1129 21.
405 1103 494 1129 Foedo
509 1111 598 1129 amore
613 1101 770 1127 atllictantur
795 1101 899 1127 Lucret.
914 1108 948 1134 4,
970 1109 1040 1134 1151.
1087 1103 1226 1129 Fenuneus
1246 1103 1327 1129 Ouid.
1383 1104 1458 1131 ribus
1473 1104 1548 1131 meis.
1613 1104 1653 1131 Sic
1665 1105 1748 1132 Titus
1762 1105 1929 1140 Vespasianus
1942 1113 2046 1132 vocatur
2065 1114 2140 1132 amor
2152 1114 2182 1132 ac
2197 1104 2307 1131 deliciae
2321 1112 2345 1138 g
2358 1117 2383 1150 'L
2416 1113 2431 1129 ⁴.

284 1140 376 1165 Amor.
391 1148 419 1171 3,
435 1148 462 1170 2,
476 1148 521 1172 40.
577 1139 716 1164 Fraternus
729 1144 804 1162 amor
819 1136 847 1162 in
861 1136 978 1171 aliquem
998 1137 1054 1163 Cic.
1070 1139 1107 1171 Q
1118 1139 1201 1164 Fratr.
1223 1147 1249 1171 1,
1269 1148 1293 1170 1,
1319 1159 1325 1165 .
1383 1140 1494 1166 humani
1515 1141 1583 1166 Suet.
1599 1149 1653 1174 cap.
1669 1149 1689 1167 1.
1726 1142 1803 1168 Plura
1815 1143 1924 1177 exempla
1931 1141 1994 1176 sunt
2009 1150 2035 1167 n.
2049 1149 2061 1173 3
2074 1146 2100 1168 et
2113 1143 2138 1168 6.
2292 1136 2314 1177 ff
2331 1146 2344 1173 5
2368 1171 2369 1174 ¹
2415 1151 2431 1174 ¹)

284 1174 423 1209 Fugitiuus
437 1173 518 1201 Ouid.
534 1173 565 1200 dc
579 1174 652 1199 Rem.
667 1173 758 1211 Amor.
772 1180 793 1198 2.
849 1173 976 1198 Furtiuus
989 1172 1026 1198 Id.
1042 1174 1107 1199 Fast.
1121 1176 1148 1206 6,
1165 1182 1218 1208 573.
1263 1175 1327 1200 Gra·
1375 1174 1508 1209 stamina,
1528 1177 1615 1212 quibus
1628 1179 1742 1212 iungitur
1758 1177 1858 1210 Amor,
1873 1177 1980 1214 vbifere
1994 1174 2299 1213 cupiditatem-fignificat.
2349 1184 2351 1187 ·
2375 1202 2379 1204 ,
2416 1181 2419 1188 ’

283 1216 324 1236 tus
343 1210 378 1236 Id.
388 1210 473 1236 Trist.
489 1218 517 1241 2,
540 1212 591 1235 160.
650 1208 733 1233 Grani
747 1216 837 1234 amore
851 1208 982 1242 perculsus
997 1210 1064 1235 Hor.
1073 1209 1154 1244 Epod.
1171 1220 1200 1242 11,
1214 1219 1234 1235 2.
1244 1211 1326 1236 Bentl.
1382 1212 1517 1238 amicitiae
1541 1211 1597 1238 Cic.
1612 1212 1694 1238 Tusc.
1709 1222 1743 1246 4,
1763 1220 1798 1247 70
1817 1222 1838 1239 c.
1852 1221 1889 1245 33.
1960 1213 2072 1246 Argenti
2105 1213 2172 1239 Hor.
2186 1213 2267 1238 Serm.
2281 1220 2311 1242 2,
2323 1218 2364 1244 -3,
2415 1225 2419 1248 ³.

283 1246 420 1272 Perculsus.
470 1246 580 1279 ignauus
594 1245 654 1270 Stat.
669 1243 732 1269 Silu.
747 1251 769 1275 3,
786 1251 809 1275 2,
822 1252 866 1276 99.
912 1245 1087 1277 humaturus,
1107 1245 1159 1271 uid.
1175 1245 1198 1272 b.
1214 1255 1238 1272 υ.
1275 1247 1327 1271 Im·
1341 1250 1372 1274 39
1383 1248 1449 1273 Auri
1462 1256 1553 1274 caecus
1574 1247 1648 1282 Virg.
1665 1249 1728 1274 Aen.
1744 1256 1771 1280 1,
1791 1256 1842 1281 353.
1880 1247 1981 1275 Edendi
1995 1249 2099 1275 Lucret.
2114 1258 2148 1282 4,
2166 1249 2224 1282 867.
2273 1247 2352 1273 Fama

283 1281 323 1315 pii
342 1281 440 1307 amoris
462 1281 578 1306 flammas
597 1279 731 1313 compesce
752 1279 808 1305 Sen-
828 1280 937 1313 Hippol.
954 1282 1003 1311 165.
1077 1282 1210 1314 impotens
1230 1281 1326 1308 Catull.
1383 1283 1480 1310 nientis
1493 1283 1610 1310 incendit
1624 1284 1744 1310 animum
1764 1284 1839 1319 Virg.
1852 1285 1917 1310 Aen.
1932 1286 1963 1317 6,
1982 1290 2041 1317 890.
2087 1283 2196 1318 Flagitii
2208 1288 2235 1309 et
2247 1281 2371 1310 leuitatis
2397 1280 2429 1317 “,

282 1326 326 1349 33,
340 1325 371 1342 12.
426 1315 538 1342 Incestus
560 1317 656 1354 Horat..
669 1315 756 1341 Carni.
777 1323 806 1347 3,
826 1317 858 1347 6,
873 1323 911 1346 23.
952 1315 1135 1354 ‘Incredibilis
1155 1325 1231 1343 amor
1251 1317 1279 1343 in
1301 1323 1326 1343 te
1382 1318 1442 1346 6101
1462 1319 1518 1345 Cic.
1534 1319 1617 1345 Tusc.
1632 1329 1667 1353 4,
1688 1322 1723 1352 69
1738 1328 1759 1345 c.
1771 1328 1810 1352 32.
1848 1319 1972 1346 Habendi
1986 1319 2093 1346 senescit
2113 1320 2182 1346 Hor.
2196 1316 2275 1353 Epist.
2291 1324 2362 1352 1,7,
2377 1321 2382 1331 “
2411 1320 2431 1366 ’1,

282 1361 355 1378 meus
373 1352 444 1387 cogit
462 1360 521 1384 me,
543 1359 588 1377 etc.
625 1352 682 1390 Cic.
699 1351 769 1390 Fam.
784 1358 807 1382 2,
826 1359 844 1376 1.
899 1350 1013 1385 Indigno
1035 1360 1125 1378 amore
1145 1352 1232 1386 perire
1251 1353 1326 1388 Virg.
1382 1354 1470 1381 La6’tis
1488 1354 1562 1389 Virg.
1574 1355 1671 1390 Georg.
1686 1364 1714 1387 3,
1735 1363 1795 1389 394.
1832 1355 1953 1382 Laudum
1965 1356 2095 1390 perculsus
2108 1363 2200 1382 amore
2220 1354 2295 1388 Virg.
2315 1354 2389 1380 Aen,
2427 1360 2430 1383 ·,

284 1388 336 1414 Ed·
355 1397 397 1420 10,
419 1397 454 1414 ¹0·
510 1386 687 1413 IncustOdltus
705 1385 750 1412 Sil·
771 1390 800 1417 8,
836 1405 842 1411 -
878 1405 884 1411 ·
923 1386 1056 1413 Ausonius
1076 1388 1164 1422 Epigr.
1180 1397 1210 1421 93
1232 1391 1258 1414 in
1273 1390 1326 1423 Hy-
1383 1399 1438 1425 197.
1475 1390 1590 1417 Nummi
1603 1400 1679 1417 amor
1697 1391 1816 1417 quenal.
1834 1399 1874 1424 14,
1890 1397 1937 1424 138.
1974 1391 2112 1426 Sanguinis
2128 1395 2261 1425 amoripro
2275 1387 2392 1416 Grudel·
2410 1392 2431 1423 ρξ

281 1425 345 1454 Iam,
362 1433 429 1459 quem
444 1422 556 1449 Naiadcs
571 1428 724 1457 rapuerunt,
743 1424 761 1446 i.
776 1424 818 1456 qui
833 1421 974 1458 submersus
988 1420 1037 1455 qli,
1058 1424 1153 1450 Oscula
1172 1430 1197 1450 et
1217 1424 1326 1451 Infestos
1341 1430 1368 1455 35
1383 1426 1427 1452 Sil.
1443 1434 1468 1458 1,
1484 1431 1538 1459 148.
1576 1426 1621 1453 Sui
1632 1435 1707 1453 amor
1726 1428 1793 1453 Hor.
1810 1427 1860 1453 Od.
1876 1436 1902 1460 1,
1924 1432 1964 1460 18,
1983 1435 2022 1459 14.
2064 1428 2126 1454 Alia
2143 1424 2298 1459 Substantiua
2310 1430 2354 1451 nat
2379 1431 2381 1433 “
2412 1423 2431 1462 ’,1

281 1460 352 1486 inter
370 1459 515 1486 moriturus
536 1467 647 1485 amores.
701 1456 871 1490 Infitiandus,
900 1460 917 1484 i.
932 1458 1063 1493 pudendus
1088 1459 1169 1486 Ouid.
1184 1460 1275 1487 Amor.
1298 1469 1326 1492 2,
1381 1464 1474 1489 amoris
1495 1462 1639 1494 declarant,
1658 1469 1689 1489 vt
1711 1462 1802 1489 Aestus
1823 1463 1922 1489 amoris
1941 1462 2023 1489 Ouid.
2039 1463 2131 1489 Amor.
2146 1471 2176 1495 3,
2193 1469 2221 1495 ς,
2243 1469 2282 1493 3ο.
2323 1460 2414 1495 Λὸμῖζ

284 1503 322 1530 ¹72
337 1497 376 1521 26·
431 1494 583 1529 IngeniOsssS
610 1493 683 1520 Idem
697 1492 776 1526 Epist·
794 1501 828 1525 ¹9,
843 1498 879 1523 28·
935 1495 1065 1528 Ingenuus
1092 1496 1185 1522 Horat.
1201 1496 1290 1522 Carm.
1308 1505 1326 1528 1,
1383 1499 1513 1524 Amorum
1534 1497 1670 1524 Stansuu.
1686 1507 1714 1531 1,
1735 1507 1766 1530 2,
1787 1505 1827 1531 54.
1863 1501 1882 1524 ι’.
1899 1498 2063 1534 Cupidinum,
2090 1498 2192 1525 Veneris
2197 1498 2320 1533 filiorum.
2356 1516 2365 1522 ..
2414 1518 2417 1520 .

284 1540 325 1566 27,
340 1533 375 1557 16.
430 1531 541 1564 Iniquus
555 1531 673 1563 Propert.
690 1537 713 1560 1,
729 1537 763 1568 19,
778 1537 813 1554 22.
869 1530 947 1569 Inops
968 1531 1072 1556 Lucret.
1086 1540 1120 1564 4,
1143 1534 1202 1563 1:36.
1258 1532 1326 1558 Insa·
1382 1533 1432 1560 dor
1452 1534 1508 1560 Cic.
1523 1533 1576 1560 Off.
1593 1542 1618 1566 1,
1631 1542 1676 1568 47.
1742 1534 1810 1561 Boni
1825 1534 1991 1569 Coniugator
2002 1533 2101 1561 amoris
2122 1533 2219 1560 Catull.
2232 1532 2261 1559 in
2273 1530 2384 1567 EpithJ'

282 1576 331 1593 nus
345 1565 442 1600 Virgil.
458 1566 510 1592 Ecl.
527 1574 571 1597 10,
590 1574 636 1598 44.
711 1565 802 1589 inlitus
823 1571 926 1598 penitus
947 1566 1003 1591 Cic.
1022 1575 1070 1600 pro
1085 1568 1160 1593 Rosc.
1175 1568 1233 1593 Am.
1253 1577 1275 1594 c.
1291 1576 1326 1600 19.
1381 1572 1431 1602 62,
1451 1579 1498 1603 44.
1518 1567 1552 1602 ist
1565 1570 1727 1604 Hymenaeus.
1784 1569 1935 1597 Calcaribus
1948 1569 2017 1596 ierus
2035 1570 2139 1596 Lucret.
2161 1577 2189 1602 5,
2210 1576 2284 1602 1074.
2337 1567 2394 1600 Ciu,

283 1602 340 1629 Sen.
354 1603 432 1629 Herc.
446 1602 506 1628 Oet.
520 1608 570 1634 452
596 1602 680 1626 Iratus
702 1607 777 1625 amor
796 1608 904 1640 magnus
925 1600 1011 1627 dolor.
1079 1602 1211 1629 Iucundus
1230 1603 1367 1640 Catuli-40
1382 1614 1443 1631 men
1456 1613 1583 1639 peragere
1603 1605 1685 1632 Ouid.
1700 1614 1732 1631 ex
1744 1606 1818 1632 Pont.
1830 1614 1858 1638 3,
1876 1611 1917 1639 89.
1989 1605 2059 1632 Gell.
2074 1613 2117 1637 12,
2136 1604 2208 1666 1Ifin.
2241 1605 2317 1637 Quae
2336 1612 2362 1638 p.
2378 1599 2431 1637 ..vj

285 1640 342 1670 106,
357 1647 375 1664 1.
429 1637 533 1663 Lasciui
550 1636 649 1662 amoris
668 1641 821 1670 praeceptor
837 1636 918 1662 Ouid.
934 1636 964 1662 de
973 1638 1037 1663 Arte
1052 1639 1110 1665 Am.
1124 1647 1150 1671 2,
1164 1648 1206 1672 43.
1249 1639 1325 1673 Legi·
1380 1641 1440 1667 suos
1454 1640 1513 1667 aliis
1528 1640 1685 1667 nutriendos
1699 1640 1813 1674 dedunt,
1829 1641 1966 1668 vinculum
1977 1640 2045 1667 illud
2063 1641 2155 1675 Coagu
2166 1647 2265 1674 umque
2286 1638 2370 1665 animi
2389 1632 2426 1678 '1¹'

282 1674 364 1700 timus
386 1673 423 1699 Id.
439 1673 518 1707 Epist.
535 1681 576 1704 13,
594 1680 634 1704 30.
691 1671 788 1711 Lentus
808 1680 850 1711 nte
869 1677 954 1698 torret
972 1673 1067 1699 Horat.
1083 1675 1170 1701 031111.
1183 1683 1213 1707 3,
1228 1684 1272 1708 19,
1284 1681 1325 1705 28·
1381 1685 1434 1711 que
1446 1676 1554 1702 Amoris
1589 1690 1635 1696 -—
1671 1676 1862 1703 interscindunt
1879 1684 1925 1704 etc.
1984 1676 2117 1703 Flammae
2157 1676 2214 1703 Sen.
2235 1674 2344 1709 Hippoi.
2430 1684 2431 1687 ¹

283 1709 363 1736 Leuis
383 1708 464 1735 Ouid.
485 1708 563 1742 Epist.
585 1716 614 1740 3,
632 1716 676 1740 42.
706 1741 711 1746 ·
754 1706 903 1746 Libidinosi
929 1716 1032 1734 amores
1053 1710 1109 1735 Cic.
1124 1710 1154 1735 T
1156 1710 1208 1736 usc.
1227 1720 1261 1743 4,
1281 1718 1324 1745 72.
1381 1711 1500 1739 Foedera
1525 1713 1580 1738 Cic.
1594 1720 1643 1747 pro
1653 1712 1729 1739 Cael.
1743 1721 1785 1746 34.
1822 1712 1921 1740 Fructu
1936 1720 2014 1746 egens
2031 1713 2148 1746 Propert.
2161 1720 2191 1744 3,
2210 1718 2259 1742 20,
2280 1719 2318 1742 30.
2374 1713 2423 1744 ²⁷11.

283 1746 407 1779 Longus,
425 1743 478 1771 vid·
495 1744 555 1770 bhv·
611 1743 773 1769 LUXUrlOsUS
790 1742 871 1768 0¹¹1ss
886 1742 918 1768 de
933 1744 1006 1770 Rem·
1021 1746 1113 1771 Amor.
1129 1747 1191 1779 746.
1227 1747 1326 1780 Magno
1381 1747 1465 1774 Tusc.
1481 1756 1516 1780 4,
1536 1755 1568 1781 73
1604 1748 1722 1774 Maxime
1741 1754 1830 1775 autem
1847 1747 2036 1780 admonendus,
2056 1753 2169 1782 quantus
2185 1746 2214 1772 fit
2229 1746 2307 1772 furor
2317 1747 2426 1784 ειιιιΓῗλ

282 1789 374 1807 amore
392 1779 538 1806 labefactus
557 1778 653 1811 virgil.
670 1778 734 1803 Aen.
750 1786 784 1809 4,
805 1784 859 1809 393.
911 1778 978 1805 Mali
994 1781 1094 1806 amoris
1112 1780 1235 1807 sedamen
1254 1790 1326 1808 mors
1337 1783 1524 1815 431rritamen
1535 1792 1629 1809 munus
1649 1783 1730 1809 Ouid.
1745 1784 1809 1810 Met.
1825 1791 1860 1816 9,
1879 1792 1927 1816 133.
1977 1783 2046 1817 Qis
2065 1783 2138 1809 enim
2153 1781 2249 1809 Modus
2263 1780 2352 1808 adsita
2369 1784 2417 1822 ῖΊί

283 1817 340 1843 Sen.
354 1815 463 1850 Hippol.
479 1819 540 1844 1188.
594 1813 745 1851 Mansuetus
759 1813 877 1851 Propert.
894 1821 918 1844 1,
932 1821 958 1845 9,
975 1822 1011 1840 12.
1053 1815 1222 1843 Medicabilis
1236 1816 1326 1844 herbis
1382 1819 1457 1853 Virg.
1473 1818 1525 1845 Ecl.
1539 1827 1569 1851 2,
1589 1820 1629 1848 68.
1667 1817 1763 1845 Pabula
1783 1819 1888 1846 Lucret.
1901 1828 1936 1852 4,
1947 1826 2018 1853 1057.
2055 1819 2152 1853 Pignus
2169 1817 2244 1852 Virg.
2259 1817 2367 1850 Aen-55«
2377 1808 2427 1839 3*

283 1851 364 1879 Ouid.
378 1852 441 1877 Met.
462 1859 471 1876 1
480 1869 488 1882 ,
506 1857 560 1882 523.
631 1849 801 1887 Meretricxus
810 1867 823 1887 ,η
845 1847 898 1872 vid.
911 1848 937 1883 s.
952 1848 969 1875 1.
994 1851 1026 1875 it.
1046 1857 1063 1876 c
1072 1857 1091 1877 o
1101 1858 1122 1876 N
1132 1858 1153 1877 G
1162 1859 1177 1877 L
1187 1859 1208 1878 v
1217 1860 1238 1879 T
1248 1861 1255 1878 1
1266 1861 1286 1879 N
1296 1860 1326 1880 o.
1382 1854 1474 1889 Plagae
1487 1854 1586 1881 amoris
1595 1874 1603 1886 ,
1621 1857 1640 1880 i.
1655 1855 1728 1880 Retia
1747 1854 1852 1882 Lucret.
1863 1863 1899 1887 4,
1916 1862 1985 1888 1140.
2023 1854 2150 1880 Poculum
2168 1854 2238 1880 Hor.-
2249 1851 2331 1888 Epod.
2345 1858 2358 1885 5
2371 1866 2408 1887 f«.
2421 1847 2427 1878 ⁵.

282 1888 372 1915 Metus
391 1885 486 1913 Catull.
501 1893 541 1917 13>
555 1892 580 1917 9·
651 1884 736 1910 MU'US
749 1881 844 1917 Vffgll·
859 1883 924 1909 Aen·
939 1890 971 1918 72
986 1889 1042 1916 298·
1115 1886 1216 1913 Misero
1236 1896 1328 1913 amore
1382 1890 1407 1916 h.
1421 1899 1440 1915 e.
1457 1891 1527 1915 Potio
1539 1892 1678 1922 amatoria,
1695 1890 1828 1925 philtrum.
1864 1889 1986 1916 Studium
1998 1895 2024 1916 et
2037 1889 2117 1916 ardor
2128 1889 2238 1924 quidam
2251 1888 2355 1915 amoris·
2372 1876 2417 1916 '2:²5

281 1924 414 1959 periturus
433 1921 515 1948 Ouid.
536 1920 567 1946 de
588 1919 663 1947 Rem.
682 1920 775 1945 Amor.
795 1927 832 1945 21.
892 1919 1045 1959 Moderatus
1067 1920 1140 1947 Idem
1159 1922 1224 1949 Met.
1239 1930 1268 1955 ς,
1288 1929 1328 1956 73.
1383 1923 1416 1950 de
1431 1925 1505 1950 Orat.
1522 1932 1548 1956 1,
1569 1933 1622 1958 134.
1684 1924 1723 1951 Id.
1748 1926 1802 1952 Att.
1815 1926 1848 1958 6,
1868 1934 1884 1952 2
1922 1926 1960 1952 De
1973 1925 2022 1951 isto
2037 1925 2173 1952 hadienus.
2225 1923 2347 1951 Dixerim
2368 1917 2434 1959 ³⁷¹3}

282 1958 375 1986 Mollis
399 1957 437 1984 Id.
458 1955 536 1991 Epist.
556 1963 600 1994 21,
621 1963 676 1994 179.
724 1955 765 1981 Sic
784 1954 853 1980 Gens
871 1954 960 1981 mollis
983 1956 1113 1983 Amorum
1131 1957 1224 1984 Claud.
1244 1958 1327 1992 Nupt.
1339 1972 1370 1998 50
1383 1959 1425 1986 vel
1450 1959 1565 1994 plurima
1589 1959 1698 1986 vincula
1717 1965 1804 1986 tecum
1827 1961 1944 1988 summae
1965 1961 2162 1988 coniunctionis
2177 1965 2285 1994 optare,
2305 1968 2320 1986 e
2355 1963 2357 1970 ¹

283 1996 356 2021 Hon.
372 2001 411 2028 73.
467 1990 609 2018 Muliebris
629 1992 683 2016 Cic.
697 1989 779 2015 Tusc.
792 1998 820 2021 4,
834 1996 872 2022 71.
925 1991 1035 2017 Mutuus
1056 1993 1123 2019 Hor.
1136 1993 1218 2027 Epod.
1232 2001 1273 2026 ις,
1290 2002 1327 2020 10.
1385 1996 1484 2022 amoris
1498 1994 1638 2022 arfflffima
1651 2006 1656 2021 :
1693 2001 1794 2022 tantum
1803 1995 1883 2029 abest,
1897 2002 1927 2022 vt
1942 2005 1991 2030 ego
2005 2005 2037 2029 eit
2055 2005 2103 2030 eo,
2124 2005 2179 2031 quo
2193 1994 2308 2022 adstriff
2328 2022 2331 2023 ⁷
2387 1998 2404 2019 X

284 2029 385 2058 Mutuis
407 2026 542 2054 amoribus
555 2025 622 2051 bene
636 2023 821 2063 fidssmfess'ffls
835 2024 931 2064 Horat.
944 2026 1032 2052 carm.
1045 2035 1078 2058 2,
1094 2036 1137 2058 12,
1152 2036 1187 2060 ις.
1243 2029 1329 2055 Ν3111-
1383 2031 1468 2057 laxari
1481 2031 1584 2066 aliquid
1596 2031 1689 2058 velim.
1732 2031 1790 2059 Vid.
1799 2038 1829 2068 p.
1843 2041 1868 2058 a.
1882 2032 2041 2066 Coagulum.
2103 2032 2220 2059 Vulnere
2232 2039 2268 2067 a3
2374 2034 2377 2035 ’

283 2066 347 2093 ralis
367 2064 424 2091 Cic.
436 2063 520 2090 'rusa
534 2071 567 2096 4,
582 2062 625 2095 76.
663 2059 701 2086 Id.
722 2060 758 2086 1b.
776 2067 811 2091 4,
828 2066 864 2092 74
891 2059 977 2099 Etiam
998 2060 1082 2086 Nouo
1102 2062 1218 2095 quodam
1237 2071 1328 2089 amore
1385 2065 1441 2090 ‹Stus
1455 2067 1560 2091 Lucret.
1576 2075 1604 2098 1,
1619 2074 1656 2099 33.
1851 2069 1869 2093 6
1893 2068 1972 2094 Verba
1984 2067 2136 2104 obstruamus
2149 2065 2217 2100 ista:
2244 2069 2271 2094 Ψ

284 2108 402 2129 veterem
415 2106 534 2127 amorem
547 2103 673 2130 tanquam
686 2094 762 2121 clauo
775 2093 880 2120 clauum
892 2095 1053 2121 eiiciendum
1069 2101 1169 2129 putant.
1211 2097 1330 2123 Occultis
1384 2106 1416 2130 2,
1436 2105 1472 2132 77
1490 2100 1606 2125 Omnem
1620 2102 1645 2125 se
1657 2109 1776 2128 amorem
1788 2102 1908 2130 abiecisse
1921 2103 2012 2136 illinc,
2031 2109 2110 2138 atque
2129 2103 2159 2130 in
2174 2101 2240 2129 hanc
2254 2104 2255 2108 ’

285 2138 314 2165 in
333 2134 469 2164 amoribus
486 2133 551 2160 felix
569 2132 648 2158 index
668 2130 750 2158 Ouid.
764 2129 829 2170 F³.st·
850 2138 886 2170 2,
896 2135 930 2170 3¹:
950 2130 978 2156 de
993 2131 1131 2166 Delphino,
1151 2131 1179 2157 de
1195 2141 1240 2167 quo
1259 2132 1328 2168 conf.
1343 2143 1371 2169 55
1384 2133 1459 2168 Virg.
1474 2133 1538 2159 Aen.
1551 2141 1584 2166 4,
1600 2141 1633 2165 29
1653 2134 1702 2159 Ille
1714 2143 1788 2161 meos
1800 2138 1902 2169 primus
1915 2137 1964 2164 fibi
1977 2147 2020 2163 me
2032 2139 2080 2172 qui
2093 2138 2197 2170 iunxit,
2214 2144 2274 2164 amo

287 2174 384 2206 Hyoin.
400 2173 471 2198 Poet.
481 2169 586 2196 Astron.
599 2176 628 2200 2,
644 2174 681 2202 17.
736 2167 836 2192 Patrius
854 2165 950 2199 virgil.
967 2167 1032 2192 Aen.
1047 2175 1074 2198 1,
1095 2169 1153 2200 643.
1209 2167 1329 2194 Perditus
1384 2168 1425 2195 lit.
1461 2167 1605 2195 Abundare
1618 2176 1719 2201 amore,
1732 2169 1784 2194 vid.
1797 2170 1823 2196 h.
1836 2179 1863 2196 v.
1934 2171 2065 2198 Accedere
2075 2173 2147 2205 nihil
2158 2172 2242 2205 potest
2253 2180 2269 2197 a
2300 2177 2363 2197 amo·
2384 2192 2389 2196 .
2422 2202 2423 2206 ¹

287 2194 382 2236 Catiill.
398 2208 426 2233 in
441 2205 508 2233 Geli.
523 2214 572 2238 92,
591 2212 615 2230 2.
670 2202 825 2236 Peregrinus
844 2201 925 2228 Ouid.
939 2202 1018 2236 Epist.
1032 2211 1047 2234 9
1057 2222 1064 2234 ,
1079 2211 1125 2237 47,
1153 2209 1181 2229 vt
1190 2204 1330 2233 Externum
1385 2203 1437 2231 vid.
1449 2203 1474 2230 h.
1488 2214 1514 2230 υ.
1568 2203 1673 2237 Addere
1685 2213 1788 2231 amores
1809 2203 1891 2231 Ouid.
1905 2204 1983 2238 Epist.
1997 2213 2030 2237 9,
2051 2213 2098 2240 47.
2133 2209 2153 2231 i.
2170 2214 2248 2231 nouas
2259 2207 2353 2230 amicas·
2367 2208 2401 2230 al*
2420 2226 2425 2247 ο

287 2247 410 2272 Deianira
425 2243 526 2269 Herculi
535 2261 543 2273 ,
563 2238 718 2273 Peregrinos
733 2237 806 2264 addis
820 2246 922 2263 amores
932 2258 940 2269 ,
958 2239 988 2263 Et
1007 2244 1091 2264 mater
1110 2238 1142 2264 de
1154 2244 1181 2265 te
1194 2239 1330 2273 quaelibet
1385 2248 1457 2266 mere.
1519 2240 1560 2267 Sic
1572 2239 1653 2266 Ouid.
1667 2240 1732 2266 Met.
1746 2249 1772 2272 1,
1793 2242 1841 2275 617
1858 2240 1931 2274 Qtid
1942 2240 2023 2267 saciat
2037 2241 2046 2266 3
2081 2239 2205 2272 crudele,
2226 2240 2285 2267 suos
2299 2237 2399 2276 Ad‘lic''
2420 2264 2424 2278 l

287 2281 335 2308 effe
349 2278 440 2315 potest.
495 2275 611 2302 Perfidus
625 2273 718 2301 Claud.
733 2274 808 2307 Epig.
822 2280 860 2305 25.
912 2274 1068 2307 Perpetuus,
1090 2274 1141 2300 vid.
1151 2274 1176 2310 s.
1192 2276 1209 2300 l.
1253 2275 1330 2301 Pesti-
1386 2284 1489 2302 amores
1502 2286 1507 2301 :
1543 2276 1608 2302 Non
1621 2274 1698 2308 dare,
1717 2275 1883 2310 suspec‘iums
1912 2276 1964 2302 ἔμε.
1985 2275 2091 2302 Puellam
2098 2275 2151 2310 fibi
2163 2281 2277 2301 amatam.
2315 2272 2366 2300 Adi
2392 2269 2405 2294 l
2421 2282 2431 2314 '¹

287 2317 346 2344 fero
368 2321 458 2342 amore
475 2311 581 2339 vinetus
599 2311 656 2337 Sen.
672 2308 847 2340 Plioeniss139.
885 2309 1101 2341 Ouid.Am01·.2,
1112 2318 1156 2342 19,
1169 2317 1197 2342 25
1223 2310 1331 2344 Pinguis
1347 2313 1462 2337 60amor
1478 2311 1539 2336 fatis
1557 2310 1644 2337 Sabin.
1659 2311 1736 2345 Epist.
1750 2320 1779 2343 3,
1793 2319 1828 2338 21.
1863 2309 1995 2337 Adolesc‘it
2008 2319 2100 2343 amor,
2135 2310 2189 2337 vid.
2203 2310 2228 2336 h.
2238 2319 2264 2336 υ.
2308 2309 2365 2343 Aeq
2396 2314 2415 2351 (ᾗ

288 2360 363 2379 amor
392 2349 560 2383 nimiumque
574 2352 662 2381 patens
677 2346 706 2371 in
718 2344 804 2371 taedia
815 2343 893 2370 nobis
902 2344 1036 2376 Vertitur,
1049 2350 1084 2376 et,
1098 2344 1232 2371 stomacho
1248 2345 1331 2372 dulcis
1387 2355 1514 2373 amorem.
1534 2347 1608 2381 Virg.
1622 2347 1686 2373 Aen.
1700 2356 1734 2379 4,
1747 2354 1812 2380 474.
1847 2349 1865 2372 i.
1891 2355 1963 2382 aeque
1975 2352 2051 2372 amat.
2125 2345 2240 2372 Alendus
2253 2337 2424 2389 311101ὴιίῷ.

287 2394 317 2416 vt
330 2372 400 2419 esca,
413 2390 499 2412 nocet.
553 2383 613 2409 Pius
627 2380 713 2408 Valer.
727 2381 826 2415 Argon.
839 2390 868 2413 4,
881 2387 906 2406 2.
942 2380 1049 2406 Tibull.
1062 2388 1088 2412 2,
1102 2389 1111 2406 1
1120 2401 1127 2412 ,
1142 2385 1174 2410 80
1195 2381 1269 2407 Felix
1288 2381 1332 2408 cui.
1388 2381 1509 2409 dulcibus
1527 2382 1606 2409 Ouid.
1620 2382 1651 2409 de
1665 2383 1730 2409 Arte
1743 2383 1804 2409 Am.
1817 2390 1850 2414 2,
1863 2389 1914 2415 132.
1970 2381 2101 2408 Amittere
2113 2389 2217 2408 amores
2242 2380 2317 2414 Virg.
2331 2379 2354 2406 G
2387 2406 2390 2408 ,
2413 2410 2415 2414 Α

288 2423 407 2452 Placidus
421 2421 516 2448 leniter
529 2419 598 2446 afflat
612 2426 696 2444 amor.
732 2417 807 2451 Virg.
823 2416 887 2442 Aen.
901 2424 929 2448 4,
945 2421 972 2448 38
993 2415 1125 2442 Placitone
1141 2416 1223 2443 etiam
1237 2426 1333 2451 pugna·
1389 2426 1418 2450 3,
1432 2425 1493 2452 227.
1530 2420 1549 2444 ι’.
1574 2417 1655 2444 bouem
1666 2425 1783 2445 amatam.
1838 2417 1971 2452 AmpleeIi
1985 2426 2094 2450 amore,
2128 2416 2181 2443 vid.
2203 2416 2228 2442 h.
2242 2424 2268 2442 v.
2322 2415 2416 2453 Apg-Jg

289 2460 331 2487 bis
344 2458 446 2491 amori,
465 2460 484 2483 i.
498 2464 558 2492 quae
572 2454 625 2490 ipfiz
639 2450 742 2485 elegisti.
797 2451 903 2479 Polluto
920 2460 1012 2478 amore
1026 2451 1086 2478 duri
1099 2451 1205 2479 dolores
1219 2453 1256 2479 Id.
1267 2454 1332 2479 Aen.
1388 2462 1431 2479 me
1445 2461 1536 2486 amor,
1571 2453 1626 2480 vid.
1641 2454 1666 2481 h.
1677 2463 1703 2480 υ.
1739 2452 1855 2480 Ardebat
1875 2461 1966 2480 amore
1978 2452 2051 2479 illius
2063 2452 2182 2487 hospitae
2201 2451 2258 2478 Cic.
2265 2451 2318 2477 Ver

291 2504 304 2529 5
327 2497 352 2522 6.
389 2494 427 2521 Id.
442 2492 508 2520 ibid.
522 2501 550 2525 4,
564 2492 609 2523 516
630 2483 778 2523 Q'aeritur
797 2493 823 2514 et
841 2487 970 2514 nascentis
983 2488 1046 2522 equi
1060 2487 1091 2513 de
1103 2488 1192 2514 fronte
1205 2490 1334 2522 reuolsus,
1347 2499 1377 2530 53
1389 2499 1410 2515 c.
1424 2496 1470 2524 47.
1538 2489 1654 2517 Ardebat
1667 2497 1758 2516 amore
1771 2489 1890 2516 femineo
1905 2487 2015 2523 praedae
2028 2495 2054 2515 et
2067 2489 2213 2523 spoliorum
2236 2487 2310 2521 Virg.

292 2516 322 2558 E’t
339 2531 419 2557 matri
438 2533 588 2563 praereptus
608 2534 700 2556 amor,
727 2527 745 2550 i.
761 2525 942 2558 Hippomanes
960 2533 984 2550 υ.
997 2534 1022 2549 υ.
1078 2523 1233 2551 Ouid.Met.
1250 2534 1269 2556 1,
1283 2534 1333 2558 452
1389 2530 1447 2560 782.
1485 2524 1554 2551 Arsit
1567 2533 1658 2552 amore
1670 2525 1755 2552 vetito
1768 2525 1857 2552 fratris
1879 2525 1960 2552 Ouid.
1975 2524 2007 2550 de
2021 2525 2077 2551 Art.
2088 2525 2148 2550 Am.
2163 2533 2189 2557 1,
2209 2528 2262 2556 283.
2285 2558 2290 2563 ⁸

291 2567 395 2594 Primus
413 2573 488 2592 amor
500 2562 601 2590 Phoebi
616 2560 740 2595 Daphne,
760 2566 806 2586 etc.
861 2559 1016 2594 properatus
1037 2558 1103 2585 ferri
1123 2560 1183 2586 Stat.
1197 2560 1294 2586 Achill.
1308 2569 1334 2593 2,
1390 2561 1463 2587 &um
1477 2561 1506 2587 in
1520 2569 1610 2588 amore
1623 2562 1671 2587 else
1690 2561 1794 2588 Lucret.
1807 2569 1843 2594 4,
1859 2566 1901 2590 ¹28·
1948 2561 2103 2587 Attenuatus
2118 2568 2209 2586 amore
2224 2559 2304 2594 liquit
2320 2575 2322 2580 ·

293 2611 347 2636 393.
374 2605 392 2627 i.
408 2599 545 2627 bellicarum
561 2607 651 2624 rerum.
690 2597 793 2622 Lucrct.
808 2605 844 2629 4,
863 2603 913 2627 1135
940 2596 1026 2630 Atque
1040 2595 1066 2620 in
1081 2604 1171 2622 amore
1191 2596 1260 2622 mala
1273 2596 1335 2623 haec
1390 2597 1454 2623 Met.
1467 2605 1496 2629 3,
1508 2602 1569 2630 489.
1587 2596 1615 2623 de
1630 2594 1754 2629 Narciffo.
1810 2596 1924 2623 Auferre
1938 2605 2056 2623 amorem
2070 2595 2120 2629 abl,
2154 2594 2207 2623 vid.
2222 2595 2246 2621 h.
2262 2604 2287 2621 υ.
2347 2620 2360 2629 -.
2376 2629 2377 2632 Ἴ
2404 2614 2412 2634 3

294 2637 420 2672 Proprio,
437 2636 589 2668 summeque
609 2631 721 2659 secundo
763 2631 940 2658 Inueniuntur
954 2642 959 2657 :
986 2631 1111 2665 Proprius
1129 2640 1205 2659 amor
1226 2632 1267 2658 hic
1286 2630 1335 2665 est,
1390 2641 1508 2659 amorem
1522 2633 1604 2660 timor
1629 2630 1709 2658 Ouid.
1724 2631 1803 2666 Epist.
1819 2640 1860 2665 12,
1880 2634 1916 2658 61.
1988 2631 2084 2659 Bibere
2097 2631 2206 2666 longum
2220 2637 2348 2657 amorem-⁴
2412 2627 2417 2643 ·'

294 2674 337 2703 vbi
366 2672 414 2700 uod
427 2677 525 2698 amatur
543 2673 581 2696 ita
595 2666 703 2700 nostrum
722 2665 769 2700 esi,
795 2670 835 2693 vti
849 2676 930 2693 omnes
943 2666 1057 2693 excludat
1073 2669 1143 2693 alios.
1196 2668 1337 2694 Pudendus
1351 2669 1455 2708 70Aen.
1471 2678 1494 2700 1,
1508 2675 1570 2703 749.
1603 2669 1622 2694 i.
1642 2667 1759 2700 haurire,
1779 2670 1915 2702 concipere.
1968 2669 2065 2703 Captus
2077 2676 2169 2694 amore
2187 2666 2262 2701 Virg.
2275 2665 2328 2699 Ecl.
2342 2664 2362 2697 6
2414 2673 2416 2675 ·

294 2709 349 2737 0111
370 2707 466 2743 .Epist.
481 2713 504 2739 5,
520 2713 566 2738 44.
595 2702 598 2705 “
622 2702 754 2734 Rcbellis,
775 2705 817 2737 qui
836 2705 885 2728 iam
899 2702 975 2738 semel
989 2700 1072 2728 uit-7115
1090 2710 1144 2728 erat
1163 2703 1245 2730 Ouid.
1262 2704 1337 2730 Rem.
1393 2704 1496 2730 Cecidit
1510 2712 1586 2730 arnor
1607 2702 1702 2730 Catull.
1717 2702 1749 2728 ad
1764 2703 1825 2730 Fur.
1838 2710 1864 2730 et
1877 2704 2062 2736 Aure1.11,22.
2099 2703 2193 2730 Celare
2206 2703 2376 2741 ainorem‘!

295 2747 356 2779 246.
411 2743 468 2770 Cic.
489 2742 521 2768 de
539 2740 597 2767 Fin.
617 2747 630 2771 3
656 2747 678 2764 c.
695 2747 728 2764 20
755 2737 797 2764 Ne
811 2746 914 2764 amores
932 2738 1043 2772 quidem
1062 2738 1168 2765 Sane‘tos
1188 2748 1202 2766 a
1223 2740 1338 2774 sapiente
1393 2739 1472 2774 Epist.
1482 2747 1525 2772 12,
1540 2747 1578 2775 37.
1625 2739 1741 2765 Cernere
1754 2747 1887 2770 amorem,
1923 2739 1976 2766 vid.
1992 2740 2108 2766 Cernere
2121 2737 2313 2770 hereditatem,
2334 2764 2349 2776 ,1
2368 2745 2373 2757 1

295 2782 396 2809 alienos
408 2780 456 2807 etse
469 2777 644 2805 arbitrantur,
663 2777 711 2800 int.
725 2779 854 2808 puerorum
868 2773 924 2799 illos
937 2775 1075 2801 Socraticos
1088 2784 1191 2801 amores.
1229 2777 1295 2801 Nam
1311 2774 1339 2801 de
1394 2783 1448 2803 No.
1505 2773 1669 2802 Commendo
1683 2783 1784 2801 amores
1799 2783 1872 2801 meos
1883 2774 1936 2802 tibi
1954 2774 2050 2801 Catull.
2066 2777 2108 2807 16,
2121 2783 2138 2801 1.
2191 2771 2352 2810 Commiffo„
2368 2784 2371 2792 ‘

294 2820 366 2844 coniu
385 2819 408 2842 io
418 2811 556 2851 praeceffit.
608 2809 753 2837 Sceleratus
766 2808 881 2835 habendi
894 2808 975 2835 Ouid.
989 2810 1053 2835 Met.
1068 2818 1094 2842 1,
1109 2818 1153 2842 131.
1180 2813 1198 2836 ι’.
1218 2814 1338 2837 auaritia.
1394 2809 1512 2838 officium
1527 2810 1642 2846 spondet.
1673 2812 1691 2836 i.
1701 2813 1834 2845 promittit
1846 2812 1980 2841 auxilium,
1991 2809 2017 2844 fi
2025 2810 2098 2846 suum
2114 2818 2218 2836 amorem
2229 2809 2371 2844 nuclea]

295 2825 437 2881 simuiatus
456 2849 494 2877 Id.
509 2848 601 2875 Amor.
615 2854 640 2878 1,
654 2850 683 2877 8,
698 2852 735 2879 71.
799 2844 945 2878 Singularis
966 2853 1041 2870 amor
1062 2850 1121 2870 tuus
1139 2854 1200 2880 erga
1219 2855 1262 2872 1110
1282 2846 1339 2872 Cic.
1374 2863 1384 2870 -
1394 2848 1459 2874 Met.
1478 2856 1504 2880 0,
1517 2858 1536 2881 4
1548 2851 1570 2876 8.
1616 2846 1790 2873 committere
1802 2855 1905 2872 amores
1917 2845 2008 2878 alicui,
2041 2848 2059 2872 ι’.
2079 2847 2194 2872 Reuelare
2212 2843 2294 2871 Ouid.
2308 2843 2329 2870 A
2361 2868 2363 2870 .

298 2890 369 2916 Fam.
383 2896 409 2921 9,
428 2895 460 2913 11.
511 2883 582 2911 Socii
599 2881 697 2908 amoris
714 2879 831 2906 desertor
849 2879 931 2907 Ouid.
946 2879 1024 2914 Epist.
1039 2888 1082 2913 19,
1098 2888 1149 2915 157.
1205 2881 1339 2908 Sollicitus
1372 2873 1383 2888 ³
1396 2891 1436 2915 12,
1453 2892 1484 2908 2¹.
1522 2882 1662 2917 Compesce
1674 2881 1773 2908 amoris
1785 2881 1864 2916 impii
1878 2882 1994 2908 flanunas
2016 2881 2075 2908 Sen.
2088 2879 2198 2916 Hippoi.
2215 2881 2264 2913 165.
2284 2911 2287 2913 .
2310 2879 2375 2906 Cos

297 2924 335 2952 Id.
352 2923 429 2959 Epist.
443 2926 479 2954 13,
492 2922 547 2954 196.
583 2916 721 2952 Virg.Ecl.
738 2924 775 2948 10,
796 2917 813 2941 6
858 2915 951 2950 Sprcto
965 2915 1043 2941 toties
1058 2915 1139 2942 iratus
1152 2925 1243 2943 amore
1256 2917 1339 2944 Ouid.
1395 2918 1431 2944 eti
1445 2926 1536 2944 amore
1555 2917 1646 2945 Claud.
1661 2916 1742 2944 Laud.
1756 2917 1843 2944 Seren.
1859 2924 1908 2950 132.
1977 2918 2146 2951 Componere
2165 2924 2284 2947 amores,
2308 2917 2326 2941 i.

298 2961 362 2989 Met.
376 2967 392 2995 7
418 2965 473 2994 373.
526 2953 628 2983 Sterilis
642 2952 679 2979 Id.
695 2952 759 2979 Met.
773 2960 797 2983 1,
813 2952 875 2985 496.
931 2951 1031 2978 Stultus
1053 2956 1078 2977 et
1094 2951 1231 2985 improbus
1245 2952 1340 2980 Horat.
1395 2953 1423 2980 de
1437 2963 1517 2979 amore
1540 2953 1622 2980 Ouid.
1635 2953 1665 2979 T
1665 2952 1720 2979 rist.
1733 2961 1764 2985 2,
1777 2955 1808 2985 3⁶
1812 2962 1827 2979 1.
1899 2952 2020 2988 Denique
2034 2952 2172 2987 composui
2183 2957 2288 2978 teneros
2298 2958 2358 2990 non,
2371 2954 2373 2971 ·.

297 2997 380 3023 serm,
393 2979 403 3022 ἶ
434 3003 462 3027 3,
475 3000 519 3026 24.
591 2988 683 3016 Suauis
701 2988 806 3014 Lucret.
822 2995 831 3012 1
841 3006 848 3018 ‚
867 2995 924 3020 923.
978 2987 1153 3021 Surrepticius
1172 2988 1254 3014 Plaut.
1269 2990 1339 3015 Men.
1396 2998 1516 3022 amores,
1570 2988 1720 3024 Composito
1732 2997 1828 3023 poenas
1841 2988 1911 3015 solus
1924 2997 2014 3015 amore
2028 2987 2098 3014 dedi.
2167 2985 2250 3013 Ouid.
2264 2985 2342 3026 prst.

299 3032 368 3059 Ptol.
381 3015 421 3061 68⁹.
475 3025 611 3062 Suspectus
630 3023 712 3051 Ouid.
727 3022 805 3058 Epist.
819 3030 867 3054 22,
883 3027 925 3055 84.
983 3022 1096 3049 Tacitus
1112 3023 1173 3050 Stat.
1189 3023 1252 3050 Silu.
1272 3033 1297 3057 1,
1317 3033 1339 3056 2,
1350 3037 1382 3062 80
1396 3026 1483 3054 Ouem
1503 3024 1551 3051 fibi
1574 3024 1705 3060 permisit,
1730 3032 1828 3059 genero
1841 3023 1977 3051 Concedet
1990 3032 2120 3050 amorem.
2189 3021 2322 3050 Conciliat
2332 3029 2374 3051 avj

302 3075 352 3102 271.
404 3065 499 3093 Tener
511 3061 600 3090 Ouid.
614 3061 706 3087 Amor.
721 3067 753 3091 2,
769 3063 810 3090 18,
831 3059 874 3089 69.
935 3057 1064 3084 Timidus
1085 3058 1122 3084 ld.
1137 3058 1215 3092 Epist.
1231 3064 1271 3092 18,
1287 3067 1339 3094 172.
1396 3060 1483 3087 forma
1505 3061 1586 3088 Ouid.
1600 3059 1676 3096 Epist.
1688 3061 1721 3093 6,
1735 3068 1779 3093 94.
1817 3059 1982 3086 Conciliatur
1995 3068 2070 3086 amor
2081 3067 2148 3085 auro
2164 3058 2323 3092 Propere-3,
2334 3063 2360 3088 53
2375 3091 2377 3094 Ι
2416 3064 2417 3067 ’

302 3102 393 3129 Claud,
405 3101 494 3137 Epigr.
508 3104 536 3132 38
556 3099 695 3132 Paupertas
715 3103 758 3121 me
776 3094 852 3120 saeua
864 3093 977 3126 Domat,
998 3093 1123 3128 dirusque
1138 3094 1257 3128 Cupido:
1298 3094 1340 3122 sed
1398 3097 1429 3122 Et
1442 3096 1515 3122 Ouid.
1530 3096 1563 3123 de
1576 3097 1640 3123 Arte
1652 3096 1712 3129 Am,
1723 3104 1752 3126 z,
1764 3100 1819 3130 278.
1855 3095 1911 3122 Cic.
1924 3095 1958 3121 de
1971 3095 2045 3122 Orat.
2061 3103 2091 3127 2,
2104 3096 2153 3120 :06
2173 3093 2303 3120 Sentium
2315 3100 2349 3120 an
2364 3102 2377 3114 1»
2416 3128 2417 3131 ¹

302 3137 437 3165 toleranda
448 3137 546 3168 fames,
566 3142 622 3160 non
634 3129 804 3158 Tolcrandus
817 3129 909 3156 Amor.
966 3129 1071 3163 Turpis
1086 3130 1232 3156 meretricis
1248 3132 1342 3158 Horat.
1399 3131 1561 3165 Conciliari,
1578 3132 1596 3159 fi
1611 3131 1639 3159 id
1651 3131 1772 3164 videare,
1790 3130 1863 3165 quod
1874 3130 1904 3157 fit
1917 3130 1982 3157 vtile
1995 3131 2054 3165 ipl‘2s
2063 3151 2071 3163 ,
2092 3129 2160 3165 apud
2176 3138 2241 3164 quos
2253 3137 2335 3168 agas,
2345 3126 2386 3153 d·

303 3173 384 3200 Sei-m.
399 3181 419 3205 1,
432 3182 460 3205 4,
475 3180 518 3198 111.
573 3169 666 3196 Tutus
687 3165 768 3194 Ouid.
782 3165 860 3200 Epist.
876 3172 898 3198 5,
911 3170 951 3197 89.
1006 3165 1073 3191 Veri
1092 3165 1191 3192 amoris
1211 3175 1265 3192 non
1278 3166 1343 3193 (11111-
1400 3167 1462 3193 dere
1477 3178 1482 3192 ι
1506 3168 1524 3193 fl
1540 3174 1585 3194 aut
1599 3175 1648 3203 pro
1661 3166 1738 3194 bonis
1752 3167 1833 3199 viris,
1854 3172 1899 3193 aut
1911 3173 1981 3193 certe
2003 3175 2052 3201 pro
2067 3166 2116 3198 iis,
2136 3165 2184 3201 qui
2197 3164 2251 3192 illia,v
2273 3164 2338 3204 b⁰.¹'.¹
2361 3175 2363 3184 ε
2376 3176 2378 3182 .

305 3208 420 3235 mulator
433 3207 471 3234 Id.
487 3206 565 3241 Epist.
579 3212 601 3239 ς,
616 3207 653 3231 61.
706 3203 824 3236 Propert.
838 3209 869 3233 2,
886 3209 926 3234 ις,
941 3208 972 3232 29
993 3200 1069 3227 Errat
1087 3201 1135 3236 qui
1154 3200 1233 3228 finem
1249 3203 1344 3229 Vesaui
1356 3214 1384 3242 85
1399 3202 1476 3229 vtiles
1490 3202 1552 3236 lint,
1572 3203 1701 3231 laborare.
1738 3202 1861 3236 Namque
1874 3201 1936 3229 haec
1949 3211 1990 3229 res
2007 3210 2125 3228 amorem
2139 3201 2222 3235 magis
2234 3198 2358 3226 conciliat
2380 3203 2382 3206 ’

306 3243 410 3279 quaerit
428 3243 534 3269 amoris.
588 3242 684 3272 Vetus,
710 3237 763 3264 vid.
784 3237 879 3264 Nouus
899 3244 982 3263 amor.
1035 3235 1104 3263 Vilis
1123 3236 1216 3264 Claud.
1231 3238 1259 3264 in
1274 3238 1344 3265 Rutf.
1399 3239 1508 3265 virtutis
1522 3239 1638 3266 defensio
1649 3238 1792 3266 caritatem.
1831 3239 1881 3264 Hic
1894 3247 1971 3265 amor
1984 3236 2016 3271 qs?
2030 3234 2378 3275 ardentiusquiddamexrcft

307 3288 333 3312 Ι,
351 3283 407 3311 284-
462 3277 547 3304 Vinus
565 3275 662 3310 Virgil·
685 3274 748 3301 Aefl-
764 3281 791 3306 ¹,
810 3280 864 3308 72¹·
926 3272 1026 3304 Amor,
1062 3281 1090 3299 ro
1110 3273 1213 3299 Veneris
1232 3277 1345 3309 appetitu
1399 3274 1434 3301 ad
1449 3284 1494 3300 nos
1512 3282 1591 3302 ortum
1610 3285 1618 3300 :
1654 3275 1746 3301 caritas
1763 3270 1899 3307 aestimatio
1921 3276 2027 3300 virtutis
2046 3280 2070 3300 et
2088 3272 2231 3299 admiratio.
2288 3271 2372 3297 0011

305 3317 380 3341 etiam
397 3316 425 3340 in
443 3310 533 3345 bestiis.
567 3312 642 3346 Virg.
656 3311 754 3345 Georg.
767 3317 790 3342 3,
805 3316 855 3343 242
888 3320 933 3328 -
970 3316 1034 3342 pecu
1054 3316 1096 3340 es,
1115 3307 1254 3344 pietaeque
1269 3309 1345 3336 volu·
1398 3319 1517 3336 amorem
1533 3310 1694 3338 consuetudo
1710 3309 1815 3336 Lucret.
1829 3318 1862 3342 4,
1882 3314 1946 3344 1278.
1982 3309 2130 3344 Concipere
2142 3306 2222 3334 Ouid.
2237 3306 2302 3333 Met.
2316 3314 2361 3338 10,
2375 3344 2378 3345 .

306 3359 378 3382 creS,
411 3349 443 3374 In
454 3347 552 3378 furias,
570 3347 710 3381 ignemque
721 3350 816 3377 ruunt,
835 3351 911 3370 amor
922 3342 1047 3370 omnibus
1060 3343 1139 3370 idem·
1289 3342 1310 3381 ff
1331 3353 1344 3377 3
1400 3346 1546 3379 Conferre,
1564 3347 1618 3373 uid.
1631 3347 1655 3374 h.
1661 3355 1686 3373 υ.
1721 3345 1862 3372 conticere
1874 3345 1991 3380 aliquem
2005 3345 2034 3371 in
2046 3352 2163 3372 amorem
2172 3362 2181 3374 ,
2199 3342 2254 3368 vid.
2268 3342 2292 3368 h.
2301 3350 2326 3382 3⁷·
2372 3347 2375 3360 1

308 3387 407 3417 Amor,
421 3390 470 3419 pro
485 3381 619 3417 Cupidine,
637 3391 704 3418 quem
712 3381 800 3408 Poe-'tae
813 3381 905 3406 amoris
918 3378 986 3405 deum
1000 3377 1162 3416 eſjifirzgunt.
1199 3379 1253 3406 Cic.
1261 3380 1345 3407 Tusc.
1374 3400 1390 3417 0
1401 3380 1486 3407 innffi
1502 3390 1592 3410 amore
1612 3382 1668 3409 Cic.
1678 3380 1762 3408 Ture.
1776 3388 1799 3413 ς,
1813 3385 1850 3413 58.
1906 3381 2048 3408 Connexus
2061 3387 2152 3407 amore
2169 3378 2230 3404 Stat.
2245 3375 2342 3404 Achill.
2361 3396 2370 3420 '.

309 3431 326 3455 4
351 3424 386 3454 69
405 3429 426 3446 c.
440 3427 467 3452 32
486 3418 512 3444 Ο
525 3417 681 3452 praeclaram
701 3415 904 3443 emendatricem
925 3414 996 3441 vitae
1014 3414 1164 3449 poeticam!
1205 3424 1252 3442 uae
1266 3416 1346 3442 Amo·
1399 3416 1759 3445 ContexercamoresCatull.
1767 3417 1939 3450 Argon.1262,
1946 3425 2000 3448 330.
2038 3416 2132 3442 Horat.
2141 3414 2228 3441 Carm.
2242 3422 2265 3446 3,
2279 3421 2312 3446 12,
2329 3421 2334 3437 1
2364 3418 2372 3435 υ
2414 3445 2418 3449 .

308 3442 381 3489 rim,
399 3453 495 3490 flagitii
514 3457 540 3479 et
564 3452 678 3479 leuitatis
697 3452 831 3479 a11&orem
849 3451 878 3478 in
898 3450 1014 3477 concilio
1032 3449 1144 3477 deorum
1161 3459 1192 3477 co
1206 3451 1345 3478 locandum
1400 3460 1490 3478 rarum
1512 3453 1549 3479 est
1571 3462 1658 3488 neque
1679 3452 1766 3480 amori
1788 3452 1857 3478 Dare
1877 3452 1986 3484 ludum,
2021 3453 2040 3477 i.
2067 3447 2134 3490 quast
2160 3449 2231 3476 ludos
2257 3448 2339 3489 “spe
2347 3449 2373 3488 'j
2418 3458 2420 3462 ·

310 3498 391 3527 putet.
433 3491 490 3517 Sen.
511 3486 620 3522 Hippot.
640 3495 681 3520 195
707 3488 791 3514 Deum
810 3487 858 3514 else
873 3487 999 3514 Amorem
1013 3486 1097 3521 turpis
1116 3491 1142 3512 01
1163 3486 1234 3512 vitio
1254 3487 1345 3513 fauens
1400 3487 1468 3514 ede-re
1483 3488 1610 3524 Cupidini.
1644 3488 1701 3515 Sen.
1713 3488 1793 3515 Herc.
1806 3488 1867 3514 Oet.
1881 3494 1930 3522 524
1949 3488 2022 3518 Hoc,
2035 3485 2139 3520 inquit,
2159 3492 2249 3519 megae
2261 3483 2353 3524 dixere,
2374 3490 2376 3497 ¹

311 3528 400 3555 Finxit
417 3524 514 3556 libido,
545 3530 634 3557 uoque
651 3522 763 3550 liberior
782 3523 868 3556 foret,
893 3521 1022 3549 Titulum
1041 3521 1130 3548 furori
1149 3522 1267 3548 numinis
1290 3521 1346 3550 falfi
1400 3532 1456 3550 rem
1470 3525 1538 3558 pone
1550 3523 1638 3559 Defigi
1651 3523 1730 3551 malo.
1782 3523 1823 3550 Sic
1844 3521 1933 3556 Neffus
1951 3523 2059 3558 quuitur
2072 3527 2204 3546 centaurus
2217 3519 2373 3556 desbngw

311 3563 421 3590 addidit.
458 3532 555 3594 Virga·
570 3558 635 3584 Aen·
650 3566 670 3590 1,
682 3560 728 3590 663
755 3560 823 3593 Ergo
841 3558 882 3586 his
907 3557 1037 3593 aligerum
1061 3556 1140 3583 dictis
1157 3556 1251 3584 astatur
1267 3558 1347 3584 Amo·
1376 3574 1388 3582 .
1400 3565 1517 3594 tanquam
1538 3562 1675 3592 amatorio,
1691 3568 1736 3596 quo
1744 3558 1822 3594 poffic
1838 3568 1908 3586 antor
1942 3555 2045 3591 Defigi,
2063 3558 2082 3582 i.
2103 3562 2147 3582 aut
2159 3555 2270 3596 fortiter
2277 3554 2302 3590 fi
2315 3556 2371 3595 1·«
2428 3591 2434 3598 .

312 3607 375 3625 rem.
413 3593 541 3624 Pifluram
560 3596 612 3620 eius
623 3593 817 3629 Allegoriamque
831 3593 997 3630 persequitur.
1033 3593 1151 3627 Propert.
1167 3601 1192 3625 2,
1207 3602 1233 3625 9,
1247 3602 1256 3620 1
1278 3593 1346 3627 Qui·
1376 3585 1386 3600 ²
1394 3593 1461 3630 Jblui
1472 3605 1489 3621 a
1497 3593 1873 3631 pvflwestuquoftoeraefixus.
1929 3591 2060 3619 Defuneh
2079 3599 2170 3618 amore
2183 3591 2239 3617 leui
2250 3590 2296 3617 nul
2309 3597 2324 3615 a
2359 3586 2374 3609 ,t'

313 3642 414 3668 cunque
429 3632 474 3658 ille
487 3630 541 3657 fuit
553 3636 663 3664 puerum
681 3628 727 3662 qui
744 3629 829 3662 pinxit
841 3631 964 3656 Amacem
981 3634 1026 3655 etc.
1062 3627 1130 3655 Add.
1142 3628 1268 3663 Peruigil.
1279 3629 1346 3655 Ven.
1401 3629 1458 3656 8011.
1473 3631 1581 3666 Hippol.
1597 3636 1643 3661 128.
1663 3633 1681 3656 i.
1694 3631 1857 3658 tolerabiliter
1868 3630 1970 3655 amauit.
2025 3625 2140 3653 Deludet
2157 3634 2275 3653 amorem
2290 3624 2339 3652 sus·
2351 3634 2376 3657 a,

313 3678 338 3694 v.
353 3677 391 3701 29.
429 3666 504 3695 Nudi
518 3666 628 3692 Amores
649 3672 708 3689 cum
744 3663 854 3691 haretris
866 3664 948 3692 Ouid.
961 3664 1025 3691 Met.
1040 3672 1084 3697 10,
1098 3665 1149 3697 516.
1171 3666 1188 3690 i.
1205 3665 1238 3690 Cu
1257 3664 1346 3691 idines.
1401 3665 1480 3692 fallax
1496 3675 1593 3694 rumor
1602 3666 1694 3694 Claud.
1708 3666 1736 3693 in
1749 3666 1791 3692 Pr.
1799 3664 1876 3692 Con‘s.
1911 3661 2013 3689 Stilich.
2026 3669 2078 3695 ¹99.
2115 3662 2227 3688 Demere
2242 3661 2374 3697 amores}-

318 3704 479 3737 Triumphum
496 3704 548 3728 eius
566 3699 640 3727 hahes
657 3697 737 3725 Ouit.
758 3699 816 3724 Am.
837 3708 862 3731 1,
882 3709 910 3732 2,
932 3709 972 3734 24.
1024 3700 1165 3736 Descriptio
1178 3671 1347 3734 pulcsserrima
1403 3700 1435 3727 de
1447 3701 1521 3728 Rem.
1536 3702 1627 3729 Amor.
1642 3709 1695 3737 557.
1731 3701 1870 3736 Deponere
1881 3705 1998 3725 amorem
2012 3696 2116 3738 Catull.,
2125 3697 2158 3723 de
2171 3697 2248 3724 Lesb.
2259 3703 2328 3736 7421
2346 3710 2359 3735 21¹
2376 3707 2378 3709 ’
2411 3704 2413 3706 ’

316 3737 451 3765 claudian.
466 3738 498 3764 de
512 3736 558 3763 Nu
579 3741 598 3762 t.
611 3735 683 3761 Hon.
698 3741 733 3768 7²
757 3733 832 3759 Mille
847 3735 992 3768 pharetrati
1010 3734 1105 3762 ludunt
1118 3735 1146 3761 in
1161 3735 1281 3769 margine
1295 3736 1486 3770 fra-100sertus
1505 3745 1581 3765 amor
1600 3738 1696 3764 Catull.
1708 3745 1753 3771 59,
1775 3743 1825 3768 129.
1867 3734 1968 3760 Ducere
1987 3740 2090 3759 amores
2108 3741 2137 3759 111
2157 3733 2265 3768 longum
2277 3732 2310 3758 Vi
2331 3741 2345 3758 εἰ

314 3779 366 3800 tres
394 3773 448 3800 Ore
461 3781 548 3807 pares,
580 3770 655 3798 abitu
668 3768 779 3800 ssmiles,
794 3777 853 3802 gens
868 3771 955 3797 mollis
968 3771 1106 3798 Amorum.
1142 3771 1199 3797 Hos
1213 3772 1348 3803 (Amores)
1405 3780 1431 3805 9,
1446 3774 1486 3805 56.
1527 3773 1610 3800 Durat
1622 3781 1698 3800 amor
1712 3769 1792 3799 Ouid.
1806 3769 1839 3796 de
1852 3769 1914 3806 Arte
1928 3769 1987 3808 Am..
2003 3778 2019 3800 ¹,
2029 3773 2070 3807 ¹38.
2125 3768 2245 3803 Effugere
2265 3774 2325 3806 amq
2334 3781 2347 3787 -
2361 3777 2363 3783 ¹

317 3807 456 3842 Nymphae
475 3808 595 3842 pariunt,
619 3805 696 3832 illum
719 3803 911 3837 (Cupidinem)
940 3807 1027 3833 Venus
1054 3814 1133 3833 aurea
1150 3806 1235 3832 solum
1255 3805 1348 3832 edidit.
1405 3808 1470 3834 Met.
1486 3817 1518 3840 13,
1532 3816 1596 3843 744.
1639 3809 1692 3835 Effe
1706 3807 1734 3834 in
1751 3803 1887 3836 amoribus
1904 3803 1985 3831 alicui
2004 3803 2058 3829 Cic.
2073 3803 2126 3831 Att.
2140 3806 2174 3837 6,
2188 3813 2205 3831 1.
2241 3803 2281 3830 Sic
2292 3802 2324 3828 01

287 3850 291 3854 ”
320 3845 413 3872 Tamen
424 3843 504 3869 Ouid.
518 3841 581 3868 Fast.
596 3850 625 3874 4,
640 3849 649 3867 1
667 3839 702 3867 ad
721 3839 852 3869 Venerem,
872 3840 947 3867 Alma
960 3842 1021 3869 saue
1041 3842 1097 3869 vati
1115 3841 1282 3877 geminorum
1297 3850 1350 3868 ma-
1405 3851 1440 3875 4,
1453 3851 1466 3868 2
1486 3845 1561 3870 Vnde
1577 3844 1660 3879 igitur
1673 3842 1759 3878 potius
1774 3839 1919 3874 incipiam,
1956 3847 2035 3879 quam
2055 3838 2089 3865 ab
2109 3848 2141 3866 ea
2158 3839 2282 3877 ciuitate,
2306 3845 2324 3871 q

315 3885 356 3906 ter
369 3880 505 3906 Amorum.
554 3879 643 3911 Nempe
661 3874 782 3911 geminus
801 3877 874 3900 etiam
893 3877 996 3910 Cupido
1017 3875 1066 3911 esi,
1085 3887 1111 3904 υ.
1125 3887 1150 3904 υ.
1197 3877 1237 3905 Sic
1250 3876 1296 3904 Sil.
1309 3885 1349 3910 11,
1405 3886 1456 3904 vna
1477 3879 1506 3905 in
1525 3887 1616 3912 amore
1635 3885 1715 3913 atque
1729 3875 1832 3903 deliciis
1851 3875 1927 3903 fuit3
1962 3875 2018 3901 Cic.
2033 3883 2082 3909 pro
2095 3875 2176 3901 Flacc.
2199 3880 2214 3905 8
2234 3873 2304 3900 Sum!

318 3924 327 3945 ³
331 3924 364 3948 90
390 3912 502 3941 Turbam
521 3912 666 3944 Amormu,
690 3912 734 3947 qua·
750 3908 807 3938 nati
822 3918 902 3937 onmes
928 3912 1045 3948 Veneris,
1063 3912 1197 3952 describit,
1214 3912 1352 3944 Annibalis
1359 3913 1435 3953 10;i¹¹
1447 3922 1537 3944 amore
1549 3915 1598 3944 effe
1609 3918 1719 3951 propter
1729 3919 1829 3940 nomen
1841 3910 1930 3946 ipsum
1940 3909 2051 3947 imperii
2061 3919 2118 3939 non
2128 3909 2270 3948 potuerit?
2307 3906 2375 3944 ΕΗ,
2402 3916 2414 3923 ’-
