2474 4182
61 2449 163 2488 docti
178 2449 408 2488 obf'eruarunt.

704 108 1072 158 EORVMQVE
1119 107 1150 145 A
1172 105 1457 144 VCTORIB
1477 108 1549 146 VS.

56 238 79 261 ‚,
97 220 134 249 ac
150 209 344 249 sordescere
358 217 567 260 pateremur,
591 207 627 243 in
641 217 747 243 vnum
764 216 890 254 corpus
908 207 1071 254 redigere.

55 293 78 315 ‚,
93 266 247 304 Exstabat
264 276 377 303 tamen
391 275 478 313 opus
496 260 699 315 inchoatum
721 260 763 297 de
781 261 967 298 verborum
980 259 1073 296 Lati-

55 350 78 371 „
93 333 218 359 norum
235 320 527 370 interpretatione,
555 318 611 353 cui
626 328 706 353 cum
723 314 828 353 multa
843 315 963 359 adimi,
982 310 1073 350 mul-

57 405 80 424 „
95 386 195 427 taque
212 376 289 414 addi
310 372 400 424 poss‘e
415 371 612 410 viderentur
627 400 637 418 ‚
666 369 750 408 alios
768 370 879 408 adhuc
903 366 1073 419 quosdam

56 460 78 478 ‚‚
95 444 166 468 non
183 441 288 481 paruo
301 439 382 465 meo
399 425 516 463 labore
532 438 643 477 neque
659 425 826 463 mediocri
841 424 950 462 studio
965 450 976 468 ,
998 433 1073 471 par-

56 515 79 533 „
93 489 157 523 tim
178 488 326 532 integros
351 481 547 519 inserendos
565 510 574 527 ,
609 482 733 530 partim
756 494 799 518 ne
812 481 957 516 nimium
983 487 1074 526 opus

57 570 80 588 „
97 538 306 584 incresceret,
322 539 355 573 in
370 536 619 586 compendium
636 534 790 573 reda&os
806 533 957 579 adiunxi,
979 543 1076 581 prae-

59 625 81 643 „
96 598 192 644 cipue
214 593 436 631 Laurentium
452 590 581 628 Vallam
599 589 897 638 Tortelliumque‚
924 597 1077 638 quorum

59 679 84 698 „
96 661 165 687 non
180 657 249 684 tam
265 645 374 684 fuerat
384 675 393 691 ,
420 654 459 683 vt
477 645 520 683 sic
535 646 679 684 dixerim
690 675 700 694 ,
716 642 902 690 castiganda
922 641 1056 679 luxuria
1069 667 1078 681 ‚

57 732 80 751 „
93 714 194 754 quam
209 701 484 739 commendanda
499 700 711 750 parsimonia.
764 700 855 734 Nam
869 697 999 734 horum
1016 709 1079 733 cu·-

57 786 80 806 ,‚
97 757 219 794 riosam
236 756 411 794 censuram
430 756 677 806 cumulumque
690 751 932 802 exemplorum
951 754 987 789 in
1003 750 1081 788 bre-

56 841 79 861 „
96 814 227 851 victem
242 811 339 849 vsum
356 813 505 849 coercui.
569 814 734 860 Praeterea
753 819 840 858 quae
854 809 990 845 Seruius
1008 809 1082 843 Ho-

57 896 81 915 „
95 864 232 904 notatus
250 895 261 913 ‚
290 879 376 917 quae
396 868 553 905 Donatus
570 868 608 914 in
619 861 799 912 Virgilium
818 875 856 900 ac
872 863 1083 900 Terentium

58 951 83 970 „
98 925 319 959 commentati
339 921 433 969 sum,
463 931 615 972 quaeque
631 917 848 968 Porphyrion
863 927 898 954 et
908 919 1029 955 Acron
1048 917 1083 953 in

59 1005 82 1024 „
96 978 282 1014 Horatium
298 1004 308 1021 ‚
344 990 432 1028 quae
460 975 626 1014 Asconius
653 972 817 1010 Pedianus
833 1003 843 1019 ,
869 973 1055 1010 Priscianus
1073 999 1084 1017 ,

58 1060 81 1079 „
97 1030 297 1068 Macrobius
314 1061 323 1077 ,
356 1033 399 1068 A.
415 1028 545 1068 Gellius
560 1027 738 1066 breuiores
761 1038 874 1066 tamen
898 1041 1002 1080 quam
1018 1026 1084 1064 suis
1109 1033 1112 1034 ’

59 1115 82 1134 „
97 1086 392 1135 congressionibus
421 1084 630 1133 disputarunt
647 1113 658 1130 ,
695 1095 782 1135 quae
805 1087 913 1121 Varro
931 1113 941 1130 ,
972 1082 1086 1119 Festus

58 1170 82 1189 „
98 1144 284 1190 Pompeius
300 1170 311 1187 ,
354 1141 486 1177 Nonius
507 1137 692 1176 Marcellus
724 1150 763 1175 ac
786 1142 862 1176 Iure
898 1136 1056 1176 Consulti
1076 1165 1087 1183 ,

63 1209 184 1247 „quae
207 1199 364 1234 Iouianus
377 1197 549 1232 Fontanus
573 1193 616 1231 de
638 1193 839 1242 aspiratione
865 1192 1088 1231 eruditissime

59 1280 84 1299 „
100 1250 223 1299 scriplit
241 1280 252 1299 ‚
279 1248 518 1300 Strabonisque
533 1257 567 1286 ct
588 1261 631 1285 cx
647 1248 718 1287 aliis
733 1247 888 1298 pluribus
910 1248 1007 1285 claris
1030 1259 1089 1284 au-

60 1334 83 1353 „
98 1305 250 1343 &oribus
264 1303 426 1342 nonnulla
442 1304 571 1353 digessi.
600 1333 623 1351 „
653 1321 656 1326 ·
684 1307 726 1341 Et
741 1316 785 1342 ex
802 1303 943 1354 epistola
966 1305 1001 1340 in
1018 1303 1089 1340 fine

62 1363 188 1410 operis.
251 1389 274 1408 ‚‚
298 1359 528 1408 Quorundam
550 1359 693 1397 auiditas
724 1371 814 1409 opus
837 1369 874 1396 vt
896 1358 1090 1396 festinarem

61 1442 84 1462 ‚‚
101 1417 231 1464 coegit,
257 1415 353 1466 quod
366 1415 530 1453 maturius
545 1415 646 1452 edere
660 1414 862 1464 cupiebam,
872 1424 909 1451 vt
925 1413 979 1451 vel
993 1412 1089 1450 lucu-

61 1499 86 1518 „
101 1469 244 1507 lentiore
266 1470 386 1507 ordine
421 1469 612 1517 digererem
628 1499 638 1517 ,
673 1479 731 1506 aut
752 1469 848 1520 plura
884 1482 928 1507 ex
955 1467 1065 1506 Plinio
1081 1496 1092 1514 ,

62 1552 85 1571 „
101 1525 260 1560 Vitruuio
276 1552 286 1572 ,
313 1523 504 1562 Columella
522 1553 532 1570 ,
571 1523 738 1563 Strabone
754 1555 765 1573 ,
799 1523 965 1562 Cornelio
990 1522 1093 1562 Celso

62 1606 85 1626 „
101 1576 240 1628 aliisque
257 1577 492 1628 compluribus
508 1577 730 1618 annefiterem
742 1611 753 1629 ‚
781 1592 867 1632 quae
883 1578 1018 1618 fortasse
1033 1591 1095 1628 per

61 1635 211 1682 „otium
249 1634 285 1670 in
325 1631 430 1672 breue
463 1634 668 1683 opusculum
696 1633 928 1673 conferemus.
1008 1633 1098 1672 Illud

62 1716 85 1735 „
100 1689 203 1726 etiam
220 1689 254 1725 in
270 1689 386 1726 animo
402 1688 450 1727 est
470 1689 514 1727 de
529 1692 624 1727 notis
648 1691 866 1743 quorundam
883 1690 1098 1728 Grammati-

62 1772 85 1790 ,‚
102 1755 224 1780 corum
233 1742 437 1792 opusculum
446 1745 631 1787 conficere.
650 1775 673 1794 ,‚
726 1745 924 1784 Austorem
939 1745 1097 1783 nostrum

62 1796 219 1847 plurimis
243 1796 398 1836 laudibus
426 1798 581 1837 extulere
601 1803 667 1839 viri
678 1802 832 1839 oeruditi.
896 1829 919 1847 „
935 1802 1097 1836 Iunianus

64 1881 88 1900 „
103 1853 218 1897 Maius
241 1852 515 1903 Parthenopaeus
535 1854 782 1903 Neapolitanus
808 1883 818 1900 ,
863 1855 916 1889 vir
945 1861 1039 1888 certe
1061 1853 1097 1887 in

63 1933 86 1949 ,‚
101 1906 325 1944 saecularibus
341 1907 445 1944 literis
461 1907 718 1945 studiosissimus
747 1916 782 1945 et
797 1908 934 1954 egregie
949 1904 1075 1941 doistus
1085 1931 1096 1948 ‚

64 1990 87 2009 „
101 1961 297 1998 diuinarum
313 1972 454 2011 quoque
468 1961 709 2008 scripturarum
729 1972 800 1995 non
817 1960 953 2005 ignarus
971 1984 982 2003 ‚
1016 1955 1096 1992 Phi-

66 2044 89 2063 „
105 2014 272 2064 losophus
287 2026 321 2051 et
339 2014 468 2049 Rhetor
484 2011 744 2059 celeberrimus,
769 2013 909 2057 ingenio
926 2010 1096 2060 praestans

64 2095 87 2117 ,‚
103 2078 138 2105 et
159 2068 268 2103 clarus
290 2067 440 2116 eloquio.
517 2065 650 2115 Scripsit
673 2065 842 2117 quaedam
871 2078 944 2103 non
975 2074 1096 2103 conte-

64 2150 88 2170 „
103 2118 418 2159 mnendalec'tionis
427 2119 605 2170 opuscula,
616 2119 741 2172 quibus
756 2122 965 2158 memoriam
975 2121 1024 2158 sui
1035 2133 1099 2170 po-

64 2205 88 2224 „
103 2176 198 2214 steris
221 2174 365 2227 reliquit.
395 2205 417 2222 „
474 2174 692 2214 Trirhemius.
747 2205 769 2224 „
793 2178 954 2213 Iunianus
979 2178 1095 2213 Maius

65 2259 88 2278 „
103 2242 342 2268 conterraneus
366 2243 462 2268 meus
476 2260 487 2278 ,
524 2233 575 2268 vir
590 2230 678 2269 bene
701 2230 853 2268 literatus
869 2260 879 2278 ,
914 2233 950 2268 in
973 2233 1097 2282 exqui-

66 2314 89 2334 „
102 2286 214 2323 rendis
239 2286 508 2339 adnotandisque
525 2285 712 2324 verborum
735 2296 769 2324 et
787 2287 1030 2324 sententiarum
1045 2288 1098 2323 vi-

67 2369 91 2388 „
105 2339 197 2378 ribus
220 2340 318 2378 multi
337 2340 434 2378 studii
451 2339 527 2378 fuit.
555 2371 579 2389 „
642 2339 809 2379 Alexand.
831 2338 873 2378 ab
891 2338 1098 2378 Alexandro.

67 2397 120 2433 Ex
136 2409 161 2432 M
174 2410 196 2432 A
210 2409 222 2432 1
236 2410 248 2432 1
266 2394 354 2433 libro
371 2395 558 2445 plurimum
574 2395 726 2446 profecit
743 2395 926 2449 Calepinus
941 2426 951 2443 ‚
980 2405 1017 2433 vt
1034 2398 1099 2433 viri

462 2450 592 2489 Floruit
601 2450 857 2491 autemAudtor
869 2451 983 2489 noster
993 2456 1099 2499 1480.

69 2515 104 2542 et
122 2507 227 2597 vliitam
247 2505 290 2543 ad
304 2496 514 2556 xproximum
535 2507 711 2548 saeculum
741 2507 955 2546 existimatur
987 2509 1101 2544 conti-

73 2571 140 2596 nua
167 2572 196 2597 e.

299 2642 368 2682 Ioh.
387 2644 588 2685 Reuchlinus
606 2676 618 2696 ‚
641 2646 717 2696 stuc
733 2649 868 2702 Capnio.

161 2723 412 2762 roiixffNis
439 2738 566 2764 iiiive
583 2740 607 2764 H
623 2731 733 2765 tini
759 2726 1021 2779 Breuiloquum,
1041 2726 1101 2764 seu

72 2774 326 2817 Ditstionarium
345 2781 508 2818 Latinum
524 2810 535 2829 ,
569 2782 692 2821 ordine
714 2782 932 2833 alphabetico
955 2781 1100 2831 singulas

73 2844 179 2870 voces
194 2835 329 2871 Latinas
353 2833 502 2873 breuiter
527 2837 703 2886 explicans
719 2867 729 2885 ,
763 2838 840 2876 sunt
858 2839 921 2889 qui
948 2837 1101 2887 impense

73 2886 207 2925 laudant
223 2917 234 2934 ,
259 2890 346 2927 inter
359 2898 449 2941 quos
467 2889 644 2938 Christian.
663 2895 834 2944 Daumius
851 2905 925 2943 cap.
942 2904 992 2931 22.
1024 2891 1102 2930 libri

75 2941 118 2980 de
134 2941 237 2981 causis
253 2943 442 2983 amissarum
458 2946 621 2984 radicum.
675 2949 726 2986 At
751 2944 837 2986 cum'
856 2961 878 2985 R
893 2961 912 2985 i·:
926 2961 950 2985 v
964 2962 982 2985 c
999 2962 1023 2986 H
1038 2963 1056 2985 L
1071 2963 1103 2985 1-

77 3009 102 3034 N
112 3008 132 3032 ν
142 3009 158 3033 s
182 2998 338 3036 nondum
353 2999 493 3039 stabilita
515 3010 574 3039 aut
589 3001 677 3041 bene
702 3002 906 3042 confirmata
921 3005 1102 3041 Latinitate

74 3049 331 3090 Distionarium
346 3054 443 3093 suum
461 3059 684 3096 concinnauit
699 3088 711 3106 ‚
750 3057 1053 3108 peregrina'niulta
1069 3068 1104 3096 et
1129 3085 1132 3089 ,

76 3103 340 3168 paene-barbara
357 3109 525 3150 vocabula
540 3111 606 3162 pr'o
622 3126 723 3151 more
740 3114 790 3162 a)
818 3113 1004 3151 admiscuit.
1061 3117 1104 3151 Et

74 3159 207 3198 idcirco
222 3189 232 3207 ,
262 3169 337 3199 tum
349 3173 462 3204 autem
478 3168 574 3218 quod
597 3168 792 3206 istiusmodi
817 3179 1014 3217 argumenta
1030 3167 1106 3206 lon-

77 3228 120 3278 ge
141 3217 277 3265 potiora
301 3217 461 3266 protulit,
479 3233 566 3272 quae
582 3223 695 3260 secuta
711 3224 760 3261 est
779 3222 968 3272 hominnm
989 3234 1078 3262 aetas
1097 3254 1107 3271 ,

77 3281 146 3308 lam
161 3269 220 3333 diu
240 3270 361 3309 desiuit
371 3272 426 3310 vel
442 3275 477 3310 in
492 3279 602 3324 pretio
612 3306 623 3323 ,
651 3281 764 3316 inimo
776 3291 882 3328 paene
898 3280 934 3316 in
946 3292 1107 3317 comme-

77 3335 275 3363 moratione
295 3326 371 3365 effe.
435 3329 546 3377 Operi
565 3331 626 3380 ipsi
641 3333 917 3371 Grammaticalia
941 3333 1108 3372 nonnulla

79 3388 113 3417 et
137 3379 415 3431 orthographica
447 3384 617 3434 praemisit
632 3415 645 3434 ,
681 3401 808 3439 nempe
833 3389 983 3427 Guarini
1010 3391 1108 3436 Vero-

1136 213 1197 239 nen
1210 214 1239 239 is
1256 201 1299 239 de
1314 200 1554 251 Diphthongis
1570 202 1757 242 scribendis
1773 199 1930 241 libellum
1949 216 1956 240 :
1986 200 2165 251 dialogum

1136 257 1181 295 de
1198 257 1286 294 Arte
1300 255 1487 306 punClandi
1504 269 1511 292 :
1546 256 1590 293 de
1607 260 1760 296 Accentu
1778 257 1957 296 tractatum
1973 287 1984 305 ,
2012 268 2075 294 etc.
2105 269 2165 293 cu*

1135 311 1290 349 iusmodi
1312 312 1416 349 etiam
1436 319 1539 348 notae
1564 320 1599 347 et
1620 309 1746 349 librum
1773 314 1885 362 ipsum
1906 312 1972 350 esse
1993 311 2168 361 comperi-

1136 379 1229 405 mus:
1255 366 1436 403 Profitetur
1451 364 1572 403 audior
1588 363 1622 401 iii
1636 365 1847 414 praefatione
1864 367 1924 405 sub
1939 370 2081 405 nomine
2091 368 2167 414 Ty-

1136 420 1307 471 pographi
1322 450 1332 468 ,
1363 447 1387 467 ,‚
1403 420 1474 458 hoc
1490 422 1645 470 inopere
1661 430 1731 456 tam
1745 421 1965 470 Theologiae
1991 420 2169 459 vniuersae

1138 503 1160 524 ‚‚
1179 487 1282 527 quam
1299 477 1384 512 Iuris
1399 477 1577 526 Vtriusque
1598 484 1877 525 caeterarumque
1892 474 2092 514 facultatum
2107 488 2170 512 vo-

1139 561 1161 579 „
1177 529 1295 568 cabula
1313 542 1385 567 non
1401 529 1468 567 fine
1489 529 1611 567 lucidis
1628 529 1967 578 interpretationibus
1991 531 2055 568 esse
2072 542 2170 579 repe-

1141 615 1162 633 „
1177 585 1313 632 rienda,
1336 583 1514 622 obseruata
1530 597 1654 622 eorum
1672 583 1919 633 orthographia
1935 594 1969 620 et
1983 585 2172 632 diphthmi-
2204 606 2214 617 ν

1143 671 1167 690 ‚,
1180 653 1308 689 gorum
1330 642 1461 677 ratione
1482 650 1517 677 et
1539 648 1745 677 accentuum
1770 641 1902 676 ratione
1926 641 1961 674 in
1978 638 2173 687 penultimis

1143 725 1166 743 ,‚
1182 694 1321 745 syllabis.
1358 723 1381 742 „
1444 697 1582 732 quenis
1606 694 1799 732 admodum
1829 693 1902 730 hoc
1925 693 2177 730 Onomassicon

1145 750 1364 799 composuit,
1392 758 1426 786 et
1442 748 1532 801 quasi
1548 751 1714 799 primitias
1731 748 1925 786 studiorum
1942 747 2020 786 orbi
2038 747 2176 784 erudito

1146 805 1285 844 obtulit.
1341 834 1363 851 „
1378 805 1514 842 Eodem
1530 814 1690 853 tempore
1717 803 1779 851 (sc.
1798 804 1919 851 1480.)
1946 806 2076 840 Fratres
2091 802 2178 838 Am-

1148 891 1170 911 „
1185 859 1363 899 berbachii
1388 860 1575 897 officinam
1601 858 1910 909 Typographicam
1934 858 2151 895 instituerunt
2168 882 2182 901 ‚

1149 947 1172 965 ,‚
1185 917 1246 967 qui
1263 929 1344 953 cum
1360 914 1537 953 desiderari
1553 915 1707 953 viderent
1717 916 1880 951 Latinum
1894 913 2160 950 Onomasticum
2170 939 2182 957 ‚

1149 1002 1172 1020 „
1190 973 1326 1020 Capnio
1342 969 1468 1007 librum
1483 969 1643 1019 collegit,
1670 972 1727 1007 cui
1743 969 1862 1006 titulus
1881 969 1927 1006 est
1936 966 2180 1016 BreuiloquuS,

1149 1057 1172 1074 „
1186 1028 1246 1076 qui
1261 1026 1344 1062 hinc
1362 1038 1442 1062 cum
1470 1025 1627 1062 nondum
1647 1024 1810 1062 meliores
1827 1021 1903 1060 libri
1921 1025 1956 1059 in
1970 1022 2041 1060 hoc
2057 1032 2183 1069 genere

1151 1110 1173 1128 ‚,
1188 1079 1396 1118 haberentur
1429 1090 1464 1117 et
1491 1083 1663 1130 expetitus
1700 1081 1747 1117 cst
1782 1089 1816 1117 ct
1843 1078 1960 1116 studiis
1988 1075 2130 1126 profuit.
2159 1103 2184 1122 „

1152 1135 1321 1175 Melchior
1338 1134 1488 1173 Adamas
1516 1138 1551 1172 in
1578 1138 1637 1173 vit.
1665 1135 1856 1187 Capnionis.
1911 1133 2042 1170 Prodiit
2064 1130 2123 1168 hic
2145 1129 2186 1166 li-

1153 1191 1215 1229 ber
1231 1191 1408 1240 impressus
1419 1190 1509 1228 Basil.
1526 1185 1616 1240 apud
1627 1187 1842 1229 Amberbach.
1858 1194 1960 1236 1480.
1977 1190 2012 1224 in
2028 1185 2089 1224 fol.
2113 1197 2188 1222 non

1154 1247 1246 1296 apud
1261 1245 1389 1284 ‘fratres
1405 1243 1663 1283 Amherbachios
1678 1275 1688 1293 ,
1716 1255 1752 1283 vt
1770 1242 1920 1281 Adamas
1934 1273 1944 1290 ,
1976 1241 2034 1279 sed
2054 1250 2188 1291 patrem

1155 1299 1444 1340 Amberbachium.
1490 1303 1598 1338 Natus
1615 1298 1653 1350 b)
1669 1301 1715 1338 est
1733 1313 1746 1336 1
1760 1313 1782 1336 o
1796 1313 1819 1336 H
1831 1313 1852 1335 A
1863 1312 1888 1336 N
1900 1312 1924 1335 N
1938 1310 1980 1335 i-:s
1998 1311 2017 1333 c
2033 1311 2052 1333 A
2068 1309 2086 1333 r
2098 1308 2123 1332 N
2135 1309 2148 1331 1
2161 1307 2185 1330 o

1155 1356 1242 1407 (siue
1251 1358 1460 1394 Germanice
1477 1358 1587 1395 mauis
1597 1353 1759 1393 Reuchlin
1775 1355 1811 1403 c)
1831 1356 1969 1391 natione
1978 1354 2189 1394 Germanus,

1156 1413 1267 1450 domo
1283 1409 1502 1458 Phorcenfis,
1530 1411 1684 1449 honestis
1700 1406 1914 1459 parentibus,
1943 1410 2048 1444 Anno
2063 1405 2193 1443 Christi

1156 1479 1257 1517 1454.
1279 1467 1312 1504 d.
1339 1472 1395 1511 28.
1415 1466 1600 1504 Decembr.
1626 1464 1798 1502 Hebraice
1813 1494 1823 1511 ‚
1852 1465 1987 1501 Graece
2012 1471 2047 1498 et
2069 1461 2194 1498 Latine

1158 1525 1312 1573 apprime
1326 1520 1452 1560 dotstus
1467 1551 1477 1568 ,
1510 1533 1698 1573 earumque
1714 1519 1888 1557 literarum
1904 1516 2104 1570 felicissimis
2129 1526 2192 1551 au-

1160 1579 1273 1628 spiciis
1298 1579 1430 1627 primus
1455 1578 1490 1614 in
1515 1578 1698 1614 Germania
1720 1575 1932 1613 instaurator.
1988 1601 2012 1620 ‚,
2029 1572 2196 1621 Egregius

1161 1663 1183 1683 ,‚
1198 1633 1254 1671 ille
1271 1632 1440 1683 trilinguiS
1456 1633 1660 1670 eruditionis
1683 1630 1841 1681 phoenix
1858 1627 2019 1666 Iohannes
2035 1623 2193 1667 Reuchli-

1158 1719 1183 1737 ,‚
1199 1702 1270 1727 nus.
1298 1718 1321 1736 ,‚
1378 1688 1506 1736 Erqsin.
1532 1687 1554 1726 l.
1571 1701 1600 1724 c.
1638 1689 1787 1724 Romam
1811 1683 1927 1722 missus
1951 1682 1992 1720 ab
2017 1681 2091 1719 aula
2105 1679 2197 1718 Pala-

1162 1747 1231 1782 tina
1249 1747 1398 1790 Legatus
1412 1769 1423 1787 ,
1452 1738 1596 1776 Abdiam
1611 1740 1778 1775 Iudaeum
1792 1741 1827 1774 in
1841 1736 2026 1774 HebraICis
2041 1765 2051 1783 ,
2082 1738 2197 1788 Argy-

1161 1795 1312 1848 ropylum
1329 1797 1506 1832 Graecum
1527 1795 1563 1830 in
1577 1794 1721 1830 Graecis
1739 1791 1887 1828 studiose
1912 1791 2045 1827 audiuit
2066 1788 2197 1838 praele-

1162 1859 1290 1898 gentes.
1346 1849 1412 1885 Vbi
1431 1847 1601 1895 cupidum
1619 1847 1653 1882 se
1671 1846 1896 1894 profitentem
1913 1846 2067 1880 Graecae
2081 1843 2197 1879 erudi-

1160 1904 1267 1939 tionis
1282 1930 1293 1947 ,
1320 1903 1507 1948 interrogat
1523 1898 1776 1954 Argyropylus,
1793 1900 1888 1935 cuias
1910 1896 1970 1935 fit:
2005 1906 2198 1934 narrantem

1160 1955 1194 1992 se
1220 1955 1285 1992 effe
1312 1957 1531 1994 Germanum
1558 1985 1569 2003 ,
1614 1964 1648 1992 et
1670 1956 1884 1992 Graecarum
1906 1954 2101 1991 Literarum
2125 1965 2199 1989 non

1160 2010 1312 2047 omnino
1340 2020 1518 2060 expertem
1536 2039 1546 2059 ,
1581 2008 1679 2048 iubet
1696 2008 1920 2059 Thucydidis
1941 2006 2199 2058 portiunculam

1160 2064 1250 2114 legat
1266 2075 1301 2102 et
1317 2067 1568 2116 interpretetur.
1632 2068 1750 2116 Qiam
1766 2078 1849 2102 cum
1863 2062 1920 2100 ille
1944 2073 1978 2100 et
1991 2062 2133 2100 honesta
2150 2062 2199 2100 sa-

1162 2122 1207 2157 tis
1223 2123 1513 2169 pronunciatione
1535 2122 1717 2167 recitauit,
1753 2129 1787 2158 et
1802 2121 1960 2158 oratione
1981 2128 2056 2167 apta
2080 2127 2114 2155 et
2131 2117 2200 2155 ele-

1162 2177 1258 2224 ganti
1279 2176 1429 2214 reddidit
1446 2206 1457 2224 ,
1490 2175 1540 2214 ibi
1554 2179 1736 2214 exterritus
1755 2172 1989 2229 Argyropylus
2006 2172 2175 2210 exclamat
2190 2203 2202 2221 ‚

1163 2232 1318 2269 Graecia
1360 2230 1467 2278 nostro
1502 2231 1605 2269 exilio
1643 2229 1874 2269 traniuolauit
1908 2227 2018 2282 Alpes.
2107 2230 2205 2266 Vixit

1167 2300 1188 2323 R
1204 2300 1223 2323 E
1236 2300 1258 2323 v
1270 2300 1289 2324 c
1303 2300 1328 2324 H
1342 2300 1360 2323 L
1374 2301 1387 2323 1
1400 2300 1425 2324 N
1440 2299 1463 2324 v
1476 2301 1492 2325 s
1525 2287 1617 2337 apud
1645 2287 1802 2324 summos
1827 2286 1921 2322 viros
1943 2285 2094 2322 maxima
2120 2297 2204 2322 cum

1162 2343 1267 2391 gratia
1285 2370 1295 2388 ‚
1328 2342 1419 2391 apud
1443 2341 1596 2380 literatos
1616 2342 1752 2379 summa
1778 2354 1860 2378 cum
1883 2339 1995 2377 laude.
2060 2338 2206 2381 Illorum

1164 2397 1357 2446 grauissima
1380 2399 1519 2446 negotia
1551 2397 1804 2447 expeditiffimc
1826 2393 1939 2432 obiuit
1953 2423 1963 2441 ,
1996 2393 2130 2431 horum
2155 2392 2206 2431 fa-

1164 2464 1259 2489 mam
1278 2461 1313 2488 et
1329 2453 1619 2490 existimationem
1633 2451 1824 2489 felicissime
1839 2451 2023 2499 promouit
2039 2462 2046 2486 :
2075 2452 2113 2487 111
2128 2452 2204 2487 lure

1164 2505 1400 2545 Bodioratum
1414 2509 1543 2546 meruit
1559 2517 1595 2545 et
1620 2507 1761 2545 deceffit
1777 2503 1947 2543 Professor
1964 2502 2205 2552 Tubingensis.

1165 2564 1294 2600 Notior
1312 2563 1359 2600 est
1370 2562 1503 2612 paullo,
1531 2562 1656 2610 credo,
1684 2574 1787 2613 quam
1805 2570 1842 2598 vt
1859 2559 1918 2597 hic
1936 2558 2091 2609 pluribus
2109 2572 2207 2597 com-

1163 2630 1382 2665 memorem,
1409 2617 1552 2655 cele-bris
1568 2617 1623 2655 illa
1643 2618 1843 2662 contentio,
1860 2627 1966 2666 quarn
1986 2627 2066 2652 cum
2082 2617 2209 2652 Mona-

1164 2672 1240 2710 chis
1257 2672 1526 2710 Coloniensibus
1551 2675 1775 2723 maximeque
1802 2668 1916 2708 Iacobo
1930 2667 2130 2716 Hochstrato
2153 2672 2208 2707 In-

1165 2726 1329 2779 quifitore
1357 2730 1514 2766 exercuit
1538 2741 1559 2765 R
1573 2741 1593 2765 13
1607 2742 1631 2765 v
1646 2742 1665 2764 c
1680 2741 1704 2764 H
1718 2740 1736 2764 1.
1754 2741 1767 2764 1
1783 2740 1807 2763 Ν
1822 2740 1847 2763 v
1860 2738 1888 2763 s.
1952 2727 2035 2762 Non
2058 2724 2119 2762 alia
2141 2723 2208 2768 fuit

1166 2782 1344 2821 simultatis
1361 2785 1464 2832 origo
1482 2813 1492 2831 ,
1523 2796 1627 2835 quam
1647 2782 1744 2834 quod
1761 2781 1969 2819 Iudaeorum
1985 2779 2095 2817 libros
2111 2780 2209 2817 vndi-

1167 2851 1236 2890 que
1251 2837 1464 2890 conquisitos
1480 2839 1689 2887 argutissime
1719 2847 1753 2875 et
1768 2838 1918 2886 grauiter
1933 2834 2065 2884 scriptis
2080 2847 2098 2872 a
2111 2835 2209 2879 flam:

1166 2906 1223 2931 ma
1238 2903 1273 2931 et
1292 2896 1531 2931 internecione
1546 2894 1746 2931 vindicaui't.
1801 2894 1965 2940 Quorum
1984 2891 2054 2937 igni
2072 2889 2210 2937 traden-

1168 2949 1296 2987 dorum
1311 2948 1441 2987 nebulo
1463 2948 1667 2987 vaferrimus
1695 2948 1857 2997 (nomine
1873 2942 2122 2995 Pfi’ffi’rltorn)
2150 2944 2210 2982 au-

1167 3003 1245 3042 ‹stor
1260 3014 1349 3051 erat,
1377 3014 1488 3052 ratus,
1516 3004 1552 3042 id
1567 3004 1664 3055 quod
1679 3014 1733 3040 res
1752 3011 1825 3039 erat
1841 3031 1852 3049 ,
1886 2998 1963 3037 fore
1981 3008 2017 3037 vt
2041 3000 2100 3037 ista
2123 3011 2208 3048 gens

1166 3072 1295 3108 magno
1319 3062 1433 3110 pretio
1460 3061 1557 3097 istam
1585 3057 1753 3096 iacturam
1780 3057 1975 3094 redimeret.
2051 3053 2211 3092 Iudaismi

1169 3114 1360 3164 postulatur
1383 3129 1401 3152 c
1418 3130 1439 3152 A
1456 3129 1472 3152 P
1488 3129 1513 3152 Ν
1527 3129 1540 3151 1
1554 3128 1577 3151 o
1596 3128 1603 3151 :
1640 3126 1762 3162 magna
1779 3124 1858 3149 cum
1880 3110 2107 3147 contentione
2130 3122 2212 3147 cum

1169 3170 1378 3220 scriptorum
1392 3179 1468 3207 tum
1485 3171 1604 3208 iudicii
1621 3182 1675 3207 res
1691 3171 1801 3217 agitur
1822 3179 1829 3202 :
1857 3167 2072 3203 Prouocatur
2085 3165 2129 3215 ad
2140 3167 2211 3202 Ro-

1172 3237 1266 3262 mam
1289 3254 1300 3272 ,
1344 3224 1386 3262 ad
1414 3226 1620 3262 Academias
1662 3235 1723 3272 per
1750 3224 1928 3269 Europam
1962 3219 2212 3258 celeberrimas.

1171 3283 1295 3332 Neque
1321 3282 1415 3329 prius
1441 3282 1560 3331 vtique
1583 3276 1747 3316 residebat
1781 3277 1909 3313 irarum
1939 3275 2074 3323 aestus,
2109 3287 2214 3326 quam

1172 3334 1434 3373 Monachorum
1454 3334 1587 3372 fulmen
1604 3337 1638 3370 in
1657 3329 1842 3369 Luthermn
1869 3339 1954 3367 tunc
1978 3333 2147 3379 temporis
2163 3331 2216 3367 in-

1176 3390 1425 3428 clarescentem
1447 3388 1704 3428 defleetebatuiz
1767 3384 1890 3423 Multis
1909 3385 2113 3434 grauissimis
2132 3384 2217 3422 scri-

1278 3459 1302 3495 g

2151 3439 2223 3490 ptis

118 3514 147 3544 ί)
167 3531 186 3546 u
201 3512 306 3551 Capnio
319 3513 364 3561 2:5¹}
375 3523 486 3551 magnus
499 3537 508 3550 ,
528 3515 572 3545 sed
586 3518 675 3546 oratio
688 3517 792 3549 redolet
805 3519 881 3549 suum
893 3518 1029 3565 >speculum
1044 3521 1130 3550 adhuc
1144 3522 1282 3551 horridius
1295 3521 1507 3562 impolitiusque.
1527 3542 1545 3556 ‚‚
1593 3519 1704 3557 Erqfim'
1724 3517 1854 3547 iudicium
1875 3515 1908 3545 de
1922 3516 2060 3551 Caflm'Om·
2125 3515 2154 3550 ὖ)
2174 3518 2221 3545 Vl·

132 3592 145 3608 .
158 3558 214 3598 *ξω
226 3552 363 3600 R‘f‘d’ljm
376 3553 429 3583 fine
445 3555 586 3595 Capnionis
598 3557 758 3596 descripsere
772 3559 900 3589 Melchior'
911 3560 1030 3590 Adamas
1050 3564 1080 3590 in
1096 3564 1163 3591 Vitis
1176 3565 1375 3591 Germanorum
1392 3561 1634 3601 Philosophorum,
1653 3568 1680 3589 et
1694 3569 1782 3596 nuper
1798 3560 1833 3588 Io.
1849 3558 1929 3586 Heitr.
1948 3557 2044 3585 ataias.
2084 3557 2146 3585 Eius
2159 3556 2220 3586 Elo-

159 3601 234 3628 grum
245 3591 388 3640 videi-nter
402 3595 493 3643 {Elegia
511 3597 540 3628 P.
558 3600 632 3627 Ionii.
676 3599 794 3628 Mor-tetii
811 3621 820 3635 ‚
841 3601 894 3628 siue
910 3623 919 3636 ,
939 3609 968 3631 vt
980 3602 1035 3642 ipse
1050 3610 1128 3632 vocat
1141 3625 1150 3638 ³
1163 3604 1304 3633 ⁴-gm33fflw
1324 3602 1450 3639 singulari
1464 3603 1578 3630 traelatu
1598 3608 1691 3629 narrat
1707 3598 1834 3636 Erasinus
1848 3599 1920 3626 inter
1932 3596 2079 3634 Colloquia
2092 3607 2100 3629 3
2129 3599 2220 3631 Dein.

159 3632 329 3669 comparabili
344 3633 548 3666 heroa-“lohanne
561 3638 704 3668 Reucblino
719 3641 748 3667 iu
764 3639 1051 3672 Diuorum'm'mwrwn
1064 3644 1159 3673 rtlm.
1226 3641 1250 3678 ἓ)
1270 3647 1332 3674 Mos
1354 3652 1410 3672 erat
1428 3644 1468 3670 isti
1482 3640 1588 3670 saeculo
1603 3663 1612 3676 ,
1640 3649 1669 3670 vt
1685 3651 1737 3680 pro
1759 3639 1899 3667 literarum
1919 3644 1977 3664 tum
1996 3635 2220 3676 repullulantium

162 3681 256 3717 n-more
274 3673 444 3704 vermiculare
459 3687 557 3706 nomen
572 3681 623 3707 viri
641 3679 742 3709 literati
757 3682 858 3708 Graece
878 3678 922 3721 ees
931 3684 1025 3712 Latine
1045 3685 1236 3722 exprimerent.
1284 3687 1325 3713 Ita
1340 3685 1474 3712 Iohannes
1492 3681 1719 3721 oecolampadius
1734 3703 1743 3715 ,
1773 3676 1917 3707 vernacule
1933 3677 2010 3706 Hank
2028 3676 2140 3714 Schein;
2161 3679 2220 3706 Phi-

162 3708 249 3752 hPPffi
263 3712 454 3766 Melanehthon
468 3738 478 3750 ‚
499 3719 657 3749 Germanice
675 3720 886 3754 Schwnri'ar‘sh
910 3713 1044 3752 iohannes
1062 3726 1203 3763 Oporinos
1217 3747 1226 3760 ‚
1250 3726 1330 3754 Hank
1342 3723 1478 3761 Hubster,
1499 3720 1644 3751 serini-idum
1667 3721 1736 3750 illud
1749 3717 1882 3748 Martialis
1899 3739 1910 3753 ,

266 3759 299 3806 x⁴
351 3761 377 3788 Si
396 3760 472 3790 daret
486 3765 635 3793 Autumnus
654 3766 722 3793 mihi
743 3776 842 3794 nomen
858 3760 1018 3806 ‚¹'Oiroo91v35
1041 3769 1120 3798 essem
1136 3781 1145 3801 t
1554 3759 1556 3762 >

274 3801 289 3811 '⁴
307 3805 310 3810 ¹
432 3803 552 3832 Horrida
571 3805 588 3832 fi
603 3807 716 3834 Briimae
736 3807 819 3835 sidera
835 3829 844 3842 ,
871 3808 1015 3850 Χεμρμνός.

164 3843 197 3872 Et
211 3841 357 3874 Gulielmius
368 3846 520 3885 xylander,
542 3851 697 3882 liblkmmm.
740 3856 780 3882 Ita
795 3855 927 3883 Gerardus
939 3876 950 3890 ,
967 3858 1030 3898 quia
1042 3867 1143 3886 nomen
1159 3857 1227 3886 istud
1245 3857 1351 3894 Belgiae
1363 3855 1466 3895 aliquid
1480 3837 1579 3885 habeat
1594 3852 1791 3884 necessitudinis
1804 3858 1866 3880 cnm
1875 3846 2221 3890 Dqfiderarstaiinorum.

163 3882 375 3931 postea-literatis
387 3888 506 3935 innotuit
519 3890 568 3919 sub
580 3895 690 3920 nomine
709 3892 842 3934 Desidersi
854 3917 863 3930 ‚
885 3903 912 3923 et
926 3916 937 3929 ,
957 3896 1030 3936 quod
1042 3897 1116 3926 idem
1131 3900 1231 3928 Graece
1243 3898 1321 3928 sonat
1336 3918 1346 3933 ,
1368 3898 1481 3935 Emsmi.
1529 3897 1632 3926 Noster
1646 3893 1804 3924 Remhlmus
1817 3893 1952 3920 Graecum
1971 3901 2073 3920 nomen
2085 3892 2114 3918 in
2128 3890 2221 3918 Italica

142 3959 149 3962 ..
163 3933 378 3962 peregrinatione
398 3927 509 3968 suscepit
532 3930 799 3963 hortatu-Hermoni
815 3937 934 3966 Barbari.
1079 3935 1082 3937 ’
1109 3935 1118 3942 “
1973 3946 1977 3949 ⁶

35 3636 61 3647 tn

1129 3961 1144 3973 U

568 4077 591 4101 X
