2474 4182
83 470 243 496 tribuerim.

79 2331 118 2349 ne
131 2331 172 2349 res
185 2323 215 2349 in
228 2320 434 2348 controuersiam
441 2320 552 2347 addue'ta
561 2319 597 2346 est
611 2321 620 2346 3

73 3749 176 3779 wionis,
196 3745 262 3782 quod
266 3745 381 3785 form-[ee
389 3747 447 3774 illas
459 3750 584 3774 imitatur.

456 94 746 136 CON

93 189 135 214 ria
165 187 288 219 tollatur,
310 185 441 212 beneflcio
470 184 570 211 iniuria
584 185 594 209 3
630 182 698 209 Illud
732 181 803 207 enim
827 179 907 207 video
931 181 957 208 in
984 181 1047 209 foro
1066 182 1135 209 fieri.

95 224 184 257 Regna
197 228 240 249 aut
253 222 362 253 iisdem,
392 221 488 256 quibus
510 220 657 250 ademerat,
675 216 809 248 reddidit,
829 224 873 243 aut
895 217 1050 252 alienigenis
1075 227 1135 244 con-

94 259 189 285 tribuit
218 258 287 284 Suet.
302 258 368 291 Aug.
383 267 403 283 c.
417 261 459 289 48.
564 252 740 280 Contribuere
763 252 867 279 laudem
893 253 974 279 alicui
1005 254 1061 279 Cic.
1087 261 1136 287 pro

95 294 189 321 Milon.
203 297 239 323 83.
344 293 476 319 inorum
490 295 592 325 gentem
606 287 739 314 subactam
754 288 921 314 Susianorum
935 290 1068 323 Satrapiae
1075 298 1136 314 con-

94 328 190 355 tribuit
211 329 284 354 Curt.
299 336 322 361 ς,
335 337 358 361 3,
374 332 409 354 16.

94 372 137 390 tur
148 363 275 397 praedic‘ti
291 364 401 390 colores.
508 361 574 387 Plin.
587 367 617 390 32
627 377 634 390 ‚
654 367 672 391 4
699 359 746 385 Sed
767 359 816 385 hoc
834 360 925 385 vtilius
938 360 973 385 cst
988 361 1058 386 vitae
1073 368 1134 386 con-

93 398 192 425 tributa
205 398 302 425 habere
318 398 443 426 remedia.
549 394 680 420 Columel.
694 403 718 426 2,
733 404 757 427 9:
774 403 802 429 17
822 396 895 421 Inter
908 395 1041 422 frumenta
1054 395 1135 421 ctiam

92 435 217 469 panicum
231 441 256 461 ct
270 435 375 461 milium
389 431 507 468 ponenda
520 430 595 462 sunt,
617 431 736 464 quamuis
750 440 803 457 iam
824 430 1003 465 leguminibus
1024 440 1053 457 ca
1073 439 1135 456 con-

348 469 385 496 Id.
400 477 464 501 9,11,
474 475 483 492 1
502 465 680 492 Contribuere
689 465 750 492 duas
759 466 895 493 alueoruin
905 466 992 500 plebes
1006 466 1033 491 in
1042 475 1134 496 vnum,

92 506 122 531 de
136 506 231 540 apibus.
312 506 370 532 Viti
383 502 572 532 adminiculum
598 501 636 527 ld.
652 510 674 533 3,
689 510 711 534 ς,
725 506 746 531 8.

92 542 200 568 neribus
219 541 316 575 species
348 540 386 567 Id.
400 548 423 569 2,
439 546 466 568 2,
480 545 501 562 2.
609 537 790 563 Contribuere
817 537 845 563 in
875 545 969 570 regna,
989 540 1007 562 i.
1024 536 1134 562 dtus'dcre

346 572 558 602 Contribuuntur
572 572 600 599 in
613 581 671 599 eam
685 581 759 599 oram
772 572 893 599 Icositani
909 572 947 598 ld.
962 581 989 605 3,
1002 581 1024 605 3.
1102 573 1134 598 L'e

740 609 799 634 Liu.
814 614 850 639 38,
865 618 876 640 3
894 607 1010 642 Epirotis
1025 606 1136 634 Ambra-

1063 644 1135 670 Con-

91 113 166 140 1221

92 577 247 638 Cbiiir'ibingti
262 608 454 646 Megarenfibus
477 608 541 634 Plin.
555 618 581 640 4,
597 616 623 643 7.

93 648 161 673 ciam
175 647 293 681 placebat
307 644 429 681 aggredi,
449 653 516 678 quae
531 651 587 670 tum
601 643 783 670 contribuerat
797 645 822 670 sc
838 645 948 670 Aetolis.

91 683 210 709 tribuere
235 690 323 709 omnes
342 680 610 711 sideicommiflarios,
630 679 700 714 quasi
723 680 842 714 aequales
867 680 972 714 leian.
994 678 1021 705 in
1036 678 1052 704 l.
1073 678 1136 714 quia
1156 696 1166 714 t
1198 677 1255 704 Scn.
1269 678 1377 712 sip-115.

90 724 180 744 autem
207 719 238 744 D.
260 718 278 744 si
297 717 355 751 quis
380 716 464 742 omiss.
582 718 701 742 Declarat
714 715 760 741 hoc
776 717 842 741 locus
856 716 914 741 Seu.
930 715 962 741 de
976 715 1065 741 Benef.
1081 716 1108 747 6,
1123 721 1136 747 ς

90 753 159 780 modo
173 753 278 780 laudato.
369 751 548 779 Contribuere
563 751 761 777 fideicommissa
775 750 844 785 quasi
861 756 1004 785 exaequata
1023 750 1135 777 Ibidem.

91 789 266 816 contribuere
279 789 371 814 onmia
391 787 586 822 Tryphoninus
599 787 627 813 in
641 787 657 812 l.
672 786 689 812 li
703 795 767 812 vcro
782 788 812 813 l).
826 786 856 812 dc
871 786 950 812 milit.
966 786 1064 813 testam.

130 830 305 852 ΟΟΝΤΚΙΒ
317 830 434 856 V'rvs,
454 832 484 855 a,
503 832 557 849 um.
577 824 645 849 Part.
682 822 837 848 Contributi
855 821 1051 856 Megarensibus
1069 821 1136 848 Plin.

91 869 120 894 4,
133 868 159 895 7.
193 860 345 894 Simpliciter
376 863 415 885 ita
447 859 564 886 dicuntur
592 858 664 884 Caes.
679 858 707 884 B.
721 859 749 884 C.
766 866 784 890 1,
800 860 842 884 60.
863 861 908 893 qul
922 867 995 883 unam
1008 860 1136 884 ciuitatem
1156 866 1192 886 20
1202 856 1274 882 trudi
1288 856 1446 890 imperarat,
1468 856 1614 888 intellexit,
1633 864 1679 884 etc.

90 893 242 929 constituunt
250 915 259 927 ‚
285 898 343 921 licet
358 894 460 928 diuersis
473 896 533 920 locis
551 894 670 921 habitent.

123 937 229 958 CONT
243 938 305 957 11113
316 938 335 957 v
346 938 367 957 T
378 938 385 957 1
397 938 433 962 o,
451 930 519 956 onis.
539 929 559 955 f.
596 929 700 955 Paullus
720 928 747 954 in
768 928 784 954 l.
806 937 814 954 1
839 929 870 955 D.
891 928 922 954 ad
938 929 988 962 leg.
1002 928 1088 954 Rhod.
1102 927 1134 954 de

89 965 174 998 iaetu,
194 967 263 1001 Lege
280 966 384 993 Rhodia
399 973 522 997 cauetur,
543 971 571 991 vt
586 964 603 991 si
620 963 746 991 leuandae
760 964 835 989 nauis
854 964 952 998 gratia,
971 964 1053 990 iafms
1067 973 1135 990 mer-

89 1000 160 1028 cium
174 1002 257 1028 sacius
272 1002 323 1035 est,
342 1000 675 1029 onmiumcontributione
689 999 827 1030 sarciatur,
848 999 919 1034 quod
941 1009 990 1034 pro
1011 1000 1136 1026 omnibus

89 1037 179 1065 datum
192 1037 236 1063 est.

87 1072 119 1099 de
134 1073 279 1100 Veteranis.

126 1116 143 1137 C
155 1117 174 1136 O
186 1115 206 1134 N
216 1115 238 1136 T
247 1116 264 1135 R
274 1116 283 1135 1
293 1115 309 1136 Β
317 1116 337 1135 V
347 1114 368 1134 T
377 1115 399 1135 Α
420 1109 487 1135 Iulia
496 1129 503 1141 ‚
524 1109 655 1135 Rama-iae
669 1106 783 1142 oppidum
796 1105 828 1140 est
841 1110 868 1132 in
881 1105 966 1133 traHu
982 1106 1081 1138 Celtico,
1095 1108 1138 1141 qui

88 1143 122 1178 1st
136 1148 202 1171 inter
215 1146 310 1172 Baetim
323 1151 346 1170 et
357 1144 545 1180 Ananfluuios.
581 1140 679 1170 Auc'ior
692 1142 758 1169 Plin.
779 1151 800 1174 3,
817 1151 835 1168 1.

126 1188 142 1208 c
152 1188 171 1207 O
181 1187 200 1205 N
210 1187 231 1208 T
240 1187 257 1207 R
268 1188 276 1206 1
286 1188 298 1207 S
308 1187 329 1207 Τ
337 1186 357 1207 Ο
365 1199 374 1212 ,
403 1184 456 1206 Ere.
494 1179 679 1213 [καταλυηέω]
720 1178 829 1210 Tristem
849 1177 956 1204 reddere.
992 1177 1135 1216 Meraphor.

90 1216 223 1244 Columcl.
237 1224 259 1249 ς,
272 1224 288 1249 9
309 1216 510 1250 Nonnunquam
535 1216 614 1247 etiam
634 1214 662 1240 in
686 1213 744 1240 olea
765 1223 832 1239 vnus
849 1221 935 1239 ramus
955 1218 1065 1238 caeteris
1089 1213 1135 1239 ali-
1149 1224 1182 1248 30
1200 1218 1317 1238 muntur.

90 1260 191 1288 quanto
204 1251 239 1278 est
259 1252 372 1278 laetior:
409 1260 489 1287 quein
513 1250 562 1277 nili
584 1250 726 1281 recidens,
747 1255 800 1276 tota
821 1248 901 1275 arbor
927 1248 1136 1281 contristabitur,

89 1289 115 1316 h.
129 1303 148 1314 e.
167 1289 234 1315 Male
246 1286 377 1322 officietur.
485 1287 579 1313 Auster
612 1285 747 1312 contristat
779 1285 879 1311 caelum
913 1284 1016 1318 frigore
1040 1284 1134 1318 pluuio

90 1325 165 1359 Virg.
179 1325 275 1357 Georg.
301 1332 322 1355 3,
336 1330 397 1358 279.
502 1322 675 1349 Contristauit
702 1320 764 1347 haec
783 1320 908 1346 sententia
923 1319 1034 1346 Balbum
1061 1320 1133 1347 Cael.

91 1361 148 1387 Cic.
162 1365 184 1392 8,
197 1368 223 1393 9.
328 1359 465 1385 Inuersmn
480 1358 615 1385 contristat
626 1357 748 1391 aquarius
762 1365 860 1382 annum
880 1356 948 1382 Hor.
963 1356 1014 1382 Sat.
1030 1364 1049 1387 1,
1063 1365 1081 1387 1,
1095 1358 1134 1388 36.

91 1396 209 1431 luppiter
221 1395 322 1422 moesto
336 1394 472 1421 contristat
484 1394 566 1421 sidera
580 1394 655 1420 vultu
674 1391 760 1418 Valcr.
775 1392 872 1424 Argon.
887 1393 947 1417 622.

126 1439 144 1459 C
152 1440 172 1458 o
181 1438 202 1458 N
211 1439 232 1459 'r
240 1438 258 1458 R
269 1439 278 1457 1
289 1438 301 1457 s
312 1437 333 1457 Τ
342 1437 362 1457 Α
370 1438 392 1457 Τ
402 1438 422 1456 v
433 1437 444 1455 s
453 1450 461 1462 ,
501 1439 515 1456 a
524 1450 532 1462 ‚
571 1438 623 1456 um.
658 1426 749 1453 Partic.
786 1426 940 1452 Exhilarare
970 1426 1136 1453 contristatos

91 1467 157 1495 Plin.
173 1475 210 1501 35,
226 1476 262 1502 17.
358 1466 469 1501 Expauit
499 1472 525 1491 et
557 1463 680 1490 extimuit
700 1467 726 1488 et
744 1462 896 1488 contristata
916 1461 951 1488 est
969 1462 1088 1489 Tertull.
1103 1461 1135 1488 de

90 1504 242 1538 Praescript.
258 1512 280 1529 c.
295 1510 340 1537 49.
444 1502 511 1535 Apes
536 1499 636 1526 iniuria
655 1497 823 1524 contristatae
855 1497 985 1525 Columel.
1006 1506 1033 1532 9,
1047 1506 1088 1531 14,
1103 1505 1135 1524 11.

89 1539 157 1566 Add.
171 1544 193 1571 ε,
207 1544 234 1570 ⁸,
246 1549 273 1573 4.

516 323 646 352 Columel.
662 330 718 355 2‚2‚
730 330 754 354 ις
775 325 879 357 Qubus
894 324 949 350 scre
961 324 1135 351 contribuun-
1160 333 1174 358 ς

345 1037 582 1069 Contributiones,
606 1045 672 1071 quae
694 1036 723 1062 in
744 1035 938 1071 poss'essionibus
957 1035 1024 1061 tiunt
1041 1035 1060 1060 l.
1077 1045 1096 1068 4
1108 1034 1134 1060 ff.
1153 1042 1186 1068 25
1198 1033 1266 1059 ciam
1280 1034 1484 1068 susceperint,vt
1499 1035 1527 1061 in
1542 1035 1647 1061 balneas
1662 1036 1890 1064 contruderentur.

1605 101 1882 144 CON

2160 126 2250 155 1222

1235 188 1372 230 conrii
1386 189 1653 222 oveas-wsms,
1674 199 1697 217 e.
1734 190 1795 217 Adi.
1825 191 1916 219 Sidon.
1933 196 2008 229 Epist.
2026 207 2053 233 7,
2071 208 2096 233 9.
2136 207 2159 227 et
2173 206 2186 232 8
2218 210 2249 229 11.

1219 253 1221 255 Ι
1241 223 1258 243 c
1270 224 1315 244 oa.
1327 226 1347 245 T
1358 226 1375 245 R
1388 225 1408 245 o
1419 226 1464 246 ve
1474 229 1490 247 κ
1500 230 1512 247 s
1524 231 1531 247 1
1544 230 1577 249 M.
1607 226 1674 252 Adu.
1712 227 1787 261 Apul.
1803 227 1880 261 Apol.
1895 237 1918 261 p.
1933 235 1985 261 336.
2193 222 2202 235 ³

1238 258 1650 293 CONTRovrizsidsvs,
1669 270 1698 294 a,
1718 271 1772 288 um.
1793 262 1852 288 Adi.
1889 263 2144 304 [ἀμφισβητήσιμος]
2179 272 2249 299 Mem

1203 288 1270 348 {uod
1285 289 1467 325 Controuerfies.
1504 292 1565 318 Liu.
1580 303 1590 325 3
1606 303 1669 322 extr.
1691 298 1779 329 Qtem
1793 298 1864 324 enim
1878 297 1928 324 hoc
1940 301 2057 333 priuatae
2071 306 2111 330 rei
2130 306 2248 333 mdicem

1216 324 1304 356 eciffe,
1326 331 1354 350 vt
1368 325 1416 352 sibi
1437 329 1672 358 controuersiosam
1693 333 1854 360 adiudicaret
1872 336 1954 361 rein?
1989 337 2030 362 Sic
2064 342 2136 365 etiam
2169 343 2249 369 Grau.

1200 359 1244 384 Al.
1260 360 1474 388 Controuersam.

1227 429 1232 433 .
1240 401 1256 420 C
1265 401 1284 420 O
1293 402 1314 421 N
1323 403 1344 422 T
1354 404 1371 422 R
1381 404 1399 423 O
1410 405 1430 423 v
1439 404 1455 424 E
1463 405 1482 424 R
1493 404 1506 423 S
1517 404 1537 424 O
1546 404 1565 437 R
1573 418 1582 430 ,
1619 401 1665 427 firi.
1709 403 1810 437 Depon.
1849 404 1861 437 [
1873 404 2054 438 ἐμφισβητέω]
2091 409 2244 438 &mendara

1201 429 1257 455 Cic.
1273 439 1300 455 in
1315 431 1416 466 Protag.
1431 440 1470 468 ap.
1488 434 1611 472 Priscian.
1625 441 1638 465 8
1650 446 1675 469 p.
1690 442 1734 469 803
1757 439 1836 465 Nunc
1849 449 1863 465 a
1879 441 1957 466 vobis
1972 441 1988 467 ὀ
2001 443 2143 476 Protagora
2164 451 2189 471 ct
2202 448 2247 473 So-

1200 471 1282 490 crates
1296 467 1417 500 postulo,
1435 474 1463 494 vt
1478 468 1510 494 de
1526 468 1575 494 isto
1590 471 1738 498 concedatis
1753 474 1818 500 alter
1832 475 1921 506 alteri,
1940 477 2042 503 etinter
2050 487 2097 503 vos
2113 478 2144 504 de
2159 479 2247 507 huius-

863 501 1077 528 Contribuuntur
1091 511 1134 535 ge·-
1154 517 1184 535 10
1201 500 1275 526 modi
1289 510 1342 526 non
1356 504 1612 536 controuersemini,
1631 514 1685 532 non
1699 510 1867 535 cont-erretis:
1888 512 1962 547 Cous.
1971 513 2059 539 Sidon.
2070 514 2148 547 Epist.
2158 524 2213 548 4,1.

1219 570 1224 575 ¹
1238 541 1256 561 C
1269 542 1287 562 O
1299 543 1320 561 N
1332 544 1379 563 ΤΗ
1388 545 1409 564 V
1418 546 1434 565 C
1444 541 1457 565 1'
1466 545 1485 564 D
1496 546 1515 565 O
1524 559 1533 571 ,
1551 543 1603 565 sire.
1640 541 1825 578 [κατακόπτω]
1862 546 1945 581 Auget
1965 551 2014 573 vim
2035 550 2160 584 ,Simplicis
2174 551 2249 576 'rru-

1202 570 1305 610 crdare,
1324 571 1348 597 h.
1361 582 1380 598 c.
1395 573 1572 609 Cumsacuitia
1581 579 1713 610 perimere.
1749 580 1804 604 Cir.
1819 589 1868 613 pro
1882 582 1949 607 Sext.
1965 590 1999 615 79
2018 593 2038 609 c.
2052 593 2084 619 37
2115 586 2137 610 A
2151 586 2249 619 quibus

1201 606 1243 632 hic
1259 606 1349 646 miiltls
1362 609 1518 636 vulneribus
1532 611 1644 646 acceptis
1654 631 1662 643 ,
1682 621 1710 637 ac
1724 613 1863 641 debilitato
1874 610 2001 651 corpore,
2021 626 2046 645 ct
2054 621 2239 648 contrucidato

1200 642 1225 667 se
1238 641 1336 668 abiecit
1370 645 1542 671 exanimatus.
1649 647 1807 675 Taurorum
1827 651 1916 683 opima
1937 662 2046 687 corpora
2067 641 2249 684 contrucidari

1484 680 1625 715 Adspicere
1638 683 1741 718 plebem
1755 685 1868 711 innuisti)
1882 687 1967 713 milite
1980 691 2186 718 contrucidatam
2205 692 2246 719 Id.

1200 712 1231 739 de
1244 714 1286 739 Ira
1300 721 1320 745 1,
1337 722 1359 740 2.
1467 715 1536 741 Suet.
1546 717 1659 751 caligo.
1669 724 1695 749 28
1715 719 1804 752 Misit,
1823 721 1871 754 qui
1880 723 2015 750 vniucrsos
2026 728 2245 754 contrucidarent.

1201 748 1409 784 Qtff..Terttnll.
1425 749 1486 776 adu.
1501 751 1583 777 Marc.
1599 761 1621 784 ς,
1635 761 1669 786 15.

1238 786 1481 818 CONTRVDO,
1505 785 1541 817 fi,
1569 787 1640 821 sum,
1667 791 1720 815 erc.

1195 822 1301 856 pingere
1361 820 1408 846 Cic
1431 822 1499 847 Verr
1523 827 1536 853 ς
1561 823 1596 847 66
1609 831 1621 847 c
1645 831 1655 841 ο
1757 790 1903 826 [cambia]
1940 794 2020 821 Simul
2049 796 2165 829 trudere,
2184 807 2248 824 mm*

1303 840 1310 847 .
1412 841 1416 846 .
1501 840 1508 847 .
1538 840 1546 853 ‚
1624 842 1630 847 .
1644 842 1655 848 -

1658 831 1674 857 7
1701 825 1732 851 Et
1751 826 1822 860 quod
1844 828 1936 853 eodem
1950 836 2065 857 caeteros
2078 833 2173 865 piratas
2187 843 2247 860 con-

1785 862 1912 888 Latrones
1926 864 1958 890 ad
1971 865 2100 892 latebrosa
2114 870 2249 896 montium

1705 929 1710 933 .
1814 898 1956 925 (ontrusus
1971 902 2006 926 cst
2020 902 2047 926 in
2062 902 2172 929 insulam
2186 905 2248 931 Dal-

1514 965 1519 968 .
1634 929 1740 963 Raptim
1754 933 1911 959 contrudere
1925 944 2019 970 corpus
2035 938 2063 962 in
2078 939 2172 964 flumen
2195 941 2248 966 Lu—

1324 999 1328 1002 .
1386 999 1390 1002 ἡ
1489 964 1545 990 Cic.
1560 972 1609 1004 pro
1618 964 1729 1004 Cael.-63
1748 965 1797 991 Sed
1811 975 1864 992 non
1878 969 1982 1002 dubito,
1998 972 2062 1005 quin
2076 973 2123 999 sint
2143 984 2248 1010 pergra-

1200 1006 1263 1029 ves,
1283 1006 1331 1032 qui
1350 1007 1468 1033 primum
1489 999 1538 1026 sint
1560 1000 1620 1026 talis
1634 1000 1750 1026 femmae
1762 1000 1925 1029 familiares:
1960 1005 2054 1033 deinde
2067 1017 2124 1034 eam
2139 1012 2249 1043 prouin-

1988 1042 2118 1070 Contrudi
2133 1046 2160 1070 in
2174 1047 2249 1073 dolia

1873 1074 1906 1100 In
1918 1083 2001 1100 vnum
2020 1079 2175 1106 contrudere
2197 1082 2248 1107 Lu-

1201 891 1258 916 saxa
1273 892 1458 918 contruserunt
1477 892 1610 918 Ammian.
1624 900 1669 928 27,
1683 901 1722 919 20.

1199 926 1296 952 mariae
1309 928 1376 954 ans
1399 927 1437 954 id.
1451 936 1494 961 22,
1507 936 1530 960 3.

1199 968 1262 988 crct.
1277 971 1306 995 4,
1321 970 1379 995 423.

1198 1068 1275 1103 plena
1288 1069 1462 1096 vinaceorum
1487 1070 1573 1098 Varro
1590 1071 1622 1097 de
1635 1072 1666 1098 R.
1680 1072 1711 1097 R.
1725 1080 1745 1104 1,
1760 1079 1801 1106 54.

1197 1110 1259 1131 cret.
1275 1106 1307 1136 6,
1320 1114 1376 1132 210.

1239 1147 1256 1167 c
1266 1147 1284 1167 o
1296 1147 1318 1166 N
1329 1147 1350 1166 T
1361 1148 1380 1166 R
1390 1141 1410 1167 s*
1419 1148 1432 1167 s
1442 1149 1463 1167 v
1473 1148 1485 1167 s
1494 1162 1503 1175 ,
1521 1151 1536 1168 a
1544 1162 1552 1174 ,
1571 1151 1626 1168 um.
1652 1143 1745 1169 Partic.
1782 1143 1990 1179 [συγωθισμέιυς]
2031 1147 2083 1179 Vt,
2109 1148 2211 1176 Lucrct.
2223 1153 2253 1183 6,

1204 1183 1256 1210 734
1276 1175 1316 1202 Ad
1329 1176 1396 1203 altos
1410 1177 1526 1211 denique
1540 1184 1642 1204 montes
1678 1179 1822 1206 Contrusae
1835 1179 1918 1207 nubes
1933 1188 2080 1216 coguntur,
2100 1184 2182 1218 vique
2195 1194 2250 1218 pre-

1413 1213 1455 1240 Sec
1469 1214 1588 1248 Corpora
1608 1214 1685 1240 Lucr.
1700 1217 1727 1247 6,
1740 1223 1802 1247 1251.

1238 1253 1256 1274 C
1267 1254 1286 1274 O
1295 1256 1315 1275 N
1325 1255 1346 1274 T
1356 1254 1375 1274 R
1385 1254 1407 1274 V
1419 1256 1440 1275 N
1452 1254 1468 1274 C
1481 1255 1499 1275 Ο
1508 1270 1516 1281 ,
1535 1254 1587 1276 are.
1625 1249 1692 1276 idem
1713 1251 1777 1286 quod
1795 1257 1873 1277 totum
1897 1252 2026 1279 Truncare
2039 1259 2064 1279 et
2081 1257 2253 1282 comminuere.

1199 1283 1281 1310 Plaut.
1295 1283 1374 1310 Stich.
1388 1293 1417 1317 4,
1434 1293 1454 1317 ¹,
1466 1289 1499 1316 48
1515 1285 1584 1311 Dum
1597 1285 1722 1320 equidem
1736 1286 1824 1313 hercle
1845 1287 1918 1322 quod
1940 1287 2031 1319 edant,
2047 1289 2141 1322 addas,
2161 1299 2253 1317 meum.

1201 1329 1234 1345 ne
1248 1326 1420 1346 contruncent
1435 1320 1533 1347 cibum.
1553 1324 1571 1347 i.
1586 1331 1614 1347 ne
1628 1324 1787 1348 imminuant.
1893 1323 1973 1357 Apul.
1987 1325 2052 1351 Met.
2076 1333 2087 1351 1
2107 1335 2131 1360 p.
2150 1334 2208 1359 103,
2223 1336 2252 1359 35

1199 1356 1268 1382 Dum
1281 1356 1403 1390 polentae
1416 1357 1529 1383 caseatae
1541 1356 1651 1383 offulam
1666 1357 1769 1384 medico
1782 1357 1966 1392 grandiorem,
1983 1360 2011 1386 in
2024 1369 2150 1388 conuiuas
2162 1371 2251 1388 aemu-

1168 1399 1180 1424 ς
1199 1391 1240 1416 lus
1254 1399 1427 1418 contruncare
1446 1392 1587 1428 (conficere
1602 1399 1625 1419 et
1639 1392 1779 1433 deuorare)
1800 1393 1898 1427 gestio,
1919 1395 2035 1422 mollitie
2053 1396 2108 1423 cibi
2126 1397 2251 1431 glutinosi

1198 1426 1319 1453 faucibus
1335 1427 1497 1454 inhaerentis
1532 1444 1578 1448 ——
1613 1437 1729 1455 nnmmo
1741 1430 1828 1455 minus
1843 1429 1944 1456 interii.
2040 1433 2081 1459 Sic
2100 1434 2164 1460 Met.
2186 1442 2202 1466 9
2224 1443 2250 1468 p.

1199 1469 1256 1493 222,
1264 1469 1296 1496 37
1315 1461 1344 1488 de
1351 1462 1427 1495 asinis
1435 1463 1641 1490 contruncabant
1648 1465 1730 1490 moles
1738 1464 1880 1498 palearum.
1888 1466 1934 1492 Sed
1941 1467 2057 1493 Inermes
2067 1473 2092 1493 et
2098 1468 2251 1496 obsistentes

1197 1504 1438 1524 contruncauerunt
1456 1499 1592 1533 Lamprid.
1606 1500 1682 1526 Alex.
1697 1503 1765 1526 c.61.
1784 1503 1802 1526 i.
1815 1500 2008 1533 obtruncarunt,
2023 1504 2213 1538 isztcijecerzmt.

1236 1538 1253 1559 C
1265 1539 1283 1559 Ο
1296 1539 1318 1558 N
1330 1540 1350 1560 T
1360 1540 1380 1558 V
1390 1540 1430 1559 BE
1440 1540 1459 1559 R
1468 1540 1489 1558 N
1501 1542 1510 1560 1
1518 1541 1588 1566 VM,
1610 1535 1628 1560 i.
1651 1544 1677 1561 n.
1714 1534 1877 1568 [ἇΙασσ-κηνιόι,
1896 1538 2007 1566 συσκηνίω
2015 1554 2023 1567 ,
2035 1540 2165 1573 κοινὸβισν]
2196 1542 2250 1567 Ta*

125 1580 169 1601 Co
180 1581 201 1600 N
213 1580 259 1600 Ti<
271 1581 280 1599 1
290 1577 455 1604 sTA'rzo,
475 1570 541 1597 onis.
562 1570 582 1597 f.
619 1569 740 1599 Tertull.
755 1569 816 1597 adu.
829 1570 913 1597 Marc.
925 1578 952 1603 2,
967 1578 998 1597 11.
1035 1575 1088 1603 εις,
1100 1577 1135 1597 12.
1145 1582 1181 1608 40
1198 1569 1285 1595 hernae
1293 1569 1318 1604 s.
1334 1569 1489 1595 tabernaculi
1495 1570 1621 1605 societas,
1642 1568 1720 1605 estque
1749 1574 1832 1605 ropric
1844 1572 1959 1598 militum.
1998 1574 2088 1607 Veget.
2104 1583 2127 1606 2,
2142 1583 2166 1607 13
2183 1576 2251 1603 Rur-

88 1613 119 1637 it.
133 1610 165 1636 de
179 1609 268 1636 Pudic.
288 1617 310 1633 c.
326 1615 351 1642 7.

124 1650 281 1672 (τοΝτκι
295 1649 383 1675 'r1o‚
403 1642 457 1669 vid.
478 1648 683 1670 CONTERO.

121 1686 138 1706 c
147 1687 166 1707 ο
175 1687 197 1706 N
207 1687 228 1707 'r
241 1686 260 1705 R
270 1686 289 1706 o
297 1685 319 1703 V
327 1685 344 1705 E
353 1686 372 1705 R
382 1685 402 1704 Τ
410 1685 429 1705 o
440 1684 460 1703 R
471 1698 480 1711 ‚
499 1678 530 1704 ti.
567 1677 618 1712 Effe
632 1681 658 1704 in
672 1676 837 1711 controuersia
871 1677 1007 1704 Iustinian.
1022 1677 1054 1703 de
1067 1676 1133 1704 Cod.

87 1712 318 1751 confirm.Ep.2§.
328 1722 347 1740 1.
386 1715 459 1740 Hanc
472 1723 553 1740 vocem
567 1714 689 1749 improbat
706 1713 801 1748 lsoffius
816 1713 844 1738 de
855 1713 884 1739 L.
894 1713 924 1740 L.
933 1722 962 1746 4,
977 1723 1003 1746 4.
1040 1712 1088 1740 Sed

124 1759 141 1779 c
151 1759 170 1779 o
179 1759 200 1778 N
210 1759 231 1778 T
243 1758 260 1777 R
273 1759 292 1778 o
303 1757 341 1776 vu
351 1756 370 1775 R
380 1757 392 1776 s
403 1757 421 1776 v
432 1757 444 1776 s
453 1769 462 1782 ,
478 1758 508 1785 a,
529 1758 582 1776 um.
620 1749 680 1776 Adi.
719 1744 956 1783 [οἷμφισβητήσιμσς
970 1749 983 1782 ]
1019 1750 1057 1775 De
1085 1756 1131 1784 quo
1141 1763 1177 1790 45

86 1786 252 1821 controuetfia
265 1784 313 1819 ist,
335 1785 399 1821 quod
411 1788 437 1811 in
452 1784 640 1819 controuersiam
653 1787 732 1811 venit.
769 1784 825 1810 Cic.
842 1793 890 1818 pro
904 1785 1024 1811 Muraen.
1038 1786 1073 1810 26
1091 1785 1135 1810 Et-

86 1825 141 1851 iam
154 1823 353 1850 controuersum
368 1821 409 1847 ius
423 1821 493 1847 nosse
505 1827 530 1847 et
547 1820 659 1847 traetare
674 1820 789 1847 videare.
897 1820 948 1846 Res
961 1820 1134 1847 controuersa

87 1869 113 1887 et
146 1860 223 1895 plena
253 1857 414 1884 dissensionis
447 1857 517 1883 inter
548 1856 640 1883 do&os
679 1857 735 1883 Cic.
762 1856 793 1882 de
814 1855 906 1889 Legib.
933 1865 960 1889 1,
985 1865 1015 1889 52
1039 1865 1061 1882 c.
1087 1864 1131 1882 20.

87 1897 128 1924 Sic
141 1897 197 1922 Cic.
210 1895 242 1921 dc
255 1893 324 1921 Clar.
339 1893 414 1919 Orat.
429 1895 465 1927 46
478 1902 499 1919 c.
515 1900 543 1919 12
568 1892 649 1925 Qiod
669 1893 729 1918 esset
741 1897 816 1918 acuta
835 1891 881 1918 illa
893 1900 970 1926 gens,
989 1898 1015 1918 et
1028 1897 1134 1918 contro-

85 1933 160 1959 versa
175 1937 282 1963 natura,
302 1933 321 1956 i.
342 1929 377 1956 ad
388 1928 562 1965 disputandum
569 1929 693 1963 prou-linis
706 1938 714 1952 :
749 1930 804 1964 agit
819 1926 846 1953 de
860 1928 957 1954 Siculis.

85 1969 179 1995 Diuin.
194 1977 217 2000 2,
233 1976 281 2001 104
293 1973 354 1999 c.30
373 1965 496 1992 Tantum
519 1965 557 1991 sat
581 1963 617 1990 est
637 1963 768 1998 intelligi,
788 1963 890 1989 sumere
910 1963 973 1990 istos
987 1972 1035 1998 pro
1048 1969 1132 1998 certo,

86 2005 158 2040 quod
171 2002 545 2035 dubiumcontrouersumque
553 2000 593 2027 fit.
789 1996 810 2036 ff
829 2007 845 2025 2
880 1999 1018 2026 Litoribus
1026 2000 1131 2034 Cypriis

85 2038 206 2074 contigui
217 2037 386 2072 nauigabaut,
400 2045 467 2071 quae
482 2036 597 2063 Isauriae
615 2034 727 2069 scopulis
739 2034 797 2060 sunt
809 2036 978 2062 controuersa
996 2036 1130 2062 Anunian.

88 2083 129 2108 14,
143 2083 162 2108 ς.
181 2077 199 2101 ι’.
220 2083 248 2100 cx
268 2072 369 2106 aduerso
382 2072 457 2107 Jita;
493 2071 540 2106 nist
555 2074 642 2108 potius
655 2073 702 2106 leg.
719 2072 902 2105 contrauersa,
911 2071 979 2106 ficut
990 2078 1031 2108 ap.
1048 2071 1130 2099 Solin.

87 2119 108 2138 t.
117 2118 151 2145 27
157 2117 198 2146 pr.
207 2116 230 2136 et
236 2118 257 2135 c.
266 2117 293 2141 32
306 2111 416 2141 restituit
430 2108 530 2144 Salmas

121 2152 167 2174 co
179 2152 198 2170 N
208 2152 230 2172 T
239 2152 257 2171 R
266 2152 286 2172 o
295 2151 315 2170 v
323 2151 340 2170 E
348 2151 367 2170 R
376 2150 388 2169 s
397 2151 436 2171 1A
445 2164 454 2176 ,
470 2152 509 2170 ae.
531 2143 551 2169 f.
577 2141 805 2178 [ἐμφισβήτημα]
839 2142 954 2177 Quaestio
966 2145 1131 2179 litigantium,

87 2187 112 2208 et
136 2184 266 2208 contentio.
301 2179 382 2206 Plaut.
402 2179 468 2205 Rud.
495 2188 519 2211 3,
532 2178 567 2211 3,
581 2180 618 2211 46
643 2178 745 2211 Apage,
766 2178 944 2203 controuersia
956 2178 1001 2203 est.
1071 2177 1130 2204 Cic.

87 2218 166 2244 Verr.
179 2225 196 2243 2
210 2225 231 2242 c.
247 2221 272 2245 18
291 2215 373 2241 Cuius
387 2214 570 2245 haereditatis,
589 2222 673 2248 quum
691 2212 738 2238 ille
755 2211 893 2247 aliquanto
913 2218 972 2240 ante
984 2218 1010 2240 te
1025 2213 1130 2239 Praeto-

85 2261 143 2278 rem
172 2252 231 2277 esset
247 2257 382 2283 mortuus,
409 2248 588 2276 controuersia
606 2249 694 2275 fuerat
714 2247 796 2274 nulla.
868 2248 959 2275 Abesse
971 2258 987 2275 a
1001 2249 1130 2276 ciuilibus

83 2285 269 2314 controuersiis
306 2286 353 2312 Cic
356 2305 538 2312 .....

637 2350 642 2354 .
691 2318 768 2346 Alere
783 2318 884 2348 diutius
905 2320 1127 2347 Caessssellfiall.

86 2365 113 2393 7,
129 2367 167 2391 32.
237 2356 404 2383 Constituere
430 2357 485 2382 Cic.
505 2355 538 2382 de
557 2355 731 2388 Orat.''1‚143.
800 2355 919 2382 Deducta
932 2356 1015 2383 herba
1027 2357 1056 2382 in
1067 2364 1129 2393 con-

83 2393 239 2420 trouersiam
251 2392 412 2419 inuentionis
430 2392 496 2418 Plin.
511 2399 552 2425 23,
564 2401 591 2425 4.
646 2390 741 2416 Dicere
757 2390 890 2424 Quinem.
904 2401 930 2424 9,
944 2400 967 2423 2,
981 2397 1025 2424 77.
1082 2390 1128 2429 Di-

84 2429 203 2456 iudicare
224 2428 280 2455 Cic.
295 2437 343 2462 pro
353 2427 458 2455 Caecin.
472 2436 515 2462 49.
585 2426 720 2452 Dirimere
739 2426 777 2452 Id.
785 2427 838 2453 Off.
847 2436 868 2458 3,
883 2434 923 2458 119
936 2435 958 2451 c.
973 2434 1008 2457 33.
1081 2425 1128 2451 Di-

84 2465 199 2496 strahere
219 2464 288 2490 Suet.
301 2464 372 2490 Caes.
389 2468 425 2495 85.
495 2463 597 2488 Ducere
610 2461 713 2496 aliquid
727 2462 756 2487 in
775 2461 906 2493 Qiineiil.
919 2469 942 2492 3,
955 2465 977 2490 8.

83 2501 117 2528 ad
131 2502 228 2527 Heren.
245 2508 262 2531 1,
278 2506 307 2533 17
326 2497 494 2525 Interfec‘iam
508 2499 557 2524 esse
570 2504 682 2524 matrem
693 2496 725 2522 ab
739 2496 832 2522 Oreste
846 2496 971 2522 conuenit
983 2495 1053 2522 mihi
1067 2505 1127 2524 cum

82 2535 256 2567 aduersariis,
275 2534 335 2561 iure
361 2534 525 2560 interfecerit
547 2539 573 2558 et
590 2531 731 2558 licueritne
754 2531 856 2563 facere,
876 2531 904 2558 id
926 2532 966 2558 Est
981 2532 1009 2558 in
1022 2539 1127 2559 contro-

80 2571 173 2598 versia.
267 2570 324 2597 Cic.
337 2569 370 2595 de
383 2570 441 2595 Fin.
456 2577 480 2599 2,
489 2573 516 2600 38
536 2567 616 2601 Qod
629 2576 661 2593 eo
675 2567 804 2602 liquidius
818 2567 911 2600 faciet,
932 2567 950 2594 si
963 2569 1126 2603 perspexerit

80 2615 171 2635 rerum
189 2605 260 2632 inter
280 2614 338 2637 eas,
356 2603 536 2631 verborumne
550 2604 589 2629 Sit
601 2602 789 2629 controuersia.
896 2603 977 2630 Plaut.
993 2604 1083 2631 Aulul.
1099 2613 1125 2636 2,

81 2651 108 2675 2,
123 2637 150 2675 8}
170 2641 254 2669 Nulla
279 2639 458 2667 controuersia
475 2639 543 2666 mihi
562 2645 648 2665 tecum
660 2639 727 2665 Erit.

80 2677 151 2705 mihi
165 2684 251 2704 tecum
264 2684 348 2711 neque
362 2675 395 2701 de
413 2684 531 2708 annona,
552 2683 639 2709 neque
657 2674 689 2700 de
709 2674 893 2702 aestimatione
915 2681 960 2702 tua
978 2676 1061 2710 potest
1073 2676 1126 2702 Esse

82 2711 278 2745 controuersia,
301 2711 366 2747 quid
379 2711 450 2738 sedes
464 2712 474 2738 3
577 2710 619 2737 Est
644 2710 713 2737 mihi
743 2719 804 2736 cum
836 2710 885 2737 illo
913 2712 954 2738 rei
983 2711 1125 2739 familiaris

81 2751 138 2777 Cic.
153 2758 203 2786 pro
217 2749 292 2776 Rosc.
306 2749 394 2774 Amet.
408 2756 429 2774 e.
443 2756 479 2780 31.
550 2746 591 2773 Est
611 2746 642 2773 de
655 2756 683 2773 re
697 2746 826 2773 familiari
864 2746 903 2774 Id.
918 2756 967 2782 pro
980 2748 1085 2774 Cluent.
1102 2757 1125 2774 c.

82 2791 119 2817 18.
234 2784 276 2812 Est
290 2783 359 2811 inter
372 2792 417 2810 eos
430 2783 458 2809 in
470 2792 503 2810 eo
516 2782 708 2814 controuersia,
726 2788 814 2809 vtrum
836 2783 892 2810 Cic.
906 2784 938 2810 de
950 2784 1025 2810 Orat.
1035 2792 1075 2810 ec.
1084 2789 1123 2814 82.

1148 2122 1177 2148 55
1194 2109 1239 2143 lig.
1254 2119 1275 2135 c.
1292 2119 1330 2136 10.

609 2284 650 2310 ld.
662 2283 694 2310 de
709 2284 784 2310 Orat.
801 2292 821 2315 1,
834 2289 873 2316 183
887 2293 908 2310 c.
917 2293 953 2318 40
971 2284 1127 2312 Mediocris·
1138 2296 1174 2320 50

1187 2319 1304 2355 pisis-ini.

1742 1607 1825 1633 iuisae
1844 1607 1903 1633 sunt
1919 1618 1924 1633 t
1959 1613 1989 1634 vt
2008 1609 2098 1636 decem
2115 1611 2252 1638 militibus

1199 1606 1239 1631 sus
1256 1605 1326 1639 ipsae
1339 1605 1474 1631 centuriae
1489 1606 1516 1631 in
1530 1606 1706 1633 contubernia

1160 1643 1162 1645 ’
1198 1640 1245 1667 sub
1259 1650 1314 1667 vno
1327 1641 1463 1675 papilione
1477 1640 1633 1676 degentibus
1649 1651 1717 1668 vnus
1735 1643 1860 1677 praeesset
1877 1643 2004 1677 decanus,
2026 1645 2073 1679 qui
2094 1652 2171 1681 caput
2189 1656 2250 1674 con-

1197 1676 1317 1703 tubernii
1331 1677 1495 1704 nominatur.
1566 1679 1616 1704 Pro
1635 1677 1695 1713 ipsis
1708 1677 1815 1714 proinde
1834 1680 2002 1705 tabernaculis
2020 1688 2064 1706 aut
2079 1683 2251 1717 papilionibus

1190 1713 1278 1748 posuit
1313 1713 1402 1739 Festus
1417 1732 1425 1745 ,
1461 1712 1678 1739 contubernium
1712 1713 1812 1740 dicitur
1836 1714 2077 1742 Contubernalium
2106 1718 2251 1745 habitatio.

1197 1750 1270 1775 Caes.
1284 1749 1348 1775 Bell.
1362 1748 1445 1775 Ciuil.
1462 1757 1484 1780 3,
1498 1751 1533 1783 76
1557 1749 1687 1783 Depositis
1701 1749 1730 1775 in
1743 1749 1921 1777 contubernio
1935 1752 2031 1785 armis,
2050 1752 2150 1780 vallum
2165 1755 2249 1780 relin-

1198 1784 1322 1819 quebant.
1426 1784 1496 1811 Add.
1510 1783 1546 1810 ib.
1561 1793 1587 1817 2,
1601 1793 1643 1817 29.
1761 1785 1896 1820 Stipendia
1907 1787 1995 1821 prima
2007 1789 2035 1814 in
2053 1787 2113 1815 Asia
2131 1790 2196 1816 fecit
2209 1790 2250 1818 M.

1198 1819 1316 1846 Thermi
1330 1820 1459 1855 praetoris
1474 1820 1652 1847 contubernio
1673 1821 1742 1847 Suet.
1757 1822 1830 1848 Caes.
1846 1831 1866 1848 c.
1878 1831 1900 1848 2.
2017 1824 2169 1852 Admoucre
2188 1835 2252 1853 con—

1198 1855 1326 1883 tubernio
1353 1856 1423 1883 Suet.
1437 1855 1506 1883 Tib.
1522 1865 1542 1882 c.
1559 1864 1597 1890 14.
1706 1858 1757 1883 Hic
1769 1864 1793 1883 et
1805 1859 1870 1884 alias
1886 1857 2110 1894 contubernium,
2130 1860 2164 1894 ψ
2177 1862 2253 1888 coha-

1198 1893 1288 1919 bitatio
1299 1912 1308 1926 ,
1329 1889 1459 1919 conuictus
1472 1899 1495 1918 et
1502 1892 1628 1928 sodalitas
1642 1895 1714 1919 stiam
1727 1899 1799 1919 extra
1813 1895 1938 1920 militiam.
1975 1895 2016 1922 Sic
2026 1896 2132 1923 Sueton.
2142 1898 2208 1931 Aug.
2217 1902 2253 1931 89

1028 1928 1084 1955 Cic.
1099 1927 1132 1954 de
1142 1944 1174 1970 50
1197 1928 1322 1963 Sphaeri,
1352 1929 1416 1956 Arei
1436 1927 1609 1965 Philosophi,
1632 1928 1806 1964 filiorumque
1825 1929 1882 1956 eius
1907 1930 2028 1963 Dionysii
2055 1938 2081 1958 et
2105 1933 2250 1960 Nicanoris

1194 1966 1408 1993 Contubernium
1423 1966 1494 1993 iniit.
1566 1965 1612 1994 Ad
1623 1966 1733 1992 militare
1746 1972 1826 1991 autem
1838 1965 1903 1992 illud
1914 1966 2003 1993 alludit
2017 1967 2073 1995 Cic.
2088 1970 2164 1995 Verr.
2174 1978 2196 2001 ς,
2205 1977 2250 2001 103

1195 2010 1217 2028 c.
1231 2011 1268 2034 40
1286 2002 1341 2029 Vbi
1355 2002 1422 2029 illud
1436 2002 1645 2029 contubernium
1665 1999 1805 2027 muliebris
1825 2001 1940 2029 militiae
1962 2002 1990 2028 in
2003 2003 2053 2030 illo
2067 2003 2252 2031 delicatissimo

1194 2037 1276 2064 litore
1289 2039 1298 2064 3
1368 2039 1434 2065 Plin.
1450 2038 1528 2073 Epist.
1543 2047 1567 2071 3,
1583 2047 1595 2071 3
1623 2037 1716 2065 Adhuc
1729 2036 1816 2064 filium
1827 2037 1959 2072 pueritiae
1977 2039 2048 2065 ratio
2069 2039 2138 2065 intra
2157 2046 2250 2066 contu-

1194 2073 1320 2100 bernium
1332 2079 1408 2101 tuum
1421 2074 1516 2101 tenuit.
1625 2073 1735 2106 Matris,
1753 2073 1880 2107 proauiae
1893 2072 2100 2100 contubernium
2121 2075 2190 2102 Suet.
2198 2076 2249 2102 Ca-

1446 2111 1561 2136 Inuitari
1576 2109 1605 2134 in
1619 2107 1824 2135 contubernium
1865 2108 1933 2135 Suet.
1948 2108 2033 2144 Calig.
2047 2118 2088 2137 22.
2196 2112 2250 2138 Re-

1194 2153 1304 2170 mouere
1320 2154 1333 2170 a
1349 2144 1526 2170 contubernio
1548 2144 1617 2169 Suet.
1630 2142 1700 2170 Tib.
1713 2152 1733 2169 c.
1746 2145 1786 2175 56.
1891 2143 2057 2172 Neceslitudo
2073 2145 2250 2175 contubernii

1193 2179 1251 2205 Cic.
1264 2188 1313 2214 pro
1327 2179 1413 2205 Plane.
1425 2186 1459 2214 27
1474 2188 1496 2205 c.
1513 2187 1545 2205 11.
1650 2180 1689 2205 De
1700 2176 1818 2205 conuiffu
1825 2181 1997 2214 prouinciali,
2016 2187 2039 2207 et
2051 2180 2161 2208 militari
2176 2183 2248 2210 adeo.
2271 2194 2273 2200 ’

1199 2216 1290 2242 Verum
1304 2215 1361 2241 Sen.
1377 2215 1422 2249 Ep.
1438 2217 1455 2240 6
1461 2214 1512 2250 fin.
1533 2213 1738 2246 Metrodorum,
1757 2214 1954 2247 Hermaehum,
1974 2221 2000 2241 et
2011 2216 2181 2250 Polyaenum,
2189 2226 2248 2245 ma-

1192 2260 1257 2285 gnos
1270 2250 1344 2277 viros
1357 2259 1412 2276 non
1425 2249 1513 2275 schola
1526 2248 1643 2282 Epicuri,
1658 2247 1702 2274 sed
1723 2248 1930 2276 contubernium
1949 2250 2023 2277 fecit.
2039 2252 2045 2255 “
2130 2253 2248 2282 Ridicule

1193 2286 1271 2319 Apul.
1285 2286 1350 2317 Met.
1364 2293 1380 2317 9
1394 2293 1419 2319 p.
1432 2292 1491 2315 222,
1505 2292 1538 2317 34
1557 2284 1704 2311 Iumentale
1725 2284 1931 2312 contubernium
1954 2294 2028 2314 vocat
2043 2289 2122 2315 mulos
2136 2289 2246 2316 eiusdem

1412 2320 1533 2346 Grauiter
1548 2319 1607 2346 Sen.
1620 2321 1674 2353 Q.
1687 2325 1740 2346 nat.
1757 2329 1776 2354 4
1790 2321 1874 2348 Praef.
1892 2322 1999 2349 Necesse
2012 2323 2048 2349 est
2061 2323 2157 2351 affidua
2171 2325 2201 2352 sit
2214 2325 2246 2352 in

1190 2362 1244 2381 tam
1256 2363 1353 2390 magno
1367 2355 1499 2382 vitiorum
1513 2355 1691 2382 contubernio
1708 2357 1775 2383 rixa.
1893 2357 1970 2392 Apul.
1986 2359 2051 2385 Met.
2074 2368 2098 2386 11
2111 2370 2136 2394 p.
2150 2368 2210 2396 237,
2227 2366 2245 2392 8

1192 2391 1308 2424 Placuit,
1326 2397 1355 2417 vt
1368 2391 1423 2426 ipse
1438 2391 1549 2426 quidem
1561 2391 1591 2418 in
1605 2391 1785 2419 contubernio
1800 2393 1826 2419 se
1839 2393 1966 2429 tantisper
1978 2394 2160 2423 absconderet.
2178 2401 2197 2423 i.
2211 2399 2242 2423 in

1191 2426 1314 2463 hospitio,
1332 2426 1362 2452 de
1375 2428 1462 2454 milite.
1659 2425 1680 2465 ff
1701 2437 1715 2454 2
1750 2428 1968 2456 Contubernium
1987 2434 2014 2457 in
2027 2434 2080 2458 iure
2086 2435 2191 2467 proprie
2204 2432 2244 2459 dc·-

1048 2460 1126 2487 Aust.
1139 2466 1172 2499 65
1189 2465 1257 2490 citur
1269 2459 1397 2499 iizfiruis',
1417 2463 1481 2499 quod
1495 2466 1522 2489 in
1535 2463 1622 2490 liberis
1635 2462 1668 2496 est
1679 2467 1819 2501 coniugium
1833 2465 1893 2491 Col.
1907 2474 1942 2498 12,
1956 2467 1982 2498 1,
1997 2475 2011 2492 2
2028 2467 2182 2494 Curandum
2195 2468 2244 2500 est,

1189 2507 1223 2524 ne
1236 2508 1332 2534 vagum
1345 2498 1467 2525 villicum
1476 2519 1483 2530 ,
1503 2505 1529 2525 et
1540 2500 1664 2526 auersum
1679 2499 1865 2526 Contubernio
1878 2502 1925 2528 suo
1938 2502 2096 2534 habeamus,
2116 2512 2164 2530 nec
2182 2513 2244 2531 rur-

1190 2535 1231 2561 sus
1246 2535 1318 2561 intra
1329 2534 1397 2561 tecla
1413 2535 1542 2568 desidem,
1562 2541 1588 2562 et
1601 2535 1785 2570 complexibus
1798 2535 1960 2564 adiacentem
1975 2538 2100 2565 feminae.

1189 2571 1303 2597 Sentent.
1317 2579 1340 2603 2,
1348 2579 1381 2597 20
1402 2572 1473 2597 Inter
1485 2571 1575 2598 seruos
1590 2578 1616 2598 et
1628 2571 1728 2598 liberos
1743 2572 1914 2599 matrimonia
1927 2574 2049 2600 contrahi
2060 2584 2115 2601 non
2128 2576 2243 2610 possunt,

1188 2606 1394 2633 contubernium
1404 2606 1497 2642 potest.
1604 2607 1665 2642 le.
1682 2608 1699 2634 l.
1712 2615 1739 2640 33
1753 2608 1786 2634 D.
1799 2608 1831 2634 de
1846 2608 1931 2635 Aedil.
1946 2609 2024 2636 ediet.
2062 2611 2142 2644 Qiod
2163 2618 2189 2638 et
2210 2612 2241 2639 in

834 2638 891 2666 Cic.
906 2641 981 2666 Verr.
996 2648 1020 2672 3,
1034 2645 1077 2673 189
1098 2641 1125 2666 Si
1134 2653 1169 2681 70
1188 2643 1333 2675 fratribus,
1374 2648 1400 2670 et
1430 2643 1459 2669 in
1492 2642 1614 2676 personas
1644 2644 1835 2675 contubernio,
1860 2644 1910 2671 fibi
1941 2645 2095 2673 coniunctas
2115 2647 2239 2674 obserua-

1189 2679 1214 2705 ri
1247 2684 1361 2713 oportet.
1457 2678 1533 2714 Conf.
1562 2678 1580 2705 l.
1604 2687 1634 2713 14
1663 2679 1695 2705 D.
1710 2679 1733 2716 9.
1756 2688 1768 2712 3
1802 2679 1835 2705 de
1855 2680 1910 2707 ritu
1929 2686 2004 2716 nupt.
2018 2681 2035 2708 l.
2049 2690 2061 2714 3
2096 2683 2127 2709 C.
2147 2682 2179 2708 de
2199 2683 2239 2709 in-

1189 2713 1248 2740 cest.
1263 2715 1281 2740 l.
1296 2722 1326 2746 23
1342 2715 1371 2740 C.
1386 2713 1418 2740 ad
1432 2714 1463 2741 L.
1478 2714 1528 2740 Iul.
1542 2713 1575 2740 de
1587 2714 1668 2742 adult.
1776 2716 1817 2742 Sic
1832 2715 1860 2742 Si
1873 2724 1939 2751 quos
1951 2717 2120 2743 contubernii
2138 2717 2237 2744 libero-

1188 2758 1318 2785 rumque,
1339 2758 1405 2784 quos
1420 2751 1533 2776 seruitus
1546 2750 1668 2785 co‘e'gisi'et
1680 2751 1838 2785 agnoscere,
1855 2761 1931 2779 amor
1945 2752 2074 2778 detineret
2093 2753 2166 2779 Curt.
2177 2760 2198 2785 5,
2211 2762 2236 2786 ς,

1187 2794 1228 2812 20.
1324 2787 1406 2812 Etiam
1421 2786 1515 2812 dicitur
1529 2788 1557 2811 in
1570 2787 1742 2814 concubinatu.
1784 2787 1843 2813 Ifid.
1858 2788 1933 2822 Orig.
1948 2796 1975 2819 9,
1987 2793 1999 2817 8
2020 2787 2237 2815 contubernium

79 2821 121 2850 Id.
146 2819 225 2847 Acad.
250 2829 286 2854 4,
304 2828 337 2855 34
360 2820 487 2846 Nitamur
505 2819 589 2854 igitur
606 2818 674 2845 nihil
693 2819 762 2853 poss‘e
774 2818 876 2854 percipi
892 2830 898 2846 :
932 2820 1031 2846 etenim
1045 2819 1076 2846 de
1091 2829 1123 2846 eo
1137 2831 1169 2860 73
1187 2821 1224 2848 est
1237 2821 1268 2847 ad
1283 2827 1385 2856 tempus
1398 2821 1513 2848 coe'undi
1525 2823 1677 2850 conuentio.
1719 2822 1790 2849 Suet.
1804 2823 1832 2848 in
1846 2824 1948 2857 Vespas.
1957 2831 1998 2855 c.3
2017 2823 2074 2849 Post
2086 2823 2177 2850 vxoris
2191 2832 2236 2850 ex-

534 2855 666 2882 No‘nErat
679 2854 874 2887 controuersia,
894 2855 958 2890 quin
977 2865 1072 2882 verum
1086 2855 1125 2882 di-

577 2890 695 2918 Existunt
709 2891 903 2917 controuersiae
916 2900 947 2918 ex
962 2891 1009 2918 hac
1024 2900 1053 2918 re
1066 2892 1123 2918 Cic.

83 2857 172 2884 omnis
184 2855 227 2883 Est
239 2855 427 2883 controuersia.

80 2899 170 2920 cerent
189 2892 246 2919 Cic.
258 2900 307 2927 pro
318 2891 423 2919 Caecin.
436 2900 470 2923 31.

80 2929 113 2956 de
126 2929 200 2956 Orat.
215 2937 235 2961 1,
273 2947 280 2955 .
417 2927 455 2953 Id.
470 2926 498 2953 in
505 2927 626 2954 Orat.121
655 2926 735 2953 Nihil
746 2926 848 2960 ambigi
860 2928 939 2961 posse,
952 2928 982 2954 in
994 2936 1048 2962 quo
1068 2937 1124 2954 non

80 2971 126 2991 aut
138 2973 179 2991 res
192 2963 397 2990 controuersiam
410 2963 508 2994 Faciat,
528 2969 573 2989 aut
585 2962 676 2989 verba.
783 2963 889 2989 Habent
902 2963 1000 2990 multae
1014 2964 1126 2998 quaesti-

81 3007 144 3026 ones
156 2999 359 3027 controuersiam
379 2998 511 3032 Quimstil.
524 3007 548 3031 3,
562 3007 593 3025 11.

82 3035 217 3062 Haberent
229 3035 298 3062 inter
310 3036 335 3061 se
349 3034 538 3061 controuersias
551 3034 583 3061 de
597 3035 693 3061 Senatu
712 3035 869 3069 cooptando.
965 3035 1038 3071 Conf.
1052 3037 1124 3062 Fam.

83 3077 119 3102 13,
133 3078 164 3102 3ο
177 3077 201 3097 et
214 3072 257 3103 69.
359 3070 462 3097 Inferi-e
474 3076 500 3096 et
511 3070 681 3098 introducere
695 3070 900 3097 controuersiam
920 3072 993 3098 Caes.
1006 3071 1124 3099 Bell.Ci-

382 3104 522 3132 Intendere
544 3106 621 3133 Auci.
635 3107 668 3134 ad
681 3108 800 3133 Herenn.
813 3115 838 3139 z,
851 3114 893 3140 45.
988 3108 1122 3139 Minuere,

82 3105 132 3132 Vll·
146 3113 166 3138 ι’
178 3107 210 3136 86
217 3105 287 3141 seqq.
316 3141 421 3167 Paullus
434 3141 463 3167 in
476 3141 493 3167 l.
507 3150 538 3167 ex
552 3143 665 3169 sextante
678 3141 702 3179 §.
716 3142 812 3168 latinus
827 3143 858 3168 D.
872 3142 904 3169 de
917 3151 1005 3178 excep.
1019 3143 1121 3170 reiiud.

81 3141 135 3167 vid.
152 3142 176 3167 h.
191 3150 215 3167 υ.

82 3178 174 3211 Qium
187 3176 219 3202 de
231 3175 376 3203 hereditate
389 3177 458 3202 inter
470 3177 622 3211 Maeuium,
640 3178 673 3205 ad
684 3187 763 3213 quem
775 3178 940 3213 pertinebat,
960 3185 986 3205 et
997 3179 1120 3212 Titium,
1138 3187 1166 3216 85
1184 3181 1301 3208 Militiae
1320 3180 1520 3208 contubernales
1539 3179 1595 3206 Cic.
1614 3187 1663 3213 pro
1682 3179 1739 3212 Lig.
1761 3187 1782 3203 c.
1798 3186 1824 3212 7.

83 3213 132 3248 qui
144 3211 348 3239 controuersiam
357 3211 493 3242 Mouebat,
511 3213 704 3248 transigeretur.
799 3214 876 3241 Oriri
895 3215 951 3241 Cic.
961 3224 1009 3249 pro
1016 3215 1121 3242 Cluent.

84 3251 134 3275 161.
241 3247 335 3274 Sedare
355 3247 411 3274 Cic.
425 3256 473 3281 pro
486 3248 566 3275 Corn.
581 3249 653 3277 Balb.
667 3259 700 3283 43
714 3258 736 3277 c.
752 3258 790 3283 ¹9·
895 3250 1001 3277 Struere
1021 3251 1124 3278 Aucior

401 3283 458 3309 Cic.
475 3283 587 3319 Philipp.
600 3294 658 3318 9,13
673 3285 770 3320 Neque
783 3284 942 3312 constituere
954 3286 1045 3313 litium
1058 3286 1122 3313 aeii*

787 3321 843 3348 Cic.
853 3320 884 3347 de
893 3321 967 3348 Orat.
978 3331 998 3354 1,
1035 3342 1042 3349 .
1079 3342 1085 3349 .

82 3285 115 3311 ad
134 3285 251 3310 Herenn.
264 3292 290 3315 2,
304 3291 330 3317 7.

80 3329 145 3347 ones
159 3319 286 3349 malebat,
304 3327 383 3353 quam
395 3320 584 3346 controuersias
590 3321 715 3347 Tollere.

1187 2858 1281 2884 cessum
1294 2857 1423 2884 Cenidem
1435 2858 1567 2885 Antoniae
1579 2857 1720 2890 libertam,
1741 2862 1766 2884 et
1780 2867 1795 2884 a
1807 2867 1902 2891 manu,
1923 2858 2055 2893 quondam
2068 2858 2191 2885 dilectam
2204 2859 2235 2886 fi-

1187 2893 1232 2925 bi,
1251 2894 1388 2920 reuocauit
1411 2893 1441 2920 in
1463 2894 1669 2920 contubernium
1685 2905 1691 2920 z
1727 2893 1872 2928 habuitque
1893 2895 1973 2920 etiam
1992 2895 2139 2928 Imperator
2152 2904 2235 2930 paene

1187 2929 1269 2956 iustae
1281 2931 1373 2956 vxoris
1386 2929 1455 2956 loco.
1502 2929 1574 2956 Adde
1587 2930 1656 2957 Suet.
1671 2930 1744 2956 Caes.
1752 2938 1826 2962 c.49.
1861 2936 1886 2955 et
1905 2932 1932 2955 in
1946 2929 2030 2963 Calig.
2043 2939 2063 2955 c.
2078 2932 2118 2962 36.

1224 2971 1241 2991 C
1254 2973 1273 2992 O
1282 2973 1303 2992 N
1313 2972 1334 2991 T
1344 2973 1366 2992 v
1375 2972 1391 2992 Β
1398 2972 1414 2992 Ε
1423 2973 1443 2992 R
1451 2973 1475 2992 N
1483 2972 1506 2993 A
1514 2972 1531 2992 t.
1541 2973 1551 2992 1
1559 2973 1582 2997 s,
1590 2966 1620 2992 is.
1628 2975 1650 2992 c.
1675 2966 1725 2991 Tot
1736 2964 1816 2990 modis
1823 2964 1926 2996 dicitur,
1934 2972 1992 3000 quot
1999 2965 2215 2993 Contubernium
2222 2975 2230 2991 τ

695 2998 752 3025 Cic.
767 3000 845 3025 Verr.
861 3008 885 3031 2,
900 3008 945 3026 122.
953 3009 974 3026 c.
982 3008 1018 3033 49
1032 3001 1123 3034 Qium
1143 2999 1220 3036 80⁶st
1239 3004 1303 3028 enim
1323 3001 1520 3029 contubernalis
1539 3003 1659 3033 alterius,
1677 3003 1814 3035 quicunque
1834 3003 1885 3026 eius
1904 3000 2061 3027 contubernio
2075 3005 2174 3035 utitur,
2193 3002 2235 3029 vel

1185 3039 1293 3064 militari
1325 3037 1382 3067 illo,
1399 3039 1440 3064 vel
1464 3037 1657 3064 cohabitationir
1686 3042 1711 3061 et
1743 3033 1888 3069 comasius,
1906 3037 1945 3062 vel
1976 3036 2077 3072 denique
2108 3040 2232 3066 maritali.

1186 3072 1318 3106 Σύσκηνος,
1336 3073 1444 3108 collega,
1457 3071 1652 3099 contubernalis
1673 3071 1824 3097 Vet.Gloss.
1895 3071 2001 3105 Festus,
2021 3072 2233 3101 Contubernales

1185 3109 1309 3135 dicuntur
1330 3118 1346 3135 a
1366 3109 1512 3141 Tabernis,
1526 3116 1593 3142 quae
1615 3106 1713 3133 fiebant
1725 3115 1757 3132 ex
1770 3106 1865 3133 tabulis
1879 3115 1884 3131 :
1920 3106 1989 3133 vnde
2003 3114 2028 3134 et
2044 3108 2232 3136 Tabernacula

1185 3146 1243 3171 sunt
1256 3145 1327 3171 dieta
1341 3153 1348 3169 ι
1383 3145 1446 3172 licet
1469 3153 1500 3170 ex
1523 3143 1646 3170 tentoriis
1669 3148 1695 3168 et
1711 3141 1822 3176 pellibus
1838 3142 1910 3168 fiant.
1984 3141 2115 3171 Hafa—nus
2131 3145 2229 3172 Festus.

1896 3176 1963 3204 Add.
1977 3179 2048 3206 Suet.
2062 3180 2134 3207 Caes.
2147 3190 2169 3208 c.
2184 3190 2229 3214 42.

1185 3217 1260 3243 Curt.
1275 3219 1302 3250 6,
1316 3225 1342 3250 2,
1357 3219 1392 3244 16.
1487 3215 1626 3241 Africanus
1650 3215 1667 3240 l.
1690 3222 1717 3239 21
1740 3211 1787 3249 §.1
1803 3213 1829 3239 ff.
1855 3214 2046 3249 commodati,
2060 3215 2092 3242 In
2111 3218 2230 3243 exercitu

1185 3252 1420 3280 contubernalibus
1431 3251 1491 3277 vasa
1503 3251 1598 3277 vtenda
1612 3258 1748 3276 commum
1761 3249 1879 3283 periculo
1893 3249 1962 3276 dedi.
2057 3252 2113 3278 Cic.
2123 3253 2193 3278 Fam.
2203 3260 2230 3283 9,

1186 3297 1217 3314 20
1235 3289 1373 3315 Habuisses
1388 3287 1458 3314 enim
1471 3295 1525 3312 non
1538 3285 1668 3320 hospitem
1679 3304 1687 3317 ,
1708 3284 1751 3310 sed
1766 3284 1990 3312 contubernalem.
2060 3288 2091 3313 In
2109 3286 2228 3314 Africam

1185 3324 1321 3358 profectus
1337 3324 1373 3350 est
1392 3322 1568 3356 QPompeio
1586 3330 1656 3356 proc.
1678 3319 1876 3347 contubernalis
1900 3322 1956 3348 Cic.
1977 3331 2026 3356 pro
2049 3323 2119 3349 Cael.
2142 3332 2162 3348 c.
2184 3330 2226 3354 30.

79 3357 111 3383 In
124 3362 235 3390 vtraque
248 3359 335 3381 autem
351 3362 395 3386 re,
415 3354 544 3389 quidquid
557 3356 585 3382 in
598 3356 804 3383 controuersiam
820 3356 927 3389 Veniat,
942 3357 969 3383 in
984 3367 1016 3384 eo
1029 3358 1123 3394 quaeri
1136 3366 1172 3391 90
1185 3360 1279 3387 Testes
1292 3358 1446 3387 accusatoris
1460 3358 1627 3388 consessores,
1636 3356 1779 3387 conuiuae,
1799 3356 2000 3384 contubernales
2019 3359 2073 3384 Cic.
2087 3366 2135 3392 pro
2142 3357 2226 3386 Flacc.

80 3393 181 3424 solere,
197 3398 243 3417 etc.
280 3386 499 3425 Co›zf.‘Q1in&il.
511 3399 534 3423 3,
551 3394 578 3424 6,
589 3401 630 3426 43.
664 3395 694 3418 it.
707 3399 734 3426 7,
749 3401 774 3424 2,
789 3400 814 3425 9.
899 3393 1006 3421 Vei-sari
1018 3403 1047 3421 m
1060 3403 1121 3420 con-

81 3427 208 3454 trouersia
221 3432 265 3453 aut
278 3426 448 3452 contentione
467 3424 564 3453 dicitur
577 3436 618 3453 res
636 3428 693 3454 Cic.
707 3428 735 3453 in
749 3428 823 3454 Orat.
837 3434 870 3462 43
883 3437 904 3454 c.
919 3437 959 3463 14.
1066 3431 1120 3456 Vo-

82 3463 136 3489 cari
148 3463 176 3489 in
188 3460 394 3489 controuersiam
407 3461 500 3488 dicitur
514 3470 554 3488 res
574 3463 629 3489 Cic.
644 3464 715 3489 Fam.
731 3471 764 3495 13,
780 3465 820 3491 26.
892 3463 924 3490 de
940 3465 1015 3492 Orat.
1031 3473 1062 3497 2,
1077 3473 1120 3498 291

48 3516 50 3518 -
82 3498 166 3525 Nulla
178 3499 249 3525 enim
262 3498 318 3524 fcre
332 3505 372 3523 res
386 3496 468 3531 potest
480 3498 508 3523 in
521 3496 626 3524 dicendi
638 3498 853 3533 disceptationem
865 3500 1120 3527 autcontrouersiam

592 3534 706 3561 Omnem
721 3534 770 3561 esse
785 3534 983 3562 contentionem
998 3535 1069 3562 inter
1077 3536 1122 3563 ho-
1131 3548 1166 3574 95
1177 3538 1255 3573 spite.
1290 3537 1346 3564 Cic.
1362 3544 1411 3570 pro
1423 3535 1505 3562 Flacc.
1519 3543 1549 3567 41
1571 3534 1644 3561 Facis
1657 3533 1753 3561 iniuste
1769 3533 1860 3567 Laeli,
1878 3536 1897 3562 fi
1909 3542 1990 3570 putas,
1999 3533 2119 3568 periculo
2131 3532 2223 3560 nostro

1182 3573 1276 3600 viuere
1289 3578 1348 3599 tuos
1363 3570 1578 3601 contubernales,
1598 3577 1644 3596 etc.

81 3534 190 3566 vocari,
206 3542 273 3570 quae
286 3542 340 3560 non
352 3532 460 3565 habeat,
479 3539 524 3559 etc.

82 3569 167 3596 mines
200 3569 291 3596 decios
322 3569 350 3595 in
366 3568 443 3595 verbi
469 3569 647 3596 controuersia
670 3569 780 3604 positam
811 3570 868 3596 Cic.
891 3569 922 3596 de
941 3571 1016 3598 Orat.
1030 3580 1050 3604 1,
1065 3579 1120 3606 107.

81 3605 109 3632 Si
122 3605 169 3640 qui
181 3603 343 3632 difficiliores
356 3610 447 3635 erunt,
465 3611 495 3630 vt
507 3613 563 3631 rem
575 3604 628 3631 fine
645 3605 823 3632 controuersia
843 3605 940 3632 confici
957 3607 1045 3633 nolint
1065 3608 1122 3634 Cic.

83 3641 156 3668 Fam.
171 3649 206 3672 13,
220 3641 262 3666 26.
369 3641 438 3667 Ter.
451 3640 557 3667 Phorm.
573 3647 595 3673 ς,
608 3642 634 3673 6,
648 3649 677 3674 ¹4
693 3641 765 3667 Nam
777 3640 830 3667 sine
842 3642 1022 3669 controuersia
1040 3652 1053 3668 a
1072 3641 1120 3670 Dis

81 3677 153 3704 solus
167 3675 416 3750 diligere2Antsslio.
488 3676 549 3702 Sine
563 3675 740 3702 controuersia
754 3676 938 3704 accuratissime
969 3678 1025 3705 Cic.
1038 3678 1092 3705 Off.
1106 3686 1118 3710 3

83 3721 105 3738 c.
119 3720 144 3739 2.
243 3722 247 3723 ⁷

82 3781 293 3814 controuersiae,
327 3788 352 3808 ee
361 3791 391 3815 4,-
404 3791 431 3816 2,
444 3792 478 3817 92
494 3782 673 3810 Scholasticae.
746 3784 788 3809 Ita
820 3785 848 3808 in
868 3783 979 3810 Senecae
998 3785 1121 3821 opust-ulis

81 3819 215 3845 rhetoricis
219 3817 245 3852 s.
259 3816 483 3851 declamatiemihus,
495 3819 529 3853 cst
535 3823 619 3855 primo
633 3817 815 3845 Suasoriarum
827 3817 912 3849 liber;
949 3819 1036 3846 deinde
1049 3820 1118 3848 Con-

78 3851 266 3889 trouersiarum
275 3851 341 3880 libri
356 3853 397 3886 V,
419 3860 463 3881 etc.

117 3887 500 3926 εσΝΤΒονΕΒΞιόιᾼ,
519 3899 557 3920 ae.
578 3890 600 3919 f.
640 3889 763 3921 Diomed.
776 3889 818 3918 lib.
833 3897 844 3918 1
858 3898 882 3924 p.
894 3897 943 3923 513.

1182 3466 1239 3500 ria,
1258 3476 1318 3492 cum
1331 3465 1381 3492 hoe
1395 3465 1469 3491 iocos
1482 3464 1575 3490 miscui
1595 3463 1660 3489 Plin.
1669 3463 1714 3498 Ep.
1723 3471 1749 3495 2,
1758 3471 1792 3495 13.

1182 3643 1263 3678 Potest
1275 3643 1414 3678 hicscruus
1421 3640 1501 3677 sfflffi'
1512 3651 1522 3671 ,-
1557 3642 1646 3676 Lepide
1671 3642 1768 3668 Cicero
1780 3643 1832 3668 Att.
1846 3650 1880 3673 13,
1893 3646 1922 3670 28
1949 3640 2084 3666 Caesarem
2205 3673 2210 3678 q

1164 3679 1166 3683 ’
1181 3678 1395 3707 contubernalem
1417 3685 1498 3709 cocat,
1507 3684 1612 3712 propter
1620 3676 1732 3711 statuam
1744 3680 1772 3703 in
1785 3677 1841 3703 aede
1856 3678 1960 3711 Quirini
1968 3675 1994 3710 s.
2008 3675 2106 3701 Romuli
2123 3678 2146 3700 ei
2156 3676 2221 3710 pcdi—

375 3721 392 3739 2
427 3711 614 3738 Controuerlia
626 3709 660 3745 est
672 3720 750 3747 genus
761 3711 947 3739 declamationis
968 3716 987 3740 i.
1000 3717 1119 3740 exercita«
1126 3728 1174 3747 100
1182 3722 1242 3742 tam.

655 3748 710 3774 hae
717 3747 780 3783 sunt
793 3746 903 3780 Quintil.
916 3756 941 3779 2,
953 3757 981 3782 1,
993 3758 1010 3781 9
1029 3749 1119 3776 Fieiae
1142 3750 1144 3752 '

1184 3403 1229 3430 24.
1335 3395 1412 3421 Hunc
1427 3402 1476 3427 ego
1490 3402 1572 3428 quum
1587 3392 1662 3418 simul
1674 3391 1852 3425 studeremus,
1869 3393 1940 3420 arete
1953 3393 2175 3426 familiariterque
2184 3391 2225 3418 di-

1184 3430 1238 3458 lexi
1249 3441 1259 3462 3
1293 3430 1340 3457 ille
1353 3438 1425 3456 meus
1439 3430 1467 3454 in
1480 3428 1562 3461 vrbe,
1580 3428 1626 3454 ille
1639 3429 1667 3453 in
1687 3428 1778 3453 secessu
1800 3428 1995 3457 contubernalis
2009 3438 2016 3460 ;
2052 3437 2110 3454 cum
2123 3427 2173 3453 hoc
2186 3427 2225 3452 se—

1886 3464 2090 3492 Contubernalis
2102 3462 2182 3489 alicui
2195 3462 2225 3489 in

1185 3502 1329 3529 Consulatu
1360 3500 1415 3527 Cic.
1430 3499 1462 3526 de
1476 3500 1546 3526 Clar.
1561 3499 1635 3526 Orat.
1649 3507 1692 3531 ¹05
1705 3508 1726 3525 c.
1739 3506 1783 3533 27.
1871 3499 2090 3531 Contubernalis,
2103 3505 2153 3533 pm
2172 3498 2224 3524 Ho-

1733 3570 1858 3597 Scaeuola
1878 3571 1895 3597 l.
1914 3571 1961 3597 vlt.
1975 3570 2002 3595 ff.
2020 3568 2052 3594 de
2065 3577 2147 3600 auro,
2167 3577 2222 3602 arg.

1183 3609 1299 3640 mundo,
1317 3607 1424 3634 Medico
1437 3607 1483 3632 suo
1498 3605 1699 3638 contubernali,
1713 3612 1740 3633 et
1753 3607 1888 3632 communi
1900 3604 2098 3640 expeditionum
2110 3604 2222 3673 <{orni-ti.

2138 3646 2223 3665 turini

1311 3715 1349 3740 Dc
1362 3712 1442 3739 mdsm
1455 3721 1481 3738 re
1497 3714 1550 3739 Att.
1566 3721 1603 3745 12,
1616 3722 1649 3747 43
1669 3714 1735 3740 Eum
1749 3711 1840 3739 σύννοιαν
1854 3711 1969 3744 Qirino
1984 3709 2055 3736 malo
2064 3730 2073 3742 ,
2090 3718 2169 3745 quam
2178 3711 2219 3736 Sa-

1181 3751 1241 3784 luti,
1258 3753 1275 3777 i.
1288 3751 1336 3776 coli
1349 3752 1376 3774 in
1398 3749 1504 3783 Qaeirim'
1523 3751 1611 3784 templo
1630 3752 1683 3775 eius
1692 3748 1821 3781 statuam,
1839 3755 1911 3781 quam
1948 3745 2026 3784 ipfizm
2051 3746 2149 3781 Jizluum
2164 3743 2220 3785 .‘ffi¹

1178 3786 1273 3814 Ambe
1296 3785 1325 3810 de
1347 3785 1498 3810 mulierculis
1519 3784 1634 3810 libidinis
1655 3784 1728 3820 causti
1739 3781 1849 3816 affiamtis
1861 3781 1898 3807 M.
1911 3781 2015 3807 Caelius
2028 3781 2056 3807 in
2071 3781 2220 3807 Antonium

1182 3822 1248 3857 apud
1260 3819 1390 3853 Quinem.
1404 3829 1438 3854 4,
1451 3828 1479 3852 2,
1494 3828 1532 3852 123
1558 3820 1682 3856 Namque
1699 3819 1782 3853 ipsum
1795 3816 1930 3842 offendunt
1951 3815 2090 3843 ruchxosos
2114 3815 2220 3850 spiritus

1181 3858 1333 3892 geminare,
1353 3855 1549 3890 praeclarasque
1566 3853 1765 3882 contubernales
1781 3851 1814 3878 ab
1827 3851 1951 3879 omnibus
1964 3851 2070 3887 spondis
2089 3857 2217 3878 transuer-

1081 3907 1086 3910 ⁴
1121 3902 1164 3931 105
1182 3895 1219 3922 sas
1231 3890 1372 3924 incubare,
1389 3897 1415 3920 et
1425 3891 1540 3926 reliquas
1555 3892 1740 3925 circumiacere
1752 3886 1847 3923 pallini.

2061 3886 2082 3923 q
2100 3895 2114 3911 2
2149 3885 2219 3911 St'rui

2102 3921 2222 3954 cuttings:

1487 3927 1604 3963 791-

2156 2540 2241 2566 Paull.
2283 2538 2288 2542 “
