2474 4182
792 56 1045 96 DISSERT.
1079 57 1156 95 DE
1188 56 1526 96 PRAECIPVIS
1558 59 1790 97 LEXICIS
1821 59 1940 97 LAT.

307 160 432 197 Po'e'tae
447 157 639 205 inscriptas,
665 155 707 191 ad
729 149 889 197 Ambrofii
904 153 1007 195 etiam
1023 150 1176 204 Calepini
1196 153 1332 191 Difflo-

309 217 443 251 narium
467 212 598 248 addidit
613 210 728 247 siluam
744 204 932 243 verborum
949 209 1155 244 Latinorum
1173 221 1216 245 ex
1240 211 1332 257 opti-

309 271 374 305 mis
389 265 581 317 quibusque
591 259 810 309 [eriptoribus
829 259 1019 299 collec‘iam.
1073 263 1108 299 Α
1122 265 1232 311 prima
1250 263 1333 301 ado-

308 322 464 359 lescentia
508 322 543 354 in
584 314 666 351 vrbe
700 317 818 359 'Roma
840 345 851 364 ,
893 317 998 353 Leone
1036 320 1077 354 X.
1129 319 1296 355 Pontifice
1320 347 1331 365 ‚

308 376 455 413 verlatus
471 373 518 409 est
532 399 542 414 ‚
568 369 706 406 literatis
721 372 821 417 viris,
849 384 1001 422 quorum
1018 374 1174 420 opimam
1190 373 1331 410 meffem

307 443 344 468 ea
362 439 447 465 aetas
465 424 541 460 tulit
556 453 567 471 ,
595 426 750 474 inprimis
765 438 861 462 carus
877 436 912 463 et
931 427 1190 475 acceptissimus.
1244 430 1331 464 Scri-

307 483 368 533 pfit
398 509 419 526 „
445 481 651 517 Notationes
672 481 708 516 in
736 475 859 517 omnes
880 484 910 517 S.
930 482 1120 529 Scripturae
1144 480 1251 519 libros
1269 512 1279 529 ,
1308 512 1330 529 „

304 535 446 575 Antonio
470 532 651 588 Augustino
678 534 894 572 llerdenfium
917 536 1089 584 Episcopo
1105 566 1115 583 ,
1141 549 1227 574 mox
1242 539 1332 574 Tar--

304 587 538 627 raconenfium
564 589 840 639 Archiepiseopo
868 590 1006 627 dicatas.
1060 590 1187 628 Colon.
1212 594 1328 640 Agrip.

303 645 402 683 1602.
430 650 513 689 Suo.
568 673 591 692 „
605 645 833 693 Qiaestiones
853 647 936 682 item
960 648 995 681 in
1018 656 1052 692 4.
1071 644 1177 683 libros
1193 649 1329 695 Regum

303 729 327 748 ‚,
344 709 380 737 et
403 699 494 737 duos
510 699 793 748 Paralipomenon
809 729 819 746 ,
845 729 868 746 „
903 711 985 750 quas
1007 713 1026 736 e
1045 698 1240 737 Theodorin·
1264 714 1327 750 po-

302 755 467 793 tissimum
484 755 612 802 scriptis
628 753 790 803 decerpsit
805 783 815 801 ,
847 764 881 791 et
903 755 945 791 de
962 757 1104 792 Graccis
1118 758 1255 792 Latinas
1280 755 1331 792 fe-

301 811 359 847 cit.
433 839 454 856 „
488 809 731 857 Epithetorum
762 811 970 846 Latinorum
995 809 1216 846 Thesaurum
1240 839 1250 856 ,
1292 819 1327 846 et

300 893 324 913 ,‚
340 867 500 902 Poemata
517 867 614 900 Sacra
635 893 657 911 „
694 876 780 914 quae
803 876 930 912 magno
955 866 989 900 in
1010 863 1327 912 pretio.habentur,

301 922 483 970 praecipue
507 927 623 956 autem
646 920 734 955 inter
758 928 887 955 caetera
912 918 987 954 libri
1010 918 1110 965 duo,
1152 919 1250 956 versu
1267 919 1326 955 lie-

302 977 402 1012 roico
426 973 589 1010 elaborati
612 973 654 1009 ad
669 974 762 1010 Petr.
778 970 934 1010 Bembum
951 973 1052 1011 Card.
1076 975 1136 1024 qui
1158 1003 1180 1020 „
1195 977 1329 1011 Hortus

300 1028 482 1078 Sophiae„
496 1027 736 1066 inscribuntur.
790 1026 1027 1065 Bibliothecae
1036 1030 1217 1066 Vaticanae
1234 1042 1329 1077 prae-

300 1083 469 1122 fec‘iuram
492 1083 625 1121 summa
653 1096 733 1120 cum
756 1082 856 1120 laude
878 1084 975 1131 geffit
991 1113 1001 1129 ‚
1030 1083 1193 1134 diemque
1213 1084 1330 1133 supre-

300 1152 400 1177 mum
434 1138 522 1176 obiit
544 1141 677 1175 Romae
702 1139 799 1185 1560.
854 1139 943 1176 Vide
981 1138 1025 1175 de
1048 1138 1196 1176 Zanchio
1232 1139 1328 1188 plura

299 1204 457 1243 agentem
474 1190 708 1241 Qtenstedtum
730 1193 773 1230 de
789 1195 868 1229 viris
886 1192 1070 1230 illustribus
1087 1223 1097 1240 ,
1126 1192 1278 1231 Baelium
1295 1197 1329 1231 in

298 1251 432 1287 Lexieo
457 1250 592 1286 Critico
611 1275 622 1294 ,
655 1246 840 1284 Arnoldum
863 1246 1013 1298 Mylium
1039 1245 1303 1287 Birclonannum
1320 1279 1330 1297 ,

297 1305 333 1340 in
356 1301 567 1351 praefatione
595 1302 638 1340 ad
662 1301 806 1340 Zanchii
828 1305 1034 1341 Notationes
1051 1333 1062 1350 ,
1096 1302 1265 1341 Ghilinum
1295 1307 1332 1341 in

294 1357 459 1395 Theatro
473 1387 484 1405 ‚
514 1359 694 1410 Konigium
709 1387 719 1404 ‚
756 1355 884 1395 Lilium
900 1359 1102 1412 Gregorium
1120 1357 1262 1410 Gyrald.
1287 1360 1331 1398 de

299 1414 414 1452 Poetis
440 1413 584 1451 suorum
604 1422 824 1462 temporum.-

616 1514 786 1555 Robcrtus
812 1514 1006 1570 Stephanus.

379 1607 433 1642 De
456 1611 652 1644 nonant
669 1617 681 1639 1
713 1618 968 1642 STEPHANI
996 1607 1064 1643 vita
1081 1636 1092 1654 ,
1128 1606 1272 1656 ingenio
1295 1616 1331 1645 et

299 1659 497 1698 celebritate
511 1672 617 1708 pauca
635 1660 716 1696 ideo
733 1660 940 1709 suscepimus
959 1661 1102 1698 dicenda
1116 1690 1127 1708 ,
1161 1665 1329 1713 quoniam

298 1717 336 1752 in
353 1727 390 1752 ea
409 1724 503 1764 parte
519 1713 653 1751 abunde
672 1713 832 1751 satisfecit
852 1714 1043 1752 dodtorum
1066 1716 1255 1754 hominum
1269 1731 1330 1755 ex-

298 1769 501 1819 spetstationi
516 1771 576 1804 Vir
592 1768 836 1806 eruditiffimus
853 1798 864 1814 ,
900 1767 1072 1815 Historiae
1088 1771 1329 1824 Stephanorum

297 1835 332 1861 et
353 1822 523 1861 annalium
543 1822 870 1876 Typographicorum
893 1822 1015 1861 audior
1030 1824 1134 1874 longe
1151 1826 1331 1864 celeberri-

298 1891 398 1925 mus,
422 1880 481 1929 qui
497 1890 642 1929 ea,quae
660 1876 704 1914 ex
721 1877 895 1916 literarum
911 1878 1149 1917 monumentis
1162 1883 1230 1918 iam
1244 1881 1332 1919 olim

299 1934 343 1971 ad
358 1946 434 1971 eam
450 1946 523 1970 rem
537 1935 740 1982 pertinentia
757 1937 936 1982 coegerat,
967 1946 1060 1971 nunc
1074 1935 1191 1972 denuo
1207 1944 1331 1983 rogatu

301 1990 421 2027 nostro
443 1989 480 2025 in
495 1988 727 2025 studiosorum
749 1990 891 2037 gratiam
914 2001 1005 2039 quos
1025 1989 1135 2026 indies
1161 1990 1331 2027 demereri

298 2044 434 2092 satagit,
462 2044 504 2080 ad
521 2042 684 2080 incudem
698 2045 897 2090 reuocauit,
924 2052 1026 2094 atque
1041 2053 1079 2080 vt
1087 2043 1249 2081 Editione
1266 2056 1332 2080 no-

300 2099 386 2137 strae
401 2096 592 2136 aue‘iarium
617 2098 795 2135 accederet
818 2107 853 2135 et
867 2100 1121 2136 incrementum
1139 2126 1150 2144 ‚
1177 2099 1240 2136 suo
1258 2111 1332 2136 ma—

300 2156 400 2191 ximo
417 2155 544 2190 merito
561 2154 696 2190 exorari
711 2152 745 2190 se
765 2152 874 2202 paffus
888 2153 945 2190 est.
1001 2154 1062 2190 Ad
1079 2165 1117 2191 ea
1133 2155 1237 2203 igitur
1251 2166 1333 2204 pro-

299 2221 477 2258 peramus,
502 2219 590 2259 quae
612 2208 790 2245 historiam
804 2210 995 2245 Latinitatis
1024 2208 1068 2246 ad
1098 2211 1333 2246 maturitatem

292 2262 373 2300 'fere
398 2262 585 2313 perdue'tae
618 2264 692 2300 eius
724 2265 876 2301 maxime
911 2262 1089 2301 laboribus
1116 2273 1150 2301 et
1178 2264 1333 2314 auspiciis

299 2315 488 2368 complesti
508 2318 695 2356 videantur.

382 2433 404 2453 „
419 2403 513 2441 Vidit
527 2432 538 2451 ‚
573 2433 595 2451 „
611 2405 723 2455 inquit
738 2406 799 2442 Vir
819 2404 1035 2444 dofftiffimus
1049 2407 1110 2457 a),
1139 2437 1162 2455 „
1179 2407 1335 2458 Calepini

299 2460 488 2507 „maciem
510 2467 545 2495 et
566 2458 702 2496 lacunas
728 2473 812 2497 ROB
828 2474 883 2498 ER
899 2475 991 2513 Tys
1022 2475 1072 2499 ετ
1088 2476 1335 2510 EPHANVS,

300 2543 324 2562 „
338 2515 389 2551 vir
404 2513 447 2550 ad
462 2515 721 2562 promouendas
737 2514 846 2552 bonas
861 2515 975 2554 literas
993 2517 1083 2568 quafi
1114 2526 1212 2555 natus
1228 2547 1238 2565 ,
1273 2520 1335 2569 qui

298 2598 323 2617 ,‚
340 2569 462 2606 decem
477 2567 694 2605 eruditorum
711 2568 898 2608 hominum
914 2585 1019 2622 opera
1046 2582 1081 2610 et
1099 2586 1144 2610 ex
1161 2572 1335 2611 Aucstori-

298 2653 323 2672 „
339 2622 404 2660 bus
428 2624 572 2672 optimis
597 2622 729 2672 prosis,
765 2624 941 2676 vorfisque
972 2629 1182 2677 excerpendi
1216 2627 1334 2666 labore
1359 2650 1361 2653 .

298 2699 322 2726 5,
335 2679 412 2716 vsus
431 2676 636 2726 Thesaurum
660 2679 817 2731 Linguae
838 2680 987 2716 Latinae
1009 2683 1185 2730 procudit.
1238 2704 1333 2713 --—--

298 2762 323 2781 „
337 2745 442 2784 quem
460 2733 502 2769 ad
516 2733 667 2770 nostram
683 2746 825 2785 quoque
839 2743 986 2772 aetatem
995 2737 1092 2773 Gens
1107 2736 1211 2775 <loeta
1225 2746 1328 2784 amat,

298 2817 323 2836 ‚,
336 2789 501 2834 intuetur,
516 2787 663 2824 consulit
685 2797 847 2839 tanquam
863 2789 1005 2826 statuam
1021 2790 1278 2829 Mercurialem.
1304 2818 1328 2836 „

300 2845 419 2881 Bonus
441 2844 557 2893 itaque
578 2840 754 2894 calepinus
775 2852 909 2881 tantum
937 2844 1045 2882 laudis
1063 2844 1229 2895 decerpsit
1244 2875 1255 2892 ‚
1290 2855 1328 2882 vt

299 2899 422 2936 Lexiei
441 2895 636 2945 ampliffimi
660 2906 760 2948 atque
782 2898 1038 2947 loeupletiffimi
1055 2930 1064 2947 ,
1095 2901 1151 2937 cui
1174 2900 1329 2937 conden-

301 2952 349 2990 do
363 2952 441 2989 suae
462 2953 550 2989 vires
565 2952 624 2988 vix
639 2962 801 3000 poterant
814 2953 970 2991 sufficere
983 2985 994 3001 ,
1020 2954 1180 2992 hortator
1194 2964 1308 2992 tamen
1319 2984 1329 3002 ,

302 3015 338 3044 et
352 3007 449 3056 caasa
464 3035 474 3054 ,
509 3015 546 3043 vt
562 3008 658 3044 aiunt
673 3036 684 3053 ,
711 3006 834 3045 vltima
856 3009 984 3047 exstare
1002 3009 1184 3046 videretur.
1240 3012 1331 3047 Nam

286 3073 386 3113 ⁴cum
404 3074 419 3097 s
433 3073 456 3096 ‘r
472 3075 491 3097 E
507 3075 524 3098 p
538 3074 560 3098 n
575 3075 596 3098 A
612 3075 636 3098 N
650 3075 674 3097 v
687 3075 713 3098 M
740 3062 960 3111 efflagitarent
981 3062 1120 3112 plurimi
1142 3093 1153 3111 ‚
1181 3073 1216 3101 vt
1236 3063 1329 3102 Cale-

252 3115 256 3122 “
295 3116 376 3168 pini
383 3113 722 3153 Didtionariumsuae
740 3118 924 3165 integritati
943 3119 1132 3156 restitueret
1140 3121 1207 3156 iam
1221 3128 1297 3157 tum
1310 3120 1329 3140 '²‘

301 3182 408 3220 praue
437 3179 624 3218 exceptum
638 3201 648 3218 ,
681 3170 896 3223 aliorumque
921 3175 1111 3211 temeritate
1125 3203 1136 3220 ‚
1166 3173 1202 3210 id
1231 3174 1328 3225 quod

298 3225 464 3263 'omnium
478 3225 622 3262 minime
638 3225 796 3274 decebat,
811 3236 1034 3276 corruptum,
1061 3227 1197 3266 infinito
1211 3227 1330 3266 labore

302 3279 486 3318 deterritus
504 3279 554 3316 vir
567 3288 740 3331 vtcunquc
757 3280 926 3330 laborum,
935 3284 994 3334 qui
1012 3296 1031 3320 e
1048 3295 1086 3320 re
1106 3282 1249 3322 literaria
1264 3283 1329 3321 effe

1359 2368 1370 2375 ’
1399 2364 1477 2387 cam
1492 2351 1816 2399 interpretationem.

1398 159 1557 201 poterant
1573 155 1668 204 supra
1684 155 1790 192 fidem
1808 156 2068 204 patientiffimus
2082 185 2093 201 ,
2119 164 2192 192 tum
2209 170 2292 194 vero
2316 157 2423 193 maxi-

1398 220 1455 244 me
1473 206 1619 245 sentiens
1635 210 1669 247 se
1688 212 1824 247 inanem
1841 223 1982 260 operam
1999 209 2181 261 praestare,
2207 225 2318 262 neque
2326 214 2420 258 Reip.

1398 259 1552 311 prodesse
1579 264 1695 311 poffe,
1729 278 1766 301 re
1794 275 1845 301 ter
1876 277 1993 316 quater
2017 273 2167 313 tentata,
2200 267 2338 303 tandem
2367 268 2419 302 in·

1396 326 1524 365 coepto
1541 315 1674 354 destitit.
1727 322 1867 371 Mutato
1884 323 1998 372 itaque
2015 317 2157 359 consilio
2175 320 2338 357 instabant
2353 320 2419 357 stu-

1397 371 1493 419 diofi,
1507 382 1542 408 vt
1557 371 1750 421 exquisitius
1765 374 1905 426 aliquod
1912 376 2167 414 Diffionarium
2186 385 2243 411 aut
2258 374 2419 423 colligen-

1396 427 1479 464 dum
1521 436 1677 467 curaret,
1707 439 1762 466 aut
1804 430 1872 478 ipse
1905 434 2049 481 proprio
2086 429 2202 468 labore
2230 429 2416 478 colligeret.

1396 484 1547 519 Caeteris
1566 483 1677 532 itaque
1700 482 1863 521 omnibus
1886 499 1956 523 vno
1979 499 2041 524 ore
2057 487 2239 534 negotium
2262 494 2332 520 tam
2352 487 2415 520 ini-

1394 550 1503 588 quum
1524 536 1635 586 palam
1651 535 1915 577 detrestantibus
1935 571 1945 588 ,
1976 541 2046 590 ipse
2068 542 2102 578 se
2121 542 2218 590 operi
2241 541 2389 576 accinxit
2404 569 2414 586 ,

1393 604 1570 642 annosque
1593 594 1723 630 circiter
1747 592 1835 629 duos
1857 596 1891 631 in
1907 609 1952 633 eo
1968 599 2111 645 negotio
2130 596 2201 632 dies
2224 593 2414 644 noc'tesque

1389 647 1577 684 deludauit.
1595 652 1597 654 ’
1640 646 1736 684 Iac'iis
1759 646 1888 686 idcirco
1909 649 2139 688 fundamentis
2153 679 2163 697 ,
2196 662 2213 686 a
2239 648 2361 687 Plauto
2381 658 2415 685 et

1398 688 1556 738 Terebia
1578 698 1617 745 b)
1649 712 1757 739 totam
1774 714 1847 738 rem
1864 706 2014 743 exordiri
2029 716 2130 757 atque
2146 703 2265 741 euolui
2279 702 2389 741 voluit
2403 732 2413 750 ,

1391 753 1518 806 quibus
1528 755 1707 804 diligenter
1718 755 1886 807 perlecffi8‚
1902 769 2001 811 atque
2016 762 2104 798 adeo
2113 762 2245 798 minute
2259 759 2416 804 CXCUffIS,

1392 820 1428 847 vt
1448 809 1593 847 verbum
1608 810 1678 848 fere
1698 812 1832 850 nullum
1847 816 2131 862 praetermiserit,
2158 817 2241 866 quin
2266 816 2301 851 in
2316 826 2414 851 com-

1391 868 1578 902 mentarios
1607 866 1686 903 suos
1709 870 1864 916 coegerit
1885 898 1895 915 ,
1938 881 1999 906 eos
2029 871 2154 908 deinde
2192 868 2353 918 explicari
2377 877 2413 905 et

1391 932 1471 956 cum
1489 922 1588 957 omni
1605 921 1775 970 diligentia
1799 925 1834 959 in
1851 924 2012 961 ordinem
2030 924 2282 974 alphabeticum
2304 923 2413 972 redigi

1392 977 1525 1011 curauit
1540 1004 1551 1021 ,
1586 985 1623 1012 vt
1638 976 1742 1014 effent
1763 977 1868 1015 veluti
1889 977 1969 1015 filua
1991 981 2156 1030 quaedam
2183 990 2218 1018 et
2235 977 2326 1031 quafi
2340 992 2412 1015 ma-

1392 1031 1494 1066 teries
1508 1027 1616 1067 futuri
1632 1030 1847 1069 Diffionarii.
1903 1037 1980 1082 Qia
2005 1037 2108 1083 igitur
2125 1044 2240 1072 mente
2257 1063 2265 1077 ‚
2294 1046 2413 1085 quoue

1392 1084 1534 1122 consilio
1552 1114 1562 1132 ‚
1589 1097 1678 1134 opus
1694 1086 1794 1123 suum
1810 1087 1881 1125 hoc
1894 1090 2009 1127 sumto
2023 1090 2170 1127 exordio
2185 1091 2363 1127 contexuit
2380 1098 2415 1126 et

1392 1139 1566 1177 ordinauit
1582 1170 1592 1186 ,
1622 1152 1667 1177 ex
1688 1141 1899 1191 praefatione
1920 1150 2022 1195 quam
2044 1145 2127 1182 huie
2142 1144 2291 1182 Editioni
2312 1155 2414 1193 prae-

1392 1196 1453 1244 figi
1468 1197 1687 1243 curauimus,
1715 1197 1917 1236 discendum
1941 1200 1988 1237 est
2003 1229 2013 1247 ‚
2039 1213 2083 1237 ne
2105 1200 2206 1237 nobis
2221 1198 2284 1237 sint
2298 1200 2416 1236 onmia

1394 1251 1588 1299 repetenda.
1642 1252 1786 1289 Infinitis
1802 1255 1906 1302 igitur
1920 1254 2094 1292 exantlatis
2111 1253 2286 1293 laboribus
2301 1282 2312 1300 ,
2345 1255 2415 1290 ani-
2451 1294 2455 1298 .

1394 1319 1528 1357 moque
1544 1309 1589 1343 ita
1605 1306 1765 1345 disti-aeto
1779 1338 1788 1354 ,
1824 1319 1862 1346 vt
1887 1311 1975 1346 inter
1998 1322 2139 1359 operam
2161 1323 2267 1360 paene
2283 1312 2416 1346 Hercu-
2463 1304 2470 1314 ’

1394 1360 1484 1398 leam
1500 1363 1676 1399 materiam
1701 1362 1839 1401 duobus
1852 1363 1954 1413 prelis
1968 1365 2124 1416 quotidie
2139 1366 2292 1403 sufficere
2315 1376 2418 1412 coge-

1394 1426 1488 1453 retur
1503 1446 1513 1464 ,
1551 1417 1647 1467 (nam
1661 1418 1782 1456 eadem
1796 1417 1868 1456 fere
1885 1421 2085 1469 tempestate
2105 1419 2251 1474 Virgilio
2273 1431 2416 1469 operam

1395 1472 1491 1509 dedit
1514 1501 1524 1518 ,
1564 1481 1599 1509 et
1619 1474 1798 1510 Marus-ini
1822 1473 1973 1511 Corderii
2003 1474 2158 1513 libellum
2196 1476 2240 1512 de
2261 1475 2416 1523 corrupti

1393 1527 1561 1565 sermonis
1583 1529 1825 1566 emendatione
1856 1532 1892 1567 in
1914 1529 2026 1567 lucem
2049 1531 2219 1580 protulit)
2255 1542 2321 1566 1111
2345 1528 2416 1567 Cal.

1394 1581 1524 1620 ottob.
1544 1595 1624 1631 1531.
1654 1593 1764 1621 totam
1781 1598 1853 1621 rem
1872 1585 1912 1622 ad
1928 1584 2065 1623 felicem
2083 1589 2214 1624 exitum
2231 1584 2392 1635 perduxit
2405 1613 2416 1632 ‚

1394 1638 1491 1675 Paris
1513 1638 1583 1684 Fol.
1615 1640 1757 1677 craffitie
1779 1641 1951 1679 mediocri
1973 1671 1984 1689 ,
2025 1644 2182 1693 typisque
2208 1640 2390 1678 luculentis
2405 1670 2416 1688 ‚
2454 1643 2457 1646 ’

1393 1695 1542 1743 propriis
1556 1693 1723 1732 sumtibus
1739 1724 1749 1742 ,
1776 1699 1988 1747 proprioque
2002 1695 2129 1734 labore.
2187 1698 2318 1734 Totius
2333 1708 2416 1744 ope-

1393 1750 1439 1785 ris
1456 1746 1634 1786 confilium
1650 1759 1683 1786 et
1697 1752 1866 1787 rationem
1883 1753 1952 1800 ipse
1967 1752 2126 1801 exposuit
2142 1781 2152 1799 ‚
2184 1751 2416 1789 commodita-
2427 1746 2441 1792 J

1394 1813 1514 1854 tesque
1542 1803 1706 1852 explicuit
1741 1805 1782 1843 ad
1809 1805 1939 1843 calcem
1967 1805 2136 1856 Epistolae
2166 1805 2390 1857 praefatoriae
2405 1834 2418 1853 ,

1395 1858 1487 1894 vnde
1515 1870 1613 1894 mens
1637 1861 1741 1904 primi
1766 1859 1932 1906 Thestzuri
1964 1875 1979 1898 s
1993 1875 2016 1898 Τ
2034 1876 2052 1899 ε
2066 1876 2083 1898 1²
2098 1876 2122 1899 n
2136 1876 2156 1898 A
2171 1875 2196 1898 N
2210 1875 2223 1898 1
2237 1875 2257 1897 c
2272 1875 2286 1897 1
2317 1870 2416 1898 eom-⁴

1394 1911 1594 1948 modiffime
1611 1915 1790 1960 aperietur.
1846 1914 1897 1951 Ibi
1918 1915 2061 1952 ostentat
2081 1928 2288 1965 magnopere
2303 1915 2419 1964 alpha-

1394 1963 1544 2001 beticam
1553 1965 1812 2004 vocabulorum
1825 1968 1947 2005 seriem
1968 1969 2217 2022 pulchramque
2231 1969 2421 2008 distinetio-

1395 2032 1477 2056 nem
1494 2047 1505 2065 ‚
1531 2030 1596 2055 nec
1611 2017 1863 2056 vocabulorum
1883 2021 1996 2059 modo
2011 2052 2022 2068 ‚
2046 2025 2103 2060 sed
2120 2016 2420 2063 confirmationum
2464 2023 2468 2027 ’

1395 2073 1686 2124 locutionumque
1704 2103 1715 2120 ‚
1750 2076 1808 2111 cui
1826 2076 1874 2112 rei
1890 2073 1913 2111 fi
1929 2078 2111 2126 qua'inerit
2127 2077 2250 2113 vtilitas
2265 2105 2277 2122 ‚
2312 2091 2417 2126 quam

1396 2128 1499 2166 inesse
1517 2129 1659 2180 quidem
1673 2128 1824 2178 suspicor
1839 2159 1850 2177 ,
1878 2142 1951 2167 non
1969 2130 2082 2168 leuem
2098 2131 2329 2168 studiosorum
2345 2142 2419 2178 gra-

1396 2186 1481 2222 tiam
1498 2182 1763 2232 demerebimur,
1788 2187 1847 2235 qui
1860 2184 1955 2222 istam
1970 2186 2256 2223 commoditatem
2273 2213 2284 2230 ‚
2310 2187 2421 2222 maxi-

1397 2252 1455 2277 ma
1469 2251 1593 2289 opera,
1617 2237 1808 2282 auctiorem
1825 2238 2069 2290 aliquantulum
2084 2243 2119 2278 in
2134 2240 2199 2278 hac
2214 2239 2324 2278 nostra
2340 2240 2420 2276 Edi-

1398 2297 1496 2333 tione
1510 2294 1730 2332 reddidimus.
1785 2296 1977 2346 Vnicuique
1993 2294 2138 2333 dic‘iioni
2153 2294 2296 2332 subiecit
2311 2293 2420 2331 Galli-

1871 2352 2053 2400 Proprium
2066 2350 2149 2388 illud
2164 2359 2234 2388 erat
2250 2379 2260 2397 ‚
2296 2358 2331 2386 et
2347 2351 2422 2386 vni-

1399 2419 1482 2443 cum
1502 2414 1634 2455 praeter
1661 2404 1871 2454 diligentiam
1894 2405 1989 2456 quod
2015 2418 2060 2443 ex
2089 2406 2151 2443 suo
2173 2418 2265 2454 penu
2287 2403 2327 2441 ad
2348 2403 2421 2445 hoe

1400 2472 1491 2511 opus
1508 2460 1648 2498 adduxit
1662 2460 1715 2513 c).
1769 2459 1877 2507 Qiod
1888 2473 1972 2497 vero
1987 2460 2209 2498 vernaculum
2224 2460 2422 2497 sermonem

1399 2517 1443 2554 ad
1457 2514 1700 2565 explicandum
1735 2516 1886 2552 maxime
1924 2514 2083 2553 adhibuit
2107 2545 2117 2562 ,
2156 2528 2237 2552 cum
2272 2513 2421 2568 aliorum

1398 2569 1566 2619 exemplis
1583 2599 1593 2617 ‚
1619 2577 1694 2606 tum
1720 2568 1879 2606 nonnihil
1903 2572 2006 2607 etiam
2024 2568 2215 2608 rationibus
2239 2569 2271 2606 se
2293 2579 2422 2616 tuetur,-

1398 2627 1476 2677 quia
1493 2624 1621 2663 scilieet
1642 2623 1830 2674 permultae
1845 2624 1921 2661 sunt
1935 2634 1968 2662 et
1982 2623 2153 2663 dic'tiones
2175 2634 2209 2662 et
2224 2624 2420 2661 locutiones

1397 2679 1600 2727 eiusmodi,
1633 2688 1668 2717 vt
1695 2680 1754 2716 vix
1781 2677 1847 2716 vlla
1874 2678 2104 2723 declaratione
2131 2681 2251 2716 Latina
2278 2678 2421 2728 intelligi

1391 2735 1527 2784 poffint.
1606 2733 1672 2772 Sed
1694 2747 1776 2771 eum
1797 2733 1918 2772 eadem
1940 2733 2095 2772 obiediio
2119 2732 2217 2771 facile
2242 2743 2392 2776 recurrat
2407 2759 2441 2782 ,.

1371 2789 1376 2793 ”
1391 2802 1636 2841 quemcunque
1649 2789 1791 2826 demum
1805 2789 2002 2826 sermonem
2016 2787 2223 2835 adhibueris,
2232 2798 2269 2826 vt
2283 2787 2420 2826 alterius

1391 2843 1430 2882 fit
1452 2846 1644 2896 Inteipres,
1671 2856 1824 2895 cumque
1842 2843 1910 2880 suis
1926 2843 2150 2882 solummodo
2172 2842 2343 2891 consulat,
2359 2845 2419 2895 qui

1391 2899 1571 2950 vernacule
1587 2908 1753 2949 exponat,
1781 2898 1872 2936 vnde
1888 2900 1982 2944 fit,vt
1996 2901 2083 2936 inter
2099 2900 2190 2937 istius
2205 2900 2314 2948 gentis
2330 2898 2423 2937 limi-p¹

1393 2962 1446 2991 tes
1461 2954 1654 2992 istiusmodi
1669 2955 1794 2992 Lexiea
1820 2952 1892 2992 fere
1920 2956 2177 3001 contineantur,
2206 2966 2318 3004 neque
2339 2951 2418 2995 alibi

1395 3007 1609 3046 innotescant
1624 3039 1634 3057 ,
1661 3017 1795 3046 mutato
1818 3007 1960 3046 consilio
1982 3011 2302 3058 interpretationem
2317 3005 2417 3051 Galli-,-

1395 3065 1472 3101 cam
1495 3063 1637 3102 reeosto
1660 3076 1765 3113 opere
1785 3073 1828 3115 ‚vt
1849 3062 2006 3101 inutilem
2035 3063 2188 3102 releeuit.
2252 3062 2309 3104 Ad
2328 3063 2417 3101 testi-

1393 3120 1511 3156 monia
1540 3119 1637 3169 quod
1679 3120 1798 3156 attinet
1815 3148 1825 3165 ,
1853 3119 1984 3155 summa
2025 3118 2210 3156 nobiseum
2245 3117 2315 3156 fide
2349 3119 2418 3166 egit
2467 3114 2469 3118 ¹

1394 3186 1411 3209 s
1425 3187 1447 3210 T
1462 3186 1482 3210 a
1497 3187 1514 3210 ι»
1524 3187 1550 3213 Η
1567 3188 1585 3210 Λ
1602 3187 1626 3210 N
1641 3187 1665 3210 v
1680 3186 1709 3211 s.
1764 3175 1854 3210 Nam
1868 3175 2025 3224 quamuis
2035 3184 2165 3223 praeter
2179 3185 2323 3224 ea„quae
2339 3185 2420 3222 pro·-

1391 3230 1464 3277 pria
1484 3226 1610 3265 lecstura
1627 3227 1915 3278 suppeditaucrat,
1943 3228 2091 3277 plurima
2104 3243 2148 3267 ex
2163 3227 2319 3280 Ca'lepino
2335 3226 2418 3264 aliis-

1393 3295 1472 3333 que,
1489 3285 1547 3334 qui
1567 3281 1822 3330 antecedebant,
1831 3283 1977 3332 corrasit,
1992 3283 2016 3322 fi
2030 3296 2119 3336 quos
2131 3291 2246 3320 tamen
2261 3281 2419 3330 audior-es

2301 3337 2424 3374 adduci

341 3424 368 3454 a)
391 3417 551 3448 Rom-ichim.
590 3449 594 3453 ,
610 3419 628 3437 '³‘
649 3417 728 3448 Edit.
744 3420 818 3458 Thes
832 3430 890 3459 ¹55¹-
949 3421 976 3457 h)
996 3421 1062 3451 Inde
1075 3422 1115 3457 fit,
1126 3427 1154 3450 vt
1169 3423 1195 3449 in
1212 3422 1485 3462 omnibus.Thefi1m·i
1497 3421 1577 3451 Editt.
1599 3423 1649 3458 hos
1663 3423 1729 3453 duos
1742 3424 1864 3469 auctores
1883 3434 1951 3463 quos
1965 3423 2053 3457 ‚dedita
2068 3432 2150 3461 opera
2166 3421 2279 3461 perlegit
2294 3444 2302 3457 ‚
2329 3420 2419 3450 scdulo
2462 3449 2464 3457 ,

381 3465 526 3488 annotatos
541 3464 568 3486 et
583 3457 799 3496 loca'diligcutcr·
812 3462 924 3491 adducta
936 3484 945 3498 ,
965 3464 1137 3501 numerisque
1153 3463 1250 3498 signata
1266 3464 1363 3502 vbique
1377 3465 1547 3503 reperiamus.
1595 3466 1666 3493 Nam
1680 3465 1707 3493 in
1729 3467 1894 3494 Terentianis
1913 3464 2066 3494 testimoniis
2088 3463 2173 3491 ferme
2188 3464 2286 3501 vbique
2307 3470 2359 3491 tres
2372 3472 2418 3490 nu-

381 3500 449 3527 meri
462 3499 557 3536 signati
570 3498 628 3527 sunt
638 3521 647 3534 ‚
668 3509 785 3537 quornm
799 3504 900 3540 primus
917 3503 1004 3532 achim
1019 3524 1028 3537 ,
1049 3502 1175 3532 secundus
1189 3502 1291 3532 scenam
1305 3526 1314 3539 ,
1335 3505 1428 3533 tertius
1444 3503 1600 3533 verticulum
1615 3504 1745 3534 describit.
1792 3507 1876 3539 (Non
1887 3499 1978 3543 *itique
1993 3513 2058 3540 ergo
2074 3503 2232 3532 leuiffimum
2246 3503 2298 3531 fuit
2313 3501 2418 3536 vulnus,
2462 3497 2463 3506 ¹

383 3538 456 3577 quod
472 3546 486 3567 s
500 3546 522 3568 'r
538 3546 584 3574 E?
595 3547 616 3568 Η
629 3547 651 3567 A
661 3547 682 3566 N
694 3547 714 3568 O
738 3541 859 3570 inflixere
874 3544 999 3582 postremi
1013 3545 1210 3582 Sicarii‘potius
1223 3554 1304 3581 quam
1317 3545 1439 3574 Editores
1452 3566 1462 3579 ,
1483 3545 1529 3583 qui
1543 3544 1666 3574 vltimnm
1681 3556 1823 3575 munerum
1836 3567 1845 3581 ,
1866 3543 1992 3583 ,yerficuli
2007 3543 2217 3579 defignationeni
2229 3565 2238 3577 ,
2264 3550 2293 3571 vt
2312 3544 2418 3580 inanem

381 3584 576 3616 amputarunt.)
615 3581 647 3608 In
662 3579 790 3609 Plautims
811 3581 873 3611 duo.
914 3585 990 3614 Prior
1006 3591 1120 3613 annotat
1134 3581 1281 3622 quamlibet
1294 3585 1458 3613 Comoediae
1472 3584 1629 3614 diuisionem
1643 3607 1651 3620 ,
1675 3592 1746 3620 (nani
1758 3588 1787 3615 in
1801 3583 1956 3622 Step‘lmnica
1971 3585 2061 3612 Plimti
2081 3584 2217 3617 editione,
2230 3593 2310 3621 quam
2331 3583 2418 3621 proxi·

381 3628 427 3646 mo
440 3617 498 3647 fere
512 3630 583 3648 anno
599 3619 751 3648 absolucrae
763 3643 772 3656 ,
794 3622 822 3649 in
838 3630 879 3650 tot
893 3625 1060 3653 distribuitur
1075 3631 1162 3664 panes
1178 3620 1353 3664 vuaquaeque
1366 3625 1456 3654 fabula
1470 3648 1478 3660 ,
1498 3633 1565 3664 quot
1581 3626 1766 3664 coinpleetitur
1779 3620 1864 3655 stenas
1878 3645 1887 3659 ,
1907 3625 1937 3652 in
1951 3630 2106 3662 computum
2125 3622 2228 3652 adscitis
2244 3623 2418 3659 argumento,

381 3656 499 3695 ΡΥΟῙΟὲΟ
514 3664 580 3693 effi)
602 3661 735 3699 posterior
746 3661 904 3695 ‚verat-,ulum
920 3686 929 3698 ,
949 3666 978 3693 in
992 3665 1110 3694 editione
1125 3664 1208 3692 niodo
1224 3670 1373 3694 memorata
1387 3667 1504 3694 numeris
1521 3665 1553 3693 ad
1566 3668 1713 3702 nmrginem
1728 3663 1870 3702 diligenter
1883 3672 2014 3693 notatum.
2061 3666 2092 3692 ln
2109 3665 2265 3692 testimoniis
2283 3672 2315 3690 ex
2331 3662 2417 3690 Plinii

382 3695 505 3735 Epistolis
519 3701 609 3729 vinicus
623 3701 659 3729 est
673 3711 798 3729 numerus
813 3723 822 3736 ‚
842 3702 967 3742 idemque
983 3703 1122 3744 epistolam
1136 3705 1275 3734 denotans.
1323 3725 1342 3741 ,‚
1363 3707 1403 3734 Sic
1418 3708 1489 3735 enim
1509 3707 1558 3734 hos
1575 3709 1644 3735 treis-
1661 3707 1794 3736 authores.
1820 3726 1838 3740 ‚2

1884 3705 1994 3736 (Verba
2016 3703 2074 3732 sime
2090 3711 2104 3731 s
2117 3712 2139 3732 'r
2153 3712 2168 3732 i:
2183 3710 2229 3730 pn
2240 3707 2295 3731 ΑΝ
2305 3712 2314 3730 ι
2331 3700 2417 3730 leuo-

380 3747 439 3783 ‘ein
450 3738 479 3763 in
494 3737 566 3766 aditu
579 3739 784 3780 compellantis)
804 3763 823 3776 ‚2
840 3743 935 3771 nostris
947 3743 1080 3784 expressos
1094 3745 1290 3774 charat‘keribus
1303 3756 1352 3785 per
1365 3756 1491 3775 numeros
1504 3747 1667 3776 distinximus
1681 3770 1690 3783 ‚
1716 3755 1745 3776 vt
1757 3746 1775 3774 fi
1787 3746 1846 3784 quis
1860 3744 1958 3773 locum*
1968 3755 2000 3772 ex
2016 3745 2183 3773 Dielionario
2199 3741 2418 3777 conferre·velit‚

381 3797 401 3812 ‚‚
415 3776 441 3803 id
454 3775 539 3805 facere
555 3778 630 3808 nullo
647 3783 758 3817 negotio
770 3791 861 3820 queat.
901 3785 935 3812 At
950 3795 995 3813 cur
1008 3808 1016 3821 ‚
1040 3787 1143 3824 inquiet
1157 3794 1332 3824 percontator
1343 3808 1352 3821 ‚
1380 3796 1436 3814 non
1449 3787 1518 3815 idem
1533 3786 1614 3816 fecisti
1633 3790 1662 3816 in
1675 3787 1799 3816 omnibus
1816 3785 1974 3814 authoribus
1989 3787 1999 3812 3
2018 3785 2089 3818 Qiia
2105 3784 2225 3812 noudum
2239 3781 2286 3810 sub
2299 3782 2417 3810 ‘nostruin

380 3838 400 3852 ²²
415 3814 519 3854 prelum
531 3827 670 3849 ‘'memm-
689 3842 710 3857 »ι
750 3826 774 3854 τ)
795 3843 813 3856 2,
834 3824 926 3862 Itaque
940 3826 1053 3860 ingenue
1066 3825 1166 3862 fateor,
1181 3825 1249 3854 nihil
1264 3827 1306 3855 hic
1320 3826 1400 3856 inesse
1414 3827 1448 3856 de
1461 3838 1538 3863 meo,
1560 3837 1667 3868 praeter
1689 3822 1809 3868 laborem
1823 3835 1852 3854 ac
1867 3824 2033 3862 diligentiam
2053 3831 2080 3853 et
2094 3824 2211 3852 Gallicae
2231 3821 2417 3851 declarationis

379 3878 400 3892 .,
415 3857 514 3884 bonam
530 3865 642 3897 partem.
661 3882 681 3897 ‚,
721 3861 835 3892 praefat.
852 3870 866 3892 s
880 3871 902 3893 'r
912 3870 929 3893 ε
941 3871 957 3892 r
967 3872 999 3893 u.
