2474 4182
37 172 95 214 8¹3
420 153 683 198 CAV

35 251 117 279 causas
135 251 194 278 Stat.
209 248 299 277 Theb.
316 257 353 281 12,
367 256 428 283 544.
500 247 636 281 Expone-re
653 243 754 270 causam
772 243 840 270 Hor.
854 243 935 270 Serm.
949 251 974 276 1,
989 251 1016 278 7,
1030 251 1067 269 22.

10 312 11 318 ,
36 288 135 314 Lucret.
147 296 170 319 3,
185 293 228 320 3ι7
253 286 376 318 Quorum
394 293 443 319 ego
462 291 529 309 nunc
549 289 651 315 nequeo
671 287 756 305 caecas
771 280 907 314 Exponcre
926 280 1021 306 causas.
1047 281 1066 305 ι’.

35 324 140 352 occultas
152 331 274 348 enarrare.
346 321 505 355 Expromere
517 325 590 344 veras
602 316 688 341 causas
700 315 797 341 Lucan.
814 324 833 348 i,
846 318 888 349 67,
960 315 1065 341 Sribon.

12 379 13 382 ,
35 359 124 391 Comp.
139 362 185 386 228
203 358 316 390 Oportet
334 362 420 382 autem
435 363 515 390 quum
534 352 583 379 hoc
601 350 824 377 medicamentum
843 352 944 377 causam
964 351 1067 377 Fecerit

12 391 14 436 l
35 394 63 420 in
79 393 195 424 strumis,
215 392 318 418 nullum
340 391 411 418 aliud
430 389 646 416 medicamentum
667 386 812 414 adhibere:
839 388 918 413 Sanae
937 387 1009 413 enim
1029 386 1065 412 ita

12 443 13 448 ι
34 429 106 455 flunt.
160 428 269 454 Causam
279 429 373 454 Facere
385 431 532 486 interpretor
544 421 636 457 efficere
649 422 725 455 illud,
745 426 815 449 cuius·
833 423 906 459 confit
920 423 1065 448 adhibetur:

13 486 15 491 ,
33 473 74 490 nec
86 468 145 498 opus
159 463 377 496 rjlli*e7neiidati'o›1t·
389 463 442 488 Rho
459 462 496 488 ι’ἰῐ
513 458 625 485 crustam
642 459 753 485 Fecerst-
825 459 880 485 Cic·
896 460 934 492 Q
947 459 1029 484 Frsstl'·
1046 465 1067 495 ¹?

33 508 49 526 2
69 500 145 525 Certe
160 500 234 530 Scio,
248 505 274 526 te
288 499 358 525 enini
371 496 463 524 Fecitse
475 503 534 521 cum
555 495 638 520 causa.
663 494 687 520 b.
702 504 720 520 e.
736 495 940 529 Qiemodmoilum
960 502 999 520 res
1012 494 1066 528 ipsa

32 533 179 570 expostulare
192 535 327 562 uidebatur.
386 532 456 558 Fieri
469 530 569 556 causam
583 530 690 556 dolendi
702 530 783 557 alicui
796 530 877 557 Ouid.
888 531 951 555 Met.
966 538 996 559 ιι,
1010 536 1066 560 345.

32 563 162 604 Qii‘neiii.
176 578 197 604 ς,
213 580 240 597 10
265 570 333 597 Nam
346 568 439 594 ssmiles
452 565 605 600 parentibus
621 575 648 592 ac
661 566 808 592 maioribus
824 566 875 592 suis
888 565 938 590 tilii
951 564 1065 598 plerum-

32 614 84 641 que
101 607 243 633 creduntur
258 616 263 632 :
297 611 322 631 et
339 611 528 636 nonnunquam
550 601 656 628 honeste
670 603 835 637 turpiterque
852 600 977 634 viueudi‚
1001 598 1063 638 inde

32 642 123 668 causac
136 642 240 668 Fluunt.
308 639 380 666 Idem
394 645 420 672 7,
435 646 460 670 3,
475 646 500 670 33
527 638 598 668 Nec,
619 637 793 673 vndecunquc
808 637 881 664 causa
894 636 998 667 Fluxit,
1024 634 1065 660 ibi

10 672 18 685 '¹
31 677 106 712 culpa
119 677 163 703 cst.
183 702 186 706 ,
232 676 286 703 Cic.
299 674 349 702 Off.
363 682 388 706 2,
403 682 440 706 44
464 674 534 699 Nam
549 674 566 699 fi
581 674 640 709 quis
654 674 686 700 ab
703 674 808 700 ineunte
817 678 898 699 aetate
906 671 993 698 Habet
1007 679 1065 697 cau-

13 686 19 735 l
31 714 83 739 sam
97 713 268 744 celebritatis,
286 716 330 737 aut
342 709 457 736 nominis
472 718 486 735 a
499 715 571 743 patre
584 716 712 744 acceptam
722 730 729 742 ‚
750 717 795 736 sec.
847 708 884 735 Id.
899 716 947 742 pro
961 707 1065 733 Cluent.

11 746 13 752 ’
31 753 61 779 82
90 749 159 782 Age,
181 747 303 783 quoniam
320 745 507 780 corrumpendi
527 745 621 772 iudicii
643 747 728 772 causas
746 745 792 771 ille
814 744 907 770 multas
930 749 955 769 et
976 751 1067 777 graues

12 779 21 831 ll
32 783 139 816 habuit,
160 784 202 810 hic
214 782 327 813 nullam,
348 788 394 807 etc.
466 781 597 815 Qiinftil.
611 789 639 816 7,
652 790 676 812 2,
689 784 719 813 36
740 781 792 806 Aut
804 780 885 820 ctiaui
901 779 1006 819 dignius
1020 780 1068 804 effe

18 819 96 855 iodio
109 819 201 851 scelus,
221 817 291 852 quod
304 816 495 844 nonHabuerit
509 818 620 844 causam.
676 819 706 843 Et
718 826 747 849 41
769 817 807 841 De
821 818 899 841 caulis
914 818 1067 849 trequenter

14 857 22 903 ,l
31 855 123 890 quaeri
134 854 200 881 nihil
211 853 318 885 attinet,
337 859 365 878 vt
382 853 410 878 in
423 853 577 884 adulteriis,
597 854 625 879 in
640 853 734 883 furtis,
755 851 818 885 quia
833 850 889 876 illas
908 859 954 884 pci-
974 851 998 877 se
1013 851 1067 884 ipsa

13 891 140 921 iicriinina
156 890 240 916 secum
259 887 363 915 liabent.
437 889 542 916 Habere
561 888 688 915 naturales
707 888 792 912 causas
813 887 870 912 Cic.
887 886 918 911 de
934 886 1025 912 Diuin.
1041 894 1066 917 2,

14 922 86 987 ἶι4ο.
155 924 226 951 Idem
242 923 274 951 de
289 925 349 951 Diu.
365 933 382 956 1,
397 927 431 951 60
457 925 596 960 Quidquid
616 923 686 950 euim
700 923 803 953 oritur,
820 921 1002 956 qualecunque
1021 921 1067 953 est,

31 961 130 988 causam
137 960 238 986 Habeat
252 969 267 986 a
281 967 373 987 natura
389 962 485 988 necess'e
499 961 544 987 est.
613 961 644 986 Et
657 960 726 985 Fam.
739 967 775 989 12,
793 966 822 990 ¹4
844 958 914 984 Naui
930 957 1002 991 quod
1015 956 1065 983 huc

22 989 166 1031 lpropcrent
185 996 212 1022 in
226 996 377 1030 magistratu
392 997 500 1029 venire,
519 1002 564 1023 aut
579 995 722 1022 exercitum
735 995 858 1025 mittere,
876 994 977 1018 causam
994 993 1067 1026 (nlo-

22 1032 118 1066 lneam)
130 1040 184 1058 non
196 1032 310 1058 Habent.
382 1033 438 1059 Cic.
453 1032 484 1058 de
493 1033 586 1059 Natur.
601 1032 681 1057 Deor.
696 1038 716 1062 1,
729 1037 746 1064 7
773 1029 817 1056 Sin
837 1034 925 1054 autem
944 1029 1004 1063 quis
1026 1036 1067 1054 re-

22 1056 120 1114 lquirit,
134 1076 201 1102 quae
215 1069 289 1094 causa
302 1077 350 1094 nos
359 1068 507 1103 Impulerit,
520 1074 548 1094 vt
562 1066 624 1093 haec
637 1073 690 1092 tam
704 1066 761 1091 sero
774 1065 859 1091 literis
872 1064 1067 1103 mandaremus,

23 1111 69 1148 ἷκε.
121 1103 243 1130 Incidunt
258 1104 365 1136 causae,
386 1103 438 1130 vid.
457 1105 602 1130 1NCiDOJ
672 1101 743 1127 Inire
758 1101 861 1127 causam
882 1100 993 1126 alicuius
1011 1108 1067 1130 rei,

21 1138 77 1179 ῳίά.
92 1146 157 1166 iNE
167 1146 196 1166 O.
245 1139 300 1166 Cic.
315 1139 347 1166 de
357 1140 432 1166 Orat.
449 1148 467 1171 ι,
481 1147 521 1171 123
541 1140 594 1165 Has
608 1138 693 1164 causas
707 1136 878 1163 inueniebam
894 1136 966 1165 duas,
980 1137 1067 1161 Vnam

20 1174 112 1210 quod,
129 1182 176 1201 etc.
248 1175 321 1201 Idem
335 1184 383 1210 pro
396 1176 469 1201 Rosc.
485 1176 572 1200 Amer.
587 1179 600 1203 8
618 1173 761 1206 Postremo,
775 1172 792 1198 fi
806 1179 910 1207 praeter
922 1180 979 1198 eam
992 1179 1066 1205 prae-

33 1219 101 1243 ·am,
122 1219 201 1246 quani
222 1210 295 1244 dixi,
315 1210 459 1247 quidquam
479 1209 551 1236 aliud
571 1210 661 1235 causae
677 1209 851 1241 Inueneritis‚
871 1215 916 1233 etc.
990 1208 1066 1232 Latet

41 1246 101 1274 ausa
112 1247 208 1282 Virgil.
223 1248 287 1273 Aen.
301 1255 324 1280 5,
343 1248 367 1273 6.
437 1246 537 1281 Legere
550 1252 623 1272 retro
637 1246 737 1276 causas,
755 1245 781 1271 h.
794 1254 814 1271 c.
828 1244 858 1270 ab
872 1246 945 1269 initio
959 1249 1067 1283 reperere

32 1281 157 1309 ouinffil.
173 1290 196 1316 5,
212 1290 249 1315 ιο,
265 1288 298 1316 84
323 1282 462 1310 Peruenire
477 1290 531 1316 quo
550 1281 616 1308 libet
633 1287 705 1308 retro
719 1281 804 1307 causas
818 1279 976 1313 Legentibus
996 1279 1067 1304 licet.

28 1322 30 1332 ¹
57 1325 134 1345 ancnt
153 1319 259 1351 causae,
283 1318 334 1344 vid.
352 1324 503 1345 MANEO.
576 1318 697 1344 Memora
715 1316 784 1343 mihi
799 1316 883 1342 causas
897 1315 971 1341 Musa
989 1315 1064 1349 Virg.

36 1362 39 1365 “
51 1363 90 1380 en.
107 1363 127 1386 1,
145 1363 177 1380 12.
248 1354 392 1381 Cic.Tusc.
411 1362 431 1386 1,
444 1361 480 1388 74
501 1354 568 1380 Cato
581 1360 667 1380 autem
680 1352 712 1379 iic
725 1352 793 1379 abiit
806 1361 820 1378 e
832 1351 903 1383 vita,
923 1357 950 1376 vt
963 1350 1067 1377 causam

54 1389 160 1416 oriendi
174 1386 288 1417 Nathan
304 1390 328 1416 se
340 1390 388 1415 effe
401 1389 534 1424 gauderet.
595 1389 666 1415 Idem
680 1389 712 1414 de
723 1388 815 1414 Diuin.
830 1395 855 1418 2,
869 1397 887 1420 4
910 1387 951 1414 Ad
963 1387 1067 1421 reliqua

13 1450 16 1451 .
30 1425 106 1452 ·lacri
121 1425 288 1453 tendebamus
302 1425 407 1457 animo,
423 1425 456 1452 iic
470 1425 568 1460 parati,
583 1431 611 1451 vt
625 1424 672 1450 nili
685 1431 752 1458 quae
766 1423 874 1457 grauior
889 1423 964 1448 causa
978 1422 1067 1449 Obsti-

38 1462 108 1494 ilset,
128 1462 230 1488 millum
244 1460 427 1496 philosophiae
441 1460 530 1487 locum
542 1461 591 1487 ess'e
604 1467 769 1495 pateremur,
786 1459 833 1493 qui
848 1467 902 1484 nou
917 1459 1018 1484 Latinis
1035 1458 1067 1498 li-

38 1498 90 1524 eris
104 1497 243 1524 illustratus
258 1503 364 1532 pateret.
436 1497 526 1524 Patent
540 1497 629 1523 causae
643 1495 723 1522 Ouid.
740 1494 804 1521 Fast.
820 1505 848 1528 4,
869 1503 905 1529 17-
980 1495 1065 1520 Perci-

35 1541 89 1559 -ere
102 1534 202 1560 causam
217 1533 289 1560 Idem
303 1532 367 1560 Fast.
382 1541 407 1565 1,
423 1535 477 1560 166.
508 1540 532 1558 et
550 1542 577 1566 4,
590 1537 645 1565 938.
717 1532 749 1557 Ee
768 1529 800 1556 de
816 1531 879 1556 Arte
895 1531 953 1556 Am.
966 1539 997 1562 2,
1017 1532 1066 1563 560

39 1578 56 1594 n
69 1570 143 1595 causa
155 1569 244 1596 damni
256 1568 351 1596 Perstat
369 1574 479 1603 vterque
492 1568 532 1594 sui
546 1578 551 1594 ε
577 1566 716 1602 deprehensi
734 1574 757 1593 et
770 1567 823 1593 idco
835 1568 922 1602 puniti
942 1576 990 1592 non
1009 1564 1068 1600 defi-

0 1623 2 1633 .
32 1610 88 1629 unt
98 1610 210 1639 peccare.
282 1604 396 1630 Probare
420 1603 502 1630 Ouid.
521 1604 587 1630 Met.
609 1612 646 1635 ιι,
665 1612 729 1636 449.
804 1604 939 1636 Qxaerere
959 1602 1015 1628 Cic.
1037 1601 1068 1627 de

8 1659 18 1670 f.
33 1641 98 1665 Drat.
113 1648 121 1666 1
159 1648 185 1666 12
203 1659 208 1665 .

16 1685 17 1691 ι
47 1659 139 1701 ausam,
146 1648 265 1701 Reddere
277 1675 356 1701 vellet
369 1675 495 1705 Aeliano,
516 1682 561 1701 etc.
632 1676 698 1700 Hor.
712 1675 794 1701 Serm.
810 1683 829 1706 ι,
843 1684 872 1708 4,
888 1676 930 1699 ιι6
951 1674 1068 1708 Sapiens,

33 1711 122 1743 itatu,
141 1709 266 1745 quodque
279 1712 360 1745 petita
380 1710 409 1736 sit
428 1711 522 1738 melius
540 1711 627 1736 causas
643 1710 734 1736 reddat
753 1709 814 1736 tibi.
886 1710 942 1736 Cic.
956 1710 988 1736 de
1005 1710 1068 1736 Vni-

6 1766 7 1770 ,
34 1746 90 1773 ers.
101 1753 114 1779 5
139 1745 247 1772 Nullius
262 1747 334 1773 enim
348 1747 404 1779 rei,
424 1747 500 1773 causa
513 1753 629 1775 remota,
649 1746 762 1780 reperiri
778 1746 856 1779 origo
871 1745 961 1779 potest.
1018 1746 1067 1771 Re-

41 1782 129 1809 uirere
142 1782 238 1816 Virgil.
254 1785 318 1808 Aen.
330 1784 361 1814 6,
377 1790 435 1816 710.
507 1781 672 1817 Repetendae
691 1781 780 1807 causae
797 1781 830 1807 ab
845 1781 941 1807 vltimo
956 1781 1066 1814 Qiiiiet.

39 1826 98 1851 ,10,
113 1822 149 1850 83.
194 1820 212 1844 ι’.
244 1818 274 1843 ab
288 1819 372 1843 initio.
445 1818 572 1852 Repetere
591 1817 676 1842 causas
697 1816 775 1842 altius

40 1853 82 1879 cio
101 1853 203 1879 causam
216 1853 330 1880 Martial.
344 1861 368 1888 7,
383 1858 419 1885 85.
490 1853 569 1887 Sequi
583 1853 669 1878 causas
688 1852 785 1879 Lucan.
799 1861 811 1884 3
821 1873 829 1885 ,
842 1861 896 1885 303.
967 1853 1066 1879 Stetere

37 1889 112 1915 ausae
125 1897 172 1915 cur
186 1889 302 1923 perirent
316 1887 425 1915 vrbibus
438 1888 494 1914 irae
507 1889 573 1914 Hor.
588 1888 677 1914 Carm.
691 1897 711 1920 1,
726 1891 763 1921 16,
781 1896 817 1921 19.
889 1888 944 1915 Cic.
958 1889 1036 1914 Vcrr.
1045 1896 1066 1921 5,

40 1931 72 1957 45
93 1924 127 1950 At
140 1933 206 1959 quac
219 1925 292 1950 causa
305 1933 359 1950 non
373 1923 567 1950 Subiieiebatur
580 1923 613 1950 ab
627 1924 683 1958 ipso
692 1943 699 1955 ,
719 1924 838 1956 Iudices,
853 1923 932 1950 huius
953 1930 1006 1950 tam
1024 1932 1069 1949 ne-

37 1961 106 1986 ·riae
119 1959 295 1986 crudelitatis3
365 1959 467 1986 Subeffe
482 1959 581 1985 nullam
596 1968 704 1993 grauem
718 1961 820 1986 causam
834 1960 916 1987 video
932 1959 1005 1985 Idem
1013 1960 1067 1985 Att.

37 2020 41 2023 .
66 2003 102 2021 ιο.
155 1996 187 2022 Et
198 1995 251 2021 Att.
268 2004 294 2028 1,
330 2015 338 2022 .
374 2015 380 2021 .
415 1996 475 2021 Hoc
495 1996 585 2022 causae
597 1994 695 2027 Sumfi,
714 1995 787 2030 quod
806 2003 837 2020 ex
858 2001 884 2021 te
901 1995 958 2029 ipso
978 2004 1067 2022 coram

38 2045 40 2052 ·
58 2039 98 2057 tea
115 2030 185 2057 nihil
205 2031 343 2066 potuissem
363 2031 529 2065 cognoscere.
601 2031 656 2056 Cic.
674 2031 752 2058 Acad.
769 2040 793 2063 1,
814 2032 830 2057 6
855 2031 928 2064 Quid
944 2031 980 2057 est
994 2032 1067 2057 euim

51 2075 163 2101 agnum,
185 2076 267 2102 quum
282 2067 368 2093 causas
385 2075 475 2093 rerum
490 2065 661 2093 efficientium
678 2067 832 2097 Sustuleris,
854 2067 885 2093 de
899 2067 1067 2102 corpusculo-

39 2124 40 2127 ,
56 2112 80 2129 m
101 2103 156 2134 (ita
171 2103 242 2129 enim
256 2102 368 2136 appellat
380 2105 500 2134 atomos)
516 2102 685 2129 concursione
699 2103 810 2129 fortuita
823 2102 899 2137 loqui
914 2104 922 2129 3
959 2104 1067 2137 Te5ere

18 2163 21 2165 .
53 2139 125 2164 usam
138 2137 251 2164 alicuius
265 2138 306 2163 rei
324 2137 406 2164 Ouid.
420 2139 485 2164 Met.
501 2147 535 2170 13,
549 2143 609 2172 748.
680 2139 802 2165 Tentare
816 2139 916 2170 causas,
934 2139 957 2164 h.
974 2148 992 2164 c.
1009 2141 1067 2164 Per-

42 2177 121 2200 ‹u'rcre
132 2173 229 2208 Virgil.
243 2174 306 2200 Aen.
321 2182 343 2206 3,
356 2182 393 2206 32.
452 2173 576 2200 Trahere
589 2182 620 2199 ex
635 2174 761 2208 qualitate
775 2174 841 2200 caeli
854 2174 940 2199 causas
955 2172 1066 2204 Qiineh

11 2229 16 2235 .
43 2230 47 2238 .
62 2218 88 2242 9,
103 2216 137 2242 15.
208 2208 305 2235 Videre
320 2210 419 2240 causas,
460 2212 478 2234 i.
504 2209 651 2244 Cognoscere
670 2209 746 2234 Lucr.
762 2217 782 2239 ι,
796 2216 849 2240 154.
1007 2205 1027 2244 *ᾗ
1050 2208 1068 2232 6

43 2245 108 2271 'ausa
125 2241 174 2277 est,
195 2244 224 2270 de
235 2253 281 2279 quo
291 2247 377 2280 agitur
397 2250 421 2269 et
439 2243 606 2279 disceptatur,
618 2243 673 2276 Jiue
691 2246 718 2269 in
725 2243 832 2279 finam,
844 2241 899 2276 fiue
910 2245 937 2268 in
945 2241 1025 2278 foro,
1043 2249 1067 2268 et

45 2279 212 2314 audliudices,
219 2280 273 2313 siue
285 2279 351 2314 apud
356 2280 472 2314 populum
481 2298 489 2311 ,
498 2278 552 2312 flue
566 2282 593 2304 in
602 2281 705 2314 priuato
719 2278 828 2313 consilio.
874 2279 930 2305 Cic.
946 2279 977 2304 de
991 2279 1066 2305 Orat.

22 2345 32 2353 „
46 2319 89 2349 ,78
97 2322 155 2376 c.si9
175 2315 285 2341 Causam
293 2316 423 2348 appellant
430 2323 487 2340 rein
495 2314 604 2349 positam
617 2315 645 2340 in
660 2313 848 2349 disceptatione
861 2323 951 2340 reruni
966 2322 990 2340 et
1006 2323 1068 2340 con-

16 2368 17 2371 =
29 2356 33 2367 ¹
47 2358 113 2376 ouer
123 2359 164 2376 ia:

31 2395 72 2419 =i4
89 2395 110 2412 c.
124 2394 161 2420 ²4
186 2386 265 2413 Nihil
280 2385 332 2418 est,
351 2386 424 2421 quod
437 2387 508 2413 inter
521 2386 642 2413 homines
655 2386 820 2421 ambigatur,
841 2386 894 2412 liue
908 2395 939 2412 ex
952 2386 1066 2412 erimine

16 2424 20 2429 “
54 2421 98 2449 usa
109 2420 218 2454 constet,
231 2427 261 2449 vt
272 2422 400 2449 facinoris
413 2433 421 2453 ς
446 2422 500 2449 flue
517 2431 549 2448 ex
563 2422 758 2455 controuersia,
777 2429 806 2449 vt
821 2421 990 2453 hereditatis3
1012 2422 1066 2448 siue

47 2465 56 2483 c
75 2456 283 2490 deliberatione,
303 2463 332 2485 vt
350 2458 437 2490 belli;
464 2457 517 2485 fiue
542 2467 574 2484 ex
594 2458 788 2493 disputatione,
806 2464 835 2485 vt
855 2457 887 2484 de
910 2459 1014 2484 ratione
1028 2458 1069 2483 vi-

21 2509 25 2527 ,¹
48 2492 126 2519 ‚ndiz
155 2493 184 2519 in
204 2502 258 2528 quo
276 2502 346 2526 non,
365 2500 410 2521 aut
429 2493 495 2529 quid
513 2494 613 2521 faeium
633 2494 678 2527 fit,
696 2501 741 2521 aut
761 2494 823 2527 fiat',
844 2495 1000 2520 futurumne
1021 2492 1068 2525 fit,

26 2547 27 2551 ,
53 2535 183 2562 iactatur,
198 2535 243 2556 aut
263 2530 340 2565 quale
359 2530 415 2562 fit,·
426 2536 472 2557 aut
491 2529 555 2565 quid
574 2537 693 2557 vocetur.

61 2573 87 2597 31
113 2565 273 2598 Causarum,
285 2575 354 2601 quae
368 2566 417 2592 sint
429 2575 444 2592 a
458 2567 594 2593 communi
613 2569 624 2598 (
631 2566 763 2592 infinitam
777 2564 845 2590 modo
858 2564 975 2595 dixerat.)
991 2572 1069 2598 quae-

22 2611 31 2618 *
48 2600 111 2627 fone
128 2600 276 2634 seiunctae,
297 2602 394 2636 partim
408 2602 437 2628 in
451 2602 560 2628 iudiciis
572 2602 688 2632 versari,
706 2601 803 2634 partim
825 2600 853 2624 in
870 2599 1069 2625 deliberationi-

16 2653 19 2658 -
49 2644 74 2662 is
88 2645 94 2663 ε
118 2637 167 2663 effe
179 2637 260 2663 etiam
274 2646 354 2671 genus
368 2637 493 2669 tertium,
506 2638 580 2672 quod
594 2638 623 2664 in
637 2635 772 2663 laudandis
786 2640 811 2661 et
824 2635 1006 2669 vituperandis
1021 2635 1068 2661 ho-

17 2675 20 2679 '
55 2670 144 2698 inibus
155 2678 308 2706 poneretur.
379 2672 510 2705 Qinffil.
524 2678 548 2705 8,
560 2681 582 2705 3,
598 2682 620 2699 ιι
641 2673 705 2698 Non
716 2672 787 2697 idem
802 2671 1028 2702 demonstratiuis,
1043 2677 1069 2698 et

61 2707 227 2739 lineratiiiis,
246 2713 272 2733 et
285 2706 456 2736 iudicialibus
470 2707 549 2733 causis
567 2708 716 2735 conueniet.

67 2741 198 2768 eutationi
211 2742 385 2777 compositum
398 2742 479 2769 solam
490 2743 556 2777 petit
567 2743 732 2770 audientium
745 2743 919 2778 voluptatem,
933 2750 978 2770 etc.
1008 2746 1071 2769 Alia

54 2775 117 2811 'uilio
132 2774 182 2810 qli,
205 2785 277 2814 quam
295 2781 416 2814 proponit
435 2778 531 2805 Fabius
544 2788 572 2812 4,
588 2788 614 2811 1,
626 2789 663 2813 4ο
685 2780 788 2806 Genera
805 2780 940 2806 causarum
959 2779 1070 2814 plurimi

60 2812 151 2847 iinque
170 2813 305 2846 fecerunt,
325 2813 477 2847 honestum,
498 2814 616 2848 humile,
634 2814 746 2842 dubium
764 2815 807 2843 vel
828 2824 936 2850 anceps,
957 2815 1070 2842 admira-

61 2848 98 2879 le,
116 2847 256 2875 obscurum
265 2868 274 2882 ‚
296 2856 340 2876 etc.
409 2849 576 2885 Dqfiiiitiones
588 2851 676 2878 causac
683 2851 822 2878 rhetoricas
830 2851 1070 2886 vi'd.ap.Q1in6til.

66 2891 90 2916 ς,
104 2890 133 2918 17
152 2883 189 2919 sq.
228 2885 278 2911 Hic
290 2888 373 2922 itaque
386 2887 458 2913 eausa
471 2885 603 2923 spec‘latur
620 2897 672 2914 cum
685 2889 804 2914 relatione
820 2888 924 2923 quadam
942 2888 976 2914 ad
989 2890 1029 2913 ius
1047 2894 1072 2913 et

54 2928 108 2952 es,
127 2918 312 2982 vbiguaeritur
323 2918 403 2954 reste,
423 2932 455 2948 an
462 2923 536 2958 ficus
548 2923 605 2950 bene
620 2934 653 2950 an
666 2925 741 2955 male,
755 2927 808 2950 iure
819 2933 852 2949 an
865 2926 960 2949 injuria
974 2923 1072 2959 aliquid

18 2966 19 2969 ¹
62 2962 135 2988 atur,
153 2965 168 2981 α
196 2957 296 2990 umsit,
313 2960 357 2994 agi
369 2957 446 2993 posfit
458 2961 471 2985 ,ἓ
506 2959 563 2986 Cic.
578 2968 627 2994 pro
640 2959 698 2994 Lig.
714 2969 736 2986 c.
751 2969 772 2986 ιι
797 2959 891 2985 Causas
905 2959 973 2994 apud
988 2965 1013 2986 te
1025 2968 1068 2986 ro-

60 2991 147 3018 ntium
160 2991 288 3027 gratiores
301 2994 365 3026 esse,
384 3002 464 3029 quarn
479 2995 585 3028 vultus,
604 3002 627 3022 te
639 2998 720 3032 magis
732 2995 831 3026 videre,
849 2995 911 3031 quid
921 2998 978 3031 quis
988 3003 1069 3031 petat,

63 3029 169 3067 “mfll‘i‘
176 3034 256 3064 petat.
269 3063 276 3068 Ι
301 3063 307 3069 .
325 3027 399 3056 Idem
412 3030 484 3057 Fam.
499 3038 533 3064 15,
547 3040 566 3065 4
586 3031 669 3058 Cuius
682 3032 764 3058 etiam
777 3031 930 3064 interitum,
947 3037 977 3058 vt
991 3032 1070 3058 facile

61 3060 222 3108 tellig'ege-m,
239 3062 309 3090 mihi
328 3071 456 3100 quantum
473 3067 619 3099 tribueres,
638 3067 751 3094 Milonis
774 3067 848 3093 causa
867 3067 895 3093 in
911 3067 1006 3094 Senatu
1025 3067 1069 3094 de-

59 3095 176 3138 ridenda,
187 3098 349 3133 approbaris.
419 3103 450 3129 Et
462 3102 494 3129 de
508 3103 582 3131 Orat.
596 3112 619 3135 1,
633 3111 681 3138 107
706 3104 794 3137 Qiam
809 3103 940 3137 poffiunus
951 3104 1069 3138 reperire

76 3131 200 3173 omnibus
211 3133 289 3160 rebus
301 3135 426 3163 ciuilibus
439 3139 540 3166 causam
552 3140 806 3174 contentionemque
826 3140 970 3172 maiorem,
987 3148 1069 3175 quam

76 3167 187 3202 ordine,
206 3175 251 3195 etc.
322 3171 379 3198 Cic.
390 3171 422 3198 de
433 3173 508 3200 Orat.
521 3183 545 3205 2,
561 3183 597 3210 42
622 3176 653 3201 Iri
667 3175 770 3202 ciuium
783 3174 862 3201 cautis
876 3175 1070 3210 disceptationi-

61 3213 80 3230 is
101 3212 133 3230 ue
144 3204 290 3231 versantur.
359 3206 432 3235 Idem
445 3208 477 3235 de
490 3210 564 3237 Orat.
577 3219 604 3244 2,
617 3219 664 3238 201
686 3220 709 3238 c.
721 3220 757 3245 49
781 3211 822 3237 Sic
837 3210 866 3236 in
880 3210 924 3237 illa
937 3212 1012 3238 omni
1025 3212 1069 3238 de-

70 3276 75 3281 ι
88 3248 149 3280 ione
162 3247 242 3276 atque
253 3241 342 3274 causa,
361 3243 433 3278 quod
445 3245 492 3272 esse
506 3246 534 3272 in
547 3253 602 3273 arte
616 3247 728 3282 positum
741 3245 883 3274 videbatur
898 3247 994 3275 leuiter
1013 3256 1071 3283 per-

22 3278 25 3285 ·
68 3284 133 3317 ιιιιςι.
204 3275 288 3303 ,aecor
303 3278 392 3304 causae
407 3280 537 3313 Qiine'til.
557 3292 590 3316 4,
611 3291 637 3316 1,
655 3285 679 3309 6.
750 3282 839 3310 Cardo
857 3282 929 3310 idem
942 3291 970 3317 5,
990 3293 1033 3317 12,
1047 3293 1070 3317 3.

1 3335 4 3340 ,
40 3330 45 3333 .
60 3317 240 3353 ·ncinnatoi·es
254 3319 280 3338 et
297 3313 458 3354 redemtores
471 3317 620 3351 causarum,
639 3318 657 3345 fi
672 3318 876 3354 deprehenderit
888 3320 998 3353 Procos,
1015 3329 1070 3347 non

0 3358 2 3360 ’
40 3382 44 3388 .
66 3347 109 3375 bet
122 3347 280 3388 dissimulare
295 3349 399 3384 leian.
412 3350 471 3377 inl.
485 3360 510 3385 2,.
529 3361 576 3380 nee
588 3354 745 3390 quidquam.
762 3352 818 3391 §.9
840 3355 908 3382 circa
922 3355 1071 3383 aduocatos-

77 3383 108 3411 de
120 3383 189 3411 oflic.
204 3384 324 3425 Procons.
383 3386 586 3426 Confirmatio,
605 3396 631 3417 et
651 3391 792 3417 inclinatio
810 3390 891 3417 totius
906 3391 1036 3425 Qiinffil.
1049 3400 1072 3425 ς,

80 3427 120 3455 57.
189 3420 335 3447 Conflieho
349 3430 435 3456 prima
448 3421 520 3450 Idem
533 3432 555 3456 3,
570 3427 597 3458 6,
610 3434 628 3459 4
644 3433 668 3452 et
685 3435 716 3453 ιι.
788 3426 941 3461 congressus
960 3428 1071 3462 Qiintfft.

4 3477 7 3484 ‚
51 3459 53 3462 ’
71 3457 97 3488 6,
109 3463 136 3497 4.
169 3491 175 3496 .
208 3455 300 3483 Die'tio
315 3458 421 3498 causae,
438 3460 517 3494 Apulo
535 3463 578 3493 ia,
591 3460 616 3497 s.
630 3461 745 3498 defensio.
782 3462 855 3489 Caes.
869 3462 934 3490 Bell.
948 3463 1072 3498 Gall.i,4

42 3504 44 3511 ν
70 3490 235 3532 {constituta
254 3493 344 3519 causae
358 3493 498 3525 dictionis,
543 3497 660 3530 rgetorix
678 3498 710 3525 ad
723 3497 855 3524 iudicium
874 3507 980 3525 omnem
998 3500 1071 3526 suam

78 3539 81 3548 ι
99 3525 161 3568 liam
179 3527 213 3554 ad
227 3527 368 3556 hominum
382 3529 467 3557 millia
479 3529 569 3558 decem
581 3532 698 3568 vndique
711 3534 799 3568 coegit
812 3544 818 3560 :
845 3542 891 3568 per
902 3542 946 3560 eos
965 3544 998 3561 ne
1012 3544 1072 3562 cau-

28 3567 46 3588 .-·
98 3561 212 3604 diceret,
229 3564 255 3590 se
267 3565 376 3600 eripuit.
449 3566 538 3593 Facies
554 3568 626 3594 noua'
646 3576 672 3596 ct
691 3570 765 3596 varia
785 3570 922 3596 causarum
941 3571 1072 3604 Qiinetil.

42 3604 45 3607 ’
72 3605 124 3640 4233
163 3598 240 3640 Fides
260 3600 334 3628 Idem
350 3606 446 3634 1,8,10.
520 3603 658 3637 Et4‚1,42
681 3604 826 3632 Infinuatio
840 3606 956 3639 surrepat
967 3607 1071 3640 animis,

66 3645 71 3654 «-
90 3646 105 3656 »
119 3641 146 3660 e
156 3633 204 3660 vbi
215 3635 290 3663 frons
303 3638 394 3664 causae
412 3646 467 3663 non
481 3638 541 3664 satis
555 3638 662 3665 honesta
676 3640 721 3666 est.

67 3674 116 3696 tus
128 3668 202 3696 Idem
214 3679 238 3704 3,
249 3674 277 3705 6,
289 3680 300 3699 ι
320 3674 357 3709 sq.

80 3704 152 3732 Orat.
167 3713 194 3738 ι,
208 3709 254 3736 118.

471 3674 476 3678 Ι
791 3642 851 3668 Pars
870 3640 1000 3675 Qinetil.
1011 3650 1036 3675 33
1047 3651 1070 3676 5.

413 3673 533 3700 Varietas
547 3675 696 3706 causarum,
713 3681 738 3702 et
750 3676 896 3703 multitudo
910 3676 1000 3704 litium
1013 3679 1070 3706 Cic.

37 3743 40 3745 Δ
449 3707 470 3747 ff
490 3718 507 3744 7
544 3711 659 3745 Epitheta
673 3711 764 3737 causae
776 3719 824 3747 pro
835 3721 875 3743 re,
893 3711 922 3738 de
934 3722 982 3749 qua
995 3713 1070 3749 diste-

32 3766 37 3776 ,
70 3745 127 3783 1¹⁸3?-
147 3780 149 3782 η
162 3741 316 3782 Absolutam
327 3744 429 3772 causam
442 3752 532 3777 vocat,
551 3746 628 3772 Nihil
639 3744 799 3780 difficultatis
811 3747 952 3781 habentem,
966 3749 1070 3784 leian.

32 3797 35 3802 .
78 3773 95 3801 Ι.
107 3775 312 3806 Carbonianum.

31 3812 46 3816 ’
57 3810 108 3837 aa
118 3821 126 3837 :
148 3812 179 3838 Et
193 3811 211 3839 fi
225 3813 332 3854 quidem
341 3837 350 3849 ,
365 3820 463 3853 inquit,
483 3817 638 3844 Absolutam
651 3819 752 3844 causam
767 3818 910 3851 inuenerit,
923 3819 1071 3848 euidenter-

46 3865 49 3871 .
74 3853 88 3872 e
100 3847 241 3888 probauit,
260 3849 347 3878 filium
358 3860 413 3879 non
425 3854 490 3886 effe,
505 3862 601 3888 negare
615 3853 641 3880 ei
655 3853 733 3880 debet
748 3853 880 3880 bonorum
912 3855 1070 3883 offeffionem

43 3897 46 3903 ·
69 3879 226 3924 rbomanam
239 3894 245 3910 :
276 3885 304 3911 si‘
315 3896 382 3915 vero
399 3888 567 3924 ambiguam,
589 3898 635 3916 etc.
676 3889 750 3916 Idem
772 3889 799 3915 in
818 3889 835 3915 l.
853 3897 861 3915 ι
907 3910 913 3916 .
926 3899 943 3916 2
971 3891 1003 3917 D.
1023 3892 1070 3919 Vti

70 3915 170 3958 ¹idetis.
204 3920 398 3954 Qiotiesinter
410 3924 557 3959 litigatores
575 3925 612 3952 est
625 3926 795 3960 proprietatis
813 3925 1008 3959 controuersia,
1024 3933 1070 3954 aut

60 3955 158 3981 “inuenit
169 3960 229 3982 vter
240 3958 360 3992 poss'cffor
372 3959 420 3992 Iit,
438 3966 498 3989 vtet-
510 3961 610 3996 petitor
624 3973 630 3988 :
655 3968 701 3988 aut
714 3970 770 3988 non
787 3961 923 3988 conuenit.

1090 393 1103 419 Ul

1083 577 1112 596 10

1082 930 1117 949 20

1087 1292 1120 1316 30

1087 1472 1116 1497 33

278 1639 394 1666 Martial.
409 1647 447 1671 ιι,
466 1648 498 1673 41
523 1640 616 1673 Quini
635 1639 716 1665 tristis
729 1645 898 1673 quereretur,
922 1644 947 1664 et
962 1638 1068 1672 roganti
1079 1650 1116 1676 40

797 1816 929 1850 Qiineft'il.
944 1824 977 1849 11,
993 1825 1013 1849 1,
1027 1819 1067 1843 62.
1085 1825 1119 1852 45
1127 1818 1204 1860 fiffs'*
1219 1820 1301 1856 oppos.
1330 1820 1369 1846 Id.
1387 1827 1412 1853 7,
1425 1828 1453 1852 4,
1469 1821 1507 1851 36.
1549 1819 1607 1845 isid.
1621 1830 1676 1845 mox
1688 1822 1783 1854 Agere.

1085 2003 1116 2028 30

1088 2175 1116 2201 52·

183 2350 371 2383 Quaestionem
383 2358 471 2377 autem
487 2359 544 2377 rem
553 2349 661 2385 positam
675 2349 703 2376 in
711 2349 999 2377 infinitadubitatioue.
1036 2352 1069 2376 Et
1087 2349 1123 2374 60
1135 2353 1243 2379 dandum
1258 2353 1415 2388 Consulatum
1430 2354 1467 2384 ci,
1488 2354 1531 2386 qui
1545 2353 1650 2378 Praetor
1663 2353 1875 2389 nondumfufflbt.

766 2530 839 2556 Idem
859 2529 890 2554 dc
902 2529 977 2555 Orat.
993 2536 1010 2558 1,
1025 2536 1068 2561 ¹4¹
1087 2531 1119 2562 65
1134 2531 1159 2556 sa
1181 2529 1311 2564 Qxinffil.
1328 2537 1355 2564 7,
1372 2539 1394 2561 3.

1089 2893 1122 2921 75

1084 3069 1116 3094 80

1085 3247 1115 3276 83

1083 3436 1119 3461 90

1084 3611 1118 3638 93

1105 1106 1115 1113 “
1133 1111 1177 1128 rus
1199 1102 1236 1128 Id.
1251 1111 1277 1135 4,
1290 1110 1308 1132 ι,
1322 1110 1367 1137 47.

1126 3857 1179 3892 flio
1193 3863 1310 3887 criminis
1319 3866 1379 3893 pera
1405 3859 1466 3888 rur,
1488 3859 1516 3882 in
1529 3865 1628 3884 carcere
1645 3857 1760 3884 vinc‘imn
1779 3856 1830 3890 effe.

1515 158 1776 199 CAV
2105 171 2171 216 814

1128 244 1212 284 venit,
1228 242 1378 284 absolutum
1392 245 1437 278 est,
1451 253 1495 273 etc.
1544 249 1600 275 Cic.
1616 249 1648 275 de
1660 250 1734 276 Orat.
1750 257 1773 280 2,
1788 251 1821 279 86
1839 249 1880 276 Sic
1894 252 2019 285 equidem
2033 264 2115 289 quum
2129 265 2170 290 ag-

1132 280 1239 315 gredior
1256 281 1406 319 Ancipitem
1420 284 1522 309 causam
1534 291 1559 310 ct
1569 287 1694 316 (Ji-auem,
1715 285 1747 312 ad
1762 286 1864 312 animos
1879 286 1996 314 iudicum
2013 292 2169 322 perti-aclau-

1132 317 1192 347 dos,
1214 324 1288 355 oium
1303 322 1406 356 mente,
1424 324 1469 342 etc.
1539 321 1682 347 Alliuutiua
1707 321 1838 354 Qiinslil.
1852 329 1885 356 7,
1899 329 1927 354 5,
1942 330 1959 356 7
1985 325 2053 350 Cum
2073 327 2172 353 saelum

1130 360 1176 386 per
1189 351 1220 390 se⁴
1229 351 1407 391 improbabile
1421 353 1534 392 alliuntis
1548 357 1705 382 extrinsecus
1719 358 1826 383 auxiliis
1839 364 1954 384 tuemur.
2026 360 2097 387 Bona
2117 371 2173 388 cau-

1130 388 1308 427 sarvtriusquc
1322 394 1402 426 partis
1419 388 1528 420 Qunc'l.
1545 400 1569 421 9,
1585 400 1610 422 2,
1624 401 1664 424 29.
1715 393 1846 427 Capitale-s
1865 393 1938 420 Idem
1951 399 1975 426 8,
1987 402 2011 426 3,
2021 401 2058 427 14.
2106 397 2174 422 con.

1130 422 1276 463 iecturales·
1289 423 1400 463 Quinc}³
1426 432 1451 455 2,
1473 432 1501 456 4,
1525 428 1565 450 26.
1603 435 1629 458 4,
1649 436 1673 460 2,
1694 433 1726 457 ει.
1800 429 1970 456 Decretoriae
1989 430 2077 461 Id.10‚
2092 439 2114 463 5,
2133 440 2175 457 20.

1129 458 1328 498 Deliberatiuae
1347 460 1457 492 Qunet.
1482 466 1505 490 8,
1529 468 1550 491 3,
1576 469 1608 486 11.
1680 464 1893 491 Deuionstratiua
1920 465 2029 498 Qiincffi
2054 471 2067 496 8
2089 468 2129 492 Pr.
2154 472 2176 496 8.

1131 493 1253 534 Difficilis
1269 501 1294 520 et
1308 496 1431 533 perplexa
1451 494 1488 520 Id.
1504 504 1534 526 ιι,
1551 504 1569 527 ι,
1584 498 1622 527 63.
1678 498 1749 525 Dura
1778 501 1844 526 Hor.
1861 501 1943 527 Sei-m.
1957 511 1977 533 1,
1991 510 2029 534 ιο,
2041 504 2082 531 26.
2119 502 2174 528 Cic.

1131 538 1179 564 pro
1195 530 1281 564 Ligar.
1299 539 1326 556 10
1348 531 1431 556 Causa
1445 537 1500 556 tuin
1519 531 1621 561 Dubia,
1643 534 1715 564 quod
1730 542 1784 560 erat
1800 536 1902 570 aliquid
1917 538 1945 562 in
1966 543 2078 572 Vtraque
2093 545 2179 572 pai-tc,

1132 565 1205 607 quod
1219 566 1328 600 probari
1341 567 1429 600 pollet.
1500 567 1599 605 Faciles
1612 567 1644 592 ad
1660 568 1813 609 diluendum
1837 572 1946 605 Quinc-i.
1961 582 1988 605 4,
2003 583 2026 606 2,
2040 581 2083 609 27.
2128 574 2179 600 Fo-

1131 605 1217 628 renlcs
1239 602 1311 627 Ideni
1327 610 1363 633 ιι,
1378 610 1403 633 2,
1419 609 1457 633 23.
1530 602 1651 634 linares,
1682 604 1776 630 sriltcs
1798 607 1906 639 Qun&
1921 617 1952 638 ιι,
1967 618 1989 641 3,
2005 617 2050 642 151.
2122 610 2179 636 Ho-

1132 636 1229 663 nestam
1244 638 1346 662 causam
1361 638 1446 663 secuta
1461 637 1497 662 est
1512 646 1565 662 nou
1581 638 1687 664 honesta
1701 640 1822 666 Victoria
1849 643 1904 670 Cic,
1918 644 1971 670 Off,
1985 653 2007 677 2,
2022 654 2064 678 43,
2136 646 2178 671 In.

1132 674 1310 699 tei-uenientes
1335 673 1495 698 extrinsecus
1515 673 1625 706 Qiinci.
1647 683 1670 705 3,
1693 679 1716 706 8,
1742 681 1775 705 ι8.
1848 679 1960 705 infames
1981 681 2018 707 Id.
2046 690 2074 714 4,
2097 690 2117 713 ι,
2136 684 2179 708 62.

1132 710 1251 743 Integra,
1267 707 1320 734 uid.
1341 710 1454 747 Integer.
1527 710 1657 743 Lucan.7,
1667 712 1700 744 67
1722 711 1831 738 Addidit
1844 714 1979 741 Inualidae
1991 716 2076 743 robur
2090 718 2179 743 facun—

1133 745 1175 771 dia
1190 745 1288 771 causae.
1361 743 1498 770 Inuidiosa
1519 746 1600 771 Ouid.
1617 745 1695 779 Epist.
1709 755 1740 777 2,
1756 755 1808 779 145.
1880 751 2035 784 iudiciales,
2055 752 2108 779 vid.
2130 760 2180 779 iv-

1134 787 1216 808 Dico.
1287 780 1355 807 Iusta
1376 780 1444 806 Ter.
1454 780 1674 814 Phorm.1‚4‚49.
1746 782 1864 809 Liberali
1880 787 1952 812 causa
1966 796 2044 813 manu
2061 790 2180 822 asserere,

1132 816 1184 842 vicl.
1200 816 1420 852 LiBERALlSfitb
1435 821 1533 842 LIBER.
1606 818 1724 843 Maiores
1740 818 1847 851 Qun&
1862 828 1887 851 9,
1899 830 1925 853 4,
1941 827 1991 852 128.
2048 825 2182 851 Maximae

1134 852 1171 878 ld,
1188 861 1225 885 12,
1240 861 1277 885 (C,
1292 854 1331 884 63.
1403 852 1523 878 Minores
1564 851 1600 877 [d.
1615 860 1640 883 9,
1654 861 1726 884 4,21.
1797 856 1889 881 quen.
1904 857 1953 882 Sat.
1970 867 2010 891 13,
2024 868 2070 892 109
2109 861 2181 887 Nam

1134 897 1218 922 quum
1232 897 1326 922 magna
1337 887 1423 914 Malae
1438 886 1550 921 superest
1563 887 1672 913 audacia
1683 890 1787 919 causae,
1824 891 1950 918 Creditur
1969 902 1982 918 a
2005 896 2094 922 multis
2115 896 2184 925 fidu-

1133 925 1181 949 cia,
1256 924 1356 950 Melior
1377 924 1485 957 Quinet.
1499 931 1526 957 7,
1544 932 1572 956 4,
1589 931 1626 948 10.
1699 924 1832 951 obscurae
1847 936 1874 952 ac
1890 928 2052 963 multiplices
2072 932 2183 965 Qun&

1134 968 1162 992 4,
1177 969 1205 992 4,
1220 969 1246 991 4.
1320 960 1402 986 Ouid.
1418 958 1495 993 Epist.
1515 968 1557 989 20,
1570 967 1602 990 92
1620 959 1682 984 Mea
1696 960 1908 994 CumfitOptima
1923 965 1998 991 nullo
2013 968 2182 994 causatucnte

1134 995 1211 1030 perit.
1285 996 1342 1021 Cic.
1358 1005 1406 1029 pro
1420 995 1489 1027 Sylla
1503 1003 1531 1028 52
1554 995 1608 1020 Cur
1622 995 1649 1020 in
1667 995 1725 1021 I’ari
1739 996 1813 1021 causa
1830 1006 1883 1022 nou
1905 1000 1977 1031 paria
1996 1001 2064 1035 sigua
2084 1005 2183 1037 reperi-

1133 1038 1214 1057 untur
1231 1030 1352 1056 criminis
1367 1033 1375 1057 3
1417 1031 1475 1057 istd.
1492 1040 1547 1057 mox
1563 1030 1698 1064 Superior.
1771 1032 1910 1066 Perplexae
1931 1035 2040 1066 (Qiiuct.
2055 1047 2088 1070 4,
2101 1047 2110 1064 1
2141 1041 2184 1067 62.

1134 1066 1229 1093 Politas
1243 1067 1271 1092 in
1284 1066 1421 1093 affectibus
1437 1067 1523 1093 causas
1536 1067 1651 1100 propriis
1665 1066 1782 1101 personis
1802 1068 1880 1094 debet
1900 1069 2008 1096 induere
2028 1059 2186 1100 declaniatu-

1440 1103 1517 1128 Prior
1531 1103 1604 1128 causa
1613 1122 1621 1134 ,
1641 1104 1691 1138 Qii
1702 1106 1768 1129 inter
1777 1102 1839 1130 duos
1851 1106 1972 1131 meliorem
1980 1107 2075 1141 caiefimi
2084 1110 2185 1135 obtinet.

1133 1139 1200 1164 lior.
1216 1138 1298 1164 Sei-m.
1311 1146 1336 1170 2,
1350 1145 1373 1170 5,
1388 1147 1427 1170 30.
1501 1138 1620 1164 Priuatac
1636 1147 1661 1164 et
1673 1138 1797 1165 Publicae
1816 1140 1925 1173 Qiinft.
1941 1150 2067 1175 10,1,119.
2141 1146 2185 1171 ci-

1134 1183 1195 1200 cero
1212 1174 1238 1199 in
1253 1175 1325 1200 Brut.
1339 1179 1383 1208 178
1403 1175 1433 1200 In
1446 1174 1526 1200 causis
1544 1174 1660 1200 Publicis
1675 1174 1759 1206 nihil,
1780 1176 1892 1210 priuatis
1911 1177 1970 1203 satis
1991 1184 2125 1205 veterator
2146 1181 2186 1206 vi-

1135 1209 1254 1236 debatur.
1326 1209 1456 1240 Publicis,
1475 1217 1502 1235 vt
1517 1210 1747 1244 Repemndffl-un„
1768 1211 1895 1244 ambitus,
1913 1213 2071 1247 maiestatis,
2093 1221 2117 1241 et
2133 1224 2188 1242 cae-

1135 1247 1208 1278 teris,
1217 1255 1284 1280 quae
1298 1246 1461 1280 reipublicae
1475 1247 1548 1272 causa
1563 1246 1808 1280 constituebantur,
1826 1256 1855 1274 ω
1867 1252 1905 1274 ait
1921 1250 2047 1276 Asconius
2056 1250 2087 1281 ad
2095 1252 2187 1278 Diuin.

1135 1283 1163 1308 in
1178 1283 1276 1308 Caecil.
1293 1291 1311 1308 1.
1371 1282 1501 1314 Priuatis,
1538 1282 1637 1308 Rerum
1658 1283 1832 1316 priuatarum.
1906 1285 2042 1319 Simplices
2076 1288 2187 1320 Qun&-

1134 1327 1162 1351 4,
1177 1326 1199 1350 2,
1213 1324 1249 1351 ες.
1286 1326 1310 1350 5,
1325 1326 1351 1350 2,
1366 1323 1408 1352 84.
1481 1318 1619 1344 suasoriae
1640 1318 1678 1344 Id.
1694 1324 1707 1349 8
1720 1320 1762 1345 Pr.
1777 1328 1802 1352 9.
1875 1320 2012 1355 Suspectae
2033 1324 2143 1356 Qiinct.
2158 1333 2188 1357 4,

1134 1363 1154 1386 ι,
1168 1356 1210 1380 62.
1282 1354 1409 1388 Superior
1424 1354 1498 1380 causa
1512 1360 1537 1379 ct
1552 1354 1676 1380 inferior.
1750 1355 1880 1388 Budaeus,
1898 1357 2065 1391 Superiorem
2085 1361 2189 1386 causam

1134 1390 1249 1415 dicebant
1256 1397 1304 1425 pro
1318 1399 1353 1422 ro,
1366 1390 1431 1424 quod
1442 1399 1507 1415 nunc
1521 1391 1628 1415 dicimus
1655 1391 1767 1416 Causam
1798 1392 1856 1418 iure
1877 1395 2015 1420 communi
2038 1396 2188 1429 fundatam,

1134 1426 1174 1451 vel
1189 1427 1231 1451 Ius
1252 1426 1440 1459 apparentius:
1477 1429 1546 1451 cuius
1571 1430 1725 1452 contrarium
1752 1427 1912 1454 inferiorem
1933 1430 2035 1456 causam
2058 1433 2189 1458 uocabant.

1134 1462 1190 1487 Cic.
1206 1469 1254 1494 pro
1269 1461 1363 1493 Qiint.
1380 1470 1409 1493 59
1436 1461 1470 1486 At
1485 1461 1502 1486 si
1516 1462 1545 1487 in
1558 1462 1633 1487 causa
1648 1462 1705 1495 pari
1719 1463 1849 1495 Quntius
1864 1465 1997 1491 discedere
2019 1466 2135 1493 inferior
2150 1468 2190 1493 vi·

1135 1496 1260 1526 deretur,
1281 1503 1369 1522 tamen
1381 1497 1442 1522 ess'ct
1455 1506 1509 1522 non
1522 1497 1696 1523 mediocriter
1716 1499 1934 1531 conquerendum
1948 1511 1953 1525 z
1989 1510 2058 1527 nunc
2073 1503 2101 1528 in
2116 1504 2191 1529 causa

1135 1532 1294 1566 Superiore,
1314 1541 1347 1558 nc
1362 1538 1390 1558 vt
1411 1541 1457 1566 par
1478 1532 1587 1566 quidem
1601 1533 1647 1564 sit,
1672 1533 1784 1567 postulat
1800 1544 1804 1558 :
1842 1534 2004 1562 inferiorem
2019 1538 2066 1562 effe
2079 1541 2190 1572 patitur,

1136 1568 1261 1595 duntaxat
1277 1577 1359 1602 vsquc
1373 1576 1421 1599 eo,
1442 1577 1475 1593 ne
1490 1577 1549 1593 curn
1565 1568 1659 1600 bonis,
1679 1569 1763 1599 sama,
1786 1570 1955 1605 fortunisque
1976 1573 2101 1599 omnious
2119 1574 2192 1600 Nae-

1134 1605 1175 1631 vii
1189 1603 1331 1639 cupiditati
1343 1603 1549 1638 crudelitatique
1563 1603 1682 1630 dedatur.
1757 1606 1829 1631 Idem
1845 1607 1873 1631 in
1886 1607 1959 1633 Brut.
1973 1616 2004 1639 30
2024 1608 2052 1634 de
2071 1612 2192 1636 Leontino

1135 1642 1244 1677 Gorgia,
1267 1643 1422 1676 Protagora,
1445 1641 1556 1674 Hippia,
1575 1639 1808 1675 altisquefhplustts
1820 1643 1935 1677 loquens,
1955 1644 1992 1669 Hi
2008 1644 2109 1680 aliique
2123 1646 2191 1672 mul-

1135 1677 1156 1703 ti
1173 1677 1336 1711 temporibus
1348 1675 1448 1702 eisdem
1464 1675 1560 1701 docere
1571 1676 1597 1701 se
1612 1676 1806 1710 profitebantur
1819 1679 2005 1712 arrogantibus
2018 1681 2079 1707 sane
2091 1681 2193 1714 verbis,

1135 1712 1360 1747 quemadmodum
1375 1712 1449 1738 causa
1471 1712 1588 1738 inferior
1612 1713 1667 1743 (ita
1688 1713 1759 1740 enim
1783 1713 1978 1748 loquebantur)
1995 1716 2108 1744 dicendo
2131 1717 2192 1744 fieri

1136 1748 1352 1783 Superiorpollit.
1425 1748 1549 1780 Tenuis,
1566 1748 1660 1782 inops,
1685 1758 1731 1775 nec
1748 1749 1892 1784 scriptione
1906 1760 2002 1786 magno
2016 1762 2098 1787 opere
2112 1753 2192 1788 digna

1136 1784 1191 1810 Cic.
1224 1785 1296 1811 Fam.
1328 1793 1355 1817 9,
1387 1791 1424 1810 12.
1502 1785 1655 1810 Verecunda
1669 1794 1762 1819 parum
1794 1786 1904 1819 Quin&
1919 1797 1947 1821 4,
1961 1797 1982 1819 5,
1998 1796 2035 1820 19.
2106 1790 2192 1815 Vei-ae

1859 1821 1963 1848 Vie‘irix
1976 1824 2050 1849 causa
2064 1824 2123 1850 Diis
2137 1825 2192 1860 pla-

1135 1862 1191 1882 cuit
1204 1866 1211 1887 ;
1249 1856 1293 1882 sed
1308 1855 1380 1881 vieta
1396 1855 1492 1881 Catoni
1510 1855 1608 1881 Lucan.
1618 1860 1696 1887 1‚128.
1769 1856 1913 1883 Vincibilis
1932 1858 2000 1885 Ter.
2010 1859 2117 1887 Phorm.
2132 1870 2153 1893 ι,
2162 1870 2192 1895 4,

1134 1900 1179 1924 49,
1378 1887 1399 1927 C)
1421 1895 1434 1919 8
1476 1891 1608 1916 Verborum
1625 1891 1752 1917 Formulae
1765 1901 1772 1915 .·
1811 1892 1941 1919 Accedere
1957 1894 1988 1920 ad
1997 1896 2114 1929 causam,
2136 1896 2191 1923 uid.

1136 1933 1269 1954 ACCEDO.
1343 1926 1470 1959 Accipere
1485 1926 1587 1952 causam
1601 1926 1700 1952 dicitur
1713 1933 1855 1961 patronus,
1872 1929 1925 1954 vicl.
1941 1936 2083 1958 Accipio.
2119 1932 2190 1960 Ter.

1135 1963 1163 1988 in
1176 1961 1246 1988 prol,
1260 1962 1324 1988 Ηςς,
1338 1969 1376 1995 47
1392 1962 1572 1996 metaphorice,
1591 1963 1651 1988 Mea
1666 1964 1740 1987 causa
1755 1963 1856 1988 causam
1871 1963 1937 1990 hanc
1946 1966 2079 2000 Accipite,
2099 1968 2193 1996 etdate

1134 1998 1277 2024 silentium.
1360 1997 1478 2023 Aelim-e
1493 1998 1579 2023 causas
1603 1998 1660 2022 Cic.
1674 1997 1703 2021 in
1717 1998 1799 2023 Bruto
1813 2001 1874 2030 246.
1947 2001 2047 2027 Acuere
2073 2004 2194 2031 lineum„

1134 2034 1214 2060 caulis
1224 2054 1232 2065 ,
1252 2037 1270 2059 i.
1283 2032 1317 2058 ati
1324 2033 1443 2068 Agendas
1459 2038 1546 2066 causas
1555 2033 1586 2066 Ji·
1602 2031 1761 2057 declamando
1780 2041 1890 2060 exercere
1914 2036 1981 2062 Hor.
1990 2038 2069 2071 Epist.
2085 2048 2103 2071 1,
2113 2025 2135 2071 ζ,
2151 2048 2192 2072 23.

1135 2069 1271 2096 Adhibet-e
1292 2068 1464 2101 probationes
1484 2067 1575 2092 causae
1597 2066 1708 2100 Qun&
1717 2076 1790 2100 2,10,
1799 2073 1821 2098 8.
1858 2079 1886 2103 4,
1895 2078 1972 2104 2,24.
2028 2074 2192 2102 Adiudicare

1136 2106 1236 2131 causam
1250 2102 1332 2128 alicui
1353 2101 1409 2128 Cic.
1423 2101 1455 2127 de
1470 2102 1544 2128 Orat.
1560 2111 1586 2134 2,
1596 2111 1648 2135 129.
1722 2103 1853 2130 Admissus
1867 2114 1928 2132 reus
1941 2107 1973 2134 ad
1987 2110 2090 2136 causam
2103 2110 2191 2137 dicen-

1135 2140 1194 2165 dam
1204 2157 1210 2169 ,
1234 2137 1285 2163 uid.
1301 2144 1467 2164 ADMiTTo.
1541 2138 1633 2164 Adesse
1649 2140 1739 2166 causae
1760 2140 1870 2173 Qun&
1884 2152 1913 2177 4,
1926 2151 1960 2175 13.
2031 2146 2117 2180 Agere
2132 2156 2194 2174 cau-

1134 2175 1187 2200 sam
1207 2173 1264 2199 Cic.
1285 2173 1317 2199 de
1337 2173 1411 2200 Orat.
1430 2182 1461 2203 2,
1608 2174 1647 2200 Id.
1662 2174 1694 2201 de
1708 2176 1771 2202 Nat.
1786 2177 1866 2203 Deor.
1880 2187 1896 2204 2
1909 2186 1973 2206 extr.
1995 2180 2044 2207 Tu
2059 2181 2077 2208 fl
2089 2191 2132 2209 me
2147 2192 2192 2210 au.

1134 2209 1207 2241 dias,
1226 2210 1328 2235 causam
1343 2209 1453 2235 eandem
1467 2210 1543 2243 Agas.
1583 2213 1601 2235 i.
1616 2210 1738 2246 defendas
1745 2212 1898 2247 fintentiam
1912 2214 1940 2240 de
1950 2217 2017 2242 Diis.
2092 2219 2148 2245 Cic.
2162 2219 2192 2246 in

1134 2246 1207 2272 Brut.
1222 2247 1273 2271 226
1300 2245 1332 2271 de
1347 2246 1372 2271 P.
1388 2245 1504 2272 Antistio
1536 2246 1567 2271 ln
1579 2246 1736 2273 Tribunatu
1749 2249 1867 2282 primuni
1881 2257 1972 2279 contra
1985 2252 2016 2278 C.
2034 2253 2099 2280 iulii
2115 2254 2191 2282 illam

1134 2281 1293 2308 Consulatus
1307 2281 1466 2315 petitionem
1480 2282 1738 2315 extraordinariam,
1758 2293 1848 2310 verani
1863 2286 1965 2312 causam
1981 2288 2067 2322 Agens
2079 2289 2115 2315 est
2128 2299 2190 2324 pro.

1134 2317 1218 2344 batus.
1293 2319 1405 2348 Veram,
1420 2320 1437 2342 i.
1455 2316 1556 2349 Iustam.
1629 2319 1692 2344 Erat
1711 2321 1775 2344 ensm
1795 2329 1855 2345 vera
1873 2327 1898 2345 et
1910 2322 1975 2353 iusta
1989 2324 2078 2359 causa,
2099 2335 2191 2362 negare

1949 2358 2096 2393 Amittere,
2137 2361 2190 2388 vid.

1135 2394 1279 2416 ΑΜιΤΤΟ.
1352 2388 1453 2413 Cadere
1467 2388 1556 2418 causa,
1576 2390 1585 2401 ¹*
1600 2390 1618 2414 i.
1634 2391 1720 2421 vinci,
1736 2389 1852 2417 damnari
1893 2392 1949 2418 Cic.
1965 2393 1998 2419 de
2013 2395 2070 2421 Inu.
2083 2404 2100 2422 2
2115 2406 2136 2423 c.
2151 2406 2190 2431 19.

1135 2423 1219 2451 Instit.
1242 2422 1275 2448 de
1298 2421 1404 2448 Aetion.
1428 2420 1451 2459 §.
1474 2431 1510 2455 33.
1582 2424 1702 2458 Capere,
1721 2425 1773 2451 vni.
1790 2433 1895 2454 CAF10.
1965 2430 2024 2457 Cic.
2039 2431 2072 2457 ad
2086 2433 2159 2459 Brut.
2176 2441 2190 2466 3

1137 2458 1217 2492 Qiod
1238 2458 1274 2484 ita
1295 2457 1452 2491 statueram,
1473 2467 1488 2484 a
1507 2464 1533 2484 te
1547 2459 1714 2494 Cognoscere
1728 2462 1831 2488 causam
1844 2463 1901 2489 eius
1915 2464 2038 2493 Senatum
2054 2475 2189 2502 oportere.

1135 2494 1307 2521 Cominunita
1322 2495 1412 2526 causa,
1432 2494 1484 2520 vid.
1502 2501 1692 2524 COMMVNIO.
1764 2499 1932 2533 Componere
1945 2503 2047 2529 causam
2062 2513 2120 2530 cuui
2130 2514 2191 2532 cau-

1467 2531 1610 2564 Conferre,
1648 2532 1791 2560 Confidere
1812 2536 1918 2568 causae,
1953 2538 2006 2563 vid.
2030 2540 2072 2565 his
2098 2541 2190 2568 verbis.

1133 2567 1276 2593 Coniicere
1289 2567 1391 2592 causam
1406 2565 1516 2599 dicitur,
1533 2570 1577 2602 qui
1590 2569 1647 2594 litis
1658 2565 1829 2605 argumentum
1842 2571 1950 2598 breuiter
1956 2578 2081 2609 proponit
2092 2585 2100 2600 :
2119 2577 2190 2603 Con.

1134 2602 1220 2628 sistere
1234 2609 1331 2634 mitem,
1353 2612 1408 2628 cum
1422 2601 1574 2635 contestatur
1587 2605 1663 2630 litem.
1702 2605 1770 2631 Gell.
1787 2614 1808 2639 5,
1823 2615 1851 2633 10
1872 2608 1951 2642 Capit
1971 2610 2112 2638 confilium
2127 2613 2191 2639 Pro-

1134 2644 1254 2673 tagoras,
1273 2643 1303 2664 vt
1316 2644 1373 2664 tum
1386 2637 1569 2673 existimabat,
1590 2646 1696 2666 acutum
1711 2652 1716 2666 ι
1753 2649 1843 2676 petere
1856 2643 1953 2670 institit
1971 2654 2003 2672 ex
2023 2646 2101 2681 paiste
2120 2657 2191 2676 mer-

1134 2674 1224 2701 cedem
1240 2685 1248 2705 3
1284 2673 1360 2700 litem
1384 2683 1445 2700 cum
1465 2674 1579 2701 Euathlo
1591 2677 1761 2704 contestatur.
1797 2679 1828 2704 Et
1842 2688 1903 2705 cum
1920 2679 1953 2706 ad
1972 2681 2073 2709 iudices
2095 2685 2190 2712 Conii—

1482 2182 1535 2200 102.

770 2708 894 2742 Namque
908 2707 974 2733 illud
988 2716 1068 2741 genus
1089 2716 1125 2743 70
1135 2710 1258 2742 ciendae,
1278 2709 1518 2745 Confistendaeque
1536 2712 1627 2738 causae
1647 2713 1731 2746 gratia
1749 2714 1891 2748 veniisent,
1910 2721 1968 2743 tum
1983 2718 2139 2753 Protagoras
2154 2720 2190 2747 fic

1135 2747 1241 2773 exorsus
1256 2745 1307 2776 cst,
1326 2753 1371 2772 etc.
1444 2747 1499 2773 Cic.
1514 2756 1563 2781 pro
1576 2747 1681 2775 Cluent.
1695 2758 1737 2781 103
1751 2759 1773 2775 c.
1787 2758 1820 2784 37
1842 2750 1928 2777 Nullo
1943 2753 2025 2780 modo
2039 2755 2112 2782 illam
2121 2756 2190 2782 mul-

1135 2789 1207 2815 tam,
1227 2790 1296 2817 quae
1315 2790 1330 2808 a
1350 2782 1430 2808 Iunio
1456 2783 1538 2817 petita
1557 2783 1603 2816 fit,
1632 2793 1694 2811 cum
1714 2785 1835 2812 Cluentii
1859 2788 1933 2814 causa
1952 2790 2022 2823 poll'e
2040 2792 2187 2826 Coniungi.

1135 2818 1279 2845 Contendit
1291 2819 1365 2844 causa
1379 2827 1439 2844 cum
1454 2820 1545 2851 causa,
1562 2820 1616 2846 vid.
1638 2827 1825 2849 CONTENDO.
1898 2824 2065 2853 Contendere
2084 2828 2188 2854 eausam

1137 2861 1228 2881 contra
1242 2856 1346 2889 aliquem
1378 2854 1483 2881 Lucrct.
1498 2865 1524 2889 4,
1536 2862 1597 2889 473.
1621 2859 1640 2882 i.
1654 2856 1790 2893 disputare.
1863 2859 2004 2888 Contemta
2017 2863 2091 2888 causa
2109 2872 2188 2897 pecu-

1136 2891 1196 2917 niae
1222 2889 1344 2925 publicae
1365 2896 1391 2916 ct
1410 2889 1514 2917 abiecta
1552 2892 1608 2918 Cic.
1623 2901 1673 2926 pro
1686 2893 1792 2920 Cluent.
1804 2902 1849 2927 94.
1923 2897 2188 2926 Contincre-causam

1136 2927 1269 2961 Qiineiil.
1285 2934 1311 2961 7,
1327 2935 1346 2959 1,
1361 2935 1400 2959 23.
1474 2927 1531 2954 Cic.
1546 2927 1579 2953 de
1592 2929 1667 2955 Orat.
1680 2938 1706 2962 2,
1719 2938 1773 2956 200
1786 2939 1807 2955 c.
1822 2938 1859 2964 49
1887 2931 2010 2958 iudicum
2029 2933 2132 2960 animos
2146 2939 2189 2961 to-

1134 2969 1191 2996 tos,
1212 2963 1256 2989 vel
1275 2962 1424 2989 calamitate
1442 2963 1574 2996 ciuitatis,
1593 2964 1636 2990 vel
1658 2964 1732 2992 luftu
1758 2974 1786 2991 ac
1809 2964 1939 2992 desiderio
1961 2969 2187 3004 propinquorum,

1135 3006 1182 3026 etc.
1218 2998 1251 3026 ad
1265 2999 1367 3025 causam
1380 2998 1496 3026 nostram
1509 3006 1704 3027 conuerteram.
1777 3001 1891 3027 Credere
1904 3003 2006 3029 causam
2025 3004 2107 3031 alicui
2134 3006 2187 3033 Lu·

1136 3044 1190 3062 can.
1204 3042 1231 3070 7,
1243 3042 1287 3070 77.
1308 3038 1327 3061 ι’.
1342 3035 1507 3061 Committere.
1578 3037 1709 3063 Damnare
1734 3035 1808 3062 Idem
1842 3044 1864 3069 5,
1894 3045 1957 3073 247.
2027 3041 2187 3070 Declamare

1134 3071 1191 3098 Cic.
1206 3071 1289 3098 Tusc.
1303 3079 1324 3103 1,
1362 3091 1368 3097 .
1408 3090 1413 3096 .
1485 3071 1635 3098 Defendere
1655 3073 1722 3098 Hor.
1738 3072 1820 3098 Serm.
1833 3082 1857 3104 2,
1872 3080 1895 3105 5,
1908 3082 1949 3106 34.
2020 3076 2187 3105 Desenfitare

1133 3107 1186 3134 vid.
1201 3107 1226 3134 h.
1241 3117 1267 3133 υ.
1341 3106 1396 3133 Cic.
1411 3105 1443 3132 de
1457 3107 1528 3134 Clar.
1543 3108 1616 3134 Orat.
1632 3109 1665 3137 86
1682 3109 1775 3142 Itaque
1789 3107 1948 3144 ‹metm-itate
1962 3111 1992 3136 C.
1999 3110 2085 3139 Laelii
2099 3114 2188 3148 publi-

1134 3152 1212 3170 canos
1225 3143 1327 3170 causam
1339 3142 1464 3169 Deruliss‘e
1477 3143 1508 3170 ad
1522 3142 1643 3169 Galbam.
1716 3144 1854 3177 Deponere
1874 3144 1931 3171 Cic.
1945 3146 2017 3172 Fam.
2033 3156 2054 3180 ι,
2067 3156 2090 3182 ς.
2134 3150 2187 3176 De-

1135 3179 1220 3206 serere
1233 3180 1336 3206 causam
1352 3179 1434 3205 amici
1453 3178 1535 3205 Ouid.
1551 3178 1636 3204 Trist.
1651 3186 1671 3209 1,
1685 3186 1711 3211 9,
1724 3182 1764 3211 65.
1837 3179 1892 3206 Cic.
1906 3181 1978 3208 Fam.
1994 3189 2015 3215 ι,
2027 3191 2049 3216 5.
2108 3185 2187 3212 Dice-

1133 3224 1163 3242 re
1177 3216 1278 3242 causam
1287 3235 1296 3248 ,
1313 3213 1347 3248 est
1355 3214 1504 3251 Defendere,
1513 3213 1577 3249 quod
1588 3221 1640 3240 tum
1654 3214 1683 3240 de
1693 3224 1733 3241 reo
1747 3214 1840 3241 dicitur
1847 3235 1856 3247 ,
1874 3222 1926 3242 tum
1936 3216 1965 3243 de
1972 3214 2084 3253 patrono
2095 3221 2125 3248 de
2137 3232 2187 3248 reo.

1135 3251 1211 3278 Curt.
1227 3258 1254 3286 7,
1270 3260 1290 3283 ι,
1304 3259 1336 3276 20
1354 3251 1479 3283 Amyntas
1493 3249 1608 3276 vinculis
1621 3256 1739 3276 exemtus
1754 3256 1782 3277 vt
1796 3250 1974 3279 defensionem
1984 3255 2134 3290 ordiretur,
2148 3258 2186 3284 ita

1135 3287 1240 3322 inquit,
1257 3287 1318 3314 Sine
1332 3285 1498 3321 praeiudicio
1512 3286 1614 3312 causam
1629 3286 1758 3312 Dicimus.
1794 3289 1813 3312 i.
1834 3287 1948 3314 Liberati
1960 3291 2086 3327 tantisper
2099 3297 2187 3320 vinca,

1135 3325 1185 3355 lis,
1207 3322 1379 3358 respondemus
1398 3321 1546 3349 criminibus
1564 3320 1674 3348 obiefflr.
1747 3322 1820 3356 Conf.
1841 3323 1910 3357 Nep.
1925 3331 1952 3359 7,
1960 3335 1988 3360 4,
1996 3334 2018 3358 3.
2054 3334 2079 3354 et
2091 3336 2184 3361 11,3,3·

1136 3359 1246 3392 Quin&
1263 3366 1286 3391 ς,
1301 3367 1334 3390 ιι,
1346 3367 1377 3390 39
1396 3358 1423 3384 Si
1435 3358 1537 3384 causam
1551 3357 1674 3384 veneficii
1685 3356 1904 3392 Dicatadultci-a,
1923 3363 1941 3386 i.
1955 3371 1998 3388 rea
2006 3361 2052 3397 fit.
2125 3365 2182 3390 Cic.

1137 3403 1186 3429 pro
1199 3395 1231 3422 A.
1245 3395 1373 3422 Cluentio
1387 3399 1419 3426 98
1439 3394 1609 3428 Quapropter
1624 3393 1676 3419 hoc
1694 3392 1774 3419 Bulbi
1795 3394 1926 3422 iudicium
1946 3405 2000 3423 non
2020 3391 2078 3433 plus
2097 3399 2184 3425 obesse

1136 3430 1199 3457 huie
1213 3431 1303 3457 causae
1315 3429 1409 3462 debet,
1429 3438 1508 3464 quam
1523 3428 1577 3460 illa,
1591 3438 1657 3463 quae
1670 3437 1877 3457 commemorata
1897 3432 1956 3459 sunt
1974 3433 2007 3460 ab
2026 3435 2183 3466 accusatore,

1137 3466 1192 3493 duo
1219 3466 1334 3498 indicia,
1354 3466 1380 3491 P.
1401 3465 1516 3499 Popilii,
1537 3472 1562 3490 et
1582 3465 1620 3491 T.
1637 3465 1748 3496 Guttae,
1769 3466 1817 3500 qui
1827 3468 1933 3494 causam
1946 3468 2088 3496 deambitu
2103 3470 2183 3496 Dixe-

1136 3507 1207 3529 runt.
1232 3505 1252 3529 i.
1271 3501 1426 3538 reifuerunt
1443 3500 1581 3537 diferfique
1594 3500 1689 3536 vel-sim
1702 3509 1759 3527 voce
1778 3503 1818 3528 oet
1823 3509 1999 3538 patronorum.
2041 3507 2078 3531 De
2093 3512 2182 3540 patro-

1137 3547 1168 3564 no
1185 3538 1242 3565 Cic.
1255 3547 1305 3573 pro
1316 3537 1390 3564 Rosc.
1404 3537 1494 3562 Amet.
1502 3544 1533 3569 59
1554 3535 1634 3569 Qiod
1647 3541 1723 3562 antea
1736 3538 1838 3564 causam
1852 3538 1986 3573 publicani
1998 3540 2096 3567 nullam
2109 3539 2182 3566 dixe-

1136 3573 1198 3600 rim.
1268 3574 1307 3601 Id.
1322 3572 1355 3599 de
1368 3572 1439 3599 Clar.
1455 3573 1529 3599 Orat.
1543 3574 1574 3600 86
1590 3580 1611 3597 c.
1625 3579 1659 3597 22
1676 3572 1790 3600 Causam
1808 3583 1862 3609 -pro
1884 3574 2031 3609 publicanis
2051 3582 2181 3609 accurate,

1136 3615 1166 3636 vt
1177 3611 1278 3644 semper
1291 3609 1384 3636 solitus
1397 3608 1474 3640 efl'et,
1492 3607 1678 3646 eleganterque
1685 3607 1794 3636 Dixisse.
1865 3611 2034 3644 Quinctil.4,
2048 3619 2105 3644 ¹2¹9
2125 3611 2181 3646 Ego

1137 3654 1186 3680 pro
1200 3646 1301 3680 Regina
1308 3644 1434 3672 Berenice
1448 3643 1516 3678 apud
1532 3642 1615 3676 ipsam
1627 3644 1730 3670 causam
1738 3644 1811 3672 Dixi.
1883 3648 1926 3673 Al.
1942 3646 2009 3680 apud
2021 3654 2079 3672 eam
2097 3646 2109 3672 i
2128 3647 2182 3675 sam

1136 3680 1214 3708 dixin
1271 3680 1317 3708 Ad
1327 3689 1382 3707 reos
1394 3682 1468 3705 etiam
1476 3680 1607 3712 pertinent
1621 3678 1670 3711 isia
1683 3689 1691 3705 :
1725 3680 1784 3707 Cic.
1798 3690 1848 3716 pro
1861 3682 1954 3715 Qiint.
1966 3689 1991 3713 31
2005 3690 2026 3707 c.
2042 3686 2055 3710 8
2070 3681 2101 3708 Se
2132 3682 2180 3715 (id

1136 3716 1208 3751 quod
1218 3725 1287 3744 nune
1301 3716 1409 3747 euenit>
1429 3714 1460 3740 de
1474 3714 1558 3748 capite
1577 3714 1624 3740 suo
1639 3715 1732 3749 priore
1758 3717 1819 3743 loco
1835 3717 1937 3743 causam
1953 3716 2001 3742 effe
2027 3716 2180 3745 Dicturum.

1135 3752 1231 3780 Dicere
1243 3753 1275 3779 de
1287 3751 1390 3779 ambitu
1404 3749 1506 3775 causam
1530 3748 1568 3775 Id.
1582 3757 1631 3784 pro
1644 3751 1713 3778 Sext.
1728 3757 1763 3782 18.
1833 3753 1892 3778 Liu.
1907 3760 1950 3783 29,
1969 3759 1998 3783 19
2017 3751 2180 3781 Sententiam

330 3778 355 3817 §.
367 3789 389 3813 3.
414 3782 447 3808 D.
456 3782 492 3808 ‘de
506 3781 621 3808 Carbon.
632 3775 712 3808 edict.
726 3781 770 3808 cui
782 3783 927 3816 opponitur
939 3784 1071 3820 Ambigua
1079 3789 1126 3807 ¹00
1136 3787 1231 3815 deinde
1245 3795 1347 3816 trucem
1358 3785 1476 3812 orationi
1487 3785 1603 3818 adiecit,
1623 3785 1782 3814 Pleminium
1795 3787 1910 3821 legatum
1925 3785 2045 3813 vinetum
2066 3789 2180 3817 Romam

1135 3823 1269 3859 deportari
1280 3822 1399 3858 placere,
1419 3827 1484 3846 etex
1492 3821 1606 3848 vinculis
1620 3823 1722 3849 causam
1736 3823 1838 3849 Dicere.
1875 3824 1894 3847 i.
1917 3823 2031 3855 Interim,
2040 3822 2096 3850 dum
2110 3835 2182 3861 quac-

1900 3856 1980 3883 Caiun
1994 3857 2024 3884 in
2037 3858 2096 3894 lege
2116 3861 2181 3887 Cor.

1135 3895 1205 3923 nelia
1224 3893 1248 3933 ᾗ.
1261 3904 1272 3922 1
1292 3895 1323 3921 D.
1337 3893 1371 3919 de
1383 3891 1513 3919 Senatusc.
1525 3892 1677 3926 Silaniano,
1696 3894 1832 3920 Praeterea
1846 3898 1969 3925 cauetur,
1990 3900 2019 3920 vt
2030 3894 2064 3921 de
2078 3896 2119 3926 iis,
2132 3896 2180 3930 qui

1133 3937 1194 3958 ante
1208 3930 1388 3966 quaestionem
1406 3927 1524 3954 habitam
1538 3929 1672 3963 fugerint,
1691 3929 1710 3955 fi
1724 3934 1815 3963 aperto
1828 3927 1982 3954 testamento
1993 3928 2074 3957 liberi
2089 3930 2179 3964 scripti

961 3962 990 3989 Si
1005 3972 1067 3990 con·
1080 3969 1124 3996 ¹05
1134 3966 1323 3997 inueniantur,
1339 3964 1397 3999 lege
1411 3962 1443 3989 de
1455 3963 1554 3991 ficariis
1566 3964 1699 3992 iudicium
1711 3964 1772 3996 fiat,
1791 3963 1828 3990 ita
1844 3969 1874 3990 vt
1893 3971 1925 3991 ex
1944 3964 2058 3992 vinculis
2077 3965 2177 3991 causam

1432 4006 1448 4037 5
1471 3999 1495 4027 Κ
1528 4007 1546 4026 a,
2075 4000 2175 4026 Dicant.
