2474 4182
264 130 334 170 343
688 111 727 150 A
786 107 830 146 N
891 107 908 145 Ι
1768 102 1809 142 A
1869 102 1914 142 N
1973 103 1992 142 1
2325 114 2396 160 344

267 207 358 234 minu
383 204 517 240 Zephyru.
544 209 637 228 verna,
657 202 748 224 euocat
775 194 879 222 herbas·
944 195 992 222 Sed
1018 195 1089 221 hodi,
1115 194 1209 230 &gl-tw.
1235 200 1306 218 aura,
1361 200 1461 230 nerum,
1480 197 1506 218 et
1521 192 1566 218 illa
1579 191 1826 228 quamvocantfiala
1835 191 2068 226 praedicamentali)
2080 195 2207 221 tenebunt
2217 194 2321 226 locum,
2337 195 2398 229 quia

272 243 346 271 Non·
373 250 407 275 4,
425 249 439 267 3
478 248 509 265 α
536 239 671 265 varrone,
706 231 780 258 Detis
801 230 915 257 habenas
939 232 1043 257 animae
1068 231 1137 262 leui,
1166 230 1235 256 Dum
1260 236 1307 253 uos
1361 226 1488 256 annualia
1500 227 1528 252 in
1541 227 1587 254 hac
1601 229 1688 254 forma
1701 229 1759 255 sunt
1773 234 1799 254 et
1811 228 1873 254 sata.
1927 228 2161 260 Qxaedaman'tma
2175 236 2273 262 carent,
2291 236 2320 256 vt
2333 231 2397 258 saxa.
2424 229 2425 234 ¹

272 284 367 304 ventus
400 276 506 303 flamine
534 272 597 299 sudo
626 270 731 295 suauem
754 266 786 293 ad
814 267 925 302 patriam
953 266 1088 302 perducit,
1128 269 1146 292 ι’.
1171 267 1309 300 pcrmimte
1366 262 1465 288 Rursus
1479 263 1622 290 animantia
1634 263 1856 298 quemadmodum
1871 262 1982 289 diuido?
2003 269 2031 290 vt
2044 264 2129 292 dicam
2141 265 2269 300 quaedam
2282 265 2400 295 animum
2422 269 2426 278 '

272 323 358 341 nauem
381 319 469 339 vento:
510 316 532 335 et
544 317 573 333 cx
601 304 698 336 Accio,
729 302 807 330 Laffis
824 301 929 329 trahere
941 303 970 329 in
983 303 1079 335 salum,
1099 308 1123 328 et
1144 302 1205 327 vela
1219 306 1310 326 vento·
1364 297 1470 327 habent,
1490 299 1616 332 quaedam
1629 306 1730 326 tantum
1740 300 1873 326 animam:
1893 306 1937 325 aut
1950 299 1992 331 fic,
2013 300 2140 334 quaedam
2155 302 2284 335 impetum
2295 298 2398 336 habent,

273 359 332 378 mm
352 349 454 375 animae
475 343 636 371 immittere,
670 346 718 375 per
737 338 893 375 hypallagen,
911 345 940 364 vt
958 338 1076 370 videtur,
1105 341 1123 363 i.
1142 338 1205 363 velis
1228 341 1313 361 uentos
1331 337 1344 362 3
1366 333 1505 364 incedunt,
1522 335 1670 366 transeunt;
1689 336 1816 371 quaedam
1828 335 1885 361 solo
1897 333 1974 361 affixa
1987 342 2031 361 etc.
2067 337 2183 363 quenal.
2198 345 2230 370 15.
2249 341 2292 370 148
2314 336 2413 364 Indul-¹

271 385 410 413 admittere.
656 384 672 401 2
699 375 779 412 Ipsum
804 376 942 402 elementum
960 377 1027 400 miris
1043 380 1122 399 notat,
1179 374 1265 397 Varro
1281 370 1313 396 de
1368 369 1397 396 sit
1414 369 1562 408 comminus
1579 370 1702 398 conditor
1713 371 1768 398 illis
1788 371 1909 398 Tantum
1921 371 2037 403 animas,
2053 371 2132 398 nobis
2149 372 2268 398 animum
2287 380 2398 407 quoque.

273 421 304 447 R·
324 421 354 446 R·
375 428 394 450 ¹,
413 426 441 449 4,
455 424 463 440 1
485 413 545 439 Eius
574 412 777 448 (agriculturae)
805 410 935 446 principia
950 411 1008 436 sunt
1028 409 1134 440 cadem,
1151 416 1217 442 quae
1239 415 1313 432 mun-
1368 404 1485 432 Macrob.
1501 413 1528 430 m
1544 404 1634 431 Somn.
1653 407 1721 441 Scip.
1739 416 1758 439 1,
1777 416 1814 440 14.
1841 407 1874 434 ad
1893 407 1968 433 verba
1993 407 2096 441 Hisque
2108 407 2211 433 animus
2229 407 2302 433 datus
2315 406 2350 433 est
2369 403 2400 436 εξ
2424 427 2427 434 .
2445 423 2447 426 <

271 456 299 482 di
313 455 360 481 esse
376 452 471 479 [nnius
485 446 585 478 scribit,
614 455 691 482 aqua,
720 453 789 474 terra
800 467 808 479 ,
831 447 918 472 anima
936 452 961 471 ct
982 445 1028 471 sol.
1097 445 1200 469 Lucret.
1235 451 1254 473 1,
1270 449 1313 481 715
1366 442 1420 480 illis
1434 440 1598 480 sempiternis
1611 441 1732 475 ignibus,
1747 444 1873 475 Mentem,
1888 445 1985 479 inquit,
2006 443 2116 478 praestat
2130 442 2258 476 intelligi,
2279 450 2345 478 quae
2356 443 2400 470 uo-

271 492 301 518 Ες
317 490 363 524 qui
370 492 495 523 quattuor
507 492 538 510 ex
547 482 626 510 rebus
637 483 705 517 poss‘e
719 483 809 509 omnia
822 489 923 513 rentur,
943 482 980 506 Ex
999 480 1064 513 igni,
1077 486 1157 510 terra,
1171 484 1249 512 atque
1258 486 1312 503 ani·
1367 477 1407 503 bis
1421 485 1530 515 proprie
1544 485 1602 502 cum
1615 477 1688 503 caelo
1701 478 1880 514 fideribusque
1893 479 2041 505 communis
2055 478 2099 505 est.
2134 480 2238 515 Pergit,
2256 479 2324 505 Cum
2337 487 2399 506 vero

270 535 312 554 ma
326 522 504 558 procrescere,
526 525 551 546 et
565 518 657 545 imbri.
693 517 729 545 Id.
744 526 765 551 5,
779 526 827 552 237
845 517 945 544 Terrai
966 524 1076 549 corpus,
1095 521 1121 540 et
1139 513 1246 545 humor,
1261 514 1312 538 Au·
1325 515 1352 532 ¹0
1365 513 1418 543 ait,
1438 511 1599 538 Retinendus
1620 512 1722 539 animus
1739 514 1816 541 estin
1836 514 1953 541 custodia
1965 515 2099 550 corporis3
2122 514 2203 548 ipsam
2215 522 2275 540 tunc
2288 513 2400 542 animam
2423 517 2426 523 ’

270 567 411 593 rarumque
424 557 494 583 leues
505 555 618 587 animae,
633 554 766 588 calidique
778 561 896 587 vapores,
939 552 1012 585 Virg.
1027 551 1079 576 Ecl.
1094 552 1119 582 6,
1135 558 1159 582 31
1186 549 1311 582 Namque
1366 548 1497 580 nominat,
1517 556 1584 582 quae
1598 548 1715 574 vincitur
1729 550 1843 576 custodia
1856 551 2004 585 corporali,
2027 551 2070 577 cui
2084 558 2156 575 mens
2171 549 2263 575 diuina
2277 558 2329 575 non
2345 549 2399 577 sub·
2424 556 2425 559 ’
2441 564 2443 566 ·
2470 563 2474 582 ι

268 595 391 628 canebat,
409 593 449 619 vti
463 600 586 626 magnum
601 600 649 625 per
662 590 740 617 inane
759 588 848 615 conata
865 587 962 614 semina
979 593 1180 620 terrarumque,
1198 585 1312 610 animae·
1367 584 1447 611 ditur.
1504 583 1565 610 Vide
1577 583 1613 608 ibi
1621 584 1713 618 plum,-
1731 587 1797 612 inter
1808 588 1872 613 alia:
1887 587 1984 613 Anima
1992 596 2055 621 ergo
2068 594 2157 612 creans
2170 585 2335 619 condensque
2348 594 2400 614 cor.
2422 580 2429 596 ⁵

269 639 336 666 que,
357 629 490 663 marisque
510 627 624 654 fuissent.
680 625 786 652 Mess‘ala
806 624 872 659 apud
898 622 1017 649 Macrob.
1037 623 1087 648 Sat.
1108 630 1127 653 1,
1156 630 1172 653 9
1198 620 1225 646 cle
1241 621 1311 652 Iano,
1369 628 1446 655 pora:
1478 628 1537 645 nam
1552 618 1614 644 ideo
1629 618 1662 645 ab
1675 619 1762 646 anima
1774 628 1867 648 natura
1879 622 1990 657 incipit,
2021 631 2099 657 quam
2119 622 2246 656 sapientes
2266 620 2298 646 de
2317 619 2365 649 deo
2376 616 2401 650 et
2439 619 2468 650 ,2'

268 667 323 700 Qui
335 665 428 693 cundia
441 663 518 699 tingit
530 663 674 697 eademque
686 661 755 695 regit
770 668 852 699 aquae
867 666 1005 698 terraeque
1016 658 1073 698 vim
1086 666 1114 683 ac
1128 664 1248 696 naturam
1257 663 1314 689 gra·
1367 662 1454 682 mente
1475 656 1513 681 νὶν
1534 655 1672 694 nominant
1690 662 1734 681 etc.
1795 657 1875 684 Ouid.
1889 659 1955 685 Met.
1970 667 2004 691 15,
2019 664 2060 691 158
2079 668 2108 685 cx
2121 657 2228 693 P‘''Ifi⁷'¹‘²
2241 655 2322 690 Pytha
2341 665 2401 690 orae,

561 699 566 703 ”
652 696 764 723 fundum
784 694 961 726 dilabentem,
979 703 1048 728 ignis
1063 700 1141 728 atque
1162 700 1264 718 ammae
1278 691 1312 716 le·
1325 692 1351 718 15
1366 692 1455 717 Morte
1470 698 1556 717 carent
1568 699 1688 723 animae,
1710 691 1861 727 semperque
1879 694 1969 728 priore
1983 694 2078 721 seneffia
2100 694 2173 725 sede²
2192 692 2270 719 nouis
2287 691 2319 717 ha
2339 692 2401 720 itant
2412 705 2419 715 ,,
2436 698 2443 715 .·

390 711 404 727 u
453 708 546 726 ronam
559 708 588 725 in
618 707 649 724 ro

265 712 330 765 ggii
343 708 505 764 iiiiimeeri’sum
525 735 554 761 in
574 707 686 760 sublime
708 732 854 765 fugientem
880 731 1015 764 copulauit
1039 728 1203 755 circumdato
1225 726 1311 754 caelo:
1365 726 1490 753 domibus
1504 727 1651 761 viuuntque
1663 733 1789 761 receptae.
1823 728 1883 756 Sall.
1899 731 1954 764 Iug.
1968 739 1993 762 2,
2006 739 2015 756 1
2036 730 2105 756 Nam
2119 729 2158 756 vti
2173 737 2252 763 genus
2265 727 2402 757 hominum
2418 743 2419 749 .
2448 734 2450 737 ·

265 783 334 809 quae
346 774 387 801 vis
400 772 466 800 caeli
479 771 593 798 maxima
608 768 672 795 duas
685 768 725 793 vis
740 767 853 801 dispares
865 766 1011 800 colligauit.
1054 765 1109 791 Cic.
1126 765 1209 790 Tusc.
1227 772 1234 789 1
1252 772 1272 789 c.
1288 771 1309 789 11
1365 762 1539 797 compositum
1553 772 1584 788 ex
1597 763 1685 789 anima
1695 769 1720 788 et
1733 771 1857 797 corpore:
1872 765 1909 791 ita
1920 774 1961 792 res
1977 765 2096 798 cunetae,
2113 765 2251 798 studiaque
2263 751 2418 791 omnianoks

266 811 355 841 Sicor,
364 816 408 836 aut
420 807 532 841 sanguis,
546 803 735 831 autcerebrum
745 803 781 829 est
794 803 912 831 animun
934 809 1012 832 certe,
1027 801 1154 835 quoniam
1161 799 1310 833 estcorpus,
1366 799 1426 830 stra,
1439 798 1559 832 corporis
1571 798 1632 829 alia,
1645 799 1697 825 alia
1710 799 1793 824 animi
1801 806 1920 827 naturam
1933 802 2085 836 sequuntur.
2102 802 2142 828 sic
2150 800 2280 831 Catil.2‚8
2299 790 2402 835 Qibuj
2412 794 2418 818 1
2430 812 2432 816 ,
2450 800 2452 830 ¹

265 846 389 873 interibit
402 853 461 871 cum
475 842 581 876 reliquo
594 848 720 874 corpore:
749 839 766 865 fi
782 839 870 864 anima
883 838 919 864 est
930 858 937 868 ,
963 838 1066 863 forcalle
1091 835 1269 870 dissipabitur:
1291 834 1309 860 fi
1364 843 1460 869 corpus
1469 834 1556 866 oneri,
1568 835 1655 860 anima
1663 835 1740 860 oncri
1752 834 1813 860 fuit.
1854 836 1922 862 Vnde
1926 844 1997 872 patet
2004 837 2125 864 Sallustio
2133 836 2251 862 animum
2259 841 2284 860 et
2292 836 2418 874 31111113ᾐ,
2437 832 2459 859 ..⁰

266 882 344 917 ignis,
358 880 544 914 exstinguetur.
582 877 623 903 Sic
629 875 755 912 legendum
769 873 819 907 esst,
833 874 902 900 docet
922 872 1050 900 metm-im
1063 872 1097 898 ad
1109 872 1132 899 h.
1147 873 1164 898 l.
1179 873 1223 906 qui
1235 874 1309 896 etiam
1321 875 1352 894 20
1364 870 1542 904 indifferenter
1556 870 1677 897 adhiberi.
1714 872 1795 897 Etiam
1814 870 1871 897 Cic.
1881 873 1956 899 Verr.
1965 881 1986 906 5,
1996 881 2104 907 139c.53
2122 872 2204 899 Causa
2212 871 2241 898 in
2254 871 2341 899 anima
2352 870 2367 897 s
2368 874 2398 897 w·
2413 883 2420 905 9
2432 863 2451 898 ’1

264 918 375 954 olfi’ruat
390 919 417 942 in
430 912 586 949 fragmentis
599 911 780 942 deVniuerso,
800 909 880 943 Qlod
896 916 952 935 tum
965 908 1079 940 eueniet,
1097 916 1158 934 cum
1172 906 1228 936 illa,
1243 914 1310 941 quae
1364 907 1446 941 suque
1460 915 1520 932 mco
1534 906 1637 940 penitus
1649 904 1725 932 affixa
1739 912 1818 942 atque
1838 906 1914 933 insita
1933 908 1976 934 est.
2138 906 2158 945 fl
2179 916 2191 941 5
2212 909 2264 934 Iam
2277 906 2366 943 formu
2417 919 2419 922 ·
2432 920 2459 938 ,11

263 963 295 980 ex
309 952 374 987 igni,
394 960 471 986 aqua,
489 949 586 980 anima,
607 954 684 982 atque
699 954 768 973 terra
782 946 932 972 turbulenta
943 951 969 970 et
984 944 1096 970 rationis
1110 943 1228 978 expertia
1244 942 1310 968 inse·
1360 942 1544 978 persequamur,
1563 942 1606 968 vbi
1623 942 1711 968 anima
1720 949 1769 977 pro
1783 945 1849 975 vita,
1869 944 2043 979 velprincipi'o
2061 947 2129 970 vitae
2143 946 2258 979 ponitur.
2311 941 2375 968 Ani·
2389 956 2395 958 »ν
2431 947 2444 980 3

264 989 362 1021 derint,
375 989 480 1014 ratione
492 984 631 1020 depulerit.
670 985 700 1008 Et
719 992 773 1008 mox
787 981 927 1007 Particulas
942 981 1010 1014 ignis
1024 986 1049 1006 et
1063 986 1158 1012 terrae,
1178 986 1204 1005 et
1217 987 1310 1013 aquae,
1365 978 1429 1005 dum
1443 984 1552 1012 aegroto
1561 977 1614 1010 est,
1633 979 1688 1012 sper
1702 978 1749 1004 css'e
1769 978 1869 1005 dicitur
1895 979 1953 1005 Cic.
1968 980 2024 1006 Att.
2035 988 2062 1012 9,
2077 989 2113 1006 10.
2148 979 2192 1006 Ad
2204 978 2280 1012 Virg.
2300 978 2364 1004 Aen.
2384 990 2388 997 τ
2419 984 2443 1007 ¹³,

261 1031 289 1052 ct
301 1025 414 1056 animae,
435 1021 571 1052 amund0‚
592 1028 655 1054 quas
668 1019 757 1045 rursus
772 1016 922 1047 redderent,
943 1016 1139 1042 mutuabantur.
1182 1014 1311 1041 Laudatur
1365 1023 1415 1047 349
1434 1015 1594 1048 Purpuream
1606 1014 1693 1040 vomit
1707 1013 1754 1040 ille
1766 1015 1894 1046 animam,
1912 1018 1982 1041 notat
1997 1015 2113 1047 Seruius,
2132 1016 2302 1050 Purpuream,
2321 1012 2360 1040 sec
2386 1010 2390 1035 τ’
2419 1006 2440 1021 '⁴

262 1064 337 1089 etiam
349 1070 360 1086 e
374 1060 518 1090 Varrrone,
539 1055 635 1082 Anima
648 1060 678 1080 vt
690 1052 810 1079 conclusa
821 1051 850 1078 in
862 1052 953 1084 vesica,
973 1052 1078 1086 quando
1087 1051 1123 1077 est
1133 1050 1205 1077 arCte
1219 1050 1310 1085 ligata,
1323 1052 1351 1078 25
1367 1049 1430 1075 dum
1443 1058 1499 1082 eos,
1506 1049 1554 1084 qui
1568 1049 1685 1076 animam
1697 1049 1788 1076 dicunt
1801 1051 1849 1076 effe
1862 1050 2025 1085 sanguinem.
2078 1052 2158 1078 Ouid.
2168 1052 2232 1077 Met.
2247 1058 2282 1082 15,
2297 1049 2356 1082 846.
2384 1065 2386 1078 ς
2398 1051 2421 1070 >¹⁴

263 1097 281 1124 [i
295 1095 446 1132 perculeris,
465 1096 526 1120 aera
539 1091 640 1118 reddet.
676 1090 780 1115 Lucret.
793 1090 819 1120 6,
835 1096 879 1121 129
897 1088 973 1115 Plena
988 1088 1091 1114 animae
1104 1086 1216 1114 vesicula
1230 1094 1311 1121 parua
1371 1085 1472 1117 Venere,
1490 1085 1588 1120 Suique
1602 1086 1720 1112 Caesaris
1733 1086 1832 1121 eripuit
1844 1086 1979 1117 membris,
1997 1085 2080 1112 necin
2092 1089 2150 1113 a'e‘ra
2165 1086 2234 1113 solui
2246 1085 2364 1112 l'affarec
2426 1102 2427 1105 ,

262 1133 342 1167 Saepe
356 1132 393 1158 ita
406 1131 450 1157 dat
463 1130 562 1164 pariter
574 1126 689 1153 sonitum
702 1124 814 1158 displosa
827 1130 944 1158 repente.
983 1125 1039 1150 Huc
1052 1126 1126 1149 ctiam
1141 1123 1225 1159 refero
1252 1122 1308 1148 Cic.
1364 1127 1418 1148 tem
1425 1122 1550 1153 animam,
1565 1120 1907 1155 caelestibusintulitastris.
1943 1123 2008 1148 Pers.
2018 1122 2069 1148 Sat.
2078 1130 2104 1154 2,
2119 1125 2146 1150 61
2167 1124 2192 1149 O
2206 1129 2303 1148 euruae
2317 1121 2345 1146 in

263 1168 347 1195 Tusc.
362 1177 381 1199 1,
397 1175 424 1199 19
441 1176 462 1192 c.
477 1174 494 1198 9
514 1163 642 1190 Animum
656 1161 704 1187 alii
716 1160 832 1186 animaru
853 1158 1140 1196 (haerent‹flbpzitanm
1159 1165 1188 1185 vt
1199 1158 1309 1184 sereno·
1363 1166 1406 1184 ras
1419 1157 1532 1188 animae,
1549 1163 1576 1183 et
1587 1156 1739 1183 caelestium
1752 1157 1856 1184 inanes!
1910 1159 2018 1185 Ponitur
2038 1158 2133 1193 quidem
2142 1156 2341 1196 probominihus
2353 1158 2396 1182 ω’·

261 1204 317 1232 stri.
371 1202 490 1229 Declarat
503 1208 602 1226 nomen
632 1211 677 1216 -—
697 1197 753 1231 Ipse
774 1196 844 1222 enirn
866 1196 971 1222 animus
993 1195 1026 1222 ab
1048 1195 1137 1221 anima
1156 1194 1243 1221 dietus
1263 1193 1308 1220 est.
1356 1193 1433 1229 sueta
1449 1192 1609 1228 Synecdoche,
1630 1192 1659 1218 de
1672 1202 1720 1229 qua
1732 1202 1757 1219 n.
1771 1201 1797 1228 7.
1850 1193 2039 1224 Seditatamen,
2052 1200 2081 1220 vt
2095 1194 2234 1224 indicetur,
2254 1196 2328 1218 etiam
2341 1188 2418 1225 ill]v

261 1241 330 1276 Quae
343 1238 477 1273 omisimus,
497 1246 523 1262 ea
535 1245 589 1261 cum
604 1234 713 1260 Bentleio
733 1241 743 1258 e
755 1235 868 1268 margine
880 1230 1000 1266 zrrcpgliffi·
1009 1242 1016 1256 :
1045 1241 1074 1257 ac
1087 1230 1189 1257 delenda
1201 1229 1309 1265 proinde
1323 1229 1355 1254 30
1360 1236 1471 1264 partem,
1485 1237 1545 1265 quae
1552 1230 1644 1255 caelum
1657 1230 1776 1265 respicere
1789 1229 1897 1262 debebat,
1911 1236 1934 1256 et
1946 1233 2066 1266 originem
2075 1229 2157 1265 fitam,
2170 1230 2238 1256 humi
2250 1227 2351 1262 affixam
2359 1229 2383 1256 el
2392 1228 2409 1249 Γ·

260 1275 389 1311 censemus.
426 1273 482 1300 Cic.
492 1271 526 1298 de
541 1271 604 1297 Nat.
618 1270 697 1295 Deor.
714 1276 728 1294 2
742 1277 763 1294 c.
777 1276 810 1301 54
828 1269 904 1301 Qae
918 1268 1012 1301 spiritu
1027 1267 1056 1293 in
1070 1266 1209 1301 pulmones
1222 1264 1310 1291 anima
1365 1264 1553 1291 Viuax-anima
1562 1284 1570 1296 ,
1588 1265 1656 1300 Quae
1668 1262 1802 1298 difficulter
1824 1274 1836 1290 e
1847 1273 1948 1300 corpore
1960 1265 2066 1301 ‹lili-edit
2085 1265 2167 1291 Ouid.
2181 1266 2246 1292 Met.
2260 1273 2295 1294 12,
2308 1268 2362 1296 508.
2382 1266 2401 1293 ’ζ
2419 1291 2421 1295 .

261 1311 374 1337 ducitur.
543 1306 563 1343 ff
589 1314 601 1337 3
628 1306 678 1331 Ρνο
698 1304 744 1330 hac
760 1306 814 1339 ipjzz
832 1304 931 1335 anima,
951 1311 1019 1337 quae
1035 1302 1130 1337 spiritu
1151 1301 1268 1333 ducitur,
1291 1303 1309 1326 i.
1364 1300 1463 1327 Caeneo.
1484 1301 1576 1326 quen.
1587 1301 1635 1326 Sat.
1644 1305 1667 1332 8,
1676 1306 1702 1332 83
1723 1300 1860 1327 Summum
1869 1301 1944 1328 crede
1957 1302 2029 1328 nefas
2037 1301 2293 1335 animampraeferre
2301 1295 2397 1334 pudo.
2420 1309 2421 1316 ¹

258 1351 325 1379 aare,
343 1354 412 1382 quem
425 1343 549 1370 trahimus
562 1349 584 1368 et
596 1340 736 1372 reddimus,
753 1339 892 1375 Jaepiffime
901 1342 1017 1374 ponitur.
1057 1339 1144 1364 Varro
1166 1338 1196 1364 L.
1210 1337 1239 1363 L.
1257 1345 1279 1369 5,
1293 1344 1309 1362 2
1365 1335 1393 1362 de
1405 1333 1508 1369 testibus
1514 1337 1632 1372 loquitur.
1652 1336 1713 1362 Sall.
1727 1336 1756 1362 in
1770 1337 1851 1363 Catil.
1864 1345 1908 1369 20,
1923 1346 1946 1369 13
1966 1337 2087 1372 Denique
2095 1336 2160 1371 quid
2171 1336 2270 1371 reliqui
2286 1335 2394 1364 habeiw
2419 1323 2421 1345 Ι

259 1392 284 1418 p.
301 1391 344 1417 45,
358 1390 393 1414 24
410 1379 460 1406 Vel
473 1377 545 1413 quod
560 1384 616 1404 tum
633 1377 722 1403 anima
734 1383 800 1410 quae
815 1376 893 1401 fiatur
901 1375 1021 1400 omnium
1034 1380 1152 1409 apparet.
1187 1374 1311 1409 Loquitur
1365 1372 1603 1406 praetermiseram
1617 1372 1751 1398 animam?
1778 1372 1884 1399 Colum'.
1905 1381 1928 1406 3,
1942 1382 1980 1405 ιο,
2000 1382 2017 1406 9
2043 1373 2140 1399 Anima
2155 1373 2247 1406 auriga
2258 1370 2376 1405 rechixq
2400 1350 2422 1419 t

259 1419 288 1445 de
300 1420 385 1449 hicme,
398 1416 440 1443 vbi
458 1415 556 1441 nebulae
562 1413 668 1450 speciem
678 1412 790 1447 praebet,
804 1410 860 1436 dum
873 1412 1027 1447 congelatur,
1045 1409 1159 1437 humidus
1172 1412 1256 1434 exiens
1269 1417 1310 1434 ore
1323 1410 1351 1435 35
1365 1407 1558 1434 membrorum.
1597 1409 1682 1434 Varro
1695 1408 1726 1434 R.
1740 1408 1770 1434 R.
1791 1417 1817 1441 2,
1831 1417 1860 1442 4,
1874 1417 1902 1435 10
1923 1409 1968 1435 Sui
1982 1417 2031 1443 pro
2045 1409 2101 1435 Sale
2115 1408 2182 1435 data.
2225 1403 2357 1435 Animam'
2372 1425 2374 1427 .
2387 1417 2415 1432 ²:v

252 1454 372 1493 spiritus.
429 1451 469 1479 Id.
483 1451 570 1476 Varro
583 1458 623 1483 ap.
638 1448 711 1475 Non.
723 1454 751 1480 4,
765 1455 781 1473 2.
804 1446 920 1481 Phrygio
933 1456 980 1480 per
992 1446 1045 1472 oss'a
1058 1455 1141 1472 cornu
1153 1444 1257 1479 liquida
1270 1452 1308 1470 ca·
1363 1444 1467 1470 sumere
1478 1443 1535 1470 leto
1554 1443 1630 1478 Virg.
1644 1444 1708 1469 Aen.
1723 1452 1746 1476 3,
1760 1446 1819 1477 654.
1856 1444 1979 1470 Animam
1987 1444 2053 1470 hanc
2066 1444 2177 1479 accipite
2189 1443 2228 1470 Id.
2243 1444 2308 1469 Aen.
2317 1452 2346 1476 4,
2354 1426 2422 1491 65

259 1491 300 1517 nit
320 1490 417 1517 anima.
459 1487 515 1513 Cic.
532 1494 581 1520 pro
595 1484 669 1510 Rosc.
687 1485 774 1509 Amer.
790 1490 821 1516 72
843 1483 944 1508 Ducere
958 1483 1073 1509 animam
1087 1481 1208 1508 decaelo.
1235 1482 1254 1506 i.
1279 1488 1308 1505 cx
1363 1479 1489 1506 Adiznere
1504 1479 1587 1506 alicui
1601 1480 1727 1513 animam,
1741 1486 1790 1515 pro
1800 1480 1918 1507 Occidere
1937 1480 2018 1507 Plaut.
2031 1480 2091 1506 Mil.
2105 1489 2128 1512 3,
2143 1489 2162 1513 1,
2176 1488 2228 1514 137.
2265 1478 2390 1510 Aestim„
2410 1472 2421 1505 2¹

258 1526 334 1554 llbero
347 1532 370 1551 ct
384 1530 469 1559 aperto
481 1525 545 1548 aifre.
580 1520 661 1546 Plaut.
677 1520 758 1545 Merc.
774 1527 792 1548 1,
806 1526 831 1549 z,
846 1526 875 1550 14
893 1518 985 1544 Genua
998 1517 1068 1545 hunc
1082 1518 1217 1544 cursorem
1238 1515 1309 1542 dcse-
1363 1515 1437 1542 denis
1452 1515 1542 1542 affibus
1556 1515 1673 1542 animam
1684 1521 1710 1542 et
1724 1524 1821 1550 corpus
1840 1516 1908 1542 Tac.
1923 1516 1990 1542 Ann.
2007 1525 2027 1551 1,
2040 1523 2079 1551 17,
2098 1525 2126 1549 4.
2163 1516 2264 1550 Agere,
2278 1522 2328 1550 pro

260 1567 322 1589 runt
336 1560 382 1593 (tl.-
390 1559 418 1596 se
430 1560 540 1594 quuitur
550 1555 656 1592 struas)
676 1554 757 1586 Perii,
777 1553 933 1579 seditionem
948 1554 1011 1580 facit
1025 1554 1092 1584 lien,
1112 1557 1221 1587 occupat
1235 1560 1309 1586 prae·
1364 1552 1421 1578 Cic.
1436 1551 1508 1578 Fam.
1532 1556 1556 1583 8,
1569 1560 1604 1583 13.
1653 1551 1740 1578 Senec.
1756 1551 1788 1577 de
1805 1552 1893 1578 Morte
1908 1552 2001 1578 Claud.
2022 1561 2070 1578 non
2077 1552 2168 1586 procul
2175 1553 2314 1587 principio,
2335 1548 2404 1582 Clvi'.
2420 1551 2421 1554 ’

261 1596 362 1624 cordia.
419 1593 506 1625 Perii,
532 1591 648 1618 animam
668 1599 773 1624 nequeo
788 1595 907 1621 vertere,
924 1590 1004 1615 nimis
1024 1589 1107 1616 nihili
1122 1587 1223 1615 tibicen
1236 1587 1355 1616 ssem.40
1364 1587 1425 1614 dius
1438 1587 1553 1613 animam
1565 1595 1644 1621 agere
1657 1587 1754 1622 coepit,
1773 1596 1819 1614 nec
1834 1587 1958 1614 inuenire
1977 1588 2079 1614 exitum
2097 1593 2214 1622 poterat:
2239 1584 2393 1620 *daefficultae‘
2404 1579 2421 1604 '·'

263 1633 369 1659 Videtur
382 1630 512 1657 tibicinum
519 1627 634 1664 formula
648 1624 690 1658 elli·
703 1626 819 1651 animam
832 1632 945 1657 vertere,
967 1629 985 1651 i.
1000 1633 1105 1658 mutare,
1115 1631 1193 1660 prout
1202 1630 1262 1659 opus
1274 1621 1307 1656 est
1363 1623 1485 1649 moriendi
1497 1629 1579 1655 notat,
1600 1629 1630 1648 v!
1650 1622 1711 1649 Liu.
1729 1624 1778 1655 26,
1798 1631 1828 1656 14
1847 1623 1974 1658 Impletae
1992 1623 2059 1650 cibis
2079 1624 2199 1658 vinoque
2211 1630 2308 1652 venae,
2323 1621 2361 1647 mi
2378 1630 2404 1651 ἀς,
2418 1614 2421 1627 ⁴

249 1668 341 1706 flando
352 1667 490 1703 spirituum
525 1672 596 1699 quam
610 1662 651 1687 hic
665 1661 792 1698 transstrt
807 1660 840 1686 ad
857 1661 1022 1696 reczpicndmn
1037 1672 1051 1687 a
1063 1661 1199 1687 vehementi
1211 1660 1310 1686 anhela·
1363 1657 1495 1686 efficacem
1520 1658 1549 1684 in
1569 1658 1724 1685 maturanda
1735 1665 1822 1684 morte
1841 1659 1898 1685 vim
1910 1659 2007 1685 veneni
2019 1659 2149 1685 fecerunt.
2200 1659 2292 1693 Itaque
2305 1653 2401 1686 noel?
2418 1649 2421 1665 ‘

257 1707 333 1735 riom,
353 1702 425 1738 cursu
439 1702 573 1730 concitata,
581 1697 712 1733 spiritum.
751 1698 800 1724 Pro
812 1697 901 1722 anima
916 1699 943 1722 in
959 1697 1030 1722 tibiis
1049 1695 1172 1733 inflandis
1191 1694 1309 1722 laudatur
1363 1700 1448 1721 totam
1461 1694 1583 1729 plerique
1596 1702 1691 1720 eorum
1702 1714 1710 1726 ,
1738 1699 1763 1720 et
1777 1694 1832 1720 diei
1849 1695 2011 1729 insequentis
2028 1701 2130 1729 partem
2144 1704 2204 1721 cum
2217 1694 2333 1721 animam
2365 1689 2403 1723 2⁴7}
2418 1686 2421 1692 ⁴

255 1743 331 1767 ctiam
345 1737 423 1773 Apul.
438 1736 509 1762 Flor.
565 1732 612 1760 sed
623 1733 689 1758 locus
703 1735 742 1758 ita
758 1729 918 1764 constituitur
930 1735 957 1758 in
978 1729 1189 1764 Elmenhorstiana
1203 1731 1310 1756 editione
1362 1731 1428 1762 sent,
1442 1739 1534 1756 omnes
1548 1735 1646 1762 tamen,
1659 1731 1813 1765 priusquam
1825 1729 2118 1764 aperirenturhostibus
2125 1735 2226 1765 portae,
2239 1729 2421 1764 exspirem&-

257 1785 284 1809 ρ.
297 1783 352 1809 341,
369 1782 392 1805 13
420 1770 551 1798 Nondum
570 1767 679 1802 quidem
696 1773 749 1792 tam
771 1767 914 1793 flexanimo
934 1768 1008 1794 sono.
1063 1766 1192 1794 Habebam
1209 1766 1309 1802 quidam
1316 1769 1351 1795 45
1363 1767 1440 1793 Plura
1455 1765 1541 1792 damus
1554 1768 1582 1790 in
1599 1771 1677 1792 AGO.
1713 1765 1854 1797 Amittere,
1873 1767 1955 1798 Mori,
1976 1765 2078 1793 Αιιᾶοι·
2091 1765 2123 1793 ad
2130 1767 2248 1793 Herenn.
2255 1775 2283 1800 4,
2296 1771 2337 1800 57.
2354 1763 2408 1798 Εἰς.

257 1810 340 1838 infixa
353 1808 450 1839 anima,
472 1806 512 1831 uel
524 1803 614 1831 inscisa
629 1802 725 1829 anima.
782 1802 868 1841 Plaut3
885 1802 991 1841 Afin-5>
1008 1811 1035 1834 2,
1047 1811 1086 1835 44
1106 1803 1147 1828 An
1155 1803 1239 1828 foetet
1252 1801 1308 1828 ani·
1364 1802 1435 1828 Fam.
1449 1809 1489 1834 14,
1500 1809 1522 1834 4
1541 1801 1678 1826 Peccatum
1692 1800 1728 1826 est
1744 1800 1859 1832 nullum,
1878 1801 1926 1827 nifi
1941 1801 2015 1836 quod
2030 1810 2086 1827 non
2108 1810 2160 1828 vna
2175 1810 2236 1828 cum
2248 1797 2408 1833 ornamentis

258 1854 302 1873 ma
315 1845 407 1872 vxoris
424 1842 501 1869 tuae}
521 1839 560 1866 Id.
574 1839 658 1865 Merc.
673 1847 696 1870 3,
711 1846 734 1869 3,
750 1845 773 1869 13
794 1836 904 1876 Foet1da
925 1845 1022 1863 anima.
1076 1838 1152 1870 Virg.
1171 1837 1270 1871 Georg.
1283 1846 1307 1869 2,
1363 1837 1479 1863 animam
1491 1835 1634 1863 amisimus.
1676 1835 1730 1862 vid.
1747 1845 1806 1862 mox
1831 1836 1945 1862 Omitto.
1998 1836 2094 1863 Anima
2108 1839 2145 1868 (et
2157 1838 2271 1869 lacertis)
2285 1830 2416 1864 auellimr·

257 1891 310 1916 ¹34·
330 1881 357 1907 de
373 1881 435 1906 malo
449 1876 565 1908 Medico,
585 1875 693 1901 Animas
708 1881 733 1899 et
746 1872 936 1912 olentialMedi
949 1873 1005 1899 Ora
1018 1872 1110 1899 fauent
1121 1872 1179 1901 illo,
1197 1877 1223 1898 et
1242 1873 1308 1897 scni-
1363 1872 1451 1899 infans
1468 1872 1532 1899 Stat.
1551 1872 1616 1898 Silu.
1630 1878 1654 1904 5,
1670 1879 1694 1904 5,
1707 1879 1733 1904 9.
1769 1871 1883 1898 Auferre
1890 1872 2007 1899 animum
2014 1872 2103 1903 alicui,
2124 1873 2242 1899 Occidere
2257 1872 2332 1907 Virg.
2344 1864 2409 1899 Aein.
2428 1881 2430 1893 r

256 1918 306 1947 bus
320 1916 488 1943 medicantur
500 1911 608 1938 anhelis.
643 1912 682 1937 De
695 1909 775 1936 endem
787 1917 814 1935 re
827 1909 883 1934 Cic.
899 1909 974 1935 Verr.
988 1917 1011 1940 3,
1024 1917 1068 1942 134
1078 1917 1098 1934 c.
1113 1913 1141 1941 58
1162 1907 1210 1933 Tu
1224 1907 1309 1941 Apro·
1364 1915 1391 1939 9,
1404 1915 1466 1941 443.
1514 1907 1611 1933 Carere
1626 1907 1714 1932 anima
1732 1906 1865 1939 Quinetil.
1882 1916 1902 1939 1,
1914 1916 1937 1940 3.
1988 1908 2087 1934 Carent
2098 1914 2186 1934 morte
2202 1908 2306 1934 animae
2325 1906 2409 1936 Ouid.

258 1953 335 1980 nium
348 1965 393 1971 -—
408 1949 455 1984 qui
468 1957 523 1974 non
541 1945 624 1973 modo
642 1945 761 1971 animum
790 1945 941 1978 integrum,
980 1943 1024 1970 sed
1046 1952 1079 1970 ne
1106 1944 1222 1975 animam
1248 1942 1307 1978 qui·
1319 1946 1350 1972 50
1359 1943 1429 1969 Met.
1444 1950 1479 1974 ις,
1493 1946 1542 1974 158.
1578 1941 1678 1968 Claufit
1691 1942 1807 1968 animam
1821 1942 1900 1969 dolor
1918 1943 2016 1969 Lucan.
2036 1949 2060 1975 8,
2075 1951 2114 1976 59.
2132 1944 2157 1970 h.
2170 1951 2190 1970 e.
2216 1943 2245 1970 de
2258 1945 2337 1970 animi
2347 1942 2408 1970 deli-

259 1989 320 2016 dem
339 1995 432 2022 puram
444 1983 600 2010 conseruare
615 1980 745 2014 potuisset.
802 1979 840 2004 Id.
854 1979 886 2005 de
907 1980 981 2005 Orat.
1004 1989 1024 2011 1,
1045 1982 1100 2006 261.
1120 1979 1148 2005 de
1160 1978 1307 2012 Demosthe·
1363 1980 1429 2014 quio.
1485 1975 1615 2004 Claudere
1627 1977 1743 2003 animam
1761 1977 1857 2012 laqueo
1874 1978 1958 2004 Ouid.
1971 1979 2036 2004 Met.
2047 1986 2076 2012 7,
2086 1979 2151 2012 604.
2164 1978 2189 2006 b.
2202 1988 2222 2006 e.
2237 1978 2406 2016 Strongulam.

258 2034 298 2057 ne,
317 2021 419 2050 Deinde
433 2027 514 2054 quum
534 2016 642 2051 spiritus
654 2015 712 2041 eius
726 2014 786 2040 esset
800 2013 945 2054 angustior,
960 2021 1063 2040 tantum
1079 2014 1238 2041 continenda
1252 2013 1308 2040 ani·
1363 2013 1498 2048 Colligere
1510 2013 1611 2040 animas
1624 2014 1654 2039 in
1666 2012 1744 2040 orbes
1757 2018 1878 2043 aeternos
1890 2013 1988 2039 Lucan.
2001 2022 2027 2046 9,
2039 2021 2066 2046 9.
2085 2013 2179 2042 dicitur
2189 2016 2343 2047 νέηαι-,πλέη
2355 2021 2408 2040 cae-

257 2068 302 2087 ma
314 2059 350 2086 est
364 2057 498 2084 alsecutus.
536 2054 566 2079 Et
580 2051 613 2078 de
630 2051 677 2077 Or.
692 2058 713 2082 3,
729 2057 779 2088 179,
795 2049 950 2075 Intercluuo
965 2049 1068 2074 animae
1081 2055 1162 2083 atque
1175 2049 1309 2082 angustiae
1363 2051 1386 2076 Io
1411 2057 1435 2075 et
1447 2048 1574 2082 fiderihus
1592 2049 1718 2075 collocare.
1774 2047 1927 2075 Concedere
1948 2048 2038 2080 alicui,
2057 2049 2140 2076 sinere
2156 2053 2207 2076 euin
2223 2055 2308 2077 vi'uere
2324 2047 2406 2076 Ouid.

258 2095 366 2132 spiritus
380 2091 526 2119 attulerunt
539 2086 665 2114 clausulas
680 2092 759 2120 atque
773 2084 940 2118 interpuncta
953 2083 1109 2123 verborum.
1145 2085 1183 2109 De
1191 2089 1309 2121 gyncope,
1365 2084 1431 2109 Met.
1444 2090 1467 2115 5,
1487 2087 1547 2109 222.
1591 2083 1714 2110 Condere
1730 2084 1850 2118 sepulcro
1877 2085 1952 2118 Virg.
1965 2085 2030 2111 Aen.
2043 2092 2066 2117 3,
2080 2086 2124 2119 67.
2141 2086 2161 2111 ὶ.
2174 2083 2265 2118 efficere
2273 2081 2409 2119 sepeliendo

273 2151 280 2158 .
291 2131 398 2166 deliquio
412 2128 490 2154 animi
502 2125 571 2152 Tac.
587 2126 653 2149 Ann.
668 2123 694 2153 6,
709 2130 739 2154 50
759 2121 900 2147 Interclusa
914 2120 1012 2152 anima,
1032 2119 1147 2146 creditus
1159 2118 1195 2145 est
1209 2124 1308 2145 morta·
1320 2120 1348 2146 53
1363 2124 1480 2152 corpore,
1495 2123 1526 2142 vt
1536 2126 1620 2143 manes
1636 2119 1770 2154 quiescant.
1793 2119 1845 2145 vid.
1867 2119 1983 2146 Seruius.
2037 2120 2154 2147 Credere
2167 2119 2282 2146 animam
2294 2126 2350 2144 non
2362 2116 2419 2149 vnio

252 2133 362 2195 ‘litatem
374 2161 527 2198 expleuisse:
547 2159 575 2185 de
593 2159 704 2186 Tiberio.
759 2157 815 2183 Sen.
830 2156 861 2182 de
875 2155 981 2182 Prouid.
994 2163 1058 2182 extr.
1077 2155 1105 2181 de
1119 2156 1206 2181 celeris
1218 2156 1309 2180 mortis
1363 2152 1447 2179 morti
1463 2153 1560 2178 Lucan.
1575 2160 1600 2184 3,
1613 2159 1666 2186 751.
1687 2153 1712 2179 h.
1726 2161 1746 2179 e.
1772 2154 1831 2178 Non
1844 2152 1888 2185 {ffi‘
1896 2161 2037 2181 contentum
2049 2164 2098 2181 vno
2115 2163 2202 2192 genere
2215 2156 2312 2181 mortis.
2353 2152 2377 2183 G
2388 2168 2403 2185 3,

289 2205 397 2232 neribus,
415 2199 478 2226 Siue
490 2195 594 2224 haustus
608 2194 676 2229 ignis
690 2192 793 2219 cursum
806 2192 908 2218 animae
916 2191 1057 2218 remeantis
1072 2189 1227 2218 interscidit.
1249 2189 1307 2216 Val.
1362 2188 1404 2218 dio
1418 2190 1482 2213 enim
1489 2188 1630 2223 transfixus
1643 2190 1670 2214 in
1682 2196 1748 2214 mare
1755 2190 1829 2214 etiam
1836 2188 1866 2224 fi
1873 2191 2036 2223 praecipitem
2049 2189 2126 2216 dedit.
2151 2191 2222 2217 Dare
2235 2185 2421 2223 Virg.Geo.⁴¹‘

258 2212 331 2268 fin,
347 2246 372 2271 9,
387 2244 415 2263 12
433 2241 498 2260 extr.
515 2241 524 2258 1
546 2231 574 2257 de
587 2231 661 2257 Coma
673 2232 778 2260 latrone,
797 2231 840 2264 qui
854 2228 998 2262 compreffo
1011 2227 1106 2262 spiritu
1120 2233 1221 2252 mortem
1237 2234 1308 2261 quae-
1363 2234 1391 2258 4,
1407 2232 1472 2256 204.
1499 2225 1517 2248 i.
1530 2226 1611 2249 mori.-
1642 2223 1774 2258 Vltroque
1794 2224 1910 2250 animam
1923 2223 1970 2250 sub
1983 2224 2051 2250 fasce
2065 2224 2168 2251 dedere.
2222 2224 2325 2251 Debere
2343 2216 2384 2250 T—
2406 2221 2411 2253 -Ξ

252 2274 317 2312 fluit
351 2274 423 2299 Intra
438 2268 527 2305 pecius
541 2266 638 2294 inclusa
650 2265 737 2291 anima
749 2264 828 2290 finem
843 2264 883 2289 sui
898 2263 1007 2297 reperit.
1063 2264 1100 2288 De
1111 2264 1206 2288 minori
1219 2267 1309 2287 conatu
1363 2259 1442 2285 Phor.
1456 2267 1483 2292 4,
1495 2267 1519 2290 3,
1534 2260 1572 2291 56.
1591 2260 1610 2284 i.
1625 2256 1765 2285 obaeratum
1777 2258 1829 2293 qffi‘.
1864 2259 2003 2294 Deponere
2017 2260 2087 2295 Nep.
2100 2269 2140 2292 23,
2154 2269 2175 2293 1,
2186 2269 2207 2292 3·
2243 2259 2379 2286 Diffiffldb
2389 2286 2393 2290 ,
2405 2269 2411 2277 ”

259 2294 333 2338 Ter?
342 2308 421 2336 Phor.
435 2314 456 2339 5,
471 2306 495 2335 6,
508 2308 539 2333 28
556 2302 679 2328 Animam
695 2298 839 2334 compressi,
857 2307 947 2325 aurem
961 2297 1079 2324 admoui.
1115 2296 1196 2323 Ouid.
1212 2296 1278 2323 Fast.
1289 2305 1309 2328 1,
1318 2291 1353 2316 60
1361 2295 1452 2321 anima
1467 2303 1478 2319 e
1491 2300 1592 2329 corpore
1604 2292 1726 2327 dzſjbluto,
1744 2294 1939 2330 quemadmodum
1951 2296 2037 2322 humor
2050 2305 2061 2321 e
2074 2297 2130 2333 vast
2143 2295 2252 2332 quaffizto
2273 2296 2397 2327 Lucret,.·

260 2354 311 2381 425
331 2343 419 2378 Surgit
428 2349 529 2371 amans,
547 2338 716 2371 animamque
731 2342 830 2367 tenens,
844 2335 954 2369 vestigia
966 2334 1061 2360 furtim
1070 2333 1196 2367 Suspenso
1217 2331 1310 2367 digitis
1364 2335 1421 2363 438.
1458 2329 1568 2356 Dimissa
1582 2330 1680 2362 anima,
1699 2338 1794 2365 corpus
1807 2336 1877 2357 caret
1891 2330 2009 2366 vndique
2021 2332 2096 2358 sensu
2115 2332 2220 2359 Lucret.
2232 2340 2255 2364 5,
2268 2338 2322 2366 357.
2364 2331 2402 2360 D

259 2383 315 2410 fert
328 2381 461 2408 taciturna
473 2374 564 2411 gradu.
598 2373 641 2400 Id.
652 2374 717 2399 Met.
731 2376 754 2404 8,
766 2373 816 2404 643
834 2372 908 2405 Ignes
923 2387 933 2392 -
947 2371 1033 2397 nutrit
1048 2376 1074 2396 et
1084 2369 1116 2395 ad
1129 2369 1246 2395 flammas
1253 2368 1309 2394 ani·
1364 2365 1425 2393 vifit
1438 2365 1553 2392 animam
1559 2365 1638 2403 s‘fi‘s
1648 2374 1681 2392 ex
1692 2366 1793 2392 vulnere
1807 2365 1903 2402 duplici
1914 2376 1989 2394 cruor
2002 2367 2103 2394 Lucan.
2115 2376 2138 2400 3,
2152 2376 2205 2401 591.
2259 2360 2421 2397 Edere,C'„.'
2461 2391 2464 2395 ,

262 2427 307 2446 ma
320 2415 442 2452 perducit
454 2412 530 2440 anili.
555 2408 633 2445 Apul.
649 2407 724 2443 Apol.
733 2417 758 2442 p.
772 2415 835 2441 279,
849 2415 877 2439 19
898 2410 924 2432 in
939 2409 1048 2432 carmine
1055 2403 1276 2438 amatorio,-Q10d
1291 2403 1310 2431 st
1365 2411 1414 2437 pro
1428 2402 1496 2428 Sext.
1509 2406 1543 2436 87
1557 2410 1578 2427 c.
1592 2406 1629 2433 38.
1681 2401 1775 2428 Efflare
1794 2401 1850 2428 Cic.
1869 2410 1919 2436 pro
1931 2402 2028 2429 Milon.
2042 2411 2079 2436 49
2093 2413 2115 2430 c.
2133 2408 2165 2434 18.
2220 2403 2291 2438 Nep.
2305 2412 2334 2436 4,
2344 2409 2382 2435 5,-
2397 2398 2421 2430 ἢν
2451 2397 2466 2426 ›²‹

261 2454 377 2481 animam
391 2450 512 2485 inspires,
532 2446 600 2473 dona
613 2452 639 2472 et
653 2445 706 2471 iam
719 2443 835 2470 carmina
853 2442 941 2469 nostra
954 2441 1054 2468 Cedent
1069 2440 1142 2467 vieta
1159 2447 1207 2467 tuo
1228 2440 1310 2466 dulci·
1364 2438 1422 2465 Sen.
1439 2437 1579 2464 HersOet.
1592 2444 1654 2470 1450
1677 2437 1787 2463 Vtinam
1807 2436 1899 2463 liceret
1918 2437 2006 2473 stipite
2025 2438 2127 2473 ingesto
2147 2439 2258 2474 impiam
2269 2437 2375 2473 effring-
2390 2431 2421 2457 ·›‘
2449 2435 2461 2445 ⁴*

264 2491 347 2525 loquo
361 2487 471 2514 calamo.
509 2483 575 2510 Plin.
590 2490 621 2514 11,
636 2489 666 2515 37
680 2480 698 2506 s.
713 2487 746 2514 72
766 2479 818 2506 Sub
829 2478 908 2505 corde
922 2477 1014 2513 pulmo
1025 2477 1062 2504 est
1076 2476 1246 2511 spirandique
1254 2474 1311 2503 offi-
1320 2474 1355 2505 65
1365 2474 1491 2501 animam.
1548 2472 1688 2500 Effundere
1701 2473 1776 2508 Virg.
1790 2473 1854 2500 Aen.
1871 2482 1891 2506 1,
1903 2478 1943 2506 98.
1994 2473 2100 2500 Elidere
2117 2474 2202 2501 Ouid.
2223 2475 2289 2501 Met.
2303 2481 2339 2505 12,
2355 2476 2417 2506 508.'·
2449 2464 2462 2480 ⁵

262 2526 330 2556 cina,
350 2521 482 2551 attrahens
496 2529 525 2546 ac
537 2517 647 2546 reddens
659 2516 784 2543 animam.
821 2515 903 2541 Plaut.
920 2514 977 2540 Aul.
992 2523 1017 2547 z,
1035 2524 1063 2547 4,
1077 2522 1108 2546 23
1128 2512 1204 2547 Qiin
1217 2521 1277 2538 cum
1289 2512 1311 2539 it
1362 2510 1475 2545 Eripere
1488 2508 1569 2536 alicui
1580 2507 1618 2535 Id.
1625 2509 1689 2535 Met.
1701 2510 1729 2541 6,
1744 2516 1802 2542 540.
1855 2507 1982 2535 Exhalare
2001 2509 2040 2535 Id.
2060 2509 2098 2536 ib.
2117 2511 2143 2540 6,
2156 2516 2218 2544 247.
2274 2508 2417 2542 Expellere

264 2561 420 2591 dormitum,
431 2556 525 2584 follem
537 2553 679 2588 obstringit
692 2551 728 2578 ob
735 2551 832 2586 gulam.
853 2558 902 2578 CO.
923 2551 996 2577 Cur?
1016 2557 1062 2576 ST.
1083 2549 1127 2576 Ne
1134 2548 1312 2583 quidanimae
1367 2546 1406 2573 Id.
1422 2545 1488 2573 ibid.
1504 2547 1557 2575 618.
1597 2544 1736 2584 Exspirare
1757 2543 1839 2571 Ouid.
1851 2544 1916 2570 Met.
1932 2553 1956 2578 5,
1970 2546 2025 2571 106.
2067 2545 2222 2579 Exprimere
2234 2543 2408 2571 relufiantem

265 2599 337 2625 forte
349 2595 453 2623 amittat
465 2590 607 2618 dormiens.
644 2596 660 2616 c
669 2596 697 2615 o.
714 2588 835 2614 Etiamne
841 2586 986 2621 obstringit
997 2583 1157 2612 inferiorem
1166 2590 1311 2619 gutturem,
1367 2582 1484 2609 animam
1496 2581 1557 2608 Sen.
1570 2579 1667 2615 Oedtp.
1679 2588 1741 2613 344.
1775 2579 1946 2614 Exstinguere
1958 2580 2041 2607 alicui
2059 2580 2128 2607 Ter.
2142 2580 2246 2612 Adcl.3‚
2260 2588 2286 2612 2,
2300 2581 2337 2606 16.
2355 2578 2412 2606 Pal.-

264 2634 308 2662 Ν,
323 2630 388 2667 quid
403 2629 505 2657 animae
518 2626 589 2652 forte
604 2625 706 2651 amittat
720 2624 873 2650 dormiens?
1029 2620 1049 2659 Ἴ
1081 2630 1099 2654 4
1123 2620 1227 2656 Cumque
1245 2624 1313 2647 vitae
1367 2617 1418 2645 lad.
1432 2619 1498 2652 Aug.
1511 2625 1538 2650 9,
1553 2625 1563 2643 1
1611 2622 1707 2642 uorum
1721 2615 1829 2650 spiritus
1841 2616 1914 2643 misti
1926 2615 2075 2642 anhelitum
2089 2616 2166 2650 pestis
2178 2615 2311 2646 exhalant,
2329 2620 2356 2640 ct
2373 2626 2379 2636 ·
2391 2627 2419 2642 κ

258 2669 400 2707 Praesenti,
411 2662 565 2698 cerfjffimwn
582 2660 702 2686 indicium
708 2658 747 2693 stt
764 2660 824 2686 haec
841 2658 944 2689 anima;
960 2658 1018 2684 hinc
1025 2664 1074 2692 pro
1081 2656 1147 2689 vita,
1166 2663 1188 2682 et
1203 2659 1256 2692 ip-Ja
1269 2657 1314 2683 illa
1322 2660 1358 2688 70
1366 2653 1467 2688 cupatis
1478 2653 1566 2679 statim
1578 2650 1685 2679 naribus
1698 2652 1862 2687 Extorquent
1875 2651 1984 2678 animas.
2038 2651 2184 2678 Exturbare
2196 2650 2278 2678 Ouid.
2292 2651 2358 2677 Met.
2387 2672 2390 2676 .

259 2708 335 2743 pam
349 2701 484 2737 effintiali,
505 2704 534 2724 vt
548 2695 686 2732 appeliant,
712 2703 759 2730 qua
778 2696 845 2720 uiuit
857 2701 880 2720 et
896 2695 978 2730 sentit
990 2692 1088 2719 animal
1103 2691 1189 2728 (quod
1200 2691 1257 2718 inde
1271 2702 1313 2718 no-
1368 2697 1421 2725 175.
1457 2689 1560 2716 Exuere
1572 2690 1591 2714 i·
1604 2690 1670 2714 mori
1681 2687 1719 2714 Id·
1734 2687 1800 2714 ibid·
1812 2696 1848 2721 ¹4,
1862 2695 1925 2722 777-
1961 2687 2053 2714 Ferire
2065 2687 2182 2717 animam
2205 2687 2346 2721 Lucret.4,
2364 2693 2401 2722 ¹¹³}

264 2751 317 2769 me„
335 2737 438 2771 habeb)
450 2742 522 2771 atque
534 2733 602 2764 adeo,
617 2740 664 2766 qua
672 2730 744 2766 stipit
757 2730 834 2761 homo,
843 2728 1041 2764 frequentgffime
1049 2735 1164 2764 ponitur.
1201 2729 1269 2755 Haec
1275 2730 1314 2754 ita
1366 2726 1461 2751 dicitur
1475 2724 1586 2751 animus.
1603 2722 1656 2750 vid.
1668 2731 1694 2749 n.
1708 2731 1736 2756 4.
1772 2723 1862 2750 Fiuire
1875 2722 1957 2750 Ouid.
1970 2723 2034 2750 Met.
2046 2731 2133 2758 7,591.
2154 2726 2172 2750 i.
2184 2725 2257 2749 mori.

258 2777 310 2815 fib,-
316 2776 380 2813 fim,
394 2775 481 2800 vicina
492 2770 532 2796 vel
543 2769 648 2803 implexa
656 2769 753 2801 potius,
770 2771 800 2790 vt
815 2762 916 2799 difficile
922 2764 959 2799 stt
972 2765 1068 2798 dicere,
1084 2763 1146 2800 quid
1155 2767 1260 2799 proprie
1273 2764 1314 2791 ho-
1367 2761 1484 2788 animam
1498 2758 1661 2786 moribundo
1675 2767 1788 2793 corpore
1804 2759 1908 2786 Lucret.
1922 2767 1945 2791 3,
1959 2761 2034 2792 1046.
2069 2759 2202 2793 Inspirare
2215 2757 2331 2784 animam
2350 2756 2384 2790 ·”;
2405 2765 2408 2770 ·

265 2822 320 2842 rum
332 2811 472 2839 coaitarint
478 2805 628 2842 scriptores,
645 2811 699 2827 cum
711 2801 815 2827 animae
828 2808 912 2826 nomen
926 2800 1037 2835 posuere.
1093 2801 1176 2834 Qare
1189 2800 1230 2826 bic
1238 2807 1314 2836 pone·
1364 2803 1410 2823 tur
1424 2797 1495 2823 Deus
1514 2795 1611 2822 Lucan.
1624 2802 1652 2830 7,
1664 2797 1727 2829 769.
1764 2794 1932 2830 Linquebant
1948 2794 2036 2821 dulces
2049 2795 2148 2822 animas
2160 2794 2235 2828 Virg.
2248 2793 2311 2820 Aen.
2326 2801 2350 2826 3,
2367 2791 2370 2797 ’
2409 2794 2414 2809 ’-

265 2858 319 2876 mus
325 2835 464 2883 fossmulas,
483 2844 510 2868 in
522 2839 610 2876 quibus
623 2838 708 2864 horum
721 2837 761 2863 vel
777 2836 874 2871 aliquid
887 2837 963 2871 locum
977 2835 1064 2868 habet,
1085 2837 1126 2862 vel
1138 2838 1228 2862 omnia.
1273 2837 1354 2865 Ac75
1368 2833 1488 2865 Mittere,
1502 2839 1552 2867 pro
1563 2832 1634 2860 Mori
1652 2831 1757 2857 Lucret·
1772 2832 1798 2863 6,
1810 2839 1876 2863 ¹232-
1909 2830 2021 2857 Mittere
2033 2830 2080 2857 sub
2093 2836 2191 2858 tartara
2216 2830 2292 2864 Virg-
2306 2829 2352 2855 Ae!
2408 2859 2411 2862 ,

260 2887 371 2923 primum
384 2890 420 2913 ea,
431 2883 458 2906 in
472 2876 558 2914 quibus
570 2873 695 2900 Animum
709 2879 733 2898 et
746 2871 870 2898 Animam
887 2870 1053 2910 distinguunt.
1109 2872 1193 2910 Igitur
1207 2871 1314 2898 Nonius
1368 2877 1426 2901 243.
1476 2867 1558 2895 Nasci
1574 2866 1672 2894 animas
1690 2875 1752 2893 cum
1765 2865 1937 2901 corporibus,
1956 2872 1982 2892 et
1995 2866 2059 2893 item
2072 2875 2133 2894 cum
2144 2864 2305 2901 corporibus
2324 2876 2328 2878 “
2350 2859 2387 2885 ff*
2412 2871 2415 2899 ’Δ

267 2930 291 2955 5,
305 2928 339 2947 20
359 2918 471 2945 Animus
485 2912 521 2940 cst
534 2920 588 2946 quo
602 2909 724 2949 sapimus,
739 2908 834 2934 Anima
848 2916 899 2947 qua
920 2908 1046 2947 viuirnus.
1088 2907 1183 2946 Accius
1202 2907 1313 2942 Epigon.
1368 2903 1572 2944 guisputabant
1586 2901 1708 2938 Epicurei
1722 2901 1840 2929 Ladiant.
1863 2902 1894 2929 de
1913 2902 2010 2937 Opific.
2027 2902 2077 2929 Dei
2097 2911 2154 2937 cap.
2167 2910 2194 2935 4.
2231 2900 2348 2936 Negotia
2364 2896 2377 2931 ἶ

473 2958 500 2982 o,
522 2947 638 2975 fruimur
651 2953 752 2971 amnia:
774 2943 825 2970 fine
839 2951 929 2969 animo
941 2950 1030 2968 anima
1044 2941 1079 2968 est
1094 2940 1199 2967 debilis.
1369 2939 1466 2966 medici
1477 2948 1577 2966 ammas
1589 2938 1689 2966 nostras
1706 2937 1773 2964 Cato
1787 2938 1856 2973 apud
1870 2938 1936 2965 Plin.
1951 2946 2026 2975 2921-
2061 2937 2206 2965 Obiec‘tare
2216 2937 2323 2972 periclis
2336 2935 2375 2964 V'

2392 1115 2395 1122 ι

2374 1136 2382 1143 *¹
2389 1144 2394 1154 l
2421 1147 2424 1153 ι

2444 1111 2470 1203 3

2447 1221 2466 1237 .-

2454 1240 2462 1266 ³.

266 2958 386 3019 εὸῗίἓὲῗ
397 2961 471 3023 ξῖἱέἳ
485 2984 603 3012 Primum
618 2982 736 3008 animum
750 2979 821 3012 dico,
837 2984 951 3005 mentem
965 2986 1044 3013 quam
1058 2977 1131 3012 saepe
1143 2985 1277 3011 vocamus,
1366 2976 1433 3002 «Aen.
1448 2984 1486 3009 12,
1501 2984 1557 3008 230.
1612 2975 1747 3002 Ommunt
1759 2975 1874 3001 animam
1889 2974 1971 3008 prius,
1993 2981 2072 3009 quam
2085 2975 2146 3000 loco
2166 2973 2315 3007 demigrent
2331 2966 2373 3000 Pl
2408 2977 2415 3008 j

483 3021 515 3048 In
523 3027 577 3055 quo
585 3017 725 3045 confilium
736 3015 809 3042 vitae
821 3012 1170 3048 regimenquelocatumest,
1323 3015 1358 3041 80
1368 3011 1467 3046 Amph.
1488 3020 1514 3044 1,
1534 3020 1555 3044 1,
1575 3016 1619 3047 85..
1663 3009 1827 3037 Profundere
1845 3018 1892 3045 per
1907 3009 2019 3036 vulnera
2041 3009 2123 3036 Ouid.
2139 3008 2217 3044 Epist.
2233 3008 2320 3035 Sabin.
2330 3015 2354 3041 c,
2365 3022 2373 3031 «η
2469 3014 2474 3031 1

484 3056 538 3084 Effe
550 3053 669 3082 hominis
681 3057 782 3087 partem
794 3049 883 3077 nihilo
895 3049 991 3081 minus,
1010 3058 1038 3076 ac
1053 3057 1144 3075 manus
1150 3055 1178 3075 ct
1189 3057 1243 3084 pes.
1368 3047 1502 3075 Proiicere
1521 3047 1596 3081 Virg.
1611 3046 1674 3072 Aen.
1688 3047 1714 3078 6,
1728 3047 1787 3078 436.
1822 3045 1942 3072 Reddere
1954 3046 2056 3072 animas
2069 3045 2201 3080 ademptas
2208 3042 2307 3071 dicitur
2319 3043 2374 3074 A«,
2470 3040 2473 3065 1

359 3098 392 3125 Et
411 3100 449 3126 118
485 3093 566 3120 Nunc
578 3089 694 3117 animam
711 3095 820 3123 quoque
830 3091 860 3113 vt
880 3085 909 3112 in
926 3083 1052 3111 membris
1070 3085 1226 3118 cognoscere
1240 3085 1314 3120 poffis
1370 3084 1469 3118 lapius,
1488 3086 1505 3110 i.
1526 3083 1612 3110 Vitam
1623 3079 1749 3115 restituere
1768 3081 1851 3108 Ouid.
1864 3082 1928 3108 Met.
1948 3090 1973 3112 2,
1994 3083 2059 3115 644.
2115 3081 2275 3115 Relinquam
2296 3078 2339 3106 ani
2356 3092 2372 3115 vv
2411 3077 2414 3083 ’

485 3128 549 3160 Effe,
561 3134 647 3161 neque
662 3123 837 3152 Harmoniam
850 3130 944 3156 corpus
956 3120 1072 3147 retinere
1087 3120 1170 3146 solere
1190 3129 1234 3148 etc.
1369 3120 1468 3154 potius,
1489 3127 1568 3153 quam
1581 3118 1640 3145 illas
1653 3116 1770 3145 deseram
1785 3117 1853 3144 Ter.
1869 3117 1944 3144 Adel.
1958 3126 1981 3149 3,
1995 3127 2022 3150 4,
2037 3125 2075 3150 52.
2123 3117 2265 3144 Resumcre
2278 3115 2336 3142 Sen.
2354 3114 2377 3137 ⁰⁸
2411 3135 2415 3139 .

366 3167 395 3194 tt
410 3174 448 3200 135
484 3164 564 3192 Nunc
578 3162 698 3189 animum
712 3154 791 3194 atque
803 3158 918 3185 animam
931 3156 992 3183 dico
1005 3155 1146 3183 conuincia
1159 3157 1245 3184 teneri
1370 3164 1405 3189 24
1422 3155 1450 3181 de
1463 3158 1569 3181 Antaeo.
1622 3152 1748 3180 Seducere
1761 3158 1831 3180 artus
1845 3152 1878 3180 ab
1897 3153 1985 3180 anima
2005 3153 2098 3180 dicitur
2111 3163 2179 3180 mors
2203 3152 2278 3187 Virg.
2300 3152 2355 3178 Aen
2366 3155 2373 3167 .·
2411 3146 2415 3153 '

486 3201 559 3227 Inter
569 3199 604 3231 se,
617 3203 696 3232 atque
707 3204 787 3222 vnam
800 3200 921 3220 naturam
934 3191 1062 3219 conficere
1076 3200 1107 3218 ex
1120 3192 1162 3218 se:
1326 3192 1355 3221 83
1369 3196 1421 3224 385.
1477 3189 1540 3216 Stat.
1552 3188 1646 3216 Theb.
1661 3198 1684 3222 5,
1698 3191 1750 3216 260
1764 3203 1807 3208 —
1826 3188 1957 3224 polirique
1977 3195 2080 3223 patrum
2102 3189 2178 3224 super
2195 3197 2242 3215 ora
2261 3194 2372 3222 gemen¹
2411 3208 2415 3216 .

488 3235 537 3262 Sed
550 3240 626 3269 caput
637 3233 685 3259 esse
698 3230 769 3267 quali
782 3236 809 3257 et
822 3228 956 3256 dominari
969 3228 997 3254 in
1010 3236 1122 3262 corpore
1140 3233 1198 3254 toto
1370 3226 1518 3254 Semineces
1531 3225 1618 3261 pueri,
1636 3224 1751 3260 trepidas
1765 3223 1794 3250 in
1808 3224 1902 3252 limine
1914 3225 1986 3252 vitae
2005 3225 2154 3260 Singultant
2166 3225 2278 3258 animas.
2312 3222 2342 3254 S,
2352 3222 2377 3258 ’.ᾗ

487 3270 644 3302 Consilium,
665 3267 739 3304 quod
753 3275 802 3293 nos
815 3265 934 3292 animum
946 3271 1115 3299 mentemque
1127 3272 1260 3291 vocamus.
1368 3271 1399 3290 re
1413 3263 1488 3289 ferro
1500 3262 1617 3289 animam
1635 3260 1684 3292 Sil.
1703 3268 1735 3293 13,
1751 3279 1758 3286 .
1776 3279 1784 3286 .
1817 3259 1969 3288 'Subducere
1982 3261 2066 3288 morti
2091 3259 2173 3288 Ouid.
2184 3259 2272 3287 Trist.
2288 3267 2308 3294 1,
2322 3266 2345 3291 3,

367 3306 398 3333 Ee
415 3314 464 3340 144
488 3307 595 3332 Caetera
608 3313 667 3340 pars
680 3303 783 3330 animae
792 3310 838 3337 per
851 3306 937 3328 totum
950 3299 1032 3326 dissita
1045 3307 1140 3333 corpus
1368 3297 1492 3326 Tradere
1506 3297 1595 3325 funeri
1612 3297 1671 3324 Sen-
1685 3294 1789 3323 Troad.
1804 3299 1862 3331 376.
1882 3296 1934 3323 vid.
1950 3296 2071 3324 Condere
2085 3296 2211 3331 sepulcro.
2244 3294 2336 3322 Tacit.
2352 3302 2360 3324 ζ

490 3341 564 3367 Paret
575 3348 600 3368 ct
614 3340 645 3368 ad
659 3348 757 3367 numen
769 3337 865 3365 mentis
883 3344 1033 3370 nomenque
1048 3340 1180 3362 mouetur.
1371 3343 1391 3367 1,
1406 3342 1441 3369 42
1466 3333 1564 3368 Meque
1582 3332 1726 3368 precariam
1740 3331 1854 3358 animam
1869 3332 1939 3360 inter
1956 3333 2072 3360 infensos
2084 3331 2197 3359 trahere.

367 3377 398 3403 Ec
419 3380 459 3409 158
488 3375 608 3410 Denique
619 3374 759 3403 concidere
767 3382 798 3401 ex
813 3373 896 3400 animi
911 3378 1014 3399 terrore
1029 3370 1152 3398 videmus«
1325 3376 1362 3402 90
1371 3369 1570 3398 Blandimentum
1585 3367 1617 3403 eft
1636 3369 1704 3395 Hor.
1717 3367 1768 3394 Od.
1781 3375 1801 3399 1,
1812 3376 1836 3400 3,
1851 3373 1864 3398 8
1883 3368 1995 3395 Animae
2006 3367 2151 3395 dimidium
2163 3375 2248 3399 meae,
2270 3368 2302 3393 it.
2312 3373 2360 3400 29,-
2412 3380 2414 3384 -

491 3410 570 3444 Saepe
583 3410 711 3444 homines,
733 3409 811 3437 facilc
823 3414 853 3435 vt
864 3408 955 3443 quiuis
975 3406 1036 3433 hinc
1049 3407 1155 3433 noscere
1172 3405 1245 3440 ponit
1370 3405 1414 3432 Ah
1426 3412 1452 3432 te
1466 3413 1539 3432 meae
1553 3404 1572 3431 fl
1585 3410 1685 3440 partem
1697 3403 1800 3430 animae
1811 3404 1882 3439 rapit
1895 3404 2030 3432 Maturior
2045 3402 2103 3435 vis;
2124 3403 2189 3438 quid
2207 3409 2302 3428 moror
2315 3399 2318 3404 “
2355 3401 2369 3419 -’

491 3446 544 3472 Effe
552 3446 664 3473 animam
674 3442 1183 3477 cumanimoconiunetam,quaequum
1195 3440 1316 3468 animivi
1371 3442 1439 3477 Qun
1452 3443 1525 3468 etiam
1540 3442 1616 3476 plane
1628 3439 1751 3467 Animam
1765 3446 1866 3472 vocant,
1885 3449 1953 3476 quem
1970 3445 2055 3467 mant
2080 3439 2138 3465 Cic.
2159 3439 2230 3465 Fam.
2249 3446 2289 3471 14,
2301 3444 2332 3470 14
2366 3441 2369 3447 “
2411 3441 2416 3450 ·

492 3481 605 3507 Percussa
620 3482 654 3507 est
667 3482 727 3508 exin
741 3489 835 3516 corpus
849 3478 974 3515 propellit
986 3484 1012 3505 et
1021 3477 1078 3511 icit,
1099 3484 1142 3504 etc.
1373 3485 1446 3504 meae
1458 3476 1601 3504 cariffimae
1611 3475 1723 3506 animae,
1742 3484 1821 3509 quam
1834 3475 1975 3511 saepissime
1989 3474 2020 3501 ad
2031 3481 2075 3500 me
2088 3473 2205 3501 scribite.
2243 3473 2334 3500 Notat*
2356 3469 2375 3502 F

347 3515 386 3545 ld.
401 3519 484 3549 4‚884
492 3516 563 3550 Ergo
576 3516 687 3549 animus,
705 3526 766 3544 cum
777 3518 829 3544 sese
843 3517 880 3543 ita
886 3519 1046 3546 commouet,
1062 3519 1091 3540 vt
1103 3511 1168 3539 velit
1181 3511 1222 3538 ire
1367 3516 1423 3549 prio
1436 3516 1474 3539 ita
1487 3512 1557 3539 habet
1568 3530 1577 3544 ‚
1607 3510 1721 3538 Tullius
1738 3510 1886 3538 Terentiae
1902 3517 1930 3538 et
1948 3511 2023 3537 Pater
2041 3509 2192 3542 Tulliolae,
2205 3507 2304 3536 duabus
2315 3515 2330 3534 a
2352 3505 2379 3544 ἦ,
2406 3509 2412 3543 γζ

494 3553 578 3586 Inque
593 3551 676 3585 gredi,
689 3553 752 3579 ferit
773 3552 915 3587 extemplo,
935 3549 1042 3591 quaein
1061 3557 1172 3583 corpore
1186 3553 1244 3574 toto
1329 3552 1361 3579 95
1372 3552 1438 3581 (non
1451 3547 1601 3580 animabus)
1621 3546 1682 3573 suis.
1720 3548 1812 3582 Nempe
1958 3543 1980 3580 q
1999 3552 2016 3580 7
2034 3545 2131 3572 Anima
2143 3548 2216 3572 etiam
2228 3546 2292 3572 alias
2299 3549 2354 3578 pro,
2376 3545 2378 3547 ’
2404 3540 2415 3579 ζ’

493 3588 542 3614 Per
555 3586 674 3612 membra
685 3594 761 3622 atque
775 3595 846 3615 artus
859 3587 959 3614 animai
971 3584 1052 3612 diffita
1065 3584 1106 3610 vis
1119 3583 1165 3610 est.
1370 3585 1466 3612 homine
1478 3584 1580 3610 dicitur.
1625 3583 1692 3609 Hor.
1707 3582 1758 3609 Sat.
1774 3591 1795 3616 1,
1809 3590 1832 3616 5,
1844 3589 1875 3616 41
1901 3581 2022 3613 Animae,
2040 3581 2131 3615 quales
2149 3586 2235 3616 neque
2247 3576 2348 3607 candid?
2357 3581 2377 3597 '·¹³

492 3623 524 3650 Et
538 3621 615 3649 facile
627 3621 662 3647 est
676 3622 746 3649 sachi
755 3643 763 3656 ,
783 3624 910 3658 quoniam
928 3619 1069 3649 coniuncta
1088 3625 1201 3646 tenetur.
1371 3620 1462 3647 Terra
1475 3618 1538 3646 tulit
1551 3625 1596 3646 etc.
1631 3618 1705 3653 Virg.
1719 3619 1785 3645 Aen.
1799 3626 1832 3651 n,
1843 3627 1876 3650 ²4
1889 3616 2014 3651 Egi-egias
2028 3616 2138 3649 animas,
2156 3625 2222 3651 quae
2235 3613 2376 3650 sanguine,

494 3657 559 3686 Inde
572 3665 602 3684 ca
616 3660 721 3688 (anima)
734 3667 782 3692 pro
792 3668 872 3693 porro
886 3666 980 3693 corpus
992 3656 1066 3688 serit,
1086 3661 1164 3690 atque
1177 3655 1213 3681 ita
1225 3658 1281 3681 tou
1370 3654 1413 3682 bin
1436 3656 1510 3682 Hane
1532 3654 1644 3690 patriam
1663 3662 1789 3689 peperere
1807 3653 1854 3681 suo
1865 3659 1912 3679 etc.
1969 3653 2027 3678 Non
2042 3651 2176 3679 audiendus
2189 3650 2223 3686 est
2241 3651 2314 3678 Non.
2325 3649 2373 3679 6,»-

494 3692 635 3721 Paullatim
649 3691 732 3718 moles
751 3695 933 3727 protruditur,
951 3699 1029 3728 atque
1042 3696 1174 3718 mouetur.
1371 3693 1414 3728 qui
1426 3691 1526 3718 animas
1547 3690 1571 3717 h.
1583 3690 1600 3716 I.
1614 3697 1659 3726 pro
1672 3688 1814 3725 corporibus
1821 3689 1935 3724 poninit.
1970 3688 2058 3714 Maior
2065 3687 2160 3724 specics
2174 3688 2230 3721 estet
2246 3689 2274 3712 in
2364 3683 2367 3689 '

281 3728 312 3755 ln
327 3728 416 3754 animo
428 3731 508 3764 igitur
532 3736 576 3756 uns
588 3725 737 3759 intelle-fiiis,
758 3730 879 3760 volimus,
893 3727 1011 3764 offeflus,
1027 3727 1115 3754 anima
1133 3728 1215 3758 vion,
1227 3724 1525 3760 stutit,100nTrade1-e
1538 3725 1639 3758 funeri,
1652 3725 1682 3752 de
1690 3724 1813 3766 μῶυ-11.
1829 3732 1851 3754 ς.
1884 3722 1954 3750 Tac.
1967 3721 2037 3749 Hist.
2051 3731 2079 3756 4,
2093 3732 2131 3757 32,
2145 3731 2158 3757 5
2177 3725 2232 3750 Vos
2245 3720 2333 3748 aute'm

282 3770 358 3789 moue!
371 3771 466 3803 corpus,
515 3765 544 3801 f.
557 3763 613 3791 Cic.
626 3761 708 3802 Tusc.
725 3770 745 3801 1,
768 3771 796 3795 19
810 3773 831 3789 c.
844 3773 860 3796 9
878 3765 932 3800 sqq.
954 3764 1065 3791 Animus
1078 3760 1110 3797 gli
1124 3761 1204 3798 solim
1211 3761 1319 3791 hominis
1372 3762 1436 3794 viri,
1455 3768 1481 3789 ct
1499 3767 1617 3789 caeterae
1628 3759 1800 3788 seruientium
1811 3757 1936 3791 animae.⁴
1975 3758 2102 3793 Vulgatus
2122 3763 2195 3786 ctiam
2206 3758 2342 3791 ‚interpres

278 3801 390 3834 proprie,
403 3807 490 3837 amma
502 3803 608 3826 onmium
624 3797 788 3829 animalium,
809 3801 882 3824 etiam
900 3799 1037 3833 bestiarum.
1078 3799 1147 3836 Quin
1159 3797 1237 3823 latius
1248 3801 1324 3831 patet,
1373 3798 1427 3824 nes.
1439 3800 1486 3831 46,
1512 3799 1546 3824 26
1572 3803 1596 3823 et
1613 3798 1679 3823 altas
1690 3794 1799 3821 Animas
1806 3799 1855 3829 pro
1869 3791 2024 3820 hominibus
2037 3796 2077 3821 vel
2082 3794 2222 3829 capitibus,
2241 3799 2271 3820 vt
2282 3795 2320 3827 loq

282 3842 367 3860 nomen
381 3841 491 3873 ammae.
525 3835 583 3861 Sen.
598 3835 642 3869 Ep.
658 3838 685 3867 58
705 3832 768 3859 Sunt
781 3833 918 3867 quaedam,
937 3844 1004 3870 quae
1015 3834 1129 3862 animam
1144 3831 1251 3863 habent,
1271 3838 1326 3861 nee.
1373 3833 1470 3866 Latini,
1488 3835 1580 3868 posuit.
1627 3832 1670 3859 Sic
1681 3832 1754 3856 etiam
1761 3835 1812 3870 pro
1824 3829 1929 3855 animali
1941 3828 2014 3855 Latii.
2028 3838 2051 3862 3,
2063 3835 2077 3859 8
2097 3830 2138 3857 Ab
2151 3829 2227 3858 hisne
2241 3827 2324 3863 igitur
2338 3850 2339 3854 ,

283 3870 341 3896 sunt
355 3867 461 3894 animal.
496 3869 580 3897 Placet
591 3871 662 3897 enim
677 3868 736 3896 satis
749 3873 775 3894 et
788 3868 898 3895 arbustis
913 3872 1027 3898 animam
1036 3870 1126 3897 incise:
1144 3868 1233 3903 itaque
1246 3865 1318 3893 etvi-
1374 3873 1447 3902 cepta
1458 3867 1569 3895 viuendi
1583 3871 1715 3901 petemus,
1730 3872 1779 3900 qui
1789 3862 1842 3891 hoc
1861 3861 1932 3890 idem
1945 3863 2074 3898 sentiunt,
2111 3865 2166 3893 uod
2177 3864 2282 3892 animae
2301 3870 2341 3892 r,

281 3913 345 3932 vere
359 3903 404 3930 illa
416 3907 443 3929 et
453 3904 524 3932 mori
537 3904 658 3932 dicimus.
694 3904 763 3938 Ergo
775 3904 918 3932 animantia
936 3906 1100 3941 superiorem
1118 3903 1261 3938 (inordina
1277 3907 1365 3939 ge-105
1373 3904 1508 3939 expertes!
1525 3905 1545 3930 ι’.
1566 3899 1663 3935 hdliae·
1829 3897 1891 3936 ᾖε
1909 3898 2022 3936 Denique
2038 3910 2084 3937 quo
2112 3905 2142 3928 in
2154 3908 2246 3938 quaque
2259 3907 2286 3927 re
2297 3895 2342 3924 nob
2368 3913 2380 3923 ω

2293 3944 2298 3957 Ι
