<?xml version="1.0" encoding="UTF-8"?>
<!DOCTYPE html PUBLIC "-//W3C//DTD XHTML 1.0 Transitional//EN"
    "http://www.w3.org/TR/xhtml1/DTD/xhtml1-transitional.dtd">
<html xmlns="http://www.w3.org/1999/xhtml" xml:lang="en" lang="en">
 <head>
  <title>
</title>
<meta http-equiv="Content-Type" content="text/html;charset=utf-8" />
  <meta name='ocr-system' content='tesseract 3.04.00' />
  <meta name='ocr-capabilities' content='ocr_page ocr_carea ocr_par ocr_line ocrx_word'/>
</head>
<body>
  <div class='ocr_page' id='page_1' title='image "./lta-11000/novuslinguaeeter01gesn/novuslinguaeeter01gesn_0641.png"; bbox 0 0 2474 4182; ppageno 0'>
   <div class='ocr_carea' id='block_1_1' title="bbox 32 319 516 363">
    <p class='ocr_par' dir='ltr' id='par_1_1' title="bbox 32 319 516 363">
     <span class='ocr_line' id='line_1_1' title="bbox 32 319 516 363; baseline -0.008 -10"><span class='ocrx_word' id='word_1_1' title='bbox 32 319 33 349; x_wconf 62' lang='grc' dir='ltr'>Ῐ</span> <span class='ocrx_word' id='word_1_2' title='bbox 63 326 233 363; x_wconf 82' lang='lat' dir='ltr'>Conflagrauit</span> <span class='ocrx_word' id='word_1_3' title='bbox 250 324 311 350; x_wconf 80' lang='lat' dir='ltr'>Stat.</span> <span class='ocrx_word' id='word_1_4' title='bbox 327 323 419 350; x_wconf 85' lang='lat' dir='ltr'>Theb.</span> <span class='ocrx_word' id='word_1_5' title='bbox 432 331 453 356; x_wconf 84' lang='lat'>3,</span> <span class='ocrx_word' id='word_1_6' title='bbox 468 328 516 355; x_wconf 80' lang='lat'>185.</span> 
     </span>
    </p>
   </div>
   <div class='ocr_carea' id='block_1_2' title="bbox 22 1880 225 1921">
    <p class='ocr_par' dir='ltr' id='par_1_2' title="bbox 22 1880 225 1921">
     <span class='ocr_line' id='line_1_2' title="bbox 22 1880 225 1921; baseline -0.005 -8"><span class='ocrx_word' id='word_1_7' title='bbox 22 1880 28 1900; x_wconf 60' lang='lat'>³</span> <span class='ocrx_word' id='word_1_8' title='bbox 60 1885 225 1921; x_wconf 68' lang='lat' dir='ltr'>lignationes.</span> 
     </span>
    </p>
   </div>
   <div class='ocr_carea' id='block_1_3' title="bbox 22 1206 32 3314">
    <p class='ocr_par' dir='ltr' id='par_1_3' title="bbox 22 1206 32 3314">
     <span class='ocr_line' id='line_1_3' title="bbox 22 1206 32 3314; baseline 0 0"><span class='ocrx_word' id='word_1_9' title='bbox 22 1206 32 3314; x_wconf 95' lang='lat' dir='ltr'> </span> 
     </span>
    </p>
   </div>
   <div class='ocr_carea' id='block_1_4' title="bbox 32 3658 309 3695">
    <p class='ocr_par' dir='ltr' id='par_1_4' title="bbox 32 3658 309 3695">
     <span class='ocr_line' id='line_1_4' title="bbox 32 3658 309 3695; baseline 0 -9"><span class='ocrx_word' id='word_1_10' title='bbox 32 3674 33 3677; x_wconf 67' lang='lat'><em>=</em></span> <span class='ocrx_word' id='word_1_11' title='bbox 63 3659 90 3687; x_wconf 84' lang='lat' dir='ltr'>sa</span> <span class='ocrx_word' id='word_1_12' title='bbox 107 3659 201 3686; x_wconf 87' lang='lat' dir='ltr'>Manil.</span> <span class='ocrx_word' id='word_1_13' title='bbox 213 3658 242 3693; x_wconf 78' lang='lat'>4,</span> <span class='ocrx_word' id='word_1_14' title='bbox 254 3665 309 3695; x_wconf 77' lang='lat'>889.</span> 
     </span>
    </p>
   </div>
   <div class='ocr_carea' id='block_1_5' title="bbox 30 1317 441 1352">
    <p class='ocr_par' dir='ltr' id='par_1_5' title="bbox 30 1317 441 1352">
     <span class='ocr_line' id='line_1_5' title="bbox 30 1317 441 1352; baseline -0.01 -5"><span class='ocrx_word' id='word_1_15' title='bbox 30 1319 31 1327; x_wconf 64' lang='lat'>¹</span> <span class='ocrx_word' id='word_1_16' title='bbox 61 1319 117 1346; x_wconf 85' lang='lat' dir='ltr'>Cic.</span> <span class='ocrx_word' id='word_1_17' title='bbox 141 1326 190 1352; x_wconf 89' lang='lat' dir='ltr'>pro</span> <span class='ocrx_word' id='word_1_18' title='bbox 209 1317 296 1344; x_wconf 81' lang='lat' dir='ltr'>Deiot.</span> <span class='ocrx_word' id='word_1_19' title='bbox 317 1325 347 1351; x_wconf 81' lang='lat'>37</span> <span class='ocrx_word' id='word_1_20' title='bbox 366 1327 387 1343; x_wconf 93' lang='lat' dir='ltr'>c.</span> <span class='ocrx_word' id='word_1_21' title='bbox 408 1326 441 1350; x_wconf 82' lang='lat'>13.</span> 
     </span>
    </p>
   </div>
   <div class='ocr_carea' id='block_1_6' title="bbox 60 125 719 185">
    <p class='ocr_par' dir='ltr' id='par_1_6' title="bbox 60 125 719 185">
     <span class='ocr_line' id='line_1_6' title="bbox 60 125 719 185; baseline -0.014 -11"><span class='ocrx_word' id='word_1_22' title='bbox 60 145 156 185; x_wconf 84' lang='lat'>¹177</span> <span class='ocrx_word' id='word_1_23' title='bbox 454 127 490 168; x_wconf 92' lang='lat' dir='ltr'>C</span> <span class='ocrx_word' id='word_1_24' title='bbox 563 127 600 167; x_wconf 89' lang='lat' dir='ltr'>O</span> <span class='ocrx_word' id='word_1_25' title='bbox 677 125 719 166; x_wconf 94' lang='lat' dir='ltr'>N</span> 
     </span>
    </p>
   </div>
   <div class='ocr_carea' id='block_1_7' title="bbox 55 211 1119 890">
    <p class='ocr_par' dir='ltr' id='par_1_7' title="bbox 55 211 1119 890">
     <span class='ocr_line' id='line_1_7' title="bbox 62 211 1098 255; baseline -0.008 -8"><span class='ocrx_word' id='word_1_26' title='bbox 62 224 109 250; x_wconf 79' lang='lat' dir='ltr'>ier.</span> <span class='ocrx_word' id='word_1_27' title='bbox 129 221 225 255; x_wconf 84' lang='lat' dir='ltr'>Argon.</span> <span class='ocrx_word' id='word_1_28' title='bbox 244 226 269 250; x_wconf 86' lang='lat'>2,</span> <span class='ocrx_word' id='word_1_29' title='bbox 289 225 342 250; x_wconf 78' lang='lat'>442</span> <span class='ocrx_word' id='word_1_30' title='bbox 369 216 412 243; x_wconf 91' lang='lat' dir='ltr'>Illi</span> <span class='ocrx_word' id='word_1_31' title='bbox 426 216 481 243; x_wconf 89' lang='lat' dir='ltr'>sole</span> <span class='ocrx_word' id='word_1_32' title='bbox 495 224 567 242; x_wconf 88' lang='lat' dir='ltr'>nouo</span> <span class='ocrx_word' id='word_1_33' title='bbox 586 214 663 244; x_wconf 83' lang='lat' dir='ltr'>laeti,</span> <span class='ocrx_word' id='word_1_34' title='bbox 686 211 811 247; x_wconf 85' lang='lat' dir='ltr'>plenique</span> <span class='ocrx_word' id='word_1_35' title='bbox 827 211 938 238; x_wconf 86' lang='lat' dir='ltr'>deorum</span> <span class='ocrx_word' id='word_1_36' title='bbox 952 212 1098 240; x_wconf 81' lang='lat' dir='ltr'>Considunt</span> 
     </span>
     <span class='ocr_line' id='line_1_8' title="bbox 64 247 1099 288; baseline -0.013 -4"><span class='ocrx_word' id='word_1_37' title='bbox 64 256 187 284; x_wconf 72' lang='lat' dir='ltr'>transtris.</span> <span class='ocrx_word' id='word_1_38' title='bbox 256 252 398 279; x_wconf 82' lang='lat' dir='ltr'>confidere</span> <span class='ocrx_word' id='word_1_39' title='bbox 417 252 446 278; x_wconf 93' lang='lat' dir='ltr'>in</span> <span class='ocrx_word' id='word_1_40' title='bbox 459 252 539 278; x_wconf 88' lang='lat' dir='ltr'>aliani</span> <span class='ocrx_word' id='word_1_41' title='bbox 551 255 650 288; x_wconf 76' lang='lat' dir='ltr'>partein</span> <span class='ocrx_word' id='word_1_42' title='bbox 664 247 732 274; x_wconf 80' lang='lat' dir='ltr'>dixit</span> <span class='ocrx_word' id='word_1_43' title='bbox 755 247 811 273; x_wconf 87' lang='lat' dir='ltr'>Sen.</span> <span class='ocrx_word' id='word_1_44' title='bbox 825 248 902 287; x_wconf 83' lang='lat' dir='ltr'>Epist.</span> <span class='ocrx_word' id='word_1_45' title='bbox 919 253 965 278; x_wconf 85' lang='lat'>118-</span> <span class='ocrx_word' id='word_1_46' title='bbox 981 256 1030 284; x_wconf 81' lang='lat' dir='ltr'>pro</span> <span class='ocrx_word' id='word_1_47' title='bbox 1050 251 1099 275; x_wconf 80' lang='lat' dir='ltr'>De-</span> 
     </span>
     <span class='ocr_line' id='line_1_9' title="bbox 55 284 1099 329; baseline -0.01 -11"><span class='ocrx_word' id='word_1_48' title='bbox 55 291 171 329; x_wconf 64' lang='lat' dir='ltr'>scandere</span> <span class='ocrx_word' id='word_1_49' title='bbox 187 292 214 316; x_wconf 81' lang='lat' dir='ltr'>in</span> <span class='ocrx_word' id='word_1_50' title='bbox 233 288 353 324; x_wconf 55' lang='lat' dir='ltr'>diuersam</span> <span class='ocrx_word' id='word_1_51' title='bbox 372 291 517 323; x_wconf 78' lang='lat' dir='ltr'><em>opinionem.</em></span> <span class='ocrx_word' id='word_1_52' title='bbox 587 286 669 318; x_wconf 75' lang='lat' dir='ltr'>Regia</span> <span class='ocrx_word' id='word_1_53' title='bbox 688 288 743 309; x_wconf 70' lang='lat' dir='ltr'>tota</span> <span class='ocrx_word' id='word_1_54' title='bbox 756 284 874 310; x_wconf 80' lang='lat' dir='ltr'>consedit</span> <span class='ocrx_word' id='word_1_55' title='bbox 888 285 916 310; x_wconf 89' lang='lat' dir='ltr'>in</span> <span class='ocrx_word' id='word_1_56' title='bbox 929 285 1059 316; x_wconf 88' lang='lat' dir='ltr'>cinerem,</span> <span class='ocrx_word' id='word_1_57' title='bbox 1079 287 1099 310; x_wconf 79' lang='lat' dir='ltr'>i.</span> 
     </span>
     <span class='ocr_line' id='line_1_10' title="bbox 585 319 1099 353; baseline -0.002 -7"><span class='ocrx_word' id='word_1_58' title='bbox 585 320 626 347; x_wconf 86' lang='lat' dir='ltr'>Sic</span> <span class='ocrx_word' id='word_1_59' title='bbox 638 319 712 353; x_wconf 87' lang='lat' dir='ltr'>Virg.</span> <span class='ocrx_word' id='word_1_60' title='bbox 728 320 792 345; x_wconf 87' lang='lat' dir='ltr'>Aen.</span> <span class='ocrx_word' id='word_1_61' title='bbox 807 328 837 352; x_wconf 86' lang='lat'>2,</span> <span class='ocrx_word' id='word_1_62' title='bbox 852 322 901 352; x_wconf 86' lang='lat'>624</span> <span class='ocrx_word' id='word_1_63' title='bbox 922 320 1008 346; x_wconf 87' lang='lat' dir='ltr'>Omne</span> <span class='ocrx_word' id='word_1_64' title='bbox 1030 319 1099 345; x_wconf 88' lang='lat' dir='ltr'>mihi</span> 
     </span>
     <span class='ocr_line' id='line_1_11' title="bbox 61 356 610 394; baseline -0.013 -6"><span class='ocrx_word' id='word_1_65' title='bbox 61 363 147 389; x_wconf 86' lang='lat' dir='ltr'>visum</span> <span class='ocrx_word' id='word_1_66' title='bbox 165 359 200 386; x_wconf 86' lang='lat' dir='ltr'>est</span> <span class='ocrx_word' id='word_1_67' title='bbox 216 359 348 386; x_wconf 81' lang='lat' dir='ltr'>confidere</span> <span class='ocrx_word' id='word_1_68' title='bbox 362 359 390 385; x_wconf 90' lang='lat' dir='ltr'>in</span> <span class='ocrx_word' id='word_1_69' title='bbox 402 359 473 393; x_wconf 86' lang='lat' dir='ltr'>ignes</span> <span class='ocrx_word' id='word_1_70' title='bbox 508 356 610 394; x_wconf 41' lang='lat' dir='ltr'>Ilium..</span> 
     </span>
     <span class='ocr_line' id='line_1_12' title="bbox 62 391 1100 430; baseline -0.007 -7"><span class='ocrx_word' id='word_1_71' title='bbox 62 396 154 428; x_wconf 87' lang='lat' dir='ltr'>debat,</span> <span class='ocrx_word' id='word_1_72' title='bbox 174 404 261 430; x_wconf 86' lang='lat' dir='ltr'>neque</span> <span class='ocrx_word' id='word_1_73' title='bbox 285 394 369 422; x_wconf 87' lang='lat' dir='ltr'>adhuc</span> <span class='ocrx_word' id='word_1_74' title='bbox 388 392 537 420; x_wconf 77' lang='lat' dir='ltr'>consederat</span> <span class='ocrx_word' id='word_1_75' title='bbox 556 391 633 424; x_wconf 85' lang='lat' dir='ltr'>ignis.</span> <span class='ocrx_word' id='word_1_76' title='bbox 706 391 803 417; x_wconf 89' lang='lat' dir='ltr'>Omnia</span> <span class='ocrx_word' id='word_1_77' title='bbox 822 397 909 417; x_wconf 86' lang='lat' dir='ltr'>autem</span> <span class='ocrx_word' id='word_1_78' title='bbox 924 391 986 416; x_wconf 83' lang='lat' dir='ltr'>talia</span> <span class='ocrx_word' id='word_1_79' title='bbox 999 391 1100 416; x_wconf 88' lang='lat' dir='ltr'>sensum</span> 
     </span>
     <span class='ocr_line' id='line_1_13' title="bbox 60 424 1100 465; baseline -0.007 -7"><span class='ocrx_word' id='word_1_80' title='bbox 60 436 184 464; x_wconf 89' lang='lat' dir='ltr'>mouent,</span> <span class='ocrx_word' id='word_1_81' title='bbox 204 431 340 465; x_wconf 86' lang='lat' dir='ltr'>sensusque</span> <span class='ocrx_word' id='word_1_82' title='bbox 348 429 482 457; x_wconf 85' lang='lat' dir='ltr'>mouentia</span> <span class='ocrx_word' id='word_1_83' title='bbox 491 434 556 461; x_wconf 84' lang='lat' dir='ltr'>quae</span> <span class='ocrx_word' id='word_1_84' title='bbox 570 426 638 458; x_wconf 88' lang='lat' dir='ltr'>sunt,</span> <span class='ocrx_word' id='word_1_85' title='bbox 648 424 737 452; x_wconf 86' lang='lat' dir='ltr'>eadem</span> <span class='ocrx_word' id='word_1_86' title='bbox 745 427 773 452; x_wconf 91' lang='lat' dir='ltr'>in</span> <span class='ocrx_word' id='word_1_87' title='bbox 780 426 941 460; x_wconf 86' lang='lat' dir='ltr'>Opinatione</span> <span class='ocrx_word' id='word_1_88' title='bbox 955 425 1100 458; x_wconf 88' lang='lat' dir='ltr'>confidunt,</span> 
     </span>
     <span class='ocr_line' id='line_1_14' title="bbox 61 460 1119 502; baseline -0.008 -8"><span class='ocrx_word' id='word_1_89' title='bbox 61 476 128 502; x_wconf 89' lang='lat' dir='ltr'>quae</span> <span class='ocrx_word' id='word_1_90' title='bbox 144 473 234 493; x_wconf 91' lang='lat' dir='ltr'>ortum</span> <span class='ocrx_word' id='word_1_91' title='bbox 248 466 345 493; x_wconf 81' lang='lat' dir='ltr'>habere</span> <span class='ocrx_word' id='word_1_92' title='bbox 365 465 489 500; x_wconf 84' lang='lat' dir='ltr'>gignique</span> <span class='ocrx_word' id='word_1_93' title='bbox 509 461 624 487; x_wconf 83' lang='lat' dir='ltr'>diximus</span> <span class='ocrx_word' id='word_1_94' title='bbox 645 462 701 488; x_wconf 85' lang='lat' dir='ltr'>Cic.</span> <span class='ocrx_word' id='word_1_95' title='bbox 716 462 747 488; x_wconf 89' lang='lat' dir='ltr'>de</span> <span class='ocrx_word' id='word_1_96' title='bbox 760 463 881 487; x_wconf 88' lang='lat' dir='ltr'>Vniuers.</span> <span class='ocrx_word' id='word_1_97' title='bbox 897 470 923 494; x_wconf 90' lang='lat'>4.</span> <span class='ocrx_word' id='word_1_98' title='bbox 997 460 1119 487; x_wconf 68' lang='lat' dir='ltr'>Verbo-s</span> 
     </span>
     <span class='ocr_line' id='line_1_15' title="bbox 62 495 1100 532; baseline -0.004 -7"><span class='ocrx_word' id='word_1_99' title='bbox 62 512 123 530; x_wconf 74' lang='lat' dir='ltr'>rum</span> <span class='ocrx_word' id='word_1_100' title='bbox 147 502 302 529; x_wconf 68' lang='lat' dir='ltr'>coniunfflo</span> <span class='ocrx_word' id='word_1_101' title='bbox 325 501 398 528; x_wconf 68' lang='lat' dir='ltr'>varie</span> <span class='ocrx_word' id='word_1_102' title='bbox 420 496 593 532; x_wconf 71' lang='lat' dir='ltr'>distin&amp;eque</span> <span class='ocrx_word' id='word_1_103' title='bbox 617 497 732 524; x_wconf 87' lang='lat' dir='ltr'>considat</span> <span class='ocrx_word' id='word_1_104' title='bbox 752 497 808 524; x_wconf 85' lang='lat' dir='ltr'>Cic.</span> <span class='ocrx_word' id='word_1_105' title='bbox 823 496 854 523; x_wconf 90' lang='lat' dir='ltr'>de</span> <span class='ocrx_word' id='word_1_106' title='bbox 869 498 943 523; x_wconf 82' lang='lat' dir='ltr'>Orat.</span> <span class='ocrx_word' id='word_1_107' title='bbox 957 505 978 528; x_wconf 82' lang='grc'>3,</span> <span class='ocrx_word' id='word_1_108' title='bbox 993 501 1050 528; x_wconf 80' lang='lat'>289.</span> <span class='ocrx_word' id='word_1_109' title='bbox 1071 495 1100 521; x_wconf 82' lang='lat' dir='ltr'>de</span> 
     </span>
     <span class='ocr_line' id='line_1_16' title="bbox 61 537 656 575; baseline -0.01 -10"><span class='ocrx_word' id='word_1_110' title='bbox 61 539 169 575; x_wconf 77' lang='lat' dir='ltr'>claufiila</span> <span class='ocrx_word' id='word_1_111' title='bbox 187 537 352 564; x_wconf 70' lang='lat' dir='ltr'>periodorum.</span> <span class='ocrx_word' id='word_1_112' title='bbox 585 568 589 572; x_wconf 94' lang='lat'>.</span> <span class='ocrx_word' id='word_1_113' title='bbox 652 569 656 572; x_wconf 90' lang='lat'>.</span> 
     </span>
     <span class='ocr_line' id='line_1_17' title="bbox 61 567 1099 605; baseline -0.009 -4"><span class='ocrx_word' id='word_1_114' title='bbox 61 575 116 601; x_wconf 85' lang='lat' dir='ltr'>Cic.</span> <span class='ocrx_word' id='word_1_115' title='bbox 131 573 162 600; x_wconf 84' lang='lat' dir='ltr'>de</span> <span class='ocrx_word' id='word_1_116' title='bbox 175 573 249 600; x_wconf 90' lang='lat' dir='ltr'>Orat.</span> <span class='ocrx_word' id='word_1_117' title='bbox 261 581 284 605; x_wconf 82' lang='lat'>3,</span> <span class='ocrx_word' id='word_1_118' title='bbox 300 577 323 601; x_wconf 81' lang='lat'>18</span> <span class='ocrx_word' id='word_1_119' title='bbox 337 581 357 597; x_wconf 90' lang='lat' dir='ltr'>c.</span> <span class='ocrx_word' id='word_1_120' title='bbox 373 577 385 603; x_wconf 85' lang='lat'>5</span> <span class='ocrx_word' id='word_1_121' title='bbox 401 570 491 602; x_wconf 81' lang='lat' dir='ltr'>Quini</span> <span class='ocrx_word' id='word_1_122' title='bbox 504 568 637 602; x_wconf 78' lang='lat' dir='ltr'>placuisset</span> <span class='ocrx_word' id='word_1_123' title='bbox 650 569 720 595; x_wconf 87' lang='lat' dir='ltr'>idem</span> <span class='ocrx_word' id='word_1_124' title='bbox 734 576 858 600; x_wconf 87' lang='lat' dir='ltr'>caeteris,</span> <span class='ocrx_word' id='word_1_125' title='bbox 877 577 905 593; x_wconf 90' lang='grc'>111</span> <span class='ocrx_word' id='word_1_126' title='bbox 919 567 1009 594; x_wconf 85' lang='lat' dir='ltr'>siluam</span> <span class='ocrx_word' id='word_1_127' title='bbox 1025 575 1099 592; x_wconf 85' lang='lat' dir='ltr'>veru-</span> 
     </span>
     <span class='ocr_line' id='line_1_18' title="bbox 59 603 1086 642; baseline -0.009 -5"><span class='ocrx_word' id='word_1_128' title='bbox 59 616 102 636; x_wconf 86' lang='lat' dir='ltr'>tur</span> <span class='ocrx_word' id='word_1_129' title='bbox 111 629 119 642; x_wconf 93' lang='lat'><strong>‚</strong></span> <span class='ocrx_word' id='word_1_130' title='bbox 139 614 165 635; x_wconf 92' lang='lat' dir='ltr'>et</span> <span class='ocrx_word' id='word_1_131' title='bbox 180 608 220 635; x_wconf 92' lang='lat' dir='ltr'>ibi</span> <span class='ocrx_word' id='word_1_132' title='bbox 234 616 324 642; x_wconf 83' lang='lat' dir='ltr'>inagna</span> <span class='ocrx_word' id='word_1_133' title='bbox 336 613 394 632; x_wconf 90' lang='lat' dir='ltr'>cuni</span> <span class='ocrx_word' id='word_1_134' title='bbox 407 603 530 630; x_wconf 87' lang='lat' dir='ltr'>audiendi</span> <span class='ocrx_word' id='word_1_135' title='bbox 544 604 725 639; x_wconf 58' lang='lat' dir='ltr'>cxpefhfione</span> <span class='ocrx_word' id='word_1_136' title='bbox 745 604 896 630; x_wconf 87' lang='lat' dir='ltr'>confiditur.</span> <span class='ocrx_word' id='word_1_137' title='bbox 1079 635 1086 642; x_wconf 29' lang='lat'><em>⁶</em></span> 
     </span>
     <span class='ocr_line' id='line_1_19' title="bbox 100 637 1100 674; baseline -0.008 -3"><span class='ocrx_word' id='word_1_138' title='bbox 100 650 116 671; x_wconf 92' lang='lat' dir='ltr'>C</span> <span class='ocrx_word' id='word_1_139' title='bbox 128 650 146 670; x_wconf 91' lang='lat'>0</span> <span class='ocrx_word' id='word_1_140' title='bbox 157 649 178 669; x_wconf 82' lang='lat' dir='ltr'>N</span> <span class='ocrx_word' id='word_1_141' title='bbox 189 651 201 670; x_wconf 86' lang='lat' dir='ltr'>S</span> <span class='ocrx_word' id='word_1_142' title='bbox 214 649 223 669; x_wconf 87' lang='lat' dir='ltr'>i</span> <span class='ocrx_word' id='word_1_143' title='bbox 235 649 255 670; x_wconf 92' lang='lat' dir='ltr'>G</span> <span class='ocrx_word' id='word_1_144' title='bbox 265 649 286 668; x_wconf 87' lang='grc' dir='ltr'><strong>Ν</strong></span> <span class='ocrx_word' id='word_1_145' title='bbox 296 650 304 668; x_wconf 84' lang='grc'>1</span> <span class='ocrx_word' id='word_1_146' title='bbox 315 648 330 668; x_wconf 81' lang='lat' dir='ltr'>F</span> <span class='ocrx_word' id='word_1_147' title='bbox 340 648 348 667; x_wconf 91' lang='lat'>1</span> <span class='ocrx_word' id='word_1_148' title='bbox 358 646 374 666; x_wconf 90' lang='lat' dir='ltr'>C</span> <span class='ocrx_word' id='word_1_149' title='bbox 385 646 407 666; x_wconf 77' lang='lat' dir='ltr'>A</span> <span class='ocrx_word' id='word_1_150' title='bbox 417 646 457 666; x_wconf 89' lang='lat' dir='ltr'>TI</span> <span class='ocrx_word' id='word_1_151' title='bbox 469 647 487 666; x_wconf 94' lang='lat' dir='ltr'>O</span> <span class='ocrx_word' id='word_1_152' title='bbox 497 659 503 670; x_wconf 86' lang='lat'>,</span> <span class='ocrx_word' id='word_1_153' title='bbox 522 640 589 666; x_wconf 79' lang='lat' dir='ltr'>onis.</span> <span class='ocrx_word' id='word_1_154' title='bbox 611 640 629 666; x_wconf 87' lang='lat' dir='ltr'>f.</span> <span class='ocrx_word' id='word_1_155' title='bbox 667 639 795 666; x_wconf 76' lang='lat' dir='ltr'><em>Laudatur</em></span> <span class='ocrx_word' id='word_1_156' title='bbox 811 639 887 674; x_wconf 90' lang='lat' dir='ltr'>Apul.</span> <span class='ocrx_word' id='word_1_157' title='bbox 910 657 916 664; x_wconf 91' lang='lat'>.</span> <span class='ocrx_word' id='word_1_158' title='bbox 953 638 986 664; x_wconf 81' lang='lat' dir='ltr'>Ea</span> <span class='ocrx_word' id='word_1_159' title='bbox 1000 637 1100 663; x_wconf 78' lang='lat' dir='ltr'>furoris</span> 
     </span>
     <span class='ocr_line' id='line_1_20' title="bbox 61 672 1084 714; baseline -0.008 -8"><span class='ocrx_word' id='word_1_160' title='bbox 61 679 302 714; x_wconf 81' lang='lat' dir='ltr'>consignificatione</span> <span class='ocrx_word' id='word_1_161' title='bbox 316 675 449 710; x_wconf 79' lang='lat' dir='ltr'>perterriti</span> <span class='ocrx_word' id='word_1_162' title='bbox 465 684 565 702; x_wconf 65' lang='lat' dir='ltr'>omncs,</span> <span class='ocrx_word' id='word_1_163' title='bbox 603 674 651 702; x_wconf 83' lang='lat' dir='ltr'>Sed</span> <span class='ocrx_word' id='word_1_164' title='bbox 662 676 728 702; x_wconf 82' lang='lat' dir='ltr'>nihil</span> <span class='ocrx_word' id='word_1_165' title='bbox 740 676 788 701; x_wconf 74' lang='lat' dir='ltr'>tale</span> <span class='ocrx_word' id='word_1_166' title='bbox 801 675 872 702; x_wconf 79' lang='lat' dir='ltr'>hahet</span> <span class='ocrx_word' id='word_1_167' title='bbox 887 673 964 701; x_wconf 74' lang='lat' dir='ltr'>Index</span> <span class='ocrx_word' id='word_1_168' title='bbox 982 672 1084 699; x_wconf 83' lang='lat' dir='ltr'>Floridi.</span> 
     </span>
     <span class='ocr_line' id='line_1_21' title="bbox 98 708 1104 746; baseline -0.007 -5"><span class='ocrx_word' id='word_1_169' title='bbox 98 721 115 741; x_wconf 90' lang='lat' dir='ltr'>C</span> <span class='ocrx_word' id='word_1_170' title='bbox 127 722 145 741; x_wconf 90' lang='lat'>0</span> <span class='ocrx_word' id='word_1_171' title='bbox 155 722 175 741; x_wconf 90' lang='lat' dir='ltr'>N</span> <span class='ocrx_word' id='word_1_172' title='bbox 186 722 199 741; x_wconf 90' lang='lat' dir='ltr'>S</span> <span class='ocrx_word' id='word_1_173' title='bbox 209 721 218 740; x_wconf 89' lang='lat' dir='ltr'>i</span> <span class='ocrx_word' id='word_1_174' title='bbox 229 719 249 740; x_wconf 87' lang='lat' dir='ltr'>G</span> <span class='ocrx_word' id='word_1_175' title='bbox 258 719 279 739; x_wconf 93' lang='lat' dir='ltr'>N</span> <span class='ocrx_word' id='word_1_176' title='bbox 288 719 306 738; x_wconf 92' lang='lat' dir='ltr'>O</span> <span class='ocrx_word' id='word_1_177' title='bbox 314 730 322 744; x_wconf 89' lang='lat'>,</span> <span class='ocrx_word' id='word_1_178' title='bbox 343 715 395 737; x_wconf 63' lang='lat' dir='ltr'>fise.</span> <span class='ocrx_word' id='word_1_179' title='bbox 419 710 578 746; x_wconf 55' lang='grc' dir='ltr'>[σφραγίξω</span> <span class='ocrx_word' id='word_1_180' title='bbox 595 711 798 744; x_wconf 54' lang='lat' dir='ltr'>&amp;naemu-eripiat]</span> <span class='ocrx_word' id='word_1_181' title='bbox 833 711 908 746; x_wconf 69' lang='lat' dir='ltr'>Signo</span> <span class='ocrx_word' id='word_1_182' title='bbox 923 708 1050 745; x_wconf 70' lang='lat' dir='ltr'>vellignis</span> <span class='ocrx_word' id='word_1_183' title='bbox 1057 709 1104 735; x_wconf 79' lang='lat' dir='ltr'>ali·-</span> 
     </span>
     <span class='ocr_line' id='line_1_22' title="bbox 60 745 1102 786; baseline -0.008 -9"><span class='ocrx_word' id='word_1_184' title='bbox 60 750 121 786; x_wconf 83' lang='lat' dir='ltr'>quid</span> <span class='ocrx_word' id='word_1_185' title='bbox 133 749 256 781; x_wconf 76' lang='lat' dir='ltr'><em>claudere,</em></span> <span class='ocrx_word' id='word_1_186' title='bbox 272 749 410 777; x_wconf 75' lang='lat' dir='ltr'>contincre,</span> <span class='ocrx_word' id='word_1_187' title='bbox 421 747 539 782; x_wconf 81' lang='lat' dir='ltr'>fimcire,</span> <span class='ocrx_word' id='word_1_188' title='bbox 553 747 671 782; x_wconf 72' lang='lat' dir='ltr'>firuare,</span> <span class='ocrx_word' id='word_1_189' title='bbox 690 745 819 779; x_wconf 74' lang='lat' dir='ltr'>cifiodire.</span> <span class='ocrx_word' id='word_1_190' title='bbox 856 746 937 771; x_wconf 82' lang='lat' dir='ltr'>Plaut.</span> <span class='ocrx_word' id='word_1_191' title='bbox 954 745 1036 771; x_wconf 87' lang='lat' dir='ltr'>Trin.</span> <span class='ocrx_word' id='word_1_192' title='bbox 1050 753 1071 776; x_wconf 82' lang='grc'>3,</span> <span class='ocrx_word' id='word_1_193' title='bbox 1080 752 1102 776; x_wconf 83' lang='grc'>3,</span> 
     </span>
     <span class='ocr_line' id='line_1_23' title="bbox 59 781 1101 820; baseline -0.007 -8"><span class='ocrx_word' id='word_1_194' title='bbox 59 793 92 819; x_wconf 86' lang='lat'>45</span> <span class='ocrx_word' id='word_1_195' title='bbox 108 784 231 820; x_wconf 84' lang='lat' dir='ltr'>Epistulas</span> <span class='ocrx_word' id='word_1_196' title='bbox 243 783 304 809; x_wconf 80' lang='lat' dir='ltr'>duas</span> <span class='ocrx_word' id='word_1_197' title='bbox 314 802 322 815; x_wconf 86' lang='lat'>,</span> <span class='ocrx_word' id='word_1_198' title='bbox 343 791 384 809; x_wconf 86' lang='lat' dir='ltr'>cas</span> <span class='ocrx_word' id='word_1_199' title='bbox 397 792 444 808; x_wconf 89' lang='lat' dir='ltr'>nos</span> <span class='ocrx_word' id='word_1_200' title='bbox 457 782 652 817; x_wconf 85' lang='lat' dir='ltr'>consignemus,</span> <span class='ocrx_word' id='word_1_201' title='bbox 672 782 742 816; x_wconf 86' lang='lat' dir='ltr'>quafi</span> <span class='ocrx_word' id='word_1_202' title='bbox 758 781 805 808; x_wconf 88' lang='lat' dir='ltr'>fint</span> <span class='ocrx_word' id='word_1_203' title='bbox 818 790 832 807; x_wconf 88' lang='lat' dir='ltr'>a</span> <span class='ocrx_word' id='word_1_204' title='bbox 848 786 927 815; x_wconf 72' lang='lat' dir='ltr'>patre.</span> <span class='ocrx_word' id='word_1_205' title='bbox 1002 781 1101 806; x_wconf 81' lang='lat' dir='ltr'>Rerum</span> 
     </span>
     <span class='ocr_line' id='line_1_24' title="bbox 60 815 1102 853; baseline -0.007 -6"><span class='ocrx_word' id='word_1_206' title='bbox 60 821 150 848; x_wconf 86' lang='lat' dir='ltr'>insitae</span> <span class='ocrx_word' id='word_1_207' title='bbox 159 826 184 846; x_wconf 90' lang='lat' dir='ltr'>et</span> <span class='ocrx_word' id='word_1_208' title='bbox 191 818 258 853; x_wconf 85' lang='lat' dir='ltr'>quasi</span> <span class='ocrx_word' id='word_1_209' title='bbox 269 817 441 852; x_wconf 69' lang='lat' dir='ltr'>contignatae</span> <span class='ocrx_word' id='word_1_210' title='bbox 450 818 477 844; x_wconf 92' lang='lat' dir='ltr'>in</span> <span class='ocrx_word' id='word_1_211' title='bbox 486 818 580 844; x_wconf 86' lang='lat' dir='ltr'>animis</span> <span class='ocrx_word' id='word_1_212' title='bbox 588 817 710 844; x_wconf 88' lang='lat' dir='ltr'>notiones</span> <span class='ocrx_word' id='word_1_213' title='bbox 727 817 923 850; x_wconf 79' lang='lat' dir='ltr'>Cic.Tusc.i,57</span> <span class='ocrx_word' id='word_1_214' title='bbox 933 816 1064 849; x_wconf 78' lang='lat' dir='ltr'>c.24.le.</span> <span class='ocrx_word' id='word_1_215' title='bbox 1074 815 1102 840; x_wconf 90' lang='lat' dir='ltr'>in</span> 
     </span>
     <span class='ocr_line' id='line_1_25' title="bbox 60 851 1103 890; baseline -0.007 -7"><span class='ocrx_word' id='word_1_216' title='bbox 60 857 77 884; x_wconf 94' lang='lat' dir='ltr'>l.</span> <span class='ocrx_word' id='word_1_217' title='bbox 93 857 214 884; x_wconf 84' lang='lat' dir='ltr'>lulianus.</span> <span class='ocrx_word' id='word_1_218' title='bbox 229 852 251 890; x_wconf 84' lang='lat'><em>§</em></span> <span class='ocrx_word' id='word_1_219' title='bbox 262 854 330 879; x_wconf 82' lang='lat' dir='ltr'>idem</span> <span class='ocrx_word' id='word_1_220' title='bbox 340 854 456 880; x_wconf 85' lang='lat' dir='ltr'>lulianus</span> <span class='ocrx_word' id='word_1_221' title='bbox 472 855 502 880; x_wconf 91' lang='lat' dir='ltr'>D.</span> <span class='ocrx_word' id='word_1_222' title='bbox 511 854 543 880; x_wconf 92' lang='lat' dir='ltr'>de</span> <span class='ocrx_word' id='word_1_223' title='bbox 551 853 796 884; x_wconf 65' lang='lat' dir='ltr'>actionib.einti‚Si</span> <span class='ocrx_word' id='word_1_224' title='bbox 805 851 1017 886; x_wconf 85' lang='lat' dir='ltr'>quumvenditor</span> <span class='ocrx_word' id='word_1_225' title='bbox 1026 851 1103 877; x_wconf 82' lang='lat' dir='ltr'>sciret</span> 
     </span>
    </p>
   </div>
   <div class='ocr_carea' id='block_1_8' title="bbox 31 886 1439 960">
    <p class='ocr_par' dir='ltr' id='par_1_8' title="bbox 31 886 1439 960">
     <span class='ocr_line' id='line_1_26' title="bbox 61 886 1439 924; baseline -0.006 -5"><span class='ocrx_word' id='word_1_226' title='bbox 61 892 171 919; x_wconf 86' lang='lat' dir='ltr'>fundum</span> <span class='ocrx_word' id='word_1_227' title='bbox 179 890 297 924; x_wconf 87' lang='lat' dir='ltr'>pluribus</span> <span class='ocrx_word' id='word_1_228' title='bbox 307 889 460 924; x_wconf 90' lang='lat' dir='ltr'>municipiis</span> <span class='ocrx_word' id='word_1_229' title='bbox 469 890 551 924; x_wconf 86' lang='lat' dir='ltr'>legata</span> <span class='ocrx_word' id='word_1_230' title='bbox 559 889 654 915; x_wconf 90' lang='lat' dir='ltr'>debere</span> <span class='ocrx_word' id='word_1_231' title='bbox 671 899 676 914; x_wconf 88' lang='lat'>:</span> <span class='ocrx_word' id='word_1_232' title='bbox 713 888 741 913; x_wconf 91' lang='lat' dir='ltr'>in</span> <span class='ocrx_word' id='word_1_233' title='bbox 749 887 839 914; x_wconf 81' lang='lat' dir='ltr'>tabula</span> <span class='ocrx_word' id='word_1_234' title='bbox 855 887 1103 922; x_wconf 83' lang='lat' dir='ltr'>quicleuiscripscrit</span> <span class='ocrx_word' id='word_1_235' title='bbox 1115 894 1149 912; x_wconf 84' lang='lat'>20</span> <span class='ocrx_word' id='word_1_236' title='bbox 1170 887 1290 917; x_wconf 88' lang='lat' dir='ltr'>Bonum,</span> <span class='ocrx_word' id='word_1_237' title='bbox 1310 886 1363 912; x_wconf 81' lang='lat' dir='ltr'>vid.</span> <span class='ocrx_word' id='word_1_238' title='bbox 1377 886 1401 912; x_wconf 88' lang='lat' dir='ltr'>h.</span> <span class='ocrx_word' id='word_1_239' title='bbox 1414 895 1439 912; x_wconf 87' lang='grc' dir='ltr'>υ.</span> 
     </span>
     <span class='ocr_line' id='line_1_27' title="bbox 31 925 392 960; baseline -0.011 -5"><span class='ocrx_word' id='word_1_240' title='bbox 31 940 32 947; x_wconf 57' lang='lat'>¹</span> <span class='ocrx_word' id='word_1_241' title='bbox 60 928 106 955; x_wconf 83' lang='lat' dir='ltr'>vni</span> <span class='ocrx_word' id='word_1_242' title='bbox 118 925 265 960; x_wconf 88' lang='lat' dir='ltr'>municipio</span> <span class='ocrx_word' id='word_1_243' title='bbox 279 925 372 952; x_wconf 85' lang='lat' dir='ltr'>deberi</span> <span class='ocrx_word' id='word_1_244' title='bbox 387 936 392 951; x_wconf 90' lang='lat'>:</span> 
     </span>
    </p>
   </div>
   <div class='ocr_carea' id='block_1_9' title="bbox 59 923 1104 996">
    <p class='ocr_par' dir='ltr' id='par_1_9' title="bbox 59 923 1104 996">
     <span class='ocr_line' id='line_1_28' title="bbox 430 923 1104 959; baseline -0.007 -7"><span class='ocrx_word' id='word_1_245' title='bbox 430 935 523 952; x_wconf 87' lang='lat' dir='ltr'>verum</span> <span class='ocrx_word' id='word_1_246' title='bbox 537 924 624 959; x_wconf 86' lang='lat' dir='ltr'>postea</span> <span class='ocrx_word' id='word_1_247' title='bbox 638 924 722 958; x_wconf 81' lang='lat' dir='ltr'>legem</span> <span class='ocrx_word' id='word_1_248' title='bbox 734 923 926 957; x_wconf 78' lang='lat' dir='ltr'>consignaucrit</span> <span class='ocrx_word' id='word_1_249' title='bbox 935 942 941 952; x_wconf 86' lang='lat'>,</span> <span class='ocrx_word' id='word_1_250' title='bbox 952 929 997 947; x_wconf 71' lang='lat' dir='ltr'>stc.</span> <span class='ocrx_word' id='word_1_251' title='bbox 1034 923 1104 948; x_wconf 84' lang='lat' dir='ltr'>Suet.</span> 
     </span>
     <span class='ocr_line' id='line_1_29' title="bbox 59 957 1104 996; baseline -0.008 -5"><span class='ocrx_word' id='word_1_252' title='bbox 59 963 86 991; x_wconf 88' lang='lat' dir='ltr'>in</span> <span class='ocrx_word' id='word_1_253' title='bbox 94 961 221 989; x_wconf 85' lang='lat' dir='ltr'>Claud.26</span> <span class='ocrx_word' id='word_1_254' title='bbox 229 963 316 995; x_wconf 79' lang='lat' dir='ltr'>Qiatn</span> <span class='ocrx_word' id='word_1_255' title='bbox 325 970 406 995; x_wconf 87' lang='lat' dir='ltr'>quum</span> <span class='ocrx_word' id='word_1_256' title='bbox 415 961 578 996; x_wconf 84' lang='lat' dir='ltr'>comperisset</span> <span class='ocrx_word' id='word_1_257' title='bbox 585 960 660 994; x_wconf 88' lang='lat' dir='ltr'>super</span> <span class='ocrx_word' id='word_1_258' title='bbox 667 965 767 985; x_wconf 87' lang='lat' dir='ltr'>caetera</span> <span class='ocrx_word' id='word_1_259' title='bbox 774 959 873 993; x_wconf 85' lang='lat' dir='ltr'>flagitia</span> <span class='ocrx_word' id='word_1_260' title='bbox 880 964 958 992; x_wconf 84' lang='lat' dir='ltr'>atque</span> <span class='ocrx_word' id='word_1_261' title='bbox 966 957 1104 989; x_wconf 85' lang='lat' dir='ltr'>dedecora,</span> 
     </span>
    </p>
   </div>
   <div class='ocr_carea' id='block_1_10' title="bbox 20 993 1102 1031">
    <p class='ocr_par' dir='ltr' id='par_1_10' title="bbox 20 993 1102 1031">
     <span class='ocr_line' id='line_1_30' title="bbox 20 993 1102 1031; baseline -0.005 -7"><span class='ocrx_word' id='word_1_262' title='bbox 20 1003 24 1013; x_wconf 72' lang='lat'>³</span> <span class='ocrx_word' id='word_1_263' title='bbox 58 999 87 1026; x_wconf 89' lang='lat' dir='ltr'>C.</span> <span class='ocrx_word' id='word_1_264' title='bbox 100 997 166 1025; x_wconf 89' lang='lat' dir='ltr'>Silio</span> <span class='ocrx_word' id='word_1_265' title='bbox 181 997 260 1023; x_wconf 87' lang='lat' dir='ltr'>etiam</span> <span class='ocrx_word' id='word_1_266' title='bbox 274 997 397 1031; x_wconf 79' lang='lat' dir='ltr'>nupsisse,</span> <span class='ocrx_word' id='word_1_267' title='bbox 412 996 474 1023; x_wconf 87' lang='lat' dir='ltr'>dote</span> <span class='ocrx_word' id='word_1_268' title='bbox 488 997 557 1023; x_wconf 88' lang='lat' dir='ltr'>inter</span> <span class='ocrx_word' id='word_1_269' title='bbox 570 995 684 1030; x_wconf 79' lang='lat' dir='ltr'>auspices</span> <span class='ocrx_word' id='word_1_270' title='bbox 694 994 855 1028; x_wconf 79' lang='lat' dir='ltr'>consignata,</span> <span class='ocrx_word' id='word_1_271' title='bbox 863 993 993 1028; x_wconf 84' lang='lat' dir='ltr'>supplicio</span> <span class='ocrx_word' id='word_1_272' title='bbox 1007 993 1102 1020; x_wconf 77' lang='lat' dir='ltr'>affecit.</span> 
     </span>
    </p>
   </div>
   <div class='ocr_carea' id='block_1_11' title="bbox 57 1030 1103 1245">
    <p class='ocr_par' dir='ltr' id='par_1_11' title="bbox 57 1030 1103 1245">
     <span class='ocr_line' id='line_1_31' title="bbox 58 1030 1103 1067; baseline -0.006 -7"><span class='ocrx_word' id='word_1_273' title='bbox 58 1034 155 1061; x_wconf 90' lang='lat' dir='ltr'>Dotem</span> <span class='ocrx_word' id='word_1_274' title='bbox 172 1032 337 1067; x_wconf 82' lang='lat' dir='ltr'>consignare,</span> <span class='ocrx_word' id='word_1_275' title='bbox 356 1031 388 1065; x_wconf 69' lang='lat' dir='ltr'>⁶st</span> <span class='ocrx_word' id='word_1_276' title='bbox 401 1032 495 1059; x_wconf 84' lang='lat' dir='ltr'>modum</span> <span class='ocrx_word' id='word_1_277' title='bbox 514 1032 581 1058; x_wconf 79' lang='lat' dir='ltr'>dotis</span> <span class='ocrx_word' id='word_1_278' title='bbox 599 1034 626 1057; x_wconf 81' lang='lat' dir='ltr'>in</span> <span class='ocrx_word' id='word_1_279' title='bbox 645 1030 743 1057; x_wconf 78' lang='lat' dir='ltr'>tabulas</span> <span class='ocrx_word' id='word_1_280' title='bbox 762 1030 874 1065; x_wconf 72' lang='lat' dir='ltr'>nferre,</span> <span class='ocrx_word' id='word_1_281' title='bbox 895 1039 980 1064; x_wconf 71' lang='lat' dir='ltr'>casque</span> <span class='ocrx_word' id='word_1_282' title='bbox 1005 1030 1103 1055; x_wconf 73' lang='lat' dir='ltr'>tabulas</span> 
     </span>
     <span class='ocr_line' id='line_1_32' title="bbox 59 1065 821 1104; baseline -0.005 -9"><span class='ocrx_word' id='word_1_283' title='bbox 59 1067 178 1102; x_wconf 55' lang='lat' dir='ltr'>testibus,</span> <span class='ocrx_word' id='word_1_284' title='bbox 198 1069 239 1095; x_wconf 87' lang='lat' dir='ltr'>hic</span> <span class='ocrx_word' id='word_1_285' title='bbox 251 1067 389 1104; x_wconf 71' lang='lat' dir='ltr'>auspicibus</span> <span class='ocrx_word' id='word_1_286' title='bbox 403 1071 561 1103; x_wconf 79' lang='lat' dir='ltr'>nuptiarum,</span> <span class='ocrx_word' id='word_1_287' title='bbox 581 1065 742 1103; x_wconf 78' lang='lat' dir='ltr'>obsignandas</span> <span class='ocrx_word' id='word_1_288' title='bbox 754 1065 821 1092; x_wconf 82' lang='lat' dir='ltr'>dare.</span> 
     </span>
     <span class='ocr_line' id='line_1_33' title="bbox 57 1101 1101 1138; baseline -0.006 -7"><span class='ocrx_word' id='word_1_289' title='bbox 57 1113 116 1132; x_wconf 84' lang='lat' dir='ltr'>mae</span> <span class='ocrx_word' id='word_1_290' title='bbox 135 1104 211 1138; x_wconf 85' lang='lat' dir='ltr'>signis</span> <span class='ocrx_word' id='word_1_291' title='bbox 231 1103 370 1130; x_wconf 89' lang='lat' dir='ltr'>hominum</span> <span class='ocrx_word' id='word_1_292' title='bbox 390 1103 524 1130; x_wconf 84' lang='lat' dir='ltr'>nobilium</span> <span class='ocrx_word' id='word_1_293' title='bbox 543 1103 725 1137; x_wconf 82' lang='lat' dir='ltr'>consignantur</span> <span class='ocrx_word' id='word_1_294' title='bbox 747 1101 803 1128; x_wconf 88' lang='lat' dir='ltr'>Cic.</span> <span class='ocrx_word' id='word_1_295' title='bbox 825 1110 874 1136; x_wconf 88' lang='lat' dir='ltr'>pro</span> <span class='ocrx_word' id='word_1_296' title='bbox 888 1101 980 1134; x_wconf 74' lang='lat' dir='ltr'>Qiint.</span> <span class='ocrx_word' id='word_1_297' title='bbox 995 1107 1025 1132; x_wconf 79' lang='lat'>25</span> <span class='ocrx_word' id='word_1_298' title='bbox 1039 1109 1060 1125; x_wconf 92' lang='lat' dir='ltr'>c.</span> <span class='ocrx_word' id='word_1_299' title='bbox 1075 1102 1101 1125; x_wconf 89' lang='lat'>6.</span> 
     </span>
     <span class='ocr_line' id='line_1_34' title="bbox 58 1135 1098 1173; baseline -0.005 -7"><span class='ocrx_word' id='word_1_300' title='bbox 58 1141 97 1167; x_wconf 90' lang='lat' dir='ltr'>Id.</span> <span class='ocrx_word' id='word_1_301' title='bbox 114 1139 191 1166; x_wconf 88' lang='lat' dir='ltr'>Acad.</span> <span class='ocrx_word' id='word_1_302' title='bbox 205 1150 232 1172; x_wconf 73' lang='lat'>4,</span> <span class='ocrx_word' id='word_1_303' title='bbox 247 1148 262 1166; x_wconf 83' lang='lat'>2</span> <span class='ocrx_word' id='word_1_304' title='bbox 277 1149 298 1165; x_wconf 88' lang='lat' dir='ltr'>c.</span> <span class='ocrx_word' id='word_1_305' title='bbox 318 1147 327 1165; x_wconf 90' lang='lat'>1</span> <span class='ocrx_word' id='word_1_306' title='bbox 345 1140 437 1173; x_wconf 85' lang='lat' dir='ltr'>Itaque</span> <span class='ocrx_word' id='word_1_307' title='bbox 460 1145 490 1165; x_wconf 88' lang='lat' dir='ltr'>vt</span> <span class='ocrx_word' id='word_1_308' title='bbox 510 1139 594 1165; x_wconf 87' lang='lat' dir='ltr'>literis</span> <span class='ocrx_word' id='word_1_309' title='bbox 616 1137 812 1171; x_wconf 72' lang='lat' dir='ltr'>consignamus,</span> <span class='ocrx_word' id='word_1_310' title='bbox 833 1145 900 1172; x_wconf 86' lang='lat' dir='ltr'>quae</span> <span class='ocrx_word' id='word_1_311' title='bbox 919 1135 1098 1162; x_wconf 83' lang='lat' dir='ltr'>monumentis</span> 
     </span>
     <span class='ocr_line' id='line_1_35' title="bbox 58 1171 1102 1207; baseline -0.006 -5"><span class='ocrx_word' id='word_1_312' title='bbox 58 1176 182 1202; x_wconf 84' lang='lat' dir='ltr'>mandare</span> <span class='ocrx_word' id='word_1_313' title='bbox 195 1175 317 1202; x_wconf 84' lang='lat' dir='ltr'>volumus</span> <span class='ocrx_word' id='word_1_314' title='bbox 335 1185 340 1200; x_wconf 75' lang='lat' dir='ltr'>t</span> <span class='ocrx_word' id='word_1_315' title='bbox 375 1174 408 1200; x_wconf 90' lang='lat' dir='ltr'>fic</span> <span class='ocrx_word' id='word_1_316' title='bbox 421 1174 467 1201; x_wconf 89' lang='lat' dir='ltr'>ille</span> <span class='ocrx_word' id='word_1_317' title='bbox 482 1174 510 1201; x_wconf 86' lang='lat' dir='ltr'>in</span> <span class='ocrx_word' id='word_1_318' title='bbox 524 1175 613 1200; x_wconf 90' lang='lat' dir='ltr'>animo</span> <span class='ocrx_word' id='word_1_319' title='bbox 626 1182 667 1201; x_wconf 88' lang='lat' dir='ltr'>res</span> <span class='ocrx_word' id='word_1_320' title='bbox 682 1173 820 1207; x_wconf 84' lang='lat' dir='ltr'>insculptas</span> <span class='ocrx_word' id='word_1_321' title='bbox 844 1171 965 1199; x_wconf 82' lang='lat' dir='ltr'>habebat.</span> <span class='ocrx_word' id='word_1_322' title='bbox 1038 1171 1102 1197; x_wconf 91' lang='lat' dir='ltr'>Vim</span> 
     </span>
     <span class='ocr_line' id='line_1_36' title="bbox 59 1206 1103 1245; baseline -0.008 -6"><span class='ocrx_word' id='word_1_323' title='bbox 59 1219 85 1239; x_wconf 83' lang='lat' dir='ltr'>ct</span> <span class='ocrx_word' id='word_1_324' title='bbox 98 1211 282 1238; x_wconf 73' lang='lat' dir='ltr'>crudelitatem</span> <span class='ocrx_word' id='word_1_325' title='bbox 298 1210 434 1245; x_wconf 82' lang='lat' dir='ltr'>priuilegii</span> <span class='ocrx_word' id='word_1_326' title='bbox 457 1210 616 1237; x_wconf 63' lang='lat' dir='ltr'>auctoritate</span> <span class='ocrx_word' id='word_1_327' title='bbox 641 1208 877 1235; x_wconf 77' lang='lat' dir='ltr'>honestillimorum</span> <span class='ocrx_word' id='word_1_328' title='bbox 900 1206 1056 1239; x_wconf 87' lang='lat' dir='ltr'>hominum,</span> <span class='ocrx_word' id='word_1_329' title='bbox 1077 1212 1103 1233; x_wconf 88' lang='lat' dir='ltr'>et</span> 
     </span>
    </p>
   </div>
   <div class='ocr_carea' id='block_1_12' title="bbox 60 1242 1626 1285">
    <p class='ocr_par' dir='ltr' id='par_1_12' title="bbox 60 1242 1626 1285">
     <span class='ocr_line' id='line_1_37' title="bbox 60 1242 1626 1285; baseline -0.003 -12"><span class='ocrx_word' id='word_1_330' title='bbox 60 1247 173 1282; x_wconf 85' lang='lat' dir='ltr'>publicis</span> <span class='ocrx_word' id='word_1_331' title='bbox 186 1246 270 1273; x_wconf 91' lang='lat' dir='ltr'>literis</span> <span class='ocrx_word' id='word_1_332' title='bbox 282 1245 442 1280; x_wconf 83' lang='lat' dir='ltr'>confignauit</span> <span class='ocrx_word' id='word_1_333' title='bbox 454 1246 594 1280; x_wconf 88' lang='lat' dir='ltr'>Pompeius</span> <span class='ocrx_word' id='word_1_334' title='bbox 613 1244 741 1285; x_wconf 42' lang='lat' dir='ltr'>Cic3post</span> <span class='ocrx_word' id='word_1_335' title='bbox 754 1244 831 1270; x_wconf 87' lang='lat' dir='ltr'>redit.</span> <span class='ocrx_word' id='word_1_336' title='bbox 846 1243 875 1269; x_wconf 86' lang='lat' dir='ltr'>in</span> <span class='ocrx_word' id='word_1_337' title='bbox 887 1243 972 1269; x_wconf 80' lang='lat' dir='ltr'>Seiiat.</span> <span class='ocrx_word' id='word_1_338' title='bbox 987 1251 1020 1275; x_wconf 83' lang='lat'>29</span> <span class='ocrx_word' id='word_1_339' title='bbox 1035 1251 1056 1268; x_wconf 93' lang='lat' dir='ltr'>c.</span> <span class='ocrx_word' id='word_1_340' title='bbox 1071 1251 1102 1268; x_wconf 91' lang='grc'>11.</span> <span class='ocrx_word' id='word_1_341' title='bbox 1114 1252 1145 1276; x_wconf 87' lang='grc' dir='ltr'>3ο</span> <span class='ocrx_word' id='word_1_342' title='bbox 1172 1242 1263 1270; x_wconf 83' lang='lat' dir='ltr'>Fidele</span> <span class='ocrx_word' id='word_1_343' title='bbox 1283 1243 1339 1269; x_wconf 87' lang='lat' dir='ltr'>Cic.</span> <span class='ocrx_word' id='word_1_344' title='bbox 1355 1243 1386 1268; x_wconf 92' lang='lat' dir='ltr'>de</span> <span class='ocrx_word' id='word_1_345' title='bbox 1402 1243 1471 1277; x_wconf 85' lang='lat' dir='ltr'>Lege</span> <span class='ocrx_word' id='word_1_346' title='bbox 1485 1244 1547 1277; x_wconf 86' lang='lat' dir='ltr'>Agr.</span> <span class='ocrx_word' id='word_1_347' title='bbox 1562 1252 1588 1275; x_wconf 85' lang='lat'>2,</span> <span class='ocrx_word' id='word_1_348' title='bbox 1605 1251 1626 1276; x_wconf 83' lang='lat'>5.</span> 
     </span>
    </p>
   </div>
   <div class='ocr_carea' id='block_1_13' title="bbox 60 1278 1107 1600">
    <p class='ocr_par' dir='ltr' id='par_1_13' title="bbox 60 1278 1104 1494">
     <span class='ocr_line' id='line_1_38' title="bbox 60 1278 1104 1316; baseline -0.004 -7"><span class='ocrx_word' id='word_1_349' title='bbox 60 1284 166 1310; x_wconf 87' lang='lat' dir='ltr'>Senatus</span> <span class='ocrx_word' id='word_1_350' title='bbox 188 1282 286 1309; x_wconf 87' lang='lat' dir='ltr'>iudicia</span> <span class='ocrx_word' id='word_1_351' title='bbox 311 1281 342 1308; x_wconf 81' lang='lat' dir='ltr'>de</span> <span class='ocrx_word' id='word_1_352' title='bbox 364 1282 456 1316; x_wconf 88' lang='lat' dir='ltr'>aliquo</span> <span class='ocrx_word' id='word_1_353' title='bbox 475 1281 590 1316; x_wconf 85' lang='lat' dir='ltr'>publicis</span> <span class='ocrx_word' id='word_1_354' title='bbox 611 1281 696 1308; x_wconf 86' lang='lat' dir='ltr'>literis</span> <span class='ocrx_word' id='word_1_355' title='bbox 716 1279 940 1315; x_wconf 77' lang='lat' dir='ltr'>munimentisque</span> <span class='ocrx_word' id='word_1_356' title='bbox 954 1278 1104 1312; x_wconf 80' lang='lat' dir='ltr'>consignata</span> 
     </span>
     <span class='ocr_line' id='line_1_39' title="bbox 513 1314 1103 1352; baseline -0.008 -8"><span class='ocrx_word' id='word_1_357' title='bbox 513 1317 550 1344; x_wconf 87' lang='lat' dir='ltr'>Id.</span> <span class='ocrx_word' id='word_1_358' title='bbox 566 1316 597 1344; x_wconf 89' lang='lat' dir='ltr'>de</span> <span class='ocrx_word' id='word_1_359' title='bbox 611 1317 704 1352; x_wconf 87' lang='lat' dir='ltr'>Legib.</span> <span class='ocrx_word' id='word_1_360' title='bbox 718 1325 742 1348; x_wconf 83' lang='grc'>3,</span> <span class='ocrx_word' id='word_1_361' title='bbox 755 1317 792 1349; x_wconf 89' lang='lat'>46</span> <span class='ocrx_word' id='word_1_362' title='bbox 812 1315 834 1340; x_wconf 87' lang='lat' dir='ltr'><strong>A</strong></span> <span class='ocrx_word' id='word_1_363' title='bbox 849 1314 967 1341; x_wconf 88' lang='lat' dir='ltr'>librariis</span> <span class='ocrx_word' id='word_1_364' title='bbox 979 1314 1103 1348; x_wconf 85' lang='lat' dir='ltr'>petimus,</span> 
     </span>
     <span class='ocr_line' id='line_1_40' title="bbox 61 1349 1104 1389; baseline -0.005 -9"><span class='ocrx_word' id='word_1_365' title='bbox 61 1354 174 1389; x_wconf 84' lang='lat' dir='ltr'>publicis</span> <span class='ocrx_word' id='word_1_366' title='bbox 187 1353 270 1380; x_wconf 87' lang='lat' dir='ltr'>literis</span> <span class='ocrx_word' id='word_1_367' title='bbox 283 1353 457 1387; x_wconf 86' lang='lat' dir='ltr'>consignatam</span> <span class='ocrx_word' id='word_1_368' title='bbox 469 1354 634 1380; x_wconf 79' lang='lat' dir='ltr'>memoriam.</span> <span class='ocrx_word' id='word_1_369' title='bbox 689 1351 845 1385; x_wconf 86' lang='lat' dir='ltr'>Confignata</span> <span class='ocrx_word' id='word_1_370' title='bbox 858 1349 943 1376; x_wconf 83' lang='lat' dir='ltr'>literis</span> <span class='ocrx_word' id='word_1_371' title='bbox 957 1350 1104 1383; x_wconf 86' lang='lat' dir='ltr'>Qiaestura</span> 
     </span>
     <span class='ocr_line' id='line_1_41' title="bbox 63 1385 1104 1423; baseline -0.005 -7"><span class='ocrx_word' id='word_1_372' title='bbox 63 1390 118 1416; x_wconf 89' lang='lat' dir='ltr'>Cic.</span> <span class='ocrx_word' id='word_1_373' title='bbox 133 1389 194 1415; x_wconf 91' lang='lat' dir='ltr'>Diu.</span> <span class='ocrx_word' id='word_1_374' title='bbox 214 1389 242 1415; x_wconf 86' lang='lat' dir='ltr'>in</span> <span class='ocrx_word' id='word_1_375' title='bbox 254 1389 329 1415; x_wconf 88' lang='lat' dir='ltr'>Caec.</span> <span class='ocrx_word' id='word_1_376' title='bbox 343 1394 379 1418; x_wconf 82' lang='lat'>28.</span> <span class='ocrx_word' id='word_1_377' title='bbox 449 1389 528 1415; x_wconf 76' lang='lat' dir='ltr'>Ratio</span> <span class='ocrx_word' id='word_1_378' title='bbox 541 1389 694 1423; x_wconf 83' lang='lat' dir='ltr'>aliquorum</span> <span class='ocrx_word' id='word_1_379' title='bbox 707 1386 732 1412; x_wconf 85' lang='lat' dir='ltr'>et</span> <span class='ocrx_word' id='word_1_380' title='bbox 744 1386 858 1420; x_wconf 78' lang='lat' dir='ltr'>publicis</span> <span class='ocrx_word' id='word_1_381' title='bbox 873 1391 898 1411; x_wconf 89' lang='lat' dir='ltr'>et</span> <span class='ocrx_word' id='word_1_382' title='bbox 912 1385 1022 1419; x_wconf 88' lang='lat' dir='ltr'>priuatis</span> <span class='ocrx_word' id='word_1_383' title='bbox 1044 1385 1104 1411; x_wconf 88' lang='lat' dir='ltr'>lite-</span> 
     </span>
     <span class='ocr_line' id='line_1_42' title="bbox 61 1424 527 1460; baseline 0 -8"><span class='ocrx_word' id='word_1_384' title='bbox 61 1426 99 1452; x_wconf 89' lang='lat' dir='ltr'>ris</span> <span class='ocrx_word' id='word_1_385' title='bbox 111 1424 256 1460; x_wconf 76' lang='lat' dir='ltr'>consignata</span> <span class='ocrx_word' id='word_1_386' title='bbox 275 1424 332 1451; x_wconf 89' lang='lat' dir='ltr'>Cic.</span> <span class='ocrx_word' id='word_1_387' title='bbox 348 1425 425 1451; x_wconf 87' lang='lat' dir='ltr'>Verr.</span> <span class='ocrx_word' id='word_1_388' title='bbox 438 1432 461 1457; x_wconf 91' lang='grc'>3,</span> <span class='ocrx_word' id='word_1_389' title='bbox 475 1433 527 1457; x_wconf 88' lang='lat'>109.</span> 
     </span>
     <span class='ocr_line' id='line_1_43' title="bbox 62 1459 534 1494; baseline -0.006 -6"><span class='ocrx_word' id='word_1_390' title='bbox 62 1460 95 1488; x_wconf 89' lang='lat' dir='ltr'>de</span> <span class='ocrx_word' id='word_1_391' title='bbox 109 1461 229 1487; x_wconf 83' lang='lat' dir='ltr'>Viiiuers.</span> <span class='ocrx_word' id='word_1_392' title='bbox 243 1462 282 1486; x_wconf 83' lang='lat'>26.</span> <span class='ocrx_word' id='word_1_393' title='bbox 305 1459 333 1486; x_wconf 80' lang='lat' dir='ltr'>dc</span> <span class='ocrx_word' id='word_1_394' title='bbox 345 1467 410 1486; x_wconf 87' lang='lat' dir='ltr'>motu</span> <span class='ocrx_word' id='word_1_395' title='bbox 415 1459 534 1494; x_wconf 80' lang='lat' dir='ltr'>fiderum.</span> 
     </span>
    </p>

    <p class='ocr_par' dir='ltr' id='par_1_14' title="bbox 60 1491 1107 1600">
     <span class='ocr_line' id='line_1_44' title="bbox 100 1491 1107 1528; baseline -0.006 -5"><span class='ocrx_word' id='word_1_396' title='bbox 100 1502 117 1522; x_wconf 87' lang='lat' dir='ltr'>C</span> <span class='ocrx_word' id='word_1_397' title='bbox 126 1503 145 1523; x_wconf 90' lang='lat' dir='ltr'>O</span> <span class='ocrx_word' id='word_1_398' title='bbox 156 1504 178 1522; x_wconf 88' lang='lat' dir='ltr'>N</span> <span class='ocrx_word' id='word_1_399' title='bbox 186 1503 198 1523; x_wconf 89' lang='lat' dir='ltr'>s</span> <span class='ocrx_word' id='word_1_400' title='bbox 209 1503 217 1522; x_wconf 88' lang='lat'>1</span> <span class='ocrx_word' id='word_1_401' title='bbox 226 1502 246 1523; x_wconf 85' lang='lat' dir='ltr'>G</span> <span class='ocrx_word' id='word_1_402' title='bbox 256 1503 277 1522; x_wconf 89' lang='lat' dir='ltr'><strong>N</strong></span> <span class='ocrx_word' id='word_1_403' title='bbox 287 1497 310 1522; x_wconf 78' lang='grc' dir='ltr'><em>Ᾱ</em></span> <span class='ocrx_word' id='word_1_404' title='bbox 319 1502 341 1522; x_wconf 91' lang='grc' dir='ltr'>Τ</span> <span class='ocrx_word' id='word_1_405' title='bbox 350 1503 370 1521; x_wconf 90' lang='lat' dir='ltr'><strong>v</strong></span> <span class='ocrx_word' id='word_1_406' title='bbox 378 1503 408 1528; x_wconf 85' lang='lat' dir='ltr'>S,</span> <span class='ocrx_word' id='word_1_407' title='bbox 426 1504 440 1521; x_wconf 82' lang='lat' dir='ltr'>a</span> <span class='ocrx_word' id='word_1_408' title='bbox 448 1514 456 1526; x_wconf 92' lang='lat'>,</span> <span class='ocrx_word' id='word_1_409' title='bbox 475 1503 528 1520; x_wconf 84' lang='lat' dir='ltr'>iim.</span> <span class='ocrx_word' id='word_1_410' title='bbox 549 1493 643 1520; x_wconf 81' lang='lat' dir='ltr'>Partic.</span> <span class='ocrx_word' id='word_1_411' title='bbox 680 1492 905 1527; x_wconf 63' lang='grc' dir='ltr'>[ἐσφραγισμένος]</span> <span class='ocrx_word' id='word_1_412' title='bbox 945 1493 989 1525; x_wconf 82' lang='lat' dir='ltr'>Vt,</span> <span class='ocrx_word' id='word_1_413' title='bbox 996 1491 1107 1518; x_wconf 80' lang='lat' dir='ltr'>Testata</span> 
     </span>
     <span class='ocr_line' id='line_1_45' title="bbox 60 1527 1106 1566; baseline -0.004 -8"><span class='ocrx_word' id='word_1_414' title='bbox 60 1536 86 1558; x_wconf 87' lang='lat' dir='ltr'>et</span> <span class='ocrx_word' id='word_1_415' title='bbox 97 1531 243 1566; x_wconf 69' lang='lat' dir='ltr'>contignata</span> <span class='ocrx_word' id='word_1_416' title='bbox 259 1530 434 1557; x_wconf 75' lang='lat' dir='ltr'>monumentis</span> <span class='ocrx_word' id='word_1_417' title='bbox 446 1529 589 1564; x_wconf 76' lang='lat' dir='ltr'>antiquitas</span> <span class='ocrx_word' id='word_1_418' title='bbox 616 1529 673 1555; x_wconf 88' lang='lat' dir='ltr'>Cic.</span> <span class='ocrx_word' id='word_1_419' title='bbox 689 1528 721 1554; x_wconf 87' lang='lat' dir='ltr'>de</span> <span class='ocrx_word' id='word_1_420' title='bbox 735 1528 828 1554; x_wconf 85' lang='lat' dir='ltr'>Diuin.</span> <span class='ocrx_word' id='word_1_421' title='bbox 848 1536 858 1554; x_wconf 92' lang='lat'>1</span> <span class='ocrx_word' id='word_1_422' title='bbox 868 1548 876 1560; x_wconf 93' lang='lat'>,</span> <span class='ocrx_word' id='word_1_423' title='bbox 890 1533 931 1562; x_wconf 86' lang='lat'>87.</span> <span class='ocrx_word' id='word_1_424' title='bbox 1002 1527 1041 1554; x_wconf 87' lang='lat' dir='ltr'>Id.</span> <span class='ocrx_word' id='word_1_425' title='bbox 1056 1536 1106 1562; x_wconf 89' lang='lat' dir='ltr'>pro</span> 
     </span>
     <span class='ocr_line' id='line_1_46' title="bbox 61 1563 1105 1600; baseline -0.004 -7"><span class='ocrx_word' id='word_1_426' title='bbox 61 1566 166 1593; x_wconf 85' lang='lat' dir='ltr'>Cluent.</span> <span class='ocrx_word' id='word_1_427' title='bbox 179 1576 221 1600; x_wconf 83' lang='lat'>¹39</span> <span class='ocrx_word' id='word_1_428' title='bbox 241 1566 288 1593; x_wconf 88' lang='lat' dir='ltr'>Sed</span> <span class='ocrx_word' id='word_1_429' title='bbox 296 1571 365 1592; x_wconf 85' lang='lat' dir='ltr'>errat</span> <span class='ocrx_word' id='word_1_430' title='bbox 372 1564 551 1597; x_wconf 86' lang='lat' dir='ltr'>vehementer,</span> <span class='ocrx_word' id='word_1_431' title='bbox 560 1564 578 1591; x_wconf 90' lang='lat' dir='ltr'>fi</span> <span class='ocrx_word' id='word_1_432' title='bbox 593 1565 652 1599; x_wconf 89' lang='lat' dir='ltr'>quis</span> <span class='ocrx_word' id='word_1_433' title='bbox 661 1565 689 1590; x_wconf 90' lang='lat' dir='ltr'>in</span> <span class='ocrx_word' id='word_1_434' title='bbox 697 1563 867 1591; x_wconf 84' lang='lat' dir='ltr'>orationibus</span> <span class='ocrx_word' id='word_1_435' title='bbox 880 1563 987 1594; x_wconf 85' lang='lat' dir='ltr'>nostris,</span> <span class='ocrx_word' id='word_1_436' title='bbox 1000 1571 1063 1598; x_wconf 86' lang='lat' dir='ltr'>quas</span> <span class='ocrx_word' id='word_1_437' title='bbox 1076 1563 1105 1589; x_wconf 89' lang='lat' dir='ltr'>in</span> 
     </span>
    </p>
   </div>
   <div class='ocr_carea' id='block_1_14' title="bbox 58 1599 1288 1634">
    <p class='ocr_par' dir='ltr' id='par_1_15' title="bbox 58 1599 1288 1634">
     <span class='ocr_line' id='line_1_47' title="bbox 58 1599 1288 1634; baseline -0.003 -5"><span class='ocrx_word' id='word_1_438' title='bbox 58 1602 166 1629; x_wconf 86' lang='lat' dir='ltr'>iudiciis</span> <span class='ocrx_word' id='word_1_439' title='bbox 179 1601 328 1633; x_wconf 75' lang='lat' dir='ltr'>habuimus,</span> <span class='ocrx_word' id='word_1_440' title='bbox 337 1599 506 1627; x_wconf 55' lang='lat' dir='ltr'>mustei-states</span> <span class='ocrx_word' id='word_1_441' title='bbox 520 1600 620 1627; x_wconf 84' lang='lat' dir='ltr'>nostras</span> <span class='ocrx_word' id='word_1_442' title='bbox 628 1600 789 1634; x_wconf 82' lang='lat' dir='ltr'>consignatas</span> <span class='ocrx_word' id='word_1_443' title='bbox 797 1600 822 1625; x_wconf 86' lang='lat' dir='ltr'>se</span> <span class='ocrx_word' id='word_1_444' title='bbox 837 1599 934 1626; x_wconf 84' lang='lat' dir='ltr'>habere</span> <span class='ocrx_word' id='word_1_445' title='bbox 948 1599 1104 1626; x_wconf 83' lang='lat' dir='ltr'>arbitratur.</span> <span class='ocrx_word' id='word_1_446' title='bbox 1116 1609 1154 1634; x_wconf 89' lang='lat'>40</span> <span class='ocrx_word' id='word_1_447' title='bbox 1174 1604 1210 1631; x_wconf 87' lang='lat'>18,</span> <span class='ocrx_word' id='word_1_448' title='bbox 1226 1604 1247 1630; x_wconf 86' lang='lat'>8,</span> <span class='ocrx_word' id='word_1_449' title='bbox 1261 1608 1288 1632; x_wconf 89' lang='lat'>4.</span> 
     </span>
    </p>
   </div>
   <div class='ocr_carea' id='block_1_15' title="bbox 51 1633 1106 1742">
    <p class='ocr_par' dir='ltr' id='par_1_16' title="bbox 51 1633 1106 1742">
     <span class='ocr_line' id='line_1_48' title="bbox 58 1633 1106 1672; baseline -0.003 -9"><span class='ocrx_word' id='word_1_450' title='bbox 58 1637 231 1672; x_wconf 57' lang='lat' dir='ltr'>tlfi’ntmtiam</span> <span class='ocrx_word' id='word_1_451' title='bbox 244 1635 350 1669; x_wconf 74' lang='lat' dir='ltr'>ansram</span> <span class='ocrx_word' id='word_1_452' title='bbox 363 1639 402 1662; x_wconf 80' lang='lat' dir='ltr'>ica</span> <span class='ocrx_word' id='word_1_453' title='bbox 414 1635 564 1663; x_wconf 76' lang='lat' dir='ltr'>declaratam</span> <span class='ocrx_word' id='word_1_454' title='bbox 578 1644 602 1662; x_wconf 76' lang='lat' dir='ltr'>et</span> <span class='ocrx_word' id='word_1_455' title='bbox 608 1636 751 1672; x_wconf 76' lang='lat' dir='ltr'>sancitam,</span> <span class='ocrx_word' id='word_1_456' title='bbox 770 1642 800 1661; x_wconf 84' lang='lat' dir='ltr'>vt</span> <span class='ocrx_word' id='word_1_457' title='bbox 825 1637 890 1661; x_wconf 72' lang='lat' dir='ltr'>olent</span> <span class='ocrx_word' id='word_1_458' title='bbox 901 1633 1059 1668; x_wconf 75' lang='lat' dir='ltr'>testationes,</span> <span class='ocrx_word' id='word_1_459' title='bbox 1072 1641 1106 1660; x_wconf 80' lang='lat' dir='ltr'>te-</span> 
     </span>
     <span class='ocr_line' id='line_1_49' title="bbox 51 1670 1104 1707; baseline -0.002 -9"><span class='ocrx_word' id='word_1_460' title='bbox 51 1670 192 1706; x_wconf 73' lang='lat' dir='ltr'>stamenta,</span> <span class='ocrx_word' id='word_1_461' title='bbox 213 1679 236 1698; x_wconf 82' lang='lat' dir='ltr'>et</span> <span class='ocrx_word' id='word_1_462' title='bbox 250 1671 411 1705; x_wconf 68' lang='lat' dir='ltr'>instrumenta</span> <span class='ocrx_word' id='word_1_463' title='bbox 423 1673 476 1698; x_wconf 83' lang='lat' dir='ltr'>alia</span> <span class='ocrx_word' id='word_1_464' title='bbox 484 1672 593 1707; x_wconf 79' lang='lat' dir='ltr'>publica.</span> <span class='ocrx_word' id='word_1_465' title='bbox 667 1671 755 1698; x_wconf 87' lang='lat' dir='ltr'>Fundi</span> <span class='ocrx_word' id='word_1_466' title='bbox 772 1680 805 1706; x_wconf 90' lang='lat' dir='ltr'>pu</span> <span class='ocrx_word' id='word_1_467' title='bbox 828 1671 885 1697; x_wconf 90' lang='lat' dir='ltr'>licis</span> <span class='ocrx_word' id='word_1_468' title='bbox 907 1670 1104 1697; x_wconf 85' lang='lat' dir='ltr'>commentariis</span> 
     </span>
     <span class='ocr_line' id='line_1_50' title="bbox 56 1705 1105 1742; baseline -0.003 -8"><span class='ocrx_word' id='word_1_469' title='bbox 56 1707 200 1742; x_wconf 82' lang='lat' dir='ltr'>consignati</span> <span class='ocrx_word' id='word_1_470' title='bbox 218 1707 275 1734; x_wconf 84' lang='lat' dir='ltr'>Cic.</span> <span class='ocrx_word' id='word_1_471' title='bbox 291 1707 323 1733; x_wconf 88' lang='lat' dir='ltr'>de</span> <span class='ocrx_word' id='word_1_472' title='bbox 336 1708 411 1734; x_wconf 88' lang='lat' dir='ltr'>Orat.</span> <span class='ocrx_word' id='word_1_473' title='bbox 425 1716 448 1740; x_wconf 90' lang='lat'>2,</span> <span class='ocrx_word' id='word_1_474' title='bbox 462 1716 520 1741; x_wconf 85' lang='lat'>224.</span> <span class='ocrx_word' id='word_1_475' title='bbox 592 1706 723 1734; x_wconf 87' lang='lat' dir='ltr'>Laudatio</span> <span class='ocrx_word' id='word_1_476' title='bbox 742 1706 852 1734; x_wconf 82' lang='lat' dir='ltr'>alicuius</span> <span class='ocrx_word' id='word_1_477' title='bbox 873 1705 1021 1741; x_wconf 71' lang='lat' dir='ltr'>contignata</span> <span class='ocrx_word' id='word_1_478' title='bbox 1034 1711 1105 1732; x_wconf 86' lang='lat' dir='ltr'>creta</span> 
     </span>
    </p>
   </div>
   <div class='ocr_carea' id='block_1_16' title="bbox 23 1740 1189 1850">
    <p class='ocr_par' dir='ltr' id='par_1_17' title="bbox 23 1740 1189 1850">
     <span class='ocr_line' id='line_1_51' title="bbox 39 1740 332 1778; baseline -0.007 -8"><span class='ocrx_word' id='word_1_479' title='bbox 39 1754 42 1755; x_wconf 47' lang='lat'><em>⁷</em></span> <span class='ocrx_word' id='word_1_480' title='bbox 58 1743 114 1770; x_wconf 89' lang='lat' dir='ltr'>Cic.</span> <span class='ocrx_word' id='word_1_481' title='bbox 127 1740 176 1778; x_wconf 80' lang='lat' dir='ltr'>pro&#39;</span> <span class='ocrx_word' id='word_1_482' title='bbox 189 1743 272 1770; x_wconf 87' lang='lat' dir='ltr'>Flacc.</span> <span class='ocrx_word' id='word_1_483' title='bbox 292 1750 332 1778; x_wconf 83' lang='lat'>37.</span> 
     </span>
     <span class='ocr_line' id='line_1_52' title="bbox 97 1776 1189 1814; baseline -0.004 -8"><span class='ocrx_word' id='word_1_484' title='bbox 97 1784 114 1805; x_wconf 91' lang='lat' dir='ltr'>C</span> <span class='ocrx_word' id='word_1_485' title='bbox 125 1786 145 1806; x_wconf 84' lang='lat'>0</span> <span class='ocrx_word' id='word_1_486' title='bbox 154 1786 175 1805; x_wconf 81' lang='grc' dir='ltr'>Ν</span> <span class='ocrx_word' id='word_1_487' title='bbox 185 1786 197 1806; x_wconf 84' lang='lat' dir='ltr'>s</span> <span class='ocrx_word' id='word_1_488' title='bbox 207 1786 216 1805; x_wconf 84' lang='lat'>1</span> <span class='ocrx_word' id='word_1_489' title='bbox 226 1785 247 1806; x_wconf 88' lang='lat' dir='ltr'>G</span> <span class='ocrx_word' id='word_1_490' title='bbox 256 1786 278 1805; x_wconf 85' lang='lat' dir='ltr'>N</span> <span class='ocrx_word' id='word_1_491' title='bbox 286 1785 308 1805; x_wconf 85' lang='lat' dir='ltr'>A</span> <span class='ocrx_word' id='word_1_492' title='bbox 317 1785 338 1805; x_wconf 88' lang='lat' dir='ltr'>T</span> <span class='ocrx_word' id='word_1_493' title='bbox 347 1784 385 1811; x_wconf 23' lang='lat'>1⁷0</span> <span class='ocrx_word' id='word_1_494' title='bbox 392 1797 400 1810; x_wconf 91' lang='lat'><em>‚</em></span> <span class='ocrx_word' id='word_1_495' title='bbox 416 1776 485 1805; x_wconf 65' lang='lat' dir='ltr'>onis.</span> <span class='ocrx_word' id='word_1_496' title='bbox 505 1778 524 1803; x_wconf 87' lang='lat' dir='ltr'>f.</span> <span class='ocrx_word' id='word_1_497' title='bbox 561 1777 727 1814; x_wconf 50' lang='grc' dir='ltr'>[σφράγισις]</span> <span class='ocrx_word' id='word_1_498' title='bbox 767 1777 898 1804; x_wconf 67' lang='lat' dir='ltr'>Veteribus</span> <span class='ocrx_word' id='word_1_499' title='bbox 930 1782 1003 1803; x_wconf 83' lang='lat' dir='ltr'>erant</span> <span class='ocrx_word' id='word_1_500' title='bbox 1033 1776 1103 1803; x_wconf 85' lang='lat' dir='ltr'>Con·</span> <span class='ocrx_word' id='word_1_501' title='bbox 1114 1783 1147 1812; x_wconf 76' lang='lat'>45</span> <span class='ocrx_word' id='word_1_502' title='bbox 1173 1786 1189 1810; x_wconf 89' lang='lat'><em>9</em></span> 
     </span>
     <span class='ocr_line' id='line_1_53' title="bbox 23 1813 846 1850; baseline -0.002 -9"><span class='ocrx_word' id='word_1_503' title='bbox 23 1825 26 1829; x_wconf 90' lang='lat'>·</span> <span class='ocrx_word' id='word_1_504' title='bbox 58 1813 230 1849; x_wconf 67' lang='lat' dir='ltr'>lignationes,</span> <span class='ocrx_word' id='word_1_505' title='bbox 249 1823 309 1850; x_wconf 80' lang='lat' dir='ltr'>quas</span> <span class='ocrx_word' id='word_1_506' title='bbox 323 1823 436 1840; x_wconf 76' lang='lat' dir='ltr'>vocamus</span> <span class='ocrx_word' id='word_1_507' title='bbox 449 1815 600 1840; x_wconf 80' lang='lat' dir='ltr'>Documenta</span> <span class='ocrx_word' id='word_1_508' title='bbox 615 1815 654 1839; x_wconf 73' lang='lat' dir='ltr'>vel</span> <span class='ocrx_word' id='word_1_509' title='bbox 665 1813 846 1850; x_wconf 71' lang='lat' dir='ltr'>Chirographa.</span> 
     </span>
    </p>
   </div>
   <div class='ocr_carea' id='block_1_17' title="bbox 56 1812 1104 2131">
    <p class='ocr_par' dir='ltr' id='par_1_18' title="bbox 61 1812 1104 1920">
     <span class='ocr_line' id='line_1_54' title="bbox 884 1812 1102 1846; baseline 0 -8"><span class='ocrx_word' id='word_1_510' title='bbox 884 1812 1016 1846; x_wconf 65' lang='lat' dir='ltr'>Qiinefil.</span> <span class='ocrx_word' id='word_1_511' title='bbox 1033 1821 1069 1842; x_wconf 85' lang='lat'>12,</span> <span class='ocrx_word' id='word_1_512' title='bbox 1078 1818 1102 1844; x_wconf 90' lang='lat'>8,</span> 
     </span>
     <span class='ocr_line' id='line_1_55' title="bbox 61 1847 1104 1884; baseline -0.003 -7"><span class='ocrx_word' id='word_1_513' title='bbox 61 1857 84 1877; x_wconf 89' lang='grc'>11</span> <span class='ocrx_word' id='word_1_514' title='bbox 106 1850 240 1877; x_wconf 88' lang='lat' dir='ltr'>Promittit</span> <span class='ocrx_word' id='word_1_515' title='bbox 252 1850 324 1876; x_wconf 88' lang='lat' dir='ltr'>enim</span> <span class='ocrx_word' id='word_1_516' title='bbox 337 1849 456 1883; x_wconf 82' lang='lat' dir='ltr'>litigator</span> <span class='ocrx_word' id='word_1_517' title='bbox 468 1849 573 1880; x_wconf 89' lang='lat' dir='ltr'>omnia,</span> <span class='ocrx_word' id='word_1_518' title='bbox 592 1849 683 1875; x_wconf 81' lang='lat' dir='ltr'>testem</span> <span class='ocrx_word' id='word_1_519' title='bbox 696 1849 842 1884; x_wconf 86' lang='lat' dir='ltr'>populum,</span> <span class='ocrx_word' id='word_1_520' title='bbox 861 1847 1029 1883; x_wconf 80' lang='lat' dir='ltr'>paratissimas</span> <span class='ocrx_word' id='word_1_521' title='bbox 1043 1857 1104 1874; x_wconf 91' lang='lat' dir='ltr'>con-</span> 
     </span>
     <span class='ocr_line' id='line_1_56' title="bbox 266 1884 1050 1920; baseline -0.004 -7"><span class='ocrx_word' id='word_1_522' title='bbox 266 1885 324 1913; x_wconf 83' lang='lat' dir='ltr'>Vid.</span> <span class='ocrx_word' id='word_1_523' title='bbox 339 1884 478 1917; x_wconf 81' lang='lat' dir='ltr'>Testatio‚</span> <span class='ocrx_word' id='word_1_524' title='bbox 499 1887 525 1911; x_wconf 90' lang='lat' dir='ltr'>in</span> <span class='ocrx_word' id='word_1_525' title='bbox 540 1892 651 1912; x_wconf 84' lang='lat' dir='ltr'>TESTiS</span> <span class='ocrx_word' id='word_1_526' title='bbox 661 1905 669 1918; x_wconf 90' lang='lat'>,</span> <span class='ocrx_word' id='word_1_527' title='bbox 689 1892 713 1911; x_wconf 79' lang='lat' dir='ltr'>et</span> <span class='ocrx_word' id='word_1_528' title='bbox 731 1885 839 1911; x_wconf 71' lang='lat' dir='ltr'>Turneb.</span> <span class='ocrx_word' id='word_1_529' title='bbox 854 1884 959 1920; x_wconf 75' lang='lat' dir='ltr'>Adutis.</span> <span class='ocrx_word' id='word_1_530' title='bbox 974 1894 997 1915; x_wconf 84' lang='lat'>2,</span> <span class='ocrx_word' id='word_1_531' title='bbox 1011 1892 1050 1918; x_wconf 80' lang='lat'>27.</span> 
     </span>
    </p>

    <p class='ocr_par' dir='ltr' id='par_1_19' title="bbox 56 1918 1104 2065">
     <span class='ocr_line' id='line_1_57' title="bbox 92 1918 1104 1955; baseline -0.005 -5"><span class='ocrx_word' id='word_1_532' title='bbox 92 1929 110 1950; x_wconf 91' lang='lat' dir='ltr'>C</span> <span class='ocrx_word' id='word_1_533' title='bbox 118 1928 137 1949; x_wconf 91' lang='grc' dir='ltr'>ο</span> <span class='ocrx_word' id='word_1_534' title='bbox 146 1929 169 1948; x_wconf 83' lang='grc' dir='ltr'><strong>Ν</strong></span> <span class='ocrx_word' id='word_1_535' title='bbox 176 1928 188 1947; x_wconf 86' lang='lat' dir='ltr'>s</span> <span class='ocrx_word' id='word_1_536' title='bbox 197 1929 206 1948; x_wconf 86' lang='lat'>1</span> <span class='ocrx_word' id='word_1_537' title='bbox 215 1927 237 1949; x_wconf 90' lang='lat' dir='ltr'>G</span> <span class='ocrx_word' id='word_1_538' title='bbox 246 1927 270 1947; x_wconf 87' lang='lat' dir='ltr'>N</span> <span class='ocrx_word' id='word_1_539' title='bbox 279 1928 302 1948; x_wconf 82' lang='lat' dir='ltr'>A</span> <span class='ocrx_word' id='word_1_540' title='bbox 309 1929 331 1948; x_wconf 87' lang='grc' dir='ltr'>Ν</span> <span class='ocrx_word' id='word_1_541' title='bbox 340 1928 361 1947; x_wconf 89' lang='grc' dir='ltr'><strong>Τ</strong></span> <span class='ocrx_word' id='word_1_542' title='bbox 370 1927 386 1947; x_wconf 80' lang='lat' dir='ltr'>E</span> <span class='ocrx_word' id='word_1_543' title='bbox 395 1927 424 1946; x_wconf 85' lang='lat' dir='ltr'>R.</span> <span class='ocrx_word' id='word_1_544' title='bbox 460 1919 529 1947; x_wconf 90' lang='lat' dir='ltr'>Adu.</span> <span class='ocrx_word' id='word_1_545' title='bbox 543 1920 606 1946; x_wconf 83' lang='lat' dir='ltr'>vnde</span> <span class='ocrx_word' id='word_1_546' title='bbox 620 1921 732 1955; x_wconf 78' lang='lat' dir='ltr'>Compar.</span> <span class='ocrx_word' id='word_1_547' title='bbox 746 1920 948 1955; x_wconf 85' lang='lat' dir='ltr'>Confignantius</span> <span class='ocrx_word' id='word_1_548' title='bbox 962 1920 1027 1955; x_wconf 86' lang='lat' dir='ltr'>apud</span> <span class='ocrx_word' id='word_1_549' title='bbox 1035 1918 1104 1945; x_wconf 88' lang='lat' dir='ltr'>Gell.</span> 
     </span>
     <span class='ocr_line' id='line_1_58' title="bbox 60 1955 841 1991; baseline -0.003 -7"><span class='ocrx_word' id='word_1_550' title='bbox 60 1965 82 1989; x_wconf 84' lang='lat'>1,</span> <span class='ocrx_word' id='word_1_551' title='bbox 94 1965 122 1990; x_wconf 82' lang='lat'>25</span> <span class='ocrx_word' id='word_1_552' title='bbox 142 1957 238 1984; x_wconf 89' lang='lat' dir='ltr'>Graeci</span> <span class='ocrx_word' id='word_1_553' title='bbox 252 1955 437 1991; x_wconf 82' lang='lat' dir='ltr'>significantius</span> <span class='ocrx_word' id='word_1_554' title='bbox 451 1955 696 1991; x_wconf 85' lang='lat' dir='ltr'>consignantiusque</span> <span class='ocrx_word' id='word_1_555' title='bbox 709 1956 841 1982; x_wconf 87' lang='lat' dir='ltr'>dixerunt.</span> 
     </span>
     <span class='ocr_line' id='line_1_59' title="bbox 56 1990 1103 2027; baseline -0.001 -8"><span class='ocrx_word' id='word_1_556' title='bbox 56 2002 74 2019; x_wconf 80' lang='lat' dir='ltr'>a</span> <span class='ocrx_word' id='word_1_557' title='bbox 96 1998 113 2019; x_wconf 89' lang='lat' dir='ltr'>C</span> <span class='ocrx_word' id='word_1_558' title='bbox 124 1999 143 2020; x_wconf 96' lang='grc'>0</span> <span class='ocrx_word' id='word_1_559' title='bbox 152 1999 175 2020; x_wconf 86' lang='grc' dir='ltr'>Ν</span> <span class='ocrx_word' id='word_1_560' title='bbox 184 2001 197 2020; x_wconf 84' lang='lat' dir='ltr'>S</span> <span class='ocrx_word' id='word_1_561' title='bbox 207 2001 217 2020; x_wconf 92' lang='lat'>1</span> <span class='ocrx_word' id='word_1_562' title='bbox 227 1999 248 2020; x_wconf 91' lang='lat' dir='ltr'>G</span> <span class='ocrx_word' id='word_1_563' title='bbox 255 2000 278 2020; x_wconf 80' lang='lat' dir='ltr'>N</span> <span class='ocrx_word' id='word_1_564' title='bbox 287 2000 308 2020; x_wconf 80' lang='grc' dir='ltr'>Α</span> <span class='ocrx_word' id='word_1_565' title='bbox 317 2000 338 2020; x_wconf 89' lang='grc' dir='ltr'>Τ</span> <span class='ocrx_word' id='word_1_566' title='bbox 346 1999 363 2018; x_wconf 82' lang='grc' dir='ltr'>Ε</span> <span class='ocrx_word' id='word_1_567' title='bbox 376 1990 475 2027; x_wconf 79' lang='lat' dir='ltr'>vJusest</span> <span class='ocrx_word' id='word_1_568' title='bbox 482 1992 576 2027; x_wconf 65' lang='lat' dir='ltr'>Superi.</span> <span class='ocrx_word' id='word_1_569' title='bbox 585 1999 639 2025; x_wconf 86' lang='grc'>1,15</span> <span class='ocrx_word' id='word_1_570' title='bbox 660 1991 899 2027; x_wconf 77' lang='lat' dir='ltr'>Confignantissime</span> <span class='ocrx_word' id='word_1_571' title='bbox 915 1991 999 2019; x_wconf 61' lang='lat' dir='ltr'>fabius</span> <span class='ocrx_word' id='word_1_572' title='bbox 1012 1993 1103 2018; x_wconf 89' lang='lat' dir='ltr'>versus</span> 
     </span>
     <span class='ocr_line' id='line_1_60' title="bbox 59 2026 483 2065; baseline -0.007 -10"><span class='ocrx_word' id='word_1_573' title='bbox 59 2028 204 2063; x_wconf 77' lang='lat' dir='ltr'>Eupolidis.</span> <span class='ocrx_word' id='word_1_574' title='bbox 225 2032 244 2054; x_wconf 91' lang='lat' dir='ltr'>i.</span> <span class='ocrx_word' id='word_1_575' title='bbox 251 2026 483 2065; x_wconf 66' lang='lat' dir='ltr'>Jigrzficaritfflime.</span> 
     </span>
    </p>

    <p class='ocr_par' dir='ltr' id='par_1_20' title="bbox 63 2061 1104 2131">
     <span class='ocr_line' id='line_1_61' title="bbox 98 2061 1104 2097; baseline -0.002 -7"><span class='ocrx_word' id='word_1_576' title='bbox 98 2069 116 2090; x_wconf 89' lang='lat' dir='ltr'>c</span> <span class='ocrx_word' id='word_1_577' title='bbox 128 2070 147 2090; x_wconf 95' lang='lat' dir='ltr'>o</span> <span class='ocrx_word' id='word_1_578' title='bbox 159 2070 180 2090; x_wconf 83' lang='lat' dir='ltr'>N</span> <span class='ocrx_word' id='word_1_579' title='bbox 192 2070 322 2095; x_wconf 66' lang='lat' dir='ltr'>sinzo,</span> <span class='ocrx_word' id='word_1_580' title='bbox 341 2063 384 2095; x_wconf 83' lang='lat' dir='ltr'>ui,</span> <span class='ocrx_word' id='word_1_581' title='bbox 404 2067 456 2089; x_wconf 66' lang='lat' dir='ltr'>ere.</span> <span class='ocrx_word' id='word_1_582' title='bbox 475 2068 498 2089; x_wconf 81' lang='lat' dir='ltr'>et</span> <span class='ocrx_word' id='word_1_583' title='bbox 522 2068 539 2088; x_wconf 92' lang='lat' dir='ltr'>c</span> <span class='ocrx_word' id='word_1_584' title='bbox 551 2067 744 2090; x_wconf 85' lang='lat' dir='ltr'>ONSILESC</span> <span class='ocrx_word' id='word_1_585' title='bbox 757 2069 793 2095; x_wconf 95' lang='lat' dir='ltr'>o,</span> <span class='ocrx_word' id='word_1_586' title='bbox 813 2064 866 2089; x_wconf 70' lang='lat' dir='ltr'>ere.</span> <span class='ocrx_word' id='word_1_587' title='bbox 903 2061 1104 2097; x_wconf 68' lang='grc' dir='ltr'>[κατασιωπάω]</span> 
     </span>
     <span class='ocr_line' id='line_1_62' title="bbox 63 2097 1099 2131; baseline -0.002 -5"><span class='ocrx_word' id='word_1_588' title='bbox 63 2098 192 2131; x_wconf 84' lang='lat' dir='ltr'>Gell.i2,i</span> <span class='ocrx_word' id='word_1_589' title='bbox 215 2099 285 2126; x_wconf 82' lang='lat' dir='ltr'>Nam</span> <span class='ocrx_word' id='word_1_590' title='bbox 299 2099 345 2125; x_wconf 89' lang='lat' dir='ltr'>vbi</span> <span class='ocrx_word' id='word_1_591' title='bbox 360 2098 467 2124; x_wconf 86' lang='lat' dir='ltr'>infantis</span> <span class='ocrx_word' id='word_1_592' title='bbox 479 2097 606 2125; x_wconf 86' lang='lat' dir='ltr'>aliorsum</span> <span class='ocrx_word' id='word_1_593' title='bbox 618 2097 673 2124; x_wconf 88' lang='lat' dir='ltr'>dati</span> <span class='ocrx_word' id='word_1_594' title='bbox 688 2098 756 2125; x_wconf 68' lang='lat' dir='ltr'>facia</span> <span class='ocrx_word' id='word_1_595' title='bbox 769 2107 800 2125; x_wconf 85' lang='lat' dir='ltr'>ex</span> <span class='ocrx_word' id='word_1_596' title='bbox 814 2097 901 2125; x_wconf 89' lang='lat' dir='ltr'>oculis</span> <span class='ocrx_word' id='word_1_597' title='bbox 915 2098 1039 2124; x_wconf 88' lang='lat' dir='ltr'>amolitio</span> <span class='ocrx_word' id='word_1_598' title='bbox 1053 2098 1099 2130; x_wconf 89' lang='lat' dir='ltr'>est,</span> 
     </span>
    </p>
   </div>
   <div class='ocr_carea' id='block_1_18' title="bbox 59 2133 1862 2174">
    <p class='ocr_par' dir='ltr' id='par_1_21' title="bbox 59 2133 1862 2174">
     <span class='ocr_line' id='line_1_63' title="bbox 59 2133 1862 2174; baseline -0.001 -13"><span class='ocrx_word' id='word_1_599' title='bbox 59 2134 140 2174; x_wconf 72' lang='lat' dir='ltr'>vigor</span> <span class='ocrx_word' id='word_1_600' title='bbox 152 2134 198 2161; x_wconf 84' lang='lat' dir='ltr'>ille</span> <span class='ocrx_word' id='word_1_601' title='bbox 210 2142 342 2162; x_wconf 85' lang='lat' dir='ltr'>maternae</span> <span class='ocrx_word' id='word_1_602' title='bbox 354 2133 504 2168; x_wconf 87' lang='lat' dir='ltr'>flagrantiae</span> <span class='ocrx_word' id='word_1_603' title='bbox 517 2133 608 2160; x_wconf 85' lang='lat' dir='ltr'>sensim</span> <span class='ocrx_word' id='word_1_604' title='bbox 621 2143 650 2160; x_wconf 87' lang='lat' dir='ltr'>ac</span> <span class='ocrx_word' id='word_1_605' title='bbox 662 2134 800 2168; x_wconf 80' lang='lat' dir='ltr'>paullatim</span> <span class='ocrx_word' id='word_1_606' title='bbox 813 2134 996 2168; x_wconf 81' lang='lat' dir='ltr'>restinguitur,</span> <span class='ocrx_word' id='word_1_607' title='bbox 1005 2133 1103 2160; x_wconf 87' lang='lat' dir='ltr'>omnis·</span> <span class='ocrx_word' id='word_1_608' title='bbox 1114 2144 1142 2170; x_wconf 76' lang='lat'>55</span> <span class='ocrx_word' id='word_1_609' title='bbox 1172 2143 1208 2167; x_wconf 84' lang='lat'>24</span> <span class='ocrx_word' id='word_1_610' title='bbox 1233 2136 1256 2160; x_wconf 87' lang='lat' dir='ltr'>A</span> <span class='ocrx_word' id='word_1_611' title='bbox 1269 2135 1381 2160; x_wconf 87' lang='lat' dir='ltr'>confilio</span> <span class='ocrx_word' id='word_1_612' title='bbox 1395 2135 1534 2168; x_wconf 83' lang='lat' dir='ltr'>fugiendi,</span> <span class='ocrx_word' id='word_1_613' title='bbox 1553 2140 1582 2159; x_wconf 89' lang='lat' dir='ltr'>vt</span> <span class='ocrx_word' id='word_1_614' title='bbox 1598 2140 1626 2159; x_wconf 91' lang='lat' dir='ltr'>tu</span> <span class='ocrx_word' id='word_1_615' title='bbox 1635 2133 1738 2166; x_wconf 87' lang='lat' dir='ltr'>censes,</span> <span class='ocrx_word' id='word_1_616' title='bbox 1754 2133 1862 2160; x_wconf 84' lang='lat' dir='ltr'>Absuin.</span> 
     </span>
    </p>
   </div>
   <div class='ocr_carea' id='block_1_19' title="bbox 59 2168 1102 2232">
    <p class='ocr_par' dir='ltr' id='par_1_22' title="bbox 59 2168 1102 2232">
     <span class='ocr_line' id='line_1_64' title="bbox 59 2168 1102 2232; baseline -0.003 -36"><span class='ocrx_word' id='word_1_617' title='bbox 59 2178 114 2232; x_wconf 59' lang='lat' dir='ltr'>Fue</span> <span class='ocrx_word' id='word_1_618' title='bbox 126 2169 360 2204; x_wconf 80' lang='lat' dir='ltr'>impatientislimae</span> <span class='ocrx_word' id='word_1_619' title='bbox 373 2169 550 2197; x_wconf 78' lang='lat' dir='ltr'>solicitudinis</span> <span class='ocrx_word' id='word_1_620' title='bbox 563 2168 685 2203; x_wconf 84' lang='lat' dir='ltr'>strepitus</span> <span class='ocrx_word' id='word_1_621' title='bbox 698 2168 849 2195; x_wconf 86' lang='lat' dir='ltr'>confilescit.</span> <span class='ocrx_word' id='word_1_622' title='bbox 920 2168 1019 2200; x_wconf 87' lang='lat' dir='ltr'>Festus,</span> <span class='ocrx_word' id='word_1_623' title='bbox 1032 2169 1102 2194; x_wconf 90' lang='lat' dir='ltr'>Con-</span> 
     </span>
     <span class='ocr_line' id='line_1_65' title="bbox 71 2214 78 2231; baseline 0 0"><span class='ocrx_word' id='word_1_624' title='bbox 71 2214 78 2231; x_wconf 96' lang='lat' dir='ltr'>i</span> 
     </span>
    </p>
   </div>
   <div class='ocr_carea' id='block_1_20' title="bbox 80 2204 1102 2309">
    <p class='ocr_par' dir='ltr' id='par_1_23' title="bbox 80 2204 1102 2309">
     <span class='ocr_line' id='line_1_66' title="bbox 80 2204 594 2240; baseline -0.006 -8"><span class='ocrx_word' id='word_1_625' title='bbox 80 2205 152 2232; x_wconf 90' lang='lat' dir='ltr'>luere</span> <span class='ocrx_word' id='word_1_626' title='bbox 165 2206 262 2232; x_wconf 89' lang='lat' dir='ltr'>Ennius</span> <span class='ocrx_word' id='word_1_627' title='bbox 276 2215 326 2240; x_wconf 89' lang='lat' dir='ltr'>pro</span> <span class='ocrx_word' id='word_1_628' title='bbox 337 2205 486 2232; x_wconf 87' lang='lat' dir='ltr'>conticuere</span> <span class='ocrx_word' id='word_1_629' title='bbox 498 2204 594 2238; x_wconf 87' lang='lat' dir='ltr'>posuit.</span> 
     </span>
     <span class='ocr_line' id='line_1_67' title="bbox 94 2237 730 2272; baseline -0.005 -5"><span class='ocrx_word' id='word_1_630' title='bbox 94 2237 400 2272; x_wconf 64' lang='lat' dir='ltr'>coierimARi&#39;vs,</span> <span class='ocrx_word' id='word_1_631' title='bbox 419 2239 730 2266; x_wconf 81' lang='lat' dir='ltr'>vid.CONSIL1VM.</span> 
     </span>
     <span class='ocr_line' id='line_1_68' title="bbox 95 2272 1102 2309; baseline -0.003 -8"><span class='ocrx_word' id='word_1_632' title='bbox 95 2280 112 2301; x_wconf 92' lang='lat' dir='ltr'>c</span> <span class='ocrx_word' id='word_1_633' title='bbox 121 2281 141 2301; x_wconf 92' lang='grc' dir='ltr'>Ο</span> <span class='ocrx_word' id='word_1_634' title='bbox 152 2281 172 2300; x_wconf 83' lang='grc' dir='ltr'><strong>Ν</strong></span> <span class='ocrx_word' id='word_1_635' title='bbox 181 2283 194 2302; x_wconf 91' lang='lat' dir='ltr'>s</span> <span class='ocrx_word' id='word_1_636' title='bbox 203 2283 212 2302; x_wconf 93' lang='lat'>1</span> <span class='ocrx_word' id='word_1_637' title='bbox 222 2282 238 2301; x_wconf 87' lang='lat' dir='ltr'>L</span> <span class='ocrx_word' id='word_1_638' title='bbox 246 2277 259 2302; x_wconf 86' lang='grc' dir='ltr'><strong><em>ῖ</em></strong></span> <span class='ocrx_word' id='word_1_639' title='bbox 266 2282 287 2303; x_wconf 87' lang='lat' dir='ltr'><strong>G</strong></span> <span class='ocrx_word' id='word_1_640' title='bbox 296 2282 315 2302; x_wconf 94' lang='grc'>0</span> <span class='ocrx_word' id='word_1_641' title='bbox 324 2295 332 2308; x_wconf 90' lang='grc'><em>,</em></span> <span class='ocrx_word' id='word_1_642' title='bbox 351 2276 411 2302; x_wconf 85' lang='lat' dir='ltr'>inis.</span> <span class='ocrx_word' id='word_1_643' title='bbox 431 2275 451 2301; x_wconf 89' lang='lat' dir='ltr'>f.</span> <span class='ocrx_word' id='word_1_644' title='bbox 487 2275 636 2308; x_wconf 74' lang='grc' dir='ltr'>[κσνσιλίγω]</span> <span class='ocrx_word' id='word_1_645' title='bbox 674 2273 770 2300; x_wconf 79' lang='lat' dir='ltr'>Herbae</span> <span class='ocrx_word' id='word_1_646' title='bbox 776 2282 862 2309; x_wconf 79' lang='lat' dir='ltr'>genus,</span> <span class='ocrx_word' id='word_1_647' title='bbox 870 2279 1029 2299; x_wconf 76' lang='lat' dir='ltr'>memoratum</span> <span class='ocrx_word' id='word_1_648' title='bbox 1049 2272 1102 2299; x_wconf 93' lang='lat' dir='ltr'>Co-</span> 
     </span>
    </p>
   </div>
   <div class='ocr_carea' id='block_1_21' title="bbox 57 2307 1480 2344">
    <p class='ocr_par' dir='ltr' id='par_1_24' title="bbox 57 2307 1480 2344">
     <span class='ocr_line' id='line_1_69' title="bbox 57 2307 1480 2344; baseline -0.001 -8"><span class='ocrx_word' id='word_1_649' title='bbox 57 2307 123 2344; x_wconf 76' lang='lat' dir='ltr'>lum.</span> <span class='ocrx_word' id='word_1_650' title='bbox 138 2313 165 2343; x_wconf 90' lang='lat'>6,</span> <span class='ocrx_word' id='word_1_651' title='bbox 178 2318 200 2344; x_wconf 96' lang='lat'>5,</span> <span class='ocrx_word' id='word_1_652' title='bbox 213 2319 225 2343; x_wconf 82' lang='lat'><em>3</em></span> <span class='ocrx_word' id='word_1_653' title='bbox 252 2312 372 2338; x_wconf 83' lang='lat' dir='ltr'>Praesens</span> <span class='ocrx_word' id='word_1_654' title='bbox 390 2311 471 2337; x_wconf 87' lang='lat' dir='ltr'>etiam</span> <span class='ocrx_word' id='word_1_655' title='bbox 489 2309 637 2337; x_wconf 85' lang='lat' dir='ltr'>remedium</span> <span class='ocrx_word' id='word_1_656' title='bbox 658 2309 732 2335; x_wconf 84' lang='lat' dir='ltr'>bubus</span> <span class='ocrx_word' id='word_1_657' title='bbox 758 2308 933 2343; x_wconf 84' lang='lat' dir='ltr'>cognouinius</span> <span class='ocrx_word' id='word_1_658' title='bbox 958 2308 1102 2341; x_wconf 87' lang='lat' dir='ltr'>radiculae,</span> <span class='ocrx_word' id='word_1_659' title='bbox 1114 2313 1150 2336; x_wconf 88' lang='lat'>60</span> <span class='ocrx_word' id='word_1_660' title='bbox 1171 2310 1238 2336; x_wconf 89' lang='lat' dir='ltr'>lium</span> <span class='ocrx_word' id='word_1_661' title='bbox 1259 2310 1316 2336; x_wconf 86' lang='lat' dir='ltr'>Cic.</span> <span class='ocrx_word' id='word_1_662' title='bbox 1331 2310 1402 2335; x_wconf 79' lang='lat' dir='ltr'>Fam.</span> <span class='ocrx_word' id='word_1_663' title='bbox 1416 2317 1441 2339; x_wconf 87' lang='lat'>2,</span> <span class='ocrx_word' id='word_1_664' title='bbox 1455 2316 1480 2342; x_wconf 88' lang='lat'>7.</span> 
     </span>
    </p>
   </div>
   <div class='ocr_carea' id='block_1_22' title="bbox 57 2341 1104 2486">
    <p class='ocr_par' dir='ltr' id='par_1_25' title="bbox 57 2341 1104 2486">
     <span class='ocr_line' id='line_1_70' title="bbox 59 2341 1103 2381; baseline -0.004 -8"><span class='ocrx_word' id='word_1_665' title='bbox 59 2354 138 2381; x_wconf 78' lang='lat' dir='ltr'>quani</span> <span class='ocrx_word' id='word_1_666' title='bbox 160 2346 272 2380; x_wconf 83' lang='lat' dir='ltr'>pastores</span> <span class='ocrx_word' id='word_1_667' title='bbox 291 2346 471 2381; x_wconf 76' lang='lat' dir='ltr'>consiliginem</span> <span class='ocrx_word' id='word_1_668' title='bbox 490 2351 594 2372; x_wconf 86' lang='lat' dir='ltr'>vocant.</span> <span class='ocrx_word' id='word_1_669' title='bbox 609 2341 612 2345; x_wconf 61' lang='lat'><strong><em>¹</em></strong></span> <span class='ocrx_word' id='word_1_670' title='bbox 645 2346 680 2371; x_wconf 90' lang='lat' dir='ltr'>Ea</span> <span class='ocrx_word' id='word_1_671' title='bbox 693 2345 721 2371; x_wconf 91' lang='lat' dir='ltr'>in</span> <span class='ocrx_word' id='word_1_672' title='bbox 733 2344 824 2371; x_wconf 84' lang='lat' dir='ltr'>Marsis</span> <span class='ocrx_word' id='word_1_673' title='bbox 839 2343 975 2370; x_wconf 87' lang='lat' dir='ltr'>montibus</span> <span class='ocrx_word' id='word_1_674' title='bbox 987 2344 1103 2379; x_wconf 83' lang='lat' dir='ltr'>plurima</span> 
     </span>
     <span class='ocr_line' id='line_1_71' title="bbox 59 2377 1104 2417; baseline -0.004 -10"><span class='ocrx_word' id='word_1_675' title='bbox 59 2381 190 2414; x_wconf 84' lang='lat' dir='ltr'>nascitur,</span> <span class='ocrx_word' id='word_1_676' title='bbox 205 2382 338 2417; x_wconf 27' lang='lat' dir='ltr'>oninique,</span> <span class='ocrx_word' id='word_1_677' title='bbox 352 2381 443 2416; x_wconf 89' lang='lat' dir='ltr'>pecori</span> <span class='ocrx_word' id='word_1_678' title='bbox 462 2381 577 2408; x_wconf 87' lang='lat' dir='ltr'>maxime</span> <span class='ocrx_word' id='word_1_679' title='bbox 597 2380 633 2406; x_wconf 86' lang='lat' dir='ltr'>est</span> <span class='ocrx_word' id='word_1_680' title='bbox 646 2380 773 2407; x_wconf 82' lang='lat' dir='ltr'>salutaris.</span> <span class='ocrx_word' id='word_1_681' title='bbox 845 2381 933 2407; x_wconf 80' lang='lat' dir='ltr'>Laeua</span> <span class='ocrx_word' id='word_1_682' title='bbox 946 2388 1026 2406; x_wconf 87' lang='lat' dir='ltr'>manu</span> <span class='ocrx_word' id='word_1_683' title='bbox 1040 2377 1104 2403; x_wconf 87' lang='lat' dir='ltr'>effo-</span> 
     </span>
     <span class='ocr_line' id='line_1_72' title="bbox 60 2415 1103 2454; baseline -0.005 -10"><span class='ocrx_word' id='word_1_684' title='bbox 60 2415 134 2443; x_wconf 84' lang='lat' dir='ltr'>ditur</span> <span class='ocrx_word' id='word_1_685' title='bbox 162 2424 208 2443; x_wconf 74' lang='lat' dir='ltr'>etc.</span> <span class='ocrx_word' id='word_1_686' title='bbox 227 2418 292 2453; x_wconf 58' lang='lat' dir='ltr'>fiant</span> <span class='ocrx_word' id='word_1_687' title='bbox 325 2421 388 2444; x_wconf 72' lang='lat' dir='ltr'>enim</span> <span class='ocrx_word' id='word_1_688' title='bbox 408 2417 532 2454; x_wconf 74' lang='lat' dir='ltr'>plustula.</span> <span class='ocrx_word' id='word_1_689' title='bbox 560 2449 571 2451; x_wconf 51' lang='lat'><em>-</em></span> <span class='ocrx_word' id='word_1_690' title='bbox 587 2416 654 2443; x_wconf 79' lang='lat' dir='ltr'>Add.</span> <span class='ocrx_word' id='word_1_691' title='bbox 669 2419 701 2448; x_wconf 89' lang='lat'>6,</span> <span class='ocrx_word' id='word_1_692' title='bbox 716 2425 754 2450; x_wconf 80' lang='lat'>¹4·</span> <span class='ocrx_word' id='word_1_693' title='bbox 770 2424 788 2442; x_wconf 90' lang='lat'>1.</span> <span class='ocrx_word' id='word_1_694' title='bbox 825 2423 852 2450; x_wconf 85' lang='lat'>7,</span> <span class='ocrx_word' id='word_1_695' title='bbox 867 2423 889 2448; x_wconf 81' lang='grc'>5,</span> <span class='ocrx_word' id='word_1_696' title='bbox 904 2424 943 2446; x_wconf 87' lang='lat'>14·</span> <span class='ocrx_word' id='word_1_697' title='bbox 980 2422 1007 2447; x_wconf 87' lang='lat'>7,</span> <span class='ocrx_word' id='word_1_698' title='bbox 1022 2421 1061 2444; x_wconf 88' lang='lat'>10,</span> <span class='ocrx_word' id='word_1_699' title='bbox 1076 2419 1103 2447; x_wconf 83' lang='lat'>7.</span> 
     </span>
     <span class='ocr_line' id='line_1_73' title="bbox 57 2448 1100 2486; baseline -0.011 -2"><span class='ocrx_word' id='word_1_700' title='bbox 57 2451 124 2478; x_wconf 66' lang='lat' dir='ltr'>Plifl-</span> <span class='ocrx_word' id='word_1_701' title='bbox 138 2460 177 2485; x_wconf 78' lang='lat'>25,</span> <span class='ocrx_word' id='word_1_702' title='bbox 191 2458 204 2483; x_wconf 82' lang='lat'><em>8</em></span> <span class='ocrx_word' id='word_1_703' title='bbox 224 2454 242 2480; x_wconf 81' lang='lat' dir='ltr'>s-</span> <span class='ocrx_word' id='word_1_704' title='bbox 256 2459 289 2486; x_wconf 84' lang='lat'>48</span> <span class='ocrx_word' id='word_1_705' title='bbox 310 2453 406 2480; x_wconf 85' lang='lat' dir='ltr'>Nostra</span> <span class='ocrx_word' id='word_1_706' title='bbox 427 2459 495 2479; x_wconf 85' lang='lat' dir='ltr'>aetas</span> <span class='ocrx_word' id='word_1_707' title='bbox 516 2452 639 2478; x_wconf 88' lang='lat' dir='ltr'>meminit</span> <span class='ocrx_word' id='word_1_708' title='bbox 662 2451 772 2478; x_wconf 81' lang='lat' dir='ltr'>herbam</span> <span class='ocrx_word' id='word_1_709' title='bbox 793 2452 823 2476; x_wconf 89' lang='lat' dir='ltr'>in</span> <span class='ocrx_word' id='word_1_710' title='bbox 849 2448 939 2475; x_wconf 83' lang='lat' dir='ltr'>Marsis</span> <span class='ocrx_word' id='word_1_711' title='bbox 961 2454 1100 2482; x_wconf 83' lang='lat' dir='ltr'>repertam.</span> 
     </span>
    </p>
   </div>
   <div class='ocr_carea' id='block_1_23' title="bbox 59 2483 1601 2524">
    <p class='ocr_par' dir='ltr' id='par_1_26' title="bbox 59 2483 1601 2524">
     <span class='ocr_line' id='line_1_74' title="bbox 59 2483 1601 2524; baseline -0.005 -9"><span class='ocrx_word' id='word_1_712' title='bbox 59 2487 185 2516; x_wconf 78' lang='lat' dir='ltr'>Nascitur</span> <span class='ocrx_word' id='word_1_713' title='bbox 208 2495 234 2515; x_wconf 90' lang='lat' dir='ltr'>et</span> <span class='ocrx_word' id='word_1_714' title='bbox 257 2488 410 2524; x_wconf 87' lang='lat' dir='ltr'>Aequiculis</span> <span class='ocrx_word' id='word_1_715' title='bbox 434 2487 534 2515; x_wconf 87' lang='lat' dir='ltr'>circuni</span> <span class='ocrx_word' id='word_1_716' title='bbox 556 2488 647 2518; x_wconf 81' lang='lat' dir='ltr'>vicum</span> <span class='ocrx_word' id='word_1_717' title='bbox 665 2485 820 2516; x_wconf 87' lang='lat' dir='ltr'>Neniefiae,</span> <span class='ocrx_word' id='word_1_718' title='bbox 839 2488 950 2510; x_wconf 86' lang='lat' dir='ltr'>vocatur</span> <span class='ocrx_word' id='word_1_719' title='bbox 964 2483 1101 2518; x_wconf 88' lang='lat' dir='ltr'>confiligo.</span> <span class='ocrx_word' id='word_1_720' title='bbox 1113 2488 1145 2522; x_wconf 76' lang='lat'>65</span> <span class='ocrx_word' id='word_1_721' title='bbox 1171 2487 1317 2520; x_wconf 70' lang='lat' dir='ltr'>Amittffl-e,</span> <span class='ocrx_word' id='word_1_722' title='bbox 1347 2487 1401 2513; x_wconf 67' lang='lat' dir='ltr'>vid,</span> <span class='ocrx_word' id='word_1_723' title='bbox 1422 2493 1601 2515; x_wconf 88' lang='lat' dir='ltr'>AMITTO.</span> 
     </span>
    </p>
   </div>
   <div class='ocr_carea' id='block_1_24' title="bbox 57 2519 1103 2559">
    <p class='ocr_par' dir='ltr' id='par_1_27' title="bbox 57 2519 1103 2559">
     <span class='ocr_line' id='line_1_75' title="bbox 57 2519 1103 2559; baseline -0.005 -9"><span class='ocrx_word' id='word_1_724' title='bbox 57 2523 126 2550; x_wconf 83' lang='lat' dir='ltr'>Add.</span> <span class='ocrx_word' id='word_1_725' title='bbox 139 2525 183 2556; x_wconf 84' lang='lat'>26,</span> <span class='ocrx_word' id='word_1_726' title='bbox 197 2531 214 2559; x_wconf 88' lang='lat'><strong>7</strong></span> <span class='ocrx_word' id='word_1_727' title='bbox 224 2524 242 2550; x_wconf 90' lang='lat' dir='ltr'>s.</span> <span class='ocrx_word' id='word_1_728' title='bbox 257 2530 303 2551; x_wconf 64' lang='grc' dir='ltr'>αι·</span> <span class='ocrx_word' id='word_1_729' title='bbox 362 2523 554 2558; x_wconf 86' lang='lat' dir='ltr'>Confiliginem</span> <span class='ocrx_word' id='word_1_730' title='bbox 566 2527 704 2553; x_wconf 73' lang='lat' dir='ltr'>vocarunt,</span> <span class='ocrx_word' id='word_1_731' title='bbox 721 2520 786 2555; x_wconf 82' lang='lat' dir='ltr'>quod</span> <span class='ocrx_word' id='word_1_732' title='bbox 797 2522 826 2545; x_wconf 87' lang='lat' dir='ltr'>in</span> <span class='ocrx_word' id='word_1_733' title='bbox 839 2521 933 2555; x_wconf 73' lang='lat' dir='ltr'>campis</span> <span class='ocrx_word' id='word_1_734' title='bbox 943 2521 1009 2546; x_wconf 81' lang='lat' dir='ltr'>inter</span> <span class='ocrx_word' id='word_1_735' title='bbox 1016 2519 1103 2556; x_wconf 72' lang='lat' dir='ltr'>siligi-</span> 
     </span>
    </p>
   </div>
   <div class='ocr_carea' id='block_1_25' title="bbox 24 2560 498 2596">
    <p class='ocr_par' dir='ltr' id='par_1_28' title="bbox 24 2560 498 2596">
     <span class='ocr_line' id='line_1_76' title="bbox 24 2560 498 2596; baseline -0.002 -11"><span class='ocrx_word' id='word_1_736' title='bbox 24 2585 26 2595; x_wconf 41' lang='lat'>7</span> <span class='ocrx_word' id='word_1_737' title='bbox 54 2568 108 2585; x_wconf 75' lang='lat' dir='ltr'>nem</span> <span class='ocrx_word' id='word_1_738' title='bbox 120 2562 278 2596; x_wconf 68' lang='lat' dir='ltr'>triticumque</span> <span class='ocrx_word' id='word_1_739' title='bbox 285 2560 387 2596; x_wconf 74' lang='lat' dir='ltr'>saepius</span> <span class='ocrx_word' id='word_1_740' title='bbox 405 2562 498 2585; x_wconf 75' lang='lat' dir='ltr'>emicet.</span> 
     </span>
    </p>
   </div>
   <div class='ocr_carea' id='block_1_26' title="bbox 60 2587 1103 2661">
    <p class='ocr_par' dir='ltr' id='par_1_29' title="bbox 60 2587 1103 2661">
     <span class='ocr_line' id='line_1_77' title="bbox 94 2587 1099 2626; baseline -0.004 -5"><span class='ocrx_word' id='word_1_741' title='bbox 94 2600 113 2622; x_wconf 85' lang='lat' dir='ltr'>c</span> <span class='ocrx_word' id='word_1_742' title='bbox 124 2594 216 2622; x_wconf 77' lang='lat' dir='ltr'>ONsi&#39;</span> <span class='ocrx_word' id='word_1_743' title='bbox 226 2603 230 2619; x_wconf 91' lang='grc'>1</span> <span class='ocrx_word' id='word_1_744' title='bbox 249 2602 304 2626; x_wconf 84' lang='grc'>10,</span> <span class='ocrx_word' id='word_1_745' title='bbox 324 2594 398 2626; x_wconf 85' lang='lat' dir='ltr'>silui,</span> <span class='ocrx_word' id='word_1_746' title='bbox 416 2597 466 2620; x_wconf 77' lang='lat' dir='ltr'>Ire.</span> <span class='ocrx_word' id='word_1_747' title='bbox 502 2588 659 2626; x_wconf 74' lang='grc' dir='ltr'>[ἔπιπηὸοἱω]</span> <span class='ocrx_word' id='word_1_748' title='bbox 698 2590 795 2617; x_wconf 78' lang='lat' dir='ltr'>Dubiae</span> <span class='ocrx_word' id='word_1_749' title='bbox 813 2587 975 2617; x_wconf 63' lang='lat' dir='ltr'>austeritatis</span> <span class='ocrx_word' id='word_1_750' title='bbox 992 2589 1099 2617; x_wconf 76' lang='lat' dir='ltr'>verbum.</span> 
     </span>
     <span class='ocr_line' id='line_1_78' title="bbox 60 2625 1103 2661; baseline -0.005 -5"><span class='ocrx_word' id='word_1_751' title='bbox 60 2629 188 2656; x_wconf 62' lang='lat' dir='ltr'>laudatur</span> <span class='ocrx_word' id='word_1_752' title='bbox 218 2630 310 2656; x_wconf 84' lang='lat' dir='ltr'>Tacit.</span> <span class='ocrx_word' id='word_1_753' title='bbox 326 2629 394 2654; x_wconf 86' lang='lat' dir='ltr'>Ann.</span> <span class='ocrx_word' id='word_1_754' title='bbox 406 2637 429 2661; x_wconf 80' lang='lat'>3,</span> <span class='ocrx_word' id='word_1_755' title='bbox 442 2629 479 2661; x_wconf 91' lang='lat'>46</span> <span class='ocrx_word' id='word_1_756' title='bbox 509 2628 606 2655; x_wconf 84' lang='lat' dir='ltr'>Paucae</span> <span class='ocrx_word' id='word_1_757' title='bbox 635 2626 714 2653; x_wconf 86' lang='lat' dir='ltr'>huius</span> <span class='ocrx_word' id='word_1_758' title='bbox 739 2625 817 2661; x_wconf 90' lang='lat' dir='ltr'>ipfius</span> <span class='ocrx_word' id='word_1_759' title='bbox 843 2625 975 2652; x_wconf 84' lang='lat' dir='ltr'>exercitus</span> <span class='ocrx_word' id='word_1_760' title='bbox 999 2631 1103 2652; x_wconf 76' lang='lat' dir='ltr'>turmae</span> 
     </span>
    </p>
   </div>
   <div class='ocr_carea' id='block_1_27' title="bbox 24 2660 1587 2734">
    <p class='ocr_par' dir='ltr' id='par_1_30' title="bbox 24 2660 1587 2734">
     <span class='ocr_line' id='line_1_79' title="bbox 61 2660 1587 2724; baseline -0.002 -34"><span class='ocrx_word' id='word_1_761' title='bbox 61 2665 237 2724; x_wconf 69' lang='lat' dir='ltr'>profligauere</span> <span class='ocrx_word' id='word_1_762' title='bbox 251 2664 382 2704; x_wconf 71' lang='lat' dir='ltr'>Sequanos</span> <span class='ocrx_word' id='word_1_763' title='bbox 395 2674 403 2695; x_wconf 86' lang='lat'>;</span> <span class='ocrx_word' id='word_1_764' title='bbox 440 2669 539 2698; x_wconf 88' lang='lat' dir='ltr'>quanto</span> <span class='ocrx_word' id='word_1_765' title='bbox 553 2663 661 2697; x_wconf 83' lang='lat' dir='ltr'>pecunia</span> <span class='ocrx_word' id='word_1_766' title='bbox 674 2662 758 2695; x_wconf 88' lang='lat' dir='ltr'>dites,</span> <span class='ocrx_word' id='word_1_767' title='bbox 786 2667 813 2688; x_wconf 89' lang='lat' dir='ltr'>et</span> <span class='ocrx_word' id='word_1_768' title='bbox 832 2660 1013 2697; x_wconf 89' lang='lat' dir='ltr'>voluptatibus</span> <span class='ocrx_word' id='word_1_769' title='bbox 1035 2670 1100 2696; x_wconf 88' lang='lat' dir='ltr'>opu·</span> <span class='ocrx_word' id='word_1_770' title='bbox 1113 2671 1149 2700; x_wconf 81' lang='lat'>70</span> <span class='ocrx_word' id='word_1_771' title='bbox 1169 2665 1309 2692; x_wconf 71' lang='lat' dir='ltr'>confilium</span> <span class='ocrx_word' id='word_1_772' title='bbox 1323 2666 1396 2692; x_wconf 70' lang='lat' dir='ltr'>Idem</span> <span class='ocrx_word' id='word_1_773' title='bbox 1411 2667 1482 2693; x_wconf 64' lang='lat' dir='ltr'>Fam,</span> <span class='ocrx_word' id='word_1_774' title='bbox 1498 2674 1530 2699; x_wconf 69' lang='grc' dir='ltr'>η,</span> <span class='ocrx_word' id='word_1_775' title='bbox 1544 2675 1587 2701; x_wconf 76' lang='lat'>29,</span> 
     </span>
     <span class='ocr_line' id='line_1_80' title="bbox 24 2698 624 2734; baseline 0 -9"><span class='ocrx_word' id='word_1_776' title='bbox 24 2703 25 2708; x_wconf 65' lang='lat'>¹</span> <span class='ocrx_word' id='word_1_777' title='bbox 72 2706 162 2732; x_wconf 88' lang='lat' dir='ltr'>entos,</span> <span class='ocrx_word' id='word_1_778' title='bbox 181 2705 255 2726; x_wconf 85' lang='lat' dir='ltr'>tanto</span> <span class='ocrx_word' id='word_1_779' title='bbox 267 2708 348 2734; x_wconf 86' lang='lat' dir='ltr'>magis</span> <span class='ocrx_word' id='word_1_780' title='bbox 362 2699 481 2726; x_wconf 81' lang='lat' dir='ltr'>imbelles</span> <span class='ocrx_word' id='word_1_781' title='bbox 501 2698 624 2731; x_wconf 83' lang='lat' dir='ltr'>Aeduos,</span> 
     </span>
    </p>
   </div>
   <div class='ocr_carea' id='block_1_28' title="bbox 60 2697 1105 2842">
    <p class='ocr_par' dir='ltr' id='par_1_31' title="bbox 60 2697 1105 2842">
     <span class='ocr_line' id='line_1_81' title="bbox 642 2697 1101 2732; baseline -0.002 -8"><span class='ocrx_word' id='word_1_782' title='bbox 642 2698 773 2729; x_wconf 86' lang='lat' dir='ltr'>euincite,</span> <span class='ocrx_word' id='word_1_783' title='bbox 793 2702 820 2724; x_wconf 87' lang='lat' dir='ltr'>et</span> <span class='ocrx_word' id='word_1_784' title='bbox 838 2697 1002 2732; x_wconf 84' lang='lat' dir='ltr'>fugientibus</span> <span class='ocrx_word' id='word_1_785' title='bbox 1019 2697 1101 2724; x_wconf 88' lang='lat' dir='ltr'>consi-</span> 
     </span>
     <span class='ocr_line' id='line_1_82' title="bbox 61 2733 1101 2771; baseline 0 -11"><span class='ocrx_word' id='word_1_786' title='bbox 61 2733 124 2767; x_wconf 88' lang='lat' dir='ltr'>lite,</span> <span class='ocrx_word' id='word_1_787' title='bbox 142 2737 161 2761; x_wconf 86' lang='lat' dir='ltr'>i.</span> <span class='ocrx_word' id='word_1_788' title='bbox 173 2744 226 2762; x_wconf 86' lang='lat' dir='ltr'>cum</span> <span class='ocrx_word' id='word_1_789' title='bbox 239 2733 290 2762; x_wconf 79' lang='lat' dir='ltr'>illis</span> <span class='ocrx_word' id='word_1_790' title='bbox 303 2738 396 2762; x_wconf 70' lang='lat' dir='ltr'>currite</span> <span class='ocrx_word' id='word_1_791' title='bbox 404 2755 413 2768; x_wconf 94' lang='lat'>,</span> <span class='ocrx_word' id='word_1_792' title='bbox 431 2743 514 2771; x_wconf 81' lang='lat' dir='ltr'>eosque</span> <span class='ocrx_word' id='word_1_793' title='bbox 528 2733 646 2770; x_wconf 76' lang='lat' dir='ltr'>affiquuti</span> <span class='ocrx_word' id='word_1_794' title='bbox 658 2733 779 2771; x_wconf 76' lang='lat' dir='ltr'>conficite.</span> <span class='ocrx_word' id='word_1_795' title='bbox 826 2733 874 2761; x_wconf 77' lang='lat' dir='ltr'>Sed</span> <span class='ocrx_word' id='word_1_796' title='bbox 886 2735 962 2760; x_wconf 81' lang='lat' dir='ltr'>Gran.</span> <span class='ocrx_word' id='word_1_797' title='bbox 983 2742 1012 2759; x_wconf 82' lang='lat' dir='ltr'>ex</span> <span class='ocrx_word' id='word_1_798' title='bbox 1024 2733 1101 2761; x_wconf 87' lang='lat' dir='ltr'>MSS.</span> 
     </span>
     <span class='ocr_line' id='line_1_83' title="bbox 60 2768 1104 2807; baseline -0.001 -11"><span class='ocrx_word' id='word_1_799' title='bbox 60 2770 208 2803; x_wconf 86' lang='lat' dir='ltr'>Consulite,</span> <span class='ocrx_word' id='word_1_800' title='bbox 225 2770 290 2806; x_wconf 86' lang='lat' dir='ltr'>quod</span> <span class='ocrx_word' id='word_1_801' title='bbox 300 2774 483 2807; x_wconf 68' lang='lat' dir='ltr'>interpretatur</span> <span class='ocrx_word' id='word_1_802' title='bbox 491 2777 539 2805; x_wconf 77' lang='lat' dir='ltr'>per</span> <span class='ocrx_word' id='word_1_803' title='bbox 550 2770 720 2807; x_wconf 82' lang='lat' dir='ltr'>sarcasmum,</span> <span class='ocrx_word' id='word_1_804' title='bbox 739 2768 888 2804; x_wconf 67' lang='lat' dir='ltr'>ititeifioe&#39;te,</span> <span class='ocrx_word' id='word_1_805' title='bbox 907 2776 937 2796; x_wconf 79' lang='lat' dir='ltr'>vt</span> <span class='ocrx_word' id='word_1_806' title='bbox 951 2768 1001 2795; x_wconf 84' lang='lat' dir='ltr'>fibi</span> <span class='ocrx_word' id='word_1_807' title='bbox 1012 2770 1104 2796; x_wconf 86' lang='lat' dir='ltr'>consu-</span> 
     </span>
     <span class='ocr_line' id='line_1_84' title="bbox 61 2803 1105 2842; baseline -0.001 -10"><span class='ocrx_word' id='word_1_808' title='bbox 61 2805 116 2832; x_wconf 88' lang='lat' dir='ltr'>lere</span> <span class='ocrx_word' id='word_1_809' title='bbox 129 2805 252 2842; x_wconf 68' lang='lat' dir='ltr'>dqsperati</span> <span class='ocrx_word' id='word_1_810' title='bbox 263 2806 388 2834; x_wconf 80' lang='lat' dir='ltr'>dicuntur.</span> <span class='ocrx_word' id='word_1_811' title='bbox 423 2806 539 2840; x_wconf 76' lang='lat' dir='ltr'>Heinsius</span> <span class='ocrx_word' id='word_1_812' title='bbox 552 2806 619 2842; x_wconf 80' lang='lat' dir='ltr'>apud</span> <span class='ocrx_word' id='word_1_813' title='bbox 632 2805 754 2840; x_wconf 84' lang='lat' dir='ltr'>Ryckium</span> <span class='ocrx_word' id='word_1_814' title='bbox 767 2807 822 2832; x_wconf 80' lang='lat' dir='ltr'>vult</span> <span class='ocrx_word' id='word_1_815' title='bbox 833 2803 893 2839; x_wconf 69' lang='lat' dir='ltr'>effe,</span> <span class='ocrx_word' id='word_1_816' title='bbox 910 2808 1019 2840; x_wconf 81' lang='lat' dir='ltr'>parcite.</span> <span class='ocrx_word' id='word_1_817' title='bbox 1055 2804 1105 2832; x_wconf 77' lang='lat' dir='ltr'>Sed</span> 
     </span>
    </p>
   </div>
   <div class='ocr_carea' id='block_1_29' title="bbox 668 354 1140 387">
    <p class='ocr_par' dir='ltr' id='par_1_32' title="bbox 668 354 1140 387">
     <span class='ocr_line' id='line_1_85' title="bbox 668 354 1140 387; baseline 0 -6"><span class='ocrx_word' id='word_1_818' title='bbox 668 354 750 381; x_wconf 88' lang='lat' dir='ltr'>Ouid.</span> <span class='ocrx_word' id='word_1_819' title='bbox 764 356 827 381; x_wconf 87' lang='lat' dir='ltr'>Met.</span> <span class='ocrx_word' id='word_1_820' title='bbox 848 363 886 387; x_wconf 85' lang='lat'>13,</span> <span class='ocrx_word' id='word_1_821' title='bbox 900 361 950 387; x_wconf 88' lang='lat'>408</span> <span class='ocrx_word' id='word_1_822' title='bbox 975 355 1046 381; x_wconf 89' lang='lat' dir='ltr'>Ilion</span> <span class='ocrx_word' id='word_1_823' title='bbox 1060 363 1099 381; x_wconf 84' lang='lat' dir='ltr'>ai·-</span> <span class='ocrx_word' id='word_1_824' title='bbox 1126 359 1140 386; x_wconf 79' lang='grc'><em>5</em></span> 
     </span>
    </p>
   </div>
   <div class='ocr_carea' id='block_1_30' title="bbox 460 530 1626 573">
    <p class='ocr_par' dir='ltr' id='par_1_33' title="bbox 460 530 1626 573">
     <span class='ocr_line' id='line_1_86' title="bbox 460 530 1626 573; baseline 0 -15"><span class='ocrx_word' id='word_1_825' title='bbox 460 530 481 569; x_wconf 58' lang='lat' dir='ltr'>fl</span> <span class='ocrx_word' id='word_1_826' title='bbox 509 541 522 558; x_wconf 90' lang='lat'><strong>2</strong></span> <span class='ocrx_word' id='word_1_827' title='bbox 557 532 718 559; x_wconf 87' lang='lat' dir='ltr'>Confiditur.</span> <span class='ocrx_word' id='word_1_828' title='bbox 745 533 852 573; x_wconf 81' lang='lat' dir='ltr'>liupers.</span> <span class='ocrx_word' id='word_1_829' title='bbox 879 531 1099 572; x_wconf 41' lang='lat' dir='ltr'>&#39;Ua-malie&#39;g&#39;erui]</span> <span class='ocrx_word' id='word_1_830' title='bbox 1128 539 1156 557; x_wconf 86' lang='grc' dir='ltr'>ιο</span> <span class='ocrx_word' id='word_1_831' title='bbox 1167 539 1230 564; x_wconf 89' lang='lat' dir='ltr'>opes</span> <span class='ocrx_word' id='word_1_832' title='bbox 1243 530 1346 556; x_wconf 87' lang='lat' dir='ltr'>consilii</span> <span class='ocrx_word' id='word_1_833' title='bbox 1369 531 1451 558; x_wconf 86' lang='lat' dir='ltr'>Ouid.</span> <span class='ocrx_word' id='word_1_834' title='bbox 1461 533 1525 558; x_wconf 91' lang='lat' dir='ltr'>Met.</span> <span class='ocrx_word' id='word_1_835' title='bbox 1535 540 1626 567; x_wconf 78' lang='lat'>9‚745.</span> 
     </span>
    </p>
   </div>
   <div class='ocr_carea' id='block_1_31' title="bbox 915 1955 1413 1991">
    <p class='ocr_par' dir='ltr' id='par_1_34' title="bbox 915 1955 1413 1991">
     <span class='ocr_line' id='line_1_87' title="bbox 915 1955 1413 1991; baseline -0.002 -8"><span class='ocrx_word' id='word_1_836' title='bbox 915 1956 981 1983; x_wconf 75' lang='lat' dir='ltr'>Idem</span> <span class='ocrx_word' id='word_1_837' title='bbox 1002 1955 1105 1982; x_wconf 86' lang='lat' dir='ltr'>Gellius</span> <span class='ocrx_word' id='word_1_838' title='bbox 1117 1965 1148 1991; x_wconf 80' lang='lat'>50</span> <span class='ocrx_word' id='word_1_839' title='bbox 1173 1957 1222 1990; x_wconf 89' lang='lat' dir='ltr'>qui</span> <span class='ocrx_word' id='word_1_840' title='bbox 1235 1956 1283 1983; x_wconf 89' lang='lat' dir='ltr'>fibi</span> <span class='ocrx_word' id='word_1_841' title='bbox 1297 1956 1413 1983; x_wconf 87' lang='lat' dir='ltr'>suadent.</span> 
     </span>
    </p>
   </div>
   <div class='ocr_carea' id='block_1_32' title="bbox 1539 127 2208 192">
    <p class='ocr_par' dir='ltr' id='par_1_35' title="bbox 1539 127 2208 192">
     <span class='ocr_line' id='line_1_88' title="bbox 1539 127 2208 192; baseline 0.003 -24"><span class='ocrx_word' id='word_1_842' title='bbox 1539 127 1575 168; x_wconf 88' lang='lat' dir='ltr'>c</span> <span class='ocrx_word' id='word_1_843' title='bbox 1668 127 1704 168; x_wconf 91' lang='lat' dir='ltr'>o</span> <span class='ocrx_word' id='word_1_844' title='bbox 1792 129 1835 170; x_wconf 87' lang='lat' dir='ltr'>N</span> <span class='ocrx_word' id='word_1_845' title='bbox 2127 147 2208 192; x_wconf 75' lang='lat'>„73</span> 
     </span>
    </p>
   </div>
   <div class='ocr_carea' id='block_1_33' title="bbox 1166 211 2215 715">
    <p class='ocr_par' dir='ltr' id='par_1_36' title="bbox 1166 211 2208 291">
     <span class='ocr_line' id='line_1_89' title="bbox 1167 211 2208 259; baseline 0.017 -22"><span class='ocrx_word' id='word_1_846' title='bbox 1167 212 1257 252; x_wconf 74' lang='lat' dir='ltr'>Nemo</span> <span class='ocrx_word' id='word_1_847' title='bbox 1270 211 1363 239; x_wconf 64' lang='lat' dir='ltr'>doetus</span> <span class='ocrx_word' id='word_1_848' title='bbox 1375 221 1491 253; x_wconf 73' lang='lat' dir='ltr'>vtiquain</span> <span class='ocrx_word' id='word_1_849' title='bbox 1512 215 1613 247; x_wconf 83' lang='lat' dir='ltr'>(multa</span> <span class='ocrx_word' id='word_1_850' title='bbox 1627 223 1715 245; x_wconf 83' lang='lat' dir='ltr'>autem</span> <span class='ocrx_word' id='word_1_851' title='bbox 1728 217 1761 245; x_wconf 90' lang='lat' dir='ltr'>de</span> <span class='ocrx_word' id='word_1_852' title='bbox 1773 217 1825 245; x_wconf 86' lang='lat' dir='ltr'>hoc</span> <span class='ocrx_word' id='word_1_853' title='bbox 1838 226 1934 253; x_wconf 85' lang='lat' dir='ltr'>genere</span> <span class='ocrx_word' id='word_1_854' title='bbox 1946 223 2040 257; x_wconf 85' lang='lat' dir='ltr'>scripta</span> <span class='ocrx_word' id='word_1_855' title='bbox 2055 226 2130 259; x_wconf 88' lang='lat' dir='ltr'>sunt)</span> <span class='ocrx_word' id='word_1_856' title='bbox 2151 237 2208 255; x_wconf 90' lang='lat' dir='ltr'>niu-</span> 
     </span>
     <span class='ocr_line' id='line_1_90' title="bbox 1166 248 2196 291; baseline 0.016 -17"><span class='ocrx_word' id='word_1_857' title='bbox 1166 254 1294 287; x_wconf 80' lang='lat' dir='ltr'>tationem</span> <span class='ocrx_word' id='word_1_858' title='bbox 1326 248 1444 289; x_wconf 78' lang='lat' dir='ltr'>confilii,</span> <span class='ocrx_word' id='word_1_859' title='bbox 1464 251 1663 289; x_wconf 81' lang='lat' dir='ltr'>inconstantiam</span> <span class='ocrx_word' id='word_1_860' title='bbox 1696 254 1765 281; x_wconf 86' lang='lat' dir='ltr'>dixit</span> <span class='ocrx_word' id='word_1_861' title='bbox 1795 254 1852 281; x_wconf 79' lang='lat' dir='ltr'>esse.</span> <span class='ocrx_word' id='word_1_862' title='bbox 1924 256 2051 291; x_wconf 87' lang='lat' dir='ltr'>Penuria,</span> <span class='ocrx_word' id='word_1_863' title='bbox 2078 263 2130 288; x_wconf 82' lang='lat' dir='ltr'>vid.</span> <span class='ocrx_word' id='word_1_864' title='bbox 2142 264 2166 289; x_wconf 86' lang='lat' dir='ltr'>h.</span> <span class='ocrx_word' id='word_1_865' title='bbox 2180 273 2196 290; x_wconf 87' lang='grc' dir='ltr'>υ</span> 
     </span>
    </p>

    <p class='ocr_par' dir='ltr' id='par_1_37' title="bbox 1166 283 2215 715">
     <span class='ocr_line' id='line_1_91' title="bbox 1166 283 2206 325; baseline 0.017 -18"><span class='ocrx_word' id='word_1_866' title='bbox 1166 283 1280 322; x_wconf 71' lang='lat' dir='ltr'>Adiutor</span> <span class='ocrx_word' id='word_1_867' title='bbox 1294 284 1466 310; x_wconf 87' lang='lat' dir='ltr'>consiliorum</span> <span class='ocrx_word' id='word_1_868' title='bbox 1487 286 1541 311; x_wconf 86' lang='lat' dir='ltr'>Cic.</span> <span class='ocrx_word' id='word_1_869' title='bbox 1555 287 1625 314; x_wconf 88' lang='lat' dir='ltr'>Fam.</span> <span class='ocrx_word' id='word_1_870' title='bbox 1642 297 1680 321; x_wconf 90' lang='lat'>10,</span> <span class='ocrx_word' id='word_1_871' title='bbox 1716 310 1722 316; x_wconf 90' lang='lat'>.</span> <span class='ocrx_word' id='word_1_872' title='bbox 1759 309 1767 316; x_wconf 96' lang='lat'>.</span> <span class='ocrx_word' id='word_1_873' title='bbox 1838 288 1985 324; x_wconf 81' lang='lat' dir='ltr'>Ambiguus</span> <span class='ocrx_word' id='word_1_874' title='bbox 1998 295 2100 322; x_wconf 81' lang='lat' dir='ltr'>consilii</span> <span class='ocrx_word' id='word_1_875' title='bbox 2117 284 2206 325; x_wconf 69' lang='lat' dir='ltr'>Tacit⁸</span> 
     </span>
     <span class='ocr_line' id='line_1_92' title="bbox 1167 318 2164 359; baseline 0.013 -14"><span class='ocrx_word' id='word_1_876' title='bbox 1167 318 1235 345; x_wconf 85' lang='lat' dir='ltr'>Hist.</span> <span class='ocrx_word' id='word_1_877' title='bbox 1249 328 1278 352; x_wconf 91' lang='lat'>4,</span> <span class='ocrx_word' id='word_1_878' title='bbox 1290 327 1327 358; x_wconf 64' lang='lat'>21.</span> <span class='ocrx_word' id='word_1_879' title='bbox 1371 354 1377 359; x_wconf 39' lang='lat'><strong>⁴</strong></span> <span class='ocrx_word' id='word_1_880' title='bbox 1399 319 1500 346; x_wconf 61' lang='lat' dir='ltr'>Aucior</span> <span class='ocrx_word' id='word_1_881' title='bbox 1516 322 1685 350; x_wconf 84' lang='lat' dir='ltr'>consiliorum</span> <span class='ocrx_word' id='word_1_882' title='bbox 1704 325 1761 352; x_wconf 90' lang='lat' dir='ltr'>Cic.</span> <span class='ocrx_word' id='word_1_883' title='bbox 1776 325 1829 351; x_wconf 90' lang='lat' dir='ltr'>Att.</span> <span class='ocrx_word' id='word_1_884' title='bbox 1845 334 1870 358; x_wconf 89' lang='lat'>2,</span> <span class='ocrx_word' id='word_1_885' title='bbox 1879 327 1920 352; x_wconf 87' lang='lat'>26.</span> <span class='ocrx_word' id='word_1_886' title='bbox 1994 327 2032 353; x_wconf 85' lang='lat' dir='ltr'>ld.</span> <span class='ocrx_word' id='word_1_887' title='bbox 2069 349 2076 355; x_wconf 91' lang='lat'>.</span> <span class='ocrx_word' id='word_1_888' title='bbox 2115 351 2121 357; x_wconf 93' lang='lat'>.</span> <span class='ocrx_word' id='word_1_889' title='bbox 2158 353 2164 358; x_wconf 92' lang='lat'>.</span> 
     </span>
     <span class='ocr_line' id='line_1_93' title="bbox 1168 354 2209 395; baseline 0.014 -17"><span class='ocrx_word' id='word_1_890' title='bbox 1168 354 1258 394; x_wconf 78' lang='lat' dir='ltr'>Quiuii</span> <span class='ocrx_word' id='word_1_891' title='bbox 1273 361 1353 380; x_wconf 87' lang='lat' dir='ltr'>etiam</span> <span class='ocrx_word' id='word_1_892' title='bbox 1370 355 1424 395; x_wconf 79' lang='lat' dir='ltr'>ipse</span> <span class='ocrx_word' id='word_1_893' title='bbox 1437 356 1523 387; x_wconf 83' lang='lat' dir='ltr'>casus,</span> <span class='ocrx_word' id='word_1_894' title='bbox 1544 364 1706 393; x_wconf 80' lang='lat' dir='ltr'>cuentusque</span> <span class='ocrx_word' id='word_1_895' title='bbox 1720 369 1825 391; x_wconf 85' lang='lat' dir='ltr'>rerum,</span> <span class='ocrx_word' id='word_1_896' title='bbox 1842 370 1897 388; x_wconf 90' lang='lat' dir='ltr'>non</span> <span class='ocrx_word' id='word_1_897' title='bbox 1916 361 2009 395; x_wconf 78' lang='lat' dir='ltr'>duce8‚</span> <span class='ocrx_word' id='word_1_898' title='bbox 2037 364 2080 390; x_wconf 85' lang='lat' dir='ltr'>sed</span> <span class='ocrx_word' id='word_1_899' title='bbox 2101 368 2209 394; x_wconf 76' lang='lat' dir='ltr'>comites</span> 
     </span>
     <span class='ocr_line' id='line_1_94' title="bbox 1167 389 2210 431; baseline 0.012 -17"><span class='ocrx_word' id='word_1_900' title='bbox 1167 389 1340 416; x_wconf 86' lang='lat' dir='ltr'>consiliorum</span> <span class='ocrx_word' id='word_1_901' title='bbox 1354 390 1471 422; x_wconf 89' lang='lat' dir='ltr'>fuerint,</span> <span class='ocrx_word' id='word_1_902' title='bbox 1489 397 1535 416; x_wconf 75' lang='lat' dir='ltr'>etc.</span> <span class='ocrx_word' id='word_1_903' title='bbox 1567 427 1571 431; x_wconf 40' lang='grc' dir='ltr'>Ι</span> <span class='ocrx_word' id='word_1_904' title='bbox 1607 394 1703 428; x_wconf 85' lang='lat' dir='ltr'>Expers</span> <span class='ocrx_word' id='word_1_905' title='bbox 1719 395 1822 422; x_wconf 82' lang='lat' dir='ltr'>consilii</span> <span class='ocrx_word' id='word_1_906' title='bbox 1834 397 1875 423; x_wconf 91' lang='lat' dir='ltr'>vis</span> <span class='ocrx_word' id='word_1_907' title='bbox 1889 397 1960 423; x_wconf 91' lang='lat' dir='ltr'>mole</span> <span class='ocrx_word' id='word_1_908' title='bbox 1973 398 2028 424; x_wconf 91' lang='lat' dir='ltr'>ruit</span> <span class='ocrx_word' id='word_1_909' title='bbox 2041 399 2084 425; x_wconf 86' lang='lat' dir='ltr'>sua</span> <span class='ocrx_word' id='word_1_910' title='bbox 2116 402 2210 428; x_wconf 80' lang='lat' dir='ltr'>Horat.</span> 
     </span>
     <span class='ocr_line' id='line_1_95' title="bbox 1168 425 2211 469; baseline 0.012 -19"><span class='ocrx_word' id='word_1_911' title='bbox 1168 425 1289 457; x_wconf 83' lang='lat' dir='ltr'>Carm.3,</span> <span class='ocrx_word' id='word_1_912' title='bbox 1303 434 1331 468; x_wconf 75' lang='lat'>4,</span> <span class='ocrx_word' id='word_1_913' title='bbox 1345 428 1383 465; x_wconf 69' lang='lat'>65.</span> <span class='ocrx_word' id='word_1_914' title='bbox 1448 427 1523 465; x_wconf 21' lang='lat' dir='ltr'>,Nam</span> <span class='ocrx_word' id='word_1_915' title='bbox 1538 427 1651 466; x_wconf 77' lang='lat' dir='ltr'>Viribus</span> <span class='ocrx_word' id='word_1_916' title='bbox 1665 431 1756 464; x_wconf 87' lang='lat' dir='ltr'>amplis</span> <span class='ocrx_word' id='word_1_917' title='bbox 1772 432 1918 458; x_wconf 86' lang='lat' dir='ltr'>Consilium</span> <span class='ocrx_word' id='word_1_918' title='bbox 1932 432 1968 458; x_wconf 88' lang='lat' dir='ltr'>est</span> <span class='ocrx_word' id='word_1_919' title='bbox 1982 434 2066 460; x_wconf 89' lang='lat' dir='ltr'>maius</span> <span class='ocrx_word' id='word_1_920' title='bbox 2086 435 2178 462; x_wconf 87' lang='lat' dir='ltr'>Manil.</span> <span class='ocrx_word' id='word_1_921' title='bbox 2188 446 2211 469; x_wconf 89' lang='lat'>2,</span> 
     </span>
     <span class='ocr_line' id='line_1_96' title="bbox 1168 461 2211 498; baseline 0.012 -14"><span class='ocrx_word' id='word_1_922' title='bbox 1168 467 1224 494; x_wconf 79' lang='lat'>527.</span> <span class='ocrx_word' id='word_1_923' title='bbox 1299 461 1386 487; x_wconf 64' lang='lat' dir='ltr'>bortis</span> <span class='ocrx_word' id='word_1_924' title='bbox 1406 461 1515 488; x_wconf 86' lang='lat' dir='ltr'>consilio</span> <span class='ocrx_word' id='word_1_925' title='bbox 1553 463 1608 489; x_wconf 88' lang='lat' dir='ltr'>Cic.</span> <span class='ocrx_word' id='word_1_926' title='bbox 1630 465 1701 490; x_wconf 90' lang='lat' dir='ltr'>Fam.</span> <span class='ocrx_word' id='word_1_927' title='bbox 1721 473 1744 498; x_wconf 82' lang='grc'>5,</span> <span class='ocrx_word' id='word_1_928' title='bbox 1758 475 1781 492; x_wconf 86' lang='lat'>2.</span> <span class='ocrx_word' id='word_1_929' title='bbox 1852 467 1984 494; x_wconf 87' lang='lat' dir='ltr'>Inibecilli</span> <span class='ocrx_word' id='word_1_930' title='bbox 1999 468 2101 496; x_wconf 88' lang='lat' dir='ltr'>consilii</span> <span class='ocrx_word' id='word_1_931' title='bbox 2115 471 2211 498; x_wconf 91' lang='lat' dir='ltr'>mulier</span> 
     </span>
     <span class='ocr_line' id='line_1_97' title="bbox 1167 494 2212 538; baseline 0.012 -18"><span class='ocrx_word' id='word_1_932' title='bbox 1167 494 1205 521; x_wconf 93' lang='lat' dir='ltr'>Id.</span> <span class='ocrx_word' id='word_1_933' title='bbox 1219 503 1267 529; x_wconf 90' lang='lat' dir='ltr'>pro</span> <span class='ocrx_word' id='word_1_934' title='bbox 1283 496 1374 523; x_wconf 85' lang='lat' dir='ltr'>Flacco</span> <span class='ocrx_word' id='word_1_935' title='bbox 1411 516 1418 522; x_wconf 89' lang='lat'>.</span> <span class='ocrx_word' id='word_1_936' title='bbox 1457 515 1463 522; x_wconf 90' lang='lat'>.</span> <span class='ocrx_word' id='word_1_937' title='bbox 1501 516 1508 523; x_wconf 92' lang='lat'>.</span> <span class='ocrx_word' id='word_1_938' title='bbox 1549 498 1719 532; x_wconf 80' lang='lat' dir='ltr'>Iniprouidus</span> <span class='ocrx_word' id='word_1_939' title='bbox 1733 501 1835 527; x_wconf 83' lang='lat' dir='ltr'>consilii</span> <span class='ocrx_word' id='word_1_940' title='bbox 1854 503 1944 529; x_wconf 83' lang='lat' dir='ltr'>Tacit.</span> <span class='ocrx_word' id='word_1_941' title='bbox 1959 504 2026 531; x_wconf 81' lang='lat' dir='ltr'>Hist.</span> <span class='ocrx_word' id='word_1_942' title='bbox 2042 513 2064 537; x_wconf 83' lang='grc'>3,</span> <span class='ocrx_word' id='word_1_943' title='bbox 2078 507 2116 538; x_wconf 85' lang='grc'>56.</span> <span class='ocrx_word' id='word_1_944' title='bbox 2171 507 2212 532; x_wconf 90' lang='lat' dir='ltr'>In-</span> 
     </span>
     <span class='ocr_line' id='line_1_98' title="bbox 1694 536 2214 573; baseline 0.013 -12"><span class='ocrx_word' id='word_1_945' title='bbox 1694 536 1816 563; x_wconf 79' lang='lat' dir='ltr'>Minister</span> <span class='ocrx_word' id='word_1_946' title='bbox 1829 538 1999 566; x_wconf 88' lang='lat' dir='ltr'>consiliorum</span> <span class='ocrx_word' id='word_1_947' title='bbox 2029 541 2086 566; x_wconf 90' lang='lat' dir='ltr'>Cic.</span> <span class='ocrx_word' id='word_1_948' title='bbox 2102 542 2174 567; x_wconf 80' lang='lat' dir='ltr'>Fam.</span> <span class='ocrx_word' id='word_1_949' title='bbox 2188 551 2214 573; x_wconf 85' lang='lat'>2,</span> 
     </span>
     <span class='ocr_line' id='line_1_99' title="bbox 1187 572 2214 608; baseline 0.012 -16"><span class='ocrx_word' id='word_1_950' title='bbox 1187 585 1194 592; x_wconf 89' lang='lat'>.</span> <span class='ocrx_word' id='word_1_951' title='bbox 1326 602 1330 605; x_wconf 21' lang='grc' dir='ltr'>ὓ</span> <span class='ocrx_word' id='word_1_952' title='bbox 1383 604 1385 606; x_wconf 26' lang='lat'>¹</span> <span class='ocrx_word' id='word_1_953' title='bbox 1710 572 1880 605; x_wconf 80' lang='lat' dir='ltr'>Opportunus</span> <span class='ocrx_word' id='word_1_954' title='bbox 1893 574 2007 601; x_wconf 81' lang='lat' dir='ltr'>consiliis</span> <span class='ocrx_word' id='word_1_955' title='bbox 2023 575 2114 608; x_wconf 88' lang='lat' dir='ltr'>locus,</span> <span class='ocrx_word' id='word_1_956' title='bbox 2130 585 2162 603; x_wconf 89' lang='lat' dir='ltr'>an</span> <span class='ocrx_word' id='word_1_957' title='bbox 2170 577 2214 603; x_wconf 89' lang='lat' dir='ltr'>ad-</span> 
     </span>
     <span class='ocr_line' id='line_1_100' title="bbox 1167 601 2215 644; baseline 0.011 -17"><span class='ocrx_word' id='word_1_958' title='bbox 1167 601 1256 641; x_wconf 78' lang='lat' dir='ltr'>versus</span> <span class='ocrx_word' id='word_1_959' title='bbox 1277 602 1408 641; x_wconf 53' lang='lat' dir='ltr'>Qiinetil.</span> <span class='ocrx_word' id='word_1_960' title='bbox 1428 610 1450 634; x_wconf 88' lang='lat'>5,</span> <span class='ocrx_word' id='word_1_961' title='bbox 1466 611 1502 634; x_wconf 87' lang='lat' dir='ltr'>io,</span> <span class='ocrx_word' id='word_1_962' title='bbox 1517 611 1556 638; x_wconf 85' lang='lat'>37.</span> <span class='ocrx_word' id='word_1_963' title='bbox 1630 604 1721 631; x_wconf 88' lang='lat' dir='ltr'>Plenus</span> <span class='ocrx_word' id='word_1_964' title='bbox 1737 607 1838 634; x_wconf 83' lang='lat' dir='ltr'>consilii</span> <span class='ocrx_word' id='word_1_965' title='bbox 1860 610 1927 643; x_wconf 85' lang='lat' dir='ltr'>Nep.</span> <span class='ocrx_word' id='word_1_966' title='bbox 1947 620 1981 644; x_wconf 85' lang='lat'>4,</span> <span class='ocrx_word' id='word_1_967' title='bbox 1998 619 2018 643; x_wconf 89' lang='lat'>1,</span> <span class='ocrx_word' id='word_1_968' title='bbox 2031 620 2056 637; x_wconf 89' lang='lat'>2.</span> <span class='ocrx_word' id='word_1_969' title='bbox 2129 612 2215 639; x_wconf 88' lang='lat' dir='ltr'>Maxi·</span> 
     </span>
     <span class='ocr_line' id='line_1_101' title="bbox 1167 637 2213 679; baseline 0.011 -16"><span class='ocrx_word' id='word_1_970' title='bbox 1167 646 1212 677; x_wconf 38' lang='lat' dir='ltr'>nii&#39;</span> <span class='ocrx_word' id='word_1_971' title='bbox 1224 637 1327 676; x_wconf 75' lang='lat' dir='ltr'>consilii</span> <span class='ocrx_word' id='word_1_972' title='bbox 1341 645 1383 662; x_wconf 65' lang='grc' dir='ltr'>νιν</span> <span class='ocrx_word' id='word_1_973' title='bbox 1413 637 1482 671; x_wconf 87' lang='lat' dir='ltr'>Nep.</span> <span class='ocrx_word' id='word_1_974' title='bbox 1500 647 1539 671; x_wconf 77' lang='lat'>14,</span> <span class='ocrx_word' id='word_1_975' title='bbox 1553 648 1578 671; x_wconf 94' lang='grc' dir='ltr'>ι,</span> <span class='ocrx_word' id='word_1_976' title='bbox 1593 648 1612 665; x_wconf 95' lang='grc'>1.</span> <span class='ocrx_word' id='word_1_977' title='bbox 1684 641 1786 668; x_wconf 87' lang='lat' dir='ltr'>Viridis</span> <span class='ocrx_word' id='word_1_978' title='bbox 1802 644 1911 671; x_wconf 80' lang='lat' dir='ltr'>coniilio</span> <span class='ocrx_word' id='word_1_979' title='bbox 1941 646 1987 672; x_wconf 86' lang='lat' dir='ltr'>Sil.</span> <span class='ocrx_word' id='word_1_980' title='bbox 2002 655 2024 679; x_wconf 83' lang='lat'>3,</span> <span class='ocrx_word' id='word_1_981' title='bbox 2038 654 2092 679; x_wconf 80' lang='lat'>255.</span> <span class='ocrx_word' id='word_1_982' title='bbox 2157 648 2213 674; x_wconf 91' lang='lat' dir='ltr'>Cic.</span> 
     </span>
     <span class='ocr_line' id='line_1_102' title="bbox 1167 671 2215 715; baseline 0.012 -17"><span class='ocrx_word' id='word_1_983' title='bbox 1167 671 1282 706; x_wconf 82' lang='lat' dir='ltr'>Philipp.</span> <span class='ocrx_word' id='word_1_984' title='bbox 1295 679 1322 706; x_wconf 90' lang='lat'>7,</span> <span class='ocrx_word' id='word_1_985' title='bbox 1336 680 1364 704; x_wconf 87' lang='lat'>19</span> <span class='ocrx_word' id='word_1_986' title='bbox 1379 672 1475 706; x_wconf 81' lang='lat' dir='ltr'>Turpe</span> <span class='ocrx_word' id='word_1_987' title='bbox 1489 674 1524 699; x_wconf 89' lang='lat' dir='ltr'>est</span> <span class='ocrx_word' id='word_1_988' title='bbox 1535 675 1638 702; x_wconf 90' lang='lat' dir='ltr'>summo</span> <span class='ocrx_word' id='word_1_989' title='bbox 1652 676 1762 702; x_wconf 88' lang='lat' dir='ltr'>consilio</span> <span class='ocrx_word' id='word_1_990' title='bbox 1775 678 1847 704; x_wconf 90' lang='lat' dir='ltr'>orbis</span> <span class='ocrx_word' id='word_1_991' title='bbox 1862 685 1963 713; x_wconf 87' lang='lat' dir='ltr'>terrae,</span> <span class='ocrx_word' id='word_1_992' title='bbox 1975 683 2128 715; x_wconf 87' lang='lat' dir='ltr'>praesertim</span> <span class='ocrx_word' id='word_1_993' title='bbox 2143 683 2172 710; x_wconf 89' lang='lat' dir='ltr'>in</span> <span class='ocrx_word' id='word_1_994' title='bbox 2185 692 2215 710; x_wconf 86' lang='lat' dir='ltr'>re</span> 
     </span>
    </p>
   </div>
   <div class='ocr_carea' id='block_1_34' title="bbox 1264 566 1637 602">
    <p class='ocr_par' dir='ltr' id='par_1_38' title="bbox 1264 566 1637 602">
     <span class='ocr_line' id='line_1_103' title="bbox 1264 566 1637 602; baseline 0.011 -11"><span class='ocrx_word' id='word_1_995' title='bbox 1264 566 1420 593; x_wconf 85' lang='lat' dir='ltr'>Moderator</span> <span class='ocrx_word' id='word_1_996' title='bbox 1440 568 1479 593; x_wconf 93' lang='lat' dir='ltr'>Id.</span> <span class='ocrx_word' id='word_1_997' title='bbox 1494 567 1560 594; x_wconf 90' lang='lat' dir='ltr'>ibid.</span> <span class='ocrx_word' id='word_1_998' title='bbox 1578 577 1599 601; x_wconf 92' lang='lat'>1,</span> <span class='ocrx_word' id='word_1_999' title='bbox 1612 577 1637 602; x_wconf 90' lang='lat'>9.</span> 
     </span>
    </p>
   </div>
   <div class='ocr_carea' id='block_1_35' title="bbox 1134 707 2213 752">
    <p class='ocr_par' dir='ltr' id='par_1_39' title="bbox 1134 707 2213 752">
     <span class='ocr_line' id='line_1_104' title="bbox 1134 707 2213 752; baseline 0.012 -19"><span class='ocrx_word' id='word_1_1000' title='bbox 1134 714 1158 740; x_wconf 87' lang='lat'>15</span> <span class='ocrx_word' id='word_1_1001' title='bbox 1170 714 1222 735; x_wconf 91' lang='lat' dir='ltr'>tam</span> <span class='ocrx_word' id='word_1_1002' title='bbox 1237 708 1386 742; x_wconf 86' lang='lat' dir='ltr'>perspicua,</span> <span class='ocrx_word' id='word_1_1003' title='bbox 1413 707 1552 736; x_wconf 86' lang='lat' dir='ltr'>confilium</span> <span class='ocrx_word' id='word_1_1004' title='bbox 1564 711 1731 746; x_wconf 78' lang='lat' dir='ltr'>intelligendi</span> <span class='ocrx_word' id='word_1_1005' title='bbox 1754 712 1872 739; x_wconf 83' lang='lat' dir='ltr'>defuisse.</span> <span class='ocrx_word' id='word_1_1006' title='bbox 1901 718 1920 741; x_wconf 89' lang='lat' dir='ltr'>i.</span> <span class='ocrx_word' id='word_1_1007' title='bbox 1935 716 2035 743; x_wconf 73' lang='lat' dir='ltr'>Senatui</span> <span class='ocrx_word' id='word_1_1008' title='bbox 2044 718 2213 752; x_wconf 76' lang='lat' dir='ltr'>prudentiam.</span> 
     </span>
    </p>
   </div>
   <div class='ocr_carea' id='block_1_36' title="bbox 1170 743 2218 1064">
    <p class='ocr_par' dir='ltr' id='par_1_40' title="bbox 1170 743 2216 893">
     <span class='ocr_line' id='line_1_105' title="bbox 1170 743 2216 787; baseline 0.011 -17"><span class='ocrx_word' id='word_1_1009' title='bbox 1170 743 1287 770; x_wconf 84' lang='lat' dir='ltr'>Consilia</span> <span class='ocrx_word' id='word_1_1010' title='bbox 1299 749 1448 783; x_wconf 79' lang='lat' dir='ltr'>temporum</span> <span class='ocrx_word' id='word_1_1011' title='bbox 1461 743 1533 776; x_wconf 88' lang='lat' dir='ltr'>sunt,</span> <span class='ocrx_word' id='word_1_1012' title='bbox 1553 755 1620 779; x_wconf 82' lang='lat' dir='ltr'>quac</span> <span class='ocrx_word' id='word_1_1013' title='bbox 1635 748 1663 773; x_wconf 88' lang='lat' dir='ltr'>in</span> <span class='ocrx_word' id='word_1_1014' title='bbox 1676 747 1754 774; x_wconf 87' lang='lat' dir='ltr'>horas</span> <span class='ocrx_word' id='word_1_1015' title='bbox 1767 750 1926 776; x_wconf 85' lang='lat' dir='ltr'>commutari</span> <span class='ocrx_word' id='word_1_1016' title='bbox 1937 751 2011 778; x_wconf 85' lang='lat' dir='ltr'>vides</span> <span class='ocrx_word' id='word_1_1017' title='bbox 2037 753 2094 779; x_wconf 86' lang='lat' dir='ltr'>Cic.</span> <span class='ocrx_word' id='word_1_1018' title='bbox 2107 755 2160 780; x_wconf 86' lang='lat' dir='ltr'>Att.</span> <span class='ocrx_word' id='word_1_1019' title='bbox 2176 763 2216 787; x_wconf 84' lang='lat'>14,</span> 
     </span>
     <span class='ocr_line' id='line_1_106' title="bbox 1171 776 2216 824; baseline 0.011 -18"><span class='ocrx_word' id='word_1_1020' title='bbox 1171 788 1214 806; x_wconf 84' lang='lat'>20.</span> <span class='ocrx_word' id='word_1_1021' title='bbox 1257 817 1260 821; x_wconf 33' lang='grc' dir='ltr'>Ι</span> <span class='ocrx_word' id='word_1_1022' title='bbox 1411 776 1431 816; x_wconf 55' lang='lat' dir='ltr'><strong>ff</strong></span> <span class='ocrx_word' id='word_1_1023' title='bbox 1453 787 1466 804; x_wconf 89' lang='lat'><em>2</em></span> <span class='ocrx_word' id='word_1_1024' title='bbox 1503 780 1618 814; x_wconf 79' lang='lat' dir='ltr'>Epitheta</span> <span class='ocrx_word' id='word_1_1025' title='bbox 1632 783 1760 816; x_wconf 79' lang='lat' dir='ltr'>Consilii,</span> <span class='ocrx_word' id='word_1_1026' title='bbox 1781 787 1808 809; x_wconf 87' lang='lat' dir='ltr'>in</span> <span class='ocrx_word' id='word_1_1027' title='bbox 1822 791 1938 819; x_wconf 87' lang='lat' dir='ltr'>quantum</span> <span class='ocrx_word' id='word_1_1028' title='bbox 1951 785 1982 819; x_wconf 77' lang='lat' dir='ltr'>cst</span> <span class='ocrx_word' id='word_1_1029' title='bbox 1996 791 2135 824; x_wconf 80' lang='lat' dir='ltr'>excogitata</span> <span class='ocrx_word' id='word_1_1030' title='bbox 2148 793 2216 816; x_wconf 79' lang='lat' dir='ltr'>ratio</span> 
     </span>
     <span class='ocr_line' id='line_1_107' title="bbox 1170 813 2215 858; baseline 0.011 -17"><span class='ocrx_word' id='word_1_1031' title='bbox 1170 813 1268 854; x_wconf 65' lang='lat' dir='ltr'>agendi.</span> <span class='ocrx_word' id='word_1_1032' title='bbox 1340 814 1424 855; x_wconf 77' lang='lat' dir='ltr'>Acre,</span> <span class='ocrx_word' id='word_1_1033' title='bbox 1442 813 1494 841; x_wconf 84' lang='lat' dir='ltr'>vid.</span> <span class='ocrx_word' id='word_1_1034' title='bbox 1509 820 1607 855; x_wconf 56' lang='lat' dir='ltr'>Acen.</span> <span class='ocrx_word' id='word_1_1035' title='bbox 1677 819 1733 844; x_wconf 89' lang='lat' dir='ltr'>Cic.</span> <span class='ocrx_word' id='word_1_1036' title='bbox 1748 820 1802 845; x_wconf 84' lang='lat' dir='ltr'>Att.</span> <span class='ocrx_word' id='word_1_1037' title='bbox 1819 827 1846 854; x_wconf 87' lang='lat'>7,</span> <span class='ocrx_word' id='word_1_1038' title='bbox 1864 828 1880 852; x_wconf 90' lang='lat'>9</span> <span class='ocrx_word' id='word_1_1039' title='bbox 1909 821 1947 847; x_wconf 87' lang='lat' dir='ltr'>Ita</span> <span class='ocrx_word' id='word_1_1040' title='bbox 1971 823 2025 848; x_wconf 88' lang='lat' dir='ltr'>sum</span> <span class='ocrx_word' id='word_1_1041' title='bbox 2048 825 2215 858; x_wconf 81' lang='lat' dir='ltr'>perturbatus</span> 
     </span>
     <span class='ocr_line' id='line_1_108' title="bbox 1170 849 2215 893; baseline 0.011 -18"><span class='ocrx_word' id='word_1_1042' title='bbox 1170 854 1320 876; x_wconf 83' lang='lat' dir='ltr'>temeritate</span> <span class='ocrx_word' id='word_1_1043' title='bbox 1329 850 1413 876; x_wconf 87' lang='lat' dir='ltr'>nostri</span> <span class='ocrx_word' id='word_1_1044' title='bbox 1425 849 1589 891; x_wconf 72' lang='lat' dir='ltr'>amentislimi</span> <span class='ocrx_word' id='word_1_1045' title='bbox 1597 851 1708 880; x_wconf 83' lang='lat' dir='ltr'>consilii.</span> <span class='ocrx_word' id='word_1_1046' title='bbox 1780 856 1911 881; x_wconf 82' lang='lat' dir='ltr'>Arcanum</span> <span class='ocrx_word' id='word_1_1047' title='bbox 1930 858 1996 884; x_wconf 89' lang='lat' dir='ltr'>Hor.</span> <span class='ocrx_word' id='word_1_1048' title='bbox 2005 858 2124 892; x_wconf 83' lang='lat' dir='ltr'>Carm.3,</span> <span class='ocrx_word' id='word_1_1049' title='bbox 2132 869 2169 893; x_wconf 86' lang='lat' dir='ltr'>zi,</span> <span class='ocrx_word' id='word_1_1050' title='bbox 2179 863 2215 887; x_wconf 87' lang='lat'>16.</span> 
     </span>
    </p>

    <p class='ocr_par' dir='ltr' id='par_1_41' title="bbox 1170 886 2218 1064">
     <span class='ocr_line' id='line_1_109' title="bbox 1232 886 2216 929; baseline 0.015 -22"><span class='ocrx_word' id='word_1_1051' title='bbox 1232 921 1236 926; x_wconf 34' lang='lat'><strong>¹</strong></span> <span class='ocrx_word' id='word_1_1052' title='bbox 1511 886 1572 912; x_wconf 89' lang='lat' dir='ltr'>Liu.</span> <span class='ocrx_word' id='word_1_1053' title='bbox 1586 894 1624 919; x_wconf 89' lang='grc'>35,</span> <span class='ocrx_word' id='word_1_1054' title='bbox 1641 895 1669 918; x_wconf 78' lang='lat'>32</span> <span class='ocrx_word' id='word_1_1055' title='bbox 1690 888 1806 915; x_wconf 81' lang='lat' dir='ltr'>Consilia</span> <span class='ocrx_word' id='word_1_1056' title='bbox 1827 891 1920 918; x_wconf 84' lang='lat' dir='ltr'>Calida</span> <span class='ocrx_word' id='word_1_1057' title='bbox 1944 899 1969 918; x_wconf 90' lang='lat' dir='ltr'>et</span> <span class='ocrx_word' id='word_1_1058' title='bbox 1994 894 2102 921; x_wconf 85' lang='lat' dir='ltr'>audacia</span> <span class='ocrx_word' id='word_1_1059' title='bbox 2129 897 2216 929; x_wconf 86' lang='lat' dir='ltr'>prima</span> 
     </span>
     <span class='ocr_line' id='line_1_110' title="bbox 1171 921 2208 961; baseline 0.011 -14"><span class='ocrx_word' id='word_1_1060' title='bbox 1171 922 1255 956; x_wconf 84' lang='lat' dir='ltr'>specie</span> <span class='ocrx_word' id='word_1_1061' title='bbox 1269 921 1351 952; x_wconf 88' lang='lat' dir='ltr'>laeta,</span> <span class='ocrx_word' id='word_1_1062' title='bbox 1370 921 1482 948; x_wconf 63' lang='lat' dir='ltr'>trauain</span> <span class='ocrx_word' id='word_1_1063' title='bbox 1498 921 1579 955; x_wconf 86' lang='lat' dir='ltr'>dura,</span> <span class='ocrx_word' id='word_1_1064' title='bbox 1604 928 1701 949; x_wconf 92' lang='lat' dir='ltr'>euentu</span> <span class='ocrx_word' id='word_1_1065' title='bbox 1714 923 1799 949; x_wconf 89' lang='lat' dir='ltr'>tristia</span> <span class='ocrx_word' id='word_1_1066' title='bbox 1812 926 1877 952; x_wconf 90' lang='lat' dir='ltr'>sunt.</span> <span class='ocrx_word' id='word_1_1067' title='bbox 1948 928 2100 961; x_wconf 88' lang='lat' dir='ltr'>Callidum,</span> <span class='ocrx_word' id='word_1_1068' title='bbox 2116 931 2208 957; x_wconf 86' lang='lat' dir='ltr'>Celere</span> 
     </span>
     <span class='ocr_line' id='line_1_111' title="bbox 1170 951 2218 999; baseline 0.01 -17"><span class='ocrx_word' id='word_1_1069' title='bbox 1170 956 1386 989; x_wconf 84' lang='lat' dir='ltr'>Clandestinum,</span> <span class='ocrx_word' id='word_1_1070' title='bbox 1417 957 1540 984; x_wconf 90' lang='lat' dir='ltr'>Clariora</span> <span class='ocrx_word' id='word_1_1071' title='bbox 1563 957 1636 990; x_wconf 87' lang='lat' dir='ltr'>luce,</span> <span class='ocrx_word' id='word_1_1072' title='bbox 1673 957 1726 984; x_wconf 86' lang='lat' dir='ltr'>vid.</span> <span class='ocrx_word' id='word_1_1073' title='bbox 1741 958 1782 984; x_wconf 82' lang='lat' dir='ltr'>hh.</span> <span class='ocrx_word' id='word_1_1074' title='bbox 1797 959 1823 984; x_wconf 91' lang='lat' dir='ltr'>ll.</span> <span class='ocrx_word' id='word_1_1075' title='bbox 1894 962 1950 989; x_wconf 90' lang='lat' dir='ltr'>Cic.</span> <span class='ocrx_word' id='word_1_1076' title='bbox 1970 964 2048 990; x_wconf 86' lang='lat' dir='ltr'>Verr.</span> <span class='ocrx_word' id='word_1_1077' title='bbox 2062 974 2082 996; x_wconf 87' lang='grc'>3,</span> <span class='ocrx_word' id='word_1_1078' title='bbox 2095 968 2125 997; x_wconf 84' lang='grc'>63</span> <span class='ocrx_word' id='word_1_1079' title='bbox 2145 976 2166 992; x_wconf 83' lang='lat' dir='ltr'>c.</span> <span class='ocrx_word' id='word_1_1080' title='bbox 2187 951 2218 999; x_wconf 65' lang='lat'>25:</span> 
     </span>
     <span class='ocr_line' id='line_1_112' title="bbox 1170 991 2217 1029; baseline 0.011 -11"><span class='ocrx_word' id='word_1_1081' title='bbox 1170 992 1263 1018; x_wconf 89' lang='lat' dir='ltr'>Clausa</span> <span class='ocrx_word' id='word_1_1082' title='bbox 1276 1002 1330 1018; x_wconf 89' lang='lat' dir='ltr'>non</span> <span class='ocrx_word' id='word_1_1083' title='bbox 1343 993 1431 1027; x_wconf 87' lang='lat' dir='ltr'>potuit</span> <span class='ocrx_word' id='word_1_1084' title='bbox 1442 991 1541 1019; x_wconf 81' lang='lat' dir='ltr'>habere</span> <span class='ocrx_word' id='word_1_1085' title='bbox 1553 993 1594 1026; x_wconf 87' lang='lat' dir='ltr'>(i.</span> <span class='ocrx_word' id='word_1_1086' title='bbox 1608 1001 1703 1026; x_wconf 80' lang='lat' dir='ltr'>tacere,</span> <span class='ocrx_word' id='word_1_1087' title='bbox 1722 995 1876 1028; x_wconf 76' lang='lat' dir='ltr'>occultare.)</span> <span class='ocrx_word' id='word_1_1088' title='bbox 1892 997 1936 1022; x_wconf 90' lang='lat' dir='ltr'>sua</span> <span class='ocrx_word' id='word_1_1089' title='bbox 1950 999 2057 1025; x_wconf 91' lang='lat' dir='ltr'>confilia</span> <span class='ocrx_word' id='word_1_1090' title='bbox 2076 1000 2108 1026; x_wconf 91' lang='lat' dir='ltr'>de</span> <span class='ocrx_word' id='word_1_1091' title='bbox 2124 1003 2217 1029; x_wconf 86' lang='lat' dir='ltr'>Verre.</span> 
     </span>
     <span class='ocr_line' id='line_1_113' title="bbox 1171 1029 2216 1064; baseline 0.011 -10"><span class='ocrx_word' id='word_1_1092' title='bbox 1171 1029 1319 1063; x_wconf 83' lang='lat' dir='ltr'>Cognitum</span> <span class='ocrx_word' id='word_1_1093' title='bbox 1338 1029 1394 1055; x_wconf 89' lang='lat' dir='ltr'>Cic.</span> <span class='ocrx_word' id='word_1_1094' title='bbox 1410 1029 1482 1060; x_wconf 82' lang='lat' dir='ltr'>Fani.</span> <span class='ocrx_word' id='word_1_1095' title='bbox 1497 1036 1523 1063; x_wconf 87' lang='lat'>7,</span> <span class='ocrx_word' id='word_1_1096' title='bbox 1561 1048 1568 1054; x_wconf 92' lang='lat'>.</span> <span class='ocrx_word' id='word_1_1097' title='bbox 1606 1048 1612 1054; x_wconf 91' lang='lat'>.</span> <span class='ocrx_word' id='word_1_1098' title='bbox 1684 1030 1815 1064; x_wconf 85' lang='lat' dir='ltr'>Compar,</span> <span class='ocrx_word' id='word_1_1099' title='bbox 1834 1030 1887 1055; x_wconf 78' lang='lat' dir='ltr'>vid.</span> <span class='ocrx_word' id='word_1_1100' title='bbox 1907 1031 1931 1056; x_wconf 81' lang='lat' dir='ltr'>h.</span> <span class='ocrx_word' id='word_1_1101' title='bbox 1947 1041 1971 1057; x_wconf 85' lang='grc' dir='ltr'>υ.</span> <span class='ocrx_word' id='word_1_1102' title='bbox 2042 1036 2129 1062; x_wconf 86' lang='lat' dir='ltr'>Valer.</span> <span class='ocrx_word' id='word_1_1103' title='bbox 2146 1039 2216 1064; x_wconf 85' lang='lat' dir='ltr'>Max.</span> 
     </span>
    </p>
   </div>
   <div class='ocr_carea' id='block_1_37' title="bbox 877 1064 2218 1106">
    <p class='ocr_par' dir='ltr' id='par_1_42' title="bbox 877 1064 2218 1106">
     <span class='ocr_line' id='line_1_114' title="bbox 877 1064 2218 1106; baseline 0.004 -15"><span class='ocrx_word' id='word_1_1104' title='bbox 877 1065 1001 1091; x_wconf 76' lang='lat' dir='ltr'>Tabulae</span> <span class='ocrx_word' id='word_1_1105' title='bbox 1022 1065 1105 1090; x_wconf 78' lang='lat' dir='ltr'>maxi·</span> <span class='ocrx_word' id='word_1_1106' title='bbox 1116 1066 1143 1093; x_wconf 77' lang='lat'>22⁴</span> <span class='ocrx_word' id='word_1_1107' title='bbox 1171 1071 1198 1098; x_wconf 90' lang='lat'>7,</span> <span class='ocrx_word' id='word_1_1108' title='bbox 1212 1073 1226 1090; x_wconf 86' lang='lat' dir='ltr'>z</span> <span class='ocrx_word' id='word_1_1109' title='bbox 1245 1064 1334 1098; x_wconf 82' lang='lat' dir='ltr'>Scipio</span> <span class='ocrx_word' id='word_1_1110' title='bbox 1349 1064 1489 1090; x_wconf 87' lang='lat' dir='ltr'>Africanus</span> <span class='ocrx_word' id='word_1_1111' title='bbox 1504 1070 1581 1098; x_wconf 84' lang='lat' dir='ltr'>turpe</span> <span class='ocrx_word' id='word_1_1112' title='bbox 1596 1064 1644 1091; x_wconf 84' lang='lat' dir='ltr'>esse</span> <span class='ocrx_word' id='word_1_1113' title='bbox 1657 1065 1744 1091; x_wconf 83' lang='lat' dir='ltr'>aiebat</span> <span class='ocrx_word' id='word_1_1114' title='bbox 1757 1066 1786 1091; x_wconf 92' lang='lat' dir='ltr'>in</span> <span class='ocrx_word' id='word_1_1115' title='bbox 1798 1073 1827 1091; x_wconf 90' lang='lat' dir='ltr'>re</span> <span class='ocrx_word' id='word_1_1116' title='bbox 1839 1065 1952 1092; x_wconf 84' lang='lat' dir='ltr'>militari</span> <span class='ocrx_word' id='word_1_1117' title='bbox 1965 1067 2066 1101; x_wconf 89' lang='lat' dir='ltr'>dicere,</span> <span class='ocrx_word' id='word_1_1118' title='bbox 2093 1072 2157 1098; x_wconf 81' lang='lat' dir='ltr'>Non</span> <span class='ocrx_word' id='word_1_1119' title='bbox 2172 1083 2218 1106; x_wconf 83' lang='lat' dir='ltr'>pu.</span> 
     </span>
    </p>
   </div>
   <div class='ocr_carea' id='block_1_38' title="bbox 1169 1098 2223 1389">
    <p class='ocr_par' dir='ltr' id='par_1_43' title="bbox 1169 1098 2223 1389">
     <span class='ocr_line' id='line_1_115' title="bbox 1169 1098 2219 1141; baseline 0.008 -16"><span class='ocrx_word' id='word_1_1120' title='bbox 1169 1106 1251 1126; x_wconf 82' lang='lat' dir='ltr'>taram</span> <span class='ocrx_word' id='word_1_1121' title='bbox 1268 1109 1274 1125; x_wconf 79' lang='lat'>2</span> <span class='ocrx_word' id='word_1_1122' title='bbox 1310 1098 1435 1126; x_wconf 87' lang='lat' dir='ltr'>videlicet</span> <span class='ocrx_word' id='word_1_1123' title='bbox 1450 1099 1513 1134; x_wconf 83' lang='lat' dir='ltr'>quia</span> <span class='ocrx_word' id='word_1_1124' title='bbox 1525 1099 1664 1134; x_wconf 83' lang='lat' dir='ltr'>explorato</span> <span class='ocrx_word' id='word_1_1125' title='bbox 1678 1107 1704 1127; x_wconf 85' lang='lat' dir='ltr'>et</span> <span class='ocrx_word' id='word_1_1126' title='bbox 1712 1101 1820 1127; x_wconf 82' lang='lat' dir='ltr'>Excusso</span> <span class='ocrx_word' id='word_1_1127' title='bbox 1833 1101 1959 1134; x_wconf 88' lang='lat' dir='ltr'>confilio,</span> <span class='ocrx_word' id='word_1_1128' title='bbox 1981 1111 2046 1137; x_wconf 85' lang='lat' dir='ltr'>quae</span> <span class='ocrx_word' id='word_1_1129' title='bbox 2061 1105 2133 1132; x_wconf 87' lang='lat' dir='ltr'>ferro</span> <span class='ocrx_word' id='word_1_1130' title='bbox 2141 1116 2219 1141; x_wconf 87' lang='lat' dir='ltr'>agun-</span> 
     </span>
     <span class='ocr_line' id='line_1_116' title="bbox 1170 1134 2219 1170; baseline 0.007 -9"><span class='ocrx_word' id='word_1_1131' title='bbox 1170 1141 1230 1167; x_wconf 85' lang='lat' dir='ltr'>tur,</span> <span class='ocrx_word' id='word_1_1132' title='bbox 1250 1134 1429 1162; x_wconf 86' lang='lat' dir='ltr'>administrari</span> <span class='ocrx_word' id='word_1_1133' title='bbox 1443 1141 1567 1170; x_wconf 86' lang='lat' dir='ltr'>oportere</span> <span class='ocrx_word' id='word_1_1134' title='bbox 1581 1135 1760 1163; x_wconf 80' lang='lat' dir='ltr'>arbitrabatur</span> <span class='ocrx_word' id='word_1_1135' title='bbox 1775 1138 1875 1163; x_wconf 80' lang='lat' dir='ltr'>sumnia</span> <span class='ocrx_word' id='word_1_1136' title='bbox 1886 1138 2004 1165; x_wconf 83' lang='lat' dir='ltr'>ratione:</span> <span class='ocrx_word' id='word_1_1137' title='bbox 2040 1139 2219 1169; x_wconf 82' lang='lat' dir='ltr'>inemendabi-</span> 
     </span>
     <span class='ocr_line' id='line_1_117' title="bbox 1170 1171 2221 1211; baseline 0.007 -15"><span class='ocrx_word' id='word_1_1138' title='bbox 1170 1171 1203 1197; x_wconf 82' lang='lat' dir='ltr'>lis</span> <span class='ocrx_word' id='word_1_1139' title='bbox 1217 1171 1287 1197; x_wconf 87' lang='lat' dir='ltr'>enim</span> <span class='ocrx_word' id='word_1_1140' title='bbox 1301 1171 1337 1197; x_wconf 86' lang='lat' dir='ltr'>est</span> <span class='ocrx_word' id='word_1_1141' title='bbox 1351 1180 1443 1204; x_wconf 87' lang='lat' dir='ltr'>error,</span> <span class='ocrx_word' id='word_1_1142' title='bbox 1466 1171 1513 1206; x_wconf 91' lang='lat' dir='ltr'>qui</span> <span class='ocrx_word' id='word_1_1143' title='bbox 1529 1171 1659 1199; x_wconf 87' lang='lat' dir='ltr'>violentia</span> <span class='ocrx_word' id='word_1_1144' title='bbox 1671 1173 1765 1199; x_wconf 83' lang='lat' dir='ltr'>Martis</span> <span class='ocrx_word' id='word_1_1145' title='bbox 1780 1173 1966 1200; x_wconf 86' lang='lat' dir='ltr'>committitur.</span> <span class='ocrx_word' id='word_1_1146' title='bbox 2022 1175 2052 1201; x_wconf 88' lang='lat' dir='ltr'>In</span> <span class='ocrx_word' id='word_1_1147' title='bbox 2066 1175 2144 1202; x_wconf 84' lang='lat' dir='ltr'>rebus</span> <span class='ocrx_word' id='word_1_1148' title='bbox 2152 1179 2221 1211; x_wconf 76' lang='lat' dir='ltr'>aspe-</span> 
     </span>
     <span class='ocr_line' id='line_1_118' title="bbox 1170 1206 2220 1245; baseline 0.004 -11"><span class='ocrx_word' id='word_1_1149' title='bbox 1170 1207 1207 1234; x_wconf 88' lang='lat' dir='ltr'>ris</span> <span class='ocrx_word' id='word_1_1150' title='bbox 1221 1212 1246 1232; x_wconf 90' lang='lat' dir='ltr'>et</span> <span class='ocrx_word' id='word_1_1151' title='bbox 1259 1207 1333 1233; x_wconf 88' lang='lat' dir='ltr'>tenui</span> <span class='ocrx_word' id='word_1_1152' title='bbox 1347 1207 1390 1241; x_wconf 88' lang='lat' dir='ltr'>spe</span> <span class='ocrx_word' id='word_1_1153' title='bbox 1405 1206 1550 1234; x_wconf 82' lang='lat' dir='ltr'>Fortislima</span> <span class='ocrx_word' id='word_1_1154' title='bbox 1564 1216 1685 1243; x_wconf 87' lang='lat' dir='ltr'>quaeque</span> <span class='ocrx_word' id='word_1_1155' title='bbox 1699 1208 1808 1234; x_wconf 87' lang='lat' dir='ltr'>consilia</span> <span class='ocrx_word' id='word_1_1156' title='bbox 1821 1208 1944 1235; x_wconf 85' lang='lat' dir='ltr'>tutissima</span> <span class='ocrx_word' id='word_1_1157' title='bbox 1958 1209 2017 1236; x_wconf 87' lang='lat' dir='ltr'>sunt</span> <span class='ocrx_word' id='word_1_1158' title='bbox 2044 1211 2106 1237; x_wconf 91' lang='lat' dir='ltr'>Liu.</span> <span class='ocrx_word' id='word_1_1159' title='bbox 2127 1221 2163 1244; x_wconf 73' lang='lat'>25,</span> <span class='ocrx_word' id='word_1_1160' title='bbox 2184 1218 2220 1245; x_wconf 81' lang='grc'>38.</span> 
     </span>
     <span class='ocr_line' id='line_1_119' title="bbox 1696 1244 2220 1283; baseline 0.008 -13"><span class='ocrx_word' id='word_1_1161' title='bbox 1696 1244 1793 1271; x_wconf 86' lang='lat' dir='ltr'>Fidum</span> <span class='ocrx_word' id='word_1_1162' title='bbox 1817 1250 1895 1279; x_wconf 87' lang='lat' dir='ltr'>atque</span> <span class='ocrx_word' id='word_1_1163' title='bbox 1913 1245 2056 1279; x_wconf 84' lang='lat' dir='ltr'>prouidens</span> <span class='ocrx_word' id='word_1_1164' title='bbox 2075 1247 2142 1273; x_wconf 84' lang='lat' dir='ltr'>Geli.</span> <span class='ocrx_word' id='word_1_1165' title='bbox 2157 1257 2180 1280; x_wconf 82' lang='grc'>3,</span> <span class='ocrx_word' id='word_1_1166' title='bbox 2194 1256 2220 1283; x_wconf 93' lang='lat'>7.</span> 
     </span>
     <span class='ocr_line' id='line_1_120' title="bbox 1171 1278 2223 1318; baseline 0.006 -14"><span class='ocrx_word' id='word_1_1167' title='bbox 1171 1278 1327 1305; x_wconf 88' lang='lat' dir='ltr'>Grandaeua</span> <span class='ocrx_word' id='word_1_1168' title='bbox 1347 1278 1434 1305; x_wconf 88' lang='lat' dir='ltr'>Valer.</span> <span class='ocrx_word' id='word_1_1169' title='bbox 1458 1279 1541 1306; x_wconf 78' lang='lat' dir='ltr'>Flacc.</span> <span class='ocrx_word' id='word_1_1170' title='bbox 1564 1280 1663 1314; x_wconf 86' lang='lat' dir='ltr'>Argon.</span> <span class='ocrx_word' id='word_1_1171' title='bbox 1686 1287 1714 1315; x_wconf 93' lang='lat'>7,</span> <span class='ocrx_word' id='word_1_1172' title='bbox 1736 1285 1793 1313; x_wconf 78' lang='lat'>348.</span> <span class='ocrx_word' id='word_1_1173' title='bbox 1819 1283 1837 1306; x_wconf 89' lang='lat' dir='ltr'>i.</span> <span class='ocrx_word' id='word_1_1174' title='bbox 1844 1281 1915 1316; x_wconf 58' lang='lat' dir='ltr'>Jkizis</span> <span class='ocrx_word' id='word_1_1175' title='bbox 1927 1290 1956 1307; x_wconf 87' lang='lat' dir='ltr'>ac</span> <span class='ocrx_word' id='word_1_1176' title='bbox 1964 1283 2072 1315; x_wconf 79' lang='lat' dir='ltr'>proinde</span> <span class='ocrx_word' id='word_1_1177' title='bbox 2079 1284 2223 1318; x_wconf 77' lang='lat' dir='ltr'>prudentis.</span> 
     </span>
     <span class='ocr_line' id='line_1_121' title="bbox 1172 1315 2222 1351; baseline 0.006 -11"><span class='ocrx_word' id='word_1_1178' title='bbox 1172 1315 1349 1340; x_wconf 86' lang='lat' dir='ltr'>Iinmaturum</span> <span class='ocrx_word' id='word_1_1179' title='bbox 1388 1315 1459 1341; x_wconf 88' lang='lat' dir='ltr'>Suet.</span> <span class='ocrx_word' id='word_1_1180' title='bbox 1481 1315 1547 1349; x_wconf 86' lang='lat' dir='ltr'>Aug.</span> <span class='ocrx_word' id='word_1_1181' title='bbox 1569 1324 1590 1341; x_wconf 94' lang='lat' dir='ltr'>c.</span> <span class='ocrx_word' id='word_1_1182' title='bbox 1612 1320 1634 1345; x_wconf 89' lang='lat'>8.</span> <span class='ocrx_word' id='word_1_1183' title='bbox 1742 1317 1891 1348; x_wconf 88' lang='lat' dir='ltr'>Incertum,</span> <span class='ocrx_word' id='word_1_1184' title='bbox 1926 1317 2120 1351; x_wconf 86' lang='lat' dir='ltr'>Inconsultum,</span> <span class='ocrx_word' id='word_1_1185' title='bbox 2168 1319 2222 1346; x_wconf 74' lang='lat' dir='ltr'>vid.</span> 
     </span>
     <span class='ocr_line' id='line_1_122' title="bbox 1171 1350 2222 1389; baseline 0.006 -14"><span class='ocrx_word' id='word_1_1186' title='bbox 1171 1350 1213 1376; x_wconf 74' lang='lat' dir='ltr'>hh.</span> <span class='ocrx_word' id='word_1_1187' title='bbox 1230 1360 1272 1376; x_wconf 86' lang='grc' dir='ltr'>υυ.</span> <span class='ocrx_word' id='word_1_1188' title='bbox 1377 1350 1468 1377; x_wconf 81' lang='lat' dir='ltr'>Tacit.</span> <span class='ocrx_word' id='word_1_1189' title='bbox 1484 1352 1552 1376; x_wconf 88' lang='lat' dir='ltr'>Ann.</span> <span class='ocrx_word' id='word_1_1190' title='bbox 1575 1358 1615 1383; x_wconf 82' lang='grc'>15,</span> <span class='ocrx_word' id='word_1_1191' title='bbox 1630 1353 1659 1377; x_wconf 84' lang='grc'>61</span> <span class='ocrx_word' id='word_1_1192' title='bbox 1693 1351 1776 1384; x_wconf 87' lang='lat' dir='ltr'>Qiod</span> <span class='ocrx_word' id='word_1_1193' title='bbox 1794 1358 1850 1378; x_wconf 88' lang='lat' dir='ltr'>erat</span> <span class='ocrx_word' id='word_1_1194' title='bbox 1873 1353 2001 1380; x_wconf 83' lang='lat' dir='ltr'>saeuienti</span> <span class='ocrx_word' id='word_1_1195' title='bbox 2024 1354 2141 1389; x_wconf 86' lang='lat' dir='ltr'>principi</span> <span class='ocrx_word' id='word_1_1196' title='bbox 2158 1355 2222 1382; x_wconf 88' lang='lat' dir='ltr'>Inti-</span> 
     </span>
    </p>
   </div>
   <div class='ocr_carea' id='block_1_39' title="bbox 1171 1384 2221 1424">
    <p class='ocr_par' dir='ltr' id='par_1_44' title="bbox 1171 1384 2221 1424">
     <span class='ocr_line' id='line_1_123' title="bbox 1171 1384 2221 1424; baseline 0.006 -13"><span class='ocrx_word' id='word_1_1197' title='bbox 1171 1394 1245 1411; x_wconf 87' lang='lat' dir='ltr'>mum</span> <span class='ocrx_word' id='word_1_1198' title='bbox 1260 1384 1439 1413; x_wconf 82' lang='lat' dir='ltr'>consiliorum.</span> <span class='ocrx_word' id='word_1_1199' title='bbox 1509 1386 1579 1412; x_wconf 88' lang='lat' dir='ltr'>Lene</span> <span class='ocrx_word' id='word_1_1200' title='bbox 1593 1385 1733 1412; x_wconf 88' lang='lat' dir='ltr'>confilium</span> <span class='ocrx_word' id='word_1_1201' title='bbox 1747 1387 1809 1414; x_wconf 85' lang='lat' dir='ltr'>dare</span> <span class='ocrx_word' id='word_1_1202' title='bbox 1829 1387 1910 1414; x_wconf 86' lang='lat' dir='ltr'>alicui</span> <span class='ocrx_word' id='word_1_1203' title='bbox 1931 1389 1997 1415; x_wconf 85' lang='lat' dir='ltr'>Hor.</span> <span class='ocrx_word' id='word_1_1204' title='bbox 2015 1391 2103 1416; x_wconf 75' lang='lat' dir='ltr'>Carin.</span> <span class='ocrx_word' id='word_1_1205' title='bbox 2113 1399 2172 1424; x_wconf 81' lang='lat'>3‚4‚</span> <span class='ocrx_word' id='word_1_1206' title='bbox 2184 1400 2221 1424; x_wconf 82' lang='lat'>41.</span> 
     </span>
    </p>
   </div>
   <div class='ocr_carea' id='block_1_40' title="bbox 601 1420 2222 1458">
    <p class='ocr_par' dir='ltr' id='par_1_45' title="bbox 601 1420 2222 1458">
     <span class='ocr_line' id='line_1_124' title="bbox 601 1420 2222 1458; baseline 0.002 -8"><span class='ocrx_word' id='word_1_1207' title='bbox 601 1424 689 1450; x_wconf 89' lang='lat' dir='ltr'>Motus</span> <span class='ocrx_word' id='word_1_1208' title='bbox 704 1421 831 1455; x_wconf 86' lang='lat' dir='ltr'>temporis</span> <span class='ocrx_word' id='word_1_1209' title='bbox 845 1420 1033 1455; x_wconf 88' lang='lat' dir='ltr'>confignandus</span> <span class='ocrx_word' id='word_1_1210' title='bbox 1047 1421 1104 1447; x_wconf 89' lang='lat' dir='ltr'>Cic.</span> <span class='ocrx_word' id='word_1_1211' title='bbox 1116 1430 1143 1456; x_wconf 76' lang='lat'>35</span> <span class='ocrx_word' id='word_1_1212' title='bbox 1172 1421 1268 1446; x_wconf 85' lang='lat' dir='ltr'>Horat.</span> <span class='ocrx_word' id='word_1_1213' title='bbox 1280 1421 1362 1454; x_wconf 84' lang='lat' dir='ltr'>Epod.</span> <span class='ocrx_word' id='word_1_1214' title='bbox 1379 1430 1411 1454; x_wconf 89' lang='lat' dir='ltr'>ii,</span> <span class='ocrx_word' id='word_1_1215' title='bbox 1424 1427 1451 1453; x_wconf 81' lang='grc'>38</span> <span class='ocrx_word' id='word_1_1216' title='bbox 1470 1423 1548 1448; x_wconf 91' lang='lat' dir='ltr'>Vnde</span> <span class='ocrx_word' id='word_1_1217' title='bbox 1561 1422 1686 1456; x_wconf 80' lang='lat' dir='ltr'>expedire</span> <span class='ocrx_word' id='word_1_1218' title='bbox 1699 1431 1754 1449; x_wconf 90' lang='lat' dir='ltr'>non</span> <span class='ocrx_word' id='word_1_1219' title='bbox 1769 1423 1916 1449; x_wconf 80' lang='lat' dir='ltr'>amicorum</span> <span class='ocrx_word' id='word_1_1220' title='bbox 1931 1430 2027 1458; x_wconf 87' lang='lat' dir='ltr'>queant</span> <span class='ocrx_word' id='word_1_1221' title='bbox 2052 1425 2148 1452; x_wconf 80' lang='lat' dir='ltr'>Libera</span> <span class='ocrx_word' id='word_1_1222' title='bbox 2161 1437 2222 1453; x_wconf 85' lang='lat' dir='ltr'>con-</span> 
     </span>
    </p>
   </div>
   <div class='ocr_carea' id='block_1_41' title="bbox 1147 1455 2225 2848">
    <p class='ocr_par' dir='ltr' id='par_1_46' title="bbox 1147 1455 2225 2848">
     <span class='ocr_line' id='line_1_125' title="bbox 1174 1455 2223 1492; baseline 0.008 -11"><span class='ocrx_word' id='word_1_1223' title='bbox 1174 1455 1246 1488; x_wconf 84' lang='lat' dir='ltr'>filia,</span> <span class='ocrx_word' id='word_1_1224' title='bbox 1273 1459 1291 1481; x_wconf 81' lang='lat' dir='ltr'>i.</span> <span class='ocrx_word' id='word_1_1225' title='bbox 1306 1466 1321 1482; x_wconf 84' lang='lat' dir='ltr'>a</span> <span class='ocrx_word' id='word_1_1226' title='bbox 1335 1457 1475 1492; x_wconf 75' lang='lat' dir='ltr'>meticulosa</span> <span class='ocrx_word' id='word_1_1227' title='bbox 1490 1457 1630 1484; x_wconf 79' lang='lat' dir='ltr'>adulatione</span> <span class='ocrx_word' id='word_1_1228' title='bbox 1645 1467 1733 1484; x_wconf 78' lang='lat' dir='ltr'>vacua.</span> <span class='ocrx_word' id='word_1_1229' title='bbox 1806 1458 1908 1484; x_wconf 90' lang='lat' dir='ltr'>Malum</span> <span class='ocrx_word' id='word_1_1230' title='bbox 1923 1460 2062 1487; x_wconf 85' lang='lat' dir='ltr'>confilium</span> <span class='ocrx_word' id='word_1_1231' title='bbox 2078 1463 2223 1489; x_wconf 88' lang='lat' dir='ltr'>consultori</span> 
     </span>
     <span class='ocr_line' id='line_1_126' title="bbox 1173 1491 2222 1531; baseline 0.007 -14"><span class='ocrx_word' id='word_1_1232' title='bbox 1173 1491 1307 1526; x_wconf 80' lang='lat' dir='ltr'>peffimum</span> <span class='ocrx_word' id='word_1_1233' title='bbox 1320 1491 1356 1517; x_wconf 83' lang='lat' dir='ltr'>est</span> <span class='ocrx_word' id='word_1_1234' title='bbox 1365 1511 1373 1523; x_wconf 90' lang='lat'>‚</span> <span class='ocrx_word' id='word_1_1235' title='bbox 1394 1496 1465 1518; x_wconf 70' lang='lat' dir='ltr'>cuius</span> <span class='ocrx_word' id='word_1_1236' title='bbox 1478 1492 1592 1526; x_wconf 56' lang='lat' dir='ltr'>vffificuli</span> <span class='ocrx_word' id='word_1_1237' title='bbox 1603 1496 1723 1528; x_wconf 78' lang='lat' dir='ltr'>originem</span> <span class='ocrx_word' id='word_1_1238' title='bbox 1737 1502 1828 1519; x_wconf 80' lang='lat' dir='ltr'>narrat</span> <span class='ocrx_word' id='word_1_1239' title='bbox 1848 1494 1916 1520; x_wconf 81' lang='lat' dir='ltr'>Geli.</span> <span class='ocrx_word' id='word_1_1240' title='bbox 1929 1503 1956 1527; x_wconf 88' lang='lat'>4,</span> <span class='ocrx_word' id='word_1_1241' title='bbox 1970 1503 1991 1527; x_wconf 81' lang='lat'>5.</span> <span class='ocrx_word' id='word_1_1242' title='bbox 2063 1491 2124 1523; x_wconf 78' lang='lat' dir='ltr'>Liu.</span> <span class='ocrx_word' id='word_1_1243' title='bbox 2143 1508 2161 1530; x_wconf 87' lang='lat'><strong>4</strong></span> <span class='ocrx_word' id='word_1_1244' title='bbox 2170 1518 2177 1530; x_wconf 89' lang='lat'>,</span> <span class='ocrx_word' id='word_1_1245' title='bbox 2199 1507 2222 1531; x_wconf 86' lang='grc'>13</span> 
     </span>
     <span class='ocr_line' id='line_1_127' title="bbox 1174 1528 2223 1566; baseline 0.008 -14"><span class='ocrx_word' id='word_1_1246' title='bbox 1174 1528 1250 1561; x_wconf 82' lang='lat' dir='ltr'>Qiae</span> <span class='ocrx_word' id='word_1_1247' title='bbox 1263 1535 1304 1553; x_wconf 89' lang='lat' dir='ltr'>res</span> <span class='ocrx_word' id='word_1_1248' title='bbox 1319 1535 1380 1553; x_wconf 89' lang='lat' dir='ltr'>euni</span> <span class='ocrx_word' id='word_1_1249' title='bbox 1395 1536 1443 1553; x_wconf 86' lang='lat' dir='ltr'>nec</span> <span class='ocrx_word' id='word_1_1250' title='bbox 1457 1528 1520 1554; x_wconf 88' lang='lat' dir='ltr'>dum</span> <span class='ocrx_word' id='word_1_1251' title='bbox 1533 1529 1684 1562; x_wconf 87' lang='lat' dir='ltr'>compositis</span> <span class='ocrx_word' id='word_1_1252' title='bbox 1702 1529 1868 1562; x_wconf 85' lang='lat' dir='ltr'>maturisque</span> <span class='ocrx_word' id='word_1_1253' title='bbox 1882 1530 1942 1555; x_wconf 89' lang='lat' dir='ltr'>satis</span> <span class='ocrx_word' id='word_1_1254' title='bbox 1963 1531 2080 1557; x_wconf 90' lang='lat' dir='ltr'>consiliis</span> <span class='ocrx_word' id='word_1_1255' title='bbox 2095 1533 2223 1566; x_wconf 75' lang='lat' dir='ltr'>oppreffit.</span> 
     </span>
     <span class='ocr_line' id='line_1_128' title="bbox 1173 1562 2223 1603; baseline 0.006 -14"><span class='ocrx_word' id='word_1_1256' title='bbox 1173 1563 1270 1589; x_wconf 91' lang='lat' dir='ltr'>Melius</span> <span class='ocrx_word' id='word_1_1257' title='bbox 1291 1562 1447 1595; x_wconf 87' lang='lat' dir='ltr'>consilium,</span> <span class='ocrx_word' id='word_1_1258' title='bbox 1483 1563 1627 1590; x_wconf 88' lang='lat' dir='ltr'>Ordinaria</span> <span class='ocrx_word' id='word_1_1259' title='bbox 1647 1563 1771 1596; x_wconf 85' lang='lat' dir='ltr'>consilia,</span> <span class='ocrx_word' id='word_1_1260' title='bbox 1792 1564 1886 1598; x_wconf 75' lang='lat' dir='ltr'>vidff.</span> <span class='ocrx_word' id='word_1_1261' title='bbox 1901 1565 1927 1591; x_wconf 80' lang='lat' dir='ltr'>u.</span> <span class='ocrx_word' id='word_1_1262' title='bbox 2001 1566 2112 1593; x_wconf 86' lang='lat' dir='ltr'>Nouum</span> <span class='ocrx_word' id='word_1_1263' title='bbox 2133 1569 2223 1603; x_wconf 76' lang='lat' dir='ltr'>Nepos</span> 
     </span>
     <span class='ocr_line' id='line_1_129' title="bbox 1361 1599 2223 1638; baseline 0.007 -13"><span class='ocrx_word' id='word_1_1264' title='bbox 1361 1599 1492 1634; x_wconf 87' lang='lat' dir='ltr'>Particeps</span> <span class='ocrx_word' id='word_1_1265' title='bbox 1505 1599 1610 1625; x_wconf 84' lang='lat' dir='ltr'>consilii</span> <span class='ocrx_word' id='word_1_1266' title='bbox 1623 1600 1680 1626; x_wconf 87' lang='lat' dir='ltr'>Cic.</span> <span class='ocrx_word' id='word_1_1267' title='bbox 1697 1600 1725 1625; x_wconf 91' lang='lat' dir='ltr'>in</span> <span class='ocrx_word' id='word_1_1268' title='bbox 1742 1600 1822 1626; x_wconf 83' lang='lat' dir='ltr'>Catil.</span> <span class='ocrx_word' id='word_1_1269' title='bbox 1837 1609 1863 1632; x_wconf 89' lang='lat'>2,</span> <span class='ocrx_word' id='word_1_1270' title='bbox 1879 1609 1918 1634; x_wconf 87' lang='lat'>14.</span> <span class='ocrx_word' id='word_1_1271' title='bbox 1990 1602 2115 1638; x_wconf 79' lang='lat' dir='ltr'>Praeceps</span> <span class='ocrx_word' id='word_1_1272' title='bbox 2134 1610 2159 1630; x_wconf 88' lang='lat' dir='ltr'>et</span> <span class='ocrx_word' id='word_1_1273' title='bbox 2174 1606 2223 1631; x_wconf 81' lang='lat' dir='ltr'>iin-</span> 
     </span>
     <span class='ocr_line' id='line_1_130' title="bbox 1147 1634 2221 1674; baseline 0.002 -13"><span class='ocrx_word' id='word_1_1274' title='bbox 1147 1639 1154 1644; x_wconf 67' lang='lat'><strong><em>“</em></strong></span> <span class='ocrx_word' id='word_1_1275' title='bbox 1171 1641 1305 1661; x_wconf 88' lang='lat' dir='ltr'>maturum</span> <span class='ocrx_word' id='word_1_1276' title='bbox 1323 1634 1392 1661; x_wconf 83' lang='lat' dir='ltr'>Suet.</span> <span class='ocrx_word' id='word_1_1277' title='bbox 1408 1635 1515 1669; x_wconf 83' lang='lat' dir='ltr'>August.</span> <span class='ocrx_word' id='word_1_1278' title='bbox 1536 1644 1558 1661; x_wconf 89' lang='lat' dir='ltr'>c.</span> <span class='ocrx_word' id='word_1_1279' title='bbox 1573 1640 1594 1665; x_wconf 85' lang='lat'>8.</span> <span class='ocrx_word' id='word_1_1280' title='bbox 1673 1636 1796 1669; x_wconf 84' lang='lat' dir='ltr'>Praeceps</span> <span class='ocrx_word' id='word_1_1281' title='bbox 1812 1636 1928 1662; x_wconf 87' lang='lat' dir='ltr'>consiliis</span> <span class='ocrx_word' id='word_1_1282' title='bbox 1946 1637 2001 1663; x_wconf 90' lang='lat' dir='ltr'>Cic.</span> <span class='ocrx_word' id='word_1_1283' title='bbox 2014 1638 2129 1674; x_wconf 84' lang='lat' dir='ltr'>Philipp.</span> <span class='ocrx_word' id='word_1_1284' title='bbox 2144 1649 2166 1673; x_wconf 76' lang='lat'>5,</span> <span class='ocrx_word' id='word_1_1285' title='bbox 2182 1649 2221 1674; x_wconf 76' lang='lat'>37.</span> 
     </span>
     <span class='ocr_line' id='line_1_131' title="bbox 1170 1670 2223 1706; baseline 0.002 -10"><span class='ocrx_word' id='word_1_1286' title='bbox 1170 1670 1326 1697; x_wconf 84' lang='lat' dir='ltr'>Prudentiae</span> <span class='ocrx_word' id='word_1_1287' title='bbox 1339 1676 1365 1696; x_wconf 90' lang='lat' dir='ltr'>et</span> <span class='ocrx_word' id='word_1_1288' title='bbox 1378 1670 1513 1698; x_wconf 84' lang='lat' dir='ltr'>fidelitatis</span> <span class='ocrx_word' id='word_1_1289' title='bbox 1526 1671 1603 1706; x_wconf 88' lang='lat' dir='ltr'>plena</span> <span class='ocrx_word' id='word_1_1290' title='bbox 1616 1670 1725 1698; x_wconf 87' lang='lat' dir='ltr'>consilia</span> <span class='ocrx_word' id='word_1_1291' title='bbox 1737 1671 1811 1697; x_wconf 88' lang='lat' dir='ltr'>Idem</span> <span class='ocrx_word' id='word_1_1292' title='bbox 1825 1672 1895 1698; x_wconf 88' lang='lat' dir='ltr'>Fam.</span> <span class='ocrx_word' id='word_1_1293' title='bbox 1911 1681 1950 1705; x_wconf 89' lang='lat' dir='ltr'>io,</span> <span class='ocrx_word' id='word_1_1294' title='bbox 1963 1682 1990 1706; x_wconf 88' lang='lat'>4.</span> <span class='ocrx_word' id='word_1_1295' title='bbox 2049 1675 2223 1702; x_wconf 81' lang='lat' dir='ltr'>Praesentissi.</span> 
     </span>
     <span class='ocr_line' id='line_1_132' title="bbox 1171 1706 2224 1741; baseline 0.006 -9"><span class='ocrx_word' id='word_1_1296' title='bbox 1171 1716 1245 1732; x_wconf 89' lang='lat' dir='ltr'>mum</span> <span class='ocrx_word' id='word_1_1297' title='bbox 1262 1706 1395 1740; x_wconf 66' lang='lat' dir='ltr'>Qiinefil.</span> <span class='ocrx_word' id='word_1_1298' title='bbox 1410 1715 1434 1737; x_wconf 83' lang='lat'>2,</span> <span class='ocrx_word' id='word_1_1299' title='bbox 1449 1715 1482 1739; x_wconf 92' lang='grc'>13.</span> <span class='ocrx_word' id='word_1_1300' title='bbox 1555 1706 1647 1733; x_wconf 88' lang='lat' dir='ltr'>Tacit.</span> <span class='ocrx_word' id='word_1_1301' title='bbox 1661 1706 1735 1732; x_wconf 79' lang='lat' dir='ltr'>Hist.</span> <span class='ocrx_word' id='word_1_1302' title='bbox 1747 1715 1776 1740; x_wconf 90' lang='lat'>2,</span> <span class='ocrx_word' id='word_1_1303' title='bbox 1794 1715 1816 1733; x_wconf 89' lang='grc'>11</span> <span class='ocrx_word' id='word_1_1304' title='bbox 1843 1709 1980 1741; x_wconf 82' lang='lat' dir='ltr'>Qioniam</span> <span class='ocrx_word' id='word_1_1305' title='bbox 1995 1709 2082 1736; x_wconf 85' lang='lat' dir='ltr'>Prima</span> <span class='ocrx_word' id='word_1_1306' title='bbox 2101 1711 2224 1738; x_wconf 88' lang='lat' dir='ltr'>confilio-</span> 
     </span>
     <span class='ocr_line' id='line_1_133' title="bbox 1594 1741 2222 1780; baseline 0.011 -13"><span class='ocrx_word' id='word_1_1307' title='bbox 1594 1741 1709 1768; x_wconf 88' lang='lat' dir='ltr'>Prudens</span> <span class='ocrx_word' id='word_1_1308' title='bbox 1723 1742 1819 1768; x_wconf 85' lang='lat' dir='ltr'>Balbus</span> <span class='ocrx_word' id='word_1_1309' title='bbox 1833 1749 1858 1769; x_wconf 89' lang='lat' dir='ltr'>et</span> <span class='ocrx_word' id='word_1_1310' title='bbox 1871 1745 1973 1778; x_wconf 81' lang='lat' dir='ltr'>Oppius</span> <span class='ocrx_word' id='word_1_1311' title='bbox 1989 1746 2114 1773; x_wconf 86' lang='lat' dir='ltr'>Ciceroni</span> <span class='ocrx_word' id='word_1_1312' title='bbox 2130 1748 2183 1773; x_wconf 89' lang='lat' dir='ltr'>Att.</span> <span class='ocrx_word' id='word_1_1313' title='bbox 2198 1753 2222 1780; x_wconf 84' lang='lat'>8,</span> 
     </span>
     <span class='ocr_line' id='line_1_134' title="bbox 1149 1777 2221 1815; baseline 0.007 -13"><span class='ocrx_word' id='word_1_1314' title='bbox 1149 1804 1163 1811; x_wconf 67' lang='grc'>-</span> <span class='ocrx_word' id='word_1_1315' title='bbox 1253 1778 1341 1804; x_wconf 88' lang='lat' dir='ltr'>Facile</span> <span class='ocrx_word' id='word_1_1316' title='bbox 1361 1786 1469 1811; x_wconf 85' lang='lat' dir='ltr'>omnes,</span> <span class='ocrx_word' id='word_1_1317' title='bbox 1496 1786 1578 1813; x_wconf 92' lang='lat' dir='ltr'>quum</span> <span class='ocrx_word' id='word_1_1318' title='bbox 1601 1777 1737 1810; x_wconf 88' lang='lat' dir='ltr'>valemus,</span> <span class='ocrx_word' id='word_1_1319' title='bbox 1763 1778 1845 1805; x_wconf 58' lang='lat' dir='ltr'>Recta</span> <span class='ocrx_word' id='word_1_1320' title='bbox 1863 1780 1971 1807; x_wconf 80' lang='lat' dir='ltr'>consilia</span> <span class='ocrx_word' id='word_1_1321' title='bbox 1992 1782 2106 1815; x_wconf 80' lang='lat' dir='ltr'>aegrotis</span> <span class='ocrx_word' id='word_1_1322' title='bbox 2128 1783 2221 1810; x_wconf 82' lang='lat' dir='ltr'>damus</span> 
     </span>
     <span class='ocr_line' id='line_1_135' title="bbox 1172 1813 2222 1848; baseline 0.006 -9"><span class='ocrx_word' id='word_1_1323' title='bbox 1172 1813 1242 1840; x_wconf 88' lang='lat' dir='ltr'>Ter.</span> <span class='ocrx_word' id='word_1_1324' title='bbox 1255 1813 1336 1840; x_wconf 86' lang='lat' dir='ltr'>Andr.</span> <span class='ocrx_word' id='word_1_1325' title='bbox 1352 1822 1377 1846; x_wconf 90' lang='lat'>2,</span> <span class='ocrx_word' id='word_1_1326' title='bbox 1390 1822 1410 1846; x_wconf 91' lang='lat'>1,</span> <span class='ocrx_word' id='word_1_1327' title='bbox 1423 1822 1448 1847; x_wconf 93' lang='lat'>9.</span> <span class='ocrx_word' id='word_1_1328' title='bbox 1520 1814 1626 1848; x_wconf 85' lang='lat' dir='ltr'>Sapiens</span> <span class='ocrx_word' id='word_1_1329' title='bbox 1647 1814 1729 1840; x_wconf 89' lang='lat' dir='ltr'>Ouid.</span> <span class='ocrx_word' id='word_1_1330' title='bbox 1742 1814 1806 1840; x_wconf 82' lang='lat' dir='ltr'>Mer.</span> <span class='ocrx_word' id='word_1_1331' title='bbox 1824 1823 1858 1847; x_wconf 82' lang='grc'>13,</span> <span class='ocrx_word' id='word_1_1332' title='bbox 1871 1824 1927 1848; x_wconf 83' lang='grc'>433.</span> <span class='ocrx_word' id='word_1_1333' title='bbox 1982 1817 2146 1845; x_wconf 83' lang='lat' dir='ltr'>Teiuerario</span> <span class='ocrx_word' id='word_1_1334' title='bbox 2161 1828 2222 1845; x_wconf 87' lang='lat' dir='ltr'>con-</span> 
     </span>
     <span class='ocr_line' id='line_1_136' title="bbox 1171 1848 2223 1889; baseline 0.005 -13"><span class='ocrx_word' id='word_1_1335' title='bbox 1171 1848 1231 1876; x_wconf 78' lang='lat' dir='ltr'>filio</span> <span class='ocrx_word' id='word_1_1336' title='bbox 1246 1850 1286 1875; x_wconf 90' lang='lat' dir='ltr'>vti</span> <span class='ocrx_word' id='word_1_1337' title='bbox 1305 1850 1404 1875; x_wconf 90' lang='lat' dir='ltr'>Paterc.</span> <span class='ocrx_word' id='word_1_1338' title='bbox 1419 1858 1445 1883; x_wconf 92' lang='lat'>2,</span> <span class='ocrx_word' id='word_1_1339' title='bbox 1460 1857 1514 1876; x_wconf 89' lang='lat'>120.</span> <span class='ocrx_word' id='word_1_1340' title='bbox 1587 1849 1662 1875; x_wconf 87' lang='lat' dir='ltr'>Curt.</span> <span class='ocrx_word' id='word_1_1341' title='bbox 1674 1857 1701 1884; x_wconf 89' lang='lat'>7,</span> <span class='ocrx_word' id='word_1_1342' title='bbox 1713 1859 1742 1882; x_wconf 79' lang='lat'>4,</span> <span class='ocrx_word' id='word_1_1343' title='bbox 1757 1858 1779 1876; x_wconf 88' lang='grc'>11</span> <span class='ocrx_word' id='word_1_1344' title='bbox 1806 1850 1908 1877; x_wconf 85' lang='lat' dir='ltr'>Natura</span> <span class='ocrx_word' id='word_1_1345' title='bbox 1922 1853 2078 1879; x_wconf 88' lang='lat' dir='ltr'>mortalium</span> <span class='ocrx_word' id='word_1_1346' title='bbox 2092 1854 2142 1881; x_wconf 87' lang='lat' dir='ltr'>hoc</span> <span class='ocrx_word' id='word_1_1347' title='bbox 2156 1864 2223 1889; x_wconf 87' lang='lat' dir='ltr'>quo-</span> 
     </span>
     <span class='ocr_line' id='line_1_137' title="bbox 1172 1885 2223 1925; baseline 0.008 -15"><span class='ocrx_word' id='word_1_1348' title='bbox 1172 1893 1224 1919; x_wconf 87' lang='lat' dir='ltr'>que</span> <span class='ocrx_word' id='word_1_1349' title='bbox 1239 1885 1348 1911; x_wconf 88' lang='lat' dir='ltr'>nomine</span> <span class='ocrx_word' id='word_1_1350' title='bbox 1362 1894 1442 1919; x_wconf 87' lang='lat' dir='ltr'>praua</span> <span class='ocrx_word' id='word_1_1351' title='bbox 1455 1892 1480 1912; x_wconf 90' lang='lat' dir='ltr'>et</span> <span class='ocrx_word' id='word_1_1352' title='bbox 1494 1885 1596 1911; x_wconf 88' lang='lat' dir='ltr'>sinistra</span> <span class='ocrx_word' id='word_1_1353' title='bbox 1610 1885 1663 1911; x_wconf 91' lang='lat' dir='ltr'>dici</span> <span class='ocrx_word' id='word_1_1354' title='bbox 1677 1885 1777 1919; x_wconf 84' lang='lat' dir='ltr'>potest,</span> <span class='ocrx_word' id='word_1_1355' title='bbox 1798 1887 1869 1920; x_wconf 90' lang='lat' dir='ltr'>quod</span> <span class='ocrx_word' id='word_1_1356' title='bbox 1884 1888 1912 1913; x_wconf 90' lang='lat' dir='ltr'>in</span> <span class='ocrx_word' id='word_1_1357' title='bbox 1925 1888 1971 1914; x_wconf 86' lang='lat' dir='ltr'>suo</span> <span class='ocrx_word' id='word_1_1358' title='bbox 1986 1890 2098 1923; x_wconf 81' lang='lat' dir='ltr'>quisque</span> <span class='ocrx_word' id='word_1_1359' title='bbox 2111 1891 2223 1925; x_wconf 86' lang='lat' dir='ltr'>negotio</span> 
     </span>
     <span class='ocr_line' id='line_1_138' title="bbox 1173 1920 2224 1960; baseline 0.007 -14"><span class='ocrx_word' id='word_1_1360' title='bbox 1173 1920 1297 1947; x_wconf 85' lang='lat' dir='ltr'>hebetior</span> <span class='ocrx_word' id='word_1_1361' title='bbox 1313 1921 1365 1953; x_wconf 88' lang='lat' dir='ltr'>est,</span> <span class='ocrx_word' id='word_1_1362' title='bbox 1384 1930 1464 1955; x_wconf 80' lang='lat' dir='ltr'>quam</span> <span class='ocrx_word' id='word_1_1363' title='bbox 1484 1921 1512 1947; x_wconf 89' lang='lat' dir='ltr'>in</span> <span class='ocrx_word' id='word_1_1364' title='bbox 1532 1921 1632 1947; x_wconf 89' lang='lat' dir='ltr'>alieno.</span> <span class='ocrx_word' id='word_1_1365' title='bbox 1670 1921 1796 1947; x_wconf 83' lang='lat' dir='ltr'>Turbida</span> <span class='ocrx_word' id='word_1_1366' title='bbox 1820 1922 1889 1948; x_wconf 74' lang='lat' dir='ltr'>fae‘ia</span> <span class='ocrx_word' id='word_1_1367' title='bbox 1910 1924 1968 1950; x_wconf 92' lang='lat' dir='ltr'>sunt</span> <span class='ocrx_word' id='word_1_1368' title='bbox 1989 1925 2096 1952; x_wconf 89' lang='lat' dir='ltr'>confilia</span> <span class='ocrx_word' id='word_1_1369' title='bbox 2112 1934 2224 1960; x_wconf 89' lang='lat' dir='ltr'>eorum,</span> 
     </span>
     <span class='ocr_line' id='line_1_139' title="bbox 1485 1956 2223 1989; baseline 0.009 -7"><span class='ocrx_word' id='word_1_1370' title='bbox 1485 1957 1541 1983; x_wconf 89' lang='lat' dir='ltr'>Cic.</span> <span class='ocrx_word' id='word_1_1371' title='bbox 1557 1957 1585 1982; x_wconf 89' lang='lat' dir='ltr'>in</span> <span class='ocrx_word' id='word_1_1372' title='bbox 1599 1956 1677 1983; x_wconf 90' lang='lat' dir='ltr'>Catil.</span> <span class='ocrx_word' id='word_1_1373' title='bbox 1691 1965 1720 1989; x_wconf 93' lang='grc'>3,</span> <span class='ocrx_word' id='word_1_1374' title='bbox 1736 1959 1764 1983; x_wconf 83' lang='lat'>16</span> <span class='ocrx_word' id='word_1_1375' title='bbox 1790 1958 1851 1984; x_wconf 86' lang='lat' dir='ltr'>Erat</span> <span class='ocrx_word' id='word_1_1376' title='bbox 1868 1959 1894 1984; x_wconf 86' lang='lat' dir='ltr'>ei</span> <span class='ocrx_word' id='word_1_1377' title='bbox 1911 1959 2048 1986; x_wconf 81' lang='lat' dir='ltr'>confilium</span> <span class='ocrx_word' id='word_1_1378' title='bbox 2068 1961 2101 1988; x_wconf 87' lang='lat' dir='ltr'>ad</span> <span class='ocrx_word' id='word_1_1379' title='bbox 2119 1962 2223 1989; x_wconf 84' lang='lat' dir='ltr'>facinus</span> 
     </span>
     <span class='ocr_line' id='line_1_140' title="bbox 1173 1992 2223 2028; baseline 0.006 -10"><span class='ocrx_word' id='word_1_1380' title='bbox 1173 1999 1263 2027; x_wconf 90' lang='lat' dir='ltr'>aptum</span> <span class='ocrx_word' id='word_1_1381' title='bbox 1279 2003 1284 2018; x_wconf 93' lang='lat'>:</span> <span class='ocrx_word' id='word_1_1382' title='bbox 1310 1992 1420 2019; x_wconf 87' lang='lat' dir='ltr'>confilio</span> <span class='ocrx_word' id='word_1_1383' title='bbox 1435 1999 1522 2019; x_wconf 88' lang='lat' dir='ltr'>autem</span> <span class='ocrx_word' id='word_1_1384' title='bbox 1537 2002 1622 2027; x_wconf 86' lang='lat' dir='ltr'>neque</span> <span class='ocrx_word' id='word_1_1385' title='bbox 1637 1992 1743 2027; x_wconf 83' lang='lat' dir='ltr'>lingua,</span> <span class='ocrx_word' id='word_1_1386' title='bbox 1765 2003 1850 2028; x_wconf 78' lang='lat' dir='ltr'>neque</span> <span class='ocrx_word' id='word_1_1387' title='bbox 1868 2003 1959 2021; x_wconf 88' lang='lat' dir='ltr'>manus</span> <span class='ocrx_word' id='word_1_1388' title='bbox 1978 1995 2075 2022; x_wconf 84' lang='lat' dir='ltr'>deerat.</span> <span class='ocrx_word' id='word_1_1389' title='bbox 2148 1998 2223 2024; x_wconf 84' lang='lat' dir='ltr'>idem</span> 
     </span>
     <span class='ocr_line' id='line_1_141' title="bbox 1174 2028 2225 2102; baseline 0.005 -48"><span class='ocrx_word' id='word_1_1390' title='bbox 1174 2029 1245 2055; x_wconf 86' lang='lat' dir='ltr'>Fam.</span> <span class='ocrx_word' id='word_1_1391' title='bbox 1262 2037 1281 2060; x_wconf 84' lang='lat'>1,</span> <span class='ocrx_word' id='word_1_1392' title='bbox 1296 2036 1312 2063; x_wconf 91' lang='lat'>7</span> <span class='ocrx_word' id='word_1_1393' title='bbox 1334 2029 1418 2055; x_wconf 84' lang='lat' dir='ltr'>Initio</span> <span class='ocrx_word' id='word_1_1394' title='bbox 1431 2028 1518 2062; x_wconf 85' lang='lat' dir='ltr'>scripsi</span> <span class='ocrx_word' id='word_1_1395' title='bbox 1531 2030 1614 2055; x_wconf 77' lang='lat' dir='ltr'>totius</span> <span class='ocrx_word' id='word_1_1396' title='bbox 1627 2028 1692 2054; x_wconf 77' lang='lat' dir='ltr'>faffl</span> <span class='ocrx_word' id='word_1_1397' title='bbox 1705 2029 1746 2055; x_wconf 90' lang='lat' dir='ltr'>tui</span> <span class='ocrx_word' id='word_1_1398' title='bbox 1761 2029 1908 2063; x_wconf 87' lang='lat' dir='ltr'>iudicium,</span> <span class='ocrx_word' id='word_1_1399' title='bbox 1926 2040 1981 2057; x_wconf 91' lang='lat' dir='ltr'>non</span> <span class='ocrx_word' id='word_1_1400' title='bbox 1993 2037 2047 2057; x_wconf 86' lang='lat' dir='ltr'>tam</span> <span class='ocrx_word' id='word_1_1401' title='bbox 2060 2033 2098 2102; x_wconf 53' lang='lat' dir='ltr'>{x</span> <span class='ocrx_word' id='word_1_1402' title='bbox 2113 2031 2225 2059; x_wconf 81' lang='lat' dir='ltr'>confilio</span> 
     </span>
     <span class='ocr_line' id='line_1_142' title="bbox 2111 2069 2224 2100; baseline 0.018 -7"><span class='ocrx_word' id='word_1_1403' title='bbox 2111 2075 2125 2100; x_wconf 82' lang='lat'>3</span> <span class='ocrx_word' id='word_1_1404' title='bbox 2164 2069 2224 2095; x_wconf 86' lang='lat' dir='ltr'>For-</span> 
     </span>
     <span class='ocr_line' id='line_1_143' title="bbox 2058 2103 2225 2139; baseline 0 -9"><span class='ocrx_word' id='word_1_1405' title='bbox 2058 2103 2113 2130; x_wconf 87' lang='lat' dir='ltr'>Cic.</span> <span class='ocrx_word' id='word_1_1406' title='bbox 2129 2104 2182 2130; x_wconf 82' lang='lat' dir='ltr'>Att.</span> <span class='ocrx_word' id='word_1_1407' title='bbox 2197 2112 2225 2139; x_wconf 89' lang='lat'>7,</span> 
     </span>
     <span class='ocr_line' id='line_1_144' title="bbox 1933 2135 2223 2173; baseline 0.01 -11"><span class='ocrx_word' id='word_1_1408' title='bbox 1933 2135 2059 2164; x_wconf 87' lang='lat' dir='ltr'>Abiicere</span> <span class='ocrx_word' id='word_1_1409' title='bbox 2073 2139 2223 2173; x_wconf 87' lang='lat' dir='ltr'>confilium,</span> 
     </span>
     <span class='ocr_line' id='line_1_145' title="bbox 1170 2168 2221 2208; baseline 0.007 -14"><span class='ocrx_word' id='word_1_1410' title='bbox 1170 2169 1244 2194; x_wconf 87' lang='lat' dir='ltr'>Idem</span> <span class='ocrx_word' id='word_1_1411' title='bbox 1261 2170 1313 2195; x_wconf 74' lang='lat' dir='ltr'>Art.</span> <span class='ocrx_word' id='word_1_1412' title='bbox 1329 2177 1351 2201; x_wconf 76' lang='grc' dir='ltr'>ς,</span> <span class='ocrx_word' id='word_1_1413' title='bbox 1366 2177 1398 2195; x_wconf 91' lang='grc'>11.</span> <span class='ocrx_word' id='word_1_1414' title='bbox 1470 2168 1613 2195; x_wconf 87' lang='lat' dir='ltr'>Abundare</span> <span class='ocrx_word' id='word_1_1415' title='bbox 1626 2169 1737 2195; x_wconf 82' lang='lat' dir='ltr'>coufiiio</span> <span class='ocrx_word' id='word_1_1416' title='bbox 1754 2170 1810 2196; x_wconf 88' lang='lat' dir='ltr'>Cic.</span> <span class='ocrx_word' id='word_1_1417' title='bbox 1824 2171 1895 2197; x_wconf 85' lang='lat' dir='ltr'>Fam.</span> <span class='ocrx_word' id='word_1_1418' title='bbox 1908 2179 1952 2204; x_wconf 88' lang='lat'>10,</span> <span class='ocrx_word' id='word_1_1419' title='bbox 1969 2174 2007 2198; x_wconf 87' lang='lat'>16.</span> <span class='ocrx_word' id='word_1_1420' title='bbox 2078 2175 2221 2208; x_wconf 79' lang='lat' dir='ltr'>Acceptum</span> 
     </span>
     <span class='ocr_line' id='line_1_146' title="bbox 1170 2203 2221 2243; baseline 0.007 -13"><span class='ocrx_word' id='word_1_1421' title='bbox 1170 2204 1204 2230; x_wconf 87' lang='lat' dir='ltr'>ab</span> <span class='ocrx_word' id='word_1_1422' title='bbox 1218 2203 1364 2236; x_wconf 86' lang='lat' dir='ltr'>vniuerfis,</span> <span class='ocrx_word' id='word_1_1423' title='bbox 1381 2210 1407 2230; x_wconf 85' lang='lat' dir='ltr'>et</span> <span class='ocrx_word' id='word_1_1424' title='bbox 1427 2205 1617 2238; x_wconf 86' lang='lat' dir='ltr'>complacitum</span> <span class='ocrx_word' id='word_1_1425' title='bbox 1635 2204 1671 2230; x_wconf 90' lang='lat' dir='ltr'>est</span> <span class='ocrx_word' id='word_1_1426' title='bbox 1690 2204 1844 2238; x_wconf 88' lang='lat' dir='ltr'>confilium,</span> <span class='ocrx_word' id='word_1_1427' title='bbox 1864 2207 1934 2240; x_wconf 89' lang='lat' dir='ltr'>quod</span> <span class='ocrx_word' id='word_1_1428' title='bbox 1956 2207 2033 2233; x_wconf 82' lang='lat' dir='ltr'>dabat</span> <span class='ocrx_word' id='word_1_1429' title='bbox 2051 2209 2117 2235; x_wconf 83' lang='lat' dir='ltr'>Geli.</span> <span class='ocrx_word' id='word_1_1430' title='bbox 2139 2216 2181 2243; x_wconf 86' lang='lat'>18,</span> <span class='ocrx_word' id='word_1_1431' title='bbox 2200 2220 2221 2243; x_wconf 92' lang='grc'>3.</span> 
     </span>
     <span class='ocr_line' id='line_1_147' title="bbox 1171 2239 2186 2278; baseline 0.006 -12"><span class='ocrx_word' id='word_1_1432' title='bbox 1171 2240 1396 2271; x_wconf 84' lang='lat' dir='ltr'>Accoinniodare,</span> <span class='ocrx_word' id='word_1_1433' title='bbox 1415 2239 1468 2265; x_wconf 85' lang='lat' dir='ltr'>vicl.</span> <span class='ocrx_word' id='word_1_1434' title='bbox 1481 2241 1506 2265; x_wconf 86' lang='lat' dir='ltr'>h.</span> <span class='ocrx_word' id='word_1_1435' title='bbox 1519 2249 1544 2265; x_wconf 86' lang='grc' dir='ltr'>υ.</span> <span class='ocrx_word' id='word_1_1436' title='bbox 1600 2239 1739 2266; x_wconf 87' lang='lat' dir='ltr'>Adducere</span> <span class='ocrx_word' id='word_1_1437' title='bbox 1751 2239 1783 2266; x_wconf 87' lang='lat' dir='ltr'>ad</span> <span class='ocrx_word' id='word_1_1438' title='bbox 1795 2241 1932 2267; x_wconf 86' lang='lat' dir='ltr'>confilium</span> <span class='ocrx_word' id='word_1_1439' title='bbox 1948 2243 2004 2269; x_wconf 89' lang='lat' dir='ltr'>Cic.</span> <span class='ocrx_word' id='word_1_1440' title='bbox 2020 2242 2091 2271; x_wconf 86' lang='lat' dir='ltr'>Fam.</span> <span class='ocrx_word' id='word_1_1441' title='bbox 2108 2253 2142 2278; x_wconf 81' lang='lat'>15,</span> <span class='ocrx_word' id='word_1_1442' title='bbox 2180 2266 2186 2271; x_wconf 93' lang='lat'>.</span> 
     </span>
     <span class='ocr_line' id='line_1_148' title="bbox 1171 2273 2222 2310; baseline 0.008 -9"><span class='ocrx_word' id='word_1_1443' title='bbox 1171 2275 1262 2301; x_wconf 86' lang='lat' dir='ltr'>Adesse</span> <span class='ocrx_word' id='word_1_1444' title='bbox 1280 2275 1363 2301; x_wconf 88' lang='lat' dir='ltr'>alicui</span> <span class='ocrx_word' id='word_1_1445' title='bbox 1382 2275 1411 2300; x_wconf 88' lang='lat' dir='ltr'>in</span> <span class='ocrx_word' id='word_1_1446' title='bbox 1429 2274 1540 2300; x_wconf 90' lang='lat' dir='ltr'>confilio</span> <span class='ocrx_word' id='word_1_1447' title='bbox 1558 2273 1633 2300; x_wconf 88' lang='lat' dir='ltr'>Idem</span> <span class='ocrx_word' id='word_1_1448' title='bbox 1648 2283 1698 2308; x_wconf 89' lang='lat' dir='ltr'>pro</span> <span class='ocrx_word' id='word_1_1449' title='bbox 1711 2275 1805 2308; x_wconf 83' lang='lat' dir='ltr'>Qiint.</span> <span class='ocrx_word' id='word_1_1450' title='bbox 1818 2284 1861 2310; x_wconf 91' lang='lat'>79.</span> <span class='ocrx_word' id='word_1_1451' title='bbox 1936 2278 2041 2305; x_wconf 86' lang='lat' dir='ltr'>Adhibe</span> <span class='ocrx_word' id='word_1_1452' title='bbox 2057 2287 2081 2306; x_wconf 86' lang='lat' dir='ltr'>te</span> <span class='ocrx_word' id='word_1_1453' title='bbox 2097 2281 2124 2307; x_wconf 91' lang='lat' dir='ltr'>in</span> <span class='ocrx_word' id='word_1_1454' title='bbox 2139 2281 2222 2308; x_wconf 84' lang='lat' dir='ltr'>confi—</span> 
     </span>
     <span class='ocr_line' id='line_1_149' title="bbox 1395 2308 2220 2352; baseline 0.016 -20"><span class='ocrx_word' id='word_1_1455' title='bbox 1395 2344 1400 2348; x_wconf 44' lang='lat'>·</span> <span class='ocrx_word' id='word_1_1456' title='bbox 1463 2345 1467 2348; x_wconf 45' lang='grc'>-</span> <span class='ocrx_word' id='word_1_1457' title='bbox 1553 2308 1706 2342; x_wconf 86' lang='lat' dir='ltr'>Adiuuare,</span> <span class='ocrx_word' id='word_1_1458' title='bbox 1725 2311 1811 2347; x_wconf 71' lang='lat' dir='ltr'>vids</span> <span class='ocrx_word' id='word_1_1459' title='bbox 1824 2314 1841 2337; x_wconf 93' lang='grc' dir='ltr'>Ι.</span> <span class='ocrx_word' id='word_1_1460' title='bbox 1897 2312 2090 2342; x_wconf 87' lang='lat' dir='ltr'>Administrare</span> <span class='ocrx_word' id='word_1_1461' title='bbox 2109 2318 2220 2352; x_wconf 67' lang='lat' dir='ltr'>Qiinet.</span> 
     </span>
     <span class='ocr_line' id='line_1_150' title="bbox 1171 2343 2219 2386; baseline 0.012 -19"><span class='ocrx_word' id='word_1_1462' title='bbox 1171 2353 1194 2377; x_wconf 78' lang='grc' dir='ltr'>ς,</span> <span class='ocrx_word' id='word_1_1463' title='bbox 1211 2353 1250 2376; x_wconf 85' lang='lat'>14·</span> <span class='ocrx_word' id='word_1_1464' title='bbox 1321 2343 1470 2383; x_wconf 80' lang='lat' dir='ltr'>Adniisceri</span> <span class='ocrx_word' id='word_1_1465' title='bbox 1489 2344 1536 2377; x_wconf 88' lang='lat' dir='ltr'>ad,</span> <span class='ocrx_word' id='word_1_1466' title='bbox 1573 2345 1723 2372; x_wconf 87' lang='lat' dir='ltr'>Admittere</span> <span class='ocrx_word' id='word_1_1467' title='bbox 1737 2346 1781 2379; x_wconf 90' lang='lat' dir='ltr'>in,</span> <span class='ocrx_word' id='word_1_1468' title='bbox 1817 2346 1930 2374; x_wconf 89' lang='lat' dir='ltr'>Admitti</span> <span class='ocrx_word' id='word_1_1469' title='bbox 1944 2349 1977 2375; x_wconf 88' lang='lat' dir='ltr'>ad</span> <span class='ocrx_word' id='word_1_1470' title='bbox 1990 2351 2146 2386; x_wconf 87' lang='lat' dir='ltr'>consilium,</span> <span class='ocrx_word' id='word_1_1471' title='bbox 2167 2354 2219 2381; x_wconf 70' lang='lat' dir='ltr'>oid.</span> 
     </span>
     <span class='ocr_line' id='line_1_151' title="bbox 1170 2380 2220 2423; baseline 0.01 -18"><span class='ocrx_word' id='word_1_1472' title='bbox 1170 2380 1212 2419; x_wconf 54' lang='lat' dir='ltr'>bh.</span> <span class='ocrx_word' id='word_1_1473' title='bbox 1231 2388 1275 2406; x_wconf 82' lang='lat' dir='ltr'>vv.</span> <span class='ocrx_word' id='word_1_1474' title='bbox 1330 2380 1387 2407; x_wconf 90' lang='lat' dir='ltr'>Cic.</span> <span class='ocrx_word' id='word_1_1475' title='bbox 1400 2380 1453 2420; x_wconf 74' lang='lat' dir='ltr'>Att.</span> <span class='ocrx_word' id='word_1_1476' title='bbox 1468 2387 1502 2413; x_wconf 87' lang='lat'>15,</span> <span class='ocrx_word' id='word_1_1477' title='bbox 1517 2389 1527 2406; x_wconf 90' lang='lat'>1</span> <span class='ocrx_word' id='word_1_1478' title='bbox 1548 2381 1621 2414; x_wconf 86' lang='lat' dir='ltr'>Qiid</span> <span class='ocrx_word' id='word_1_1479' title='bbox 1636 2381 1707 2407; x_wconf 89' lang='lat' dir='ltr'>enim</span> <span class='ocrx_word' id='word_1_1480' title='bbox 1721 2381 1871 2410; x_wconf 85' lang='lat' dir='ltr'>illiAfferre</span> <span class='ocrx_word' id='word_1_1481' title='bbox 1884 2385 1986 2411; x_wconf 88' lang='lat' dir='ltr'>consilii</span> <span class='ocrx_word' id='word_1_1482' title='bbox 2001 2388 2117 2421; x_wconf 72' lang='lat' dir='ltr'>possum,</span> <span class='ocrx_word' id='word_1_1483' title='bbox 2137 2399 2220 2423; x_wconf 88' lang='lat' dir='ltr'>quum</span> 
     </span>
     <span class='ocr_line' id='line_1_152' title="bbox 1171 2415 2220 2458; baseline 0.011 -18"><span class='ocrx_word' id='word_1_1484' title='bbox 1171 2415 1226 2450; x_wconf 86' lang='lat' dir='ltr'>ipse</span> <span class='ocrx_word' id='word_1_1485' title='bbox 1246 2424 1335 2450; x_wconf 86' lang='lat' dir='ltr'>egeam</span> <span class='ocrx_word' id='word_1_1486' title='bbox 1356 2415 1484 2442; x_wconf 65' lang='lat' dir='ltr'>consilio?</span> <span class='ocrx_word' id='word_1_1487' title='bbox 1556 2416 1659 2444; x_wconf 83' lang='lat' dir='ltr'>Afferre</span> <span class='ocrx_word' id='word_1_1488' title='bbox 1674 2417 1703 2443; x_wconf 90' lang='lat' dir='ltr'>in</span> <span class='ocrx_word' id='word_1_1489' title='bbox 1716 2418 1842 2453; x_wconf 83' lang='lat' dir='ltr'>templum</span> <span class='ocrx_word' id='word_1_1490' title='bbox 1864 2420 2004 2448; x_wconf 88' lang='lat' dir='ltr'>confilium</span> <span class='ocrx_word' id='word_1_1491' title='bbox 2020 2422 2088 2449; x_wconf 90' lang='lat' dir='ltr'>furti</span> <span class='ocrx_word' id='word_1_1492' title='bbox 2109 2425 2220 2458; x_wconf 61' lang='lat' dir='ltr'>Qun&amp;</span> 
     </span>
     <span class='ocr_line' id='line_1_153' title="bbox 1170 2451 2217 2494; baseline 0.011 -18"><span class='ocrx_word' id='word_1_1493' title='bbox 1170 2460 1197 2484; x_wconf 89' lang='lat'>4,</span> <span class='ocrx_word' id='word_1_1494' title='bbox 1213 2459 1237 2477; x_wconf 85' lang='lat'>2..</span> <span class='ocrx_word' id='word_1_1495' title='bbox 1268 2478 1270 2480; x_wconf 79' lang='grc'><strong>,</strong></span> <span class='ocrx_word' id='word_1_1496' title='bbox 1309 2451 1411 2486; x_wconf 83' lang='lat' dir='ltr'>Agere,</span> <span class='ocrx_word' id='word_1_1497' title='bbox 1434 2451 1487 2478; x_wconf 84' lang='lat' dir='ltr'>vid.</span> <span class='ocrx_word' id='word_1_1498' title='bbox 1502 2458 1597 2479; x_wconf 84' lang='lat' dir='ltr'>AGO.</span> <span class='ocrx_word' id='word_1_1499' title='bbox 1669 2453 1777 2487; x_wconf 88' lang='lat' dir='ltr'>Agitare</span> <span class='ocrx_word' id='word_1_1500' title='bbox 1799 2455 1866 2482; x_wconf 86' lang='lat' dir='ltr'>mala</span> <span class='ocrx_word' id='word_1_1501' title='bbox 1885 2456 1991 2483; x_wconf 86' lang='lat' dir='ltr'>consilia</span> <span class='ocrx_word' id='word_1_1502' title='bbox 2009 2458 2066 2485; x_wconf 90' lang='lat' dir='ltr'>Sen.</span> <span class='ocrx_word' id='word_1_1503' title='bbox 2084 2460 2163 2494; x_wconf 70' lang='lat' dir='ltr'>Epist.</span> <span class='ocrx_word' id='word_1_1504' title='bbox 2180 2470 2217 2489; x_wconf 84' lang='lat'>10.</span> 
     </span>
     <span class='ocr_line' id='line_1_154' title="bbox 1427 2489 2219 2528; baseline 0.018 -18"><span class='ocrx_word' id='word_1_1505' title='bbox 1427 2523 1433 2528; x_wconf 33' lang='grc' dir='ltr'>ι</span> <span class='ocrx_word' id='word_1_1506' title='bbox 1674 2489 1809 2516; x_wconf 87' lang='lat' dir='ltr'>Amouere</span> <span class='ocrx_word' id='word_1_1507' title='bbox 1831 2491 1938 2518; x_wconf 86' lang='lat' dir='ltr'>consilia</span> <span class='ocrx_word' id='word_1_1508' title='bbox 1958 2494 2020 2520; x_wconf 81' lang='lat' dir='ltr'>cassa</span> <span class='ocrx_word' id='word_1_1509' title='bbox 2041 2495 2099 2521; x_wconf 90' lang='lat' dir='ltr'>Sen.</span> <span class='ocrx_word' id='word_1_1510' title='bbox 2114 2496 2219 2524; x_wconf 89' lang='lat' dir='ltr'>Troad.</span> 
     </span>
     <span class='ocr_line' id='line_1_155' title="bbox 1169 2522 2219 2560; baseline 0.012 -13"><span class='ocrx_word' id='word_1_1511' title='bbox 1169 2530 1228 2557; x_wconf 81' lang='lat'>570.</span> <span class='ocrx_word' id='word_1_1512' title='bbox 1301 2522 1449 2557; x_wconf 65' lang='lat' dir='ltr'>Ainpleeh,</span> <span class='ocrx_word' id='word_1_1513' title='bbox 1475 2523 1528 2549; x_wconf 83' lang='lat' dir='ltr'>uid.</span> <span class='ocrx_word' id='word_1_1514' title='bbox 1543 2524 1566 2551; x_wconf 86' lang='lat' dir='ltr'>h.</span> <span class='ocrx_word' id='word_1_1515' title='bbox 1580 2533 1606 2550; x_wconf 88' lang='lat' dir='ltr'>v.</span> <span class='ocrx_word' id='word_1_1516' title='bbox 1677 2525 1790 2559; x_wconf 82' lang='lat' dir='ltr'>Aperite</span> <span class='ocrx_word' id='word_1_1517' title='bbox 1802 2527 1904 2554; x_wconf 83' lang='lat' dir='ltr'>consilii</span> <span class='ocrx_word' id='word_1_1518' title='bbox 1924 2528 2011 2555; x_wconf 89' lang='lat' dir='ltr'>fontes</span> <span class='ocrx_word' id='word_1_1519' title='bbox 2031 2531 2086 2558; x_wconf 93' lang='lat' dir='ltr'>Cic.</span> <span class='ocrx_word' id='word_1_1520' title='bbox 2099 2531 2131 2558; x_wconf 89' lang='lat' dir='ltr'>ad</span> <span class='ocrx_word' id='word_1_1521' title='bbox 2145 2533 2219 2560; x_wconf 85' lang='lat' dir='ltr'>Brut.</span> 
     </span>
     <span class='ocr_line' id='line_1_156' title="bbox 1170 2558 2219 2599; baseline 0.01 -15"><span class='ocrx_word' id='word_1_1522' title='bbox 1170 2567 1209 2585; x_wconf 81' lang='grc' dir='ltr'>ιο.</span> <span class='ocrx_word' id='word_1_1523' title='bbox 1263 2558 1389 2586; x_wconf 85' lang='lat' dir='ltr'>Assentiri</span> <span class='ocrx_word' id='word_1_1524' title='bbox 1406 2558 1518 2585; x_wconf 89' lang='lat' dir='ltr'>confilio</span> <span class='ocrx_word' id='word_1_1525' title='bbox 1538 2559 1611 2586; x_wconf 90' lang='lat' dir='ltr'>Idem</span> <span class='ocrx_word' id='word_1_1526' title='bbox 1632 2560 1704 2587; x_wconf 91' lang='lat' dir='ltr'>Fam.</span> <span class='ocrx_word' id='word_1_1527' title='bbox 1720 2569 1752 2594; x_wconf 90' lang='lat'>11,</span> <span class='ocrx_word' id='word_1_1528' title='bbox 1790 2581 1797 2588; x_wconf 93' lang='lat'>.</span> <span class='ocrx_word' id='word_1_1529' title='bbox 1913 2564 2063 2599; x_wconf 79' lang='lat' dir='ltr'>Asl&#39;umere,</span> <span class='ocrx_word' id='word_1_1530' title='bbox 2089 2567 2141 2593; x_wconf 75' lang='lat' dir='ltr'>uid.</span> <span class='ocrx_word' id='word_1_1531' title='bbox 2156 2569 2180 2595; x_wconf 81' lang='lat' dir='ltr'>h.</span> <span class='ocrx_word' id='word_1_1532' title='bbox 2192 2578 2219 2596; x_wconf 82' lang='lat' dir='ltr'>v.</span> 
     </span>
     <span class='ocr_line' id='line_1_157' title="bbox 1169 2594 2217 2639; baseline 0.01 -19"><span class='ocrx_word' id='word_1_1533' title='bbox 1169 2594 1226 2621; x_wconf 92' lang='lat' dir='ltr'>Cic.</span> <span class='ocrx_word' id='word_1_1534' title='bbox 1239 2594 1311 2621; x_wconf 86' lang='lat' dir='ltr'>Fam.</span> <span class='ocrx_word' id='word_1_1535' title='bbox 1323 2604 1351 2628; x_wconf 85' lang='lat'>2,</span> <span class='ocrx_word' id='word_1_1536' title='bbox 1365 2602 1382 2630; x_wconf 91' lang='lat'>7</span> <span class='ocrx_word' id='word_1_1537' title='bbox 1403 2595 1447 2622; x_wconf 91' lang='lat' dir='ltr'>Ne</span> <span class='ocrx_word' id='word_1_1538' title='bbox 1460 2601 1486 2621; x_wconf 95' lang='lat' dir='ltr'>te</span> <span class='ocrx_word' id='word_1_1539' title='bbox 1499 2595 1629 2636; x_wconf 82' lang='lat' dir='ltr'>Auferant</span> <span class='ocrx_word' id='word_1_1540' title='bbox 1642 2596 1758 2623; x_wconf 88' lang='lat' dir='ltr'>aliorum</span> <span class='ocrx_word' id='word_1_1541' title='bbox 1772 2598 1887 2625; x_wconf 89' lang='lat' dir='ltr'>consilia.</span> <span class='ocrx_word' id='word_1_1542' title='bbox 1959 2601 2060 2636; x_wconf 85' lang='lat' dir='ltr'>Capere</span> <span class='ocrx_word' id='word_1_1543' title='bbox 2078 2604 2108 2630; x_wconf 93' lang='lat' dir='ltr'>C.</span> <span class='ocrx_word' id='word_1_1544' title='bbox 2124 2604 2217 2639; x_wconf 85' lang='lat' dir='ltr'>Nepos</span> 
     </span>
     <span class='ocr_line' id='line_1_158' title="bbox 1171 2631 2043 2669; baseline 0.008 -13"><span class='ocrx_word' id='word_1_1545' title='bbox 1171 2635 1206 2665; x_wconf 86' lang='lat'>18,</span> <span class='ocrx_word' id='word_1_1546' title='bbox 1219 2635 1243 2662; x_wconf 88' lang='lat'>8,</span> <span class='ocrx_word' id='word_1_1547' title='bbox 1256 2640 1283 2664; x_wconf 91' lang='lat'>4.</span> <span class='ocrx_word' id='word_1_1548' title='bbox 1318 2637 1343 2657; x_wconf 84' lang='lat' dir='ltr'>et</span> <span class='ocrx_word' id='word_1_1549' title='bbox 1363 2640 1392 2665; x_wconf 92' lang='lat'>4,</span> <span class='ocrx_word' id='word_1_1550' title='bbox 1405 2639 1427 2663; x_wconf 84' lang='grc'>3,</span> <span class='ocrx_word' id='word_1_1551' title='bbox 1440 2639 1462 2663; x_wconf 85' lang='grc'>3.</span> <span class='ocrx_word' id='word_1_1552' title='bbox 1533 2631 1590 2659; x_wconf 90' lang='lat' dir='ltr'>Cic.</span> <span class='ocrx_word' id='word_1_1553' title='bbox 1602 2632 1675 2659; x_wconf 85' lang='lat' dir='ltr'>Fam.</span> <span class='ocrx_word' id='word_1_1554' title='bbox 1689 2642 1709 2664; x_wconf 81' lang='lat'>3,</span> <span class='ocrx_word' id='word_1_1555' title='bbox 1719 2641 1741 2665; x_wconf 90' lang='grc'>3.</span> <span class='ocrx_word' id='word_1_1556' title='bbox 1773 2640 1798 2659; x_wconf 80' lang='lat' dir='ltr'>et</span> <span class='ocrx_word' id='word_1_1557' title='bbox 1817 2642 1843 2666; x_wconf 89' lang='lat'>9,</span> <span class='ocrx_word' id='word_1_1558' title='bbox 1857 2642 1878 2660; x_wconf 86' lang='lat'>2.</span> <span class='ocrx_word' id='word_1_1559' title='bbox 1910 2641 1935 2661; x_wconf 74' lang='lat' dir='ltr'>et</span> <span class='ocrx_word' id='word_1_1560' title='bbox 1955 2645 1995 2669; x_wconf 85' lang='lat'>14,</span> <span class='ocrx_word' id='word_1_1561' title='bbox 2010 2646 2043 2664; x_wconf 88' lang='lat'>12.</span> 
     </span>
     <span class='ocr_line' id='line_1_159' title="bbox 1189 2669 2218 2708; baseline 0.014 -20"><span class='ocrx_word' id='word_1_1562' title='bbox 1189 2702 1194 2706; x_wconf 93' lang='lat'>.</span> <span class='ocrx_word' id='word_1_1563' title='bbox 1219 2702 1225 2707; x_wconf 27' lang='grc' dir='ltr'>ι</span> <span class='ocrx_word' id='word_1_1564' title='bbox 1658 2669 1759 2703; x_wconf 83' lang='lat' dir='ltr'>Capere</span> <span class='ocrx_word' id='word_1_1565' title='bbox 1781 2677 1812 2695; x_wconf 85' lang='lat' dir='ltr'>ex</span> <span class='ocrx_word' id='word_1_1566' title='bbox 1833 2675 1952 2704; x_wconf 89' lang='lat' dir='ltr'>tempore</span> <span class='ocrx_word' id='word_1_1567' title='bbox 1971 2673 2027 2699; x_wconf 90' lang='lat' dir='ltr'>Cic.</span> <span class='ocrx_word' id='word_1_1568' title='bbox 2042 2673 2116 2700; x_wconf 83' lang='lat' dir='ltr'>Offic.</span> <span class='ocrx_word' id='word_1_1569' title='bbox 2131 2684 2161 2707; x_wconf 90' lang='lat'>2,</span> <span class='ocrx_word' id='word_1_1570' title='bbox 2181 2684 2218 2708; x_wconf 89' lang='grc'>33.</span> 
     </span>
     <span class='ocr_line' id='line_1_160' title="bbox 1169 2701 2215 2743; baseline 0.011 -16"><span class='ocrx_word' id='word_1_1571' title='bbox 1169 2701 1227 2728; x_wconf 88' lang='lat' dir='ltr'>Sibi</span> <span class='ocrx_word' id='word_1_1572' title='bbox 1241 2702 1430 2743; x_wconf 62' lang='lat' dir='ltr'>Caperessaes.</span> <span class='ocrx_word' id='word_1_1573' title='bbox 1445 2702 1548 2730; x_wconf 86' lang='lat' dir='ltr'>Bell.C.</span> <span class='ocrx_word' id='word_1_1574' title='bbox 1563 2711 1590 2736; x_wconf 91' lang='lat'>1,</span> <span class='ocrx_word' id='word_1_1575' title='bbox 1609 2711 1628 2730; x_wconf 92' lang='grc'>1.</span> <span class='ocrx_word' id='word_1_1576' title='bbox 1699 2703 1757 2731; x_wconf 91' lang='lat' dir='ltr'>Sibi</span> <span class='ocrx_word' id='word_1_1577' title='bbox 1774 2705 1913 2740; x_wconf 82' lang='lat' dir='ltr'>separatim</span> <span class='ocrx_word' id='word_1_1578' title='bbox 1930 2716 1945 2733; x_wconf 92' lang='lat' dir='ltr'>a</span> <span class='ocrx_word' id='word_1_1579' title='bbox 1959 2709 2070 2743; x_wconf 88' lang='lat' dir='ltr'>reliquis</span> <span class='ocrx_word' id='word_1_1580' title='bbox 2090 2711 2164 2737; x_wconf 85' lang='lat' dir='ltr'>Idei&#39;n</span> <span class='ocrx_word' id='word_1_1581' title='bbox 2176 2711 2215 2738; x_wconf 90' lang='lat' dir='ltr'>ib.</span> 
     </span>
     <span class='ocr_line' id='line_1_161' title="bbox 1171 2739 2216 2780; baseline 0.01 -17"><span class='ocrx_word' id='word_1_1582' title='bbox 1171 2746 1193 2764; x_wconf 90' lang='lat' dir='ltr'>c.</span> <span class='ocrx_word' id='word_1_1583' title='bbox 1206 2740 1250 2772; x_wconf 89' lang='lat'>76.</span> <span class='ocrx_word' id='word_1_1584' title='bbox 1322 2739 1379 2765; x_wconf 90' lang='lat' dir='ltr'>Cic.</span> <span class='ocrx_word' id='word_1_1585' title='bbox 1393 2739 1469 2765; x_wconf 88' lang='lat' dir='ltr'>Verr.</span> <span class='ocrx_word' id='word_1_1586' title='bbox 1484 2747 1507 2771; x_wconf 85' lang='lat'>2,</span> <span class='ocrx_word' id='word_1_1587' title='bbox 1519 2747 1549 2771; x_wconf 89' lang='lat'>41</span> <span class='ocrx_word' id='word_1_1588' title='bbox 1567 2739 1645 2774; x_wconf 86' lang='lat' dir='ltr'>Capit</span> <span class='ocrx_word' id='word_1_1589' title='bbox 1658 2739 1796 2768; x_wconf 88' lang='lat' dir='ltr'>confilium</span> <span class='ocrx_word' id='word_1_1590' title='bbox 1810 2741 1842 2767; x_wconf 87' lang='lat' dir='ltr'>de</span> <span class='ocrx_word' id='word_1_1591' title='bbox 1855 2742 2002 2770; x_wconf 88' lang='lat' dir='ltr'>amicorum</span> <span class='ocrx_word' id='word_1_1592' title='bbox 2016 2751 2042 2770; x_wconf 86' lang='lat' dir='ltr'>et</span> <span class='ocrx_word' id='word_1_1593' title='bbox 2051 2746 2216 2780; x_wconf 89' lang='lat' dir='ltr'>propinquo-</span> 
     </span>
     <span class='ocr_line' id='line_1_162' title="bbox 1169 2773 2214 2812; baseline 0.009 -13"><span class='ocrx_word' id='word_1_1594' title='bbox 1169 2782 1230 2800; x_wconf 88' lang='lat' dir='ltr'>rum</span> <span class='ocrx_word' id='word_1_1595' title='bbox 1246 2773 1374 2800; x_wconf 88' lang='lat' dir='ltr'>sententia</span> <span class='ocrx_word' id='word_1_1596' title='bbox 1387 2782 1442 2800; x_wconf 89' lang='lat' dir='ltr'>non</span> <span class='ocrx_word' id='word_1_1597' title='bbox 1455 2773 1538 2801; x_wconf 74' lang='lat' dir='ltr'>adesse</span> <span class='ocrx_word' id='word_1_1598' title='bbox 1557 2775 1589 2802; x_wconf 89' lang='lat' dir='ltr'>ad</span> <span class='ocrx_word' id='word_1_1599' title='bbox 1604 2775 1744 2803; x_wconf 90' lang='lat' dir='ltr'>iudicium.</span> <span class='ocrx_word' id='word_1_1600' title='bbox 1816 2778 1917 2812; x_wconf 86' lang='lat' dir='ltr'>Capere</span> <span class='ocrx_word' id='word_1_1601' title='bbox 1936 2779 2084 2812; x_wconf 85' lang='lat' dir='ltr'>perniciosa</span> <span class='ocrx_word' id='word_1_1602' title='bbox 2095 2780 2214 2808; x_wconf 69' lang='lat' dir='ltr'>⁴alicuius</span> 
     </span>
     <span class='ocr_line' id='line_1_163' title="bbox 1168 2809 2214 2848; baseline 0.009 -13"><span class='ocrx_word' id='word_1_1603' title='bbox 1168 2809 1210 2836; x_wconf 89' lang='lat' dir='ltr'>rei</span> <span class='ocrx_word' id='word_1_1604' title='bbox 1223 2809 1331 2836; x_wconf 86' lang='lat' dir='ltr'>consilia</span> <span class='ocrx_word' id='word_1_1605' title='bbox 1344 2809 1417 2836; x_wconf 89' lang='lat' dir='ltr'>Ideni</span> <span class='ocrx_word' id='word_1_1606' title='bbox 1432 2819 1481 2845; x_wconf 87' lang='lat' dir='ltr'>pro</span> <span class='ocrx_word' id='word_1_1607' title='bbox 1493 2810 1582 2837; x_wconf 88' lang='lat' dir='ltr'>Domo</span> <span class='ocrx_word' id='word_1_1608' title='bbox 1596 2820 1647 2845; x_wconf 88' lang='lat'>114.</span> <span class='ocrx_word' id='word_1_1609' title='bbox 1718 2813 1866 2847; x_wconf 85' lang='lat' dir='ltr'>Capessere,</span> <span class='ocrx_word' id='word_1_1610' title='bbox 1903 2814 2030 2848; x_wconf 68' lang='lat' dir='ltr'>Capram,</span> <span class='ocrx_word' id='word_1_1611' title='bbox 2055 2815 2108 2842; x_wconf 84' lang='lat' dir='ltr'>vid.</span> <span class='ocrx_word' id='word_1_1612' title='bbox 2129 2817 2171 2844; x_wconf 79' lang='lat' dir='ltr'>hh.</span> <span class='ocrx_word' id='word_1_1613' title='bbox 2187 2817 2214 2844; x_wconf 81' lang='lat' dir='ltr'>ll.</span> 
     </span>
    </p>
   </div>
   <div class='ocr_carea' id='block_1_42' title="bbox 1171 1742 1524 1769">
    <p class='ocr_par' dir='ltr' id='par_1_47' title="bbox 1171 1742 1524 1769">
     <span class='ocr_line' id='line_1_164' title="bbox 1171 1742 1524 1769; baseline -0.003 -1"><span class='ocrx_word' id='word_1_1614' title='bbox 1171 1751 1233 1769; x_wconf 89' lang='lat' dir='ltr'>rum</span> <span class='ocrx_word' id='word_1_1615' title='bbox 1251 1742 1349 1769; x_wconf 86' lang='lat' dir='ltr'>frustra</span> <span class='ocrx_word' id='word_1_1616' title='bbox 1368 1743 1524 1769; x_wconf 86' lang='lat' dir='ltr'>ceciderant.</span> 
     </span>
    </p>
   </div>
   <div class='ocr_carea' id='block_1_43' title="bbox 1172 2064 1986 2134">
    <p class='ocr_par' dir='ltr' id='par_1_48' title="bbox 1172 2064 1986 2134">
     <span class='ocr_line' id='line_1_165' title="bbox 1172 2064 1865 2098; baseline 0 -8"><span class='ocrx_word' id='word_1_1617' title='bbox 1172 2069 1236 2096; x_wconf 86' lang='lat' dir='ltr'>tuo,</span> <span class='ocrx_word' id='word_1_1618' title='bbox 1263 2073 1342 2098; x_wconf 90' lang='lat' dir='ltr'>quam</span> <span class='ocrx_word' id='word_1_1619' title='bbox 1362 2073 1394 2090; x_wconf 85' lang='lat' dir='ltr'>ex</span> <span class='ocrx_word' id='word_1_1620' title='bbox 1413 2069 1510 2090; x_wconf 86' lang='lat' dir='ltr'>euentu</span> <span class='ocrx_word' id='word_1_1621' title='bbox 1532 2064 1653 2090; x_wconf 85' lang='lat' dir='ltr'>homines</span> <span class='ocrx_word' id='word_1_1622' title='bbox 1674 2065 1722 2090; x_wconf 82' lang='lat' dir='ltr'>esse</span> <span class='ocrx_word' id='word_1_1623' title='bbox 1739 2064 1865 2091; x_wconf 60' lang='lat' dir='ltr'>facturos.</span> 
     </span>
     <span class='ocr_line' id='line_1_166' title="bbox 1172 2099 1986 2134; baseline 0.002 -8"><span class='ocrx_word' id='word_1_1624' title='bbox 1172 2101 1250 2126; x_wconf 74' lang='lat' dir='ltr'>mulae</span> <span class='ocrx_word' id='word_1_1625' title='bbox 1270 2100 1403 2127; x_wconf 70' lang='lat' dir='ltr'>Verborum</span> <span class='ocrx_word' id='word_1_1626' title='bbox 1424 2107 1448 2125; x_wconf 75' lang='lat' dir='ltr'>et</span> <span class='ocrx_word' id='word_1_1627' title='bbox 1466 2101 1662 2134; x_wconf 74' lang='lat' dir='ltr'>participiorum</span> <span class='ocrx_word' id='word_1_1628' title='bbox 1677 2110 1684 2124; x_wconf 88' lang='lat'><em>:</em></span> <span class='ocrx_word' id='word_1_1629' title='bbox 1721 2099 1832 2130; x_wconf 79' lang='lat' dir='ltr'>Abdita,</span> <span class='ocrx_word' id='word_1_1630' title='bbox 1856 2099 1907 2126; x_wconf 82' lang='lat' dir='ltr'>vid.</span> <span class='ocrx_word' id='word_1_1631' title='bbox 1922 2100 1946 2127; x_wconf 88' lang='lat' dir='ltr'>h.</span> <span class='ocrx_word' id='word_1_1632' title='bbox 1960 2110 1986 2127; x_wconf 84' lang='lat' dir='ltr'>v.</span> 
     </span>
    </p>
   </div>
   <div class='ocr_carea' id='block_1_44' title="bbox 59 2841 2213 2885">
    <p class='ocr_par' dir='ltr' id='par_1_49' title="bbox 59 2841 2213 2885">
     <span class='ocr_line' id='line_1_167' title="bbox 59 2841 2213 2885; baseline 0.003 -18"><span class='ocrx_word' id='word_1_1633' title='bbox 59 2841 119 2867; x_wconf 85' lang='lat' dir='ltr'>huic</span> <span class='ocrx_word' id='word_1_1634' title='bbox 132 2848 232 2868; x_wconf 75' lang='lat' dir='ltr'>euentus</span> <span class='ocrx_word' id='word_1_1635' title='bbox 249 2852 297 2869; x_wconf 84' lang='lat' dir='ltr'>non</span> <span class='ocrx_word' id='word_1_1636' title='bbox 310 2841 445 2879; x_wconf 80' lang='lat' dir='ltr'>respondet.</span> <span class='ocrx_word' id='word_1_1637' title='bbox 480 2841 611 2869; x_wconf 75' lang='lat' dir='ltr'>laudatur</span> <span class='ocrx_word' id='word_1_1638' title='bbox 624 2842 687 2868; x_wconf 76' lang='lat' dir='ltr'>idem</span> <span class='ocrx_word' id='word_1_1639' title='bbox 698 2842 767 2868; x_wconf 86' lang='lat' dir='ltr'>Tac.</span> <span class='ocrx_word' id='word_1_1640' title='bbox 783 2841 851 2867; x_wconf 91' lang='lat' dir='ltr'>Ann.</span> <span class='ocrx_word' id='word_1_1641' title='bbox 863 2843 889 2874; x_wconf 86' lang='lat'>6,</span> <span class='ocrx_word' id='word_1_1642' title='bbox 902 2843 934 2873; x_wconf 84' lang='grc'>36</span> <span class='ocrx_word' id='word_1_1643' title='bbox 953 2841 1039 2876; x_wconf 86' lang='lat' dir='ltr'>Igitur</span> <span class='ocrx_word' id='word_1_1644' title='bbox 1047 2841 1102 2867; x_wconf 90' lang='lat' dir='ltr'>Sin·</span> <span class='ocrx_word' id='word_1_1645' title='bbox 1111 2847 1143 2877; x_wconf 80' lang='lat'>75</span> <span class='ocrx_word' id='word_1_1646' title='bbox 1169 2845 1336 2872; x_wconf 64' lang='lat' dir='ltr'>Est&#39;omnino</span> <span class='ocrx_word' id='word_1_1647' title='bbox 1349 2844 1488 2880; x_wconf 83' lang='lat' dir='ltr'>iniquum,</span> <span class='ocrx_word' id='word_1_1648' title='bbox 1509 2846 1553 2873; x_wconf 89' lang='lat' dir='ltr'>sed</span> <span class='ocrx_word' id='word_1_1649' title='bbox 1572 2848 1620 2874; x_wconf 90' lang='lat' dir='ltr'>vsu</span> <span class='ocrx_word' id='word_1_1650' title='bbox 1639 2854 1789 2882; x_wconf 88' lang='lat' dir='ltr'>receptum,</span> <span class='ocrx_word' id='word_1_1651' title='bbox 1806 2847 1878 2882; x_wconf 88' lang='lat' dir='ltr'>quod</span> <span class='ocrx_word' id='word_1_1652' title='bbox 1899 2848 2005 2876; x_wconf 78' lang='lat' dir='ltr'>honesta</span> <span class='ocrx_word' id='word_1_1653' title='bbox 2026 2851 2149 2885; x_wconf 64' lang='lat' dir='ltr'>confina,</span> <span class='ocrx_word' id='word_1_1654' title='bbox 2169 2853 2213 2879; x_wconf 77' lang='lat' dir='ltr'>vel</span> 
     </span>
    </p>
   </div>
   <div class='ocr_carea' id='block_1_45' title="bbox 55 2875 1104 3089">
    <p class='ocr_par' dir='ltr' id='par_1_50' title="bbox 55 2875 1104 3089">
     <span class='ocr_line' id='line_1_168' title="bbox 58 2875 1101 2912; baseline 0.001 -9"><span class='ocrx_word' id='word_1_1655' title='bbox 58 2885 150 2910; x_wconf 84' lang='lat' dir='ltr'>naces,</span> <span class='ocrx_word' id='word_1_1656' title='bbox 169 2886 248 2912; x_wconf 87' lang='lat' dir='ltr'>quem</span> <span class='ocrx_word' id='word_1_1657' title='bbox 261 2884 336 2905; x_wconf 82' lang='lat' dir='ltr'>antea</span> <span class='ocrx_word' id='word_1_1658' title='bbox 348 2878 479 2905; x_wconf 86' lang='lat' dir='ltr'>infensum</span> <span class='ocrx_word' id='word_1_1659' title='bbox 491 2878 658 2910; x_wconf 80' lang='lat' dir='ltr'>memoraui,</span> <span class='ocrx_word' id='word_1_1660' title='bbox 677 2883 778 2912; x_wconf 86' lang='lat' dir='ltr'>patrem</span> <span class='ocrx_word' id='word_1_1661' title='bbox 789 2875 958 2911; x_wconf 82' lang='lat' dir='ltr'>Abdagasem‚</span> <span class='ocrx_word' id='word_1_1662' title='bbox 978 2876 1101 2911; x_wconf 89' lang='lat' dir='ltr'>aliosque</span> 
     </span>
     <span class='ocr_line' id='line_1_169' title="bbox 58 2912 1102 2947; baseline -0.001 -8"><span class='ocrx_word' id='word_1_1663' title='bbox 58 2913 176 2940; x_wconf 81' lang='lat' dir='ltr'>occultos</span> <span class='ocrx_word' id='word_1_1664' title='bbox 196 2913 313 2947; x_wconf 86' lang='lat' dir='ltr'>confilit,</span> <span class='ocrx_word' id='word_1_1665' title='bbox 333 2920 358 2941; x_wconf 88' lang='lat' dir='ltr'>et</span> <span class='ocrx_word' id='word_1_1666' title='bbox 374 2920 436 2942; x_wconf 88' lang='lat' dir='ltr'>tunc</span> <span class='ocrx_word' id='word_1_1667' title='bbox 455 2914 589 2940; x_wconf 87' lang='lat' dir='ltr'>continuis</span> <span class='ocrx_word' id='word_1_1668' title='bbox 607 2913 724 2940; x_wconf 77' lang='lat' dir='ltr'>cladibus</span> <span class='ocrx_word' id='word_1_1669' title='bbox 744 2913 905 2947; x_wconf 85' lang='lat' dir='ltr'>promtiores</span> <span class='ocrx_word' id='word_1_1670' title='bbox 922 2913 955 2939; x_wconf 80' lang='lat' dir='ltr'>ad</span> <span class='ocrx_word' id='word_1_1671' title='bbox 974 2912 1102 2939; x_wconf 65' lang='lat' dir='ltr'>defectio-</span> 
     </span>
     <span class='ocr_line' id='line_1_170' title="bbox 58 2948 1103 2985; baseline -0.001 -10"><span class='ocrx_word' id='word_1_1672' title='bbox 58 2956 119 2975; x_wconf 84' lang='lat' dir='ltr'>nem</span> <span class='ocrx_word' id='word_1_1673' title='bbox 131 2948 222 2976; x_wconf 80' lang='lat' dir='ltr'>trahit.</span> <span class='ocrx_word' id='word_1_1674' title='bbox 297 2951 388 2977; x_wconf 81' lang='lat' dir='ltr'>Verum</span> <span class='ocrx_word' id='word_1_1675' title='bbox 400 2949 504 2984; x_wconf 82' lang='lat' dir='ltr'>bicfine</span> <span class='ocrx_word' id='word_1_1676' title='bbox 516 2949 589 2976; x_wconf 85' lang='lat' dir='ltr'>dubio</span> <span class='ocrx_word' id='word_1_1677' title='bbox 596 2948 765 2985; x_wconf 50' lang='lat' dir='ltr'>praeferenda</span> <span class='ocrx_word' id='word_1_1678' title='bbox 771 2952 838 2975; x_wconf 83' lang='lat' dir='ltr'>ratio</span> <span class='ocrx_word' id='word_1_1679' title='bbox 846 2949 1004 2975; x_wconf 82' lang='lat' dir='ltr'>Gronouiana</span> <span class='ocrx_word' id='word_1_1680' title='bbox 1017 2949 1103 2975; x_wconf 80' lang='lat' dir='ltr'>occul-</span> 
     </span>
     <span class='ocr_line' id='line_1_171' title="bbox 58 2984 1104 3023; baseline 0.001 -13"><span class='ocrx_word' id='word_1_1681' title='bbox 58 2989 99 3011; x_wconf 74' lang='lat' dir='ltr'>tos</span> <span class='ocrx_word' id='word_1_1682' title='bbox 111 2984 223 3011; x_wconf 87' lang='lat' dir='ltr'>consilii.</span> <span class='ocrx_word' id='word_1_1683' title='bbox 273 2984 365 3014; x_wconf 73' lang='lat' dir='ltr'>Adhuc</span> <span class='ocrx_word' id='word_1_1684' title='bbox 386 2989 468 3023; x_wconf 82' lang='lat' dir='ltr'>igitur</span> <span class='ocrx_word' id='word_1_1685' title='bbox 489 2986 581 3012; x_wconf 79' lang='lat' dir='ltr'>nullius</span> <span class='ocrx_word' id='word_1_1686' title='bbox 601 2984 778 3017; x_wconf 58' lang='lat' dir='ltr'>austeritatis,</span> <span class='ocrx_word' id='word_1_1687' title='bbox 797 2991 862 3011; x_wconf 78' lang='lat' dir='ltr'>certe</span> <span class='ocrx_word' id='word_1_1688' title='bbox 882 2987 987 3012; x_wconf 83' lang='lat' dir='ltr'>maxime</span> <span class='ocrx_word' id='word_1_1689' title='bbox 1007 2984 1104 3017; x_wconf 79' lang='lat' dir='ltr'>dubiae,</span> 
     </span>
     <span class='ocr_line' id='line_1_172' title="bbox 55 3018 252 3054; baseline 0.015 -9"><span class='ocrx_word' id='word_1_1690' title='bbox 55 3019 154 3046; x_wconf 76' lang='lat' dir='ltr'>verbum</span> <span class='ocrx_word' id='word_1_1691' title='bbox 172 3018 214 3054; x_wconf 78' lang='lat' dir='ltr'>est.</span> <span class='ocrx_word' id='word_1_1692' title='bbox 249 3037 252 3039; x_wconf 99' lang='lat'>-</span> 
     </span>
     <span class='ocr_line' id='line_1_173' title="bbox 97 3055 426 3089; baseline 0 -7"><span class='ocrx_word' id='word_1_1693' title='bbox 97 3059 339 3089; x_wconf 69' lang='lat' dir='ltr'>consitivia,</span> <span class='ocrx_word' id='word_1_1694' title='bbox 358 3055 378 3083; x_wconf 85' lang='lat' dir='ltr'>i.</span> <span class='ocrx_word' id='word_1_1695' title='bbox 398 3065 426 3082; x_wconf 88' lang='lat' dir='ltr'>n.</span> 
     </span>
    </p>
   </div>
   <div class='ocr_carea' id='block_1_46' title="bbox 461 3054 1101 3091">
    <p class='ocr_par' dir='ltr' id='par_1_51' title="bbox 461 3054 1101 3091">
     <span class='ocr_line' id='line_1_174' title="bbox 461 3054 1101 3091; baseline -0.002 -8"><span class='ocrx_word' id='word_1_1696' title='bbox 461 3055 614 3090; x_wconf 75' lang='grc' dir='ltr'><strong><em>[βέλιυμα,</em></strong></span> <span class='ocrx_word' id='word_1_1697' title='bbox 634 3054 718 3088; x_wconf 62' lang='grc' dir='ltr'>βελῆ,</span> <span class='ocrx_word' id='word_1_1698' title='bbox 738 3054 895 3090; x_wconf 74' lang='grc' dir='ltr'>συμβέλισν]</span> <span class='ocrx_word' id='word_1_1699' title='bbox 931 3057 970 3082; x_wconf 83' lang='lat' dir='ltr'>De</span> <span class='ocrx_word' id='word_1_1700' title='bbox 987 3057 1101 3091; x_wconf 71' lang='lat' dir='ltr'>etymolo-</span> 
     </span>
    </p>
   </div>
   <div class='ocr_carea' id='block_1_47' title="bbox 35 3089 1099 3126">
    <p class='ocr_par' dir='ltr' id='par_1_52' title="bbox 35 3089 1099 3126">
     <span class='ocr_line' id='line_1_175' title="bbox 35 3089 1099 3126; baseline 0.002 -10"><span class='ocrx_word' id='word_1_1701' title='bbox 35 3106 41 3110; x_wconf 33' lang='grc' dir='ltr'>ν-</span> <span class='ocrx_word' id='word_1_1702' title='bbox 58 3091 103 3126; x_wconf 81' lang='lat' dir='ltr'>gia</span> <span class='ocrx_word' id='word_1_1703' title='bbox 113 3089 188 3117; x_wconf 73' lang='lat' dir='ltr'>huius</span> <span class='ocrx_word' id='word_1_1704' title='bbox 199 3093 315 3118; x_wconf 85' lang='lat' dir='ltr'>nominis.</span> <span class='ocrx_word' id='word_1_1705' title='bbox 352 3091 454 3118; x_wconf 85' lang='lat' dir='ltr'>Festus:</span> <span class='ocrx_word' id='word_1_1706' title='bbox 475 3092 621 3120; x_wconf 85' lang='lat' dir='ltr'>Consilium</span> <span class='ocrx_word' id='word_1_1707' title='bbox 638 3092 682 3118; x_wconf 93' lang='lat' dir='ltr'>vel</span> <span class='ocrx_word' id='word_1_1708' title='bbox 702 3100 717 3118; x_wconf 84' lang='lat' dir='ltr'>a</span> <span class='ocrx_word' id='word_1_1709' title='bbox 739 3090 906 3118; x_wconf 87' lang='lat' dir='ltr'>Consulendo</span> <span class='ocrx_word' id='word_1_1710' title='bbox 922 3091 1035 3124; x_wconf 87' lang='lat' dir='ltr'>dicitur,</span> <span class='ocrx_word' id='word_1_1711' title='bbox 1055 3092 1099 3119; x_wconf 90' lang='lat' dir='ltr'>vel</span> 
     </span>
    </p>
   </div>
   <div class='ocr_carea' id='block_1_48' title="bbox 59 3125 1101 3268">
    <p class='ocr_par' dir='ltr' id='par_1_53' title="bbox 59 3125 1101 3268">
     <span class='ocr_line' id='line_1_176' title="bbox 59 3125 1101 3163; baseline 0.003 -12"><span class='ocrx_word' id='word_1_1712' title='bbox 59 3125 134 3160; x_wconf 87' lang='lat' dir='ltr'>quod</span> <span class='ocrx_word' id='word_1_1713' title='bbox 163 3126 192 3152; x_wconf 89' lang='lat' dir='ltr'>in</span> <span class='ocrx_word' id='word_1_1714' title='bbox 214 3135 293 3153; x_wconf 87' lang='lat' dir='ltr'>vnam</span> <span class='ocrx_word' id='word_1_1715' title='bbox 324 3127 481 3154; x_wconf 82' lang='lat' dir='ltr'>sententiam</span> <span class='ocrx_word' id='word_1_1716' title='bbox 510 3128 628 3163; x_wconf 89' lang='lat' dir='ltr'>plurium</span> <span class='ocrx_word' id='word_1_1717' title='bbox 660 3132 759 3154; x_wconf 85' lang='lat' dir='ltr'>mentes</span> <span class='ocrx_word' id='word_1_1718' title='bbox 791 3127 820 3153; x_wconf 92' lang='lat' dir='ltr'>in</span> <span class='ocrx_word' id='word_1_1719' title='bbox 850 3136 932 3154; x_wconf 90' lang='lat' dir='ltr'>vnum</span> <span class='ocrx_word' id='word_1_1720' title='bbox 962 3127 1101 3155; x_wconf 87' lang='lat' dir='ltr'>consiliant</span> 
     </span>
     <span class='ocr_line' id='line_1_177' title="bbox 59 3161 1101 3204; baseline 0.003 -17"><span class='ocrx_word' id='word_1_1721' title='bbox 59 3167 86 3188; x_wconf 89' lang='lat' dir='ltr'>et</span> <span class='ocrx_word' id='word_1_1722' title='bbox 126 3163 299 3203; x_wconf 46' lang='lat' dir='ltr'>conueniant..</span> <span class='ocrx_word' id='word_1_1723' title='bbox 374 3163 434 3204; x_wconf 32' lang='lat' dir='ltr'>*Sed</span> <span class='ocrx_word' id='word_1_1724' title='bbox 465 3171 481 3190; x_wconf 83' lang='lat' dir='ltr'>a</span> <span class='ocrx_word' id='word_1_1725' title='bbox 511 3164 624 3191; x_wconf 87' lang='lat' dir='ltr'>Silentio</span> <span class='ocrx_word' id='word_1_1726' title='bbox 657 3161 813 3190; x_wconf 86' lang='lat' dir='ltr'>credibilius</span> <span class='ocrx_word' id='word_1_1727' title='bbox 846 3162 947 3190; x_wconf 62' lang='lat' dir='ltr'>didium</span> <span class='ocrx_word' id='word_1_1728' title='bbox 978 3169 1101 3198; x_wconf 80' lang='lat' dir='ltr'>putatur,</span> 
     </span>
     <span class='ocr_line' id='line_1_178' title="bbox 59 3205 436 3231; baseline 0.008 -8"><span class='ocrx_word' id='word_1_1729' title='bbox 59 3205 114 3231; x_wconf 91' lang='lat' dir='ltr'>quo</span> <span class='ocrx_word' id='word_1_1730' title='bbox 144 3206 259 3224; x_wconf 86' lang='lat' dir='ltr'>maxime</span> <span class='ocrx_word' id='word_1_1731' title='bbox 291 3205 436 3226; x_wconf 86' lang='lat' dir='ltr'>inuenitur.</span> 
     </span>
     <span class='ocr_line' id='line_1_179' title="bbox 59 3231 984 3268; baseline 0.002 -8"><span class='ocrx_word' id='word_1_1732' title='bbox 59 3231 207 3260; x_wconf 87' lang='lat' dir='ltr'>Consilium</span> <span class='ocrx_word' id='word_1_1733' title='bbox 236 3233 288 3260; x_wconf 85' lang='lat' dir='ltr'>dici</span> <span class='ocrx_word' id='word_1_1734' title='bbox 317 3244 333 3260; x_wconf 81' lang='lat' dir='ltr'>a</span> <span class='ocrx_word' id='word_1_1735' title='bbox 369 3233 558 3268; x_wconf 81' lang='lat' dir='ltr'>Consulendo,</span> <span class='ocrx_word' id='word_1_1736' title='bbox 584 3243 614 3263; x_wconf 83' lang='lat' dir='ltr'>vt</span> <span class='ocrx_word' id='word_1_1737' title='bbox 640 3234 672 3262; x_wconf 77' lang='lat' dir='ltr'>ab</span> <span class='ocrx_word' id='word_1_1738' title='bbox 702 3233 834 3261; x_wconf 83' lang='lat' dir='ltr'>exulando</span> <span class='ocrx_word' id='word_1_1739' title='bbox 864 3234 984 3262; x_wconf 81' lang='lat' dir='ltr'>exilium.</span> 
     </span>
    </p>
   </div>
   <div class='ocr_carea' id='block_1_49' title="bbox 1057 3234 1100 3269">
    <p class='ocr_par' dir='ltr' id='par_1_54' title="bbox 1057 3234 1100 3269">
     <span class='ocr_line' id='line_1_180' title="bbox 1057 3234 1100 3269; baseline 0 0"><span class='ocrx_word' id='word_1_1740' title='bbox 1057 3234 1100 3269; x_wconf 79' lang='lat' dir='ltr'>Est</span> 
     </span>
    </p>
   </div>
   <div class='ocr_carea' id='block_1_50' title="bbox 22 3266 1100 3307">
    <p class='ocr_par' dir='ltr' id='par_1_55' title="bbox 22 3266 1100 3307">
     <span class='ocr_line' id='line_1_181' title="bbox 22 3266 1100 3307; baseline 0.003 -13"><span class='ocrx_word' id='word_1_1741' title='bbox 22 3266 25 3272; x_wconf 84' lang='lat'>&#39;</span> <span class='ocrx_word' id='word_1_1742' title='bbox 57 3275 140 3294; x_wconf 77' lang='lat' dir='ltr'>autem</span> <span class='ocrx_word' id='word_1_1743' title='bbox 156 3278 206 3295; x_wconf 76' lang='lat' dir='ltr'>vox</span> <span class='ocrx_word' id='word_1_1744' title='bbox 222 3267 334 3304; x_wconf 77' lang='lat' dir='ltr'>latiffimi</span> <span class='ocrx_word' id='word_1_1745' title='bbox 351 3269 424 3307; x_wconf 81' lang='lat' dir='ltr'>vsus,</span> <span class='ocrx_word' id='word_1_1746' title='bbox 444 3273 487 3306; x_wconf 74' lang='lat' dir='ltr'>qui</span> <span class='ocrx_word' id='word_1_1747' title='bbox 505 3277 586 3298; x_wconf 73' lang='lat' dir='ltr'>tamen</span> <span class='ocrx_word' id='word_1_1748' title='bbox 601 3271 635 3298; x_wconf 85' lang='lat' dir='ltr'>ad</span> <span class='ocrx_word' id='word_1_1749' title='bbox 652 3273 706 3297; x_wconf 82' lang='lat' dir='ltr'>tria</span> <span class='ocrx_word' id='word_1_1750' title='bbox 726 3271 794 3296; x_wconf 80' lang='lat' dir='ltr'>velut</span> <span class='ocrx_word' id='word_1_1751' title='bbox 799 3269 897 3306; x_wconf 84' lang='lat' dir='ltr'>summa</span> <span class='ocrx_word' id='word_1_1752' title='bbox 907 3274 993 3306; x_wconf 83' lang='lat' dir='ltr'>capita</span> <span class='ocrx_word' id='word_1_1753' title='bbox 1004 3270 1100 3306; x_wconf 63' lang='lat' dir='ltr'>referri</span> 
     </span>
    </p>
   </div>
   <div class='ocr_carea' id='block_1_51' title="bbox 53 3302 1101 3451">
    <p class='ocr_par' dir='ltr' id='par_1_56' title="bbox 53 3302 1101 3451">
     <span class='ocr_line' id='line_1_182' title="bbox 53 3302 1099 3342; baseline 0.003 -12"><span class='ocrx_word' id='word_1_1754' title='bbox 53 3302 144 3340; x_wconf 66' lang='lat' dir='ltr'>potest.</span> <span class='ocrx_word' id='word_1_1755' title='bbox 181 3304 266 3331; x_wconf 84' lang='lat' dir='ltr'>Primo</span> <span class='ocrx_word' id='word_1_1756' title='bbox 283 3308 346 3331; x_wconf 77' lang='lat' dir='ltr'>enim</span> <span class='ocrx_word' id='word_1_1757' title='bbox 364 3304 414 3339; x_wconf 69' lang='lat' dir='ltr'>est,</span> <span class='ocrx_word' id='word_1_1758' title='bbox 432 3312 462 3333; x_wconf 78' lang='lat' dir='ltr'>vt</span> <span class='ocrx_word' id='word_1_1759' title='bbox 473 3309 512 3332; x_wconf 82' lang='lat' dir='ltr'>ait</span> <span class='ocrx_word' id='word_1_1760' title='bbox 529 3307 585 3334; x_wconf 88' lang='lat' dir='ltr'>Cic.</span> <span class='ocrx_word' id='word_1_1761' title='bbox 604 3307 636 3334; x_wconf 85' lang='lat' dir='ltr'>de</span> <span class='ocrx_word' id='word_1_1762' title='bbox 648 3308 706 3333; x_wconf 88' lang='lat' dir='ltr'>Inu.</span> <span class='ocrx_word' id='word_1_1763' title='bbox 720 3313 746 3338; x_wconf 82' lang='lat'>2,</span> <span class='ocrx_word' id='word_1_1764' title='bbox 758 3313 783 3338; x_wconf 83' lang='grc'>31</span> <span class='ocrx_word' id='word_1_1765' title='bbox 804 3305 915 3342; x_wconf 81' lang='lat' dir='ltr'>Aliquid</span> <span class='ocrx_word' id='word_1_1766' title='bbox 928 3307 1044 3333; x_wconf 86' lang='lat' dir='ltr'>faciendi</span> <span class='ocrx_word' id='word_1_1767' title='bbox 1057 3306 1099 3333; x_wconf 89' lang='lat' dir='ltr'>vel</span> 
     </span>
     <span class='ocr_line' id='line_1_183' title="bbox 58 3339 1100 3378; baseline 0.003 -12"><span class='ocrx_word' id='word_1_1768' title='bbox 58 3348 114 3366; x_wconf 89' lang='lat' dir='ltr'>non</span> <span class='ocrx_word' id='word_1_1769' title='bbox 128 3339 245 3366; x_wconf 87' lang='lat' dir='ltr'>faciendi</span> <span class='ocrx_word' id='word_1_1770' title='bbox 257 3341 403 3375; x_wconf 81' lang='lat' dir='ltr'>excogitata</span> <span class='ocrx_word' id='word_1_1771' title='bbox 413 3341 483 3369; x_wconf 83' lang='lat' dir='ltr'>ratio</span> <span class='ocrx_word' id='word_1_1772' title='bbox 497 3351 504 3368; x_wconf 73' lang='grc' dir='ltr'><strong><em>τ</em></strong></span> <span class='ocrx_word' id='word_1_1773' title='bbox 530 3341 584 3376; x_wconf 77' lang='lat' dir='ltr'>fine</span> <span class='ocrx_word' id='word_1_1774' title='bbox 597 3345 624 3369; x_wconf 81' lang='lat' dir='ltr'>in</span> <span class='ocrx_word' id='word_1_1775' title='bbox 637 3348 755 3378; x_wconf 78' lang='lat' dir='ltr'>quantum</span> <span class='ocrx_word' id='word_1_1776' title='bbox 767 3340 836 3368; x_wconf 85' lang='lat' dir='ltr'>illam</span> <span class='ocrx_word' id='word_1_1777' title='bbox 851 3341 898 3378; x_wconf 82' lang='lat' dir='ltr'>ipfi</span> <span class='ocrx_word' id='word_1_1778' title='bbox 903 3342 1038 3378; x_wconf 78' lang='lat' dir='ltr'>sequimur,</span> <span class='ocrx_word' id='word_1_1779' title='bbox 1044 3341 1100 3376; x_wconf 77' lang='lat' dir='ltr'>fine</span> 
     </span>
     <span class='ocr_line' id='line_1_184' title="bbox 57 3377 977 3412; baseline 0.003 -10"><span class='ocrx_word' id='word_1_1780' title='bbox 57 3377 86 3402; x_wconf 73' lang='lat' dir='ltr'>in</span> <span class='ocrx_word' id='word_1_1781' title='bbox 100 3382 218 3412; x_wconf 84' lang='lat' dir='ltr'>quantum</span> <span class='ocrx_word' id='word_1_1782' title='bbox 231 3384 282 3402; x_wconf 80' lang='lat' dir='ltr'>eam</span> <span class='ocrx_word' id='word_1_1783' title='bbox 296 3379 449 3412; x_wconf 69' lang='lat' dir='ltr'>impertimus</span> <span class='ocrx_word' id='word_1_1784' title='bbox 459 3377 529 3404; x_wconf 82' lang='lat' dir='ltr'>aliis.</span> <span class='ocrx_word' id='word_1_1785' title='bbox 970 3377 977 3382; x_wconf 54' lang='lat'>⁸</span> 
     </span>
     <span class='ocr_line' id='line_1_185' title="bbox 55 3411 1101 3451; baseline 0.002 -13"><span class='ocrx_word' id='word_1_1786' title='bbox 55 3411 192 3451; x_wconf 66' lang='lat' dir='ltr'>prudentia</span> <span class='ocrx_word' id='word_1_1787' title='bbox 204 3411 272 3447; x_wconf 73' lang='lat' dir='ltr'>ipsa,</span> <span class='ocrx_word' id='word_1_1788' title='bbox 291 3418 316 3438; x_wconf 83' lang='lat' dir='ltr'>et</span> <span class='ocrx_word' id='word_1_1789' title='bbox 321 3412 439 3447; x_wconf 66' lang='lat' dir='ltr'>jacultat-</span> <span class='ocrx_word' id='word_1_1790' title='bbox 450 3412 517 3439; x_wconf 82' lang='lat' dir='ltr'>illam</span> <span class='ocrx_word' id='word_1_1791' title='bbox 529 3415 650 3440; x_wconf 79' lang='lat' dir='ltr'>rationem</span> <span class='ocrx_word' id='word_1_1792' title='bbox 662 3412 829 3449; x_wconf 80' lang='lat' dir='ltr'>excogitandi.</span> <span class='ocrx_word' id='word_1_1793' title='bbox 864 3415 974 3450; x_wconf 80' lang='lat' dir='ltr'>Denique</span> <span class='ocrx_word' id='word_1_1794' title='bbox 982 3414 1101 3447; x_wconf 77' lang='lat' dir='ltr'>homines,</span> 
     </span>
    </p>
   </div>
   <div class='ocr_carea' id='block_1_52' title="bbox 14 3443 1100 3485">
    <p class='ocr_par' dir='ltr' id='par_1_57' title="bbox 14 3443 1100 3485">
     <span class='ocr_line' id='line_1_186' title="bbox 14 3443 1100 3485; baseline 0.004 -13"><span class='ocrx_word' id='word_1_1795' title='bbox 14 3443 20 3479; x_wconf 41' lang='grc' dir='ltr'>ᾗ</span> <span class='ocrx_word' id='word_1_1796' title='bbox 60 3444 103 3482; x_wconf 78' lang='lat' dir='ltr'>qui</span> <span class='ocrx_word' id='word_1_1797' title='bbox 113 3448 214 3480; x_wconf 75' lang='lat' dir='ltr'>consilia</span> <span class='ocrx_word' id='word_1_1798' title='bbox 229 3447 298 3474; x_wconf 85' lang='lat' dir='ltr'>nobis</span> <span class='ocrx_word' id='word_1_1799' title='bbox 312 3451 474 3483; x_wconf 82' lang='lat' dir='ltr'>impertiunt,</span> <span class='ocrx_word' id='word_1_1800' title='bbox 492 3447 629 3476; x_wconf 86' lang='lat' dir='ltr'>confilium</span> <span class='ocrx_word' id='word_1_1801' title='bbox 642 3455 771 3475; x_wconf 81' lang='lat' dir='ltr'>vocantur.</span> <span class='ocrx_word' id='word_1_1802' title='bbox 808 3449 883 3475; x_wconf 85' lang='lat' dir='ltr'>Prior</span> <span class='ocrx_word' id='word_1_1803' title='bbox 901 3456 925 3475; x_wconf 85' lang='lat' dir='ltr'>et</span> <span class='ocrx_word' id='word_1_1804' title='bbox 937 3449 1047 3485; x_wconf 78' lang='lat' dir='ltr'>secunda</span> <span class='ocrx_word' id='word_1_1805' title='bbox 1059 3459 1100 3476; x_wconf 88' lang='lat' dir='ltr'>ra-</span> 
     </span>
    </p>
   </div>
   <div class='ocr_carea' id='block_1_53' title="bbox 60 3482 1101 3523">
    <p class='ocr_par' dir='ltr' id='par_1_58' title="bbox 60 3482 1101 3523">
     <span class='ocr_line' id='line_1_187' title="bbox 60 3482 1101 3523; baseline 0.003 -15"><span class='ocrx_word' id='word_1_1806' title='bbox 60 3483 97 3508; x_wconf 81' lang='lat' dir='ltr'>u&#39;o</span> <span class='ocrx_word' id='word_1_1807' title='bbox 110 3482 202 3523; x_wconf 74' lang='lat' dir='ltr'>itafibi</span> <span class='ocrx_word' id='word_1_1808' title='bbox 212 3484 330 3518; x_wconf 73' lang='lat' dir='ltr'>implexae</span> <span class='ocrx_word' id='word_1_1809' title='bbox 343 3483 505 3519; x_wconf 66' lang='lat' dir='ltr'>etpermillae</span> <span class='ocrx_word' id='word_1_1810' title='bbox 517 3484 595 3520; x_wconf 57' lang='lat' dir='ltr'>fiant,</span> <span class='ocrx_word' id='word_1_1811' title='bbox 614 3491 644 3511; x_wconf 82' lang='lat' dir='ltr'>vt</span> <span class='ocrx_word' id='word_1_1812' title='bbox 661 3487 708 3511; x_wconf 79' lang='lat' dir='ltr'>vix</span> <span class='ocrx_word' id='word_1_1813' title='bbox 729 3485 804 3514; x_wconf 75' lang='lat' dir='ltr'>liccat</span> <span class='ocrx_word' id='word_1_1814' title='bbox 821 3484 909 3520; x_wconf 86' lang='lat' dir='ltr'>vhique</span> <span class='ocrx_word' id='word_1_1815' title='bbox 920 3486 990 3522; x_wconf 82' lang='lat' dir='ltr'>satis</span> <span class='ocrx_word' id='word_1_1816' title='bbox 1012 3482 1101 3517; x_wconf 73' lang='lat' dir='ltr'>dillin-</span> 
     </span>
    </p>
   </div>
   <div class='ocr_carea' id='block_1_54' title="bbox 213 3519 1099 3560">
    <p class='ocr_par' dir='ltr' id='par_1_59' title="bbox 213 3519 1099 3560">
     <span class='ocr_line' id='line_1_188' title="bbox 213 3519 1099 3560; baseline 0.001 -14"><span class='ocrx_word' id='word_1_1817' title='bbox 213 3520 300 3555; x_wconf 82' lang='lat' dir='ltr'>Itaque</span> <span class='ocrx_word' id='word_1_1818' title='bbox 309 3519 448 3555; x_wconf 69' lang='lat' dir='ltr'>promifitue</span> <span class='ocrx_word' id='word_1_1819' title='bbox 456 3526 582 3556; x_wconf 79' lang='lat' dir='ltr'>ponemus.</span> <span class='ocrx_word' id='word_1_1820' title='bbox 652 3520 709 3547; x_wconf 82' lang='lat' dir='ltr'>Cic.</span> <span class='ocrx_word' id='word_1_1821' title='bbox 725 3519 837 3560; x_wconf 80' lang='lat' dir='ltr'>Philipp.</span> <span class='ocrx_word' id='word_1_1822' title='bbox 853 3529 891 3560; x_wconf 64' lang='lat'>¹²1²</span> <span class='ocrx_word' id='word_1_1823' title='bbox 906 3524 922 3547; x_wconf 91' lang='lat'>6</span> <span class='ocrx_word' id='word_1_1824' title='bbox 943 3521 1024 3555; x_wconf 82' lang='lat' dir='ltr'>Qiod</span> <span class='ocrx_word' id='word_1_1825' title='bbox 1037 3520 1099 3547; x_wconf 86' lang='lat' dir='ltr'>siest</span> 
     </span>
    </p>
   </div>
   <div class='ocr_carea' id='block_1_55' title="bbox 60 3525 142 3554">
    <p class='ocr_par' dir='ltr' id='par_1_60' title="bbox 60 3525 142 3554">
     <span class='ocr_line' id='line_1_189' title="bbox 60 3525 142 3554; baseline 0.012 -11"><span class='ocrx_word' id='word_1_1826' title='bbox 60 3525 142 3554; x_wconf 64' lang='lat' dir='ltr'>giler?-</span> 
     </span>
    </p>
   </div>
   <div class='ocr_carea' id='block_1_56' title="bbox 61 3554 1494 3596">
    <p class='ocr_par' dir='ltr' id='par_1_61' title="bbox 61 3554 1494 3596">
     <span class='ocr_line' id='line_1_190' title="bbox 61 3554 1494 3596; baseline 0.002 -16"><span class='ocrx_word' id='word_1_1827' title='bbox 61 3559 194 3587; x_wconf 79' lang='lat' dir='ltr'>erratum,</span> <span class='ocrx_word' id='word_1_1828' title='bbox 212 3555 240 3582; x_wconf 91' lang='lat' dir='ltr'>P.</span> <span class='ocrx_word' id='word_1_1829' title='bbox 249 3555 280 3582; x_wconf 91' lang='lat' dir='ltr'>C.</span> <span class='ocrx_word' id='word_1_1830' title='bbox 294 3555 337 3589; x_wconf 90' lang='lat' dir='ltr'>spe</span> <span class='ocrx_word' id='word_1_1831' title='bbox 350 3555 414 3582; x_wconf 84' lang='lat' dir='ltr'>falsa</span> <span class='ocrx_word' id='word_1_1832' title='bbox 426 3560 506 3590; x_wconf 87' lang='lat' dir='ltr'>atque</span> <span class='ocrx_word' id='word_1_1833' title='bbox 520 3554 624 3588; x_wconf 85' lang='lat' dir='ltr'>fallaci,</span> <span class='ocrx_word' id='word_1_1834' title='bbox 645 3555 784 3583; x_wconf 85' lang='lat' dir='ltr'>redeamus</span> <span class='ocrx_word' id='word_1_1835' title='bbox 802 3564 829 3581; x_wconf 91' lang='lat' dir='ltr'>in</span> <span class='ocrx_word' id='word_1_1836' title='bbox 854 3565 927 3582; x_wconf 79' lang='lat' dir='ltr'>Viam</span> <span class='ocrx_word' id='word_1_1837' title='bbox 939 3565 944 3580; x_wconf 93' lang='lat'>:</span> <span class='ocrx_word' id='word_1_1838' title='bbox 980 3557 1096 3591; x_wconf 89' lang='lat' dir='ltr'>optimus</span> <span class='ocrx_word' id='word_1_1839' title='bbox 1112 3567 1145 3594; x_wconf 80' lang='lat'>93</span> <span class='ocrx_word' id='word_1_1840' title='bbox 1167 3569 1228 3596; x_wconf 64' lang='lat' dir='ltr'>pare</span> <span class='ocrx_word' id='word_1_1841' title='bbox 1243 3571 1258 3589; x_wconf 66' lang='lat' dir='ltr'>a</span> <span class='ocrx_word' id='word_1_1842' title='bbox 1272 3561 1454 3592; x_wconf 77' lang='lat' dir='ltr'>Cic,Fam.10,</span> <span class='ocrx_word' id='word_1_1843' title='bbox 1466 3568 1494 3592; x_wconf 90' lang='lat'>4.</span> 
     </span>
    </p>
   </div>
   <div class='ocr_carea' id='block_1_57' title="bbox 60 3587 1107 3975">
    <p class='ocr_par' dir='ltr' id='par_1_62' title="bbox 60 3587 1102 3735">
     <span class='ocr_line' id='line_1_191' title="bbox 63 3587 1102 3652; baseline 0.003 -37"><span class='ocrx_word' id='word_1_1844' title='bbox 63 3587 99 3615; x_wconf 87' lang='lat' dir='ltr'>est</span> <span class='ocrx_word' id='word_1_1845' title='bbox 113 3595 202 3623; x_wconf 82' lang='lat' dir='ltr'>portus</span> <span class='ocrx_word' id='word_1_1846' title='bbox 213 3591 378 3652; x_wconf 41' lang='lat' dir='ltr'>goenitcnti,</span> <span class='ocrx_word' id='word_1_1847' title='bbox 396 3591 510 3618; x_wconf 82' lang='lat' dir='ltr'>mutatio</span> <span class='ocrx_word' id='word_1_1848' title='bbox 521 3590 633 3621; x_wconf 83' lang='lat' dir='ltr'>consilii.</span> <span class='ocrx_word' id='word_1_1849' title='bbox 702 3590 849 3618; x_wconf 90' lang='lat' dir='ltr'>Confilium</span> <span class='ocrx_word' id='word_1_1850' title='bbox 857 3611 866 3624; x_wconf 93' lang='lat'>,</span> <span class='ocrx_word' id='word_1_1851' title='bbox 888 3592 1007 3625; x_wconf 85' lang='lat' dir='ltr'>Animus,</span> <span class='ocrx_word' id='word_1_1852' title='bbox 1016 3593 1102 3625; x_wconf 85' lang='lat' dir='ltr'>Mens,</span> 
     </span>
     <span class='ocr_line' id='line_1_192' title="bbox 62 3623 1102 3663; baseline 0.005 -14"><span class='ocrx_word' id='word_1_1853' title='bbox 62 3623 213 3660; x_wconf 74' lang='lat' dir='ltr'>eademfimt</span> <span class='ocrx_word' id='word_1_1854' title='bbox 243 3633 326 3662; x_wconf 67' lang='lat' dir='ltr'>tieret.</span> <span class='ocrx_word' id='word_1_1855' title='bbox 340 3636 364 3660; x_wconf 81' lang='grc'>3,</span> <span class='ocrx_word' id='word_1_1856' title='bbox 376 3635 417 3660; x_wconf 83' lang='grc'>95.</span> <span class='ocrx_word' id='word_1_1857' title='bbox 488 3626 519 3654; x_wconf 83' lang='lat' dir='ltr'>Et</span> <span class='ocrx_word' id='word_1_1858' title='bbox 533 3626 595 3661; x_wconf 85' lang='lat' dir='ltr'>quia</span> <span class='ocrx_word' id='word_1_1859' title='bbox 603 3625 741 3653; x_wconf 85' lang='lat' dir='ltr'>confilium</span> <span class='ocrx_word' id='word_1_1860' title='bbox 749 3635 803 3653; x_wconf 91' lang='lat' dir='ltr'>non</span> <span class='ocrx_word' id='word_1_1861' title='bbox 816 3627 862 3659; x_wconf 86' lang='lat' dir='ltr'>est,</span> <span class='ocrx_word' id='word_1_1862' title='bbox 870 3632 896 3653; x_wconf 85' lang='lat' dir='ltr'>et</span> <span class='ocrx_word' id='word_1_1863' title='bbox 908 3628 997 3663; x_wconf 86' lang='lat' dir='ltr'>lingua</span> <span class='ocrx_word' id='word_1_1864' title='bbox 1010 3628 1102 3654; x_wconf 88' lang='lat' dir='ltr'>remis-</span> 
     </span>
     <span class='ocr_line' id='line_1_193' title="bbox 349 3662 1102 3698; baseline 0.003 -10"><span class='ocrx_word' id='word_1_1865' title='bbox 349 3662 383 3691; x_wconf 67' lang='lat' dir='ltr'>de.</span> <span class='ocrx_word' id='word_1_1866' title='bbox 393 3663 484 3689; x_wconf 80' lang='lat' dir='ltr'>brutis.</span> <span class='ocrx_word' id='word_1_1867' title='bbox 556 3662 613 3688; x_wconf 88' lang='lat' dir='ltr'>Cic.</span> <span class='ocrx_word' id='word_1_1868' title='bbox 627 3662 700 3688; x_wconf 83' lang='lat' dir='ltr'>Fam.</span> <span class='ocrx_word' id='word_1_1869' title='bbox 716 3669 789 3694; x_wconf 78' lang='lat'>¹¹‚29</span> <span class='ocrx_word' id='word_1_1870' title='bbox 806 3662 932 3696; x_wconf 80' lang='lat' dir='ltr'>Magnum</span> <span class='ocrx_word' id='word_1_1871' title='bbox 947 3664 1049 3698; x_wconf 87' lang='lat' dir='ltr'>pondus</span> <span class='ocrx_word' id='word_1_1872' title='bbox 1062 3672 1102 3690; x_wconf 87' lang='lat' dir='ltr'>ac-</span> 
     </span>
     <span class='ocr_line' id='line_1_194' title="bbox 60 3694 998 3735; baseline 0.005 -14"><span class='ocrx_word' id='word_1_1873' title='bbox 60 3694 131 3735; x_wconf 59' lang='lat' dir='ltr'>feffi‘</span> <span class='ocrx_word' id='word_1_1874' title='bbox 143 3695 176 3722; x_wconf 80' lang='lat' dir='ltr'>ad</span> <span class='ocrx_word' id='word_1_1875' title='bbox 189 3695 331 3725; x_wconf 72' lang='lat' dir='ltr'>tollendam</span> <span class='ocrx_word' id='word_1_1876' title='bbox 345 3698 557 3729; x_wconf 76' lang='lat' dir='ltr'>dubitationem,</span> <span class='ocrx_word' id='word_1_1877' title='bbox 579 3697 707 3724; x_wconf 87' lang='lat' dir='ltr'>iudicium</span> <span class='ocrx_word' id='word_1_1878' title='bbox 722 3703 748 3723; x_wconf 90' lang='lat' dir='ltr'>et</span> <span class='ocrx_word' id='word_1_1879' title='bbox 761 3696 900 3724; x_wconf 83' lang='lat' dir='ltr'>confilium</span> <span class='ocrx_word' id='word_1_1880' title='bbox 913 3705 998 3726; x_wconf 89' lang='lat' dir='ltr'>tuum.</span> 
     </span>
    </p>

    <p class='ocr_par' dir='ltr' id='par_1_63' title="bbox 61 3729 1107 3946">
     <span class='ocr_line' id='line_1_195' title="bbox 62 3729 814 3770; baseline 0.003 -14"><span class='ocrx_word' id='word_1_1881' title='bbox 62 3729 130 3757; x_wconf 86' lang='lat' dir='ltr'>ibid.</span> <span class='ocrx_word' id='word_1_1882' title='bbox 143 3738 168 3764; x_wconf 91' lang='lat'>5,</span> <span class='ocrx_word' id='word_1_1883' title='bbox 180 3738 196 3757; x_wconf 83' lang='lat'>2</span> <span class='ocrx_word' id='word_1_1884' title='bbox 213 3731 360 3768; x_wconf 55' lang='lat' dir='ltr'>Qiis&#39;essft‚</span> <span class='ocrx_word' id='word_1_1885' title='bbox 374 3735 421 3770; x_wconf 92' lang='lat' dir='ltr'>qui</span> <span class='ocrx_word' id='word_1_1886' title='bbox 435 3743 477 3761; x_wconf 89' lang='lat' dir='ltr'>me</span> <span class='ocrx_word' id='word_1_1887' title='bbox 491 3733 674 3760; x_wconf 72' lang='lat' dir='ltr'>inconsutam</span> <span class='ocrx_word' id='word_1_1888' title='bbox 687 3741 741 3758; x_wconf 87' lang='lat' dir='ltr'>non</span> <span class='ocrx_word' id='word_1_1889' title='bbox 756 3732 814 3759; x_wconf 88' lang='lat' dir='ltr'>casu</span> 
     </span>
     <span class='ocr_line' id='line_1_196' title="bbox 62 3765 1100 3832; baseline 0.005 -40"><span class='ocrx_word' id='word_1_1890' title='bbox 62 3773 141 3806; x_wconf 70' lang='lat' dir='ltr'>quam</span> <span class='ocrx_word' id='word_1_1891' title='bbox 155 3765 267 3794; x_wconf 76' lang='lat' dir='ltr'>confluo</span> <span class='ocrx_word' id='word_1_1892' title='bbox 280 3767 378 3796; x_wconf 80' lang='lat' dir='ltr'>fortem</span> <span class='ocrx_word' id='word_1_1893' title='bbox 389 3771 464 3797; x_wconf 78' lang='lat' dir='ltr'>fniss&#39;e</span> <span class='ocrx_word' id='word_1_1894' title='bbox 477 3771 507 3832; x_wconf 50' lang='lat' dir='ltr'>q</span> <span class='ocrx_word' id='word_1_1895' title='bbox 561 3769 636 3804; x_wconf 85' lang='lat' dir='ltr'>Virg.</span> <span class='ocrx_word' id='word_1_1896' title='bbox 652 3769 717 3795; x_wconf 88' lang='lat' dir='ltr'>Aen.</span> <span class='ocrx_word' id='word_1_1897' title='bbox 731 3776 756 3800; x_wconf 91' lang='lat'>2,</span> <span class='ocrx_word' id='word_1_1898' title='bbox 772 3770 821 3800; x_wconf 88' lang='lat'>656</span> <span class='ocrx_word' id='word_1_1899' title='bbox 845 3769 914 3796; x_wconf 87' lang='lat' dir='ltr'>Nam</span> <span class='ocrx_word' id='word_1_1900' title='bbox 931 3769 1004 3804; x_wconf 88' lang='lat' dir='ltr'>quod</span> <span class='ocrx_word' id='word_1_1901' title='bbox 1018 3769 1100 3797; x_wconf 88' lang='lat' dir='ltr'>confi-</span> 
     </span>
     <span class='ocr_line' id='line_1_197' title="bbox 64 3801 1107 3838; baseline 0.003 -10"><span class='ocrx_word' id='word_1_1902' title='bbox 64 3801 148 3832; x_wconf 83' lang='lat' dir='ltr'>lium,</span> <span class='ocrx_word' id='word_1_1903' title='bbox 165 3807 212 3828; x_wconf 87' lang='lat' dir='ltr'>aut</span> <span class='ocrx_word' id='word_1_1904' title='bbox 224 3810 291 3838; x_wconf 85' lang='lat' dir='ltr'>quae</span> <span class='ocrx_word' id='word_1_1905' title='bbox 305 3803 359 3831; x_wconf 87' lang='lat' dir='ltr'>iam</span> <span class='ocrx_word' id='word_1_1906' title='bbox 371 3806 477 3833; x_wconf 83' lang='lat' dir='ltr'>fortuna</span> <span class='ocrx_word' id='word_1_1907' title='bbox 509 3805 624 3832; x_wconf 69' lang='lat' dir='ltr'>abatur?</span> <span class='ocrx_word' id='word_1_1908' title='bbox 696 3804 823 3830; x_wconf 83' lang='lat' dir='ltr'>Voluntas</span> <span class='ocrx_word' id='word_1_1909' title='bbox 843 3811 869 3831; x_wconf 86' lang='lat' dir='ltr'>et</span> <span class='ocrx_word' id='word_1_1910' title='bbox 889 3805 1026 3832; x_wconf 82' lang='lat' dir='ltr'>confilium</span> <span class='ocrx_word' id='word_1_1911' title='bbox 1045 3806 1107 3833; x_wconf 46' lang='lat' dir='ltr'>Cic..</span> 
     </span>
     <span class='ocr_line' id='line_1_198' title="bbox 64 3836 1100 3869; baseline 0.005 -5"><span class='ocrx_word' id='word_1_1912' title='bbox 64 3836 138 3864; x_wconf 80' lang='lat' dir='ltr'>Fam.</span> <span class='ocrx_word' id='word_1_1913' title='bbox 154 3845 192 3868; x_wconf 90' lang='lat' dir='ltr'>io,</span> <span class='ocrx_word' id='word_1_1914' title='bbox 206 3845 246 3865; x_wconf 87' lang='lat'>10.</span> <span class='ocrx_word' id='word_1_1915' title='bbox 316 3840 483 3869; x_wconf 82' lang='lat' dir='ltr'>Conscientia</span> <span class='ocrx_word' id='word_1_1916' title='bbox 495 3841 666 3868; x_wconf 83' lang='lat' dir='ltr'>consiliorum</span> <span class='ocrx_word' id='word_1_1917' title='bbox 679 3848 801 3866; x_wconf 86' lang='lat' dir='ltr'>meorum</span> <span class='ocrx_word' id='word_1_1918' title='bbox 814 3848 856 3866; x_wconf 82' lang='lat' dir='ltr'>nie</span> <span class='ocrx_word' id='word_1_1919' title='bbox 870 3840 1019 3867; x_wconf 84' lang='lat' dir='ltr'>consolatur</span> <span class='ocrx_word' id='word_1_1920' title='bbox 1043 3841 1100 3869; x_wconf 89' lang='lat' dir='ltr'>Cic.</span> 
     </span>
     <span class='ocr_line' id='line_1_199' title="bbox 65 3871 1101 3914; baseline 0.006 -16"><span class='ocrx_word' id='word_1_1921' title='bbox 65 3871 137 3899; x_wconf 80' lang='lat' dir='ltr'>Fam.</span> <span class='ocrx_word' id='word_1_1922' title='bbox 151 3879 180 3905; x_wconf 85' lang='grc'>4,</span> <span class='ocrx_word' id='word_1_1923' title='bbox 193 3879 217 3905; x_wconf 82' lang='grc'>3.</span> <span class='ocrx_word' id='word_1_1924' title='bbox 228 3907 248 3914; x_wconf 88' lang='lat'>..</span> <span class='ocrx_word' id='word_1_1925' title='bbox 287 3875 453 3904; x_wconf 79' lang='lat' dir='ltr'>Gubernatio</span> <span class='ocrx_word' id='word_1_1926' title='bbox 464 3877 567 3905; x_wconf 89' lang='lat' dir='ltr'>consilii</span> <span class='ocrx_word' id='word_1_1927' title='bbox 587 3876 625 3903; x_wconf 86' lang='lat' dir='ltr'>Id.</span> <span class='ocrx_word' id='word_1_1928' title='bbox 640 3876 672 3902; x_wconf 90' lang='lat' dir='ltr'>de</span> <span class='ocrx_word' id='word_1_1929' title='bbox 685 3876 788 3902; x_wconf 85' lang='lat' dir='ltr'>Inuent.</span> <span class='ocrx_word' id='word_1_1930' title='bbox 803 3877 890 3909; x_wconf 84' lang='lat' dir='ltr'>2,i64.</span> <span class='ocrx_word' id='word_1_1931' title='bbox 959 3876 1101 3904; x_wconf 83' lang='lat' dir='ltr'>Infirmita-</span> 
     </span>
     <span class='ocr_line' id='line_1_200' title="bbox 61 3907 860 3946; baseline 0 -8"><span class='ocrx_word' id='word_1_1932' title='bbox 61 3912 118 3935; x_wconf 68' lang='lat' dir='ltr'>tem</span> <span class='ocrx_word' id='word_1_1933' title='bbox 137 3907 265 3942; x_wconf 77' lang='lat' dir='ltr'>Confiln,</span> <span class='ocrx_word' id='word_1_1934' title='bbox 288 3911 430 3939; x_wconf 56' lang='lat' dir='ltr'>mulieribus</span> <span class='ocrx_word' id='word_1_1935' title='bbox 441 3913 533 3941; x_wconf 69' lang='lat' dir='ltr'>tribuit</span> <span class='ocrx_word' id='word_1_1936' title='bbox 553 3913 609 3940; x_wconf 86' lang='lat' dir='ltr'>Cic.</span> <span class='ocrx_word' id='word_1_1937' title='bbox 625 3920 672 3946; x_wconf 88' lang='lat' dir='ltr'>pro</span> <span class='ocrx_word' id='word_1_1938' title='bbox 687 3912 805 3938; x_wconf 82' lang='lat' dir='ltr'>Muracn.</span> <span class='ocrx_word' id='word_1_1939' title='bbox 823 3919 860 3938; x_wconf 84' lang='lat'>12.</span> 
     </span>
    </p>

    <p class='ocr_par' dir='ltr' id='par_1_64' title="bbox 167 3948 519 3975">
     <span class='ocr_line' id='line_1_201' title="bbox 167 3948 519 3975; baseline 0.014 -5"><span class='ocrx_word' id='word_1_1940' title='bbox 167 3949 256 3972; x_wconf 59' lang='grc' dir='ltr'>νοις</span> <span class='ocrx_word' id='word_1_1941' title='bbox 282 3948 304 3975; x_wconf 86' lang='grc' dir='ltr'>Ῑ.</span> <span class='ocrx_word' id='word_1_1942' title='bbox 516 3969 519 3974; x_wconf 63' lang='grc'><strong>»</strong></span> 
     </span>
    </p>
   </div>
   <div class='ocr_carea' id='block_1_58' title="bbox 1112 3024 1662 3057">
    <p class='ocr_par' dir='ltr' id='par_1_65' title="bbox 1112 3024 1662 3057">
     <span class='ocr_line' id='line_1_202' title="bbox 1112 3024 1662 3057; baseline 0.002 -7"><span class='ocrx_word' id='word_1_1943' title='bbox 1112 3027 1144 3054; x_wconf 85' lang='lat'>80</span> <span class='ocrx_word' id='word_1_1944' title='bbox 1169 3024 1276 3051; x_wconf 87' lang='lat' dir='ltr'>firmare</span> <span class='ocrx_word' id='word_1_1945' title='bbox 1292 3024 1430 3052; x_wconf 89' lang='lat' dir='ltr'>confilium</span> <span class='ocrx_word' id='word_1_1946' title='bbox 1446 3026 1503 3053; x_wconf 91' lang='lat' dir='ltr'>Cic.</span> <span class='ocrx_word' id='word_1_1947' title='bbox 1517 3026 1588 3053; x_wconf 86' lang='lat' dir='ltr'>Fam.</span> <span class='ocrx_word' id='word_1_1948' title='bbox 1602 3034 1628 3057; x_wconf 88' lang='lat'>2,</span> <span class='ocrx_word' id='word_1_1949' title='bbox 1643 3033 1662 3052; x_wconf 94' lang='grc' dir='ltr'>ι.</span> 
     </span>
    </p>
   </div>
   <div class='ocr_carea' id='block_1_59' title="bbox 545 3197 1409 3239">
    <p class='ocr_par' dir='ltr' id='par_1_66' title="bbox 545 3197 1409 3239">
     <span class='ocr_line' id='line_1_203' title="bbox 545 3197 1409 3239; baseline -0.001 -13"><span class='ocrx_word' id='word_1_1950' title='bbox 545 3201 664 3231; x_wconf 81' lang='lat' dir='ltr'>Omittit,</span> <span class='ocrx_word' id='word_1_1951' title='bbox 702 3197 768 3235; x_wconf 83' lang='lat' dir='ltr'>quod</span> <span class='ocrx_word' id='word_1_1952' title='bbox 799 3202 903 3225; x_wconf 82' lang='lat' dir='ltr'>maxime</span> <span class='ocrx_word' id='word_1_1953' title='bbox 920 3199 1014 3226; x_wconf 82' lang='lat' dir='ltr'>obuium</span> <span class='ocrx_word' id='word_1_1954' title='bbox 1048 3198 1097 3233; x_wconf 84' lang='lat' dir='ltr'>est,</span> <span class='ocrx_word' id='word_1_1955' title='bbox 1111 3204 1140 3233; x_wconf 79' lang='grc'>85</span> <span class='ocrx_word' id='word_1_1956' title='bbox 1167 3203 1236 3230; x_wconf 74' lang='lat' dir='ltr'>nihil</span> <span class='ocrx_word' id='word_1_1957' title='bbox 1256 3204 1409 3239; x_wconf 83' lang='lat' dir='ltr'>explicatur.</span> 
     </span>
    </p>
   </div>
   <div class='ocr_carea' id='block_1_60' title="bbox 580 3375 1406 3417">
    <p class='ocr_par' dir='ltr' id='par_1_67' title="bbox 580 3375 1406 3417">
     <span class='ocr_line' id='line_1_204' title="bbox 580 3375 1406 3417; baseline 0.007 -14"><span class='ocrx_word' id='word_1_1958' title='bbox 580 3377 693 3405; x_wconf 72' lang='lat' dir='ltr'>&#39;Deinde</span> <span class='ocrx_word' id='word_1_1959' title='bbox 710 3375 817 3412; x_wconf 71' lang='lat' dir='ltr'>tstsons</span> <span class='ocrx_word' id='word_1_1960' title='bbox 829 3377 897 3413; x_wconf 80' lang='lat' dir='ltr'>quasi</span> <span class='ocrx_word' id='word_1_1961' title='bbox 911 3379 1066 3412; x_wconf 74' lang='lat' dir='ltr'>consiliorum</span> <span class='ocrx_word' id='word_1_1962' title='bbox 1073 3377 1098 3414; x_wconf 88' lang='lat' dir='ltr'>s.</span> <span class='ocrx_word' id='word_1_1963' title='bbox 1111 3388 1147 3414; x_wconf 89' lang='lat'>90</span> <span class='ocrx_word' id='word_1_1964' title='bbox 1167 3382 1222 3410; x_wconf 80' lang='lat' dir='ltr'>Cic.</span> <span class='ocrx_word' id='word_1_1965' title='bbox 1241 3384 1313 3411; x_wconf 79' lang='lat' dir='ltr'>Fam.</span> <span class='ocrx_word' id='word_1_1966' title='bbox 1333 3392 1362 3416; x_wconf 87' lang='lat'>2,</span> <span class='ocrx_word' id='word_1_1967' title='bbox 1380 3389 1406 3417; x_wconf 87' lang='lat'>7.</span> 
     </span>
    </p>
   </div>
   <div class='ocr_carea' id='block_1_61' title="bbox 826 3733 2120 3778">
    <p class='ocr_par' dir='ltr' id='par_1_68' title="bbox 826 3733 2120 3778">
     <span class='ocr_line' id='line_1_205' title="bbox 826 3733 2120 3778; baseline -0.002 -12"><span class='ocrx_word' id='word_1_1968' title='bbox 826 3733 915 3768; x_wconf 65' lang='lat' dir='ltr'>potius</span> <span class='ocrx_word' id='word_1_1969' title='bbox 929 3734 1101 3768; x_wconf 56' lang='lat' dir='ltr'>‘Xistimffl‘e‘’</span> <span class='ocrx_word' id='word_1_1970' title='bbox 1111 3746 1158 3777; x_wconf 67' lang='lat' dir='ltr'>loo</span> <span class='ocrx_word' id='word_1_1971' title='bbox 1166 3739 1220 3766; x_wconf 84' lang='lat' dir='ltr'>iam</span> <span class='ocrx_word' id='word_1_1972' title='bbox 1235 3738 1372 3765; x_wconf 89' lang='lat' dir='ltr'>confilium</span> <span class='ocrx_word' id='word_1_1973' title='bbox 1385 3737 1441 3766; x_wconf 78' lang='lat' dir='ltr'>Est.</span> <span class='ocrx_word' id='word_1_1974' title='bbox 1459 3746 1513 3763; x_wconf 90' lang='lat' dir='ltr'>non</span> <span class='ocrx_word' id='word_1_1975' title='bbox 1529 3738 1614 3765; x_wconf 91' lang='lat' dir='ltr'>solum</span> <span class='ocrx_word' id='word_1_1976' title='bbox 1627 3748 1714 3766; x_wconf 89' lang='lat' dir='ltr'>nieurn</span> <span class='ocrx_word' id='word_1_1977' title='bbox 1722 3759 1729 3771; x_wconf 96' lang='lat'>,</span> <span class='ocrx_word' id='word_1_1978' title='bbox 1748 3737 1812 3778; x_wconf 81' lang='lat' dir='ltr'>quid</span> <span class='ocrx_word' id='word_1_1979' title='bbox 1825 3738 1856 3764; x_wconf 91' lang='lat' dir='ltr'>fit</span> <span class='ocrx_word' id='word_1_1980' title='bbox 1869 3736 1947 3763; x_wconf 79' lang='lat' dir='ltr'>vobis</span> <span class='ocrx_word' id='word_1_1981' title='bbox 1961 3737 2120 3764; x_wconf 77' lang='lat' dir='ltr'>faciendum.</span> 
     </span>
    </p>
   </div>
   <div class='ocr_carea' id='block_1_62' title="bbox 1167 2881 2214 3027">
    <p class='ocr_par' dir='ltr' id='par_1_69' title="bbox 1167 2881 2214 3027">
     <span class='ocr_line' id='line_1_206' title="bbox 1169 2881 2214 2920; baseline 0.008 -13"><span class='ocrx_word' id='word_1_1982' title='bbox 1169 2881 1269 2920; x_wconf 83' lang='lat' dir='ltr'>turpia,</span> <span class='ocrx_word' id='word_1_1983' title='bbox 1280 2887 1360 2915; x_wconf 82' lang='lat' dir='ltr'>prout</span> <span class='ocrx_word' id='word_1_1984' title='bbox 1373 2881 1457 2915; x_wconf 84' lang='lat' dir='ltr'>male,</span> <span class='ocrx_word' id='word_1_1985' title='bbox 1479 2888 1523 2913; x_wconf 84' lang='lat' dir='ltr'>aut</span> <span class='ocrx_word' id='word_1_1986' title='bbox 1542 2883 1666 2918; x_wconf 89' lang='lat' dir='ltr'>prospere</span> <span class='ocrx_word' id='word_1_1987' title='bbox 1679 2884 1798 2915; x_wconf 85' lang='lat' dir='ltr'>Cedunt,</span> <span class='ocrx_word' id='word_1_1988' title='bbox 1818 2884 1854 2910; x_wconf 87' lang='lat' dir='ltr'>ita</span> <span class='ocrx_word' id='word_1_1989' title='bbox 1874 2884 1916 2910; x_wconf 91' lang='lat' dir='ltr'>vel</span> <span class='ocrx_word' id='word_1_1990' title='bbox 1930 2885 2094 2920; x_wconf 85' lang='lat' dir='ltr'>probantur,</span> <span class='ocrx_word' id='word_1_1991' title='bbox 2113 2888 2156 2914; x_wconf 86' lang='lat' dir='ltr'>vel</span> <span class='ocrx_word' id='word_1_1992' title='bbox 2172 2897 2214 2915; x_wconf 90' lang='lat' dir='ltr'>re-</span> 
     </span>
     <span class='ocr_line' id='line_1_207' title="bbox 1167 2917 2214 2954; baseline 0.007 -11"><span class='ocrx_word' id='word_1_1993' title='bbox 1167 2917 1368 2951; x_wconf 88' lang='lat' dir='ltr'>prehenduntur</span> <span class='ocrx_word' id='word_1_1994' title='bbox 1383 2917 1499 2952; x_wconf 85' lang='lat' dir='ltr'>Plin.Ep.</span> <span class='ocrx_word' id='word_1_1995' title='bbox 1511 2926 1534 2951; x_wconf 91' lang='lat'>5,</span> <span class='ocrx_word' id='word_1_1996' title='bbox 1542 2927 1579 2952; x_wconf 88' lang='lat'>21,</span> <span class='ocrx_word' id='word_1_1997' title='bbox 1587 2926 1614 2954; x_wconf 89' lang='lat'>7.</span> <span class='ocrx_word' id='word_1_1998' title='bbox 1668 2919 1761 2946; x_wconf 89' lang='lat' dir='ltr'>Clausa</span> <span class='ocrx_word' id='word_1_1999' title='bbox 1776 2918 1872 2946; x_wconf 81' lang='lat' dir='ltr'>habere</span> <span class='ocrx_word' id='word_1_2000' title='bbox 1885 2920 2000 2952; x_wconf 87' lang='lat' dir='ltr'>consilia,</span> <span class='ocrx_word' id='word_1_2001' title='bbox 2015 2922 2214 2952; x_wconf 79' lang='lat' dir='ltr'>vid.CLAVDo.</span> 
     </span>
     <span class='ocr_line' id='line_1_208' title="bbox 1169 2953 2061 2989; baseline 0.004 -10"><span class='ocrx_word' id='word_1_2002' title='bbox 1169 2953 1348 2980; x_wconf 86' lang='lat' dir='ltr'>Commiscere</span> <span class='ocrx_word' id='word_1_2003' title='bbox 1373 2963 1434 2980; x_wconf 89' lang='lat' dir='ltr'>cum</span> <span class='ocrx_word' id='word_1_2004' title='bbox 1457 2954 1569 2989; x_wconf 84' lang='lat' dir='ltr'>aliquo,</span> <span class='ocrx_word' id='word_1_2005' title='bbox 1604 2955 1853 2987; x_wconf 85' lang='lat' dir='ltr'>Communicatum,</span> <span class='ocrx_word' id='word_1_2006' title='bbox 1886 2955 1941 2982; x_wconf 70' lang='lat' dir='ltr'>vid:</span> <span class='ocrx_word' id='word_1_2007' title='bbox 1959 2957 2001 2983; x_wconf 85' lang='lat' dir='ltr'>hb.</span> <span class='ocrx_word' id='word_1_2008' title='bbox 2017 2967 2061 2984; x_wconf 82' lang='lat' dir='ltr'>vu.</span> 
     </span>
     <span class='ocr_line' id='line_1_209' title="bbox 1169 2989 2071 3027; baseline 0.004 -12"><span class='ocrx_word' id='word_1_2009' title='bbox 1169 2995 1272 3015; x_wconf 89' lang='lat' dir='ltr'>mutare</span> <span class='ocrx_word' id='word_1_2010' title='bbox 1291 2989 1415 3016; x_wconf 57' lang='lat' dir='ltr'>CicaAtt.</span> <span class='ocrx_word' id='word_1_2011' title='bbox 1429 2998 1468 3024; x_wconf 86' lang='lat'>14,</span> <span class='ocrx_word' id='word_1_2012' title='bbox 1483 2998 1525 3017; x_wconf 89' lang='lat'>20.</span> <span class='ocrx_word' id='word_1_2013' title='bbox 1598 2989 1729 3016; x_wconf 86' lang='lat' dir='ltr'>Conferre</span> <span class='ocrx_word' id='word_1_2014' title='bbox 1749 2991 1817 3017; x_wconf 90' lang='lat' dir='ltr'>Ter.</span> <span class='ocrx_word' id='word_1_2015' title='bbox 1835 2991 1931 3017; x_wconf 86' lang='lat' dir='ltr'>Heaut.</span> <span class='ocrx_word' id='word_1_2016' title='bbox 1945 3000 1966 3024; x_wconf 88' lang='grc'>3,</span> <span class='ocrx_word' id='word_1_2017' title='bbox 1981 3000 2008 3025; x_wconf 89' lang='grc'>1,</span> <span class='ocrx_word' id='word_1_2018' title='bbox 2025 2995 2071 3027; x_wconf 87' lang='lat'>64.</span> 
     </span>
    </p>
   </div>
   <div class='ocr_carea' id='block_1_63' title="bbox 1165 2960 2236 3914">
    <p class='ocr_par' dir='ltr' id='par_1_70' title="bbox 1165 2960 2236 3914">
     <span class='ocr_line' id='line_1_210' title="bbox 2132 2960 2210 2986; baseline 0 0"><span class='ocrx_word' id='word_1_2019' title='bbox 2132 2960 2210 2986; x_wconf 84' lang='lat' dir='ltr'>Com·</span> 
     </span>
     <span class='ocr_line' id='line_1_211' title="bbox 1804 2996 2214 3030; baseline 0.002 -9"><span class='ocrx_word' id='word_1_2020' title='bbox 1804 3025 1809 3030; x_wconf 35' lang='lat'><strong>⁴</strong></span> <span class='ocrx_word' id='word_1_2021' title='bbox 2142 2996 2214 3022; x_wconf 90' lang='lat' dir='ltr'>Con-</span> 
     </span>
     <span class='ocr_line' id='line_1_212' title="bbox 1715 3025 2213 3063; baseline 0.016 -12"><span class='ocrx_word' id='word_1_2022' title='bbox 1715 3025 1908 3060; x_wconf 76' lang='lat' dir='ltr'>Confi-ingere,</span> <span class='ocrx_word' id='word_1_2023' title='bbox 1935 3028 2114 3056; x_wconf 77' lang='lat' dir='ltr'>ConiunCtiim</span> <span class='ocrx_word' id='word_1_2024' title='bbox 2124 3050 2133 3063; x_wconf 94' lang='lat'>,</span> <span class='ocrx_word' id='word_1_2025' title='bbox 2158 3031 2213 3058; x_wconf 80' lang='lat' dir='ltr'>vid.</span> 
     </span>
     <span class='ocr_line' id='line_1_213' title="bbox 1168 3060 2213 3100; baseline 0.006 -12"><span class='ocrx_word' id='word_1_2026' title='bbox 1168 3061 1211 3088; x_wconf 84' lang='lat' dir='ltr'>hh.</span> <span class='ocrx_word' id='word_1_2027' title='bbox 1231 3060 1258 3088; x_wconf 85' lang='lat' dir='ltr'>ll.</span> <span class='ocrx_word' id='word_1_2028' title='bbox 1330 3061 1500 3096; x_wconf 85' lang='lat' dir='ltr'>Coniungere</span> <span class='ocrx_word' id='word_1_2029' title='bbox 1514 3060 1651 3088; x_wconf 77' lang='lat' dir='ltr'>confilium</span> <span class='ocrx_word' id='word_1_2030' title='bbox 1670 3069 1728 3087; x_wconf 86' lang='lat' dir='ltr'>cum</span> <span class='ocrx_word' id='word_1_2031' title='bbox 1742 3061 1850 3088; x_wconf 86' lang='lat' dir='ltr'>alterius</span> <span class='ocrx_word' id='word_1_2032' title='bbox 1865 3061 1975 3089; x_wconf 89' lang='lat' dir='ltr'>consilio</span> <span class='ocrx_word' id='word_1_2033' title='bbox 1988 3064 2044 3091; x_wconf 89' lang='lat' dir='ltr'>Cic.</span> <span class='ocrx_word' id='word_1_2034' title='bbox 2059 3066 2131 3093; x_wconf 86' lang='lat' dir='ltr'>Fam.</span> <span class='ocrx_word' id='word_1_2035' title='bbox 2144 3075 2173 3100; x_wconf 89' lang='lat'>4,</span> <span class='ocrx_word' id='word_1_2036' title='bbox 2187 3076 2213 3095; x_wconf 87' lang='lat'>2.</span> 
     </span>
     <span class='ocr_line' id='line_1_214' title="bbox 1168 3096 2211 3136; baseline 0.007 -13"><span class='ocrx_word' id='word_1_2037' title='bbox 1168 3096 1241 3123; x_wconf 87' lang='lat' dir='ltr'>Ideni</span> <span class='ocrx_word' id='word_1_2038' title='bbox 1257 3097 1310 3123; x_wconf 87' lang='lat' dir='ltr'>Att.</span> <span class='ocrx_word' id='word_1_2039' title='bbox 1323 3102 1346 3130; x_wconf 88' lang='lat'>8,</span> <span class='ocrx_word' id='word_1_2040' title='bbox 1360 3106 1382 3124; x_wconf 88' lang='lat'>11</span> <span class='ocrx_word' id='word_1_2041' title='bbox 1406 3097 1487 3131; x_wconf 69' lang='lat' dir='ltr'>Quod</span> <span class='ocrx_word' id='word_1_2042' title='bbox 1501 3105 1543 3123; x_wconf 89' lang='lat' dir='ltr'>me</span> <span class='ocrx_word' id='word_1_2043' title='bbox 1555 3104 1652 3131; x_wconf 83' lang='lat' dir='ltr'>magno</span> <span class='ocrx_word' id='word_1_2044' title='bbox 1665 3096 1748 3124; x_wconf 88' lang='lat' dir='ltr'>animi</span> <span class='ocrx_word' id='word_1_2045' title='bbox 1761 3103 1836 3124; x_wconf 88' lang='lat' dir='ltr'>motu</span> <span class='ocrx_word' id='word_1_2046' title='bbox 1849 3098 2033 3132; x_wconf 87' lang='lat' dir='ltr'>perturbatum</span> <span class='ocrx_word' id='word_1_2047' title='bbox 2047 3108 2137 3136; x_wconf 86' lang='lat' dir='ltr'>putas,</span> <span class='ocrx_word' id='word_1_2048' title='bbox 2154 3103 2211 3131; x_wconf 87' lang='lat' dir='ltr'>sum</span> 
     </span>
     <span class='ocr_line' id='line_1_215' title="bbox 1167 3132 2213 3167; baseline 0.008 -9"><span class='ocrx_word' id='word_1_2049' title='bbox 1167 3132 1313 3167; x_wconf 83' lang='lat' dir='ltr'>equidem:</span> <span class='ocrx_word' id='word_1_2050' title='bbox 1348 3133 1393 3160; x_wconf 87' lang='lat' dir='ltr'>sed</span> <span class='ocrx_word' id='word_1_2051' title='bbox 1414 3142 1468 3160; x_wconf 89' lang='lat' dir='ltr'>non</span> <span class='ocrx_word' id='word_1_2052' title='bbox 1484 3139 1537 3159; x_wconf 89' lang='lat' dir='ltr'>tam</span> <span class='ocrx_word' id='word_1_2053' title='bbox 1557 3140 1669 3166; x_wconf 79' lang='lat' dir='ltr'>magno,</span> <span class='ocrx_word' id='word_1_2054' title='bbox 1689 3138 1768 3167; x_wconf 82' lang='lat' dir='ltr'>quam</span> <span class='ocrx_word' id='word_1_2055' title='bbox 1788 3133 1839 3160; x_wconf 88' lang='lat' dir='ltr'>tibi</span> <span class='ocrx_word' id='word_1_2056' title='bbox 1859 3133 1963 3160; x_wconf 83' lang='lat' dir='ltr'>fortasse</span> <span class='ocrx_word' id='word_1_2057' title='bbox 1984 3135 2088 3164; x_wconf 86' lang='lat' dir='ltr'>videor.</span> <span class='ocrx_word' id='word_1_2058' title='bbox 2130 3139 2213 3166; x_wconf 87' lang='lat' dir='ltr'>Leua-</span> 
     </span>
     <span class='ocr_line' id='line_1_216' title="bbox 1168 3168 2212 3208; baseline 0.007 -14"><span class='ocrx_word' id='word_1_2059' title='bbox 1168 3173 1211 3195; x_wconf 86' lang='lat' dir='ltr'>tur</span> <span class='ocrx_word' id='word_1_2060' title='bbox 1231 3169 1303 3195; x_wconf 89' lang='lat' dir='ltr'>enirn</span> <span class='ocrx_word' id='word_1_2061' title='bbox 1323 3169 1411 3196; x_wconf 90' lang='lat' dir='ltr'>omnis</span> <span class='ocrx_word' id='word_1_2062' title='bbox 1431 3176 1508 3199; x_wconf 88' lang='lat' dir='ltr'>cura,</span> <span class='ocrx_word' id='word_1_2063' title='bbox 1527 3176 1609 3202; x_wconf 88' lang='lat' dir='ltr'>quum</span> <span class='ocrx_word' id='word_1_2064' title='bbox 1628 3174 1673 3194; x_wconf 89' lang='lat' dir='ltr'>aut</span> <span class='ocrx_word' id='word_1_2065' title='bbox 1688 3168 1811 3195; x_wconf 87' lang='lat' dir='ltr'>Consistit</span> <span class='ocrx_word' id='word_1_2066' title='bbox 1831 3169 1986 3204; x_wconf 86' lang='lat' dir='ltr'>confilium,</span> <span class='ocrx_word' id='word_1_2067' title='bbox 2006 3178 2050 3199; x_wconf 86' lang='lat' dir='ltr'>aut</span> <span class='ocrx_word' id='word_1_2068' title='bbox 2068 3174 2212 3208; x_wconf 85' lang='lat' dir='ltr'>cogitando</span> 
     </span>
     <span class='ocr_line' id='line_1_217' title="bbox 1466 3202 2236 3245; baseline 0.01 -16"><span class='ocrx_word' id='word_1_2069' title='bbox 1466 3205 1530 3230; x_wconf 89' lang='lat' dir='ltr'>Tum</span> <span class='ocrx_word' id='word_1_2070' title='bbox 1552 3202 1667 3230; x_wconf 86' lang='lat' dir='ltr'>consistit</span> <span class='ocrx_word' id='word_1_2071' title='bbox 1687 3204 1843 3236; x_wconf 89' lang='lat' dir='ltr'>consilium,</span> <span class='ocrx_word' id='word_1_2072' title='bbox 1862 3214 1934 3240; x_wconf 85' lang='lat' dir='ltr'>quum</span> <span class='ocrx_word' id='word_1_2073' title='bbox 1953 3208 2086 3244; x_wconf 86' lang='lat' dir='ltr'>cogitando</span> <span class='ocrx_word' id='word_1_2074' title='bbox 2106 3210 2211 3245; x_wconf 85' lang='lat' dir='ltr'>aliquid,</span> <span class='ocrx_word' id='word_1_2075' title='bbox 2231 3220 2236 3224; x_wconf 89' lang='grc'>·</span> 
     </span>
     <span class='ocr_line' id='line_1_218' title="bbox 1165 3239 2211 3277; baseline 0.006 -11"><span class='ocrx_word' id='word_1_2076' title='bbox 1165 3240 1231 3276; x_wconf 85' lang='lat' dir='ltr'>quod</span> <span class='ocrx_word' id='word_1_2077' title='bbox 1238 3242 1352 3275; x_wconf 82' lang='lat' dir='ltr'>placeat,</span> <span class='ocrx_word' id='word_1_2078' title='bbox 1371 3241 1562 3276; x_wconf 74' lang='lat' dir='ltr'>explicauimus,</span> <span class='ocrx_word' id='word_1_2079' title='bbox 1584 3241 1611 3265; x_wconf 82' lang='lat' dir='ltr'>in</span> <span class='ocrx_word' id='word_1_2080' title='bbox 1625 3248 1670 3274; x_wconf 82' lang='lat' dir='ltr'>quo</span> <span class='ocrx_word' id='word_1_2081' title='bbox 1689 3239 1833 3266; x_wconf 75' lang='lat' dir='ltr'>manendum</span> <span class='ocrx_word' id='word_1_2082' title='bbox 1840 3247 1964 3275; x_wconf 77' lang='lat' dir='ltr'>putemur.</span> <span class='ocrx_word' id='word_1_2083' title='bbox 2035 3244 2211 3277; x_wconf 79' lang='lat' dir='ltr'>Consociare‚</span> 
     </span>
     <span class='ocr_line' id='line_1_219' title="bbox 1167 3273 2210 3312; baseline 0.005 -10"><span class='ocrx_word' id='word_1_2084' title='bbox 1167 3276 1350 3310; x_wconf 85' lang='lat' dir='ltr'>Constituere,</span> <span class='ocrx_word' id='word_1_2085' title='bbox 1376 3275 1546 3307; x_wconf 71' lang='lat' dir='ltr'>Consustare,</span> <span class='ocrx_word' id='word_1_2086' title='bbox 1573 3274 1625 3301; x_wconf 81' lang='lat' dir='ltr'>vid.</span> <span class='ocrx_word' id='word_1_2087' title='bbox 1637 3273 1672 3307; x_wconf 79' lang='lat' dir='ltr'><em>ffi</em></span> <span class='ocrx_word' id='word_1_2088' title='bbox 1692 3275 1719 3301; x_wconf 89' lang='lat' dir='ltr'>ll.</span> <span class='ocrx_word' id='word_1_2089' title='bbox 1790 3276 1953 3304; x_wconf 87' lang='lat' dir='ltr'>Consumere</span> <span class='ocrx_word' id='word_1_2090' title='bbox 1969 3277 2038 3306; x_wconf 86' lang='lat' dir='ltr'>Ter.</span> <span class='ocrx_word' id='word_1_2091' title='bbox 2051 3280 2133 3307; x_wconf 85' lang='lat' dir='ltr'>Andr.</span> <span class='ocrx_word' id='word_1_2092' title='bbox 2149 3289 2173 3312; x_wconf 92' lang='lat'>1,</span> <span class='ocrx_word' id='word_1_2093' title='bbox 2189 3289 2210 3311; x_wconf 85' lang='lat' dir='ltr'>i,</span> 
     </span>
     <span class='ocr_line' id='line_1_220' title="bbox 1169 3309 2210 3350; baseline 0.005 -13"><span class='ocrx_word' id='word_1_2094' title='bbox 1169 3319 1220 3344; x_wconf 78' lang='lat'>¹32·</span> <span class='ocrx_word' id='word_1_2095' title='bbox 1293 3313 1451 3339; x_wconf 89' lang='lat' dir='ltr'>Conuocare</span> <span class='ocrx_word' id='word_1_2096' title='bbox 1479 3310 1508 3337; x_wconf 89' lang='lat' dir='ltr'>in</span> <span class='ocrx_word' id='word_1_2097' title='bbox 1531 3310 1650 3336; x_wconf 90' lang='lat' dir='ltr'>animum</span> <span class='ocrx_word' id='word_1_2098' title='bbox 1673 3309 1800 3345; x_wconf 89' lang='lat' dir='ltr'>confilia,</span> <span class='ocrx_word' id='word_1_2099' title='bbox 1835 3311 1978 3347; x_wconf 86' lang='lat' dir='ltr'>Coquere,</span> <span class='ocrx_word' id='word_1_2100' title='bbox 2013 3315 2210 3350; x_wconf 79' lang='lat' dir='ltr'>eorrumpere,</span> 
     </span>
     <span class='ocr_line' id='line_1_221' title="bbox 1168 3345 2207 3383; baseline 0.005 -10"><span class='ocrx_word' id='word_1_2101' title='bbox 1168 3347 1282 3375; x_wconf 85' lang='lat' dir='ltr'>Credere</span> <span class='ocrx_word' id='word_1_2102' title='bbox 1301 3347 1383 3375; x_wconf 82' lang='lat' dir='ltr'>alicui</span> <span class='ocrx_word' id='word_1_2103' title='bbox 1403 3347 1448 3373; x_wconf 90' lang='lat' dir='ltr'>sua</span> <span class='ocrx_word' id='word_1_2104' title='bbox 1467 3345 1588 3377; x_wconf 88' lang='lat' dir='ltr'>confilia,</span> <span class='ocrx_word' id='word_1_2105' title='bbox 1614 3345 1668 3372; x_wconf 79' lang='lat' dir='ltr'>vid.</span> <span class='ocrx_word' id='word_1_2106' title='bbox 1681 3345 1715 3379; x_wconf 68' lang='lat' dir='ltr'>ff}</span> <span class='ocrx_word' id='word_1_2107' title='bbox 1735 3346 1762 3373; x_wconf 88' lang='lat' dir='ltr'>Il.</span> <span class='ocrx_word' id='word_1_2108' title='bbox 1834 3347 1904 3374; x_wconf 80' lang='lat' dir='ltr'>Dare</span> <span class='ocrx_word' id='word_1_2109' title='bbox 1922 3349 1991 3376; x_wconf 89' lang='lat' dir='ltr'>Ter.</span> <span class='ocrx_word' id='word_1_2110' title='bbox 2007 3351 2087 3377; x_wconf 87' lang='lat' dir='ltr'>Andr.</span> <span class='ocrx_word' id='word_1_2111' title='bbox 2103 3359 2129 3383; x_wconf 85' lang='lat'>2,</span> <span class='ocrx_word' id='word_1_2112' title='bbox 2145 3359 2164 3382; x_wconf 90' lang='lat' dir='ltr'>i,</span> <span class='ocrx_word' id='word_1_2113' title='bbox 2181 3359 2207 3383; x_wconf 89' lang='lat'>9.</span> 
     </span>
     <span class='ocr_line' id='line_1_222' title="bbox 1484 3381 2205 3420; baseline 0.003 -12"><span class='ocrx_word' id='word_1_2114' title='bbox 1484 3381 1632 3408; x_wconf 89' lang='lat' dir='ltr'>Consilium</span> <span class='ocrx_word' id='word_1_2115' title='bbox 1653 3381 1730 3408; x_wconf 83' lang='lat' dir='ltr'>nobis</span> <span class='ocrx_word' id='word_1_2116' title='bbox 1749 3390 1843 3417; x_wconf 87' lang='lat' dir='ltr'>resque</span> <span class='ocrx_word' id='word_1_2117' title='bbox 1862 3383 1988 3420; x_wconf 85' lang='lat' dir='ltr'>locusque</span> <span class='ocrx_word' id='word_1_2118' title='bbox 2007 3385 2105 3412; x_wconf 86' lang='lat' dir='ltr'>dabunt</span> <span class='ocrx_word' id='word_1_2119' title='bbox 2123 3385 2205 3414; x_wconf 89' lang='lat' dir='ltr'>Ouid.</span> 
     </span>
     <span class='ocr_line' id='line_1_223' title="bbox 1167 3416 2207 3454; baseline 0.004 -11"><span class='ocrx_word' id='word_1_2120' title='bbox 1167 3418 1226 3446; x_wconf 88' lang='lat' dir='ltr'>Am.</span> <span class='ocrx_word' id='word_1_2121' title='bbox 1240 3428 1260 3452; x_wconf 78' lang='lat' dir='ltr'>r,</span> <span class='ocrx_word' id='word_1_2122' title='bbox 1274 3428 1302 3452; x_wconf 86' lang='lat'>4,</span> <span class='ocrx_word' id='word_1_2123' title='bbox 1315 3427 1356 3452; x_wconf 80' lang='lat'>54.</span> <span class='ocrx_word' id='word_1_2124' title='bbox 1427 3417 1495 3443; x_wconf 89' lang='lat' dir='ltr'>Dare</span> <span class='ocrx_word' id='word_1_2125' title='bbox 1507 3418 1594 3443; x_wconf 86' lang='lat' dir='ltr'>minus</span> <span class='ocrx_word' id='word_1_2126' title='bbox 1608 3416 1684 3444; x_wconf 84' lang='lat' dir='ltr'>fidele</span> <span class='ocrx_word' id='word_1_2127' title='bbox 1696 3417 1777 3444; x_wconf 83' lang='lat' dir='ltr'>alicui</span> <span class='ocrx_word' id='word_1_2128' title='bbox 1791 3418 1847 3446; x_wconf 85' lang='lat' dir='ltr'>Cic.</span> <span class='ocrx_word' id='word_1_2129' title='bbox 1861 3428 1910 3454; x_wconf 84' lang='lat' dir='ltr'>pro</span> <span class='ocrx_word' id='word_1_2130' title='bbox 1922 3421 2027 3447; x_wconf 84' lang='lat' dir='ltr'>Cluent.</span> <span class='ocrx_word' id='word_1_2131' title='bbox 2040 3427 2075 3454; x_wconf 82' lang='lat'>85.</span> <span class='ocrx_word' id='word_1_2132' title='bbox 2137 3421 2207 3447; x_wconf 83' lang='lat' dir='ltr'>Dare</span> 
     </span>
     <span class='ocr_line' id='line_1_224' title="bbox 1168 3452 2206 3489; baseline 0.002 -9"><span class='ocrx_word' id='word_1_2133' title='bbox 1168 3454 1307 3481; x_wconf 81' lang='lat' dir='ltr'>secundum</span> <span class='ocrx_word' id='word_1_2134' title='bbox 1327 3462 1413 3480; x_wconf 86' lang='lat' dir='ltr'>mores</span> <span class='ocrx_word' id='word_1_2135' title='bbox 1434 3452 1565 3486; x_wconf 70' lang='lat' dir='ltr'>Qninffii.</span> <span class='ocrx_word' id='word_1_2136' title='bbox 1580 3461 1603 3485; x_wconf 83' lang='grc'>3,</span> <span class='ocrx_word' id='word_1_2137' title='bbox 1619 3458 1642 3483; x_wconf 87' lang='lat'>8.</span> <span class='ocrx_word' id='word_1_2138' title='bbox 1714 3453 1784 3481; x_wconf 91' lang='lat' dir='ltr'>Dare</span> <span class='ocrx_word' id='word_1_2139' title='bbox 1796 3454 1898 3489; x_wconf 88' lang='lat' dir='ltr'>aliquid</span> <span class='ocrx_word' id='word_1_2140' title='bbox 1913 3456 1968 3483; x_wconf 91' lang='lat' dir='ltr'>loci</span> <span class='ocrx_word' id='word_1_2141' title='bbox 1987 3455 2086 3483; x_wconf 86' lang='lat' dir='ltr'>rationi</span> <span class='ocrx_word' id='word_1_2142' title='bbox 2106 3461 2132 3482; x_wconf 86' lang='lat' dir='ltr'>et</span> <span class='ocrx_word' id='word_1_2143' title='bbox 2145 3465 2206 3482; x_wconf 90' lang='lat' dir='ltr'>con-</span> 
     </span>
     <span class='ocr_line' id='line_1_225' title="bbox 1167 3488 2206 3524; baseline 0.001 -7"><span class='ocrx_word' id='word_1_2144' title='bbox 1167 3489 1226 3517; x_wconf 89' lang='lat' dir='ltr'>silio</span> <span class='ocrx_word' id='word_1_2145' title='bbox 1243 3491 1298 3518; x_wconf 89' lang='lat' dir='ltr'>Cic.</span> <span class='ocrx_word' id='word_1_2146' title='bbox 1314 3498 1362 3524; x_wconf 89' lang='lat' dir='ltr'>pro</span> <span class='ocrx_word' id='word_1_2147' title='bbox 1377 3488 1469 3522; x_wconf 82' lang='lat' dir='ltr'>Qiint.</span> <span class='ocrx_word' id='word_1_2148' title='bbox 1487 3496 1523 3521; x_wconf 89' lang='grc'>53.</span> <span class='ocrx_word' id='word_1_2149' title='bbox 1593 3488 1683 3515; x_wconf 82' lang='lat' dir='ltr'>Deeise</span> <span class='ocrx_word' id='word_1_2150' title='bbox 1700 3489 1782 3516; x_wconf 88' lang='lat' dir='ltr'>alicui</span> <span class='ocrx_word' id='word_1_2151' title='bbox 1801 3490 1874 3517; x_wconf 90' lang='lat' dir='ltr'>Idem</span> <span class='ocrx_word' id='word_1_2152' title='bbox 1889 3491 1960 3518; x_wconf 85' lang='lat' dir='ltr'>Fam.</span> <span class='ocrx_word' id='word_1_2153' title='bbox 1975 3494 2001 3524; x_wconf 89' lang='lat'>6,</span> <span class='ocrx_word' id='word_1_2154' title='bbox 2038 3511 2044 3517; x_wconf 97' lang='lat'>.</span> <span class='ocrx_word' id='word_1_2155' title='bbox 2083 3510 2089 3517; x_wconf 93' lang='lat'>.</span> <span class='ocrx_word' id='word_1_2156' title='bbox 2159 3491 2206 3517; x_wconf 90' lang='lat' dir='ltr'>Di-</span> 
     </span>
     <span class='ocr_line' id='line_1_226' title="bbox 1168 3522 2205 3560; baseline 0 -7"><span class='ocrx_word' id='word_1_2157' title='bbox 1168 3525 1239 3553; x_wconf 67' lang='lat' dir='ltr'>&amp;are</span> <span class='ocrx_word' id='word_1_2158' title='bbox 1251 3525 1357 3553; x_wconf 87' lang='lat' dir='ltr'>consilia</span> <span class='ocrx_word' id='word_1_2159' title='bbox 1369 3524 1438 3551; x_wconf 89' lang='lat' dir='ltr'>mala</span> <span class='ocrx_word' id='word_1_2160' title='bbox 1451 3533 1518 3550; x_wconf 88' lang='lat' dir='ltr'>voce</span> <span class='ocrx_word' id='word_1_2161' title='bbox 1529 3522 1703 3559; x_wconf 88' lang='lat' dir='ltr'>blandiloqua</span> <span class='ocrx_word' id='word_1_2162' title='bbox 1715 3525 1773 3552; x_wconf 87' lang='lat' dir='ltr'>Seii.</span> <span class='ocrx_word' id='word_1_2163' title='bbox 1788 3527 1879 3560; x_wconf 86' lang='lat' dir='ltr'>Agam.</span> <span class='ocrx_word' id='word_1_2164' title='bbox 1888 3532 1942 3560; x_wconf 80' lang='lat'>289.</span> <span class='ocrx_word' id='word_1_2165' title='bbox 1961 3529 1980 3553; x_wconf 80' lang='grc' dir='ltr'>ι’.</span> <span class='ocrx_word' id='word_1_2166' title='bbox 1993 3526 2060 3552; x_wconf 82' lang='lat' dir='ltr'>dare.</span> <span class='ocrx_word' id='word_1_2167' title='bbox 2103 3526 2205 3553; x_wconf 84' lang='lat' dir='ltr'>Discre-</span> 
     </span>
     <span class='ocr_line' id='line_1_227' title="bbox 1564 3559 2203 3595; baseline 0.005 -10"><span class='ocrx_word' id='word_1_2168' title='bbox 1564 3559 1726 3588; x_wconf 87' lang='lat' dir='ltr'>Doniinatur</span> <span class='ocrx_word' id='word_1_2169' title='bbox 1737 3561 1875 3589; x_wconf 88' lang='lat' dir='ltr'>confilium</span> <span class='ocrx_word' id='word_1_2170' title='bbox 1889 3562 1917 3588; x_wconf 92' lang='lat' dir='ltr'>in</span> <span class='ocrx_word' id='word_1_2171' title='bbox 1930 3567 1987 3588; x_wconf 84' lang='lat' dir='ltr'>toto</span> <span class='ocrx_word' id='word_1_2172' title='bbox 2002 3569 2113 3595; x_wconf 86' lang='lat' dir='ltr'>corpore</span> <span class='ocrx_word' id='word_1_2173' title='bbox 2125 3562 2203 3589; x_wconf 89' lang='lat' dir='ltr'>Lucr.</span> 
     </span>
     <span class='ocr_line' id='line_1_228' title="bbox 1167 3594 2204 3632; baseline -0.001 -7"><span class='ocrx_word' id='word_1_2174' title='bbox 1167 3605 1191 3630; x_wconf 85' lang='lat'>3,</span> <span class='ocrx_word' id='word_1_2175' title='bbox 1205 3606 1254 3631; x_wconf 83' lang='grc'>139.</span> <span class='ocrx_word' id='word_1_2176' title='bbox 1280 3600 1299 3623; x_wconf 83' lang='lat' dir='ltr'>i.</span> <span class='ocrx_word' id='word_1_2177' title='bbox 1313 3605 1388 3621; x_wconf 70' lang='lat' dir='ltr'>mens.</span> <span class='ocrx_word' id='word_1_2178' title='bbox 1458 3594 1567 3622; x_wconf 82' lang='lat' dir='ltr'>Edicere</span> <span class='ocrx_word' id='word_1_2179' title='bbox 1585 3594 1654 3622; x_wconf 84' lang='lat' dir='ltr'>Geli.</span> <span class='ocrx_word' id='word_1_2180' title='bbox 1667 3603 1703 3630; x_wconf 85' lang='lat'>15,</span> <span class='ocrx_word' id='word_1_2181' title='bbox 1715 3604 1759 3632; x_wconf 82' lang='lat'>27.</span> <span class='ocrx_word' id='word_1_2182' title='bbox 1820 3598 1926 3632; x_wconf 72' lang='lat' dir='ltr'>Egere,</span> <span class='ocrx_word' id='word_1_2183' title='bbox 1943 3604 1969 3623; x_wconf 90' lang='lat' dir='ltr'>et</span> <span class='ocrx_word' id='word_1_2184' title='bbox 1982 3595 2125 3624; x_wconf 85' lang='lat' dir='ltr'>Abundare</span> <span class='ocrx_word' id='word_1_2185' title='bbox 2143 3606 2204 3624; x_wconf 90' lang='lat' dir='ltr'>con-</span> 
     </span>
     <span class='ocr_line' id='line_1_229' title="bbox 1165 3631 2202 3666; baseline -0.001 -6"><span class='ocrx_word' id='word_1_2186' title='bbox 1165 3632 1242 3666; x_wconf 78' lang='lat' dir='ltr'>filio,</span> <span class='ocrx_word' id='word_1_2187' title='bbox 1258 3631 1390 3659; x_wconf 84' lang='lat' dir='ltr'>contraria</span> <span class='ocrx_word' id='word_1_2188' title='bbox 1407 3631 1462 3657; x_wconf 92' lang='lat' dir='ltr'>Cic.</span> <span class='ocrx_word' id='word_1_2189' title='bbox 1477 3631 1548 3656; x_wconf 83' lang='lat' dir='ltr'>Fam.</span> <span class='ocrx_word' id='word_1_2190' title='bbox 1560 3639 1598 3664; x_wconf 87' lang='lat'>10,</span> <span class='ocrx_word' id='word_1_2191' title='bbox 1615 3633 1651 3658; x_wconf 86' lang='lat'>16.</span> <span class='ocrx_word' id='word_1_2192' title='bbox 1722 3633 1865 3659; x_wconf 86' lang='lat' dir='ltr'>Enuntiare</span> <span class='ocrx_word' id='word_1_2193' title='bbox 1884 3632 1956 3659; x_wconf 89' lang='lat' dir='ltr'>Idem</span> <span class='ocrx_word' id='word_1_2194' title='bbox 1970 3640 2018 3664; x_wconf 88' lang='lat' dir='ltr'>pro</span> <span class='ocrx_word' id='word_1_2195' title='bbox 2030 3632 2105 3659; x_wconf 81' lang='lat' dir='ltr'>Rosc.</span> <span class='ocrx_word' id='word_1_2196' title='bbox 2115 3633 2202 3659; x_wconf 85' lang='lat' dir='ltr'>Amer.</span> 
     </span>
     <span class='ocr_line' id='line_1_230' title="bbox 1168 3666 2204 3702; baseline -0.001 -6"><span class='ocrx_word' id='word_1_2197' title='bbox 1168 3676 1200 3696; x_wconf 87' lang='lat'>11.</span> <span class='ocrx_word' id='word_1_2198' title='bbox 1256 3669 1287 3694; x_wconf 78' lang='lat' dir='ltr'>Et</span> <span class='ocrx_word' id='word_1_2199' title='bbox 1300 3668 1372 3694; x_wconf 81' lang='lat' dir='ltr'>Fam.</span> <span class='ocrx_word' id='word_1_2200' title='bbox 1386 3666 1424 3698; x_wconf 88' lang='lat'>16,</span> <span class='ocrx_word' id='word_1_2201' title='bbox 1440 3674 1449 3692; x_wconf 88' lang='lat'>1</span> <span class='ocrx_word' id='word_1_2202' title='bbox 1470 3666 1497 3692; x_wconf 89' lang='lat' dir='ltr'>Si</span> <span class='ocrx_word' id='word_1_2203' title='bbox 1510 3672 1598 3693; x_wconf 89' lang='lat' dir='ltr'>autem</span> <span class='ocrx_word' id='word_1_2204' title='bbox 1615 3666 1782 3702; x_wconf 86' lang='lat' dir='ltr'>posteaquam</span> <span class='ocrx_word' id='word_1_2205' title='bbox 1796 3668 1885 3694; x_wconf 89' lang='lat' dir='ltr'>cibum</span> <span class='ocrx_word' id='word_1_2206' title='bbox 1905 3666 2011 3700; x_wconf 85' lang='lat' dir='ltr'>cepisti,</span> <span class='ocrx_word' id='word_1_2207' title='bbox 2032 3666 2132 3694; x_wconf 88' lang='lat' dir='ltr'>videris</span> <span class='ocrx_word' id='word_1_2208' title='bbox 2151 3667 2204 3694; x_wconf 86' lang='lat' dir='ltr'>tibi</span> 
     </span>
     <span class='ocr_line' id='line_1_231' title="bbox 1166 3702 2203 3739; baseline -0.002 -8"><span class='ocrx_word' id='word_1_2209' title='bbox 1166 3713 1210 3731; x_wconf 87' lang='lat' dir='ltr'>me</span> <span class='ocrx_word' id='word_1_2210' title='bbox 1222 3704 1290 3739; x_wconf 78' lang='lat' dir='ltr'>posse</span> <span class='ocrx_word' id='word_1_2211' title='bbox 1303 3702 1443 3735; x_wconf 88' lang='lat' dir='ltr'>consequi,</span> <span class='ocrx_word' id='word_1_2212' title='bbox 1461 3707 1536 3728; x_wconf 88' lang='lat' dir='ltr'>tuum</span> <span class='ocrx_word' id='word_1_2213' title='bbox 1551 3702 1689 3729; x_wconf 87' lang='lat' dir='ltr'>confilium</span> <span class='ocrx_word' id='word_1_2214' title='bbox 1701 3704 1751 3730; x_wconf 81' lang='lat' dir='ltr'>Est.</span> <span class='ocrx_word' id='word_1_2215' title='bbox 1823 3703 1879 3730; x_wconf 88' lang='lat' dir='ltr'>Cic.</span> <span class='ocrx_word' id='word_1_2216' title='bbox 1895 3702 1965 3728; x_wconf 86' lang='lat' dir='ltr'>Fani.</span> <span class='ocrx_word' id='word_1_2217' title='bbox 1979 3710 2019 3735; x_wconf 73' lang='lat'>14,</span> <span class='ocrx_word' id='word_1_2218' title='bbox 2033 3710 2062 3735; x_wconf 89' lang='lat'>¹4</span> <span class='ocrx_word' id='word_1_2219' title='bbox 2081 3703 2203 3730; x_wconf 79' lang='lat' dir='ltr'>Vestrum</span> 
     </span>
     <span class='ocr_line' id='line_1_232' title="bbox 2171 3740 2203 3765; baseline -0.031 0"><span class='ocrx_word' id='word_1_2220' title='bbox 2171 3740 2203 3765; x_wconf 80' lang='lat' dir='ltr'>Et</span> 
     </span>
     <span class='ocr_line' id='line_1_233' title="bbox 1166 3772 2200 3809; baseline -0.003 -8"><span class='ocrx_word' id='word_1_2221' title='bbox 1166 3783 1209 3808; x_wconf 84' lang='lat'>3‚2</span> <span class='ocrx_word' id='word_1_2222' title='bbox 1230 3774 1303 3808; x_wconf 87' lang='lat' dir='ltr'>Qiid</span> <span class='ocrx_word' id='word_1_2223' title='bbox 1318 3773 1346 3799; x_wconf 87' lang='lat' dir='ltr'>in</span> <span class='ocrx_word' id='word_1_2224' title='bbox 1359 3781 1391 3799; x_wconf 90' lang='lat' dir='ltr'>eo</span> <span class='ocrx_word' id='word_1_2225' title='bbox 1404 3781 1500 3807; x_wconf 81' lang='lat' dir='ltr'>genere</span> <span class='ocrx_word' id='word_1_2226' title='bbox 1514 3773 1617 3801; x_wconf 84' lang='lat' dir='ltr'>efficere</span> <span class='ocrx_word' id='word_1_2227' title='bbox 1630 3774 1703 3809; x_wconf 85' lang='lat' dir='ltr'>poffis</span> <span class='ocrx_word' id='word_1_2228' title='bbox 1711 3794 1720 3807; x_wconf 95' lang='lat'>,</span> <span class='ocrx_word' id='word_1_2229' title='bbox 1739 3781 1779 3800; x_wconf 87' lang='lat' dir='ltr'>tui</span> <span class='ocrx_word' id='word_1_2230' title='bbox 1793 3772 1894 3799; x_wconf 80' lang='lat' dir='ltr'>consilii</span> <span class='ocrx_word' id='word_1_2231' title='bbox 1900 3772 1950 3798; x_wconf 79' lang='lat' dir='ltr'>Est.</span> <span class='ocrx_word' id='word_1_2232' title='bbox 2020 3772 2050 3799; x_wconf 90' lang='lat' dir='ltr'>Id</span> <span class='ocrx_word' id='word_1_2233' title='bbox 2062 3773 2200 3800; x_wconf 82' lang='lat' dir='ltr'>arbitrium</span> 
     </span>
     <span class='ocr_line' id='line_1_234' title="bbox 1166 3806 2200 3846; baseline -0.004 -9"><span class='ocrx_word' id='word_1_2234' title='bbox 1166 3811 1275 3846; x_wconf 84' lang='lat' dir='ltr'>negauit</span> <span class='ocrx_word' id='word_1_2235' title='bbox 1294 3809 1390 3835; x_wconf 91' lang='lat' dir='ltr'>Conon</span> <span class='ocrx_word' id='word_1_2236' title='bbox 1407 3808 1449 3835; x_wconf 86' lang='lat' dir='ltr'>sui</span> <span class='ocrx_word' id='word_1_2237' title='bbox 1465 3809 1569 3836; x_wconf 87' lang='lat' dir='ltr'>consilii</span> <span class='ocrx_word' id='word_1_2238' title='bbox 1582 3810 1636 3836; x_wconf 82' lang='lat' dir='ltr'>Effe</span> <span class='ocrx_word' id='word_1_2239' title='bbox 1655 3810 1746 3844; x_wconf 87' lang='lat' dir='ltr'>Nepos</span> <span class='ocrx_word' id='word_1_2240' title='bbox 1764 3817 1789 3841; x_wconf 89' lang='lat'>9,</span> <span class='ocrx_word' id='word_1_2241' title='bbox 1808 3817 1836 3841; x_wconf 86' lang='lat'>4,</span> <span class='ocrx_word' id='word_1_2242' title='bbox 1853 3816 1878 3834; x_wconf 65' lang='grc' dir='ltr'>τι.</span> <span class='ocrx_word' id='word_1_2243' title='bbox 1948 3806 1990 3833; x_wconf 79' lang='lat' dir='ltr'>Est</span> <span class='ocrx_word' id='word_1_2244' title='bbox 2002 3808 2082 3835; x_wconf 82' lang='lat' dir='ltr'>vestri</span> <span class='ocrx_word' id='word_1_2245' title='bbox 2100 3808 2200 3835; x_wconf 80' lang='lat' dir='ltr'>consilii</span> 
     </span>
     <span class='ocr_line' id='line_1_235' title="bbox 1167 3840 2199 3881; baseline -0.002 -9"><span class='ocrx_word' id='word_1_2246' title='bbox 1167 3845 1355 3881; x_wconf 80' lang='lat' dir='ltr'>(prudentiae)</span> <span class='ocrx_word' id='word_1_2247' title='bbox 1378 3844 1406 3870; x_wconf 86' lang='lat' dir='ltr'>in</span> <span class='ocrx_word' id='word_1_2248' title='bbox 1421 3844 1566 3878; x_wconf 83' lang='lat' dir='ltr'>posterum,</span> <span class='ocrx_word' id='word_1_2249' title='bbox 1586 3854 1664 3880; x_wconf 85' lang='lat' dir='ltr'>quam</span> <span class='ocrx_word' id='word_1_2250' title='bbox 1679 3844 1822 3878; x_wconf 85' lang='lat' dir='ltr'>longissime</span> <span class='ocrx_word' id='word_1_2251' title='bbox 1834 3840 1976 3877; x_wconf 86' lang='lat' dir='ltr'>prouidere</span> <span class='ocrx_word' id='word_1_2252' title='bbox 1990 3843 2164 3877; x_wconf 84' lang='lat' dir='ltr'>Cic.Philipp.</span> <span class='ocrx_word' id='word_1_2253' title='bbox 2174 3850 2199 3876; x_wconf 83' lang='lat'>7,</span> 
     </span>
     <span class='ocr_line' id='line_1_236' title="bbox 1168 3877 2196 3914; baseline 0.003 -9"><span class='ocrx_word' id='word_1_2254' title='bbox 1168 3890 1196 3914; x_wconf 87' lang='lat'>¹9</span> <span class='ocrx_word' id='word_1_2255' title='bbox 1219 3890 1232 3907; x_wconf 83' lang='lat' dir='ltr'>c</span> <span class='ocrx_word' id='word_1_2256' title='bbox 1254 3888 1280 3914; x_wconf 89' lang='lat'>7.</span> <span class='ocrx_word' id='word_1_2257' title='bbox 1348 3880 1493 3907; x_wconf 88' lang='lat' dir='ltr'>Consilium</span> <span class='ocrx_word' id='word_1_2258' title='bbox 1514 3881 1555 3908; x_wconf 77' lang='lat' dir='ltr'>13st</span> <span class='ocrx_word' id='word_1_2259' title='bbox 1573 3881 1610 3907; x_wconf 81' lang='lat' dir='ltr'>ita</span> <span class='ocrx_word' id='word_1_2260' title='bbox 1628 3881 1729 3912; x_wconf 87' lang='lat' dir='ltr'>facere,</span> <span class='ocrx_word' id='word_1_2261' title='bbox 1753 3881 1772 3905; x_wconf 90' lang='lat' dir='ltr'>i.</span> <span class='ocrx_word' id='word_1_2262' title='bbox 1788 3877 1884 3904; x_wconf 78' lang='lat' dir='ltr'>decreui</span> <span class='ocrx_word' id='word_1_2263' title='bbox 1901 3877 1984 3904; x_wconf 85' lang='lat' dir='ltr'>Plaut.</span> <span class='ocrx_word' id='word_1_2264' title='bbox 1997 3879 2056 3905; x_wconf 86' lang='lat' dir='ltr'>Mil.</span> <span class='ocrx_word' id='word_1_2265' title='bbox 2070 3887 2094 3910; x_wconf 87' lang='lat'>2,</span> <span class='ocrx_word' id='word_1_2266' title='bbox 2113 3886 2140 3909; x_wconf 74' lang='lat'>3»</span> <span class='ocrx_word' id='word_1_2267' title='bbox 2159 3885 2196 3910; x_wconf 80' lang='lat'>73-</span> 
     </span>
    </p>
   </div>
   <div class='ocr_carea' id='block_1_64' title="bbox 931 3900 2196 3957">
    <p class='ocr_par' dir='ltr' id='par_1_71' title="bbox 931 3900 2196 3957">
     <span class='ocr_line' id='line_1_237' title="bbox 931 3900 2196 3957; baseline -0.002 -19"><span class='ocrx_word' id='word_1_2268' title='bbox 931 3910 1100 3949; x_wconf 73' lang='lat' dir='ltr'>1d.Att.16‚7</span> <span class='ocrx_word' id='word_1_2269' title='bbox 1112 3921 1156 3948; x_wconf 81' lang='lat'>105</span> <span class='ocrx_word' id='word_1_2270' title='bbox 1167 3917 1224 3957; x_wconf 67' lang='lat' dir='ltr'>Cic.</span> <span class='ocrx_word' id='word_1_2271' title='bbox 1234 3900 1292 3944; x_wconf 63' lang='lat' dir='ltr'>Att-</span> <span class='ocrx_word' id='word_1_2272' title='bbox 1307 3922 1330 3949; x_wconf 85' lang='lat'>5,</span> <span class='ocrx_word' id='word_1_2273' title='bbox 1342 3923 1356 3950; x_wconf 87' lang='grc'>5</span> <span class='ocrx_word' id='word_1_2274' title='bbox 1380 3915 1423 3943; x_wconf 84' lang='lat' dir='ltr'>Ibi</span> <span class='ocrx_word' id='word_1_2275' title='bbox 1440 3917 1512 3943; x_wconf 84' lang='lat' dir='ltr'>enim</span> <span class='ocrx_word' id='word_1_2276' title='bbox 1526 3917 1688 3945; x_wconf 77' lang='lat' dir='ltr'>Pomtinium</span> <span class='ocrx_word' id='word_1_2277' title='bbox 1704 3914 1737 3943; x_wconf 83' lang='lat' dir='ltr'>ad</span> <span class='ocrx_word' id='word_1_2278' title='bbox 1754 3922 1810 3942; x_wconf 81' lang='lat' dir='ltr'>eam</span> <span class='ocrx_word' id='word_1_2279' title='bbox 1823 3913 1910 3947; x_wconf 84' lang='lat' dir='ltr'>diem,</span> <span class='ocrx_word' id='word_1_2280' title='bbox 1934 3922 2013 3949; x_wconf 79' lang='lat' dir='ltr'>quam</span> <span class='ocrx_word' id='word_1_2281' title='bbox 2030 3921 2058 3941; x_wconf 77' lang='lat' dir='ltr'>tu</span> <span class='ocrx_word' id='word_1_2282' title='bbox 2071 3911 2196 3945; x_wconf 74' lang='lat' dir='ltr'>scripsisti,</span> 
     </span>
    </p>
   </div>
   <div class='ocr_carea' id='block_1_65' title="bbox 1455 3947 2194 3986">
    <p class='ocr_par' dir='ltr' id='par_1_72' title="bbox 1455 3947 2194 3986">
     <span class='ocr_line' id='line_1_238' title="bbox 1455 3947 2194 3986; baseline -0.001 -13"><span class='ocrx_word' id='word_1_2283' title='bbox 1455 3960 1472 3986; x_wconf 85' lang='lat'>7</span> <span class='ocrx_word' id='word_1_2284' title='bbox 1489 3951 1512 3980; x_wconf 82' lang='grc' dir='ltr'><em>Κ</em></span> <span class='ocrx_word' id='word_1_2285' title='bbox 2110 3947 2194 3980; x_wconf 81' lang='lat' dir='ltr'>exspe-</span> 
     </span>
    </p>
   </div>
   <div class='ocr_carea' id='block_1_66' title="bbox 2116 2640 2263 2675">
    <p class='ocr_par' dir='ltr' id='par_1_73' title="bbox 2116 2640 2263 2675">
     <span class='ocr_line' id='line_1_239' title="bbox 2116 2640 2263 2675; baseline 0.007 -9"><span class='ocrx_word' id='word_1_2286' title='bbox 2116 2640 2218 2675; x_wconf 88' lang='lat' dir='ltr'>Capere</span> <span class='ocrx_word' id='word_1_2287' title='bbox 2255 2668 2263 2671; x_wconf 36' lang='lat' dir='ltr'><em>s</em></span> 
     </span>
    </p>
   </div>
  </div>
 </body>
</html>
