2474 4182
289 93 351 141 63¹
691 84 718 123 B
780 83 816 120 O
879 79 921 118 N
1798 74 1825 112 B
1898 73 1935 112 O
2002 74 2044 114 N
2359 81 2425 130 632¹

308 177 356 204 uod
367 175 492 203 Bellulus.
552 175 635 202 Plaut.
655 172 738 200 Calin.
759 179 786 202 4,
806 178 835 202 4,
855 173 886 198 28
907 168 963 195 Cur
981 176 1045 202 ergo
1061 176 1115 194 non
1129 168 1198 194 imus
1210 165 1330 192 cubitum
1397 165 1531 197 Donatus,
1549 165 1663 196 Melius,
1683 164 1753 190 Rene
1778 162 1872 189 melius
1887 163 2070 196 comparatiuo
2089 164 2125 190 est
2136 165 2211 197 vsus,
2234 165 2304 200 quali
2323 166 2371 195 hoe
2381 169 2418 197 bo.

290 186 362 240 gella
376 212 518 239 bellatula?
537 211 584 239 Sed
596 212 683 237 Douza
698 207 822 232 emendari
835 207 889 231 vult
903 204 983 237 Belle,
1002 203 1073 231 Bella
1088 210 1115 230 tu
1129 212 1195 230 mea.
1397 208 1462 239 nuni
1475 199 1520 231 sit,
1540 200 1606 226 illud
1618 200 1722 226 melius.
1792 199 1873 225 Plaut.
1888 198 1979 224 Bacch.
1992 207 2021 230 4,
2032 207 2058 231 9,
2072 204 2097 229 18
2114 201 2198 227 Probe
2212 201 2248 227 ita
2259 210 2300 227 res
2316 203 2418 234 succeffir,

327 246 474 276 BELLO'L
485 255 504 273 v
515 255 538 273 s.
569 245 669 272 Diinin.
684 243 764 268 Plaut.
779 240 838 267 Mil.
861 251 888 274 4,
902 249 922 272 i,
936 248 979 273 42.
1013 239 1111 274 Edepol
1133 236 1257 272 equidem
1276 234 1331 261 bel·
1399 235 1548 268 meliusque
1569 235 1662 262 adhuc.
1734 235 1789 261 Cic.
1811 234 1863 261 Off.
1883 243 1906 266 3,
1921 236 1950 260 61
1973 234 2148 268 Reliquorum
2167 242 2256 263 autem
2274 237 2428 269 iudicioru'it'»

290 284 344 311 lula
356 292 391 311 ες.
445 283 529 310 Calin.
543 291 571 315 4,
584 290 612 313 4,
625 287 657 305 22
671 277 767 312 Edepol
781 276 906 312 papillam
920 275 1055 303 bellulam.
1073 278 1155 301 utitur
1168 276 1240 299 etiam
1254 272 1331 297 Poen.
1400 270 1463 297 haec
1483 269 1564 295 verba
1583 271 1698 297 maxime
1717 270 1864 302 excellunt,
1894 271 1922 296 In
1942 269 2057 295 arbitrio
2075 269 2116 296 rei
2128 272 2252 304 vxoriae,
2281 273 2432 305 MELivs÷

1357 304 1371 329 5
1401 305 1593 339 AEQVIVS.
1628 307 1658 332 In
1671 307 1782 338 fiducia,
1799 314 1827 332 vt
1845 306 1987 332 INTER
2008 305 2149 332 BONOS
2170 307 2277 333 BENE
2299 309 2416 340 AGIER

292 327 469 383 ι’ΒΖέιῐῇᾋ
478 361 499 380 Τ
509 360 527 378 ν
536 359 558 378 s.
578 349 637 377 Adi.
658 349 732 376 Idem.
747 346 902 375 Plautiiud.
917 355 943 380 2,
956 354 979 380 5,
992 349 1009 373 6
1023 347 1092 372 Hem
1101 343 1152 371 tibi
1167 351 1262 377 aquam
1275 348 1334 367 mea
1399 341 1507 373 Melius,
1519 341 1606 375 peius:
1629 342 1723 375 prosit,
1739 342 1819 368 obsit:
1836 342 1905 368 nihil
1915 340 2016 372 vident,
2030 340 2078 366 nisi
2091 340 2163 375 quod
2172 341 2249 368 lubet
2266 343 2332 369 Ter.
2340 345 2428 374 fleant?

290 397 320 419 tu
334 391 449 418 belliata.
487 389 527 414 Sic
543 385 603 419 Mffi
624 385 670 413 Sed
680 385 771 416 olunt,
791 392 849 410 inea
862 390 890 410 tu
903 382 982 409 bella.
1400 386 1428 410 4,
1443 386 1463 409 i,
1477 386 1516 408 30.
1587 376 1643 402 Cic.
1657 376 1687 402 de
1700 379 1773 404 Orat.
1787 387 1807 410 3,
1822 387 1864 410 2¹9
1885 378 1914 404 In
1927 386 1959 403 eo
1973 385 2059 403 autem
2075 376 2131 410 ipso
2143 376 2291 404 dominatus
2304 379 2339 405 est
2350 381 2427 410 cinnii»

329 434 344 454 Β
353 434 369 454 E
380 434 395 451 1,
405 433 420 451 L
431 424 440 450 i
451 431 465 449 F
476 422 512 450 fc
522 429 568 449 OR
578 442 585 453 ‚
607 422 656 447 ari.
674 418 796 455 AffiHum
808 426 895 446 temere
908 418 1007 445 verbum
1015 416 1109 443 Caelio
1118 414 1150 441 ad
1159 414 1215 440 Cic.
1229 413 1302 452 lj'am.
1311 416 1335 444 8,
1400 413 1540 439 oculorum
1551 432 1559 444 ,
1578 421 1633 446 quo
1649 412 1743 438 melius
1759 414 1842 440 nostri
1856 413 1896 440 iffi
1911 414 1981 439 sencs
1996 412 2044 447 qui
2062 413 2244 446 personatum,
2263 422 2296 440 ne
2314 414 2434 448 Roscium.

290 472 319 490 ¹0
335 459 383 488 Ne
396 458 549 486 bellificatus
564 458 644 484 alicui
656 456 760 483 dicaris.
797 457 890 491 Nempe
902 454 990 481 habent
1004 451 1062 486 Mffi
1077 450 1176 488 quidam
1189 447 1334 475 belificatus
1402 448 1511 483 quidem
1526 456 1686 482 magnopere
1700 447 1847 476 laudabant,
1919 449 2029 484 Optime
2065 447 2217 482 [mimda]
2252 449 2349 484 Supelq·
2367 452 2419 480 Ter
2432 462 2447 469 -.

284 507 334 535 pro
343 495 498 527 velificatus,
511 493 687 520 alternatione
688 492 879 529 fert-perpetua,
888 491 912 527 J:
924 488 1062 525 confusione
1072 489 1158 522 potius
1165 485 1335 524 librariorum.
1354 490 1383 508 ιο
1401 484 1484 512 Andr.
1499 493 1521 516 3,
1532 493 1560 516 4,
1575 492 1604 523 ¹.4
1625 484 1695 509 Hem
1708 483 1772 517 quid
1785 484 1869 512 dixti?
1890 492 1917 512 D.
1939 484 2041 520 optime
2054 484 2163 518 inquam
2177 483 2285 511 facium.
2335 486 2387 514 Cic.
2399 480 2428 523 Q'
2442 490 2466 520 .;.

326 540 342 559 Β
353 539 368 558 Ε
378 539 393 557 1,
404 538 419 556 ι.
429 529 441 556 1
451 537 472 556 Τ
482 532 501 557 V
511 537 529 557 D
538 536 573 562 ο,
593 529 654 555 i'nis.
668 528 688 555 f.
701 527 891 555 Bellitudincm
909 525 972 552 sicut
994 521 1205 558 magnitudinem
1224 521 1336 546 Verrius
1403 522 1473 548 Frat.
1487 528 1511 551 z,
1523 528 1541 552 9
1560 520 1586 545 Si
1600 518 1748 553 perficiunt,
1767 520 1879 554 optime:
1905 520 1943 547 sin
1955 520 2054 551 minus,
2072 519 2104 545 ad
2118 518 2237 545 nostrum
2250 520 2339 547 Iouem
2351 530 2420 552 reuer
2447 536 2456 554 ,
2468 545 2474 551 .

289 568 365 595 dixit.
381 565 477 593 Festus.
1401 563 1497 583 tamur.
1568 555 1637 581 Ter.
1658 555 1724 595 ljjun.
1736 562 1770 594 -ς,
1786 563 1812 588 2,
1832 557 1866 582 66
1889 556 1967 583 Adest
1981 557 2082 590 optime
2101 555 2154 589 ipse
2174 555 2265 582 frater.
2291 559 2308 581 i.
2327 563 2474 599 oppia-twa

325 610 365 630 ΒΕ
377 609 454 628 L1.F.
483 601 551 627 Adii.
586 600 686 632 [καλῶς
699 620 708 632 ,
733 597 848 632 κομψῶς]
885 595 961 631 Qeafi
978 594 1084 621 Benulc.
1107 593 1191 620 Plaut.
1211 592 1297 632 Truc.
1313 599 1336 622 2,
1401 592 1503 627 mffime.
1556 591 1598 617 Sic
1608 591 1632 617 Ο
1652 598 1716 616 time
1732 599 1760 616 in
1772 597 1891 625 tempore
1904 592 2030 618 aduenire
2044 591 2208 624 Plaut.Capt.
2222 600 2250 624 4,
2263 599 2289 624 2,
2301 594 2339 624 56·
2379 590 2455 627 (ᾗτε,
2469 613 2474 631 Ι

289 648 314 670 2,
328 647 355 671 35
393 638 449 671 Qu
463 637 521 663 istas
534 636 625 663 buccas
636 642 690 662 tam
707 635 775 662 belle
789 633 972 669 purpurissatas
987 630 1075 657 habes.
1107 629 1180 656 Belle
1192 626 1337 667 Aedificata
1402 629 1476 655 Fam.
1488 636 1516 660 4,
1533 635 1556 656 13
1577 626 1625 652 Sed
1647 635 1701 652 iaec
1713 632 1742 652 tu
1755 626 1868 659 melius,
1891 628 1933 653 vel
1947 628 2049 663 optime
2067 627 2198 653 omnium.
2379 627 2400 667 q
2415 619 2474 659 φήῃ

288 673 422 709 praediola
437 673 493 699 Cic.
513 673 567 699 Att.
583 674 621 704 16,
640 680 651 704 3
690 671 728 698 ld.
749 671 780 696 de
795 670 852 696 Fin.
873 676 895 701 5,
910 676 926 703 7
946 667 1018 694 Mihi
1038 665 1146 701 quidem
1173 662 1335 690 Antiochum
1355 668 1382 694 15
1403 665 1456 690 Iam
1464 662 1592 698 formulas
1607 664 1748 688 elementari
1759 661 1845 688 ordine
1858 663 1985 690 verborum
1999 666 2182 697 nominumque,
2201 661 2287 697 quibus
2297 662 2434 701 adiungimus

289 719 369 744 quem
391 708 482 741 audis,
508 708 568 735 satis
587 707 658 734 belle
678 707 778 733 videris
793 705 936 732 attendere.
963 710 986 729 ct
999 704 1052 729 Att.
1065 711 1099 733 13,
1112 710 1139 733 33
1165 702 1271 726 Horum
1285 705 1335 737 ego
1401 699 1446 726 hoc
1459 698 1616 730 aduerbium,
1636 697 1797 734 dtspommus·
1860 698 1929 725 Ter·
1946 699 2011 726 Eun·
2027 708 2049 731 5,
2064 707 2090 731 9²
2102 706 2132 731 52
2152 698 2287 724 Praeterea
2301 697 2347 724 hoe
2360 700 2436 730 etiam
2462 703 2465 723 ἱ

291 746 336 772 vix
348 745 425 780 attigi
440 744 577 779 penulam,
591 750 678 770 tamen
691 743 886 773 remanseriuit,
904 738 1008 766 Cecidit
1023 738 1101 765 belle.
1155 737 1251 773 Sumus·
1261 741 1335 758 enim
1403 733 1476 768 quod
1490 742 1539 774 egq
1553 733 1594 773 γει
1611 734 1727 768 primum
1741 739 1823 768 puto,
1842 732 1946 769 Accipit
1967 734 2050 761 homo
2066 743 2145 760 nemo
2159 733 2253 759 meiius
2267 731 2420 767 prorsus,me
2433 740 2436 764 Ι

289 780 369 808 ambo
383 781 452 807 belle
468 779 563 807 curiosi
583 780 640 806 Cic.
655 780 708 805 Att.
722 780 748 809 6,
764 787 782 804 1.
854 775 991 803 Bellissime
1012 774 1053 800 vel
1069 780 1174 811 mec-um
1188 769 1230 809 vel
1246 778 1274 794 in
1287 777 1335 794 no·
1402 779 1454 805 que
1468 769 1608 804 prolixius.
1642 769 1689 796 Vbi
1708 769 1842 801 Donatus,
1861 770 1967 796 Horum
1985 771 2116 800 alterum,
2132 775 2298 804 apparatum:
2322 769 2364 796 31,
2387 754 2437 804 «.[

288 817 348 844 stris
362 816 477 851 praediis
497 816 544 842 esse
563 815 662 850 poteris
691 814 729 840 Id.
743 815 815 840 Fam.
831 821 871 846 14,
887 821 926 846 ¹4·
997 810 1067 836 Belle
1080 808 1144 833 facit
1157 804 1277 832 Scribon.
1292 812 1335 837 150
1400 806 1515 840 copiam.
1573 805 1630 832 Cic.
1644 804 1697 831 Off.
1711 813 1735 837 3,
1748 813 1774 838 55
1795 805 1878 838 Quod
1892 805 1909 831 si
1924 806 1972 840 qui
1985 805 2153 840 proscribunt
2167 804 2260 831 villam
2273 803 2403 832 11011311ιῶ
2414 826 2420 830 .
2434 812 2437 846 Ι
2466 824 2467 827 .

288 853 322 880 de
341 852 543 879 medicamento.
563 851 619 878 Cic.
640 852 693 877 Att.
713 861 741 884 4,
763 852 791 876 16
828 849 896 883 Ergo
920 848 981 872 haec
1001 842 1138 882 quomodo
1165 841 1234 867 fers?
1265 839 1334 866 belle
1354 849 1392 867 20
1400 850 1487 876 neque
1501 841 1679 871 Aedificatam,
1695 847 1749 867 non
1761 841 1911 867 existimant
1924 842 2059 875 fefellisse,
2073 841 2184 867 etiamsi
2199 840 2246 866 illa
2258 849 2306 866 nec
2319 839 2352 868 bo
2371 855 2375 857 -
2391 848 2435 871 ;.”,-«

290 888 414 921 hercule,
434 894 459 915 et
472 888 500 914 in
514 896 547 914 eo
560 896 603 914 me
616 887 691 913 valde
707 894 778 912 amo.
836 886 910 918 Aqua
922 890 976 907 non
990 880 1067 913 longe
1081 887 1096 904 a
1109 877 1175 903 Villa
1188 876 1258 916 belle
1277 877 1335 902 sane
1401 887 1449 904 nec
1464 877 1600 903 aedificata
1612 877 1726 903 ratione,
1781 876 1854 903 Idem
1875 885 1924 912 pro
1942 878 2036 911 (ζώω,
2054 885 2089 911 79
2116 877 2164 903 Dic
2179 876 2267 903 Naeui
2279 875 2358 904 diem·
2375 871 2420 909 „fag
2434 864 2436 910 Ι

289 926 372 952 fluens
390 923 528 957 Id.QFr.
543 931 596 956 3,1.
616 929 639 948 et
653 923 738 957 er.
749 914 795 953 ἦέ
831 921 907 946 Plura
920 916 952 943 ad
969 922 994 955 te
1008 923 1092 941 vacuo
1107 914 1199 940 animo
1211 911 1335 944 scribam,
1401 915 1432 939 V.
1447 912 1555 940 calend.
1574 913 1749 939 intercalares,
1777 912 1844 939 bene
1859 913 1931 946 Agis,
1984 914 2080 948 Agitur
2099 912 2166 939 bene
2183 911 2265 938 ptam,
2277 911 2357 939 Mmt,
2373 928 2380 944 3
2403 903 2419 933 ἵ
2434 918 2436 934 ,
2470 924 2474 930 .

288 969 388 995 quum,
403 966 431 986 vt
446 960 538 994 spero,
556 960 581 986 se
594 959 689 985 Cicero
706 966 779 983 meus
800 955 866 981 belle
887 951 1004 979 habebit.
1032 949 1106 986 Conf.
1126 949 1166 975 Id.
1186 949 1240 975 Att.
1256 956 1278 988 5,
1302 956 1334 973 11.
1401 949 1469 976 Dico
1490 949 1586 975 melius
1604 949 1647 983 agi
1662 958 1722 975 cum
1741 957 1790 981 eo,
1809 948 1857 983 qui
1877 949 1934 975 Sen.
1951 949 1996 983 Bp.
2012 957 2053 981 99.
2072 950 2090 976 i.
2104 950 2201 975 meliori
2220 947 2289 974 illum
2309 957 2361 974 con
2375 962 2377 970 ι

289 997 371 1024 ΡΙ3111.
388 996 429 1022 As.
442 1004 466 1028 3,
478 1004 501 1028 3,
516 997 548 1026 86
569 996 580 1021 I
594 995 663 1026 saue,
672 993 748 1023 bella,
759 991 834 1017 belle.
860 990 893 1016 Vt
908 989 986 1014 Cure.
1000 996 1029 1020 4,
1043 995 1070 1019 2,
1085 992 1113 1018 35
1133 986 1248 1019 Sequere
1256 983 1334 1023 1stum
1402 984 1454 1019 ‘fif
1511 985 1579 1011 Ter,
1595 985 1671 1011 Adel,
1693 993 1717 1017 2,⁵
1733 993 1758 1016 2,
1774 993 1789 1010 2
1814 985 1905 1017 Tace,
1928 990 2033 1018 egomet
2047 984 2204 1010 conueniam
2218 983 2271 1010 iam
2285 983 2342 1018 ipsu
2359 996 2362 1007 Ι
2382 983 2415 1016 Ιι-,Ι

288 1032 359 1059 bella
379 1031 459 1059 belle.
529 1030 668 1058 Belliffime
690 1028 831 1060 nauigare,
862 1027 880 1050 i.
906 1023 962 1057 fine
980 1023 1139 1059 infortunio,
1160 1027 1183 1047 ct
1199 1023 1283 1047 ventis
1296 1023 1336 1056 Je-
1354 1026 1385 1053 25
1401 1021 1463 1056 pide
1476 1021 1586 1055 accipiat
1602 1021 1681 1051 faxo,
1702 1027 1781 1055 atque
1794 1020 1875 1046 etiam
1888 1020 1955 1047 bene
1967 1020 2037 1047 dicat
2049 1021 2133 1046 secum
2147 1020 2196 1046 csse
2209 1018 2313 1045 Acium.
2344 1021 2375 1051 i.

287 1068 377 1095 tundis
397 1067 453 1094 Cic.
471 1067 543 1094 Fam.
558 1068 596 1097 16,
611 1073 647 1095 19.
721 1063 786 1088 Non
805 1060 875 1087 belle
889 1058 1047 1094 respondent
1061 1057 1142 1084 verba
1163 1055 1294 1090 Qninffil.
1309 1057 1336 1095 ὅξ
1396 1058 1465 1094 sinis
1472 1056 1590 1093 feliciter
1608 1054 1763 1092 dqfuvzflum.
1816 1058 1872 1082 Huc
1893 1055 1945 1092 ref.
1959 1056 2021 1083 illud
2043 1057 2113 1082 Inter
2127 1055 2213 1082 bonos
2226 1055 2292 1081 bene
2305 1055 2347 1089 agi
2354 1054 2380 1079 ’,ἕ
2418 1064 2430 1079 u

288 1112 313 1137 a,
326 1109 368 1137 48·
404 1104 460 1130 Cic.
474 1104 527 1129 Att-
544 1110 584 1133 ¹4,
599 1104 625 1126 16
647 1100 686 1125 De
701 1098 788 1124 Attica
800 1102 951 1131 pergratum
965 1094 1034 1121 mihi
1047 1093 1144 1125 fecisti,
1156 1092 1229 1128 quod
1241 1091 1338 1118 curasti
1403 1092 1456 1120 Off.
1471 1101 1492 1124 3,
1507 1095 1534 1118 61
1549 1101 1570 1118 c.
1584 1100 1618 1125 ις.
1689 1091 1805 1118 Ambula
1820 1090 1887 1118 bene
1904 1099 1930 1119 et
1944 1091 2099 1119 redambula
2120 1091 2200 1118 Plaut.
2222 1091 2297 1126 capt.
2311 1099 2340 1124 4,
2414 1085 2438 1113 τ’·

288 1146 348 1167 ante
362 1138 455 1166 scirem
477 1137 548 1164 reste
569 1136 633 1167 else,
651 1143 731 1169 quain
746 1142 800 1159 non
816 1133 886 1159 belle
905 1132 990 1158 fuisse.
1011 1133 1030 1157 i.
1049 1127 1201 1166 Aegrotaffi.
1247 1128 1283 1154 Ea
1296 1135 1337 1153 res
1404 1128 1548 1156 Ambulato
1569 1128 1635 1154 bene
1659 1127 1732 1154 Idem
1746 1129 1828 1154 Merc.
1843 1137 1865 1160 2,
1880 1137 1905 1160 2,
1919 1135 1955 1160 55.
2027 1128 2095 1154 Ter.
2109 1128 2176 1154 Eun,
2191 1134 2213 1160 ς,
2228 1135 2251 1159 2,
2265 1135 2298 1161 43
2325 1126 2371 1153 Te*
2412 1117 2430 1151 ’Ἠ

287 1176 340 1202 tibi
352 1181 405 1201 tam
420 1174 489 1200 belle
506 1173 534 1198 in
549 1177 665 1197 mentem
679 1169 760 1196 Venit
778 1169 834 1195 Cic.
849 1169 903 1194 Att.
918 1176 956 1200 12,
970 1175 1010 1201 37.
1047 1167 1118 1193 Belle
1141 1165 1183 1191 vti
1201 1169 1337 1190 contume-
1404 1174 1456 1200 que
1469 1165 1538 1196 iam,
1560 1163 1665 1196 Thais,
1684 1164 1721 1190 ita
1739 1172 1782 1189 nie
1802 1163 1841 1189 dii
1857 1163 1924 1190 bene
1938 1170 2042 1195 ament,
2062 1172 2131 1189 amo.
2202 1165 2271 1189 Ante
2285 1162 2379 1188 mecm.
2409 1155 2431 1196 *f

288 1212 332 1238 liis
347 1209 456 1244 Qninc‘t.
471 1211 497 1239 6,
512 1216 532 1239 3,
549 1215 604 1233 100.
665 1207 776 1232 Caetera
787 1204 873 1237 belle,
886 1204 985 1241 stipple,
995 1202 1023 1238 fi
1036 1202 1135 1228 hahent.
1156 1200 1213 1227 Cic.
1229 1200 1337 1233 Fam-7,
1352 1209 1384 1233 30
1403 1201 1460 1228 Cic.
1475 1199 1507 1226 de
1519 1201 1594 1226 Orat.
1609 1209 1634 1232 2,
1669 1219 1675 1225 .
1715 1219 1722 1226 .
1772 1200 1841 1225 Ter.
1855 1199 1936 1226 Andr.
1951 1208 1970 1232 1,
1985 1208 2005 1232 ι,
2019 1208 2060 1233 141
2087 1199 2166 1226 Nunc
2179 1204 2256 1225 tuum
2273 1197 2309 1224 est
2322 1201 2360 1224 0¹.
2371 1205 2378 1219 .-
2408 1192 2430 1222 ’ᾖ

290 1252 315 1277 18
335 1246 382 1273 Sed
403 1252 430 1271 vt
451 1243 483 1270 ad
503 1242 624 1278 epistolas
639 1248 695 1268 tuas
715 1242 839 1273 redeam,
859 1246 960 1266 caetera
982 1237 1063 1278 belle:
1081 1236 1149 1278 illud
1169 1236 1273 1276 miror,
1291 1241 1337 1260 etc.
1403 1236 1450 1263 has
1463 1235 1529 1262 bene
1541 1242 1569 1263 vt
1582 1235 1709 1276 ass'imulcs
1728 1236 1841 1270 nuptias.
1893 1236 1960 1262 Ter.
1976 1236 2003 1261 in
2018 1234 2086 1270 prol.
2099 1234 2205 1261 Phoriii.
2220 1243 2248 1261 21
2269 1233 2378 1272 ΒεηεεΓι
2398 1227 2430 1279 Σ

288 1283 345 1309 Cic.
360 1281 392 1307 de
406 1282 480 1307 Orat.
495 1287 517 1311 3,
530 1287 565 1312 99
572 1280 635 1305 c.26
656 1279 719 1304 Beue
733 1283 758 1303 et
767 1277 896 1312 praeclare
911 1283 1034 1310 quamuis
1045 1273 1123 1300 nobis
1136 1272 1210 1306 saepe
1225 1271 1339 1302 dicatur,
1404 1272 1536 1304 certasset,
1558 1271 1673 1298 Audiss‘et
1687 1270 1763 1297 bene.
1826 1270 1873 1298 Vbi
1891 1271 2023 1298 Donatus:
2053 1271 2122 1297 Bene
2137 1269 2246 1302 audire,
2271 1269 2308 1296 est
2327 1270 2356 1296 B
2378 1270 2389 1298 ,’
2404 1269 2431 1295 “·«.“

286 1317 343 1344 belle
355 1323 381 1343 et
389 1314 482 1352 srstiue
496 1315 611 1341 nimium
625 1315 699 1348 saepe
718 1313 792 1339 nolo.
827 1311 857 1338 Id
870 1311 944 1347 quod
957 1309 1092 1337 bellissime
1106 1307 1267 1335 Censorinus
1285 1306 1338 1332 aie·
1405 1315 1431 1335 et
1445 1307 1556 1334 laudari,
1614 1308 1655 1334 Sic
1668 1307 1724 1333 Cic,
1738 1306 1770 1333 de
1783 1307 1841 1333 Fin,
1856 1315 1903 1347 ἧς
1918 1317 1939 1334 ς,
1958 1315 1986 1342 ¹7
2005 1307 2111 1341 Esseque
2129 1304 2391 1346 hominis—inge'nuitj,
2402 1295 2422 1331 ,ιῖ

288 1352 333 1380 bat
347 1352 406 1379 sen.
423 1352 542 1385 Excerpt.
563 1352 655 1377 Contr.
670 1359 681 1381 3
697 1349 778 1384 praef.
1376 1376 1386 1383 Α
1404 1344 1531 1371 bei-aliter
1545 1343 1666 1375 educati,
1686 1343 1728 1369 vel
1741 1342 1808 1369 bene
1822 1343 1922 1369 Audire
1941 1352 1955 1370 a
1967 1343 2135 1377 pai-entibus,
2155 1351 2169 1368 a
2184 1350 2355 1377 propinquis,
2386 1325 2432 1372 ..Q

324 1395 366 1415 BE
377 1394 516 1419 LLVLE,
535 1386 605 1421 apud
624 1386 744 1412 Plautum
764 1382 960 1410 diminutiuum
979 1379 1140 1408 aduerbium
1163 1379 1200 1406 est
1225 1388 1240 1406 a
1259 1378 1339 1410 Bene,
1357 1377 1385 1402 3,
1407 1381 1448 1407 nis
1463 1381 1542 1406 etiam
1560 1380 1644 1412 viris,
1664 1379 1746 1413 idque
1758 1385 1866 1413 propter
1880 1388 1937 1406 rein
1954 1379 2051 1414 ipsam,
2071 1387 2125 1405 non
2144 1384 2253 1413 propter
2263 1379 2348 1404 vsum.
2394 1366 2438 1401 Ἐἴ

287 1423 360 1460 quod
380 1424 443 1450 facit
462 1423 533 1449 Belle
554 1429 580 1449 et
601 1421 709 1448 Bellule.
733 1422 800 1448 Haec
819 1419 915 1446 festus.
934 1417 1008 1455 Cous.
1031 1417 1110 1457 Apul.
1129 1417 1194 1442 Met.
1214 1424 1227 1448 5
1249 1424 1273 1448 p.
1295 1421 1337 1456 173
1405 1425 1469 1443 nere
1482 1415 1578 1442 melius
1590 1415 1665 1450 Virg,
1680 1415 1732 1442 Εςι,
1747 1423 1771 1447 9,
1786 1417 1829 1449 67,
1886 1414 1984 1442 coetus
2003 1415 2071 1441 bene
2086 1421 2111 1441 et
2131 1414 2253 1441 conditus
2266 1414 2352 1440 sermo
2370 1400 2433 1437 ,Ψ

288 1463 329 1488 An
343 1460 416 1495 quod
430 1465 543 1485 aetatem
556 1464 643 1493 portat
657 1457 772 1489 bellule,
793 1465 858 1490 puer
872 1454 924 1481 tibi
939 1455 1040 1488 semper
1052 1452 1176 1479 videtur?
1196 1451 1224 1477 de
1238 1450 1339 1486 Cupidi-
1406 1453 1464 1479 Cic.
1483 1453 1537 1478 Att.
1559 1460 1593 1484 13,
1614 1460 1653 1484 50.
1723 1450 1788 1477 Plin.
1811 1452 1870 1477 Pan.
1908 1471 1915 1478 .
1953 1470 1959 1477 .
1998 1471 2004 1477 .
2040 1451 2100 1477 Hoc
2119 1456 2167 1479 tuo
2189 1449 2276 1476 studio
2295 1449 2362 1476 bene
2382 1428 2433 1496 «Ἓξ

287 1506 327 1523 ne.
384 1497 416 1521 El
434 1504 461 1521 10
481 1504 505 1529 p.
519 1496 572 1526 246
593 1495 648 1520 Iam
660 1493 760 1519 bellule
773 1491 962 1518 suffarcinatus.
976 1487 1268 1525 1'.Jscsati5fhtllr'cltus.
1405 1488 1575 1523 Cogitantem
1593 1486 1776 1514 liberalioretn
1794 1486 1896 1513 reddes,
1970 1487 2027 1513 Cic,
2045 1487 2099 1513 Λα,
2118 1494 2144 1519 9,
2166 1494 2195 1519 19
2220 1485 2301 1512 Re&e
2316 1494 2358 1512 au
2395 1484 2397 1489 ’
2436 1477 2439 1505 l

325 1531 449 1559 noN‘i'T
459 1536 501 1556 AS
510 1549 517 1560 ‚
551 1529 610 1555 fitis.
646 1529 666 1554 f·
702 1528 849 1562 [ἀγαθά-της
864 1546 872 1559 ,
899 1525 1057 1559 ἀγαθωσύνη]
1094 1526 1176 1559 Aeque
1194 1524 1244 1549 late
1258 1527 1340 1557 patet,
1406 1524 1438 1551 de
1450 1533 1493 1550 me
1521 1523 1606 1555 (bene
1619 1523 1690 1549 enim
1702 1522 1823 1557 cognitus
1836 1523 1912 1554 siun)
1941 1522 2011 1548 nihil
2032 1531 2047 1548 a
2062 1531 2105 1548 me
2118 1521 2200 1549 abesse
2219 1521 2324 1557 longius
2339 1530 2350 1548 c
2388 1536 2390 1542 ·
2405 1540 2413 1546 -.
2426 1511 2439 1530 Ψ

288 1575 360 1603 quam
373 1566 475 1598 bonus,
493 1572 523 1592 vt
536 1574 628 1591 omnem
639 1562 835 1600 praestantiam,
857 1564 986 1597 inprimis
999 1564 1025 1586 in
1040 1567 1159 1596 quantum
1176 1558 1209 1584 ad
1220 1559 1285 1584 alios
1303 1566 1339 1584 rc-
1347 1565 1386 1590 40
1405 1566 1466 1587 tate.
1522 1560 1671 1585 Comitatus
1688 1558 1755 1585 bene
1769 1559 1884 1585 Romam
1901 1558 1975 1585 venit
1993 1557 2067 1584 Idem
2086 1558 2205 1592 QFx-at,
2218 1566 2241 1591 3,
2255 1567 2264 1584 1
2320 1557 2406 1584 Con·
2424 1547 2439 1567 ⁴·

282 1602 389 1638 fertur,
410 1609 432 1628 ct
446 1602 497 1628 illis
511 1600 634 1627 commoda
652 1600 684 1632 est
694 1620 701 1631 ‚
715 1598 852 1636 <lig-injicit.
888 1599 929 1624 sic
943 1597 1121 1633 benignitatem
1142 1601 1214 1621 notat
1234 1594 1291 1620 Cic.
1307 1592 1339 1619 de
1405 1596 1474 1622 bene
1487 1595 1558 1621 inter
1569 1603 1613 1621 eos
1629 1595 1698 1621 Ter,
1714 1595 1778 1620 Hec,
1793 1603 1813 1626 χ,
1827 1603 1850 1627 2,
1865 1596 1914 1621 116.
1971 1594 2071 1620 Curare
2083 1593 2150 1620 bene
2163 1599 2275 1620 aetatem
2288 1593 2373 1626 suam,
2395 1606 2411 1623 ἶ.
2426 1585 2439 1601 ”

290 1640 353 1666 Nat.
367 1639 447 1664 Deor.
461 1646 480 1669 i,
498 1645 542 1663 122
577 1635 652 1668 Qiid
667 1636 738 1661 enim
752 1634 855 1664 melius,
878 1640 923 1660 aut
941 1633 1007 1668 quid
1028 1631 1200 1667 praestantius
1219 1629 1340 1656 bonitate
1404 1641 1450 1664 re,
1478 1630 1581 1657 bibere.
1609 1633 1627 1657 i.
1658 1631 1735 1656 laute
1755 1633 1837 1656 viuere
1862 1630 1944 1656 Plaut.
1962 1630 2051 1656 Pseud.
2065 1638 2094 1662 4,
2112 1637 2140 1664 7,
2154 1638 2197 1662 34.
2270 1629 2402 1658 Curata=
2425 1623 2431 1635 “

288 1680 316 1701 ct
328 1673 518 1700 beneficentia?
559 1671 597 1696 Id.
613 1671 645 1696 de
659 1671 735 1696 Orat.
750 1679 776 1701 2,
791 1679 840 1702 342
861 1670 896 1696 Vt
909 1678 971 1703 opes
986 1674 1012 1694 et
1027 1669 1120 1701 copiae
1131 1676 1186 1692 non
1201 1664 1340 1699 superbiae
1405 1674 1464 1694 cute
1476 1666 1577 1693 nitidus
1595 1667 1663 1693 l-Ior.
1676 1665 1756 1700 Epist.
1769 1674 1789 1698 i,
1804 1674 1833 1699 4,
1846 1673 1881 1699 i5.
1934 1665 2081 1692 Denuntias
2094 1665 2161 1691 bene
2173 1665 2261 1692 hercle
2274 1665 2356 1692 Plaut.
2367 1679 2395 1695 ,
2428 1688 2429 1691 ,

288 1709 431 1736 videantur
443 1716 471 1733 ac
486 1705 612 1737 libidini,
633 1705 674 1731 sed
696 1705 812 1731 bonitati
832 1714 861 1730 ac
880 1704 1061 1731 moderationi
1079 1703 1230 1729 facultatem
1247 1706 1272 1726 et
1287 1708 1341 1739 ma-
1405 1712 1426 1734 1,
1441 1711 1467 1734 2,
1483 1711 1533 1734 ¹4⁵
1575 1702 1645 1727 Ter.
1659 1701 1770 1735 Adelph.
1789 1709 1812 1733 3,
1825 1709 1852 1733 2,
1866 1709 1897 1734 52
1917 1700 1992 1735 Qud
2006 1700 2088 1727 istuc?
2111 1700 2207 1727 accedo
2220 1706 2250 1728 vt
2264 1700 2367 1728 melius·
2378 1710 2415 1732 st*

288 1745 384 1772 teriam
397 1743 502 1770 dedisse.
539 1739 730 1773 Eccellcntiaffl
745 1739 863 1766 Cie.Off.
877 1748 937 1771 3,i4
950 1749 971 1764 c.
980 1749 1001 1771 3.
1019 1740 1095 1772 Qae
1109 1744 1134 1763 et
1148 1736 1251 1771 ingenii
1263 1735 1340 1762 boni·
1348 1740 1384 1766 45
1406 1738 1488 1764 Bentl.
1501 1736 1575 1763 Cedo
1590 1739 1607 1761 i.
1625 1736 1727 1761 concedo
1739 1735 1802 1767 tibi,
1820 1742 1844 1763 te
1857 1736 1938 1763 dicere
1950 1738 2051 1769 melius,
2073 1740 2158 1773 itaque
2176 1746 2226 1764 non
2239 1746 2278 1764 am
2295 1737 2344 1763 lius
2353 1745 2376 1763 c
2396 1744 2409 1757 ¹·

288 1786 342 1807 tate
361 1779 441 1806 multi
459 1779 647 1812 assequuntur,
668 1782 693 1802 et
713 1773 888 1810 progressione
907 1773 1034 1799 discendi.
1090 1773 1204 1806 anlil.
1218 1780 1242 1804 2,
1256 1780 1283 1803 19
1304 1771 1339 1797 At
1406 1773 1469 1799 dico.
1542 1771 1637 1797 Dicere
1650 1771 1746 1796 melius
1759 1775 1785 1796 et
1798 1770 1902 1803 plenius
1923 1771 1991 1797 Hor.
2007 1772 2087 1807 Epist.
2102 1781 2122 1805 1,
2135 1781 2162 1806 2,
2175 1781 2203 1806 4.
2296 1772 2378 1807 ptime
2385 1769 2423 1799 ,Εἰ
2438 1796 2439 1799 ,

289 1816 319 1843 in
338 1815 395 1842 solo
417 1814 551 1842 foecundo
569 1813 628 1848 plus
645 1812 746 1842 cultor,
765 1819 845 1845 quam
864 1809 920 1843 ipsa
938 1817 984 1843 per
1006 1808 1031 1833 se
1050 1807 1156 1833 bonitas
1170 1807 1221 1833 soli
1234 1805 1339 1833 efficiet.
1405 1809 1438 1835 de
1451 1808 1526 1834 Orat.
1541 1816 1550 1833 1
1564 1816 1586 1833 c.
1601 1809 1633 1833 26
1685 1805 1862 1832 Diffiinulatus
1875 1804 1942 1831 bene
1955 1814 2033 1832 amor
2052 1808 2122 1834 Ter.
2130 1808 2242 1841 Audiui,
2255 1817 2281 1841 2,
2297 1815 2348 1842 105,
2378 1807 2424 1834 uDl
2438 1802 2440 1839 l

287 1852 390 1881 Scilicet
402 1860 432 1877 ex
446 1847 576 1877 adiurit-'sis
589 1848 658 1885 satis
672 1854 793 1884 apparet,
817 1845 1026 1881 benignitatcmne
1040 1853 1073 1869 an
1085 1842 1251 1868 excellentiam
1266 1843 1341 1867 aliam
1405 1844 1463 1870 ‹S'tus
1476 1843 1543 1869 bene
1556 1842 1636 1869 Plaut.
1651 1841 1729 1868 Most.
1768 1861 1774 1867 .
1814 1860 1820 1867 .
1858 1861 1864 1867 .
1911 1841 1980 1867 Hor.
1996 1841 2075 1875 Epist.
2091 1851 2113 1873 2,
2128 1851 2152 1873 2,
2166 1851 2199 1877 54
2217 1844 2257 1871 Ni
2270 1843 2425 1871 dormirem

288 1893 366 1914 notet.
402 1887 486 1922 Qare
500 1885 640 1921 promi-‘sitne
653 1890 773 1919 ponamus
795 1883 900 1918 reliqua.
971 1880 1106 1914 Agrorum
1119 1877 1225 1908 bonitas
1238 1876 1295 1902 Cic.
1309 1875 1342 1901 de
1406 1879 1457 1904 lius
1472 1885 1560 1912 putem
1569 1897 1577 1909 ,
1601 1886 1684 1911 quam
1695 1876 1784 1902 dicere
1796 1876 1893 1904 versus.
1929 1875 1977 1904 Sed
1992 1876 2034 1903 hic
2052 1886 2136 1903 nomen
2150 1877 2193 1911 ff·
2200 1877 2290 1914 potest.
2360 1879 2423 1906 Eme

289 1923 361 1958 Lege
375 1923 439 1957 Agr.
454 1931 476 1955 2,
491 1930 529 1955 ¹4·
601 1919 675 1946 Idem
692 1928 741 1954 pro
748 1919 838 1945 Domo
855 1924 886 1952 57
905 1917 946 1942 An
961 1924 1019 1942 eain
1034 1915 1145 1942 Causam
1160 1911 1274 1948 probare
1288 1919 1342 1936 non
1353 1917 1384 1943 50
1406 1913 1474 1940 bene
1500 1913 1556 1939 Cic.
1572 1913 1626 1938 Att.
1647 1921 1668 1943 1,
1682 1919 1719 1938 io.
1746 1914 1764 1938 i.
1779 1912 1828 1937 vili
1835 1914 1929 1946 pretio.
1988 1911 2035 1938 Eo.
2059 1918 2104 1945 vt,
2124 1914 2222 1948 Incipit
2241 1923 2282 1942 res
2301 1913 2395 1941 melius
2411 1914 2421 1940 i

291 1965 430 1995 poteram,
450 1958 524 1984 cuius
536 1962 608 1983 tanta
622 1955 728 1982 bonitas
742 1954 794 1986 est,
813 1958 842 1979 vt
856 1961 887 1978 ea
900 1952 955 1986 ipsa
970 1960 1024 1978 non
1044 1950 1125 1976 modo
1142 1950 1183 1981 sc,
1202 1947 1245 1975 sed
1260 1947 1342 1973 etiam
1408 1957 1486 1984 quam
1503 1955 1623 1982 putaram
1642 1947 1701 1973 Cic.
1715 1947 1769 1973 Att.
1783 1954 1863 1978 14‚i5.
1919 1946 1960 1972 Est
1973 1945 2049 1972 bene.
2075 1948 2132 1975 Vid.
2147 1950 2236 1985 iufra,
2255 1950 2286 1976 in
2298 1950 2359 1976 Sum
2375 1949 2422 1976 ben

288 2004 333 2022 me
346 1993 479 2021 absentem
494 2001 542 2029 per
559 1992 585 2018 se
605 1990 744 2026 probarit3
772 1989 810 2015 Id.
826 1988 873 2014 sub
888 1989 941 2013 Att.
956 1989 994 2019 16,
1010 1995 1041 2012 ii.
1098 1984 1182 2012 Ouid.
1201 1993 1215 2010 e
1230 1984 1305 2010 Pont.
1322 1991 1342 2015 1,
1408 1985 1464 2012 Cic.
1479 1985 1550 2011 Fam.
1566 1992 1589 2016 ς,
1604 1985 1620 2009 6
1646 1983 1701 2017 Ego
1717 1988 1762 2008 tua
1782 1981 1961 2015 gratulatione
1981 1988 2142 2016 commotus,
2161 1985 2234 2020 quod
2241 1985 2276 2012 fid
2290 1994 2333 2012 me
2346 1985 2421 2020 pride

290 2031 319 2063 6,
332 2032 369 2064 46
409 2028 541 2063 Qamuis
561 2026 597 2053 est
616 2026 700 2060 igitur
716 2024 821 2051 meritis
841 2022 961 2049 indebita
981 2021 1095 2053 nostris,
1139 2021 1237 2054 Magna
1256 2025 1344 2045 tamen
1408 2021 1561 2055 scripseras,
1581 2018 1649 2045 velle
1663 2025 1689 2045 te
1702 2017 1770 2045 bene
1783 2017 1893 2044 euenire
1899 2036 1908 2049 ,
1925 2016 1999 2051 quod
2012 2016 2119 2044 domum
2131 2020 2163 2046 de
2175 2021 2307 2047 M.craff0
2320 2020 2422 2046 emisset-2

292 2066 348 2101 spes
361 2064 398 2092 est
411 2065 439 2091 111
453 2063 573 2091 bonitate
586 2062 641 2088 dei.
696 2059 801 2095 Ingenii
814 2058 920 2085 bonitas
933 2057 989 2083 Cic.
1005 2055 1058 2083 Off.
1074 2064 1095 2087 3,
1110 2064 1150 2088 14.
1204 2054 1280 2080 Idem
1288 2053 1342 2080 Off.
1409 2057 1464 2082 emi
1483 2055 1557 2082 inam
1577 2055 1660 2089 ipsam
1679 2054 1791 2080 domum
1809 2060 1854 2079 etc.
1931 2052 2044 2079 Eueni„
2060 2052 2127 2079 bene
2151 2062 2179 2080 ae
2199 2055 2314 2081 fel-miter
2336 2055 2403 2080 Phn-

293 2110 315 2134 1,
329 2106 366 2131 118
381 2110 403 2127 c.
416 2109 446 2133 32
465 2098 602 2126 Nonnulli
620 2103 708 2124 tamen
717 2096 769 2123 siue
782 2095 910 2122 felicitate
923 2091 1048 2128 quadam,
1068 2090 1122 2117 siue
1135 2089 1256 2116 bonitate
1268 2094 1343 2127 natu·
1362 2092 1390 2119 55
1410 2092 1502 2124 Paneg.
1517 2098 1561 2124 72,
1576 2099 1595 2117 ι,
1653 2089 1711 2116 Vid.
1729 2090 1797 2116 Cato
1812 2088 1845 2114 de
1859 2089 1891 2115 R,
1908 2088 1942 2115 R,
1956 2097 2009 2121 141,
2024 2097 2043 2114 ι,
2098 2088 2153 2115 Εἰς,
2172 2088 2204 2114 ad
2219 2090 2272 2114 Ast,
2291 2096 2320 2122 7,
2334 2097 2348 2114 2
2359 2097 2385 2122 p·
2397 2090 2424 2122 63

291 2146 353 2170 rae,
371 2136 425 2163 siue
439 2140 577 2171 parentum
590 2133 745 2168 disciplina,
762 2130 863 2158 rectam
877 2130 949 2156 vitae
962 2125 1068 2163 sequuti
1081 2126 1140 2153 sunt
1152 2125 1234 2165 viam.
1272 2124 1345 2150 Facit
1411 2127 1501 2151 Graeu,
1574 2125 1642 2150 Ter,
1657 2126 1723 2151 Eun,
1738 2135 1758 2157 1,
1772 2132 1799 2156 2,
1813 2131 1856 2157 ¹05
1873 2123 2090 2150 Paciundumest
2106 2123 2179 2159 quod
2191 2123 2242 2155 vis,
2262 2129 2294 2149 rr,
2313 2123 2402 2158 meri„

293 2174 414 2201 Parentes
427 2171 550 2203 bonitas,
574 2179 629 2196 non
647 2167 777 2196 necessitas
796 2165 890 2193 Phaed.
905 2174 928 2198 3,
943 2172 978 2197 ις,
993 2171 1030 2198 17.
1103 2161 1277 2188 Praechoruni
1299 2158 1346 2198 130-
1411 2168 1480 2187 amo.
1501 2166 1554 2185 PH.
1577 2159 1644 2185 bene
1656 2158 1730 2184 facis.
1771 2159 1820 2184 Vbi
1832 2160 1965 2189 Donatus,
1990 2160 2021 2184 In
2039 2159 2259 2185 consuetudinem
2277 2158 2370 2191 venit,
2396 2163 2397 2166 ’

292 2208 361 2235 nitas
378 2207 435 2235 Cic.
450 2215 500 2241 pro
512 2206 687 2239 Rosc.lAnier.
701 2213 744 2231 20.
797 2202 853 2229 Soli
869 2200 991 2232 bonitas,
999 2206 1055 2261 ‘fro
1073 2196 1246 2225 foecunditate
1260 2196 1347 2228 Qun·
1410 2196 1492 2227 facis,
1512 2200 1538 2220 et
1551 2195 1619 2220 Bene
1634 2193 1736 2225 fecisti,
1755 2201 1811 2219 non
1823 2193 1963 2219 iudicantis
1978 2194 2044 2225 esse,
2062 2194 2106 2220 sed
2120 2195 2216 2228 gratias
2228 2194 2336 2228 agentis.

293 2243 349 2270 cul.
366 2251 392 2275 2,
408 2250 444 2275 ¹9·
518 2241 575 2268 Cic.
593 2240 646 2268 Off.
667 2249 692 2272 2,
711 2242 745 2266 62
766 2239 858 2272 quue
878 2246 937 2263 eam
957 2235 996 2262 stu
1017 2233 1137 2261 iosislime
1156 2232 1277 2267 plerique
1292 2230 1346 2256 lau·
1411 2232 1448 2258 ib.
1462 2240 1484 2263 3,
1499 2239 1524 2262 2,
1536 2239 1561 2263 9.
1599 2230 1668 2256 Bene
1682 2236 1761 2264 atque
1774 2229 1859 2255 amice
1872 2228 1937 2254 facis
1951 2228 2035 2255 Plaut.
2044 2228 2133 2255 Pseud.
2148 2238 2167 2260 i,
2182 2237 2203 2262 5,
2219 2231 2274 2256 106.
2311 2229 2371 2256 Fae'

293 2280 365 2311 dant,
379 2277 452 2313 quod
465 2277 562 2304 summi
573 2277 701 2310 cuiusque
716 2274 822 2301 bonitas
836 2280 977 2299 commune
991 2270 1148 2305 profugium
1162 2268 1198 2294 est
1213 2266 1390 2293 omnium-60
1409 2267 1495 2298 bene,
1517 2276 1535 2292 ι.
1557 2275 1577 2292 c.
1595 2263 1671 2292 Refle
1690 2266 1748 2291 Cic.
1763 2263 1843 2290 Acad.
1863 2272 1882 2296 1,
1903 2273 1931 2297 25
1948 2273 1970 2290 c.
1992 2271 2018 2299 7.
2090 2264 2171 2291 Plaut.
2185 2264 2255 2292 Asin.
2270 2273 2294 2298 5,
2308 2274 2335 2298 2,
2349 2267 2383 2299 95

291 2316 345 2348 sic,
361 2313 440 2341 Nihil
454 2312 490 2339 est
503 2319 556 2339 tam
565 2311 706 2347 populare,
720 2318 800 2345 quam
813 2309 919 2335 bonitas
932 2307 1005 2333 Idem
1019 2314 1068 2340 pro
1082 2304 1142 2338 Lig.
1156 2313 1179 2329 c.
1194 2311 1231 2329 iz.
1273 2302 1347 2341 Sum·
1414 2303 1556 2337 quisquam
1569 2301 1605 2327 est
1619 2307 1672 2328 tam
1686 2300 1795 2335 ingenio
1808 2299 1875 2326 duro
1884 2319 1891 2331 ,
1917 2308 1965 2326 nec
1979 2306 2033 2326 tam
2049 2299 2129 2327 firmo
2143 2300 2251 2335 pthore
2260 2320 2270 2334 ,
2297 2302 2383 2335 Quin.

292 2359 336 2378 ma
348 2349 476 2377 bonitatis
486 2369 494 2382 ,
512 2349 620 2375 natione
633 2347 733 2374 constat
747 2345 813 2371 Plin.
828 2353 861 2377 11,
875 2352 914 2377 14.
948 2344 986 2369 De
997 2340 1075 2367 melle.
1118 2340 1227 2366 Terrae
1240 2336 1346 2363 bonitas
1411 2337 1559 2373 quidquam
1573 2337 1715 2363 occasionis
1729 2336 1775 2368 lit,
1794 2335 1843 2362 sibi
1856 2334 1936 2362 faciat
1949 2335 2032 2368 bene,
2051 2338 2069 2362 i.
2083 2336 2212 2374 indulgeat
2224 2331 2357 2373 voluptati.

293 2386 400 2414 Lucret.
421 2393 444 2419 ς,
463 2387 538 2419 1246.
610 2383 667 2411 Cic.
687 2383 717 2409 in
730 2382 804 2408 Orat.
818 2382 866 2413 164
887 2381 977 2413 Qiare
996 2376 1118 2404 bonitate
1136 2374 1226 2410 potius
1244 2372 1346 2399 nostro·
1413 2383 1472 2401 cere
1491 2372 1594 2400 auctius
1614 2379 1640 2400 et
1652 2373 1747 2399 melius
1762 2370 1789 2398 di
1810 2372 1879 2398 Hor.
1892 2371 1974 2398 Serm.
1995 2379 2021 2404 2,
2041 2373 2068 2403 6,
2083 2380 2105 2404 3.
2182 2372 2278 2399 Facere
2295 2368 2378 2400 bene¹

293 2431 355 2449 rum
363 2421 516 2449 Verborum
527 2425 648 2452 vtamur,
661 2427 740 2454 quarn
753 2416 891 2451 splendore
905 2416 1078 2441 Graecorum.
1121 2410 1180 2438 lsid.
1193 2408 1348 2436 Verborum
1412 2410 1478 2443 lius,
1497 2409 1612 2444 optime,
1632 2408 1664 2435 de
1676 2407 1892 2441 medicamentis,
1913 2417 1954 2442 ap.
1968 2406 2089 2436 Scribon.
2115 2407 2168 2434 vid.
2184 2414 2255 2436 FAC
2265 2415 2274 2434 1
2283 2415 2311 2436 o.

296 2458 415 2489 bonitas,
445 2458 474 2484 in
498 2463 572 2483 VER
582 2463 598 2483 Β
609 2462 630 2482 ν
640 2463 675 2482 M.
747 2454 802 2480 Cic.
824 2452 852 2478 in
867 2452 942 2478 Orat.
963 2457 995 2483 59
1021 2450 1058 2475 Ac
1071 2447 1150 2474 Vocis
1170 2445 1279 2480 quidem
1300 2444 1348 2471 bo·
1362 2446 1394 2478 65
1413 2446 1504 2473 nitatis
1519 2445 1571 2478 est,
1589 2445 1630 2472 vel
1643 2454 1698 2471 non
1712 2445 1814 2475 facere,
1833 2442 1905 2478 quod
1918 2452 1972 2469 non
1984 2443 2085 2477 optime
2099 2443 2189 2477 pollis,
2204 2443 2248 2471 vel
2261 2443 2363 2476 facere,
2387 2458 2400 2475 ι,

295 2494 363 2521 nitas
385 2493 500 2528 optanda
515 2492 561 2519 est.
633 2490 741 2518 Bonitas
761 2489 788 2515 in
808 2487 898 2514 herbis
917 2486 982 2513 Plin.
998 2493 1035 2517 iz,
1051 2493 1084 2516 13.
1155 2482 1212 2509 Cic.
1231 2481 1263 2508 dc
1283 2481 1347 2507 Nat.
1412 2491 1467 2509 non
1479 2481 1582 2516 pessime
1594 2481 1674 2507 facias
1694 2481 1751 2507 Cic.
1767 2479 1799 2506 de
1813 2479 1887 2506 Orat.
1906 2488 1922 2505 2
1935 2488 1956 2506 c.
1969 2488 2009 2506 20.
2061 2479 2131 2505 Bene
2148 2479 2210 2516 Fert
2227 2485 2339 2506 aetatem
2351 2479 2381 2506 vi
2398 2489 2408 2497 ’·
2426 2481 2428 2485 '

295 2531 375 2556 Deor.
388 2538 414 2562 2,
427 2532 462 2556 60
481 2526 624 2563 Qudquid
637 2528 710 2553 enim
724 2533 845 2560 magnam
863 2522 1006 2550 Vtilitatem
1022 2519 1114 2555 generi
1129 2518 1234 2545 afferret
1254 2517 1347 2544 huma·
1412 2518 1466 2545 vid.
1483 2525 1505 2544 A
1514 2524 1530 2544 Ε
1539 2523 1560 2542 Τ
1569 2524 1589 2544 Α
1599 2525 1622 2543 s.
1687 2515 1797 2543 Paetum
1811 2514 1878 2542 bene
1894 2515 1962 2541 Ter.
1972 2513 2052 2541 Andr.
2063 2522 2086 2548 5,
2099 2516 2125 2547 6,
2137 2522 2159 2548 5.
2229 2515 2309 2542 Ferre
2321 2513 2398 2542 bene>
2418 2534 2420 2537 .

295 2574 342 2597 no,
355 2565 383 2591 id
397 2574 452 2591 non
465 2564 518 2591 sine
531 2564 624 2591 diuina
631 2563 751 2590 bonitate
764 2569 825 2595 erga
839 2559 960 2586 homines
974 2557 1034 2584 fieri
1047 2554 1220 2582 arbitrantur.
1263 2552 1346 2579 Ouid.
1413 2563 1491 2589 gnam
1509 2553 1644 2580 fortunam
1663 2553 1730 2579 Hor.
1743 2552 1831 2578 Carni.
1846 2560 1870 2584 3,
1885 2559 1926 2586 27,
1942 2558 1988 2585 74.
2012 2553 2031 2577 i.
2043 2547 2120 2577 recle.
2191 2551 2272 2578 Ferre
2287 2551 2398 2585 gratiam
2410 2549 2424 2584 l]

297 2600 384 2627 Trist.
399 2611 427 2634 4,
441 2609 464 2633 5,
477 2607 508 2634 27
527 2600 568 2626 Sic
582 2605 677 2634 aequet
689 2604 733 2625 tua
746 2604 828 2631 nupta
841 2596 932 2622 virum
945 2593 1066 2620 bonitate
1080 2590 1198 2627 perenni.
1272 2589 1347 2615 Prae·
1413 2599 1462 2623 ne,
1482 2589 1549 2617 bene
1560 2588 1673 2616 merenti
1691 2588 1773 2615 Plaut.
1790 2587 1858 2613 Rud.
1898 2607 1904 2613 .
1942 2606 1948 2612 .
1984 2586 2080 2613 Fidum
2095 2585 2164 2613 bene
2178 2585 2267 2622 pestus
2286 2587 2355 2613 Hor.
2368 2587 2390 2614 C
2404 2593 2420 2609 -’

297 2637 374 2671 cipua
387 2635 491 2662 bonitas
504 2635 571 2660 Plin.
585 2643 622 2666 12,
638 2643 673 2666 ¹9·
744 2631 862 2659 Secunda
875 2631 981 2657 bonitas
1000 2628 1074 2655 Idem
1088 2636 1125 2660 12,
1141 2635 1174 2659 13.
1192 2625 1221 2652 de
1234 2625 1346 2652 Amomo.
1356 2632 1392 2661 7ο
1413 2635 1436 2659 2,
1452 2634 1490 2659 12,
1507 2633 1540 2659 ις.
1613 2624 1734 2652 Firmum
1755 2623 1822 2650 bene
1843 2623 1899 2650 Cic.
1920 2621 2017 2657 Philip.
2035 2624 2062 2655 6,
2080 2627 2114 2652 18.
2185 2621 2247 2649 Fuit
2268 2621 2374 2648 melius.
2387 2653 2389 2655 q
2401 2612 2430 2657 sl

297 2671 432 2707 Singulari
446 2670 566 2697 bonitate
580 2669 712 2704 praeditus
726 2669 782 2695 Cic.
796 2676 845 2703 pro
858 2668 947 2694 Domo
961 2674 1011 2692 110.
1084 2662 1157 2690 Idein
1171 2661 1229 2697 post
1241 2660 1305 2687 Red.
1319 2660 1349 2686 in
1412 2663 1476 2689 Sum
1488 2661 1570 2693 bene,
1586 2659 1668 2696 infra.
1723 2659 1823 2686 Gerere
1838 2658 1905 2686 bene
1916 2658 1991 2685 suum
2005 2658 2145 2693 negotium
2158 2658 2214 2685 Cic.
2230 2667 2279 2693 pro
2291 2658 2366 2684 Rosc.
2386 2653 2428 2686 ἵεμ-

298 2708 384 2735 Senat.
399 2714 429 2740 25
449 2708 512 2740 Quo
526 2712 647 2739 tempore
666 2711 790 2739 quantam
804 2704 860 2730 vim
880 2711 942 2729 vera
954 2701 1060 2727 bonitas
1076 2698 1202 2731 haberet,
1220 2703 1265 2724 aut
1284 2705 1348 2723 vera
1413 2707 1451 2731 32.
1514 2699 1547 2724 Ec
1570 2705 1623 2740 pro
1644 2695 1738 2730 Qiint.
1759 2697 1793 2721 62
1812 2695 1896 2730 Eques
1910 2695 2044 2721 Romanus
2058 2694 2190 2729 locuples,
2214 2693 2255 2720 sui
2272 2693 2389 2728 negotii
2408 2692 2429 2729 [st

299 2743 442 2776 nobilitas,
459 2741 608 2776 intelligere
621 2740 749 2775 potuistis.
792 2738 889 2765 Multas
902 2737 1061 2764 hereditates
1073 2735 1145 2762 nulla
1159 2734 1211 2761 alia
1224 2741 1253 2760 re
1265 2741 1347 2767 quam
1413 2742 1514 2769 gerens.
1580 2732 1602 2759 Γ
1602 2741 1639 2759 er.
1657 2731 1730 2758 Adel.
1745 2738 1768 2764 5,
1783 2740 1802 2763 i,
1816 2739 1841 2757 12
1866 2729 1964 2758 Potasti
1975 2730 2056 2756 scelus
2071 2729 2144 2765 quasi
2155 2739 2185 2757 re
2196 2729 2265 2756 bene
2275 2729 2353 2765 gesta.
2380 2754 2381 2759 ,
2413 2726 2439 2763 ⁶!

299 2780 420 2807 bonitate
433 2778 468 2805 est
483 2778 635 2805 consecutus
650 2777 718 2810 Nep.
734 2783 771 2808 ες,
785 2783 820 2805 21,
836 2783 854 2801 1.
926 2772 1081 2800 Potestatem
1101 2770 1221 2799 bonitate
1234 2768 1347 2796 retinuit
1413 2770 1466 2796 stae
1480 2778 1521 2796 res
1534 2768 1602 2796 bene
1616 2768 1691 2801 Vir-g.
1706 2767 1770 2793 Aen.
1784 2775 1811 2800 9,
1824 2774 1877 2801 157.
1932 2764 2090 2800 CicPhilip.
2105 2773 2128 2799 5,
2137 2774 2174 2800 40
2191 2765 2376 2800 Saepenum-n‘
2402 2770 2438 2804 ,ἰ

299 2816 373 2843 Ideni
388 2823 406 2845 1,
420 2819 444 2847 8,
458 2823 478 2846 3·
557 2813 614 2839 Cic.
635 2821 684 2846 pro
704 2812 780 2837 Rosc.
801 2812 877 2837 Com.
891 2817 925 2844 27
949 2809 1070 2843 Largitur
1091 2806 1127 2834 est
1146 2806 1246 2832 scilicet
1264 2804 1348 2831 homo
1362 2811 1394 2840 75
1414 2805 1477 2841 pub.
1495 2810 1521 2831 et
1536 2804 1603 2831 bene
1621 2809 1648 2830 et
1659 2802 1777 2830 feliciter
1789 2802 1866 2836 gesta.
1927 2801 2034 2828 Habere
2047 2800 2130 2833 bene,
2151 2803 2297 2828 Incolumem
2316 2806 2381 2828 e·'
2408 2805 2418 2821 ³>
2434 2808 2438 2833 g

301 2850 434 2882 liberam,
454 2855 480 2876 et
492 2848 645 2880 dissolutus,
665 2854 690 2874 et
704 2846 823 2873 bonitate
836 2846 943 2872 affluens
957 2844 1071 2871 Fannius
1085 2842 1199 2869 Roscio}
1220 2840 1253 2867 fic
1272 2846 1346 2875 puto.
1414 2841 1476 2868 Aul.
1497 2850 1523 2873 2,
1537 2845 1561 2873 8,
1575 2849 1599 2867 2.
1654 2838 1728 2866 Idem
1746 2838 1807 2865 Mil.
1821 2846 1843 2870 3,
1858 2847 1879 2870 1,
1894 2844 1937 2872 127
1954 2838 2010 2871 Qi
2025 2845 2103 2872 aegre
2118 2837 2221 2870 seruat,
2239 2842 2267 2864 et
2278 2836 2374 2873 quib
2416 2864 2423 2870 .

300 2889 352 2914 Hic
365 2886 399 2913 ad
410 2884 586 2919 daffolutimiem
599 2885 707 2910 inclinat
719 2882 833 2908 bonitas.
885 2879 954 2907 Ibid.
965 2885 995 2910 28
1007 2880 1049 2906 Sic
1062 2887 1146 2914 quum
1159 2877 1268 2904 Roscius
1284 2877 1348 2902 Fan·
1414 2877 1467 2904 bet.
1488 2879 1506 2903 i.
1520 2877 1586 2903 laute
1598 2877 1679 2902 vluit.
1744 2873 1834 2900 Habet
1852 2872 1903 2900 hoc
1917 2872 1986 2900 bene
2006 2873 2080 2899 Idem
2101 2872 2177 2907 Epid.
2192 2881 2216 2906 5,
2229 2881 2251 2905 2,
2264 2881 2299 2906 31.
2317 2876 2336 2901 ι’.

299 2923 374 2950 nium
387 2920 515 2948 fraudasse
531 2924 673 2955 arguatur,
686 2924 829 2952 Vtrumque
846 2915 1002 2942 incredibile
1015 2915 1066 2942 est:
1092 2920 1118 2941 et
1132 2913 1257 2940 Roscium
1271 2911 1347 2947 quid·
1411 2913 1469 2940 bene
1482 2911 1562 2939 adhuc
1575 2920 1616 2938 res
1648 2909 1751 2938 rocedit.
1805 2910 1854 2936 Con
1873 2929 1879 2936 .
1892 2908 1984 2936 quen.
1998 2909 2048 2936 Sat.
2063 2918 2101 2941 10,
2116 2917 2157 2943 72.
2172 2915 2196 2935 et
2208 2909 2269 2936 Liu.
2285 2911 2312 2942 6,
2324 2915 2375 2942 35..

300 2968 381 2994 quam
397 2966 443 2993 per
457 2956 599 2984 auaritiam
612 2954 749 2990 appetisse,
773 2959 798 2980 et
818 2952 945 2980 Fannium
959 2951 1103 2986 quidquam
1119 2958 1166 2985 per
1184 2949 1210 2975 se
1228 2947 1348 2975 bonitate
1413 2948 1502 2975 Habet
1518 2947 1601 2980 bene,
1625 2945 1694 2974 radia
1713 2946 1772 2973 sunt
1791 2945 1840 2971 fun
1859 2950 1962 2971 amenta
1980 2944 2157 2977 defensionis,
2177 2944 2299 2980 subaudi,
2318 2945 2350 2972 Se
2370 2964 2372 2966 v

300 2994 418 3022 amisisse.
478 2994 568 3020 Virtus
581 2989 615 3025 est
628 2991 685 3018 Cic.
700 2989 731 3017 de
745 2989 800 3016 Fin.
814 2997 837 3021 3,
850 2989 885 3014 66
905 2986 987 3021 Qiod
1002 2987 1030 3013 ni
1050 2987 1086 3013 ita
1110 2986 1135 3012 se
1153 2984 1279 3016 haberet,
1298 2993 1347 3010 nec
1370 2989 1403 3015 80
1413 2985 1470 3012 Cic.
1479 2992 1528 3020 pro
1541 2984 1661 3011 Muraen.
1677 2990 1715 3016 14.
1786 2980 1893 3008 Habent
1907 2980 1976 3007 bene
1989 2979 2041 3007 tibi
2053 2980 2184 3015 principia
2199 2980 2293 3008 Ter.P
2314 2989 2331 3007 o
2344 2993 2376 3017 .·'-

301 3030 420 3058 iustitiae
440 3028 510 3056 vlliis
528 3027 606 3060 esset,
627 3036 675 3054 nec
690 3025 808 3052 bonitati
827 3024 908 3050 iocus.
981 3022 1020 3048 ld.
1044 3021 1096 3049 off.
1110 3030 1133 3055 3,
1152 3028 1188 3056 77
1207 3030 1228 3047 c.
1246 3028 1274 3053 19
1295 3021 1347 3046 Ru·
1414 3026 1455 3051 82.
1512 3020 1568 3047 Cic.
1584 3020 1637 3046 Att.
1651 3027 1685 3052 u,
1701 3025 1719 3053 7
1744 3017 1898 3044 Extremum
1911 3016 1948 3043 est
1964 3025 2068 3047 eorum,
2082 3016 2130 3051 qui
2144 3017 2172 3042 in
2188 3015 2287 3043 Achaia
2310 3021 2385 3052 untf

301 3066 362 3093 stici
396 3079 442 3085 —-
477 3074 539 3091 cum
551 3063 630 3090 fidem
645 3062 758 3089 alicuius
772 3060 974 3093 bonitatemque
988 3057 1110 3090 laudant,
1123 3057 1234 3092 dignum
1246 3056 1294 3083 effe
1308 3055 1348 3082 di·
1414 3065 1478 3083 men
1492 3055 1539 3090 ipsi
1552 3056 1578 3082 se
1591 3054 1641 3082 hoc
1654 3054 1749 3081 melius
1762 3046 1870 3086 haberit,
1883 3059 1963 3087 quam
1976 3061 2039 3085 nos,
2055 3051 2128 3087 quod
2141 3059 2167 3079 et
2181 3052 2260 3079 niulti
2268 3072 2278 3086 ,
2292 3059 2339 3080 etc.
2374 3055 2380 3076 f

303 3108 379 3134 cunt,
401 3101 511 3136 quicum
532 3101 562 3127 in
576 3098 691 3126 tenebris
710 3098 799 3124 mices.
847 3093 888 3129 Est
907 3096 988 3131 igitur
1006 3102 1110 3129 magnus
1127 3094 1220 3128 aliquis
1238 3089 1349 3125 iustitiae
1414 3091 1556 3119 conditione
1563 3091 1633 3128 sunt.
1687 3089 1762 3117 Idem
1775 3089 1808 3116 de
1821 3088 1880 3115 Fin.
1894 3098 1921 3122 4,
1932 3093 1960 3121 38
1980 3088 2043 3115 Vtsi
2057 3088 2162 3115 cultura
2179 3088 2296 3121 vitium,
2314 3087 2358 3116 eui
2372 3116 2375 3118 ,

301 3138 406 3174 gradus.
1414 3137 1509 3155 munus
1522 3127 1568 3161 est,
1585 3132 1614 3154 vt
1625 3124 1731 3159 efficiat,
1743 3130 1772 3152 vt
1785 3124 1849 3151 vitis
1862 3132 1921 3150 cum
1936 3124 2055 3159 partibus
2066 3124 2118 3151 suis
2129 3123 2254 3151 omnibus
2267 3130 2347 3160 quam
2365 3128 2383 3145 ι·

339 3178 447 3199 BENE.
490 3167 551 3205 [εἰ
571 3169 672 3204 καλῶς]
707 3168 748 3195 Ab
768 3170 870 3203 antiquo
885 3167 987 3198 Benus,
1001 3170 1051 3200 pro
1069 3164 1161 3190 Bonur.
1195 3162 1262 3190 Adu.
1282 3164 1349 3190 Com-
1367 3166 1396 3196 85
1414 3165 1440 3191 se
1454 3163 1558 3191 habeat.
1613 3162 1742 3190 Habitare
1755 3160 1822 3188 bene
1841 3160 1911 3194 Nep.
1924 3168 1964 3193 25,
1980 3169 2015 3192 13,
2029 3168 2048 3187 1.
2105 3161 2161 3187 Cic.
2175 3160 2247 3187 Fam.
2261 3167 2284 3194 5,
2298 3168 2326 3186 12
2372 3186 2377 3190 ⁷

298 3214 359 3243 par.
371 3208 467 3234 Melius
476 3228 483 3240 ,
501 3214 525 3234 et
538 3207 633 3242 Superl.
651 3205 770 3240 Optime.
791 3203 872 3230 Plaut.
888 3200 980 3228 Bacch.
996 3209 1016 3232 1,
1029 3207 1050 3232 1,
1063 3201 1080 3226 6
1102 3198 1177 3232 Quid
1196 3199 1225 3226 in
1238 3199 1349 3227 consilio
1415 3209 1486 3232 men,
1502 3201 1550 3235 qui
1563 3198 1641 3226 semel
1655 3198 1720 3225 fines
1727 3196 1899 3224 verecundiae
1911 3196 2065 3229 transsierit,
2077 3205 2138 3223 cum
2152 3195 2253 3223 beneet
2265 3195 2369 3222 nauiter

304 3243 489 3270 consuluistis?
509 3249 533 3270 B.
550 3241 618 3269 bene
633 3240 687 3276 pol.
756 3240 826 3266 Bene
840 3246 904 3273 ergo
912 3237 1025 3264 Pittacus
1036 3235 1083 3262 ille
1095 3235 1164 3269 Nep.
1174 3240 1198 3268 8,
1213 3243 1239 3269 4,
1253 3243 1277 3262 2.
1298 3244 1348 3263 vox
1415 3242 1453 3264 tet
1465 3236 1513 3262 esse
1527 3235 1718 3270 Impudeutem.
1773 3232 1846 3259 Idem
1861 3233 1915 3258 Att.
1925 3241 1965 3266 14,
1980 3241 2005 3265 ις
2021 3232 2118 3267 Incipit
2138 3240 2179 3258 res
2198 3231 2294 3259 melius
2315 3231 2370 3258 ire*

303 3278 433 3308 laudantis
451 3280 557 3304 alicuius
574 3275 670 3304 diflum
687 3282 731 3303 aut
759 3273 851 3302 astum.
922 3271 1054 3300 Columel.
1075 3278 1099 3304 ς,
1117 3278 1129 3303 5
1151 3271 1204 3298 Esse
1221 3271 1350 3306 quosdam
1416 3278 1544 3307 putaram.
1599 3272 1695 3298 quare
1714 3268 1831 3304 aliquem
1850 3267 1917 3295 bene
1940 3268 2022 3295 Plaut.
2036 3268 2115 3295 Most.
2128 3276 2156 3302 4,
2169 3276 2192 3300 3,
2205 3275 2249 3301 42.
2309 3267 2342 3294 Li
2363 3270 2368 3283 ²>

305 3322 397 3349 agros,
417 3313 446 3340 in
460 3313 557 3348 quibus
570 3322 626 3340 non
639 3320 723 3347 aeque
754 3319 803 3338 ene
815 3309 938 3337 translata
952 3308 1067 3340 semina,
1086 3315 1167 3341 quam
1187 3307 1299 3333 immota
1311 3316 1352 3334 re·
1417 3307 1544 3342 Collegae
1558 3306 1702 3341 imperium
1715 3305 1740 3332 se
1750 3313 1804 3331 non
1819 3305 1886 3339 poll'e
1899 3304 2043 3339 impedire:
2071 3303 2124 3330 diis
2142 3303 2210 3330 benc
2228 3302 2351 3330 iuuantib
2369 3325 2370 3328 ,

304 3349 456 3385 spondeant.
527 3349 596 3375 Bene
608 3349 715 3384 absolute
727 3357 779 3378 cum
791 3349 867 3374 tertio
883 3351 927 3371 aut
939 3351 1028 3380 quarto
1050 3342 1107 3378 casu
1123 3342 1221 3378 priscis
1234 3349 1288 3369 erat
1303 3344 1349 3369 Hi·-
1365 3354 1401 3380 90
1419 3349 1471 3376 ret,
1485 3343 1556 3378 quod
1570 3351 1584 3369 c
1600 3341 1712 3378 chubl.
1724 3341 1839 3368 diicerct.
1880 3340 1967 3367 Dolor
1978 3339 2046 3366 bene
2059 3339 2236 3376 longinquus,
2255 3339 2306 3375 Qui
2319 3336 2380 3370 di]

303 3387 420 3415 larieatis
433 3383 552 3411 indicium
565 3391 588 3410 et
595 3385 723 3420 sollemnis
735 3386 802 3410 inter
808 3382 899 3418 pocula
911 3380 968 3407 bene
976 3378 1100 3415 precandi
1129 3379 1231 3404 ormula.
1267 3378 1349 3405 Plaut.
1416 3379 1472 3406 Cic.
1486 3379 1519 3405 de
1534 3379 1592 3406 Fin.
1607 3387 1632 3412 2,
1644 3387 1690 3413 94.
1758 3376 1850 3403 Sei-mo
1862 3375 1930 3403 bene
1949 3376 2059 3410 longus,
2081 3378 2101 3402 i.
2121 3375 2206 3402 Valde
2217 3376 2293 3411 longa
2313 3373 2341 3400 da·
2358 3379 2373 3395 ff

305 3420 385 3449 Stich.
396 3428 419 3453 5,
427 3429 455 3454 4,
463 3425 497 3454 27
516 3419 585 3445 Bene
598 3428 662 3452 vos,
680 3419 748 3445 bene
761 3427 825 3451 nos,
845 3417 912 3444 bene
926 3421 968 3448 te,
988 3415 1055 3442 bene
1069 3423 1105 3441 no
1128 3422 1187 3440 rum
1203 3414 1282 3440 etiam
1295 3414 1349 3441 ste·
1415 3415 1489 3442 Idem
1505 3415 1536 3441 de
1550 3415 1625 3442 Orat.
1639 3422 1662 3447 2,
1675 3415 1726 3446 361.
1800 3412 1906 3439 Literae
1925 3411 1994 3439 bene
2013 3410 2108 3445 longae
2135 3410 2174 3437 Id.
2187 3411 2241 3437 Att.
2256 3419 2296 3444 14,
2309 3417 2337 3445 7.
2363 3435 2366 3438 ,

306 3457 441 3492 phanium.
512 3453 585 3482 Idem
597 3455 663 3481 Pers.
679 3463 702 3487 5,
717 3463 737 3487 1,
750 3463 784 3481 20
802 3454 871 3481 Bene
883 3451 969 3485 mihi,
986 3449 1080 3483 vobis,
1099 3449 1198 3476 amicae
1211 3458 1284 3476 meae
1303 3457 1350 3477 etc.
1415 3452 1463 3486 qui
1478 3450 1544 3477 bene
1555 3450 1646 3486 lingua
1663 3447 1839 3476 Plaut.Truc.
1853 3457 1877 3480 2,
1892 3455 1912 3480 i,
1928 3450 1966 3475 16.
2016 3445 2155 3481 Lugebitis
2169 3446 2264 3472 melius
2277 3444 2363 3472 ambo·

307 3495 338 3520 Et
355 3502 380 3519 υ.
400 3500 433 3519 22
453 3491 523 3518 Bene
544 3490 668 3517 omnibus
688 3490 774 3517 nobis.
818 3490 876 3516 Hae
890 3496 964 3515 meae
981 3495 1073 3513 manus
1093 3492 1155 3513 tuae
1167 3485 1290 3520 poculum
1304 3485 1350 3512 do·
1415 3487 1481 3514 Met.
1491 3492 1514 3519 8,
1529 3494 1581 3520 525.
1638 3486 1707 3512 Bene
1719 3492 1813 3518 magna
1826 3490 1931 3511 caterua
1943 3483 2001 3510 Cic.
2009 3491 2059 3517 pro
2066 3483 2187 3509 Muraen.
2201 3484 2244 3515 69.
2299 3481 2375 3515 Ben

306 3534 369 3555 nant
406 3541 451 3548 --
487 3526 556 3552 Bene
571 3526 613 3558 ei,
629 3526 676 3560 qui
691 3526 793 3552 inuidet
805 3524 892 3557 mihi,
910 3529 936 3551 et
950 3523 990 3555 ei,
1008 3522 1057 3563 qui
1071 3521 1121 3548 hoc
1133 3520 1232 3584 &audio
1245 3521 1348 3555 gaudet.
1365 3528 1396 3555 95
1416 3521 1581 3549 dediliteras
1601 3520 1674 3548 Idem
1686 3521 1741 3547 Att.
1756 3530 1782 3554 4.
1799 3529 1836 3547 10.
1908 3519 2009 3547 Mereri
2022 3518 2104 3550 bene,
2128 3516 2181 3544 vid.
2200 3524 2224 3544 M
2235 3523 2252 3544 E
2263 3513 2378 3550 11130..«.·,’

307 3563 406 3590 Tibul.
427 3571 453 3595 2,
472 3570 494 3594 1,
512 3568 536 3594 31
567 3560 633 3593 Sed,
656 3561 723 3588 Bene
743 3560 888 3588 Messalam!
919 3560 964 3586 ssia
984 3566 1097 3594 quisque
1117 3565 1131 3584 a
1164 3556 1258 3591 pocula
1271 3556 1348 3584 dicat.
1415 3558 1487 3585 Fam.
1503 3566 1542 3590 10,
1555 3565 1569 3590 5
1587 3557 1645 3584 Nec
1661 3555 1809 3592 quidquam
1829 3564 1860 3582 ex
1875 3554 2000 3582 omnibus
2017 3552 2097 3580 rebus
2115 3551 2237 3580 humanis
2249 3553 2285 3580 est
2298 3560 2377 3587 pra

307 3598 390 3625 Ouid.
404 3598 468 3625 Fast.
483 3605 509 3630 2,
526 3599 575 3632 6³7
608 3597 655 3628 Et,
675 3597 744 3623 Bene
757 3606 821 3629 nos,
840 3596 942 3623 Patriae
959 3594 1026 3622 bene
1039 3599 1065 3620 te
1083 3593 1158 3620 Pater
1171 3592 1272 3626 optime
1284 3594 1349 3620 Cae·
1414 3601 1460 3620 aut
1479 3593 1665 3629 praestantius,
1695 3601 1776 3627 quam
1798 3591 1830 3618 de
1851 3591 1889 3619 Re
1909 3610 1915 3617 .
1935 3590 2002 3618 bene
2022 3588 2130 3616 mereri.
2201 3589 2276 3623 Virg.
2290 3589 2376 3627 Aen-2
2417 3609 2424 3622 ,ἰ

308 3634 364 3665 sar,
382 3634 484 3666 Dicite,
504 3631 601 3659 suffinso
614 3631 662 3658 sint
676 3638 731 3658 rata
745 3631 825 3659 verba
841 3640 924 3659 mero.
994 3629 1067 3657 Idem
1081 3628 1113 3656 de
1127 3629 1191 3655 Arte
1198 3629 1256 3654 Am.
1267 3637 1286 3660 i,
1299 3631 1347 3655 601
1414 3630 1441 3656 Si
1455 3629 1521 3656 bene
1533 3629 1598 3664 quid
1610 3628 1642 3656 de
1656 3634 1682 3655 te
1695 3628 1790 3655 merui.
1835 3629 1864 3655 A
1896 3646 1904 3654 .
1925 3625 1980 3652 Cit-
2001 3624 2084 3651 Bruto
2102 3632 2124 3650 c.
2138 3631 2182 3658 72.
2241 3624 2281 3651 Id.
2297 3621 2374 3651 offla

307 3668 339 3695 Et
351 3668 418 3696 bene
430 3669 472 3696 dic
486 3668 622 3696 dominae:
640 3667 717 3700 bene,
734 3676 794 3693 cum
807 3677 862 3702 quo
876 3667 992 3694 dormiet
1005 3665 1060 3693 illa.
1131 3664 1218 3696 Bene,
1236 3673 1347 3690 nonnun-
1416 3666 1465 3692 Eos
1479 3671 1577 3698 autem,
1591 3673 1708 3700 quorum
1720 3664 1777 3691 vita
1790 3660 1922 3699 ρει-[111613
1936 3661 1966 3687 111
1978 3659 2058 3686 rebus
2073 3659 2190 3686 honestis
2204 3665 2284 3696 atque
2295 3667 2331 3686 m
2342 3670 2364 3689 2⁴
2374 3675 2381 3686 2

307 3712 379 3740 quam
397 3708 519 3740 accipitur
533 3711 582 3739 pro
602 3703 694 3730 Valde.
721 3709 750 3728 vt
771 3704 826 3736 Qi
840 3703 918 3730 semel
932 3700 1108 3730 verecundiae
1127 3699 1190 3726 sines
1206 3698 1348 3732 transierit,
1357 3710 1404 3728 100
1413 3700 1481 3728 bene
1500 3701 1533 3735 dc
1553 3699 1654 3735 Repub.
1665 3700 1805 3726 sentientes
1822 3707 1852 3725 ac
1864 3696 1930 3724 bene
1941 3695 2068 3728 meritos,
2087 3701 2132 3722 aut
2151 3701 2281 3723 merentes
2297 3694 2359 3726 ali,
2376 3699 2386 3713 ‘⁴
2426 3695 2428 3714 ἶ

307 3746 368 3766 cum
380 3738 446 3766 bene
459 3747 484 3766 ct
495 3740 598 3766 nauiter
611 3744 718 3774 oportet
726 3738 774 3764 csse
788 3738 967 3772 impudentem
979 3739 1035 3766 Cic.
1045 3737 1193 3769 Fani.5‚12.
1230 3735 1271 3762 Sic
1278 3735 1348 3762 Bene
1414 3746 1480 3763 nore
1492 3743 1538 3764 aut
1555 3736 1671 3771 imperio
1683 3735 1806 3767 anteros,
1825 3731 1967 3760 obseruare
1985 3736 2012 3757 et
2029 3730 2116 3757 colere
2131 3731 2265 3758 debemus.
2319 3730 2341 3756 Ι·
2355 3744 2363 3753 -,
2380 3741 2382 3749 ‹

305 3773 412 3809 longam
428 3774 647 3809 disputationem,
666 3774 733 3800 (lim
746 3773 807 3800 idem
830 3774 885 3801 Cic.
899 3774 931 3800 de
948 3774 1006 3801 Fin.
1020 3780 1044 3808 5,
1079 3791 1086 3800 .
1124 3791 1131 3799 .
1200 3769 1274 3798 Idem
1294 3771 1347 3797 Att.
1413 3772 1498 3799 Plane.
1512 3778 1544 3803 80
1564 3772 1621 3806 Qu
1635 3771 1684 3798 sint
1697 3771 1763 3798 boni
1775 3769 1860 3798 ciues,
1873 3767 1921 3802 qui
1934 3765 2014 3799 belli,
2033 3767 2080 3802 qui
2093 3766 2168 3794 domi
2183 3766 2216 3793 de
2227 3763 2352 3802 patriabe
2398 3793 2401 3796 ¹
2420 3769 2428 3797 =j

306 3818 346 3843 14,
360 3817 378 3844 7
395 3809 510 3836 Litterae
524 3811 589 3837 bene
601 3811 703 3845 longae.
741 3808 788 3837 Sed
795 3810 872 3845 plura
885 3812 912 3835 in
926 3818 952 3835 eo
964 3818 1051 3846 genere
1061 3812 1190 3835 occurrent
1203 3815 1228 3832 n.
1242 3814 1265 3832 2.
1290 3806 1346 3832 Me·
1412 3814 1509 3841 rentes,
1524 3806 1572 3834 nisi
1586 3807 1634 3842 qui
1647 3807 1746 3842 patriae
1758 3802 1886 3832 beneficia
1899 3802 2096 3829 meminerunt?
2149 3803 2219 3830 Bene
2229 3801 2310 3829 multi
2326 3800 2339 3827 Ι
2394 3807 2396 3810 ⁴
2418 3808 2420 3812 ’

307 3845 373 3875 lius,
392 3845 503 3879 Compar.
540 3847 654 3873 Terent.
662 3845 744 3873 Andr.
759 3854 781 3877 3,
796 3852 819 3877 5,
835 3853 856 3871 11
879 3845 912 3871 At
927 3845 979 3871 iam
992 3843 1137 3880 expediam.
1161 3849 1186 3870 ι’.
1201 3840 1344 3876 expedies!
1413 3852 1451 3875 io,
1472 3852 1508 3876 33.
1534 3846 1553 3870 ι’.
1578 3842 1656 3874 Valde
1669 3842 1750 3868 multi.
1820 3837 1926 3865 Munita
1945 3837 2012 3864 bene
2030 3837 2129 3874 templa
2141 3839 2250 3865 Luci-et.
2264 3845 2286 3868 2,
2303 3843 2329 3871 7-

307 3888 335 3909 1).
353 3886 424 3907 certe
436 3880 580 3915 Pamphile.
603 3889 627 3909 Ρ.
648 3881 753 3916 Nempe
768 3886 796 3907 vt
810 3878 900 3907 modo.
913 3886 941 3908 D.
961 3881 1049 3909 iinino
1061 3879 1157 3909 melius
1169 3878 1254 3914 spero.
1295 3876 1396 3910 Vbi105
1411 3878 1510 3913 Edepol
1525 3879 1626 3906 Narras
1641 3876 1710 3904 Ter.
1719 3876 1788 3902 Eun.
1803 3881 1826 3908 5,
1838 3881 1860 3907 3,
1873 3881 1900 3908 7.
1925 3875 1943 3900 i.
1963 3875 2040 3901 Laeta
2058 3883 2166 3908 narras,
2184 3879 2209 3900 ee
2223 3881 2284 3910 quae
2292 3879 2337 3908 ego
2373 3876 2429 3904 zm,
2455 3882 2458 3890 n
