2474 4182
277 146 358 182 ¹03¹
672 130 707 169 C
789 127 824 167 O
909 125 945 166 L
1672 104 1674 106 >
1750 125 1785 166 C
1866 125 1902 165 Ο
1987 125 2024 166 L
2328 100 2448 186 1032¹

277 220 393 246 Partium
410 220 532 247 columen
548 218 691 253 Abdagcscs
705 216 796 243 Tacit.
811 216 879 242 Anu.
896 216 921 245 6,
935 222 975 251 37.
1031 214 1132 243 Patriae
1147 213 1316 241 Sen.Troad.
1380 214 1468 240 Varro
1481 213 1512 239 R.
1527 213 1558 240 R.
1575 223 1601 248 2,
1614 222 1641 250 7,
1656 223 1673 242 2,
1710 214 1869 250 hcipientes
1889 220 2013 250 quartum
2034 221 2109 250 agere
2129 225 2225 245 „mum
2242 232 2288 239 -
2305 225 2332 246 et
2351 218 2414 251 inci‘
2443 242 2445 249 Ι

278 264 318 288 ¹23
338 256 366 282 de
383 254 497 283 Hectore.
569 253 738 288 Reipublicae
752 251 875 278 columen
888 251 944 278 Cic.
958 260 1006 286 pro
1020 252 1088 277 Sext.
1105 258 1131 284 19
1151 259 1172 277 c.
1187 256 1209 280 8.
1269 251 1317 276 Re·
1382 250 1458 284 piunt
1471 248 1540 275 nasci
1556 258 1623 283 quos
1638 258 1733 277 vocam
1745 251 1935 278 columellareg,
2006 250 2072 277 pn„⁸
2087 259 2119 283 n,
2133 261 2166 288 27
2193 255 2268 281 Aeta,
2286 256 2415 284 vete‘ino.

276 300 336 318 rum
355 301 473 319 mearum
491 291 611 317 columen
638 290 704 315 Hor.
719 289 806 315 Carm.
829 296 853 320 2,
872 290 913 322 17,
931 295 948 320 4
968 286 999 313 ad
1021 288 1195 313 Maecenatem.
1223 288 1319 313 Ironice
1382 293 1443 312 rum
1464 283 1585 310 dentibus
1604 285 1744 314 indicatur.
1788 288 1864 322 Equo
1885 287 1942 313 sunt
1962 294 2075 312 numero
2093 288 2269 323 quadraginta.
2311 292 2415 323 Amittit
2440 307 2441 310 =

277 327 359 354 Plaut.
372 327 455 355 Calin.
473 336 494 359 3,
509 335 532 354 2.
547 328 563 351 6
583 323 629 350 Sed
645 332 734 350 eccum
746 322 881 358 egreditur
900 323 986 349 Senati
1002 322 1141 354 columen,
1161 321 1319 357 praesidium
1381 320 1514 347 tricesimo
1527 319 1615 346 mense
1629 319 1757 354 primores
1775 324 1899 358 vtrinque
1912 322 2005 353 binos;
2024 322 2142 356 sequenti
2156 331 2224 351 anno
2237 325 2346 353 totidem
2359 336 2415 362 pro.

277 363 376 397 populi¹
448 360 597 389 Thessaliae
614 360 736 386 columen
756 359 860 386 Peleum
879 365 951 385 vocat
965 357 1061 384 Catull.
1076 359 1117 390 62,
1132 360 1173 384 26.
1246 357 1318 383 Exci·
1343 361 1357 388 5
1385 357 1484 387 ximos;
1510 361 1567 381 tum
1586 355 1697 382 subeunt
1721 357 1787 385 dieti
1807 358 1998 385 columellares.
2034 358 2087 383 Hos
2104 356 2162 390 effe,
2182 362 2223 394 qui
2241 360 2336 388 Canini
2355 365 2416 395 allas

278 399 334 426 sum
348 399 470 426 columen
489 397 544 423 Cic.
561 396 592 421 de
605 396 698 422 Diuin.
715 404 735 428 ι,
753 404 796 422 20.
867 394 998 421 Columcn
1013 393 1137 419 Euersum
1151 392 1249 419 occidit
1262 392 1319 419 Pol·
1382 398 1521 423 vocantur,
1541 392 1668 417 collatione
1690 392 1836 420 Graecorum
1860 395 2051 428 Latinorumque
2069 390 2174 426 ostendit
2193 395 2288 430 Rigalt.
2301 397 2334 423 ad
2345 400 2415 427 Arte·
2443 398 2446 406 ¹
2462 415 2469 425 ¹.

277 435 355 462 lenti»-
368 434 440 461 Aliae
455 433 512 459 Scn.
526 431 628 458 Troad.
638 438 682 466 pr.
718 430 794 466 Apud
812 429 858 457 Sil.
873 439 913 463 ις,
928 435 970 462 383
996 430 1116 456 Marcello
1126 428 1262 465 interfcffo
1280 438 1319 455 ex·
1381 427 1441 456 mid.
1451 434 1478 463 p.
1493 437 1526 461 ¹5-
1548 430 1590 463 qui
1609 430 1683 453 etiam
1797 445 1804 451 .
2060 439 2069 443 -
2384 459 2386 462 ‚
2442 425 2474 452 ..⁸

277 472 368 498 elamat
383 468 525 499 Hannibal,
545 467 614 493 Iacet
629 467 741 493 Ausonii
754 466 875 493 columen
891 466 974 499 regni.
1420 469 1438 489 c
1449 470 1522 490 0Lv
1532 469 1557 488 M
1567 469 1607 489 ει.
1617 470 1633 489 L
1643 470 1670 495 1,
1688 471 1784 495 orum,
1802 463 1887 491 laudat
1907 473 1936 491 ex
1957 464 2075 496 Isidoro,
2088 463 2166 490 eodem
2180 464 2262 501 sensti.
2298 467 2374 495 Locus
2384 468 2417 504 {l}
2458 478 2469 498 ·;=

315 513 331 531 c
342 503 414 531 0ιῦ
425 511 448 529 Μ
459 510 507 535 is,
531 512 554 529 c.
590 502 684 537 [σῶος]
720 503 807 530 ςαηιυ.
835 501 963 528 Laudatur
996 499 1077 525 Plaut.
1100 498 1183 526 Trin.
1206 506 1233 532 3,
1252 508 1274 531 3,
1294 505 1320 531 ις
1382 500 1458 534 Orig.
1473 494 1512 536 ,ζ
1522 506 1531 524 ι
1547 498 1591 524 vbi
1600 496 1656 533 post
1671 497 1856 533 descriptionem
1871 500 2036 531 Caninorum
2057 499 2176 526 dentium
2189 501 2276 532 addit,
2295 503 2351 529 Hos
2363 505 2416 543 vul.
2453 495 2474 535 ᾇ,

279 541 374 575 Neque
388 540 424 566 ita
439 545 466 566 vt
479 538 508 565 sit
520 537 595 570 data,
613 538 745 565 columem
757 544 783 564 te
798 537 884 564 fistere
904 536 961 568 illi,
982 542 1006 562 ct
1021 535 1156 562 detraxisse
1174 540 1318 561 autument.
1336 542 1366 561 ιο
1381 545 1427 571 ,gus
1448 543 1496 570 pro
1513 533 1680 568 longitudine
1697 540 1723 560 et
1744 533 1909 561 rotunditate
1923 535 2078 562 columellos
2092 542 2195 561 vocant.
2231 536 2272 563 Sic
2291 539 2418 575 legendum,
2439 549 2474 570 r„

279 577 360 604 Sermo
375 574 408 608 est
428 575 456 601 de
469 574 538 607 dote,
550 573 616 609 fidei
629 577 703 601 amici
716 572 852 607 comnnffa,
870 573 897 599 oh
914 582 986 608 quam
1005 572 1046 598 ille
1061 571 1144 607 facile
1158 573 1218 597 male
1232 570 1320 597 audire
1379 574 1437 600 licet
1449 578 1500 597 tum
1513 576 1585 596 vetus
1597 569 1673 596 editio
1686 576 1748 604 1489
1762 576 1813 595 tum
1826 570 2023 605 Gotbqfrediana
2037 570 2201 597 Columellos
2218 571 2313 600 habeat.

277 610 361 647 postet.
409 612 440 637 Et
450 610 512 646 fitne
524 613 622 645 primae
641 608 711 637 editt.
731 616 755 636 et
769 609 816 645 ipsi
828 609 903 635 MSS.
917 607 1079 643 eolumchI
1094 607 1216 633 columen
1235 607 1276 632 hic
1288 607 1318 632 le·
1417 613 1487 634 cos.
1497 612 1517 631 V
1527 612 1552 631 M
1565 606 1675 632 ΝᾹΤν
1685 612 1715 638 s,
1735 614 1765 638 a,
1783 615 1837 631 um.
1874 605 1935 632 Adi.
1976 607 2158 640 [ἓςυλωμένος]
2194 607 2316 635 Columnis
2328 607 2417 646 susim,
2442 608 2445 630 s
2470 614 2474 619 ·

303 653 355 672 mt:
375 646 538 672 1nc01umem
550 645 650 672 videtur
662 644 705 680 ‘'ff‘'
717 646 854 671 aLambini
869 641 1018 670 conieHura.
1060 644 1157 670 firmat
1171 641 1318 669 lfid.Gloff.
1380 649 1458 669 tatus.
1496 641 1583 667 Varro
1596 641 1628 667 de
1642 641 1673 667 R.
1689 641 1719 667 R.
1732 649 1755 673 3,
1770 649 1793 674 ς,
1808 650 1834 667 12
1855 642 1926 667 Inter
1940 649 1982 668 eas
1993 638 2104 676 'piscinas
2123 643 2306 670 tantummodo
2317 647 2417 677 acceffm
2431 647 2444 674 Αἵ

303 682 406 714 olume,
422 683 525 708 sanum:
544 681 675 713 Columes,
689 682 782 707 saluos.
817 679 857 706 Ab
869 680 914 707 hoc
927 679 1085 711 Incolumis,
1103 675 1178 704 aufla
1188 677 1319 713 fignifica—
1383 677 1475 704 semita
1495 676 1523 702 in
1537 676 1658 710 tholum,
1676 677 1723 712 qui
1742 676 1777 702 est
1793 677 1862 705 vltra
1879 677 2008 704 rotundus
2023 678 2202 710 columnatus,
2223 683 2252 704 vt
2266 679 2302 705 est
2319 680 2348 708 in
2359 682 2417 712 aede
2428 674 2442 707 ἴ,

277 722 359 750 tione,
372 725 401 744 vt
414 718 517 750 Canus,
532 718 656 750 Incanus,
670 716 816 748 1nfra8ms,
834 715 985 748 munichis,
1002 716 1116 741 quuuto
1131 720 1175 739 etc.
1338 716 1363 743 15
1382 713 1489 745 Catuli,
1508 711 1526 738 fi
1545 721 1594 747 pro
1609 712 1755 747 parietibus
1773 712 1867 738 feceris
1887 713 2029 739 columnas.
2101 715 2138 741 Os
2152 713 2330 742 columnatum
2341 716 2442 748 Plauto

313 760 357 781 CO
370 760 384 780 L
394 760 413 779 V
423 760 448 780 Μ
459 760 510 780 NA
520 773 529 786 ,
552 762 591 780 ae.
628 753 725 787 [σήλῃ
750 751 841 785 ςύλος]
883 751 979 782 Trabs‚
993 759 1051 786 quac
1065 750 1187 775 columen
1202 745 1320 783 sistitur,
1382 749 1444 776 Mil,
1457 757 1483 779 2,
1498 756 1523 780 2,
1538 751 1578 782 56.
1598 751 1616 775 i.
1640 748 1741 775 brachio
1758 755 1876 784 tanquam
1892 750 2004 775 columna
2009 748 2145 785 subnifism.
2184 751 2277 786 Nempe
2294 744 2336 778 ita·
2347 749 2445 799 nugis,
2470 753 2474 759 '

278 798 294 816 a
309 799 356 825 quo
369 792 442 815 etiam
454 788 547 815 :littam
562 796 641 815 monet
659 789 765 815 Vitruu.
780 797 808 820 4,
821 796 836 814 2
855 793 877 813 et
890 787 987 814 Festus.
1023 782 1097 811 Roth
1115 784 1151 809 ibi
1170 781 1321 809 Philander:
1378 791 1421 812 tur
1435 785 1545 822 fiurra,
2341 786 2348 790 ⁷
2386 796 2403 821 μ’
2429 791 2441 825 ‘l

280 826 346 852 Nam
358 828 463 860 proprie
476 825 623 851 Columnae
630 824 693 858 fiant
707 821 874 855 arrestariae,
888 831 948 858 quae
962 820 1099 851 columen,
1108 818 1231 858 summum
1239 815 1321 854 sasti—
1477 819 1541 847 Ecce
1559 824 1648 846 autem
1661 818 1780 846 aedificat
1789 838 1798 852 ,
1812 817 1963 847 columnam
1980 825 2071 846 mento
2089 820 2196 847 suffislfit
2216 821 2273 848 suo.
2372 832 2413 860 ἐκ...
2429 828 2445 844 ,.,

275 863 343 898 giam
351 868 501 896 percurrens
514 863 627 896 tignum,
633 858 757 896 sustinent
771 865 818 885 etc.
853 857 949 885 Deinde
964 865 1021 882 vero
1030 875 1038 887 ,
1052 861 1081 880 ut
1086 854 1139 891 fit,
1154 854 1269 889 latissime
1282 864 1320 880 ex·
1478 856 1584 890 Apage,
1597 864 1650 881 non
1663 855 1746 890 placet
1759 854 1885 890 profecto‘
1895 855 1964 882 mihi
1984 856 2031 882 illa
2044 856 2232 884 inaedificatio.
2367 863 2371 869 “

276 903 316 923 ten
330 906 368 922 um
381 905 466 923 nomen
475 896 566 932 fulcra
579 898 675 929 omnia,
693 898 822 922 ornatiora
837 893 997 928 praesertim,
1012 898 1035 916 et
1047 891 1120 916 libere
1126 888 1227 923 stantia
1238 888 1320 927 figni·
1336 898 1372 917 20
1479 891 1550 918 Nam
1565 900 1594 917 os
1607 891 1786 918 columnatum
1799 892 1893 917 Po‘c'tae
1907 892 1956 918 effe
1974 891 2096 918 inaudiui
2108 891 2233 919 barbaro.

269 931 345 969 ficar.
381 933 478 969 Mag-na
491 938 555 968 pars
575 930 758 958 architec'tm-ac
775 929 958 956 columnarium
972 926 1098 962 partibus,
1110 926 1265 957 rationibus,
1283 925 1322 952 di·
1478 927 1554 961 Qoi
1572 927 1632 954 bini
1644 927 1762 954 custodes
1775 927 1876 961 semper
1895 928 1958 954 totis
1973 927 2047 954 horis
2064 928 2199 954 accubant.

277 966 482 1004 mensionibusque
495 975 518 994 et
547 967 729 1004 roportionihur
742 968 849 996 nititur,
863 971 935 998 quam
953 965 1054 997 exponit
1068 962 1136 989 Vitr.
1150 960 1226 988 libris
1238 970 1251 994 3
1265 967 1291 988 et
1304 970 1322 995 4
1420 968 1437 989 c
1446 968 1490 989 OL
1499 970 1519 989 v
1530 970 1553 989 M
1564 970 1585 990 Ν
1594 970 1642 990 AR
1653 970 1662 989 1
1672 971 1701 996 S,
1727 972 1749 989 e.
1787 962 1850 996 Adi.
1868 962 1926 990 Lux
1944 963 2022 990 Prud.
2042 964 2162 990 Hamart.
2180 965 2236 999 476
2253 971 2314 1001 quae
2326 962 2360 1002 Ifi
2369 971 2380 979 v·

276 1010 300 1030 et
311 1003 345 1030 ad
356 1013 408 1030 eum
421 1007 475 1031 viri
486 974 563 1030 αόἔὶ.
599 1004 678 1038 Qum
691 1004 739 1028 late
747 1006 835 1035 pateat
848 1006 947 1029 nomen,
966 997 1022 1024 inde
1036 1001 1109 1024 etiam
1127 1005 1246 1034 apparet,
1259 997 1324 1033 quod
1381 1003 1423 1025 tas
1441 1001 1469 1024 in
1487 998 1582 1034 deserto
1604 998 1686 1025 duxit.
2369 1018 2373 1024 .

276 1039 422 1067 Columnae
440 1039 558 1076 quaedam
577 1040 643 1065 nihil
655 1035 789 1073 stylinent,
802 1033 849 1068 nifi
861 1034 936 1070 forte
948 1032 1077 1067 statuam,
1090 1041 1134 1060 aut
1147 1034 1258 1074 globum,
1277 1040 1322 1060 aut
1419 1040 1463 1071 co
1472 1041 1489 1060 ι.
1498 1040 1519 1060 v
1528 1040 1615 1061 ΜΝΑ
1624 1042 1643 1061 R
1653 1042 1691 1061 ιν
1701 1041 1713 1061 s
1723 1053 1730 1066 ,
1750 1043 1782 1068 a,
1806 1043 1860 1060 um.
1899 1035 2003 1069 Proprie
2020 1032 2179 1061 Adieftiuum
2192 1032 2240 1069 est,
2254 1034 2304 1072 fid
2319 1037 2367 1063 viu

276 1085 305 1102 ex
319 1084 344 1102 eo
355 1085 442 1112 genere
453 1075 557 1111 aliquid.
596 1074 670 1100 Talia
677 1072 738 1108 sant
751 1068 884 1105 magnifica
896 1071 941 1096 illa
956 1077 1028 1105 opera
1041 1069 1157 1096 Traiani
1172 1077 1195 1096 et
1208 1069 1320 1096 Antoni·
1336 1076 1368 1102 ας
1382 1076 1438 1102 ter,
1459 1079 1530 1106 quam
1537 1069 1692 1106 ficbstantt'ue
1699 1069 1805 1106 pofitum
1817 1069 1895 1096 hodie·
1901 1073 2039 1097 inuenitur.
2076 1072 2169 1106 Nempe
2420 1092 2433 1098 .,

275 1111 321 1144 ni,
340 1120 400 1147 quae
418 1111 504 1137 bonam
518 1116 616 1146 partem
631 1107 765 1144 fhptrgl'unt
784 1100 870 1138 bodie,
889 1109 950 1132 totis
969 1106 1139 1133 Volumimbus
1157 1106 1295 1141 descriptae
1307 1114 1324 1131 a
1423 1112 1440 1132 C
1452 1114 1471 1133 ο
1482 1113 1560 1133 LVM
1570 1113 1650 1133 NAR
1661 1113 1706 1139 11,
1726 1108 1835 1142 Quorum
1855 1106 1960 1133 Caelius
1977 1106 2010 1133 ad
2022 1106 2078 1134 Cic.
2093 1107 2164 1133 Fam.
2179 1111 2202 1139 8,
2215 1114 2232 1139 9
2245 1111 2310 1133 ‘’m'-
2326 1113 2371 1133 mk
2395 1107 2407 1143 ’ζ

274 1150 343 1174 viris
355 1145 509 1177 dob‘liffimis.
571 1144 646 1170 Tales
667 1145 819 1178 antiquiores
840 1143 914 1174 illae,
931 1141 1051 1168 Rostrata
1062 1160 1069 1174 ,
1084 1144 1187 1178 itemque
1206 1141 1321 1168 Maenia.
1384 1151 1438 1168 nem
1451 1141 1539 1178 facit,
1547 1142 1610 1178 fiint
1629 1142 1738 1169 homines
1752 1143 1815 1168 viles
1828 1148 1852 1168 et
1865 1144 1997 1175 contemti,
2015 1152 2031 1169 a
2045 1142 2168 1169 columna
2180 1142 2286 1169 Maenia
2299 1144 2336 1168 ita

275 1177 520 1217 Moristrofhe'autem
529 1185 606 1213 paene
618 1180 689 1212 illae,
718 1188 761 1205 uae
773 1177 896 1204 Herculis
910 1177 1037 1209 dicmztur,
1050 1177 1078 1203 de
1091 1178 1178 1214 quibus
1185 1177 1267 1213 solum
1280 1186 1323 1203 au-
1384 1177 1419 1203 ad
1441 1187 1512 1213 quam
1535 1178 1705 1205 obaeratorum
1725 1178 1810 1214 caufiu
1832 1177 1976 1214 agebantur.
2018 1178 2076 1205 Vid.
2104 1185 2130 1205 M
2139 1185 2187 1206 ΑΕ
2197 1184 2220 1203 N
2229 1185 2271 1205 ΙΛ
2299 1177 2358 1205 colo
2370 1183 2400 1208 εἶ’,
2438 1185 2439 1191 ’

275 1218 371 1244 diamur
382 1217 479 1243 Melam
495 1225 515 1248 ι,
528 1223 540 1248 ς
560 1214 663 1242 Deinde
677 1189 715 1241 esi
726 1222 802 1240 mons
816 1213 998 1248 p1·aealtuS,ei‚
1014 1223 1094 1248 quem
1108 1223 1139 1240 ex
1152 1212 1263 1239 aduerso
1271 1213 1321 1239 Hi·
1385 1214 1437 1249 Qi
1456 1213 1598 1240 Colouarii
1616 1215 1702 1250 legunt
1724 1215 1839 1240 certatim
1861 1216 2011 1240 reiiciuntur
2032 1223 2047 1241 a
2065 1217 2132 1241 viris
2149 1213 2232 1240 doctis
2247 1212 2282 1241 ad
2299 1214 2317 1240 l.
2329 1223 2352 1241 c.

275 1254 362 1288 spania
375 1252 489 1284 attollit,
501 1251 631 1278 obieclus.
666 1251 744 1277 Hunc
763 1249 892 1282 Abylam‚
906 1249 984 1275 illum
997 1250 1095 1284 Calpen
1116 1254 1226 1281 vocant,
1241 1249 1322 1276 Colu-
1335 1255 1368 1280 3ο
1384 1249 1471 1285 Lo'ens
1487 1250 1612 1285 Epiphyll.
1626 1256 1651 1282 8,
1663 1259 1693 1284 19
1712 1252 1893 1284 interpretatur
1907 1250 2076 1277 Colunmarii
2096 1248 2233 1277 exaHares.
2267 1250 2360 1286 Nempe

274 1298 346 1315 mnas
360 1288 483 1315 Herculis
503 1293 655 1322 vti-umque.
692 1285 773 1312 Addit
795 1286 864 1312 fama
884 1286 1002 1312 nominis
1023 1285 1157 1318 fabulam,
1177 1285 1322 1311 Herculem
1422 1291 1440 1312 c
1451 1292 1589 1312 OLVMN
1600 1292 1733 1312 ARlVM
1762 1285 1894 1312 Tributum
1914 1284 1947 1319 est
1968 1285 2105 1322 impositum
2118 1287 2184 1323 lege,
2197 1289 2227 1313 vt
2239 1285 2348 1318 videtur,
2375 1283 2384 1292 ²
2401 1289 2409 1316 ζ’
2435 1279 2447 1313 T.

274 1324 358 1360 ipsum
371 1323 475 1350 iunctos
488 1323 554 1349 olim
569 1328 696 1358 perpetuo
708 1322 772 1356 iugo
787 1321 918 1348 diremisse
933 1321 1022 1354 colles,
1043 1327 1121 1356 atque
1136 1321 1173 1348 ita
1186 1321 1321 1347 exclusum
1381 1320 1522 1357 sitmtuaria
1543 1324 1570 1348 in
1588 1323 1713 1348 columnas
1729 1320 1860 1354 domuum,
1880 1330 1940 1358 quae
1957 1331 2041 1348 recenr
2054 1321 2261 1358 aedificarmtur,
2279 1324 2362 1358 reprin
2460 1318 2462 1324 ¹

273 1366 349 1387 antea
366 1360 437 1386 mole
451 1359 583 1386 montium
596 1359 731 1385 Oceanum
745 1358 776 1384 ad
791 1366 859 1393 quae
873 1366 942 1383 nunc
956 1357 1067 1384 inundat
1084 1356 1230 1384 admissum.
1275 1355 1323 1384 Sed
1384 1358 1458 1383 luxus
1479 1360 1507 1383 in
1521 1357 1675 1393 aedificando
1690 1357 1773 1393 causa.
1809 1358 1847 1384 De
1860 1357 1905 1384 hoc
1922 1357 1980 1384 Cic.
1992 1359 2046 1384 Att.
2064 1366 2096 1390 13,
2110 1360 2127 1385 6
2139 1366 2179 1392 pr.
2213 1358 2253 1384 De
2265 1357 2364 1393 aquaed

272 1396 331 1423 haec
345 1397 461 1432 analogia
480 1395 585 1431 quadam
600 1394 782 1421 columnarum
795 1403 880 1420 nomen
898 1393 996 1420 habent.
1172 1390 1193 1430 fl
1213 1401 1229 1420 2
1267 1394 1322 1419 Iam
1385 1391 1470 1428 probe
1483 1392 1578 1419 fecisti.
1613 1392 1817 1420 Columnarium
1830 1392 1893 1419 vide
1911 1402 1945 1420 an
1957 1393 2060 1420 nullum
2074 1393 2224 1420 debeamus.
2261 1395 2397 1429 Qlamqgssj*

266 1431 442 1468 persiqaamur
461 1431 606 1458 Columnas
623 1433 726 1466 proprie
747 1428 830 1456 dit-*las
844 1447 852 1461 ,
878 1438 937 1465 quae
957 1427 1137 1463 templorum,
1156 1429 1319 1463 porticuum,
1338 1431 1367 1457 33
1384 1428 1454 1455 mihi
1472 1429 1568 1456 videor
1586 1429 1683 1455 audiss’e
1700 1438 1715 1456 a
1735 1428 1867 1461 Camillo,
1892 1435 2081 1456 commutatam
2101 1430 2150 1457 effe
2169 1429 2262 1464 legem.
2299 1427 2384 1458 Obtet¹

272 1467 400 1495 domuum
414 1465 481 1493 tce‘la
494 1465 627 1503 sustinent.
665 1467 751 1492 Varro
765 1464 796 1492 de
810 1466 841 1492 R.
856 1465 886 1492 R.
901 1473 923 1497 3,
938 1472 959 1498 ς,
975 1474 997 1491 ιι
1018 1467 1046 1490 in
1065 1464 1229 1499 descriptione
1244 1466 1321 1491 Orni-
1383 1465 1448 1492 hanc
1460 1466 1535 1501 legem
1550 1463 1593 1497 este
1605 1464 1639 1491 ad
1646 1466 1816 1500 prouincialer
1828 1465 1956 1492 vexandos
1962 1464 2044 1499 fimile
2056 1472 2121 1492 certe
2133 1465 2163 1492 ab
2174 1468 2304 1502 iis-quoque
2317 1466 2371 1493 exat
2385 1467 2388 1480 ³
2455 1483 2457 1487 .

272 1503 372 1535 thanis,
392 1504 422 1529 In
435 1502 562 1528 lateribus
584 1501 674 1528 dextra
694 1507 719 1528 et
740 1501 840 1527 finistra
859 1501 976 1535 porticus
990 1499 1048 1527 sunt
1061 1498 1226 1534 primoribus
1247 1500 1319 1526 colu·
1383 1501 1506 1527 tribulum
1521 1499 1564 1534 este
1577 1499 1646 1526 docet
1664 1501 1736 1527 Caes.
1750 1501 1814 1528 Bell.
1829 1501 1911 1528 Ciuil.
1926 1510 1950 1534 3,
1964 1509 1995 1534 32
2020 1501 2132 1528 Interim
2144 1498 2399 1537 acerbiffim'erimp
2426 1508 2438 1531 1,

273 1539 342 1566 mnis
355 1538 465 1573 lapideis
480 1537 645 1564 intermediis
657 1536 802 1563 arbusculis
816 1535 965 1562 humilibus
985 1535 1137 1569 ordinatae,
1151 1545 1211 1563 cum
1225 1544 1238 1561 a
1252 1537 1320 1562 sum-
1383 1543 1424 1563 tae
1438 1537 1566 1571 pecuniae
1584 1541 1641 1563 tota
1654 1537 1794 1571 prouincia
1812 1536 1994 1571 exigebantur.
2040 1537 2126 1564 Multa
2137 1543 2272 1572 praetcrea
2285 1531 2440 1572 generafiim·

272 1584 314 1601 ma
329 1574 442 1601 macerie
454 1573 487 1600 ad
501 1573 657 1608 Epistylium
671 1571 740 1599 tcfila
753 1572 869 1606 porticus
883 1571 913 1598 sit
927 1578 983 1599 rete
996 1572 1157 1605 cannabina,
1172 1578 1197 1599 et
1210 1571 1243 1598 ab
1259 1572 1319 1606 Epi.
1383 1572 1416 1598 ad
1430 1572 1571 1599 auaritiam
1592 1571 1810 1606 excogitabantur
1823 1573 2013 1605 Colmnmria,
2026 1572 2152 1606 ostiaria,
2166 1571 2346 1606 frumentum,
2356 1571 2432 1604 mili-l

271 1610 350 1644 stylio
365 1610 396 1636 ad
410 1609 572 1642 Stylobaten.
607 1623 653 1628 —
688 1609 760 1634 Intra
773 1606 842 1634 tholi
855 1607 991 1634 columnas
1005 1608 1150 1634 exteriores
1164 1607 1278 1643 lapideas
1293 1613 1319 1634 et
1331 1618 1369 1644 40
1384 1614 1432 1641 tes,
1446 1608 1570 1642 remiges,
1584 1616 1665 1641 arma,
1680 1613 1821 1639 tormenta,
1830 1608 1955 1635 vecturae
1968 1608 2175 1643 imperabantur.
2252 1626 2257 1629 »
2309 1605 2332 1648 q
2343 1617 2356 1636 2
2368 1602 2432 1641 siml

271 1645 384 1674 totidem
398 1645 585 1684 interioreslex
604 1642 691 1669 abiete
704 1649 795 1669 tenues
808 1643 882 1670 locus
903 1643 939 1670 est
958 1658 1004 1664 ——-
1027 1643 1122 1670 Subter
1135 1644 1319 1676 columnarum
1382 1644 1605 1676 Columnarium,
1638 1643 1686 1680 uod
1704 1644 1791 1671 laudat
1813 1644 1903 1671 Barth.
1926 1645 2077 1672 Barrientus
2093 1647 2188 1672 Annot.
2199 1655 2214 1680 5
2232 1653 2261 1671 ex
2279 1643 2297 1670 l.
2309 1652 2336 1672 21

271 1681 419 1714 stylobaten
438 1680 474 1707 est
494 1680 560 1715 lapis
579 1685 625 1704 etc.
680 1680 773 1713 Nempe
788 1678 913 1704 columna
933 1682 1027 1706 nititur
1047 1679 1197 1712 Stylobate,
1212 1676 1326 1716 Jifiiviet'
1381 1680 1457 1706 Auro
1471 1680 1534 1713 Arg.
1547 1688 1611 1705 mun
1631 1688 1663 1706 o,
1682 1687 1706 1706 et
1724 1683 1905 1715 interpretatur
1923 1689 1970 1706 vas
1988 1681 2112 1707 columnae
2123 1680 2313 1715 similitudinem
2414 1688 2439 1713 ,ι’

270 1716 428 1752 epistylium
443 1722 489 1743 etc.
560 1714 677 1742 Albanae
698 1713 836 1753 columnae
859 1713 991 1747 Qtincfil.
1014 1722 1042 1747 ς,
1060 1724 1095 1748 ι3,
1115 1725 1152 1748 40
1179 1725 1208 1741 ex
1221 1715 1320 1742 Albano
1381 1717 1409 1741 in
1437 1717 1539 1751 optimis
1566 1714 1699 1749 quibusque
1724 1716 1800 1742 libris
1824 1714 1858 1748 est
1880 1715 1978 1742 Colum
2011 1716 2157 1743 niuarium.
2197 1715 2256 1743 Vid.
2285 1720 2429 1752 cotvpfiae

270 1759 351 1780 monte
363 1752 453 1788 caesae,
466 1751 539 1784 viles,
546 1753 665 1787 exiguae,
678 1753 766 1785 quippe
780 1748 894 1789 Clitellis
908 1754 1070 1784 apportatae.
1105 1751 1224 1777 Martial.
1241 1758 1319 1783 12‚50
1381 1747 1402 1786 fi
1425 1757 1438 1782 3
1476 1749 1681 1776 Columnarium
1701 1754 1775 1776 etiam
1788 1750 1851 1786 fiant
1868 1755 1912 1786 qui
1928 1751 2043 1779 tribuant
2066 1753 2199 1785 Vitruuio,
2219 1751 2273 1779 vid.
2293 1754 2426 1780 corum

270 1789 302 1817 Et
315 1795 359 1815 tua
372 1787 488 1814 centenis
503 1787 550 1813 stat
562 1785 681 1821 porticus
695 1785 746 1812 alta
768 1785 910 1811 columnis.
980 1785 1110 1811 Immanes
1124 1785 1259 1811 columnas
1274 1795 1318 1812 ru·
1334 1788 1368 1816 45
1381 1792 1477 1812 leR
1486 1792 1525 1812 lv
1534 1792 1568 1811 M.
2275 1788 2279 1793 “
2364 1807 2367 1810 ,

270 1824 348 1860 pibus
369 1824 490 1852 excidere
505 1824 580 1858 Virg.
596 1823 660 1849 Aen.
677 1830 698 1854 1,
712 1829 771 1855 432.
842 1821 1011 1847 Marmoreae
1030 1821 1087 1847 Cic.
1104 1829 1154 1855 pro
1168 1821 1257 1847 Domo
1276 1822 1318 1846 62.
1423 1828 1468 1848 co
1479 1827 1495 1846 L
1506 1826 1560 1847 VM
1570 1827 1671 1847 NATI
1681 1826 1701 1847 o
1716 1839 1725 1852 ,
1750 1819 1818 1846 onis.
1856 1819 1877 1846 f.
1912 1819 2054 1855 [ς-όλωσις]
2090 1823 2261 1850 Columnarum
2286 1818 2439 1856 exstrufilioa

271 1860 392 1892 Maenia,
410 1870 436 1887 υ.
450 1860 476 1887 h.
496 1868 521 1885 υ.
594 1856 711 1885 Nobiles
730 1855 813 1884 variis
833 1856 942 1883 maculis
961 1856 1101 1883 columnae
1125 1856 1183 1882 Sen.
1203 1855 1317 1888 Thyest.
1386 1855 1462 1890 Apul.
1476 1855 1577 1882 Florid.
1595 1865 1620 1890 p.
1641 1864 1687 1888 359
1714 1855 1787 1888 Quid
1806 1855 1889 1889 igitur
1908 1856 2022 1890 superest
2035 1856 2067 1883 ad
2085 1857 2182 1884 statuae
2196 1866 2270 1885 meae
2288 1858 2439 1886 honoriam

271 1900 308 1931 64
342 1906 353 1923 e
369 1905 489 1923 marmore
500 1897 581 1922 vario.
653 1895 803 1928 Purpureae
823 1892 917 1919 Claud.
940 1892 969 1918 in
984 1891 1053 1918 Ruff.
1072 1900 1097 1921 2,
1116 1899 1164 1925 135.
1235 1890 1318 1918 Ouid.
1383 1892 1531 1927 pauimenti
1544 1891 1736 1917 marmoratio?
1754 1891 1886 1925 proscenii
1898 1891 2095 1919 contabulatio?
2108 1893 2198 1919 scenae
2212 1893 2376 1921 columnatio
2385 1887 2423 1921 3'¹

271 1904 338 1960 Fasi.
353 1941 375 1965 3,
387 1940 435 1966 529
464 1932 525 1958 Pars
545 1930 593 1957 vbi
614 1939 662 1965 pro
675 1929 779 1964 Rigidis
798 1926 912 1956 calamos
930 1928 1044 1955 statuere
1058 1927 1187 1954 columnis
1201 1927 1321 1961 Desuper
1421 1933 1438 1954 c
1450 1933 1585 1954 OLVMN
1595 1926 1609 1953 f
1618 1932 1704 1958 FER,
1721 1928 1782 1957 era,
1803 1928 1888 1952 erum.
1910 1927 1971 1953 Adi.
1999 1927 2121 1955 Prudent.
2141 1928 2282 1963 Peristeph.
2302 1937 2325 1961 3,
2339 1937 2371 1962 52
2389 1927 2423 1956 Si·

270 1974 387 1995 extentas
400 1967 549 2002 imposuere
565 1972 648 2001 togas.
715 1964 835 1992 Rostrata
853 1965 975 1991 columna
985 1985 992 1997 ‚
1009 1962 1100 1998 restris
1117 1966 1217 1990 nauium
1235 1962 1322 1998 affixis
1340 1967 1374 1994 50
1386 1962 1483 1990 habuit
1497 1963 1622 1998 generosa
1635 1969 1740 1998 patrum
1746 1961 1845 1988 Turba
1857 1960 2064 1990 columniferum
2076 1964 2228 1998 radium‚de
2240 1965 2353 1992 columna
2363 1963 2422 1991 duc·

272 2010 377 2036 ornata,
397 2004 479 2039 qualis
493 2002 552 2037 fuit
573 2011 623 2028 non
648 2000 717 2028 modo
734 2004 838 2036 antiqua
856 2002 901 2027 illa
916 2000 1029 2032 Duillii,
1049 1999 1078 2026 de
1101 2008 1149 2036 qua
1171 1999 1238 2026 Plin.
1250 2008 1294 2034 34,
1308 2005 1321 2032 ς
1384 1999 1490 2036 Ifrab'lis
1501 2002 1528 2025 in
1543 1999 1645 2035 deserto.

271 2046 391 2075 quamque
407 2039 533 2073 peculiari
555 2038 636 2063 libello
657 2035 798 2069 illustrauit
816 2037 977 2068 ciacconius,
1003 2043 1076 2071 atque
1095 2035 1152 2062 inde
1169 2038 1323 2071 repetierunt
1421 2041 1466 2062 co
1477 2041 1592 2067 LVRl,
1610 2042 1698 2060 orum.
1733 2031 1854 2061 Macrob.
1873 2032 1902 2059 in
1919 2033 2008 2059 Somn.
2021 2033 2088 2068 Scip.
2104 2042 2125 2066 1,
2139 2038 2163 2066 ις
2189 2035 2295 2061 Praeter
2309 2033 2362 2060 hos
2382 2035 2425 2061 cin

273 2076 411 2106 Gratuius,
426 2074 533 2109 Begerus
545 2078 568 2097 et
580 2070 709 2098 Duckerus
721 2071 755 2097 ad
768 2071 839 2098 Flor.
854 2080 878 2103 2,
892 2080 914 2097 2.
949 2071 997 2099 Sed
1009 2073 1114 2098 aliorum
1128 2073 1213 2104 etiam,
1227 2077 1256 2097 vt
1269 2072 1323 2098 Au·
1385 2072 1452 2098 culos
1465 2070 1512 2097 alii
1526 2070 1580 2097 duo
1594 2070 1652 2096 sunt
1671 2068 1773 2102 coluri,
1793 2069 1892 2104 quibus
1908 2078 2007 2096 nomen
2027 2068 2101 2095 dedit
2119 2069 2274 2103 imperfed'ta
2286 2076 2380 2100 conue-
2393 2082 2396 2091 ·
2410 2082 2413 2091 ·
2431 2086 2433 2093 1

271 2108 339 2146 gusti
356 2113 383 2135 in
398 2119 479 2134 numu<
493 2107 572 2134 adhuc
589 2106 736 2142 conspicua,
751 2112 781 2131 vt
795 2106 901 2137 Galbae,
920 2105 949 2130 de
963 2115 1010 2141 qua
1021 2106 1129 2132 Sueton.
1143 2113 1209 2132 extr.
1245 2106 1322 2132 Sena·
1386 2106 1542 2133 Ambientes
1568 2106 1641 2132 enim
1666 2104 1899 2140 septentrionalem
1922 2106 2068 2137 verticem,
2094 2110 2172 2140 atque
2197 2104 2260 2131 inde
2280 2104 2310 2130 in
2329 2103 2356 2130 di
2383 2111 2403 2139 ξι
2425 2099 2433 2134 ’ζ

272 2153 324 2178 tus,
344 2152 372 2171 vt
385 2147 502 2179 primum
514 2143 618 2169 licitum
631 2142 692 2173 fuit,
706 2141 816 2167 statuam
829 2140 854 2167 ei
869 2140 1030 2172 decreuerat,
1043 2140 1169 2166 rostratae
1182 2140 1323 2166 columnae
1340 2141 1370 2168 55·
1386 2141 1494 2175 (versus
1510 2140 1661 2174 meridiem)
1679 2140 1783 2173 diffusi,
1795 2146 1822 2167 et
1841 2142 1867 2167 se
1881 2141 1910 2167 in
1928 2142 2032 2168 summo
2050 2141 2099 2175 (in
2118 2141 2171 2177 ipso
2180 2141 2238 2176 polo
2256 2137 2353 2167 arffico
2401 2141 2410 2148 ’“
2432 2163 2433 2174 ,

272 2181 459 2216 superstantem
471 2179 499 2205 in
513 2183 585 2212 parte
600 2178 672 2208 fori,
693 2185 745 2211 qua
759 2176 902 2203 trucidatus
917 2175 961 2202 est.
1016 2174 1147 2202 Sublimes
1162 2175 1243 2202 Ouid.
1256 2175 1323 2201 Met.
1387 2176 1514 2203 tersecant
1533 2175 1590 2209 (ad
1601 2176 1705 2211 angulos
1718 2174 1822 2210 refios)
1835 2181 1862 2202 et
1875 2177 1996 2211 quinque
2011 2176 2150 2212 parallelos
2168 2177 2197 2202 in
2219 2181 2353 2211 quaterna
2370 2194 2371 2200 .
2407 2175 2409 2178 ⁴

274 2226 297 2250 2,
312 2226 330 2243 1.
402 2216 472 2242 Suet.
487 2215 559 2241 Caes.
574 2222 595 2239 c.
610 2219 637 2242 85
669 2211 786 2238 Solidam
804 2210 955 2237 columnam
968 2219 1050 2245 prope
1062 2211 1163 2245 viginti
1176 2210 1274 2245 pedum
1286 2210 1323 2237 la·
1385 2216 1425 2237 ten
1444 2210 1591 2246 aequaliter
1611 2209 1752 2243 diuidunt‚
1773 2210 1920 2238 Zodiacum
1940 2213 1979 2239 ita
1999 2213 2201 2244 intersecantes,
2214 2218 2244 2238 vt
2258 2220 2326 2238 vnus
2346 2228 2351 2230 --

272 2252 342 2288 pidis
360 2250 500 2278 Numidici
514 2250 542 2276 in
555 2248 618 2275 foro
632 2247 721 2274 statuit
731 2247 799 2281 plebs
807 2248 876 2273 Rom.
891 2247 1044 2281 scripsitque
1064 2253 1079 2272 P
1088 2253 1109 2273 A
1118 2253 1138 2273 R
1147 2252 1194 2273 EN
1203 2253 1224 2273 'r
1234 2254 1244 2272 1
1266 2253 1281 2272 P
1290 2252 1323 2272 A·
1386 2247 1508 2281 (colurus
1522 2245 1755 2283 aequinoctiorum)
1775 2255 1823 2281 per
1834 2247 1946 2274 arietem
1966 2253 1999 2274 et
2011 2246 2123 2280 libram,
2136 2247 2204 2274 alter
2223 2246 2348 2282 (ςοζβὶη
2404 2266 2406 2272 ,

272 2295 372 2316 TRtA
379 2295 405 2314 E.
475 2286 604 2312 Truncae
624 2283 698 2310 Iouis
710 2281 846 2308 fimulacra
865 2281 1003 2308 columnae
1024 2281 1111 2308 Valer.
1126 2281 1208 2308 Flacc.
1222 2283 1322 2316 Argon.
1386 2291 1433 2318 per
1447 2291 1570 2309 cancrum
1583 2288 1663 2317 atque
1680 2283 1863 2317 capricornum
1883 2283 1996 2310 meando
2011 2283 2142 2310 decurrat.
2177 2283 2226 2310 Sed
2245 2283 2277 2310 ad
2296 2285 2359 2310 au¹·
2432 2283 2433 2286 ’

273 2328 298 2357 6,
313 2332 350 2357 9ι.
406 2322 489 2349 Vastis
504 2321 596 2347 innixa
608 2319 739 2346 columnis
753 2317 850 2353 templa
870 2317 953 2344 Ouid.
965 2324 998 2344 ex
1011 2317 1086 2343 Pont.
1100 2325 1124 2349 3,
1140 2325 1163 2349 2,
1178 2325 1222 2351 49.
1271 2317 1322 2343 Co·
1333 2319 1370 2343 60
1386 2319 1515 2346 verticem
1536 2319 1639 2354 (polum
1658 2316 1849 2353 antarHicum)
1869 2328 1924 2345 non
1943 2320 2085 2355 peruenire
2104 2318 2264 2352 creduntur,
2288 2321 2307 2345 i.
2331 2317 2369 2346 iba*
2410 2332 2412 2334 ·

274 2359 371 2388 lumuis
391 2358 491 2385 tectum
512 2356 625 2384 sublime
640 2355 716 2389 Virg.
733 2355 797 2381 Aen.
817 2361 843 2388 7,
863 2361 919 2388 170.
989 2354 1028 2379 De
1049 2351 1182 2378 columnis
1195 2351 1324 2387 plusculas
1386 2355 1564 2390 obstruantur,
1583 2360 1628 2380 aut
1640 2353 1674 2380 ad
1686 2353 1849 2381 dimetiendas
1861 2356 1921 2383 illas
1936 2357 1999 2382 caeli
2005 2362 2110 2391 partes,
2127 2358 2216 2391 quippe
2229 2355 2300 2382 uobis
2310 2363 2352 2382 um

267 2396 397 2433 formulas
412 2392 574 2431 suppeditare
591 2389 672 2428 potest
694 2390 751 2417 Cic.
767 2391 843 2416 Verr.
856 2398 876 2422 ι,
892 2397 932 2422 ι33
952 2397 974 2416 c.
988 2398 1013 2422 51
1026 2389 1082 2423 sqq.
1101 2394 1185 2423 nempe
1205 2388 1246 2414 Ad
1265 2396 1324 2422 per·
1388 2389 1545 2424 conspicuas,
1563 2389 1728 2424 adhibentur,
1747 2389 1775 2416 ob
1789 2398 1861 2426 quam
1873 2391 1971 2427 causam
1984 2394 2060 2418 etiam
2079 2391 2192 2427 κόλεροι,
2212 2393 2231 2417 i.
2249 2396 2352 2418 truncat
2367 2394 2382 2418 ⁴.
2416 2417 2418 2424 ,

275 2431 445 2467 pendiculum
458 2431 565 2464 exigere
601 2442 646 2447 ——
681 2425 792 2453 Nullam
809 2426 857 2452 effe
872 2425 1039 2457 columnam,
1053 2432 1120 2458 quae
1137 2422 1171 2450 ad
1184 2423 1325 2458 perpendi·
1387 2424 1420 2450 da
1431 2425 1456 2460 s.
1471 2431 1580 2451 extrema
1593 2425 1636 2460 sui
1643 2431 1719 2461 parte
1738 2432 1869 2452 vocantur.
2109 2434 2123 2452 2
2159 2426 2256 2453 Coluri
2272 2426 2359 2462 verficr
2384 2447 2386 2452 ,

275 2468 364 2494 culum
376 2467 424 2493 esse
438 2465 519 2500 poffit.
556 2473 582 2490 n.
598 2469 643 2496 143
658 2471 679 2489 c.
693 2470 720 2495 55
747 2463 846 2489 Omnes
859 2461 921 2487 illae
935 2460 1091 2492 columnae,
1109 2468 1173 2494 quas
1191 2459 1325 2486 dealbatas
1386 2459 1454 2496 apud
1464 2461 1661 2492 Grammaticos,
1678 2463 1721 2496 qui
1733 2464 1762 2487 in
1767 2460 1822 2497 fine
1834 2460 1863 2487 de
1881 2463 1961 2487 ciunt.
1981 2469 2007 2487 v.
2020 2469 2046 2497 g.
2093 2461 2165 2487 otius
2177 2461 2210 2487 de
2222 2461 2315 2488 metris
2330 2470 2355 2496 p.
2384 2475 2390 2490 χ

275 2501 518 2536 vidctis,machiua
531 2499 647 2535 apposita
658 2498 731 2524 nulla
744 2498 860 2532 impensa
873 2496 992 2524 deiedbae
1001 2516 1009 2529 ,
1021 2496 1175 2531 eisdemque
1189 2493 1323 2530 lapidibus
1339 2491 1370 2523 63
1389 2495 1491 2532 Putfih.
1529 2495 1733 2522 Tetrametrum
1745 2496 1910 2523 trochaicum
1923 2495 2044 2523 colurum
2058 2496 2158 2529 brachy
2169 2496 2326 2523 catalesslum
2340 2497 2371 2523 fit
2388 2493 2406 2528 32

275 2539 403 2574 repositae
416 2538 483 2564 sunt.
519 2551 565 2556 —
600 2536 631 2562 In
645 2534 699 2561 illis
713 2534 843 2560 columnis
856 2532 917 2559 dico
931 2533 979 2560 ess'e
989 2552 999 2565 ,
1016 2541 1084 2567 quae
1100 2540 1115 2558 a
1130 2538 1178 2558 tuo
1190 2531 1323 2558 redemto·
1388 2531 1487 2564 modo,
1507 2539 1567 2558 cum
1581 2531 1679 2566 septem
1691 2530 1768 2566 pedes
1780 2531 1830 2558 soli
1844 2531 1975 2559 trochaici
1987 2533 2067 2559 metri
2080 2537 2233 2568 ponuntur,
2247 2541 2307 2559 cum
2321 2532 2389 2565 debe
2402 2544 2412 2561 g

275 2584 305 2603 re
318 2579 467 2601 commotae
480 2581 535 2598 non
547 2571 609 2598 fint:
649 2570 710 2597 dico
723 2571 771 2596 esse
780 2588 788 2602 ,
806 2578 838 2596 ex
852 2577 904 2604 qua
917 2574 1021 2596 tantum
1034 2567 1178 2594 tectorium
1191 2573 1266 2594 vetus
1279 2566 1324 2594 de·
1386 2567 1452 2604 poni
1470 2567 1543 2594 octo.
1854 2578 1860 2581 ·

275 2611 354 2638 litum
368 2609 414 2642 fit,
428 2614 454 2635 et
467 2617 567 2634 nouum
580 2605 728 2632 inductum.
763 2614 790 2632 n.
805 2613 853 2639 147
867 2614 888 2631 c.
901 2607 933 2638 36
960 2606 1056 2631 Vtrum
1067 2603 1222 2630 existimatis
1235 2603 1324 2630 minus
1422 2610 1439 2631 c
1449 2610 1468 2631 ο
1480 2608 1497 2629 1.
1508 2604 1557 2630 VR
1566 2610 1577 2636 ι
1586 2609 1609 2630 Α
1624 2620 1633 2636 ,
1656 2609 1745 2630 orum.
1772 2610 1799 2629 n.
1836 2599 1973 2637 [κελέριοι]
1988 2600 1991 2603 χ
2009 2602 2195 2630 Semicolumnia
2219 2601 2262 2637 effe
2288 2601 2386 2630 debent
2411 2629 2414 2632 ,

276 2646 364 2682 operis
381 2645 430 2671 ess'e
443 2652 523 2670 vnam
536 2642 685 2669 columnam
704 2640 807 2668 efficere
827 2641 860 2668 ab
873 2641 978 2675 integro
997 2649 1112 2672 nouam,
1137 2639 1213 2666 nullo
1237 2639 1325 2675 lapide
1387 2647 1439 2667 vna
1447 2645 1523 2675 parte
1537 2641 1564 2665 in
1575 2648 1675 2666 acumen
1687 2637 1828 2672 desinentia.
1874 2637 1965 2665 Sidon.
1977 2638 2056 2673 Epist.
2072 2647 2094 2671 2,
2108 2646 2124 2664 2.
2148 2638 2268 2665 Porticus
2287 2645 2377 2665 rotun
2395 2639 2418 2660 f*

275 2681 420 2713 rediuiuo‚
434 2688 467 2706 an
487 2684 602 2714 quatuor
624 2677 681 2704 illas
698 2685 828 2712 reponere
862 2691 909 2698 ·--
944 2675 1085 2703 Ostendam
1099 2676 1128 2702 in
1147 2674 1258 2702 aedibus
1271 2675 1374 2713 pri-‘70
1388 2675 1456 2702 fulta
1477 2674 1596 2701 coluriis.
1633 2675 1741 2710 Itemque
1761 2674 1957 2701 Medicamenta
1974 2673 2088 2701 rotunda
2105 2679 2131 2700 et
2150 2673 2275 2709 oblonga.
2305 2672 2364 2701 Vid.
2387 2702 2391 2704 ,
2422 2700 2423 2703 ,

276 2718 344 2745 vatis
363 2731 409 2737 -—-
429 2715 572 2742 Columnas
585 2712 694 2747 lingulas
708 2713 740 2739 ad
754 2712 916 2747 impluuimn
925 2732 933 2746 ,
957 2719 994 2740 Hs
1016 2711 1190 2747 quadragenis
1203 2711 1325 2738 millibus
1389 2712 1452 2738 mas.
1465 2709 1494 2738 in
1506 2709 1590 2737 Solin.
1604 2719 1629 2744 p.
1644 2715 1688 2741 182
1701 2716 1725 2737 et
1737 2711 1801 2744 649.
1838 2709 1886 2737 Sca
1897 2716 2028 2746 utrumque
2039 2711 2190 2746 explicamus
2203 2711 2232 2736 in
2246 2715 2359 2737 COLLY

277 2762 332 2782 non
343 2752 432 2779 minus
444 2759 549 2785 magnas
562 2749 668 2776 locatas.
713 2748 768 2775 Cic.
784 2750 821 2782 Q
832 2750 902 2776 Frat.
916 2757 939 2781 3,
952 2757 971 2780 ι,
983 2757 992 2774 ι
1022 2747 1166 2775 Columnas
1181 2756 1266 2782 neque
1283 2756 1324 2774 rc·
1426 2753 1496 2775 col.
1505 2752 1554 2773 VR
1563 2753 1614 2772 NV
1623 2752 1653 2779 S,
1679 2754 1711 2778 a,
1735 2753 1790 2772 um.
1828 2745 1887 2772 Adi.
1925 2744 2075 2781 [nfuuards,
2096 2745 2140 2772 vel
2161 2744 2343 2780 λεπτοκεφιῶδσ

279 2790 333 2817 &as
353 2796 439 2823 neque
457 2796 471 2813 e
491 2785 599 2821 regione
614 2783 740 2819 Diphilus
760 2784 910 2812 collocarat.
966 2784 1014 2812 Eas
1033 2783 1133 2810 scilicet
1151 2782 1325 2811 demolietur:
1389 2792 1464 2810 corno
1472 2781 1586 2819 fabium.
1609 2780 1716 2814 Festus,
1731 2780 1849 2808 colurna
1867 2781 1989 2814 hastilia,
2002 2789 2036 2808 ex
2055 2790 2139 2808 corno
2157 2781 2254 2808 arbore
2268 2780 2351 2808 facta:

277 2824 422 2860 aliquando
441 2820 632 2857 perpendiculo
650 2825 676 2847 et
697 2819 767 2846 linea
786 2819 866 2846 discet
883 2818 933 2847 vti.
1005 2819 1101 2846 Effulta
1114 2819 1244 2846 columnis
1257 2819 1325 2846 atria
1388 2819 1450 2846 vius
1468 2825 1548 2845 autem
1561 2826 1575 2844 a
1589 2817 1691 2850 Cot-ylo
1706 2816 1823 2844 deducere
1839 2818 1936 2844 mauult
1954 2820 1982 2843 in
1996 2817 2070 2852 Virg.
2086 2817 2183 2852 Georg.
2198 2826 2221 2851 2,
2239 2819 2289 2850 396
2313 2816 2342 2844 Pi

279 2861 373 2889 Claud.
389 2860 418 2886 in
432 2858 502 2886 Ruff.
523 2866 547 2890 2,
569 2863 617 2890 135.
690 2856 825 2883 Exsecrata
844 2856 966 2882 columna
987 2856 1044 2882 Cic.
1061 2854 1176 2890 Philipp.
1196 2864 1221 2887 1,
1237 2863 1250 2889 5
1269 2864 1291 2882 c.
1308 2862 1324 2882 2
1342 2859 1375 2889 75
1389 2862 1441 2891 que
1455 2854 1484 2881 in
1496 2853 1613 2881 verubus
1634 2852 1796 2880 torrebimus
1815 2859 1875 2880 exta
1887 2852 2013 2880 colui-nis.
2049 2853 2121 2887 Quia
2139 2853 2203 2880 licut
2215 2853 2296 2879 etiam
2307 2861 2347 2879 ca·
2371 2880 2374 2882 ,

279 2897 308 2924 de
321 2897 375 2929 illa,
391 2905 463 2932 quam
475 2894 576 2931 Caefizri
582 2890 688 2928 positam
704 2901 720 2918 a
726 2890 797 2927 plebe
810 2890 879 2917 modo
890 2899 901 2917 e
915 2891 1023 2918 Sueton.
1032 2892 1104 2918 Caes.
1113 2896 1168 2925 αῖς
1181 2893 1325 2917 memoraui-
1390 2890 1462 2918 tibus
1474 2890 1510 2917 est
1523 2889 1666 2922 inimicus,
1685 2888 1722 2915 ita
1737 2889 1775 2916 eis
1786 2894 1866 2915 nocet
1879 2895 1904 2916 et
1917 2889 2030 2922 corylus.
2065 2888 2141 2915 Vnde
2156 2894 2182 2916 et
2195 2888 2234 2916 ait
2247 2889 2340 2923 supra,
2364 2904 2366 2906 -

278 2942 342 2961 mus.
414 2931 536 2958 inaurata
548 2926 725 2960 extrinsecus,
744 2926 799 2954 vid.
820 2933 861 2953 1N
870 2933 920 2954 AV
929 2932 987 2954 Ro.
1060 2928 1199 2954 Incurrere
1211 2926 1241 2953 in
1254 2926 1325 2953 colu-
1391 2927 1462 2954 inter
1475 2926 1543 2952 vites
1555 2925 1675 2958 corylum
1689 2925 1752 2951 sere.
1789 2926 1876 2951 Priori
1896 2932 1978 2952 tamen
1995 2926 2092 2952 rationi
2101 2924 2180 2961 fauet
2194 2926 2253 2952 Vet.
2274 2923 2352 2952 Gloss-

279 2976 353 2996 mnas
367 2966 422 2994 Cic.
437 2966 466 2993 in
472 2966 546 2993 Orat.
561 2972 612 2998 224
625 2972 647 2991 c.
661 2965 696 2999 67
716 2963 821 2990 amentis
833 2960 876 2996 effe
889 2961 995 2994 dicitur,
1007 2968 1030 2989 et
1042 2963 1114 2990 habet
1126 2965 1178 2989 vim
1186 2962 1326 2998 prouerbii.
1389 2963 1444 2995 rint,
1462 2959 1561 2997 δένδρον,
1575 2961 1724 2988 Colurnum
1733 2979 1742 2994 ,
1756 2968 1860 2987 cornus.
2160 2964 2164 2968 ⁴

278 3003 440 3038 Insculptum
453 3002 483 3029 in
500 3001 640 3032 columna,
659 2998 715 3026 vid.
735 3004 899 3026 INSCVLPO.
969 2996 1110 3026 Occultare
1126 2999 1153 3026 se
1172 2999 1241 3025 circa
1254 2997 1326 3025 colu·
1428 2993 1570 3031 chvs,
1591 2997 1610 3024 i.
1639 2997 1659 3023 f.
1683 2998 1724 3024 uel
1745 3002 1887 3028 COLVS,
1911 2993 1950 3023 sis.
1985 2993 2139 3030 [ἠλακάτη]
2174 2993 2366 3029 Instrummmr
2414 3016 2416 3018 ,

280 3049 353 3068 mnas
368 3038 473 3074 leian.
490 3037 521 3064 in
534 3036 552 3063 l.
575 3037 641 3063 Eum
654 3036 702 3070 qui
717 3034 795 3061 circa.
815 3034 848 3061 D.
869 3033 909 3060 De
923 3033 1015 3069 priuil.
1032 3033 1102 3060 cred.
1153 3033 1255 3061 Politae
1269 3034 1325 3062 Cic.
1340 3046 1373 3073 80
1390 3034 1475 3066 liebre,
1487 3033 1552 3070 quod
1564 3033 1642 3069 pensa
1655 3035 1782 3064 continet,
1797 3041 1812 3058 a
1826 3041 1873 3068 quo
1885 3030 1948 3068 fuso
1959 3030 2010 3066 fila
2026 3030 2158 3058 ducuntur.
2195 3031 2259 3059 Inde
2271 3029 2370 3058 fadku'*
2401 3032 2404 3036 ’

281 3076 321 3110 Q
331 3076 400 3103 Frat.
414 3083 436 3107 3,
451 3082 471 3101 ι.
543 3070 650 3099 Recisae
663 3071 730 3098 Hor.
745 3071 833 3098 Carm.
848 3078 871 3103 2,
884 3074 920 3102 18,
932 3079 960 3104 4.
1032 3070 1179 3096 Columnae
1191 3075 1216 3096 et
1229 3070 1327 3104 templa
1391 3068 1520 3097 nubentes
1535 3068 1654 3104 virgines
1665 3067 1837 3095 comitaretur
1855 3067 1928 3094 colus
1946 3072 2032 3094 comta
2045 3073 2071 3095 et
2089 3067 2160 3094 fusus
2174 3076 2234 3094 cum
2246 3067 2363 3101 staminea

281 3117 308 3137 et
320 3110 436 3146 porticus
448 3108 580 3137 Sustinent
593 3107 649 3134 Cic.
665 3106 697 3134 de
709 3107 784 3134 Orat.
798 3114 810 3138 3
825 3113 846 3132 c.
860 3107 904 3140 46.
958 3101 1073 3132 Tollere
1087 3105 1239 3132 columnam
1252 3106 1327 3133 Idem
1390 3114 1419 3140 9,
1433 3113 1475 3140 43.
1545 3105 1629 3132 Ouid.
1642 3105 1708 3132 Met.
1719 3114 1749 3139 4,
1761 3112 1810 3136 229
1827 3103 1858 3130 Et
1872 3102 1946 3129 colus
1959 3108 1985 3130 et
1998 3103 2070 3130 fusus
2083 3103 2174 3138 digitiu
2188 3103 2306 3130 cecidere
2319 3111 2367 3130 rexv

283 3147 337 3174 Act.
351 3154 391 3179 14,
408 3152 442 3178 ις.
620 3139 641 3181 fl
659 3151 673 3176 3
716 3143 750 3169 Vt
760 3141 892 3169 Columen
902 3138 943 3175 fic
953 3140 1101 3168 Columnae
1113 3144 1189 3168 etiam
1209 3141 1326 3169 dicuntur
1392 3141 1449 3169 Cic.
1463 3140 1496 3168 de
1509 3141 1583 3168 Orat.
1604 3149 1630 3172 2,
1649 3146 1700 3175 277
1720 3149 1742 3166 e.
1757 3141 1788 3170 68
1815 3139 1884 3166 Cum
1903 3140 1939 3173 Q
1952 3138 2077 3173 Opimius
2098 3138 2265 3172 Consularis,
2282 3138 2346 3174 qui*

281 3181 339 3214 illi,
356 3184 383 3206 in
395 3179 548 3216 qn'busjpes
561 3176 657 3212 nostrae
669 3177 865 3214 praesidiumque
870 3174 978 3217 pcfitum
994 3173 1037 3210 <ft-
1071 3177 1139 3203 Hor.
1153 3177 1240 3203 Carm.
1257 3185 1275 3207 1,
1290 3185 1329 3211 35,
1392 3176 1522 3204 scentulus
1540 3176 1610 3203 male
1628 3176 1754 3208 audisset,
1775 3174 1873 3202 festino
1891 3175 1997 3202 homini
2019 3175 2122 3211 Egilio,
2142 3175 2190 3210 qui
2215 3175 2351 3202 videretur

283 3225 309 3250 ¹3
333 3215 362 3242 de
376 3216 476 3252 Caesare
489 3213 600 3252 Aug-usto
619 3213 653 3241 ad
667 3215 816 3246 Fortunam,
835 3212 970 3240 Iniurioso
988 3220 1022 3239 ne
1041 3211 1107 3247 pede
1120 3221 1230 3246 proruas
1255 3213 1327 3240 Stan-
1345 3215 1374 3245 85
1392 3212 1462 3245 lior,
1481 3221 1529 3239 nec
1547 3213 1622 3244 esset,
1641 3211 1761 3244 dixisset,
1787 3210 1861 3244 Qiid
1879 3217 1925 3244 tu,
1945 3209 2031 3246 Egilia
2041 3220 2118 3244 mea,
2137 3210 2245 3247 quando
2257 3210 2290 3238 ad
2306 3218 2348 3238 me
2355 3214 2363 3243 ζ

283 3259 339 3281 tem
357 3250 514 3277 columnam.
670 3247 691 3287 fl
712 3259 732 3284 4
769 3250 849 3276 Etiam
865 3249 978 3284 Satyrioe
1013 3250 1098 3275 onitur
1115 3248 1262 3280 Columna,
1299 3258 1327 3276 ro
1392 3258 1454 3276 cum
1466 3253 1512 3275 tua
1522 3248 1584 3275 colu
1597 3252 1623 3274 et
1636 3247 1712 3275 lana?
1747 3246 1812 3274 Non
1831 3246 1893 3281 pol,
1907 3247 2013 3282 inquit,
2025 3246 2120 3274 audeo.
2156 3246 2227 3274 Nam
2240 3255 2284 3274 me
2301 3245 2333 3274 ad

283 3286 388 3316 membro
405 3287 479 3312 virili
497 3284 614 3312 Martial.
629 3292 662 3318 ιι,
675 3292 706 3318 5²
731 3284 823 3312 Tanta
841 3283 878 3312 est
896 3293 965 3320 quae
1017 3282 1068 3311 itio
1082 3283 1207 3311 columna
1221 3291 1270 3320 pen
1290 3291 1326 3318 et,
1390 3286 1428 3312 sas
1440 3283 1527 3311 vetuit
1538 3289 1623 3311 mater
1635 3282 1767 3310 accedere.
1821 3282 1904 3310 Colus
1916 3283 2050 3319 masculino
2059 3291 2146 3320 genere
2157 3283 2251 3324 legitur
2261 3281 2329 3319 apud
2345 3286 2359 3303 ὃ·
2404 3288 2411 3318 j

284 3325 419 3358 Qantam
439 3321 603 3356 Lampsaciae
617 3320 708 3348 colunt
721 3319 833 3356 puellae.
893 3339 896 3341 -
1387 3321 1418 3348 in
1430 3321 1530 3356 Argon.
1545 3320 1564 3347 s.
1579 3322 1619 3352 63,
1634 3327 1673 3352 3ιι
1689 3318 1719 3346 de
1732 3320 1828 3350 Parca,

324 3365 342 3387 c
352 3365 371 3386 o
380 3365 396 3383 1.
406 3363 427 3382 ν
440 3363 465 3383 Μ
476 3364 497 3383 Ν
506 3363 522 3383 ε
532 3364 548 3382 L
557 3364 602 3383 LA
618 3376 626 3389 ‚
655 3358 696 3383 vel
725 3355 790 3392 quod
823 3356 910 3383 melius
941 3359 958 3382 c
969 3361 989 3382 o
998 3359 1044 3382 ιν
1053 3359 1153 3382 MELt.
1163 3360 1186 3382 Α
1200 3373 1209 3387 ,
1231 3364 1270 3383 ae.
1305 3354 1325 3383 f.
1545 3356 1634 3383 Laeua
1654 3353 1743 3382 colum
1756 3353 1834 3380 molli
1852 3351 1910 3380 lana
1927 3352 2058 3381 retinebat
2075 3352 2222 3387 amifitum,

286 3394 389 3423 Dimin.
407 3389 548 3426 [ςνλίδιον]
566 3392 638 3418 Caes.
649 3391 714 3419 Bell.
728 3391 810 3420 Ciuil.
824 3400 851 3425 2,
864 3399 893 3418 ιο
911 3391 985 3418 Duae
998 3391 1115 3426 primum
1126 3389 1214 3417 trabes
1227 3391 1255 3418 in
1269 3391 1326 3419 solo
1340 3396 1377 3423 90
1546 3390 1661 3418 Dextera
1682 3396 1740 3417 tum
1753 3389 1850 3416 leuiter
1865 3388 1994 3416 deducens
2009 3389 2054 3416 fila
2071 3389 2172 3423 supinis

286 3439 370 3466 acque
382 3429 492 3463 longae,
511 3426 633 3453 distantes
648 3427 717 3454 inter
737 3429 762 3454 se
775 3426 853 3463 pedes
866 3432 981 3462 quatuor
993 3425 1174 3459 collocantur,
1194 3427 1275 3462 inque
1288 3428 1326 3455 eis
1545 3426 1688 3454 Formabat
1700 3425 1806 3461 digitis:
1825 3431 1882 3452 tum
1896 3433 1982 3460 prono
1995 3425 2023 3451 in
2044 3424 2141 3460 pollice
2153 3430 2294 3460 torquem*

286 3464 460 3494 columnellae
475 3462 572 3498 pedum
589 3463 617 3489 in
628 3462 797 3490 altitudinem
816 3463 935 3498 quinque
949 3460 1116 3497 defiguntur,
1128 3467 1174 3488 etc.
1210 3463 1251 3489 Sic
1263 3464 1327 3491 Scal.
1545 3462 1687 3490 Libraturn
1697 3461 1776 3488 tereti
1786 3460 1906 3488 versabat
1918 3460 2026 3488 turbine
2043 3460 2139 3487 fusum.
2310 3477 2314 3486 t
2339 3492 2341 3495 ι

286 3513 316 3529 cx
329 3502 412 3529 libris.
447 3498 494 3527 Sed
511 3499 563 3525 alia
581 3499 729 3533 exemplaria
747 3499 837 3526 habent
849 3497 1022 3526 Columellae.
1055 3498 1097 3526 Sic
1114 3498 1189 3525 Cato.
1202 3497 1232 3524 R.
1248 3499 1279 3526 R.
1294 3508 1327 3526 20
1390 3497 1527 3526 Amidtum
1547 3497 1661 3535 agnqfisic
1677 3501 1753 3524 etiam
1769 3496 1874 3532 Vqffius.
1910 3491 1957 3524 Seii
1973 3495 2098 3523 amictam
2122 3498 2210 3522 merito
2223 3492 2326 3530 praesul

287 3544 311 3564 tt
317 3537 374 3573 ι[ῗῃ.
387 3533 546 3563 columnella
558 3534 619 3570 legit
632 3533 754 3567 Memfim·
766 3544 795 3561 ex
806 3535 882 3562 MSS.
894 3533 943 3571 sed
953 3534 999 3561 alii
1011 3532 1168 3561 Columella.
1222 3535 1253 3560 Et
1265 3535 1328 3575 sam
1391 3544 1446 3561 cum
1457 3533 1547 3570 diserte
1559 3532 1706 3570 nimiesblis
1715 3532 1852 3569 ‚femininis
1865 3531 1992 3569 adscribat
2004 3531 2127 3559 Priscian.
2142 3538 2155 3563 ς
2168 3539 2193 3565 p.
2202 3533 2261 3564 ⁶54-
2274 3529 2330 3562 et6,
2350 3539 2360 3556 -ι
2401 3541 2403 3543 ’

289 3571 464 3600 Columellam
483 3570 536 3597 dici
548 3575 619 3596 tanto
633 3572 714 3595 minus
727 3572 834 3603 mirum,
850 3578 904 3597 cum
915 3569 994 3606 ipsum
1008 3578 1093 3596 nomen
1106 3568 1237 3596 Columna
1253 3568 1330 3597 litera
1341 3575 1374 3604 93
1392 3570 1434 3598 Sic
1447 3570 1565 3605 Propert.
1583 3577 1612 3603 4,
1631 3577 1658 3602 9,
1675 3573 1709 3602 48
1728 3567 1801 3601 Lyda
1823 3567 1885 3595 colu
1906 3567 1975 3595 dedit
1986 3565 2181 3600 Brouckhufius‚
2202 3572 2226 3592 et
2249 3563 2333 3597 Tib„
2349 3582 2364 3601 ’,Γ
2394 3584 2411 3592 ,-

290 3607 317 3635 Ν
331 3613 432 3634 exemta
444 3603 493 3634 183
495 3615 534 3633 um
547 3604 632 3631 dOCM‘
639 3603 769 3637 Qfinffil·
784 3614 804 3637 Ι,
817 3613 845 3640 7,
858 3614 898 3638 ²9-
951 3605 1008 3632 Cic·
1022 3604 1055 3632 de
1067 3603 1160 3640 Legib·
1174 3613 1198 3636 2,
1210 3607 1245 3632 66
1258 3615 1279 3631 c.
1295 3609 1330 3633 26
1392 3604 1511 3633 Deducat
1524 3605 1601 3640 plena
1614 3603 1726 3632 stamina
1739 3603 1818 3639 longa
1829 3603 1907 3631 colo?
1927 3606 1971 3640 qui
1982 3601 2017 3630 ad
2021 3604 2148 3637 Propertii
2157 3602 2175 3627 l.
2189 3610 2210 3627 c.
2222 3601 2318 3628 liticula
2334 3603 2360 3619 ='
2399 3624 2406 3635 ⁴

290 3643 361 3670 Nam
381 3643 455 3677 super
468 3648 554 3669 terrae
566 3639 699 3667 tumulum
712 3638 799 3666 noluit
811 3641 875 3675 quid
894 3640 987 3673 statui,
1000 3639 1048 3667 nisi
1062 3639 1230 3667 columellam
1242 3640 1329 3668 tribus
1391 3639 1517 3675 Reinefius
1534 3647 1559 3667 et
1576 3642 1699 3668 Daumius
1714 3638 1831 3676 Epz'slolis
1849 3639 1982 3666 amoebaeis
2000 3647 2035 3673 47
2050 3644 2074 3664 et
2092 3643 2143 3672 48,
2161 3639 2220 3663 item
2237 3645 2266 3663 ue
2283 3636 2333 3662 Pal
2343 3651 2347 3658 =
2402 3655 2410 3674 ξ

289 3678 387 3705 cubitis
400 3687 432 3704 ne
446 3677 569 3704 altiorem
580 3687 589 3708 ,-
604 3680 649 3702 aut
661 3675 792 3707 mensam,
805 3682 849 3702 aut
861 3675 986 3702 labellum
995 3696 1003 3709 ,
1022 3676 1051 3703 de
1063 3677 1188 3703 Demetrio
1203 3675 1328 3704 Phalereo.
1392 3676 1427 3703 ad
1437 3677 1556 3711 Propert.
1570 3685 1598 3710 4,
1611 3684 1632 3708 1,
1645 3683 1682 3711 74
1695 3673 1884 3708 tractauerane,
1894 3673 2028 3710 secundum
2041 3673 2196 3708 Pristianum
2227 3672 2321 3698 ire-mit.⁴
2359 3686 2361 3690 ν
2385 3698 2387 3700 ,
2394 3679 2402 3707 ,³

288 3713 334 3741 Ad
346 3714 485 3749 fipulcrum
498 3715 587 3745 etiam,
600 3718 624 3738 et
654 3710 734 3737 uidem
746 3710 919 3743 Archimedis,
927 3712 1110 3746 permatcic.
1123 3711 1206 3739 Tute.
1220 3719 1243 3744 5,
1256 3714 1288 3745 65
1306 3722 1328 3739 c.
1392 3713 1511 3747 Propert.
1526 3721 1554 3745 4,
1569 3720 1596 3745 9,
1610 3717 1643 3745 48
1660 3711 1735 3738 verba
1748 3711 1811 3747 fiant
1825 3711 1959 3742 Herculis,
1975 3708 2049 3735 Idem
2064 3716 2114 3742 ego
2129 3707 2237 3734 Sidonia
2254 3705 2306 3733 feci
2322 3703 2352 3734 s.

289 3757 321 3781 23
341 3748 524 3775 Animaduerti
536 3747 639 3774 colume
652 3746 704 3773 lam
717 3754 772 3772 non
788 3744 902 3772 multum
916 3755 930 3772 e
945 3745 1031 3774 dumis
1044 3747 1222 3780 eminentem,
1236 3747 1265 3773 in
1278 3756 1329 3782 qua
1337 3754 1386 3774 100
1394 3747 1461 3783 palla
1480 3745 1593 3780 Officia,
1607 3752 1634 3774 et
1652 3746 1727 3780 Lydo
1743 3746 1820 3780 pensa
1837 3745 1934 3772 diurna
1952 3743 2020 3771 colu.
2091 3743 2160 3770 Colo
2174 3744 2259 3770 vitam*
2269 3739 2336 3768 tolet
2348 3747 2351 3755 ¹

290 3790 346 3811 erat
363 3784 490 3818 sphaerae
501 3783 586 3818 figura
599 3789 625 3809 et
638 3781 770 3815 Cylindri.
921 3779 952 3844 ἓ
967 3790 980 3808 2
1016 3782 1199 3810 Columellam
1206 3781 1275 3818 apud
1287 3791 1330 3809 ve·
1393 3783 1496 3820 nuique
1510 3783 1634 3810 Minerua
1647 3783 1722 3817 Vir-g.
1732 3781 1800 3808 Aen.
1811 3785 1836 3813 8,
1848 3788 1911 3815 409.
1945 3780 1987 3807 sic
2001 3777 2115 3805 Palladia
2126 3778 2200 3805 eolus
2211 3775 2302 3805 Sen.H

288 3826 356 3847 teres
377 3817 458 3845 dicio:
472 3820 558 3846 seruos
570 3818 698 3849 maiores,
712 3827 741 3844 ex
752 3816 859 3845 Donato
878 3814 910 3842 ad
953 3825 990 3844 er.
1003 3818 1109 3845 Phorm.
1123 3827 1147 3852 2,
1161 3826 1183 3851 1,
1195 3825 1227 3853 57
1248 3817 1330 3844 docui·
1393 3821 1448 3852 563.
1485 3821 1516 3846 Et
1528 3817 1611 3846 Ouid.
1626 3817 1692 3845 Fast.
1704 3825 1728 3850 3,
1740 3821 1782 3847 818
1807 3814 1909 3849 Pallade
1920 3813 2020 3850 placata
2032 3813 2117 3841 lanam
2130 3813 2236 3840 mollite
2247 3809 2316 3848 puell

288 3865 342 3884 mus
355 3858 382 3881 in
399 3859 556 3881 COLVMEN
572 3863 597 3880 n.
608 3862 629 3886 3.
666 3854 768 3880 Carmen
783 3853 887 3879 alterum
901 3853 995 3879 Lucilii
1012 3853 1048 3879 ibi
1061 3853 1204 3885 laudatum,
1215 3853 1331 3891 seruauit
1394 3855 1457 3881 scite
1470 3855 1523 3881 iam
1536 3853 1624 3889 plenas
1637 3859 1783 3880 exonerare
1795 3850 1876 3885 colos.
1946 3849 2038 3877 Claud.
2050 3851 2128 3877 Cons.
2143 3849 2259 3881 Heu-4,
2269 3853 2329 3881 594⁴
2414 3870 2415 3876 ,

288 3894 362 3918 etlam
375 3888 491 3916 Martial.
506 3897 540 3921 tt,
551 3898 579 3922 91
594 3889 698 3916 Luceili
712 3887 852 3915 columella
865 3886 908 3914 hic
925 3887 982 3914 sltu’
995 3889 1190 3924 Metrophanes.
1210 3906 1211 3909 =
1393 3892 1453 3916 auri
1465 3897 1489 3916 et
1504 3893 1620 3926 arg-enti,
1636 3889 1712 3922 Quae
1733 3887 1836 3914 tantuin
1858 3884 1950 3919 digitis
1970 3886 2058 3920 potuit
2075 3885 2182 3912 mollire
2195 3883 2312 3918 rigorem

325 3931 394 3954 cot.
405 3931 425 3952 v
435 3930 460 3951 M
470 3929 486 3951 Ε
495 3930 511 3951 1.
522 3930 614 3952 LAR1
624 3932 648 3957 s,
669 3933 692 3952 e.
712 3923 772 3952 Adi.
793 3920 915 3958 [κννόδιι]
937 3925 1054 3951 Danti-am
1067 3925 1193 3962 epitheton
1209 3926 1238 3951 in
1250 3926 1328 3961 equit.
1341 3928 1386 3962 105
1393 3925 1462 3952 tiosa
1480 3924 1572 3952 colun?
1606 3923 1673 3951 Non
1701 3921 1864 3950 reuocabile·
1887 3921 2027 3950 Parcarum
2054 3921 2108 3950 coli
2139 3919 2198 3955 Sen.
2212 3917 2291 3946 Herc..
2299 3913 2413 3976 1:¹¹3:th
