2474 4182
538 106 573 145 0
662 105 697 145 L

38 197 133 224 Seuera
155 196 225 222 colus
241 195 380 221 Parcarum
402 194 496 221 Claud.
519 195 545 220 in
568 195 653 228 Apon.
677 197 717 225 87.
756 193 793 217 Dc
816 193 904 218 Parcis
926 195 1000 218 etiam
1015 192 1077 218 Stat.

40 232 131 259 Theb.
144 234 170 264 6,
181 236 225 263 380
244 230 336 256 Potior
355 230 458 256 meritis
479 237 565 257 tamen
583 229 643 260 ille,
665 227 708 253 sed
728 226 807 253 huius
821 228 942 254 Extrema
961 228 1013 254 iam
1035 228 1079 254 fila

11 268 13 304 '‚
40 268 115 300 colo,
136 267 210 293 datur
227 265 295 292 ordo
319 265 435 292 [01106130
457 266 584 296 Admeto,
603 264 745 296 serumque
768 263 839 289 mori
863 271 907 290 etc.
947 264 1015 290 Colu
1035 262 1079 296 cffi-

11 305 12 319 ³
38 303 104 339 apud
114 302 221 328 Statium
236 304 272 327 ait
284 301 355 327 Seru.
371 302 402 328 ad
415 302 478 327 Aen.
494 306 521 331 8,
535 308 597 333 409.
669 298 727 323 Sen.
743 300 820 325 Herc.
835 299 894 326 Oet.
912 304 975 333 1084
1009 300 1079 326 Con·

38 340 131 365 sumtas
144 337 241 363 iterum
256 337 326 363 Deae
339 337 463 371 Supplent
475 335 614 367 Eurydices
627 333 709 360 colos.

38 373 109 400 colus
122 374 180 399 suae
194 374 280 399 seruat
297 372 420 399 Lachetis.
456 372 516 397 Stat.
532 370 596 396 Silu.
610 378 632 401 3,
650 378 667 400 1,
684 378 728 404 172
749 372 867 397 Hercules
880 371 957 396 Pollio
969 373 1078 406 promit-

12 405 13 414 *
37 412 86 441 tit,
106 409 244 435 Parcarum
257 408 300 434 fila
316 408 426 439 tenebo,
447 405 643 440 Extendamque
657 406 728 432 colos
738 426 745 438 ‚
767 410 785 432 i.
806 409 886 432 vitam
899 406 947 431 tibi
958 413 1078 441 proroga-

12 467 13 470 ,
37 444 72 470 bo.
109 444 220 479 Rumpit
228 445 342 478 Atropos
356 444 486 477 supremas
500 440 571 477 col—us
580 461 587 473 ,
600 441 770 476 Vitamjbluit
780 442 866 468 Valer.
876 442 974 475 Argon.
984 443 1009 473 6,
1017 443 1076 473 645.

12 474 15 498 ¹.
37 476 57 517 fl
78 488 94 506 2
130 480 210 507 Colus
221 487 269 515 pro
281 479 361 505 morbo
373 479 455 504 colico.
492 477 582 509 Quun
594 477 681 509 colus,
694 479 811 504 inuisum
826 477 916 504 morbi
933 485 1023 511 genus,
1038 478 1078 502 in-

41 98 120 161 ‚⁷033
414 106 447 145 C

9 547 15 579 ,⁵
36 551 130 578 modulo
139 554 236 587 prioris
249 550 365 585 Syllabas.
385 547 470 574 Colon
485 551 548 573 enim
561 555 625 574 certe
637 548 735 575 debebat
747 549 836 576 dicere.
877 556 882 559 ’

73 593 286 614 COLVTHEA
307 594 339 611 cm
358 588 584 616 ΟΟινΤΗιΛ,
610 593 697 610 orum.
719 593 744 610 11.
764 585 798 619 pl.
835 585 903 620 Quae
926 582 982 616 fint
1013 582 1080 618 apud

12 624 16 668 1
37 622 156 648 Plautum
170 622 236 648 Pers.
253 630 271 653 1,
286 629 308 652 3,
322 628 339 653 7
357 618 487 644 videndum
507 618 554 652 qli,
574 620 724 646 Commiscc
743 621 871 651 mulsum,
891 618 1022 651 struthea,
1037 627 1077 645 co-

7 669 17 690 g
36 657 178 692 lutheaque
193 665 300 691 appara,
319 656 386 681 Bene
407 661 434 680 vt
454 655 483 680 in
504 656 594 682 scutris
615 656 783 689 concalcant,
802 661 828 682 et
847 656 977 682 calamum
990 655 1081 682 iniice.

7 717 11 729 l
36 727 64 753 de
73 730 172 763 plantis
186 738 210 760 3,
223 737 264 761 17,
285 726 350 761 quod
366 732 436 752 tanto
456 729 536 762 magis
553 730 681 753 conuenire
687 734 780 762 putat,
800 736 853 753 cum
871 729 946 752 etiam
964 726 1081 753 struthea

29 763 85 798 fint
94 767 164 799 pomi
191 772 262 794 enus,
275 762 340 787 mala
353 770 434 802 nempe
447 763 562 796 cydonia.
602 764 691 789 Verum
697 761 822 797 Jiluqllris
835 760 868 794 est
880 761 993 788 Colutea
1005 763 1082 788 Theo-

9 816 13 827 .
35 798 146 834 phrasti‚
160 773 276 835 Jgruflum
290 797 561 832 habensstliquaceum,
580 807 627 834 quo
645 807 699 824 oues
707 798 882 835 pingmscunt.
919 798 1026 824 Caelius
1039 806 1081 830 30,

8 838 17 863 2⁴¹
35 840 61 865 18
74 838 176 862 coniicit
188 833 328 865 Collubia,
342 843 356 859 a
370 833 499 865 labendo,
519 837 537 860 i.
560 834 610 860 cibi
623 833 726 859 delicias
734 841 788 864 φιτ.
808 832 949 865 Coluthra,
964 834 1029 868 quod
1040 843 1081 870 ge-

16 905 18 936 ζ
38 906 105 933 lutea
124 906 164 939 (i.
183 904 353 941 luteis-flaui
365 906 478 940 colom)
493 913 594 940 appara.
630 904 678 931 Sed
852 902 872 940 ff
893 912 909 930 2
947 904 1083 930 Muncum

10 938 18 972 Ξ
37 941 139 976 generis
159 941 231 973 sunt,
250 949 316 975 quae
336 947 432 967 vocant
452 941 547 968 Graeci
567 939 702 972 coluthia,
721 940 774 966 alia
794 939 929 971 corythia,
948 940 1084 967 turbinata

35 985 133 1011 aeque,
153 977 195 1003 sed
208 976 312 1003 minora
326 976 422 1009 multo,
435 975 581 1004 efficaciora
594 976 682 1007 etiam,
696 982 722 1001 et
735 975 791 1002 oris
807 974 921 1002 halitum
936 975 1083 1002 custodien-

2 1039 3 1042 ,
34 1012 78 1047 tia.
114 1013 183 1039 Haec
198 1012 263 1038 Plin.
278 1021 317 1044 32,
332 1019 349 1046 7
363 1013 380 1038 s.
397 1020 436 1047 27.
451 1016 494 1048 qui
506 1015 579 1039 ctiam
596 1020 637 1044 32,
654 1020 676 1038 ιι
692 1012 710 1037 s.
726 1018 751 1044 53
765 1011 893 1038 Coluthia
906 1011 925 1037 s.
941 1011 1082 1044 Corythi-1,

16 1076 17 1081 ¹
31 1051 98 1074 inter
109 1051 209 1074 marina
227 1050 347 1074 annualia
365 1048 455 1084 refert.

15 1093 19 1111 1
48 1081 49 1085 ’
71 1090 87 1111 c
96 1090 139 1111 OL
151 1091 170 1110 Y
180 1091 196 1111 c
205 1091 226 1111 Α
235 1091 251 1110 Ε
267 1104 274 1116 ,
302 1092 385 1110 arum.
408 1084 427 1110 f.
464 1083 558 1118 Specus
572 1083 599 1109 in
613 1082 711 1118 quibus
725 1082 914 1117 aphronitrum
927 1081 1082 1115 inuenitur,

34 1118 92 1153 teste
107 1121 173 1146 Plin.
193 1129 228 1152 31,
245 1128 273 1146 10
288 1120 305 1145 s.
319 1121 364 1152 46,
378 1128 400 1151 3.
437 1119 515 1155 Conf,
529 1126 597 1146 COL
608 1125 624 1144 L
635 1126 643 1144 1
654 1125 674 1145 G
685 1125 716 1144 A.

73 1161 90 1182 C
102 1161 147 1182 01.
156 1163 173 1181 Y
183 1163 207 1182 M
218 1162 234 1182 Β
244 1154 263 1181 li
271 1162 288 1183 D
299 1163 314 1182 F.
324 1162 336 1181 s
346 1174 354 1187 ,
374 1164 427 1181 11111.
456 1154 476 1181 f.
509 1148 708 1189 Ϊκολυμβοὶδις]
746 1153 899 1180 Dicebantur
908 1154 1006 1185 oliuae,
1020 1162 1082 1188 quae

30 1192 261 1228 fontundebantur,
269 1190 336 1227 sran
355 1190 474 1223 ebantur,
486 1193 526 1216 vel
537 1197 610 1217 acuta
624 1191 747 1217 arundine
768 1189 953 1225 infhcabantur,
966 1195 989 1214 et
1000 1192 1083 1215 muria

33 1234 106 1263 atque
125 1227 255 1254 herbarum
275 1200 354 1253 111νίιῇ

33 1261 67 1296 est
80 1266 206 1296 innatare,
214 1264 253 1290 vel
265 1264 367 1289 vrinare
380 1262 452 1288 adeo:
467 1262 531 1297 sunt
542 1271 600 1298 ergo
614 1260 790 1294 Colymbades
805 1259 871 1296 quast
883 1263 1021 1286 natatrices
1038 1267 1083 1287 aut

35 1302 189 1325 vrinatrices
202 1298 268 1325 adeo.
305 1297 437 1324 Columel.
453 1307 489 1330 12,
503 1306 549 1332 47,
563 1304 576 1328 8
598 1298 716 1331 Qiidam
730 1305 808 1323 vnam
821 1301 923 1330 partem
936 1296 1041 1323 muriae
1055 1302 1081 1323 et

19 1361 20 1369 ¹
37 1335 100 1361 duas
113 1335 180 1362 aceti
194 1335 316 1365 miscent,
335 1342 421 1368 eoque
435 1333 494 1360 iure
507 1335 592 1361 oliuas
605 1335 693 1368 poscas
708 1331 876 1364 colymbadas
888 1332 1003 1358 faciunt:
1025 1333 1083 1367 qui-

19 1375 20 1396 i
35 1370 85 1397 bus
98 1370 116 1396 li
133 1379 180 1406 per
192 1371 217 1397 se
231 1369 289 1405 quis
301 1369 342 1396 vti
355 1369 436 1402 velit,
449 1369 509 1396 satis
530 1369 656 1396 iucundas
670 1369 838 1403 experietur,
852 1368 976 1408 quamuis
990 1375 1015 1395 et
1023 1367 1083 1399 hae,

38 1442 112 1469 Idem
123 1447 167 1476 48,
182 1450 195 1475 5
215 1442 348 1468 Maturam
362 1441 462 1468 oliuam
471 1462 479 1474 ,
493 1441 521 1467 in
535 1441 658 1467 strictura
677 1439 733 1474 (stc
747 1440 818 1476 leg.)
837 1439 935 1466 factam
949 1440 1083 1473 colymba-

35 1477 113 1510 dem,
134 1477 167 1504 de
184 1478 269 1504 muria
290 1478 395 1510 tollito,
409 1477 516 1512 spongia
530 1477 632 1511 'tergito
646 1484 691 1502 etc.
732 1477 854 1502 Nonnnat
867 1479 941 1503 etiam
957 1476 1024 1503 Plin.
1040 1485 1082 1509 23,

32 1521 50 1574 ἱ
62 1513 80 1539 s.
94 1515 134 1544 36.
172 1514 203 1539 Et
224 1512 289 1540 reffl
310 1511 421 1546 restituit
443 1512 537 1547 Apicio
551 1520 582 1547 7,
600 1521 616 1545 9
637 1512 826 1548 Humelbergius
840 1518 890 1547 pro
912 1512 1083 1541 Columbari-

53 1557 82 1574 us
101 1548 193 1575 oliuis.

71 1589 89 1610 C
101 1589 146 1610 01.
160 1590 288 1610 YMBVS
302 1603 310 1615 ,
335 1583 353 1609 i.
382 1592 418 1609 m.
455 1582 621 1618 [κάλυμέος]
657 1583 774 1618 Piscina,
798 1586 903 1610 natatio.

0 1623 1 1626 ’
33 1618 136 1653 Elagab.
155 1628 176 1645 c.
191 1627 222 1651 23
258 1619 380 1645 Marinae
399 1627 482 1653 aquae
504 1618 641 1652 colymbos
661 1617 802 1651 exhibuit,
815 1626 860 1645 etc.
907 1619 938 1645 Et
958 1619 1081 1647 Prudent.

29 1655 90 1682 Pars.
106 1655 177 1681 Petri
190 1660 216 1680 et
230 1654 299 1681 Paul.
321 1655 339 1681 s.
359 1654 449 1681 Perist.
463 1663 507 1687 12,
522 1658 552 1687 36
577 1656 641 1681 Fons
662 1655 777 1688 pretiosa
792 1655 846 1681 ruit
866 1663 914 1689 per
936 1664 1081 1687 marmora,

29 1689 119 1718 Donec
132 1690 232 1717 virenti
253 1690 362 1717 fluetuet
377 1689 512 1722 colymbo.
550 1689 608 1717 lfid.
629 1690 709 1717 Glosi'.
732 1689 892 1722 Colymbus‚
905 1691 993 1717 Locus
1011 1691 1080 1728 (leg.

31 1726 132 1757 Lacus)
145 1725 194 1753 vbi
213 1726 296 1752 vestes
310 1726 479 1753 mundantur.

406 1799 433 1830 C
529 1799 558 1830 O
656 1798 695 1829 M

68 1870 194 1902 COMA,
213 1878 252 1896 ae.
278 1869 297 1895 f.
334 1868 435 1902 [κόμη,
454 1867 567 1904 metetis]
604 1868 723 1903 Capillus
740 1868 869 1903 prolixior
894 1872 922 1895 in
937 1870 1033 1905 primis
1056 1876 1081 1896 et

30 1907 174 1938 cultior-,vt
186 1906 313 1932 mulierum
332 1907 506 1941 iuuenumque:
522 1904 655 1931 Caesaries
668 1906 748 1940 magis
762 1905 875 1931 virorum
888 1903 931 1938 est.
966 1906 1037 1932 Seru.
1048 1905 1083 1932 ad

30 1977 88 2010 prie
101 1985 192 2003 comae
205 1978 262 2003 sunt
277 1976 367 2011 capilli
380 1985 434 2003 non
447 1976 519 2003 caeli.
566 1975 653 2002 Festus
662 1995 670 2008 ,
688 1977 798 2003 Comtus
807 1996 816 2008 ‚
836 1975 864 2002 id
879 1977 930 2010 est,
944 1983 1053 2004 ornatus
1066 1987 1081 2005 a

31 2012 132 2039 Graeco
145 2012 277 2039 descendit
286 2032 293 2044 ,
313 2011 382 2046 apud
395 2021 463 2047 quos
476 2013 572 2044 κοαμὲῐν
586 2011 684 2038 dicitur
698 2020 818 2044 comere,
832 2017 858 2039 et
876 2013 991 2047 κόσμιος,
1006 2014 1079 2048 quod

31 2047 100 2082 apud
113 2056 161 2074 nos
174 2048 272 2074 comis:
292 2053 317 2074 et
331 2056 422 2074 comae
439 2048 563 2074 dicuntur
575 2048 664 2082 capilli
679 2056 739 2074 cum
753 2047 843 2082 aliqua
857 2057 918 2075 cura
933 2050 1080 2084 compositi.

31 2083 106 2118 Conf-
118 2083 176 2110 lfid.
191 2083 268 2118 Orig.
283 2092 316 2115 ιι,
331 2091 340 2109 1
360 2093 427 2119 quem
441 2083 552 2110 amendat
564 2093 594 2110 ex
605 2084 663 2110 MS.
678 2083 779 2119 Salmas:
800 2084 829 2110 de
843 2085 955 2121 Caqfizrie
966 2090 1079 2113 virorum

32 2155 146 2181 Graecus
162 2155 256 2181 senno.
293 2155 364 2182 Nam
377 2163 464 2181 comas
478 2155 571 2181 Graeci
585 2155 681 2187 (Salm.
696 2153 769 2180 addit
788 2153 940 2186 κομμώσεις)
956 2164 971 2180 a
992 2156 1083 2183 secam

33 2190 68 2216 do
81 2191 232 2221 nominant,
252 2190 320 2216 vnde
339 2196 365 2216 et
382 2191 461 2224 κείρειν
479 2189 590 2215 tondere
609 2189 714 2219 dicunt,
728 2188 798 2215 vnde
811 2194 836 2215 et
855 2189 920 2216 cirri
938 2196 1077 2218 vocantur.

30 2225 160 2260 Qudquid
168 2224 207 2259 fit
226 2225 255 2251 de
274 2226 496 2252 Grammaticorum
514 2227 589 2250 tricis
607 2225 791 2261 etymologia-is,
810 2225 895 2264 vsm'a
906 2234 974 2261 quem
985 2225 1079 2260 statim

0 2332 6 2359 ι’
29 2330 80 2365 effe.
115 2332 170 2358 Hoc
184 2334 257 2358 etiam
271 2333 379 2367 exempla
397 2330 532 2365 ostendent,
545 2331 611 2368 quod
623 2331 652 2358 de
664 2331 751 2358 Caede
767 2338 790 2358 et
804 2332 902 2359 Cinere
923 2334 1078 2370 obstruamus

0 2366 9 2395 ἶ,
29 2369 142 2402 aliisque.
179 2368 292 2394 Comam
302 2367 344 2401 fin
365 2369 430 2395 ulari
450 2375 548 2394 numero
565 2369 623 2403 plus
643 2377 815 2403 nonnunquam
832 2368 929 2402 dicere,
950 2380 1004 2397 cum
1021 2373 1077 2396 vni-

0 2408 9 2436 ζι-
29 2402 168 2437 ver-fiturum!
185 2405 253 2430 velut
267 2413 331 2439 quan
351 2413 388 2429 am
408 2410 489 2435 notet,
510 2413 563 2429 cum
578 2403 678 2430 Comae
692 2411 757 2439 pars
777 2403 819 2437 effi‘
831 2405 973 2431 videantur.
1011 2406 1078 2430 PIeo-

0 2456 10 2471 ,ς
30 2438 128 2475 nasmm·
146 2437 179 2472 est
201 2442 228 2465 in
248 2440 290 2465 illo
309 2439 420 2466 Firmici
435 2448 444 2465 1
456 2439 502 2465 vlt.
541 2439 614 2473 Quid
627 2440 681 2466 iam
695 2439 728 2466 de
741 2448 879 2466 comarum
898 2439 1018 2466 crinibus
1038 2439 1077 2465 di-

29 2509 100 2542 61110,
121 2510 150 2537 de
161 2511 247 2547 quibus
267 2513 309 2547 qui
325 2514 438 2548 egerint,
458 2520 547 2548 magno
566 2520 665 2537 numero
682 2510 724 2536 hic
740 2509 827 2535 laudat
845 2510 976 2536 Barthius.
1007 2511 1077 2538 Mar·

1 2562 3 2566 ·
32 2546 87 2573 tial.
101 2554 127 2580 2,
141 2548 176 2573 66
193 2548 266 2573 Vnus
285 2547 317 2574 de
333 2553 393 2574 toto
409 2552 561 2581 peccauerat
576 2545 642 2572 orbe
660 2553 799 2570 comarum
820 2545 955 2577 Annulus,
976 2546 1077 2573 incerta

29 2591 84 2609 non
95 2581 163 2610 bene
175 2582 241 2609 fixus
255 2591 303 2609 acu
317 2589 362 2608 etc.
397 2582 576 2608 Eumenidum
590 2589 696 2613 comae,
716 2581 853 2615 Serpentes,
862 2591 921 2616 quos
935 2590 984 2617 pro
998 2586 1077 2609 crini-

46 2627 74 2644 us
93 2617 182 2644 habent
203 2619 292 2644 Furiae
311 2617 400 2643 Valet.
417 2617 517 2650 Argon.
537 2626 564 2649 3,
585 2624 626 2649 54.
697 2615 832 2643 Achilleae
851 2617 969 2645 Martial.
989 2627 1026 2650 12,
1038 2623 1076 2651 83.

34 2654 128 2688 Nempe
143 2662 159 2679 a
183 2655 258 2679 comis
279 2654 353 2678 etiam
368 2651 489 2679 ,Achilles
503 2652 533 2678 ab
549 2654 656 2679 Homero
670 2651 797 2679 laudatur.

33 2695 124 2714 comae
137 2686 260 2714 diuinum
272 2687 371 2714 vertice
384 2687 496 2714 odorem
509 2688 642 2723 spirauere
655 2688 731 2723 Virg.
746 2689 810 2714 Aen.
827 2697 847 2720 1,
860 2697 916 2724 407
930 2689 959 2716 de
976 2691 1076 2717 Venere.

34 2722 186 2757 Anguineae
200 2722 281 2750 Ouid.
294 2723 378 2750 Trist.
393 2733 420 2757 4,
434 2731 459 2758 7,
474 2732 508 2750 12.
579 2724 680 2750 Aureae
693 2724 790 2751 Catull.
806 2732 847 2757 59,
860 2733 903 2758 99.
962 2726 1077 2753 Breuior

15 2758 17 2760 ’
35 2759 92 2786 8011.
108 2758 217 2793 Hippol.
238 2764 293 2792 803.
363 2759 547 2790 Calamistrata
566 2760 621 2793 Cic.
634 2768 683 2795 pro
695 2760 764 2787 Sext.
778 2769 799 2786 c.
815 2765 836 2790 8.
909 2762 980 2788 Cana
1000 2771 1076 2789 coma

34 2794 165 2829 Neptunii
185 2795 304 2826 iuuenis,
321 2798 339 2821 i.
360 2795 439 2831 Cycni
444 2795 500 2831 filii
516 2797 644 2831 Neptuni,
663 2799 733 2823 cuius
750 2806 817 2823 coma
837 2795 907 2832 uerfiz
926 2796 960 2831 cst
974 2799 1002 2824 in
1021 2800 1077 2834 plu*

32 2839 86 2856 mas
103 2830 159 2857 Sen.
174 2830 278 2858 Troad.
299 2835 348 2863 183.
419 2831 512 2866 Crispa
533 2831 578 2858 Sil.
594 2833 632 2866 16,
646 2841 698 2858 120.

56 2862 151 2893 andida
163 2865 272 2894 diuidua
284 2867 352 2893 colla
363 2872 467 2901 tegente
480 2876 555 2894 coma
564 2888 572 2900 ,
591 2870 609 2894 i.
629 2871 747 2904 utrinque
760 2867 914 2903 dependente.
957 2870 1075 2897 Martial.

43 2910 69 2934 2,
83 2910 110 2934 ²3
130 2902 260 2935 Dentibus
274 2908 352 2938 atque
368 2904 452 2930 comis
466 2906 528 2936 (nec
542 2910 568 2930 tc
576 2903 671 2938 pudet)
684 2904 768 2930 vteris
782 2904 876 2938 emtis,
891 2908 909 2931 i.
925 2904 1022 2941 fisticio
1036 2915 1076 2933 ca-

47 2938 179 2964 illamento.
249 2938 305 2966 Sen.
321 2940 398 2966 Herc.
412 2940 465 2967 fur.
481 2948 507 2966 12
528 2941 547 2966 F
550 2949 594 2966 era
606 2949 680 2967 coma
693 2940 755 2966 hinc
774 2945 889 2968 exterret
901 2941 990 2968 Orion
1001 2942 1076 2975 deos,

37 2976 48 2998 ”.
69 2973 184 3000 Crinibus
199 2975 352 3001 minantibus
364 2973 534 3011 tempqsiatcm.
574 2977 640 3002 Nam
655 2977 735 3003 Orion
749 2982 801 3002 tres
806 2974 896 3009 stellas
907 2977 978 3004 habet
995 2982 1022 3004 in
1035 2988 1076 3005 ca-

44 3054 60 3069 x
74 3045 132 3072 MS.
145 3045 227 3072 Ferro
245 3047 345 3073 minaci
364 3046 426 3074 hinc
440 3054 485 3074 etc.
557 3049 575 3075 F
588 3057 637 3075 aua
656 3051 683 3074 in
701 3047 771 3074 laude
784 3048 985 3082 pulchritudinis
1004 3051 1074 3077 Hor.

58 3088 123 3106 arm.
143 3088 163 3113 1,
182 3088 205 3114 5,
224 3089 251 3114 4.
286 3082 373 3109 Valer.
388 3083 485 3117 Argon.
500 3088 524 3115 8,
538 3091 592 3118 237.
664 3084 819 3114 manentes,
837 3087 856 3110 i.
879 3085 967 3112 Flauae
991 3086 1074 3113 Ouid.

54 3125 85 3156 p..
92 3123 114 3148 5,
130 3123 182 3142 122.
216 3116 326 3144 Flexilis
342 3118 430 3145 valer.
445 3119 544 3152 Argon.
566 3128 589 3153 5,
608 3125 661 3152 588-
704 3120 846 3146 Formosae
859 3127 971 3154 pereunt
983 3131 1075 3149 comae

59 3151 216 3178 11111.Λ11101·.
230 3160 250 3185 1,
258 3161 296 3186 14.
305 3161 338 3184 31.
372 3154 497 3181 Hirsutae
509 3154 581 3181 Idem
594 3155 626 3182 de
635 3157 698 3182 Arte
707 3156 765 3181 Am.
780 3164 800 3187 1,
815 3160 866 3185 108.
907 3157 1002 3185 Hirtae
1016 3159 1074 3185 Sen.

27 3231 105 3262 *rous
119 3222 190 3249 hirta
203 3222 293 3256 decet,
315 3231 340 3250 te
353 3224 465 3252 breuior
477 3234 562 3259 coma,
585 3227 662 3254 nulla
673 3227 729 3261 lege
744 3226 847 3260 iacens,
865 3228 938 3255 verbo
957 3233 1075 3257 incomta.

10 3291 20 3297 „
56 3259 88 3286 ic.
99 3258 182 3285 Ture.
196 3266 219 3291 3,
233 3261 267 3286 62
282 3267 303 3285 0.
317 3262 352 3286 26
381 3261 524 3288 Accianum
537 3262 566 3288 de
578 3264 761 3299 Agamemnone
772 3262 868 3298 versum
880 3264 981 3298 laudat,
1003 3266 1075 3293 Scin-

50 3304 94 3322 ens
112 3293 206 3321 dolore
232 3294 377 3322 identidem
396 3297 526 3323 intonsam
545 3306 657 3325 comam.
713 3297 760 3326 Sed
771 3298 828 3324 Sen.
842 3299 952 3335 Hippoi.
967 3309 1023 3337 774
1043 3303 1075 3328 Et

44 3339 61 3358 u
74 3329 218 3365 thyrsigera
232 3330 314 3357 Liber
327 3331 360 3358 ab
373 3331 449 3359 India
466 3333 570 3359 Intonsa
587 3334 693 3360 iuuenis
707 3340 863 3368 perpetuum
876 3344 960 3363 coma.
1015 3338 1075 3364 Cri-

51 3366 71 3393 15
84 3366 182 3394 traEtus
203 3372 229 3393 et
248 3366 348 3393 lacerae
366 3376 457 3394 comae
472 3368 530 3394 Sen.
543 3369 653 3405 Hippoi.
667 3377 719 3405 731.

67 3401 112 3429 uid.
125 3403 190 3428 Met.
204 3411 238 3435 12,
252 3411 314 3435 409.
386 3403 448 3430 Stat.
461 3403 524 3430 Silu.
538 3412 561 3438 5,
575 3414 598 3438 3,
612 3411 651 3438 183
685 3406 771 3432 Lanea
791 3406 835 3432 cui
854 3406 962 3442 Phrygii
980 3409 1017 3435 est
1031 3418 1075 3435 co-

61 3446 76 3464 a
87 3438 211 3465 flaminis.
248 3440 359 3474 Phrygio
373 3437 498 3472 instituto,
511 3439 576 3475 quod
588 3441 619 3467 ab
632 3443 731 3474 Aenea,
749 3450 762 3468 e
779 3442 860 3469 Troia
872 3444 972 3470 allatum
986 3445 1076 3471 dicunt

54 3476 130 3506 affrae,
151 3475 273 3500 Flamines
285 3476 354 3500 Rom.
375 3481 450 3510 caput
460 3475 539 3501 laneis
553 3478 628 3502 vittis
640 3479 734 3504 velant.
786 3477 883 3505 Libera
894 3479 967 3506 nodo
976 3501 984 3513 ,
1002 3481 1074 3517 Reso-

16 3517 20 3529 =
43 3515 89 3536 uta
103 3509 162 3536 sen.
175 3509 281 3537 Troad.
295 3519 351 3537 100.
423 3511 530 3545 Longae
545 3511 626 3538 Ouid.
641 3513 734 3540 Amor.
758 3521 778 3545 1,
794 3522 814 3546 1,
829 3522 869 3540 20.
940 3516 997 3544 Cic.
1017 3516 1075 3551 post

10 3416 27 3465 1

15 3571 18 3613 J
53 3579 135 3621 unni,
152 3579 234 3615 stupri
246 3581 353 3616 plenus,
371 3582 489 3608 madenti
510 3582 530 3615 (
532 3581 563 3608 ab
583 3586 717 3619 vnguentis
719 3585 739 3618 )
757 3593 850 3618 coma,
876 3586 1021 3621 composito
1034 3596 1075 3614 ca·

13 3651 20 3660 .
51 3613 109 3642 1110.
180 3616 295 3644 Moestae
308 3618 430 3653 squalore
450 3617 544 3645 Claud.
558 3617 590 3644 de
603 3618 668 3645 Bell.
683 3619 756 3645 Gild.
770 3625 830 3653 408.
900 3621 990 3649 Μο1115
1016 3624 1074 3650 8011.

57 3658 220 3713 ξιῖισῖᾋῖιιιῖτ.
233 3695 254 3719 1,
267 3692 360 3723 14,.56.
418 3689 552 3716 Odoratae
575 3688 649 3716 Idem
663 3689 695 3716 de
708 3689 772 3716 Arte
784 3690 843 3717 Am.
858 3699 883 3726 2,
898 3695 957 3727 734.
1013 3695 1070 3721 Pin-

18 3786 24 3792 1
88 3767 127 3784 um
137 3766 164 3784 re
179 3760 232 3784 erri
244 3759 358 3792 videtur,
375 3761 428 3788 vid.
443 3771 499 3788 mox
512 3761 599 3796 Spiffa.
655 3761 811 3793 Promiffae,
828 3768 854 3788 et
866 3764 989 3792 rutilatae
1009 3765 1071 3793 Liu.

49 3793 331 3864 {;.J⁷†h{b.⁶5¹‡'³·;.;
364 3794 656 3868 'ffffssssfifi'ffiifzfem
673 3797 858 3859 111111ξὲ1
883 3800 1072 3862 ffiR‘ifi'Pffl‘

39 3901 44 3906 .
76 3863 183 3906 tilatae,
200 3849 265 3891 υἱώ,
270 3850 352 3901 paullo
371 3874 428 3908 ante
447 3840 605 3896 Promliss'ae..
666 3842 758 3895 sauiia
777 3844 956 3904 (01113.Ν111Ρ,Ρ
965 3856 993 3898 ι’..
1005 3844 1074 3899 0⁷33..

39 3899 78 3959 dio.
87 3899 303 3964 fatzlzozumiata
323 3902 385 3930 Stat.
397 3903 462 3932 81111.
481 3914 503 3939 3,
514 3915 541 3940 4,
554 3911 596 3939 84.

755 334 793 361 Id.
810 334 878 361 Ocd.
893 340 938 367 985
965 335 1076 361 Decreta
1101 339 1115 365 5
1142 333 1247 359 Troad.
1263 342 1322 367 450.

13 522 15 546 -ζ
37 517 101 542 tima
115 516 198 550 carpit
212 517 299 542 Scren.
313 515 440 541 Sammon.
456 519 513 546 579.
535 520 653 548 corrupta
667 519 691 538 et
706 517 879 539 terminatione
892 522 921 538 ac
939 521 1040 548 genere,
1054 518 1078 537 et
1098 521 1126 540 10
1143 511 1276 537 Auferuut
1289 511 1364 538 dumi
1378 521 1465 538 comas
1486 513 1662 547 Seu-Hippol.
1677 523 1750 548 1094.

37 693 86 720 Sic.
97 694 172 719 Gron.
188 696 231 729 qui
244 693 333 725 accipit
339 689 458 725 frustum
472 691 569 717 arboris
584 692 696 718 Colutea
712 693 729 718 s.
751 692 856 718 κολντέω
872 691 939 726 apud
956 691 1080 726 Theophr.
1100 695 1125 721 15
1144 689 1233 717 Valer.
1248 690 1348 723 Argon.
1371 696 1393 722 5,
1408 698 1460 721 591.

36 880 82 896 nus
87 870 180 906 ficuum
194 868 235 902 est}
250 870 312 895 uult.
351 869 482 903 Salmasius
496 870 619 896 emendari
630 869 685 894 vult
700 870 792 900 Iocum,
806 876 830 895 ct
847 870 897 903 legi
911 868 1082 908 strutheaque
1095 876 1129 895 20
1146 867 1228 894 Ouid.
1249 868 1314 894 Met.
1336 870 1367 900 6,
1389 877 1441 902 141.

1098 1054 1130 1081 25
1145 1054 1234 1072 comas
1249 1045 1349 1072 horror
1367 1045 1440 1072 Idem
1455 1046 1534 1081 Epist.
1551 1049 1590 1080 16,
1605 1050 1649 1082 67.

354 1236 393 1253 um
412 1226 588 1253 condiebantur
606 1226 712 1262 sapore,
731 1224 779 1251 oc'vo'
800 1226 833 1251 τὲ
852 1222 997 1258 κολυμέᾆν,
1018 1225 1083 1260 quod
1099 1233 1131 1257 30
1145 1224 1278 1258 Qintstil.
1295 1234 1314 1257 1,
1326 1227 1351 1257 6,
1364 1234 1410 1259 44.

34 1415 118 1441 quum
137 1411 231 1433 exeunt
244 1405 275 1432 dc
293 1405 395 1437 muria,
416 1405 583 1433 condituram
602 1405 811 1440 qualemcunque
832 1412 953 1438 recipere
967 1405 1079 1439 possunt.
1099 1409 1127 1435 35
1143 1405 1282 1431 claritatis.

946 1582 1082 1618 Lamprid.
1096 1593 1133 1619 40
1146 1585 1241 1611 Corona
1254 1589 1359 1617 myrtea.

1096 1767 1130 1794 43
1147 1771 1181 1795 13,
1196 1771 1233 1794 39-

31 1942 96 1967 Aen.
109 1949 132 1974 5,
147 1943 192 1974 556
212 1941 344 1967 Omnibus
365 1941 394 1967 in
414 1949 517 1967 morem
537 1940 610 1967 tonsa
631 1949 706 1966 coma
726 1940 806 1974 pressa
824 1949 923 1968 corona
944 1941 980 1968 est
987 1962 996 1974 ‚
1017 1943 1080 1969 Pro·
1096 1944 1128 1971 50
1144 1950 1241 1968 comas.

32 2126 55 2145 et
67 2120 193 2146 mulierum
212 2128 280 2145 coma
293 2129 318 2153 p.
333 2128 385 2152 552.
422 2120 522 2146 Comae
537 2120 594 2146 suut
609 2119 790 2153 proprie'non
804 2119 868 2145 caefi
883 2121 989 2154 capilli,
1004 2128 1030 2147 et
1041 2121 1079 2147 est
1096 2127 1124 2151 55
1143 2121 1208 2146 Met.
1225 2129 1263 2151 12,
1277 2128 1330 2149 223.

0 2286 1 2290 ,
29 2258 192 2293 ῳῐὲηάενηω,
207 2260 331 2292 declarat,
345 2270 428 2287 verum
448 2259 491 2294 effi
505 2259 570 2296 quod
581 2259 706 2292 diximur,
726 2270 768 2287 nec
782 2267 864 2287 tamen
868 2264 924 2295 stne
938 2266 1078 2298 exceptione
1109 2270 1113 2272 ’

0 2309 5 2323 r
29 2297 188 2332 prolixiorem
203 2299 229 2322 in
239 2299 333 2331 primis
345 2303 370 2323 et
383 2298 510 2323 cultiorem
525 2298 641 2331 capillum
659 2300 772 2322 iuuenum
786 2298 961 2333 mulierumque
974 2307 1079 2325 comam
1097 2296 1132 2321 60
1142 2303 1204 2333 gent
1217 2305 1310 2323 comae
1328 2304 1433 2322 terrore
1465 2295 1546 2322 Ouid.
1560 2296 1625 2322 Met.
1645 2305 1669 2329 3,
1684 2305 1738 2323 100.

0 2488 2 2499 r
29 2475 103 2502 cam?
138 2474 289 2509 Suggestum
307 2484 398 2502 comae
419 2475 479 2502 Stat.
494 2475 558 2502 Silu.
573 2484 593 2508 1,
607 2484 633 2508 2,
648 2484 700 2509 114.
718 2478 736 2500 i.
757 2483 837 2500 comae
855 2477 883 2499 in
902 2473 1076 2509 gradus-stru-
1095 2471 1127 2503 6,-
1140 2475 1250 2509 piuntur
1276 2478 1305 2501 in
1324 2478 1398 2508 rixa,
1430 2476 1471 2501 vel
1491 2475 1521 2502 ab
1545 2473 1680 2503 Senec‘lute.

870 2653 1077 2689 Ambroflaeque
1090 2660 1127 2688 70
1140 2664 1194 2682 vox
1214 2655 1335 2681 faucibus
1355 2653 1444 2681 haesit.

770 2831 851 2858 Ouid.
867 2834 958 2860 Amor.
975 2843 995 2866 1,
1009 2842 1031 2867 5,
1047 2843 1075 2861 10
1093 2836 1125 2864 75
1140 2835 1204 2862 Met.
1219 2844 1245 2868 2,
1260 2843 1314 2875 412.
1337 2838 1355 2861 i.
1370 2838 1441 2862 varie
1453 2835 1611 2872 disponendo.

47 3011 90 3040 ite,
103 3009 220 3036 horribili
232 3013 342 3051 nitentes.
345 3011 459 3047 fulgore.
495 3013 536 3039 Sic
551 3012 571 3037 Ie
590 3012 662 3038 ebant
676 3019 699 3038 et
711 3012 875 3046 explicabant.
913 3013 960 3040 Sed
967 3015 1074 3041 Gronou.
1092 3017 1124 3044 80
1139 3023 1152 3041 2

60 3196 112 3214 erc.
125 3187 178 3213 fur.
193 3191 251 3221 789.
287 3189 434 3221 Horrentes
446 3189 519 3216 Idem
531 3191 610 3218 Herc.
627 3191 680 3217 fur.
693 3194 753 3224 468.
789 3192 820 3217 Et
834 3192 945 3227 Hippoi.
960 3199 1006 3227 803
1027 3194 1075 3221 Te
1093 3195 1121 3224 85
1139 3195 1293 3230 facinusque
1313 3195 1412 3230 capilli.

790 3370 870 3396 Leuis
883 3381 959 3399 coma
969 3373 1075 3408 peffine
1088 3376 1130 3411 99.
1139 3375 1236 3410 Georg.
1250 3385 1277 3409 4,
1291 3382 1334 3409 137
1353 3374 1402 3400 Ille
1414 3382 1516 3400 comam
1530 3372 1620 3399 mollis
1637 3373 1690 3399 iam
1703 3379 1760 3398 tum
1772 3373 1899 3401 tondebat
1911 3376 2026 3402 acanthi.

275 3653 376 3681 Natiua
387 3674 396 3686 ,
424 3657 442 3679 i.
460 3656 517 3680 Non
531 3653 639 3689 fucata,
663 3659 710 3680 aut
728 3655 786 3680 Non
805 3655 905 3682 aliunde
922 3665 1073 3694 comparata.
1090 3663 1092 3666 ⁴

9 3728 25 3759 ⁴¹¹
71 3722 151 3749 illima
173 3721 242 3749 Suet.
255 3723 321 3751 Ner.
337 3733 380 3754 20.
405 3735 453 3752 non
473 3733 524 3752 tam
543 3725 577 3752 ad
594 3732 736 3761 unguenta,
750 3733 824 3760 quam
837 3726 871 3752 ad
880 3727 1022 3760 denlieaeem
1034 3732 1129 3757 c0-100

670 3905 784 3933 Toruae
803 3914 879 3934 coma
898 3905 981 3945 Sibila
999 3907 1130 3940 fron-105
1139 3909 1207 3937 dicat
1225 3916 1339 3936 truncum
1357 3911 1435 3935 ramis
1448 3908 1548 3936 nudum.

1518 107 1551 147 C
1634 108 1669 146 O
1752 107 1801 147 M
2102 125 2187 163 ¹034

1141 191 1190 223 tis,
1215 193 1233 216 i.
1254 191 1377 222 Sibilans,
1395 193 1515 228 spirans,
1538 198 1637 232 agitata
1655 202 1728 222 vento
1749 196 1836 222 Valer.
1861 195 1958 229 Argon.
1980 207 2000 229 3,
2015 208 2053 231 50.
2080 202 2107 226 dc
2121 203 2186 228 Pane

1142 230 1238 262 eiusque
1250 235 1340 253 corona
1348 231 1433 263 pinca.
1492 230 1580 264 Sparsa
1601 232 1645 258 Sil.
1661 237 1683 263 8,
1698 240 1753 265 140.
1807 231 1885 265 Spissa
1899 232 1997 258 nitidus
2013 244 2087 262 coma
2118 239 2185 265 Hor.

1143 263 1230 289 Carni.
1246 270 1268 293 3,
1284 271 1321 294 19,
1335 271 1374 296 25.
1444 264 1500 290 Seu.
1518 267 1626 301 Hippoi.
1641 270 1694 300 246
1719 269 1766 294 l’er
1780 266 1824 293 has
1839 266 1956 293 senefia:
1971 268 2114 301 splendidas
2130 273 2187 307 sup-

1142 297 1202 331 piex
1222 306 1324 330 comas,
1352 305 1398 324 etc.
1480 301 1604 334 squalens
1635 303 1697 329 Stat.
1710 303 1802 329 Theb.
1825 311 1846 335 3,
1866 311 1913 335 135.
1983 304 2103 337 Squalida
2129 308 2185 334 Seu,

1395 334 1477 361 Ouid.
1486 336 1562 370 Epist.
1577 346 1615 369 10,
1630 341 1657 364 16
1679 340 1768 373 thue
1781 345 1837 365 erat
1853 347 1867 364 a
1882 339 1974 364 somno
1987 338 2113 366 Turbida
2123 361 2130 372 ,
2145 352 2187 368 ru.

1531 369 1551 407 q
1572 380 1588 398 2
1629 374 1708 400 Verba
1727 384 1757 400 ac
1778 376 1935 410 Pornopia.-
1965 373 2092 400 Abra-iffae
2115 378 2187 412 Virg,

1395 404 1488 445 Alere,
1512 415 1538 433 υ.
1553 407 1577 442 s
1598 408 1615 433 l.
1689 410 1813 436 Ari-eoae
1833 410 1946 436 horrore
1976 410 2049 444 Virg.
2064 411 2128 436 Aen.
2151 420 2187 445 12,

1436 441 1518 467 Ouid.
1534 441 1566 467 de
1579 442 1642 468 Arte
1657 444 1714 470 Am.
1737 454 1759 477 3,
1780 448 1837 478 146.
1907 446 1955 472 Illa
1969 446 1998 472 iit
2007 445 2127 472 Ani-ictis
2142 447 2189 473 iui-

1446 477 1577 504 Attollere
1597 487 1700 511 0011135,
1732 482 1855 517 Arrigere
1882 482 1939 508 Sen.
1958 483 2037 508 Herc.
2057 482 2110 508 fur.
2131 488 2189 517 789,

1191 547 1195 550 .
1807 516 1931 543 Cincium
1946 518 1993 544 else
2007 517 2089 543 comis
2107 518 2189 545 Ouid.

1141 546 1229 573 Trist.
1244 555 1272 587 4„
1285 553 1312 579 7,
1327 555 1361 572 12.
1391 583 1396 587 .
1417 548 1520 582 Cogere
1535 548 1607 575 nodo
1622 558 1724 582 comas,
1742 549 1911 590 constringere
1931 554 1989 580 Sen.
2005 554 2116 588 Hippol.
2133 563 2191 587 399.

1142 583 1311 616 Compolitae
1343 583 1425 609 Ouid.
1439 584 1518 618 Epist.
1539 593 1581 616 12,
1598 587 1649 617 156.
1722 586 1834 613 Comere
1855 597 1942 615 comas
1974 589 2045 615 Idem
2062 589 2139 624 Epist.
2153 598 2191 623 21,

1142 623 1180 647 88.
1217 617 1331 644 Cernere
1347 626 1434 644 comas
1447 628 1493 645 acu
1511 619 1642 654 Qiinc‘til.
1657 629 1682 652 2,
1697 628 1718 653 5,
1735 630 1770 648 12.
1813 623 1923 650 Comtae
1944 624 2017 659 Virg.
2032 626 2096 651 Aen.
2110 628 2134 658 6,
2148 632 2190 659 48.

1143 654 1312 688 Componere
1333 653 1428 680 comas
1462 655 1595 688 Qninffil.
1614 665 1646 688 11,
1668 665 1695 688 3,
1715 662 1767 690 148.
1795 657 1891 685 dedecet
1911 667 2040 687 oratorem.
2112 662 2192 688 Culta

1531 692 1593 718 Stat.
1609 692 1674 718 Silu.
1699 700 1721 725 5,
1737 701 1756 724 ι,
1772 695 1815 725 136
1849 695 1981 721 Η3ἂο11115
2003 696 2070 723 alma
2090 696 2191 730 chelys:

1145 731 1246 759 tempus
1265 734 1333 751 nuuc
1353 734 1452 759 ponere
1471 725 1580 753 frondes
1625 727 1731 754 Phoebe
1758 734 1829 759 tuas,
1856 731 2006 765 moestaque
2025 741 2126 759 comam
2149 733 2191 759 da·

1147 770 1238 788 muare
1253 761 1378 795 cupresso.
1414 761 1439 788 h.
1454 770 1471 787 e.
1487 770 1536 787 meo
1550 765 1630 797 capiti
1644 773 1758 790 coronam
1773 774 1784 790 c
1797 764 2136 802 cchrfflb‚a1·borefuncsta,
2147 773 2193 794 im-

1140 804 1250 832 ponere,
1270 800 1288 823 i.
1303 797 1432 832 Przfiillae
1444 803 1546 823 mortem
1563 801 1672 823 carmine*
1679 799 1787 832 funebri
1799 799 1934 835 deplorare.

1147 841 1204 858 mae
1238 834 1305 859 Hor.
1321 833 1408 859 Carm.
1428 842 1457 866 4,
1478 841 1517 865 10,
1537 841 1558 865 3.

1141 374 1184 403 pta
1199 377 1274 395 coma
1287 368 1332 395 est.

1141 405 1206 430 Aen.
1227 413 1255 437 4,
1276 413 1335 437 590.

1140 441 1195 469 868.
1218 446 1241 465 et
1259 450 1287 474 4,
1307 445 1365 470 280.

1141 475 1271 510 pedienda
1284 476 1374 502 comis.

2006 803 2137 831 Decidunt
2150 813 2192 831 co-

1587 868 1592 873 .
1642 834 1780 861 Defluxere
1805 845 1895 862 comae
1916 836 1998 864 tactae
2017 839 2193 866 medicamine

1512 869 1669 903 Deprimere
1692 878 1779 895 comas
1797 870 1949 905 horrentes,
1983 875 2093 901 Incultos
2111 879 2195 902 crines

1140 902 1240 938 pestere
1261 904 1318 930 Sen.
1331 904 1436 931 Troad.
1451 908 1508 938 8⁸4.
1552 904 1708 931 Diffundere
1721 913 1808 931 comas
1827 908 1900 940 Virg.
1915 910 1979 935 Aen.
1995 918 2014 941 1,
2027 918 2077 943 319.
2122 912 2192 938 Dila-

1144 939 1216 965 niata
1231 939 1364 966 inornatas
1377 948 1465 966 comas
1485 939 1568 966 Ouid.
1581 941 1672 967 Amor.
1689 949 1712 973 3,
1725 949 1752 973 9,
1766 948 1804 973 52.
1857 942 1996 977 Diriguere
2009 954 2100 972 comae
2121 947 2193 974 Idem

1144 974 1223 1008 Epist.
1239 982 1262 1007 5,
1279 983 1332 1001 122.
1404 975 1520 1002 13151εᾶ3
1541 985 1628 1002 0011135
1640 976 1755 1008 femina,
1783 979 1800 1001 i.
1815 975 1940 1004 Dineffis
1956 983 2031 1005 comis
2062 981 2100 1010 Id,
2114 983 2194 1016 Epist.

1146 1018 1180 1042 12,
1200 1012 1240 1042 63.
1270 1010 1323 1036 vid.
1344 1010 1501 1037 Restituere.
1576 1012 1676 1038 Effusae
1709 1011 1790 1038 Ouid.
1808 1012 1899 1038 Amor.
1920 1021 1941 1045 1,
1955 1021 1980 1044 9,
1996 1019 2031 1045 38,
2104 1018 2195 1045 Erexit

1721 1048 1856 1074 Exornare
1870 1057 1956 1074 comas
1977 1049 2034 1075 Sen.
2049 1052 2127 1079 Herc.
2142 1054 2195 1081 fur.

1145 1089 1200 1114 912.
1273 1081 1404 1116 Expedire
1426 1091 1513 1108 comas
1528 1102 1536 1114 ‚
1565 1086 1583 1108 i.
1606 1083 1735 1118 resoluere,
1750 1084 1872 1118 explicare
1899 1084 1961 1110 Stat.
1981 1084 2045 1111 Silu.
2064 1095 2087 1118 3,
2107 1096 2135 1120 4,
2154 1094 2195 1120 89,

1145 1118 1249 1144 Exuere
1268 1126 1372 1144 comam
1393 1117 1468 1144 vittis
1499 1117 1573 1144 Idem
1586 1118 1678 1145 Theb.
1699 1127 1732 1150 11,
1752 1123 1814 1152 460.
1886 1120 1999 1155 Fingere
2013 1130 2116 1154 comas,
2142 1124 2196 1151 vid.

1138 1153 1226 1189 paullo
1235 1151 1308 1188 post,
1335 1152 1443 1179 Soluere
1463 1161 1561 1179 comas.
1633 1155 1761 1180 formare
1775 1155 1802 1180 in
1816 1155 1927 1189 gradum
1953 1156 2023 1183 Suet.
2040 1157 2106 1184 Ner.
2121 1168 2142 1184 c.
2157 1167 2197 1194 57.

1144 1188 1179 1216 ad
1191 1188 1334 1224 pudendum
1355 1190 1425 1216 illius
1445 1189 1556 1215 habitum
1580 1189 1701 1225 rqfertur.
1784 1191 1915 1225 Frangere
1935 1201 2038 1219 comam
2056 1193 2085 1219 in
2104 1195 2199 1229 gradun

1483 1225 1569 1252 136130
1590 1231 1690 1252 temere
1711 1234 1802 1252 comae
1825 1227 1892 1253 colla
1912 1228 2090 1263 perfundunt,
2117 1229 2199 1264 i.fine

1144 1260 1230 1287 ordine
1237 1260 1343 1296 sparfiie
1362 1261 1421 1288 Sen.
1436 1261 1546 1295 Hippoi.
1560 1269 1619 1294 394.
1692 1261 1832 1296 implicare
1846 1272 1948 1290 comam
1961 1273 2056 1297 11131111,
2076 1269 2093 1291 i.
2109 1266 2199 1302 Capere

1145 1297 1259 1323 crinibus
1279 1297 1355 1332 Virg.
1369 1298 1434 1324 Aen.
1448 1306 1473 1329 2,
1488 1305 1542 1330 552.
1599 1297 1740 1332 Implicare
1755 1306 1842 1325 comas
1856 1299 1946 1332 sertis,
1967 1300 2125 1328 Circumdare
2145 1302 2199 1329 Ti-

1144 1332 1201 1359 bul.
1217 1341 1245 1366 4,
1257 1340 1284 1367 7,
1300 1342 1340 1365 32.
1394 1333 1543 1360 Inuolitant
1559 1332 1677 1360 humeris
1692 1342 1783 1360 comae
1804 1335 1871 1361 Hor.
1885 1336 1972 1362 earm.
1985 1346 2013 1370 4,
2029 1345 2068 1369 10,
2080 1346 2102 1370 3.
2151 1338 2198 1365 Sil.

1145 1371 1238 1401 16,120
1260 1369 1434 1404 Crispamque
1447 1370 1591 1395 Inuoluere
1605 1369 1660 1396 visa
1670 1369 1706 1395 est
1720 1370 1795 1396 Mitis
1808 1371 1912 1397 flamma
1920 1380 2036 1398 comam:
2052 1373 2199 1411 prodigium

1337 1405 1399 1431 Stat.
1407 1405 1471 1431 Silu.
1481 1414 1546 1439 3,4,
1562 1414 1590 1431 10
1610 1404 1638 1431 de
1651 1405 1760 1436 Phoebo,
1776 1406 1874 1433 Forsan
1896 1413 1923 1433 et
1949 1408 2004 1442 ipse
2023 1418 2114 1435 comae
2132 1419 2198 1437 nun-

1144 1448 1224 1474 quam
1233 1439 1359 1466 Labentis
1368 1440 1499 1467 honorem
1507 1441 1638 1473 proferet,
1648 1443 1666 1466 i.
1681 1449 1741 1476 quae
1752 1451 1877 1477 nunquam
1890 1452 1965 1477 neque
1972 1444 2087 1471 tondetur
2096 1465 2104 1478 ,
2123 1455 2198 1481 neque

1137 1477 1210 1512 finio
1230 1475 1258 1501 de
1279 1478 1326 1502 uit.
1399 1477 1526 1502 Lacerare
1558 1477 1615 1502 Sen.
1635 1475 1730 1502 061311.
1752 1485 1774 1502 c.
1786 1485 1843 1509 329.
1916 1479 2024 1505 Lambit
2042 1480 2148 1507 flamma
2160 1483 2199 1508 111-

1146 1511 1226 1538 noxia
1239 1520 1326 1538 comas
1334 1510 1410 1546 Virg.
1425 1513 1490 1538 Aen.
1504 1520 1530 1543 2,
1545 1513 1606 1545 684.
1643 1512 1757 1538 Laniare
1765 1512 1862 1538 Lucan.
1877 1521 1904 1545 2,
1918 1522 1957 1546 39.
1994 1515 2103 1542 Laniata
2111 1525 2199 1543 comas

1145 1547 1228 1575 Ouid.
1248 1548 1313 1575 Met.
1332 1555 1361 1580 4,
1383 1556 1433 1580 139.
1505 1547 1623 1574 Neocre
1643 1555 1683 1573 coi
1705 1556 1747 1573 3111
1767 1555 1856 1580 myrto
1890 1548 1963 1576 Idem
1979 1553 2070 1577 Amor.
2091 1560 2111 1584 1,
2125 1561 2146 1583 2,
2162 1561 2199 1585 23.

1433 1584 1464 1609 Et
1477 1583 1555 1618 Epist.
1572 1592 1609 1615 19,
1623 1591 1666 1615 134
1724 1583 1828 1610 endum
1843 1585 1916 1611 nexis
1936 1594 2020 1620 angue
2035 1587 2143 1614 Medusa
2157 1598 2201 1615 co·

1145 1620 1206 1646 mis.
1259 1618 1389 1654 Negle&a
1409 1619 1490 1646 Ouid.
1505 1619 1538 1645 de
1552 1620 1616 1646 Arte
1624 1620 1689 1644 Am.
1703 1627 1726 1651 3,
1738 1627 1789 1652 353.
1859 1621 2002 1655 Nigrantes
2021 1622 2108 1650 Senec.
2117 1625 2200 1652 Herc.

1145 1655 1198 1682 fur.
1214 1657 1273 1688 689.
1346 1654 1456 1681 Nodare
1471 1664 1560 1682 comas
1592 1654 1684 1682 Claud.
1700 1655 1727 1680 in
1742 1655 1811 1681 Ruff.
1827 1663 1847 1688 1,
1861 1664 1911 1690 119.
1983 1658 2097 1686 Nutrire
2110 1669 2198 1687 comas

1144 1691 1232 1717 Valer.
1247 1692 1347 1725 Argon.
1363 1692 1389 1723 6,
1402 1693 1465 1724 664.
1522 1690 1669 1717 Obnubere
1683 1699 1786 1724 comas,
1805 1694 1823 1717 i.
1844 1693 1932 1719 Velare
1946 1703 2027 1720 comas
2042 1695 2116 1729 Virg.
2131 1697 2197 1723 Aen.

1145 1735 1177 1759 11,
1192 1734 1236 1761 77.
1311 1727 1415 1753 Ornare
1428 1735 1516 1753 comas
1530 1726 1594 1752 fuco
1613 1726 1711 1752 Tibul.
1728 1735 1748 1759 1,
1762 1732 1786 1759 8,
1801 1735 1832 1754 11.
1903 1728 2009 1756 Ροἐὶ010
2025 1731 2107 1757 Ouid.
2118 1732 2197 1767 Epist.

1303 1763 1378 1788 Idem
1391 1763 1457 1788 Met.
1475 1771 1501 1794 2,
1521 1769 1566 1796 733
1593 1762 1794 1797 Permulcetque
1811 1772 1916 1797 comas,
1937 1764 2156 1803 chlamydemque
2169 1773 2200 1795 vt

1144 1798 1256 1832 pendeat
1272 1804 1331 1832 apte
1367 1797 1497 1824 Collocat.
1543 1799 1582 1824 De
1596 1799 1726 1825 Mercurio
1734 1800 1834 1834 placere
1845 1797 1972 1832 studente.
2042 1803 2116 1838 Virg.
2131 1804 2198 1831 Aen.

1143 1841 1166 1867 5,
1181 1836 1227 1867 556
1247 1832 1381 1860 Omnibus
1401 1833 1430 1859 in
1440 1842 1545 1860 morem
1565 1834 1639 1860 tonsa
1659 1842 1734 1860 coma
1746 1835 1826 1869 pressa
1847 1844 1960 1863 corona:
1973 1836 2124 1873 simpliciter
2136 1847 2199 1875 puto

1144 1871 1281 1897 Coronam
1299 1870 1342 1896 hic
1355 1872 1405 1896 iam
1420 1868 1463 1902 effi>
1476 1869 1591 1905 tonsurae
1597 1869 1727 1906 formam,
1747 1880 1795 1907 qua
1814 1872 1895 1905 pressa
1915 1872 1951 1899 est
1970 1881 2062 1907 coma,
2080 1882 2110 1901 vt
2130 1876 2199 1902 falce

1143 1906 1276 1941 premitur
1289 1905 1362 1932 vitis.
1427 1905 1510 1932 Ouid.
1523 1906 1617 1931 Amor.
1632 1913 1653 1937 1,
1667 1913 1693 1940 7,
1708 1908 1740 1936 68
1760 1907 1831 1933 Pone
1844 1909 2030 1943 recompositas
2044 1910 2073 1936 in
2085 1911 2198 1938 statione

1310 1942 1370 1968 Sen.
1390 1942 1472 1968 Herc.
1492 1942 1546 1967 fur.
1566 1946 1608 1974 853
1635 1941 1739 1976 Ephebi
1760 1943 1878 1969 nondum
1893 1945 1982 1979 positis
1995 1945 2087 1974 comis.
2137 1948 2199 1974 Pre-

1143 1985 1219 2004 munt
1247 1977 1331 2004 vittae
1354 1986 1459 2004 comam
1495 1977 1553 2004 Sen.
1581 1977 1693 2012 Hippoi.
1718 1980 1771 2010 651.
1843 1979 1905 2007 Stat.
1918 1980 2011 2007 Theb.
2027 1990 2050 2014 3,
2065 1991 2108 2015 129
2139 1984 2199 2009 Hae

1143 2015 1254 2049 pressant
1268 2013 1297 2039 in
1308 2013 1369 2040 tabe
1389 2022 1495 2045 comas,
1518 2016 1537 2039 i.
1553 2014 1684 2048 applicant
1701 2023 1783 2040 comas
1797 2014 1859 2050 filas
1878 2019 1990 2042 crumnis
2003 2016 2106 2052 sitorum
2125 2018 2199 2044 cada-

1143 2050 1251 2077 veribus.
1318 2050 1455 2076 Prominet
1469 2058 1544 2075 coma
1558 2050 1587 2075 in
1598 2048 1688 2075 vultus
1701 2049 1784 2075 Ouid.
1800 2051 1864 2076 Met.
1879 2059 1913 2083 13,
1927 2056 1984 2085 845.
2002 2051 2031 2077 de
2042 2054 2198 2088 Polyphemo.

1144 2085 1274 2112 Radiante
1295 2093 1371 2112 coma
1392 2085 1476 2118 surgit
1496 2085 1582 2110 Titan
1608 2084 1666 2109 Sen.
1687 2083 1781 2110 061311.
1801 2093 1823 2116 3.
1896 2086 2005 2120 Raptari
2019 2089 2101 2115 comis
2116 2090 2199 2117 Ouid.

1403 2120 1486 2152 Rapta
1507 2117 1541 2151 est
1553 2127 1644 2148 coma,
1663 2118 1716 2145 vid.
1735 2120 1830 2154 Rupta.
1904 2122 2120 2158 Recompositae,
2143 2126 2197 2153 vid.

1140 2155 1242 2181 Ponere
1255 2162 1352 2180 comas.
1408 2153 1522 2181 Reddita
1535 2153 1618 2181 comis
1630 2154 1675 2181 sua
1688 2164 1750 2182 cura
1766 2156 1855 2183 Valer.
1869 2157 1968 2192 Argon.
1982 2164 2003 2190 8,
2017 2165 2071 2191 238.
2124 2161 2197 2188 Reli.

1141 2199 1204 2225 gare
1223 2191 1292 2217 Hor.
1302 2190 1390 2216 Carm.
1406 2199 1426 2223 1,
1439 2197 1461 2223 5,
1478 2200 1505 2224 4.
1560 2189 1716 2223 Renodare,
1735 2194 1752 2216 i.
1766 2194 1793 2217 in
1807 2193 1895 2219 nodum
1904 2194 2018 2230 colligere
2037 2196 2104 2222 Hor.
2112 2197 2197 2232 Epod.

1141 2235 1174 2259 11,
1187 2235 1229 2260 42.
1302 2226 1341 2252 Sit
1353 2234 1445 2259 coma,
1471 2225 1502 2252 sit
1516 2225 1593 2252 doeta
1608 2225 1690 2252 barba
1703 2226 1811 2253 Reseeta
1824 2237 1903 2254 manu
1932 2230 2013 2256 Ouid.
2029 2231 2085 2258 Art.
2100 2233 2159 2259 Am.
2175 2242 2197 2266 1,

1142 2267 1192 2295 518.
1268 2261 1417 2288 Restituere
1442 2269 1546 2287 comam
1565 2260 1705 2287 disiectam
1738 2261 1796 2288 Sen.
1810 2262 1842 2289 de
1855 2264 1956 2291 Breuit.
1976 2265 2025 2292 vit.
2042 2275 2078 2293 12.
2149 2269 2198 2296 Ri-

1411 2331 1416 2335 .
1812 2298 1887 2325 Idem
1903 2300 1982 2334 Epist.
1998 2310 2037 2335 10,
2052 2305 2082 2329 16
2105 2304 2196 2340 thue

1142 2339 1198 2360 erat
1210 2341 1226 2358 a
1238 2333 1332 2358 somno
1344 2331 1453 2358 turbida
1466 2331 1553 2366 Rupta
1566 2340 1641 2359 coma
1656 2332 1700 2359 est.
1738 2333 1793 2360 Hoc
1801 2335 1956 2372 praeferunt
1969 2338 2056 2374 Heins.
2070 2345 2094 2365 et
2107 2340 2195 2367 Burm-

1141 2369 1183 2395 Sic
1203 2366 1284 2394 Ouid.
1307 2366 1386 2403 Epist.
1404 2375 1427 2400 3,
1449 2375 1474 2400 15
1507 2369 1540 2394 At
1558 2367 1679 2395 lacrimas
1699 2368 1752 2394 fine
1769 2368 1822 2396 fine
1841 2370 1918 2405 dedi,
1938 2373 2055 2409 rupique
2076 2375 2195 2409 capillos.

1141 2402 1190 2430 Sed
1212 2403 1272 2429 Am.
1294 2411 1314 2435 1,
1336 2411 1363 2438 7,
1384 2411 1421 2437 49
1453 2403 1544 2438 Raptis
1566 2412 1581 2430 a
1599 2404 1689 2431 fronte
1708 2404 1818 2439 capillis.
1891 2409 2001 2444 Nempe,
2019 2416 2049 2436 vt
2061 2412 2117 2437 vult
2131 2413 2196 2439 Bur-

1140 2449 1247 2465 mannus
1260 2438 1294 2465 ad
1311 2439 1390 2474 Epist.
1408 2447 1447 2471 10,
1462 2442 1490 2465 16
1523 2440 1694 2475 Rumpuntur
1719 2443 1802 2467 crines
1822 2445 1851 2468 in
1865 2442 1936 2471 Iustu
1944 2443 2067 2480 plani-'lm
2084 2453 2130 2473 etc.
2154 2457 2195 2475 η.

1174 2511 1178 2515 ·
1359 2510 1366 2515 ἱ
1731 2477 1788 2503 Vid.
1811 2479 1868 2505 Art.
1888 2480 1948 2507 Am.
1969 2489 1997 2513 3,
2016 2483 2067 2508 161.
2092 2489 2117 2509 et
2136 2491 2195 2517 570.

1140 2511 1217 2538 Scissa
1235 2519 1326 2543 coma,
1340 2510 1474 2548 J7g²2fficat
1493 2511 1604 2538 habitum
1615 2512 1731 2548 feminae
1749 2517 1881 2541 moerentis
1897 2516 1996 2552 Virgil.
2009 2517 2076 2544 Aen.
2092 2527 2120 2551 9,
2133 2524 2195 2555 478.

1140 2548 1198 2574 Sen.
1212 2547 1323 2581 Hippol.
1336 2554 1386 2582 370
1410 2547 1508 2574 Attolli
1520 2547 1597 2574 iubet
1610 2548 1762 2583 iterumque
1780 2550 1847 2584 poni
1865 2560 1981 2587 corpus:
2016 2559 2043 2579 et
2061 2554 2131 2581 solui
2151 2564 2194 2582 co-

1140 2592 1211 2615 11135,
1231 2584 1375 2618 rursusque
1390 2582 1464 2617 fingi.
1535 2584 1700 2619 Sparguntur
1718 2593 1809 2612 comae
1828 2595 1876 2621 per
1889 2593 1966 2622 caput
1985 2589 2068 2617 Ouid.
2083 2590 2116 2617 de
2129 2592 2195 2618 Arte

1141 2620 1200 2646 Am.
1215 2628 1239 2652 3,
1254 2621 1298 2654 76.
1370 2619 1465 2653 Virgil.
1479 2619 1542 2647 Aen.
1558 2628 1581 2652 2,
1596 2627 1652 2655 774
1669 2619 1820 2656 Obstupui,
1839 2623 2026 2660 steteruntque
2039 2634 2146 2660 comae,
2167 2634 2193 2654 et

1517 2656 1652 2691 Stringere
1673 2665 1762 2683 comas
1783 2658 1860 2684 vittis
1878 2658 1953 2687 Idem
1968 2661 2068 2696 Georg.
2088 2671 2116 2695 2,
2136 2665 2191 2694 368.

1139 2691 1322 2726 Substringere
1340 2689 1432 2725 ligatas
1453 2700 1542 2718 comas
1561 2701 1627 2718 auro
1648 2693 1745 2720 Lucan.
1758 2699 1851 2725 3,281.
1869 2697 1887 2721 i.
1902 2704 1975 2723 aureo
1989 2697 2051 2724 nodo
2065 2699 2183 2733 colligare

1140 2726 1266 2754 Trahere
1279 2726 1360 2754 alicui
1372 2736 1476 2753 comam
1493 2728 1664 2763 VirgiLAen.
1680 2738 1700 2762 1,
1715 2737 1778 2764 477.
1850 2731 1992 2758 Turbatae
2009 2733 2140 2766 (Qinc'til.
2157 2742 2191 2765 11,

1139 2771 1162 2799 3,
1176 2768 1229 2796 148.
1303 2763 1372 2797 Quis
1387 2762 1423 2789 est
1436 2763 1563 2797 istorum,
1579 2765 1627 2799 qui
1640 2774 1696 2792 non
1709 2765 1784 2792 malit
1796 2765 1939 2801 Rempubl.
1957 2767 2096 2800 Turbati,
2110 2777 2190 2803 quam

1139 2808 1243 2826 comam
1257 2799 1331 2826 suam
1344 2800 1353 2826 3
1370 2799 1429 2826 Sen.
1443 2799 1475 2825 de
1489 2800 1565 2826 Breu.
1580 2800 1636 2828 Vit.
1655 2810 1692 2828 12.
1764 2802 1875 2836 Variare
1892 2811 1979 2830 comas
2000 2803 2084 2838 politu
2105 2804 2189 2831 Ouid.

1690 2837 1798 2864 Velntae
1810 2847 1900 2864 comae
1914 2839 2010 2873 Virgil.
2022 2840 2086 2865 Aen.
2100 2848 2124 2871 3,
2137 2848 2189 2873 405

1139 2871 1182 2898 vbi
1195 2872 1302 2898 Seru1us
1316 2880 1403 2897 comas
1416 2871 1521 2898 vittatas
1536 2875 1649 2908 exponit..
1718 2873 1809 2899 Vinffi
1823 2882 1910 2900 comas
1923 2874 2018 2900 fronde
2030 2875 2097 2901 Hor.
2106 2876 2189 2910 Epist.

1138 2916 1165 2940 2,
1181 2916 1202 2940 1,
1218 2916 1266 2934 110.
1322 2908 1437 2934 Poeticae
1450 2908 1592 2943 suauitatis
1610 2915 1720 2935 amantes
1734 2908 1854 2935 iuuabunt
1865 2909 1910 2935 duo
1930 2909 1959 2935 de
1972 2910 2056 2937 Coma
2075 2915 2190 2938 carmina

1137 2942 1242 2970 alterum
1262 2943 1363 2970 Catulli
1383 2943 1416 2970 de
1435 2945 1520 2971 Coma
1538 2944 1693 2976 Berenices,
1713 2953 1737 2969 n.
1759 2946 1809 2976 65:
1845 2944 1921 2971 Statii
1934 2946 2039 2972 alterum
2052 2946 2116 2973 Silu.
2132 2955 2156 2980 3,
2169 2956 2190 2981 4

1139 2980 1224 3006 Coma
1238 2979 1327 3006 Flauii
1340 2979 1440 3006 Earini.
1475 2979 1544 3007 Add.
1557 2980 1681 3014 Elogium
1697 2980 1842 3006 Cumarum
1856 2980 2009 3007 muliebrium
2028 2982 2106 3016 Apul.
2120 2983 2188 3009 Met.

1178 3025 1203 3050 p,
1222 3021 1260 3045 118
1280 3016 1318 3050 sq.
1569 3025 1581 3048 3
1618 3016 1732 3047 eomas,
1745 3021 1795 3050 pro
1809 3015 1913 3052 flagello
1933 3026 1943 3042 e
1961 3020 2050 3049 comis,
2070 3019 2111 3044 vel
2122 3019 2189 3054 fitis

1133 3052 1207 3087 plexo
1218 3051 1304 3086 posuit
1316 3052 1432 3078 Martial.
1447 3061 1473 3085 2,
1487 3054 1523 3078 66
1543 3053 1574 3078 Et
1586 3050 1682 3081 cecidit
1695 3051 1779 3077 saeuis
1793 3050 1845 3077 ieta
1860 3051 1964 3078 Plecusa
1982 3053 2074 3080 comis.
2118 3056 2160 3081 Sic
2177 3063 2189 3082 ι

1137 3087 1277 3114 membrana
1295 3088 1415 3114 Tbuanea
1431 3087 1526 3122 Voffi'us
1543 3086 1577 3112 ad
1595 3086 1683 3112 catull.
1714 3096 1738 3121 p.
1761 3095 1824 3119 224,
1848 3096 1897 3113 non
1920 3087 2012 3121 scetis,
2041 3097 2071 3116 vt
2094 3090 2188 3117 editur.

1136 3123 1229 3150 Saeuas
1245 3132 1332 3151 comas
1353 3126 1435 3161 igitur
1448 3124 1517 3150 dixit
1529 3124 1605 3149 Porta
1611 3122 1743 3158 flagellum
1756 3133 1764 3147 :
1799 3122 1961 3159 describitque
1967 3124 2120 3161 supplicium
2134 3127 2189 3153 Ple-

1137 3159 1221 3194 cusa,
1241 3167 1271 3186 vt
1289 3160 1408 3186 quenal.
1428 3161 1459 3191 6,
1475 3167 1539 3192 492,
1566 3158 1609 3184 vbi
1624 3158 1733 3187 Taurea
1751 3158 1827 3192 punit
1845 3159 1985 3186 Continuo
2005 3162 2068 3188 flexi
2086 3162 2190 3194 crimen

1461 3194 1616 3221 Animalium
1629 3193 1726 3229 quidem
1743 3202 1845 3225 comam
1860 3197 1934 3221 etiam
1947 3195 2006 3229 este,
2020 3197 2103 3230 docet,
2121 3208 2147 3225 υ.
2160 3207 2186 3234 g.

1139 3231 1247 3258 Colum.
1262 3239 1289 3266 7,
1301 3240 1324 3264 3,
1333 3239 1350 3266 7
1368 3231 1478 3258 Variam
1495 3236 1521 3256 et
1535 3238 1624 3256 canam
1638 3238 1741 3255 comam
1755 3232 1835 3256 ouium
1847 3230 2021 3265 improbabis.
2128 3231 2149 3271 ff
2167 3242 2188 3267 4

1139 3267 1238 3300 Coma,
1259 3274 1308 3303 per
1324 3267 1492 3302 metaphoram
1513 3269 1587 3293 etiam
1611 3265 1640 3291 de
1658 3265 1813 3297 Arboribus,
1826 3265 1986 3301 fruticibus,
2003 3269 2185 3299 arundinibus,

1136 3309 1209 3339 atque
1222 3306 1297 3330 etiam
1311 3303 1393 3330 herbis
1405 3302 1508 3328 dicitur.
1549 3300 1608 3328 Vid.
1624 3301 1712 3327 Barth.
1728 3299 1762 3327 ad
1777 3301 1884 3328 Nemes.
1898 3303 1945 3330 ecl.
1960 3313 1993 3337 4,
2007 3313 2048 3337 23.
2117 3304 2185 3331 Plin.

1139 3347 1182 3371 12,
1198 3347 1229 3372 25
1255 3339 1364 3366 Folium
1387 3338 1497 3365 balsami
1516 3337 1669 3372 proximum
1693 3342 1769 3363 rutae
1787 3345 1912 3373 perpetua
1932 3348 2016 3367 corna.
2087 3338 2183 3401 Igirlgil.

2120 3384 2134 3401 r
2155 3383 2184 3400 o-

1138 3419 1199 3436 rum
1215 3419 1307 3437 comae
1328 3411 1420 3436 Horat.
1435 3410 1524 3435 Carm.
1543 3417 1579 3442 4,
1599 3416 1633 3443 7,
1653 3417 1674 3434 2.
1745 3409 1828 3436 Ouid.
1842 3410 1912 3437 Nuc.
1926 3420 1960 3445 34
1986 3412 2070 3438 Arbor
2087 3410 2184 3436 sterilis

1544 3445 1617 3471 Idem
1631 3445 1724 3471 Amor.
1731 3452 1757 3477 2,
1772 3447 1811 3478 16,
1824 3447 1856 3478 36
1876 3447 2037 3482 Frigidaque
2050 3445 2196 3475 Arboreas⁴

1510 3480 1662 3507 Nemorum
1676 3481 1772 3507 Horat.
1788 3481 1878 3508 carm.
1890 3490 1911 3515 1,
1926 3491 1964 3515 21,
1978 3491 1999 3515 5.
2069 3482 2182 3515 Papaue-

1724 3516 1854 3551 Populeae
1873 3517 1946 3545 Idem
1960 3518 2052 3544 Amor.
2068 3525 2088 3548 1,
2102 3524 2127 3551 7,
2140 3523 2182 3549 54.

1139 3445 1194 3472 sola
1207 3445 1389 3481 conspicienda
1404 3453 1488 3472 coma.

1138 3481 1252 3510 mulceat
1266 3491 1330 3509 aura
1342 3490 1439 3507 comas.

1139 3526 1213 3549 reae,
1233 3522 1251 3545 i.
1262 3518 1344 3553 flores
1362 3516 1443 3543 Ouid.
1458 3516 1523 3543 Fast.
1537 3527 1571 3549 4,
1590 3520 1647 3555 438.

80 3564 87 3570 .
101 3544 129 3570 in
141 3545 225 3572 Senat.
238 3554 262 3578 13
276 3555 297 3572 c.
313 3547 338 3572 6.
362 3548 389 3571 in
409 3545 548 3580 ffminati
561 3553 584 3573 et
601 3547 664 3574 ebrii
676 3548 784 3584 confidis
795 3548 973 3586 descriptione,
999 3552 1075 3585 vini,
1091 3556 1124 3583 95
1139 3555 1178 3580 De
1189 3553 1355 3585 bisrTibull.
1372 3560 1398 3585 1,
1411 3560 1438 3586 4,
1451 3557 1482 3582 28
1502 3553 1590 3585 Qiam
1605 3557 1661 3578 cito
1676 3560 1825 3587 purpureos
1843 3552 1962 3588 deperdit
1975 3560 2044 3579 terra
2062 3552 2182 3584 colores,

1139 3589 1228 3623 Quam
1240 3591 1295 3616 cito
1309 3589 1438 3615 formosas
1452 3588 1567 3622 Populus
1586 3587 1645 3614 alba
1657 3596 1754 3615 comas.
1826 3589 1902 3615 Sacra
1914 3589 1983 3615 lauri
1997 3596 2072 3613 coma
2084 3587 2181 3621 Virgii.

1138 3625 1203 3652 Aen.
1217 3633 1251 3660 7,
1272 3627 1315 3651 60.
1387 3624 1484 3650 Bruma
1505 3622 1611 3650 decuffit
1629 3632 1716 3650 comas
1735 3623 1863 3651 arborum
1882 3623 1939 3650 Sen.
1957 3623 2035 3650 Herc.
2050 3623 2110 3650 Oet.
2128 3628 2180 3655 383.

1137 3661 1227 3688 Posuit
1248 3661 1331 3688 arbor
1349 3667 1452 3691 comas,
1476 3658 1570 3686 nudata
1589 3657 1624 3692 est
1639 3659 1719 3696 foliis
1738 3660 1835 3695 virgil.
1850 3660 1914 3686 Aen.
1929 3668 1969 3690 12,
1990 3666 2050 3691 209.
2120 3659 2179 3685 Sen.

1136 3696 1216 3724 Herc.
1233 3697 1294 3724 Oet.
1314 3702 1394 3729 1577

1331 3731 1401 3757 Vere
1420 3728 1483 3756 dum
1502 3729 1580 3757 flores
1598 3730 1707 3758 venient
1725 3730 1838 3766 tepenti,

1333 3766 1365 3793 Et
1389 3774 1492 3792 comam
1512 3765 1585 3793 filuis
1604 3765 1706 3793 hiemes
1729 3766 1863 3798 recident,

1332 3800 1382 3828 Vel
1404 3809 1507 3828 comam
1532 3801 1604 3829 siluis
1630 3802 1769 3829 reuocabit
1793 3800 1888 3832 aestas,

1333 3837 1467 3872 Pomaque
1491 3838 1635 3865 3116111111ηο
1654 3838 1774 3872 fugiente
1802 3836 1903 3862 cedent.

1139 3873 1220 3901 Ouid.
1235 3873 1300 3900 Met.
1316 3879 1354 3903 10,
1368 3881 1410 3905 103
1436 3873 1571 3902 Succine’ta
1586 3883 1673 3901 comas
1683 3894 1691 3906 ,
1712 3873 1864 3905 hirsutaque
1883 3868 1983 3896 vertice
1997 3869 2083 3904 pinus.
2136 3867 2179 3893 In-

1613 3908 1744 3936 Columel.
1758 3916 1794 3939 10,
1808 3913 1860 3941 277
1881 3905 2004 3934 Telluris
2018 3901 2181 3973 ‘omajlsum

2119 3943 2180 3963 ores.

1293 3943 1355 3979 ⁶.¹’
