2474 4182
287 114 368 152 1¹4?
672 94 707 136 C
795 93 832 133 O
918 92 960 132 N
1074 61 1078 65 ²
1784 86 1820 127 C
1907 87 1944 127 O
2029 87 2074 131 N
2229 106 2239 110 -
2336 49 2422 148 *¹148

323 194 340 215 c
351 193 370 213 o
382 194 402 212 N
412 193 431 213 G
442 193 459 213 Ε
468 189 512 213 ιιι
521 192 543 212 N
555 192 576 213 Α
586 192 630 212 Ns
644 206 653 220 ,
680 184 756 211 antis.
793 181 887 209 Partic.
923 183 936 216 [
950 179 1112 216 διπλασιάζων
1125 182 1138 214 ]
1172 178 1262 206 Valer.
1282 179 1330 205 Ar·
1393 179 1420 209 6,
1433 186 1493 209 224.
1562 178 1666 205 Funera
1686 177 1805 211 congesta
1823 176 1966 203 aceruatim
1980 176 2079 205 honori
2093 179 2250 207 cadauerum
2261 181 2328 208 pun,
2341 191 2377 217 η,
2389 191 2423 217 18·

2441 215 2443 225 .

287 233 348 258 gon·
370 225 395 255 6,
417 230 475 257 379.
1395 213 1482 238 Grana
1500 213 1584 239 tritici
1604 214 1632 240 in
1651 223 1679 240 os
1692 214 1767 249 pueri
1782 213 1871 239 Midae
1884 212 2003 247 congesta
2016 222 2032 239 a
2044 213 2163 242 formicis
2184 217 2239 243 Cic.
2251 216 2284 243 de
2297 218 2385 245 Diuin.
2398 229 2424 254 2,

325 264 342 284 C
356 266 374 285 O
385 266 404 284 N
416 265 436 284 G
447 265 462 284 E
471 265 496 285 M
506 266 514 284 1
524 265 544 284 N
555 264 577 284 Α
586 263 606 283 Τ
617 264 636 282 v
646 263 658 282 S
672 275 679 286 ,
704 263 718 280 a
728 275 735 287 ,
760 263 813 280 um.
841 254 908 280 Part.
945 252 1023 286 Apul.
1038 252 1069 278 de
1082 252 1177 285 Dogm.
1190 250 1253 277 Plat.
1269 251 1328 285 p.6,
1394 250 1437 274 66.
1510 247 1569 274 Liu.
1591 257 1632 280 39,
1650 257 1682 281 -50
1711 249 1785 276 Adeo
1798 249 1918 275 humanis
1937 248 2062 275 omnibus
2074 251 2199 284 congestis
2219 253 2266 286 (in
2284 257 2423 289 mortuum)
2440 257 2443 274 !

289 304 320 321 :o
338 294 466 321 Numeris
481 300 506 320 et
524 293 609 320 modis
623 290 717 317 confici
734 288 924 324 congeminatis
937 288 1105 314 substantiam
1120 286 1224 313 mentis.
1393 283 1550 310 Honoribus
1563 289 1590 310 vt
1603 292 1635 309 ne
1650 284 1748 311 diuinis
1763 284 1871 320 quidem
1890 283 2072 311 abstineretur.
2141 287 2260 320 Montes,
2280 291 2298 314 i.
2321 296 2424 324 compor-

323 337 399 357 CON
409 337 430 356 G
441 337 488 357 EM
498 338 505 355 1
517 337 536 355 N
547 335 598 355 ΛΤ
610 335 616 352 1
628 333 646 353 O
656 346 664 358 ,
686 327 752 352 onis.
773 326 792 351 f.
829 325 910 352 Plaut.
925 325 1003 351 Poen.
1019 332 1041 357 ς,
1057 331 1078 356 3,
1094 327 1118 352 18
1140 321 1214 356 Qid
1226 321 1277 348 hoc
1291 321 1327 347 est
1351 327 1364 352 ς
1392 322 1443 344 tati
1456 318 1537 345 Ouid.
1551 319 1614 345 Met.
1629 327 1648 350 1,
1662 325 1711 351 133.
1779 321 1952 347 Monumenta
1965 319 2060 354 opibus
2075 319 2183 347 alicuius
2195 322 2302 349 Tibull.
2318 332 2327 349 1
2352 330 2377 357 7,
2387 332 2414 358 -9
2435 319 2438 324 ’

286 365 539 401 conduplicationisi
567 371 633 397 quae
646 362 709 388 haec
722 361 935 396 congeminatio}
1393 355 1513 381 Nemore
1534 354 1657 388 congesto
1678 353 1804 382 strue'tum
1826 365 1946 391 aggerem
1968 364 2090 382 aceruare
2118 356 2175 382 Sen.
2189 357 2266 384 Herc.
2285 343 2338 385 furi
2357 342 2422 387 12i6'

323 408 340 429 C
352 409 371 428 o
382 410 401 428 N
414 408 433 427 (ι
443 409 459 428 κῑ
469 406 584 426 MMAT
594 406 614 424 v
623 406 636 424 s
646 418 654 430 ‚
672 406 702 431 a,
722 406 777 423 um.
802 396 862 424 Adi.
900 395 967 423 Idem
981 394 1045 431 quod
1054 392 1163 429 undique
1175 392 1326 426 Gemmatus,
1391 391 1461 424 Opes
1485 389 1565 416 Ouid.
1581 389 1647 416 Fast.
1666 399 1695 423 4,
1709 391 1761 420 618.
1830 392 1935 427 Oppida
1958 390 2078 425 congesta
2098 400 2178 418 manu
2196 393 2340 428 praeruptis
2360 381 2424 422 suff
2436 402 2444 422 Η

284 438 352 475 apud
371 436 490 474 Tertull.
1107 463 1113 467 q
1390 427 1465 467 virg.
1480 426 1576 466 Georg.
1593 434 1618 456 2,
1633 425 1685 458 156.
1757 426 1852 453 Oratio
1877 427 1998 455 dissoluta
2021 432 2100 461 atque
2122 436 2154 454 ex
2179 425 2286 454 diuersis
2308 429 2423 463 congestu
2435 436 2471 464 p,

321 480 338 499 c
349 481 396 499 ΟΝ
408 479 427 498 (νῑ
439 477 487 497 ΕΜ
498 476 536 502 ο,
557 469 601 501 ui,
621 470 702 499 itum,
723 471 776 495 ere.
811 466 936 502 [ςενοέξω]
978 466 1034 491 Vna
1052 470 1076 490 ct
1087 464 1166 498 szul
1182 471 1289 500 gemere,
1302 469 1325 489 et
1391 461 1524 495 Qunenl.
1541 470 1564 495 2,
1578 470 1611 488 11.
1685 460 1789 487 Pondus
1808 462 1867 488 auri
1884 463 1964 490 Ouid.
1984 462 2062 497 Epist.
2079 470 2117 496 17,
2131 471 2192 495 224.
2260 463 2348 490 Puluis
2364 465 2437 492 Pro-¹
2460 464 2461 468 ’

283 509 370 536 dolere.
407 507 462 533 Cic.
476 515 524 540 pro
537 506 656 532 Muraen.
669 513 694 538 51
707 514 728 531 c.
742 513 768 537 25
792 503 952 538 Congemuit
967 503 1072 527 Senatus
1085 500 1224 534 frequens,
1238 508 1323 533 neque
1340 511 1370 530 10
1391 503 1458 532 pert.
1472 506 1501 531 4,
1517 506 1555 530 10,
1571 506 1606 529 31.
1680 497 1749 524 Hor.
1763 496 1845 523 Serm.
1859 505 1881 529 1,
1893 507 1913 530 1,
1925 507 1960 534 70
1988 498 2126 533 congestis
2146 497 2262 532 vndique
2281 498 2362 525 saccis
2383 500 2424 528 In·

283 552 371 571 gamen
399 543 459 568 satis
482 543 570 568 seuere
593 550 642 576 pro
664 541 704 567 rei
726 541 885 574 indignitate
906 537 1032 564 decreuit.
1105 536 1211 562 Lucret.
1232 544 1254 567 3,
1268 542 1323 569 947
1390 533 1492 560 dormis
1505 533 1625 564 inhians,
1639 538 1684 558 etc.
1758 532 1840 559 Ouid.
1854 533 1918 559 Met.
1933 539 1956 566 8,
1969 543 2005 567 1¹3
2025 535 2084 561 Nec
2096 539 2122 560 te
2137 532 2235 560 Noster
2247 542 2321 560 amor
2333 536 2424 570 mouit,
2451 553 2453 558 .

282 579 355 612 (ὡς,
376 578 426 604 tibi
444 583 579 612 tantopere
599 576 635 603 est
656 576 792 608 mom-ssis,
806 575 878 611 quod
892 573 971 600 nimis
989 572 1073 606 aegris
1096 570 1225 598 Luctibus
1239 570 1324 596 indul·
1388 578 1437 596 nec
1457 569 1528 604 quod
1548 569 1608 603 Spes
1627 567 1715 594 omnis
1731 568 1761 595 in
1780 577 1860 594 vnum
1878 568 1924 594 Te
1937 578 1995 596 mea
2010 569 2130 604 congesta
2146 568 2191 595 cst.
2260 568 2357 596 Turba
2369 570 2424 600 San,
2436 567 2460 598 ,⁸

280 615 341 649 ges?
360 613 424 649 quid
445 619 558 640 mortem
578 613 728 647 congemis,
741 618 766 638 et
786 613 849 638 fles?
894 608 1008 636 Potitum
1027 608 1128 635 feretro
1147 614 1323 641 congemuere
1388 604 1501 636 Thyest.
1515 613 1540 637 9.
1612 603 1725 639 Compar.
1755 604 1853 631 Auson.
1867 604 1971 631 Mosell.
1983 614 2010 631 v.
2025 614 2064 638 ¹33
2094 604 2267 636 Gobio,non
2284 605 2368 632 maior
2384 607 2465 642 gemb.

281 650 368 677 Valer—
384 651 482 684 Argon·
497 658 520 681 5,
536 658 573 675 12·
645 648 758 683 Metaph,
777 648 851 681 Virg,
868 647 932 672 Aen.
949 653 972 677 2,
985 646 1028 676 631
1054 642 1216 670 Vulneribus
1238 642 1322 669 donee
1388 640 1468 666 minis
1482 639 1534 665 fine
1548 638 1644 673 pollice
1656 638 1761 674 palmis,
1779 640 1950 674 Praepinguis
1966 646 2048 673 teres,
2062 643 2175 676 ouipara
2193 639 2340 675 congestior
2357 640 2424 677 aluo,
2436 638 2443 652 '⁴
2457 651 2459 653 ’

279 685 417 720 paullatim
433 684 694 719 eui&a‚supremum
712 682 881 718 Congenmit.
916 682 954 708 De
969 689 1028 707 orno
1041 679 1127 706 arbore
1139 680 1259 713 loquitur.
1339 687 1365 713 ι)-
1383 679 1402 701 ι“.
1422 674 1541 709 crqffior,
1552 676 1661 709 plenior.
2397 697 2401 704 ,
2426 691 2431 702 =

315 727 389 747 cox
400 728 418 747 G
430 727 543 748 muse
553 727 571 747 o
581 740 589 753 ‚
609 723 662 748 ere.
687 719 762 746 Idem.
794 716 932 752 Augustin.
947 716 1059 743 Confeff.
1078 718 1104 747 6,
1119 722 1136 748 7
1144 721 1189 749 pr.
1219 714 1321 746 Conge-
1426 716 1444 736 c
1455 716 1475 737 ο
1487 717 1592 737 NGER
1602 717 1611 736 1
1621 717 1637 737 E
1648 716 1661 737 s
1674 730 1683 743 ‚
1707 710 1741 737 ei.
1771 710 1792 738 f.
1834 710 1951 747 sompnia,
1970 710 2049 737 ewa-²>
2062 711 2160 746 οισμδς]
2203 710 2237 738 Id
2260 710 2326 747 quod
2344 721 2424 756 conge-
2448 718 2449 721 ¹

279 756 453 785 miscebamus
466 757 554 788 iniis,
570 757 617 792 qui
632 755 706 782 simul
721 755 803 782 amice
817 753 983 781 viuebamus.
1380 744 1450 779 stum
1466 745 1509 780 «st.
1564 746 1630 772 Plin.
1643 755 1680 778 ιο,
1692 755 1726 779 43
1758 745 1786 772 de
1798 756 1886 779 coruo,
1901 750 1944 782 qui
1963 722 2112 782 congqlierat
2123 746 2218 783 Iapides
2231 749 2258 773 in
2269 745 2392 782 fitulamq,
2403 763 2412 778 ³.
2450 758 2451 769 ι

315 798 360 819 CO
371 800 391 818 N
402 799 447 819 GE
456 799 572 820 Mlscr:
583 800 603 818 N
614 800 626 819 S
643 812 651 824 ‚
678 791 754 818 cmi,-
797 788 916 818 Tertuu,
937 787 970 815 de
989 786 1102 822 Speehc.
1122 793 1144 810 c.
1165 791 1197 815 30
1235 782 1320 816 Reges
1385 782 1478 808 biberet
1495 781 1652 808 commodius.
1687 783 1741 814 Ita,
1754 785 1856 818 inquit,
1875 781 2030 808 descendere
2058 789 2197 817 pauentem
2220 782 2359 817 expreffiffe
2374 777 2376 783 ¹
2394 787 2399 789 '

279 828 340 857 imi,
354 828 470 854 tenebris
480 828 709 863 congemiscentes,
1169 853 1175 858 1
1386 818 1665 852 congerie‚quantum
1686 823 1784 852 poturo
1803 816 1941 845 sufficeret.
2012 817 2308 848 Bonorumcongeries
2335 819 2358 846 C
2380 826 2413 848 μ,
2427 809 2443 852 ᾖ,

315 870 333 890 c
345 870 364 890 o
373 872 394 890 N
406 871 426 891 G
435 872 451 890 ιε
460 871 480 890 N
490 863 506 891 J}
517 872 534 891 R
545 872 564 891 0
579 884 587 896 ‚
615 869 665 890 are.
703 864 716 898 [
723 860 874 896 ovyyma'w]
916 859 1080 890 Adiungere,
1099 854 1232 894 associare.
1269 853 1319 879 Ac-
1334 862 1370 881 20
1387 855 1480 888 Paneg.
1495 859 1518 886 8,
1554 873 1560 879 .
1599 873 1606 880 .
1684 853 1764 880 Fului
1777 853 1883 881 Metalli
1895 853 1964 881 vasta
1978 854 2113 888 congeries
2125 848 2258 880 Claudsin
2269 852 2332 880 Ruf.
2343 862 2366 887 2,
2375 846 2400 877 ⁶:⁴⁴⁸
2416 851 2454 873 ““ι

277 898 333 926 cius
348 900 493 933 Fidicinis,
512 902 601 934 Qtam
614 899 693 926 vehat
711 904 786 933 grato
799 897 851 925 tibi
864 898 1019 928 congenerat
1034 896 1167 931 genuum,
1182 894 1227 915 aut
1239 897 1319 929 gene·
1386 889 1506 917 Pulueris
1520 890 1616 915 Lucan.
1628 897 1655 922 9,
1669 894 1730 924 487.
1746 892 1776 916 ir.
1792 894 1815 921 8,
1828 891 1883 919 868.
1954 889 2041 916 Siluae
2057 889 2139 917 Ouid.
2154 891 2218 916 Met.
2233 898 2259 923 9,
2273 896 2327 923 235.
2382 887 2413 920 {f
2440 893 2443 904 ¹

275 944 338 962 rum
350 934 470 962 affinitas.
516 936 632 968 Ennius,
653 936 740 968 Qiem
753 933 822 960 mihi
842 933 998 964 congenerat
1012 926 1133 965 affinitas.
1170 925 1278 952 Nonius
1292 933 1320 956 2,
1385 925 1427 952 dis
1440 925 1532 952 Claud.
1554 925 1582 951 in
1594 934 1633 960 pr.
1645 926 1724 951 Cons.
1739 925 1796 951 Stil.
1813 933 1839 957 2,
1854 934 1890 951 10.
1912 928 1929 951 i.
1947 925 2036 951 Chaot.
2106 925 2186 952 Ouid.
2203 925 2268 952 Met.
2289 933 2310 957 1,

277 979 319 998 121
339 971 386 999 Sed
400 973 478 997 multa
490 970 524 1005 est
535 972 577 998 hic
589 970 704 998 leflionis
718 973 843 999 varietas,
856 973 879 991 ct
892 964 1021 1003 multiplex
1028 964 1102 998 jaree
1113 962 1263 1002 corruptela.
1386 961 1481 988 rudem
1502 960 1710 996 indigestamque
1724 961 1833 987 molem.
1870 961 1952 987 Saeua
1967 960 2119 995 congeries,
2132 962 2242 997 Strages.
2284 961 2322 987 Va
2334 967 2373 988 er:

311 1013 356 1034 CO
365 1015 387 1033 N
397 1013 443 1034 GE
452 1014 473 1033 N
482 1014 526 1034 ER
536 1014 557 1033 A
566 1014 588 1034 Τ
598 1013 619 1032 V
629 1014 658 1039 s,
678 1015 692 1033 a
701 1026 709 1037 ,
730 1013 783 1030 um.
808 1003 852 1033 Vt,
866 1000 971 1027 Porculi
992 1003 1162 1032 congeneran
1181 996 1262 1022 eadem
1275 995 1317 1031 fe·
1387 1006 1448 1032 gon.
1462 999 1489 1029 6,
1502 1005 1540 1030 511
1567 998 1640 1023 Inter
1651 1006 1665 1022 e
1686 1005 1733 1023 uos
1747 997 1851 1023 saeuam
1864 997 1963 1023 misero
1975 996 2128 1023 lustramine
2142 998 2245 1023 versant
2262 996 2399 1031 Congeriss‘

271 1049 333 1069 eura
346 1043 409 1069 editi
428 1044 506 1071 Varr.
520 1043 552 1070 R.
565 1043 596 1069 R.
610 1051 633 1075 2,
645 1051 673 1074 4,
688 1049 723 1073 ¹9-
769 1037 876 1064 Senium
889 1034 1004 1071 parentis
1017 1039 1223 1068 congeneratum
1237 1031 1318 1058 Colu-
1334 1039 1366 1066 25
1386 1033 1521 1061 Rhetorum
1542 1042 1634 1068 qnoque
1651 1042 1661 1059 e
1703 1033 1857 1068 Congeries.
1893 1031 2026 1067 Quinctil.
2046 1037 2070 1065 8,
2090 1042 2119 1066 4,
2138 1041 2150 1065 3
2177 1033 2303 1065 Qtatuor
2317 1041 2352 1058 m-
2435 1047 2440 1058 ι

271 1078 333 1106 mel.
349 1085 375 1113 7,
390 1087 413 1111 3,
428 1086 461 1111 ις.
1386 1068 1528 1104 generibus
1542 1068 1660 1094 constare
1671 1068 1752 1095 video
1766 1067 2002 1103 amplificationem
2011 1088 2019 1100 ,
2032 1068 2196 1095 incremento
2205 1089 2213 1100 ,
2226 1067 2381 1102 comparat'·
2394 1084 2396 1091 =
2409 1086 2416 1097 -;

307 1120 325 1141 C
336 1121 355 1141 o
366 1122 386 1140 Ν
397 1121 418 1141 G
428 1114 475 1141 1²5N
484 1121 500 1141 Ε
509 1121 545 1146 R,
564 1113 624 1139 eris.
661 1110 721 1137 Adi.
758 1107 905 1143 [ὅμόγονος]
944 1106 1055 1133 Eiusdem
1072 1107 1186 1142 generis,
1197 1109 1227 1129 vr
1240 1104 1318 1143 chz':
1385 1104 1609 1136 ratiocinatione,
1623 1104 1755 1138 congerie.
1791 1106 1822 1131 Et
1835 1105 1853 1130 s.
1867 1106 1901 1130 26
1926 1104 2011 1131 Potest
2025 1103 2140 1131 adscribi
2153 1103 2361 1138 amplificationi·
2372 1106 2397 1127 '-1·
2406 1110 2412 1134 ³.

270 1160 323 1177 ner.
360 1150 426 1176 Plin.
442 1158 476 1183 ις,
489 1158 522 1182 24
543 1147 624 1174 Aliud
639 1154 734 1181 corpus
747 1144 784 1172 est
797 1143 965 1172 terrestribus
980 1141 1073 1176 fragis,
1086 1140 1161 1168 aliud
1173 1146 1318 1174 congeneri
1385 1141 1471 1175 geries
1484 1148 1593 1175 quoque
1606 1139 1754 1166 verborum
1767 1149 1797 1166 ae
1809 1140 1998 1166 sententiarum
2014 1139 2086 1166 idern
2099 1139 2310 1175 significantium.
2352 1140 2374 1168 Ε
2383 1145 2392 1153 ¹
2412 1156 2417 1158 -

269 1194 365 1213 eorum
383 1184 508 1211 vnedoni.
1384 1178 1416 1203 In
1433 1175 1600 1211 συιοιθραιαμῷ
1620 1175 1738 1209 plurium
1757 1185 1847 1203 rerum
1861 1175 1897 1202 est
1917 1175 2070 1210 congeries,
2083 1175 2127 1202 hic
2140 1176 2218 1202 vnius
2237 1175 2366 1210 multiplic
2373 1190 2393 1197 ,ν

305 1227 323 1248 C
336 1229 355 1248 0
364 1229 385 1247 N
395 1227 414 1247 G
425 1219 442 1246 ἔ
453 1227 473 1245 Ν
482 1226 498 1246 Ε
508 1225 527 1245 R
543 1238 552 1251 ‚
577 1218 626 1245 eri.
658 1227 694 1244 m.
730 1217 820 1243 Generi
838 1218 865 1242 in
883 1213 1007 1250 affinitate
1024 1213 1118 1250 socius:
1154 1210 1316 1246 Congeneri,
1335 1224 1367 1248 30
1423 1218 1441 1239 C
1452 1219 1470 1238 0
1481 1219 1501 1238 N
1512 1218 1532 1238 G
1542 1218 1558 1238 13
1568 1218 1610 1238 ST
1619 1218 1660 1237 vg
1670 1231 1678 1243 ⁹
1698 1210 1736 1238 fis,
1759 1220 1793 1239 m·
1831 1210 1932 1246 [caroffi
1947 1213 2021 1248 ww]
2056 1212 2113 1238 Cic·
2127 1211 2160 1238 de
2173 1210 2266 1238 Diuin·
2279 1219 2307 1243 2,
2319 1213 2351 1241 68
2364 1220 2378 1238 c
2402 1217 2413 1234 ,ι

268 1257 315 1282 duo
332 1258 463 1296 pluresque
482 1257 583 1295 generi,
606 1251 716 1290 respic-Tu
736 1255 812 1278 vnius
826 1252 918 1287 soffri.
963 1248 1111 1282 Symmach.
1131 1248 1211 1291 lipist.
1232 1252 1256 1280 8,
1278 1256 1315 1280 40
1383 1247 1504 1274 Herbam
1520 1253 1610 1274 autem
1627 1247 1743 1281 asperam
1761 1246 1841 1274 credo
1863 1247 1924 1281 (ch
1937 1245 2003 1280 inste}
2020 1250 2049 1273 in
2059 1246 2149 1281 statua
2168 1246 2316 1286 Lysandri)
2338 1255 2355 1273 a
2400 1249 2414 1276 ιζ

268 1293 400 1326 Suprenus
413 1298 557 1326 congeneri
570 1290 698 1316 lntereffe.
719 1288 798 1314 Gloss'.
816 1286 929 1320 Cyrilli,
944 1286 1096 1320 Congener,
1109 1281 1278 1318 avyyoefflqaof.
1383 1283 1520 1318 congestu,
1534 1292 1590 1309 non
1609 1282 1727 1310 humano
1740 1283 1795 1310 satu
1802 1303 1811 1315 ,
1830 1286 1849 1310 i.
1870 1292 1882 1309 e
1895 1283 2005 1318 simine,
2019 1283 2086 1319 quod
2097 1293 2154 1309 aues
2168 1281 2343 1319 congellerunt.
2404 1301 2407 1304 -

302 1326 571 1354 CONGENiTvs
584 1346 592 1358 ,
620 1334 635 1352 a
649 1345 657 1358 ‚
685 1333 740 1351 um.
776 1324 871 1350 Partic.
913 1320 1074 1355 [ὅμογενὴς]
1116 1321 1189 1346 Velut
1208 1328 1224 1345 a
1243 1319 1313 1358 Con-
1382 1319 1522 1352 lumel.;9,
1542 1328 1582 1351 14,
1602 1327 1633 1352 ¹4
1672 1318 1805 1354 Congestu
1830 1318 1980 1346 culmorum
2006 1325 2033 1345 et
2059 1319 2200 1346 frondium
2229 1312 2344 1354 superte
2349 1327 2405 1348 ιιιι,
2428 1326 2437 1351 ᾳ

266 1363 355 1398 gigno.
392 1362 458 1389 Plin.
476 1371 508 1395 ιι,
521 1370 552 1395 39
588 1361 639 1388 Pili
658 1359 793 1394 congeniti
808 1368 863 1386 non
877 1358 1005 1384 delinunt.
1077 1355 1227 1390 Congenita
1237 1354 1314 1381 vasti-
1382 1359 1484 1382 Arenae
1501 1354 1636 1389 congestus
1655 1355 1760 1383 Lucret.
1778 1357 1805 1386 6,
1818 1362 1880 1389 724.
1955 1354 2102 1389 Copiarum
2120 1353 2245 1390 congestu
2265 1353 2360 1382 vasta
2390 1343 2437 1386 *si

264 1406 303 1425 tas
316 1398 446 1425 roborum
461 1398 535 1425 Idem
550 1399 589 1430 16,
604 1406 628 1423 2.
684 1396 833 1430 Congenita
844 1400 870 1422 et
888 1393 1006 1429 ingenita
1019 1391 1180 1420 conscientia
1192 1390 1313 1417 Tertull.
1332 1403 1361 1431 35
1381 1391 1504 1418 coloniae
1516 1396 1542 1417 et
1554 1390 1718 1425 municipia,
1737 1393 1756 1417 i.
1777 1388 1938 1417 multitudine
1949 1390 2041 1417 Tacit.
2055 1390 2124 1418 Hist.
2141 1399 2168 1423 2.,
2186 1396 2227 1425 87.
2299 1384 2437 1424 Qinfflu
2459 1389 2466 1410 -'

264 1434 297 1463 de
312 1435 427 1461 Testim.
441 1435 490 1461 An.
507 1443 528 1460 c.
543 1441 565 1466 ς.
1227 1461 1231 1466 ι
1249 1462 1254 1466 ⁴
1381 1437 1420 1460 10,
1434 1435 1451 1462 7
1471 1437 1496 1462 p.
1510 1434 1562 1460 954
1581 1426 1660 1453 Miles
1678 1426 1804 1461 congestu
1824 1426 1959 1461 (ignorum
1979 1427 2126 1459 excitatur,
2153 1429 2171 1452 i.
2192 1425 2328 1462 ficundum
2343 1420 2432 1454 Burgi..
2469 1439 2471 1445 ι

300 1477 344 1498 co
354 1478 375 1497 N
386 1477 407 1497 G
416 1477 462 1497 EN
471 1476 492 1496 Τ
503 1471 516 1496 i
525 1477 541 1496 ι,
550 1477 559 1495 ι
569 1476 599 1501 s,
616 1468 646 1495 is.
664 1477 700 1494 m.
720 1467 798 1493 Gloss‘.
821 1467 868 1493 Gr.
882 1466 939 1492 Lat.
958 1463 1087 1499 ὅμόεθνος,
1100 1462 1279 1497 congentihs.
1314 1467 1316 1470 ·
1380 1461 1604 1496 circumflantibus
1615 1461 1701 1499 signis
1718 1465 1788 1490 circa
1798 1469 1911 1490 orantem
1925 1461 2017 1489 ducem.
2053 1462 2092 1490 Id.
2106 1469 2123 1498 7
2135 1463 2257 1490 Prooem.
2271 1470 2282 1488 1
2302 1459 2443 1495 Cumulim'

301 1503 605 1536 εοΝεεΝκῗειο,
632 1509 944 1532 CONGENICVLo,
970 1502 1012 1527 vel
1038 1504 1313 1529 CONGENVLO‚
1377 1505 1458 1534 atque
1476 1498 1621 1533 congestus.

262 1545 317 1570 ire.
353 1540 506 1577 [γυναι-ἵζω]
542 1540 618 1566 Genu
632 1539 759 1573 replicato
775 1537 877 1565 cadere.
910 1537 1023 1564 Sisenna
1037 1535 1084 1561 lib.
1098 1543 1120 1567 3.
1146 1533 1214 1561 Hist.
1228 1533 1312 1560 Multi
1416 1541 1435 1562 c
1447 1541 1465 1562 ο
1474 1541 1496 1561 Ν
1505 1541 1526 1561 G
1535 1540 1603 1561 EST
1614 1539 1651 1560 10
1660 1552 1668 1564 ‚
1684 1533 1752 1560 anis.
1773 1533 1793 1560 f.
1830 1533 1966 1560 Beneficio
1979 1533 2157 1569 congestionis
2172 1526 2434 1564 accumulant-Pam...

264 1578 349 1618 plagis
367 1577 482 1618 aduerfis
502 1575 550 1602 iffi
569 1581 603 1615 et¹
619 1574 787 1609 congenulati
809 1570 1148 1612 Romanispraecipitatis,
1169 1569 1215 1603 ipsi
1237 1570 1312 1603 supra
1322 1577 1359 1601 40
1380 1570 1440 1597 dius
1454 1581 1482 1605 4,
1496 1579 1515 1596 1.
1588 1569 1740 1609 stercorum
1759 1570 1896 1604 congestio
1915 1569 1989 1596 Idem
2012 1579 2032 1603 1,
2045 1578 2083 1603 33.
2153 1569 2294 1596 Iabolenus
2308 1568 2337 1595 in
2347 1565 2451 1604 lisinis.

263 1613 352 1640 volun
364 1622 392 1639 in
406 1618 492 1647 eaput.
527 1610 623 1638 Caecil.
638 1610 731 1636 Annal.
746 1610 761 1635 Ι.
775 1611 792 1636 6
818 1609 873 1643 ipse
893 1607 1040 1647 regis-‘ferit
1054 1606 1144 1641 peehis
1157 1606 1311 1632 aduersum:
1380 1606 1490 1633 domum
1504 1606 1536 1632 D.
1550 1605 1648 1637 locati,
1668 1605 1741 1638 Qia
1755 1614 1810 1632 non
1829 1602 2054 1640 ipsscnngestio,
2072 1605 2116 1632 scd
2130 1605 2229 1632 humor
2242 1614 2273 1632 ex
2286 1613 2323 1631 ea·
2337 1595 2444 1684 Ἓν·

261 1648 435 1684 ¹‘tongenuclar
448 1647 594 1682 perculsus,
609 1645 701 1672 deiicit
715 1645 863 1672 dominum.
900 1645 1007 1671 Nonius
1018 1651 1044 1675 2,
1059 1645 1100 1675 156
1114 1649 1138 1668 ct
1151 1651 1171 1674 1,
1185 1646 1239 1673 283·
1379 1643 1465 1669 stione
1483 1640 1572 1677 postea
1589 1641 1688 1668 damno
1707 1641 1801 1668 fuerit.
1837 1642 1879 1669 Sic
1896 1640 2016 1669 Mactob.
2035 1641 2139 1669 Saturn.
2153 1649 2176 1675 5,
2192 1649 2218 1675 15
2232 1641 2281 1677 sub
2293 1633 2379 1676 finems
2398 1668 2403 1671 ⁴
2428 1648 2432 1665 ι

302 1691 319 1712 C
331 1692 350 1712 O
360 1692 382 1711 N
391 1691 411 1711 G
421 1691 438 1710 E
448 1691 469 1710 N
480 1689 501 1708 V
511 1689 530 1709 Ο
539 1702 547 1714 ,
565 1686 617 1708 are.
655 1682 738 1707 Genua
751 1683 905 1715 coniungere.
941 1678 1049 1705 Nonius
1065 1686 1091 1713 7,
1105 1687 1141 1711 49
1161 1686 1189 1703 ex
1202 1675 1313 1703 emenda·
1378 1679 1487 1705 Vin-uu.
1503 1686 1543 1710 10,
1558 1685 1593 1703 20
1601 1684 1646 1712 pr.
2372 1677 2408 1706 μ’

261 1722 328 1746 tione
342 1721 465 1755 Scaligeri
477 1718 511 1745 ad
522 1719 598 1745 Varr-
614 1716 646 1743 de
654 1716 684 1743 L.
693 1716 723 1742 L.
737 1725 762 1749 p.
779 1724 827 1748 ¹40
841 1716 878 1749 sq.
899 1714 1008 1740 Suauies
1020 1722 1069 1747 pro
1084 1713 1213 1740 suauiere.
1236 1713 1311 1738 Pom·
1415 1720 1432 1741 c
1441 1720 1460 1740 o
1468 1720 1491 1739 N
1499 1719 1522 1739 G
1530 1718 1568 1738 Es
1577 1719 1599 1738 'r
1609 1719 1636 1738 E.
1672 1712 1741 1739 Adu.
1778 1709 1889 1745 Stribie,
1900 1712 2017 1740 breuiter.
2051 1712 2196 1747 Capitolin.
2215 1712 2245 1739 in
2256 1713 2349 1740 Marco
2357 1699 2431 1752 mil*

261 1755 359 1790 ponius
377 1755 492 1786 Munda,
528 1768 574 1774 —
610 1752 718 1779 Nonius
736 1750 882 1782 Gastrone,
896 1750 1025 1776 Mammas
1044 1754 1147 1780 teneas,
1168 1747 1247 1782 pedes
1266 1755 1310 1774 ex·
1327 1756 1361 1784 45
1380 1758 1402 1776 c.
1416 1757 1444 1781 19
1458 1754 1523 1776 extr.
1565 1747 1596 1774 Et
1610 1747 1718 1782 quidem
1733 1747 1796 1774 haec
1809 1747 1931 1775 breuiter
1944 1754 1971 1775 et
1987 1748 2116 1783 congeste.
2354 1767 2357 1771 >
2377 1760 2395 1776 με

261 1791 357 1824 tollas,
375 1799 538 1826 congenues,
557 1789 651 1815 saules.
688 1786 770 1815 Addit
788 1787 917 1823 Scaliger,
938 1785 1094 1819 Congenues
1120 1783 1207 1816 dixit,
1231 1790 1314 1819 genua
1418 1789 1626 1811 CONGESTIM.
1646 1782 1712 1809 Adu.
1736 1783 1812 1810 Idem.
1833 1783 1912 1818 Apul.
1926 1783 2003 1818 Apol.
2016 1793 2042 1818 p.
2054 1787 2108 1817 462
2132 1785 2221 1811 Iacere
2239 1774 2406 1818 congestitnss
2438 1793 2439 1799 ι

261 1830 366 1864 iungas,
380 1827 445 1863 quod
456 1826 580 1864 obscenum
594 1823 637 1858 cst.
1418 1825 1436 1846 c
1448 1826 1467 1846 o
1476 1826 1529 1846 NG
1538 1825 1555 1845 Ε
1564 1825 1577 1844 s
1586 1826 1607 1845 'r
1616 1825 1625 1843 1
1634 1824 1651 1844 C
1661 1825 1671 1844 1
1680 1826 1722 1845 vs
1736 1839 1745 1851 ,
1768 1827 1801 1851 a,
1826 1827 1880 1845 um.
1921 1819 1983 1845 Adi.
2026 1819 2212 1853 [σνγκαμιςός]
2249 1817 2322 1854 Qud
2344 1826 2371 1844 co
2394 1816 2400 1821 '⁴
2414 1817 2415 1820 ’

299 1870 316 1891 c
327 1869 347 1889 0
358 1870 380 1890 N
390 1869 480 1894 GER,
497 1861 586 1898 Piscis.
611 1859 664 1887 vid.
688 1865 705 1886 c
718 1866 737 1886 0
747 1866 769 1885 N
779 1863 890 1885 GRVS.
1052 1891 1058 1896 .
1118 1890 1125 1895 ι
1372 1852 1442 1888 stum
1455 1853 1497 1888 est.
1535 1853 1668 1881 Columel.
1682 1862 1706 1885 2,
1722 1862 1760 1886 10,
1775 1859 1802 1884 18
1836 1854 1903 1881 Non
1924 1853 2042 1881 deterius
2069 1861 2156 1881 tamen
2178 1857 2259 1882 etiam
2284 1852 2377 1888 pingui
2395 1856 2440 1880 unu

299 1905 318 1927 c
330 1906 350 1926 Ο
358 1906 380 1925 N
389 1905 411 1926 G
420 1907 437 1926 Ε
446 1906 465 1926 R
474 1906 500 1926 Μ
508 1905 530 1925 Α
540 1905 561 1924 N
571 1903 587 1924 Ε
597 1903 609 1923 s
619 1902 637 1923 c
645 1902 664 1923 0
680 1916 689 1928 ,
708 1897 767 1922 ere.
810 1892 980 1925 Coalescere,
998 1898 1128 1925 coniungi
1153 1889 1199 1916 vel
1221 1890 1314 1916 conso·
1382 1890 1484 1922 arenis,
1505 1889 1548 1916 vel
1567 1888 1726 1923 congesticia
1738 1888 1822 1915 humo
1834 1889 2005 1924 proueniunt.
2065 1891 2096 1916 Et
2111 1898 2139 1922 2,
2154 1892 2200 1922 16,
2215 1898 2227 1922 ς
2263 1887 2432 1923 Congestieia
2449 1885 2452 1890 '

263 1935 338 1962 ciari-
376 1934 569 1969 Qiadrigarius
584 1930 676 1959 Annal.
696 1931 785 1958 Facite
804 1928 924 1964 exempla
942 1936 1053 1960 eorum,
1066 1932 1096 1955 vt
1114 1934 1162 1953 vos
1176 1934 1237 1952 cum
1257 1924 1312 1951 illis
1329 1934 1360 1960 50
1381 1927 1502 1952 materia.
1574 1924 1682 1951 Vitruu.
1697 1932 1721 1957 3,
1735 1932 1747 1956 3
1778 1924 1805 1950 Si
1823 1930 1912 1951 autem
1931 1934 1986 1951 non
2003 1925 2101 1951 solidus
2115 1925 2283 1956 inuenietur,
2296 1925 2340 1951 sed
2353 1924 2440 1951 locun·

261 1972 508 2005 congermanescere
520 1969 616 1997 sciatur
637 1967 744 1994 Nonius
756 1976 782 1999 2,
796 1968 851 2000 167.
898 1965 929 1991 In
950 1963 1112 1998 parilitatem
1133 1962 1232 1989 amoris
1251 1969 1312 1987 con·
1381 1962 1433 1989 erit
1447 1961 1631 1996 congesticius,
1644 1966 1689 1987 etc.
1734 1959 1826 1986 Terra
1839 1959 1996 1994 congesticia
2007 1960 2070 1987 Pall.
2083 1961 2151 1995 Sept.
2165 1968 2182 1995 7
2195 1968 2218 1987 et
2231 1961 2290 1987 Oct.
2306 1968 2341 1992 ιι,
2352 1968 2375 1985 2.

261 2007 474 2041 germanescebat
491 2014 595 2032 mecum
612 2003 691 2038 Apul.
705 2004 770 2029 Met.
785 2011 801 2028 2
815 2011 841 2036 p.
857 2009 909 2033 119,
925 2009 964 2033 14.
1419 2004 1436 2023 C
1446 2004 1576 2024 ONGER
1587 2002 1607 2023 ο
1618 2016 1626 2028 ,
1647 1995 1714 2022 anis.
1729 2003 1765 2021 m.
1807 1996 1994 2030 Congerones,
2007 1996 2053 2029 qui
2067 1996 2153 2022 aliena
2164 1996 2196 2022 ad
2215 1997 2240 2023 se
2258 1998 2427 2029 congregant,
2444 2019 2447 2031 y

303 2047 321 2067 C
334 2047 353 2067 0
364 2048 386 2067 N
395 2048 468 2068 GER
477 2049 502 2067 M
511 2048 563 2068 AN
573 2048 595 2067 v
604 2047 616 2067 s
625 2060 634 2072 ,
647 2048 677 2071 a,
691 2047 746 2065 um.
779 2037 839 2064 Adi.
874 2037 943 2063 Cum
956 2035 998 2062 his
1009 2043 1062 2061 vna
1074 2042 1158 2069 remp.
1173 2030 1313 2059 coniuncti
1380 2033 1451 2060 vnde
1470 2032 1540 2068 apud
1553 2033 1688 2059 Romanos
1701 2032 1820 2058 Gerones
1828 2031 1950 2058 Brutiani
1967 2030 2034 2057 dieti
2046 2031 2166 2065 Fulgent.
2179 2039 2215 2064 51.
2250 2032 2290 2059 Sic
2304 2033 2377 2057 etiam
2396 2030 2428 2055 le-
2445 2043 2447 2046 .

263 2081 290 2104 et
304 2076 475 2111 congermani
489 2081 599 2101 tenuere
617 2073 697 2100 Vatr.
710 2074 728 2099 l.
745 2082 757 2105 ς
770 2074 887 2099 Human.
901 2073 965 2098 Rer.
978 2070 1046 2106 apud
1058 2070 1132 2097 Non.
1141 2071 1231 2102 2‚167.
1267 2068 1313 2094 Al.
1379 2073 1419 2106 git
1432 2070 1516 2095 Plaut.
1530 2069 1618 2095 Truc.
1635 2076 1656 2100 1,
1669 2076 1695 2100 2,
1709 2069 1727 2093 6
1743 2067 1870 2104 Scaliger,
1878 2074 1927 2103 pro
1941 2067 2134 2101 Congerrones.

264 2112 479 2147 congeminati,
504 2109 569 2146 quod
585 2107 679 2144 probat
703 2108 805 2142 Salmas.
823 2106 858 2133 ad
874 2108 952 2134 Solin.
973 2115 999 2139 p.
1019 2114 1053 2132 22
1071 2114 1086 2131 a
1098 2106 1128 2132 E.
1178 2103 1238 2132 Vid.
1256 2112 1312 2130 mox
1331 2110 1360 2136 ςς
1418 2111 1435 2131 c
1446 2110 1654 2136 oNGERRO,
1674 2103 1742 2130 onis.
1774 2106 1816 2130 vel
1838 2105 2074 2135 CONGERRA'‚
2096 2110 2135 2129 ae.
2160 2109 2198 2127 m.
2233 2098 2415 2134 [ονμφλύα
2446 2117 2448 2126 .

266 2153 285 2176 C
295 2155 315 2175 0
326 2155 348 2174 Ν
357 2154 379 2174 G
387 2154 403 2174 E
412 2154 431 2174 R
441 2154 465 2173 M
476 2155 485 2173 1
495 2153 518 2173 N
527 2153 550 2172 A
558 2152 571 2172 s
581 2150 598 2171 C
611 2150 640 2170 O.
1380 2139 1528 2173 συνόμιλος]
1564 2140 1624 2165 Cum
1646 2147 1692 2174 quo
1711 2138 1885 2173 familiariter
1911 2138 2038 2173 versamur
2050 2157 2058 2170 ,
2083 2145 2108 2165 et
2122 2136 2209 2178 facete
2234 2135 2366 2172 confabula
2402 2128 2425 2155 -ῗ

299 2189 346 2210 CO
355 2190 376 2209 N
386 2189 407 2210 G
416 2189 433 2209 E
442 2189 495 2209 RM
504 2189 514 2208 1
525 2188 547 2206 N
557 2187 601 2206 As
610 2186 626 2205 C
635 2185 654 2205 0
669 2197 678 2210 5
714 2179 759 2204 3¹¹0
772 2196 780 2210 s
821 2176 862 2202 2³⁶¹
920 2180 938 2202 C
949 2180 999 2201 ON
1008 2179 1029 2200 G
1038 2179 1119 2200 ERM·
1128 2179 1138 2198 1
1147 2179 1169 2198 N
1181 2177 1202 2197 0
1217 2191 1226 2204 2
1258 2175 1312 2197 ΞΝ·
1381 2173 1462 2199 Plaut.
1480 2173 1558 2198 Most.
1571 2182 1594 2204 3,
1607 2181 1630 2204 3,
1643 2181 1679 2207 27
1698 2173 1779 2200 Nunc
1799 2182 1850 2207 ego
1863 2183 1907 2200 me
1924 2174 1986 2201 illac
2005 2183 2053 2209 per
2067 2173 2197 2209 posticum
2209 2171 2243 2198 ad.
2255 2178 2377 2206 congen-
2390 2189 2391 2193 ,

262 2218 486 2253 [συμπεφυκέναι]
521 2214 656 2250 Coalescere
680 2211 723 2245 effi*
742 2215 781 2238 ait
801 2210 904 2246 SalmaJI
922 2209 956 2236 ad
972 2210 1050 2237 Solin.
1066 2217 1090 2242 p.
1105 2216 1148 2240 22,
1160 2207 1201 2233 aE
1220 2213 1244 2232 et
1263 2206 1311 2232 huc
1381 2208 1525 2234 conferam.
1597 2207 1722 2234 Senatum
1746 2217 1943 2242 congerronum
1963 2218 2084 2236 conuoco
2103 2208 2172 2236 Ibid.
2193 2206 2260 2243 quast
2276 2205 2354 2242 stmul
2378 2220 2384 2231 ε

262 2254 352 2281 laudat
368 2255 446 2281 locum
466 2249 639 2287 Qadrigarii
654 2248 721 2283 apud
738 2247 877 2278 Nonium,
890 2254 959 2280 quem
978 2245 1064 2270 damus
1084 2243 1113 2269 in
1135 2248 1153 2268 C
1164 2250 1184 2269 o
1194 2250 1215 2269 N
1226 2248 1271 2268 GE
1281 2249 1313 2268 R·
1379 2247 1481 2270 rientes.
1533 2242 1616 2269 Plaut.
1630 2243 1714 2270 Trin.
1731 2251 1752 2276 1,
1766 2252 1790 2276 2,
1804 2246 1822 2270 6
1841 2245 1877 2271 Vt
1890 2244 1978 2271 simitu
1990 2244 2136 2271 adueniunt
2148 2243 2181 2270 ad
2191 2244 2275 2270 scorta
2289 2250 2357 2276 cong

263 2296 402 2317 MANEs
415 2295 433 2316 c
445 2295 474 2316 ο.
513 2287 579 2314 ιᾱεηι
599 2283 701 2320 Salmas.
720 2292 746 2318 p.
760 2284 831 2317 677,
849 2281 894 2321 at}
907 2279 975 2315 apud
986 2278 1271 2318 Varron.R.R.3‚*16‚
1285 2286 1312 2308 3:
1333 2281 1368 2305 60
1380 2288 1435 2306 nes.
1472 2279 1582 2314 Scaliger
1599 2279 1719 2315 praesti-t
1743 2280 1916 2314 Congerones
1930 2300 1937 2311 ‚
1957 2279 1987 2306 de
2005 2289 2050 2316 quo
2066 2279 2136 2306 modo
2155 2278 2259 2306 ditium.
2295 2277 2352 2305 Fest
2421 2299 2424 2308 ,

256 2325 297 2361 fic
315 2326 377 2363 legit
395 2334 406 2351 e
423 2323 539 2360 vestigiis
558 2323 653 2349 veteris
665 2320 824 2356 scripturae,
844 2315 1055 2343 Exnuendorum
1073 2314 1312 2352 fauorunrtignum
1380 2314 1498 2347 Sodalis‚
1514 2321 1543 2340 vt
1557 2316 1666 2350 expletus
1678 2312 1712 2348 qli
1725 2315 1755 2340 ab
1772 2314 1875 2349 Vrfim,
1887 2315 1987 2342 Eosdem
2003 2315 2068 2352 quod
2078 2319 2166 2343 cocant
2179 2315 2274 2343 crebro
2289 2322 2372 2347 cong·-
2419 2308 2423 2315 “
2443 2304 2448 2334 .“

265 2362 371 2388 sumunt
383 2369 415 2387 ex
430 2360 504 2395 ipsis:
527 2358 547 2385 fi
565 2356 648 2393 pluris
662 2355 729 2382 alius
745 2355 808 2390 (leg.
820 2352 914 2384 aluus)
930 2350 1041 2391 habeat,
1066 2348 1110 2376 vel
1130 2355 1313 2388 congermina-
1381 2351 1474 2376 vocari
1486 2360 1501 2376 a
1517 2351 1610 2376 Graeco
1626 2349 1777 2383 vocabulo,
1798 2350 1870 2386 quod
1889 2351 1926 2377 est
1945 2352 2028 2387 7535oe-
2380 2376 2381 2381 1

265 2398 338 2430 rint,
353 2396 534 2423 coniecturam
553 2393 669 2428 capiunt.
703 2391 730 2418 Si
743 2389 807 2426 faui
825 2391 1067 2422 congemunarmt‚
1081 2384 1110 2411 id
1122 2381 1171 2425 est,
1177 2384 1202 2417 Jt
1214 2392 1316 2409 conum·
1417 2392 1434 2411 c
1445 2391 1465 2410 o
1477 2393 1499 2411 N
1509 2392 1529 2411 G
1538 2392 1578 2412 ιν
1587 2392 1599 2412 s
1613 2405 1623 2418 ,
1647 2385 1665 2411 i.
1693 2394 1729 2411 m.
1766 2386 1780 2419 [
1790 2385 1868 2420 χὸκ]
1904 2388 2037 2423 Mensurae
2054 2386 2207 2423 liquidorum
2225 2381 2375 2420 genus‘qsi,
2384 2390 2389 2402 -’

265 2431 320 2466 fii,
333 2441 362 2459 ac
376 2430 561 2466 συμπεφυκότες
573 2426 729 2462 exstiterint,
742 2435 790 2452 non
804 2426 861 2451 rari
870 2433 900 2450 ac
913 2421 1033 2458 diffipati.
1071 2422 1139 2447 Haec
1151 2420 1214 2446 ille.¹
1230 2419 1262 2459 ξΐ
1280 2415 1315 2458 est
1375 2419 1504 2456 sextarios
1514 2423 1651 2447 continens.
1687 2420 1753 2447 Plin.
1768 2429 1806 2454 14,
1820 2429 1837 2453 9
1856 2421 1941 2449 Distat
1955 2431 1970 2449 a
1983 2422 2165 2457 muls0‚quod
2184 2421 2214 2448 fit
2224 2417 2243 2448 ‘e
2253 2420 2356 2452 musto,
2388 2417 2392 2440 ἶ
2424 2440 2426 2444 .

265 2466 528 2503 congerminauerint
546 2468 574 2492 in
610 2466 683 2490 rimis
705 2460 862 2489 editionibus.
898 2458 967 2486 Gell.
987 2466 1032 2490 20,
1052 2462 1066 2487 8
1093 2457 1164 2490 Cepe
1177 2454 1317 2482 reulrescit
1337 2456 1368 2487 65
1379 2456 1507 2495 'quinque‘
1515 2455 1618 2488 congiis
1635 2455 1732 2482 austeri
1745 2456 1834 2482 musti.
1888 2456 1962 2484 Idem
1976 2466 2016 2491 14,
2030 2460 2060 2484 16
2088 2457 2198 2484 Libram
2218 2463 2244 2484 et
2257 2455 2395 2491 quadran
2440 2449 2447 2481 ,¹

266 2510 294 2532 et
306 2504 489 2538 congerminat
503 2503 565 2529 luna
596 2499 728 2527 ccedente.
1131 2526 1139 2531 ⁸
1382 2492 1411 2517 in
1430 2499 1541 2526 congios
1559 2490 1632 2530 duos·
1646 2490 1727 2517 musti
1744 2497 1886 2518 macerant.
1957 2492 2019 2519 Liu.
2033 2499 2074 2525 25,
2087 2501 2104 2518 2
2129 2492 2158 2518 de
2171 2493 2296 2527 Safflionis
2309 2491 2378 2527 largi
2386 2486 2426 2523 ,⁸
2444 2491 2445 2497 ¹

304 2546 351 2567 co
363 2547 384 2565 N
395 2539 500 2567 GERO
517 2558 526 2571 ,
550 2536 592 2569 ffi,
622 2535 690 2562 stum
701 2554 710 2567 ,
737 2534 790 2560 ere.
827 2530 988 2565 [σνμφορέω,
1008 2527 1172 2568 συναθροιζω]
1209 2526 1316 2561 Congre-
1380 2527 1514 2559 aedilicia,
1533 2526 1634 2560 Congu
1645 2525 1699 2552 olei
1718 2526 1748 2552 in
1759 2525 1873 2560 fingulos
1884 2527 1958 2554 vicos
1976 2527 2040 2555 dati.
2088 2528 2256 2563 Capacitaeem
2272 2529 2324 2552 eius
2336 2527 2363 2564 J:
2395 2544 2397 2547 .
2417 2520 2434 2552 ζ’

267 2585 343 2612 gare,
355 2576 516 2602 accumulare.
558 2573 645 2607 Rape,
663 2578 793 2604 congere,
812 2567 902 2599 aufer,
920 2564 1032 2600 poffide,
1051 2561 1257 2598 relinquendum
1278 2560 1314 2586 est
1381 2563 1437 2589 dum
1443 2561 1484 2597 stc
1497 2561 1607 2590 declarat
1621 2561 1768 2588 Rhemnius
1780 2564 1812 2591 68
1827 2563 1864 2597 sq.
2404 2555 2410 2561 ’
2441 2571 2444 2580 ·

268 2611 386 2639 Martial.
399 2615 423 2643 8,
436 2619 482 2643 44.
551 2607 635 2635 Simul
654 2606 745 2633 onmia
758 2611 901 2638 congerere
914 2601 971 2628 Cic.
987 2601 1060 2627 Fam.
1076 2601 1113 2632 16,
1130 2607 1169 2632 14.
1240 2596 1313 2638 Idem
1537 2597 1665 2624 Heminae
1683 2597 1780 2632 recipit
1797 2598 1913 2632 geminas
1930 2597 2057 2625 sextarius
2072 2606 2149 2630 vnus,

269 2656 320 2682 pro
332 2647 402 2681 Lege
418 2644 511 2672 Manil.
527 2651 558 2670 22
585 2642 730 2669 Maximam
743 2640 800 2667 vim
818 2638 880 2666 auri
897 2642 977 2672 atque
990 2636 1110 2670 argenti,
1124 2632 1315 2672 pulcherrima·
1333 2639 1369 2668 70
1537 2633 1594 2667 Q1i
1609 2638 1703 2667 quater
1719 2633 1840 2661 assumtus
1851 2633 1882 2661 fit
1897 2633 1982 2662 Graio
1999 2633 2110 2660 nomine
2127 2632 2250 2660 choenix.

269 2691 383 2717 rumque
398 2689 489 2708 rerum
497 2699 506 2712 ,
523 2687 587 2713 quas
600 2683 627 2704 et
638 2686 653 2704 a
664 2676 811 2704 maioribus
823 2679 968 2709 acceperat,
985 2678 1011 2698 et
1026 2672 1079 2706 ipse
1091 2669 1164 2697 bello
1178 2670 1315 2704 superiore
1537 2668 1614 2695 Adde
1627 2668 1709 2701 duos,
1722 2668 1786 2696 chus
1805 2668 1850 2702 fit,
1863 2669 1945 2704 vulgo
1956 2669 2004 2704 qui
2018 2669 2055 2696 cst
2069 2668 2178 2704 congius
2191 2667 2275 2700 idem,

270 2727 302 2745 ex
320 2724 377 2745 tota
392 2717 451 2744 Atia
469 2715 599 2750 direptas,
616 2714 645 2739 in
661 2714 737 2739 suum
752 2720 865 2745 regumn
884 2709 1057 2744 congesserat,
1071 2713 1117 2734 etc.
1189 2706 1220 2746 ‚¹¹¹
1240 2711 1317 2738 caput
1537 2707 1561 2730 A
1580 2713 1634 2739 quo
1654 2704 1755 2732 Sextari
1773 2713 1871 2731 nomen
1889 2705 1976 2733 fecisse
1994 2705 2098 2740 priores

269 2754 384 2781 alicuius
398 2753 457 2779 saxa
470 2752 528 2778 Sen.
544 2749 641 2784 Oedip.
655 2754 708 2783 871.
778 2747 846 2773 Ter.
861 2746 927 2772 Eun.
942 2754 964 2776 2,
976 2753 999 2776 3,
1015 2752 1043 2778 17
1079 2744 1170 2776 Quum
1188 2749 1216 2767 in
1235 2740 1315 2767 cellu-
1537 2740 1723 2773 Crediderim,
1735 2740 1809 2775 quod
1820 2750 1864 2767 eos
1878 2741 1964 2776 capiat
1977 2741 2021 2768 sex
2036 2740 2144 2775 congius
2157 2748 2233 2766 vnus.
2440 2767 2441 2770 Ἴ

270 2790 324 2817 lam
339 2789 371 2816 ad
385 2794 411 2815 te
426 2787 506 2823 patris
517 2794 615 2821 penum
630 2793 710 2811 omne
730 2782 912 2817 congerebam.
985 2780 1040 2806 Cic.
1054 2778 1085 2805 de
1098 2778 1168 2805 Clar.
1181 2777 1256 2804 Orat.
1270 2784 1315 2809 332
1419 2782 1438 2804 C
1448 2782 1468 2803 ο
1478 2781 1500 2801 Ν
1510 2781 1531 2802 G
1541 2778 1601 2802 ιᾹι.
1612 2784 1642 2803 Is
1657 2796 1664 2807 ‚
1684 2785 1707 2803 e.
1743 2776 1804 2802 Adi.
1843 2776 1975 2811 [χοαῖος]
2012 2776 2084 2811 Qod
2103 2779 2217 2812 congium
2235 2775 2313 2809 capit.
2339 2777 2359 2806 ‚f
2395 2798 2418 2803 ,
2445 2774 2448 2781 “

270 2825 308 2853 Vt
323 2831 348 2852 te
363 2824 460 2859 eripias
472 2832 504 2850 ex
517 2831 562 2854 ‘²³2
582 2829 662 2857 ‘luam
681 2823 730 2854 ⁸8⁰
749 2817 856 2852 ‘mgeffi
872 2817 900 2843 in
920 2816 989 2843 hunc
1005 2816 1168 2846 sermonem,
1181 2811 1260 2839 turba
1271 2821 1316 2852 pa·
1337 2817 1370 2846 73
1383 2812 1442 2839 Aul-
1456 2820 1484 2845 42
1501 2820 1524 2844 2,
1539 2819 1563 2844 ῖς
1590 2812 1667 2839 Mulfi
1681 2812 1829 2847 congialem
1843 2812 1947 2848 plenam
1966 2812 2064 2840 faciam
2081 2810 2133 2839 tibi
2153 2810 2285 2838 fideliam..
2365 2806 2384 2815 “
2398 2810 2402 2818 ”
2446 2817 2457 2834 ,’

270 2868 422 2889 tronorum.
492 2860 525 2886 In
545 2866 629 2884 vnum
649 2855 740 2883 omnia
755 2859 945 2888 congerantur,
964 2858 994 2878 vt
1011 2851 1082 2878 idem
1100 2850 1184 2876 oculis
1205 2854 1315 2888 etam-13
1380 2848 1513 2882 congialcs
1526 2848 1634 2874 Vitruu.
1649 2857 1675 2883 9,
1690 2856 1716 2881 9.
2022 2865 2026 2867 .
2382 2874 2389 2877 .
2414 2872 2415 2875 Ἰ
2446 2843 2449 2868 “,

271 2897 321 2924 bus
335 2903 422 2932 captus
436 2895 466 2923 sit
479 2902 524 2922 etc.
538 2893 594 2920 Cic.
614 2893 698 2919 Tusc.
713 2899 735 2924 ς,
750 2897 792 2924 ¹¹7
811 2898 833 2915 c.
847 2898 892 2922 40.
963 2887 1025 2913 Liu.
1040 2895 1062 2919 3,
1076 2891 1103 2919 38
1129 2884 1209 2912 Haud
1228 2892 1316 2924 ignari
1419 2890 1463 2911 co
1474 2889 1495 2908 N
1508 2889 1529 2910 G
1542 2890 1552 2909 ι
1564 2890 1682 2911 ARlvs
1697 2904 1706 2917 ‚
1731 2892 1762 2916 a,
1788 2891 1842 2910 um.
1878 2882 1940 2910 Adi.
1982 2884 2096 2917 [χοαῖος]
2133 2881 2202 2910 Idem
2222 2879 2265 2915 effi·
2285 2882 2338 2917 qui
2378 2881 2413 2912 3³11

272 2939 369 2968 quanta
391 2931 510 2959 inuidiae
529 2929 682 2957 immineret
700 2925 850 2961 tempestas:
878 2931 969 2950 omnes
990 2922 1082 2949 vastati
1102 2921 1173 2956 agri,
1186 2919 1315 2955 perlculo-
1382 2919 1494 2946 vide-tur.
1530 2919 1597 2946 Plin.
1613 2928 1652 2954 ι4,
1669 2928 1700 2953 ι4
1720 2918 1750 2945 de
1761 2917 1874 2950 Lucullo,
1893 2920 1950 2954 Ipse
1963 2928 2046 2954 quum
2059 2918 2141 2946 rediit
2161 2927 2193 2944 ex
2206 2917 2279 2949 Atia,
2292 2915 2388 2946 millia·
2415 2919 2433 2963 ,ᾇ

270 2977 385 3004 rumque
405 2965 603 2994 imminentium
621 2965 708 2991 causas
728 2962 756 2988 in
774 2962 800 2987 se
817 2959 999 2995 congesturos,
1019 2961 1037 2984 i.
1058 2959 1153 2993 culpam
1171 2952 1315 2983 reiefiuros.
1383 2954 1448 2982 dsun
1470 2953 1638 2989 congiarium
1671 2954 1760 2982 diuifit
1783 2954 1896 2989 amplius
1922 2961 2036 2981 centum.
2073 2954 2121 2982 sed
2143 2953 2281 2981 videbimus
2292 2950 2360 2986 stan.
2395 2963 2397 2966 Ι
2424 2947 2440 2974 Ι,

272 3005 382 3032 Crimen
397 3004 424 3030 in
437 3003 553 3038 aliquem
568 3001 624 3028 Cic.
633 3008 683 3035 pro
691 2998 787 3026 Milon.
803 2999 834 3030 65
852 3005 874 3022 c.
887 3004 930 3028 24.
1003 2992 1144 3020 Maledicta
1157 2992 1185 3019 in
1199 2991 1316 3026 aliquem
1330 2992 1363 3018 80
1386 2997 1404 3018 c
1416 2998 1435 3018 Ο
1444 2996 1495 3018 NG
1504 2998 1514 3018 1
1523 2997 1572 3018 AR
1581 2998 1590 3017 1
1599 2998 1619 3018 v
1628 2998 1662 3017 M.
1699 2989 1825 3017 Harduin.
1838 2991 1869 3016 In
1882 2991 2046 3025 congiarium
2059 2989 2158 3017 diuifit.
2372 2984 2375 2991 ¹
2389 2999 2391 3002 ·
2424 2987 2427 2991 '
2441 3010 2443 3017 ,

272 3040 348 3067 Idem
362 3039 475 3074 Philipp.
489 3047 510 3070 3,
524 3045 549 3071 ις
562 3046 583 3063 c.
598 3038 624 3063 6.
697 3036 728 3062 Et
742 3042 790 3069 pro
803 3033 874 3067 Rege
887 3031 974 3058 Deiot.
988 3038 1015 3056 12
1038 3030 1068 3055 ln
1081 3037 1160 3064 quem
1178 3036 1260 3062 quum
1278 3026 1317 3052 dii
1418 3033 1524 3054 CONG
1535 3033 1573 3053 ιΑ
1583 3033 1699 3058 imvm,
1721 3026 1740 3053 i.
1760 3035 1786 3053 n.
1823 3024 1955 3060 [gen-lionis,
1973 3023 2087 3060 διάδοσις,
2107 3029 2138 3052 it.
2160 3022 2259 3051 ἐπίδοσίς
2279 3022 2320 3050 gm*
2333 3021 2379 3049 τε,
2389 3023 2403 3046 ,r
2414 3029 2418 3048 ·.
2442 3029 2443 3038 1

273 3083 353 3111 atque
373 3075 494 3102 homines
512 3072 604 3100 omnia
621 3076 778 3099 ornamenta
797 3065 971 3104 congessissent
983 3085 991 3098 ,
1010 3070 1067 3091 tum
1088 3071 1116 3091 tu
1130 3064 1185 3099 ipse
1203 3062 1318 3102 plurima
1384 3063 1452 3096 palli,
1471 3059 1544 3098 δωρεαὶ
1560 3063 1618 3089 Vct.
1632 3062 1734 3096 Glosst]
1768 3061 1944 3088 Liberalitatis
1955 3071 1985 3088 ac
1997 3064 2107 3089 muneris
2118 3071 2203 3088 nomen
2215 3055 2353 3095 eius-praes
2380 3062 2388 3075 -'
2409 3048 2437 3091 ’ζ’

274 3118 301 3137 et
314 3111 437 3138 maxima.
507 3110 564 3136 Sen.
580 3108 611 3135 de
624 3108 756 3135 Clement.
773 3113 794 3137 1,
829 3125 836 3132 .
874 3123 880 3130 .
918 3100 1081 3128 Ambitiosac
1099 3099 1230 3127 maiestati
1242 3098 1318 3133 quid·
1383 3107 1430 3134 quo
1444 3098 1541 3133 liquida
1553 3098 1650 3133 congio
1661 3097 1850 3130 diuiderentur,
1870 3098 1929 3131 (ξι-ς,
1942 3097 2030 3124 del-„de
2046 3097 2080 3125 ad
2095 3106 2163 3124 omne
2176 3095 2247 3124 aliud
2255 3103 2342 3122 munus
2354 3100 2382 3129 ε,
2422 3093 2436 3134 ‘k

276 3146 343 3181 quid
356 3147 489 3181 potuimus
504 3144 645 3172 titulorum
659 3141 836 3177 congeffimus.
891 3137 1000 3165 Phaedr.
1014 3145 1036 3169 3,
1050 3144 1089 3167 2ο,
1104 3145 1125 3162 ιι
1152 3135 1244 3169 Plagae
1257 3143 1317 3160 con-
1383 3136 1466 3169 cipum
1479 3137 1606 3166 virorum,
1625 3136 1700 3160 etiam
1709 3135 1834 3169 priuatim
1847 3132 1987 3170 etstngulis
1999 3133 2084 3160 datum
2097 3132 2235 3160 adhibitum
2239 3130 2286 3166 Jit.
2322 3130 2353 3157 Fr·
2372 3139 2391 3172 ,j
2422 3126 2435 3164 '¹

277 3190 405 3217 geruntur
436 3186 554 3208 mortuo.
642 3178 713 3206 ICms
738 3176 846 3204 crebros
870 3174 952 3202 alicui
984 3171 1073 3199 Valet.
1095 3172 1194 3205 Argon.
1213 3179 1241 3204 4,
1261 3172 1318 3202 306.
1333 3170 1363 3199 83
1384 3169 1450 3205 quod
1471 3169 1500 3195 de
1519 3173 1607 3206 congio
1629 3168 1738 3195 diximus
1759 3168 1819 3195 Liu.
1839 3176 1880 3202 25,
1903 3177 1920 3196 2
1948 3169 2077 3196 Aedilicia
2095 3167 2206 3203 largitio
2226 3168 2349 3202 Scipionis
2382 3166 2388 3170 '
2419 3167 2426 3176 ’·

277 3219 375 3245 Amnes
388 3217 473 3245 vastos
486 3216 564 3244 tellus
585 3215 636 3242 huc
657 3215 706 3249 (in
720 3215 826 3241 Pontum
839 3210 983 3244 Euxinum)
997 3207 1116 3242 congerit
1129 3206 1203 3233 Idem
1218 3206 1316 3245 Argon.
1384 3205 1451 3231 fuit:
1487 3204 1545 3231 ludi
1559 3205 1675 3232 Romani
1695 3213 1744 3239 pro
1761 3204 1890 3239 temporis
1907 3204 1981 3231 illius
2000 3205 2085 3239 copiis
2098 3202 2238 3238 magnifice
2255 3200 2322 3229 faofi

276 3262 306 3288 4,
340 3261 377 3287 ¹7·
445 3253 520 3287 Virg.
534 3253 599 3279 Aen.
614 3253 640 3285 6,
653 3255 697 3286 178
724 3250 856 3283 Aramque
870 3246 984 3281 sepulcri
1003 3244 1153 3282 Congercre
1166 3241 1318 3274 arbonbus,
1384 3240 1475 3275 congii
1487 3241 1543 3267 olei
1559 3241 1588 3267 in
1600 3242 1674 3268 vicos
1686 3240 1801 3276 fingulos
1814 3239 1877 3266 dati.
1947 3240 2014 3267 Plin.
2028 3249 2068 3273 14,
2082 3249 2111 3274 ¹4
2137 3238 2261 3266 Lucullus
2273 3246 2333 3264 cum
2365 3234 2387 3270 *g

277 3261 404 3323 caeioque
423 3288 533 3315 educere
553 3292 665 3314 certant:
689 3284 718 3311 de
729 3294 758 3312 ro
777 3294 798 3311 o.
869 3281 985 3309 Diuitias
1004 3288 1070 3307 auro
1089 3277 1197 3305 Tibull.
1218 3285 1238 3309 ι,
1258 3286 1277 3308 ι,
1298 3286 1317 3303 ι.
1385 3285 1417 3303 ex
1439 3276 1498 3302 Asia
1512 3277 1591 3311 (vini
1611 3276 1723 3311 Graeci)
1745 3275 1831 3302 millia
1855 3274 1949 3302 cadfim
1966 3276 1996 3303 in
2013 3275 2187 3310 Congiarium
2205 3273 2295 3300 diuifit
2315 3281 2368 3299 am

278 3325 367 3352 Funus
382 3323 462 3351 alicui
475 3331 629 3357 congerere,
643 3331 672 3349 ac
685 3327 761 3348 tumu
774 3329 821 3346 um
833 3319 933 3346 struere
947 3318 1035 3343 Senec.
1048 3313 1142 3342 Medea
1155 3320 1217 3353 9973
1263 3314 1318 3353 Ho-
1385 3318 1500 3339 centum.
1539 3313 1580 3340 Sic
1594 3311 1721 3339 Harduin.
1733 3311 1836 3339 Dalecb.
1853 3314 1957 3339 coniicit
1975 3312 2121 3346 conpiario.
2163 3311 2277 3346 Plerique
2290 3308 2352 3336 edin·

278 3369 356 3388 nores
373 3360 508 3394 supremos
520 3359 602 3385 alicui
616 3365 758 3393 congerere
774 3355 863 3382 Valer.
876 3355 976 3388 Argon.
990 3354 1017 3384 6,
1031 3353 1090 3384 630.
1157 3349 1274 3388 Lancem
1291 3357 1318 3374 m
1336 3358 1372 3382 90
1384 3347 1542 3383 giariorum.
1579 3347 1709 3384 Qidquid
1719 3346 1758 3381 fit
1776 3346 1806 3373 de
1823 3346 1944 3380 lemane,
1958 3346 2003 3375 boc
2019 3356 2110 3383 quoque
2125 3348 2229 3382 proprie
2240 3344 2300 3381 fuit
2315 3344 2351 3371 C

278 3405 324 3423 vas
336 3395 470 3431 pertusum
482 3394 586 3420 Lucret.
599 3402 621 3425 3,
636 3401 707 3421 1022.
778 3391 874 3419 Oscula
887 3388 968 3416 Ouid.
982 3387 1060 3422 Epist.
1075 3391 1111 3418 ιε,
1123 3393 1170 3417 113.
1224 3384 1317 3417 Siluas,
1385 3384 1464 3410 rium.
1537 3383 1598 3410 Liu.
1611 3391 1651 3418 37,
1665 3390 1697 3417 57
1718 3382 1747 3409 de
1760 3383 1844 3409 Acilio
1852 3382 1992 3416 Glabrione,
2005 3382 2120 3419 cenfiirae
2138 3380 2287 3413 candidato,
2308 3380 2340 3407 ln
2354 3376 2382 3405 h
2426 3409 2427 3414 ¹

277 3435 296 3459 i.
317 3440 432 3468 magnam
442 3432 495 3456 vim
508 3430 633 3465 lignorum
651 3429 710 3457 Sen.
722 3428 801 3455 Herc.
815 3427 867 3453 fur.
881 3426 938 3457 506.
987 3423 1060 3450 Tela
1072 3422 1128 3450 Cic.
1141 3421 1212 3447 Fam.
1227 3422 1272 3460 ¹⁶⁹.
1281 3428 1318 3454 ¹4·
1384 3419 1516 3452 maxime,
1529 3419 1602 3454 quod
1614 3418 1698 3445 multa
1711 3417 1845 3453 congiaria
1859 3417 2000 3452 habuerat,
2019 3418 2116 3453 quibus
2129 3425 2252 3453 magnam
2265 3420 2385 3450 partem
2423 3428 2428 3434 -
2440 3418 2445 3429 ’

277 3467 419 3494 Ιεὼοίειιυς
433 3465 463 3493 in
475 3465 491 3492 l.
506 3465 553 3500 qui
565 3464 674 3491 domum
687 3465 719 3491 D.
730 3463 826 3495 locati,
840 3461 958 3488 Terram
971 3459 1000 3486 in
1018 3467 1076 3485 eam
1088 3465 1175 3484 aream
1195 3455 1317 3488 amplius,
1383 3455 1488 3482 minum
1500 3454 1648 3489 obligarat,
1662 3454 1742 3486 fauor
1756 3453 1848 3489 populi
1865 3454 1891 3480 se
1910 3453 2061 3481 inclinabat.
2095 3455 2175 3482 Porro
2192 3450 2378 3487 Congiarium
2420 3469 2435 3487 ,l

281 3512 362 3537 quam
373 3501 544 3529 fundamenta
556 3500 725 3526 caementicia
739 3497 862 3526 locatoris
881 3502 969 3527 erant,
983 3493 1113 3528 congcssit.
1135 3528 1141 3532 Ι
1158 3527 1164 3532 ·
1183 3490 1318 3517 Viaticum
1377 3492 1439 3527 pulo
1453 3490 1547 3518 vrbano
1565 3490 1688 3522 dabatur,
1702 3491 1780 3516 militi
1797 3489 1972 3517 Donatiuum.
1999 3490 2105 3519 Sueton.
2112 3489 2215 3516 Neron.
2228 3492 2273 3518 c.8
2293 3483 2349 3513 Ded
2366 3505 2367 3508 η

279 3538 362 3566 alicui
375 3538 432 3565 Cic.
447 3545 496 3572 pro
509 3535 593 3563 Plane.
609 3537 650 3562 26.
721 3535 764 3562 Ne
775 3533 832 3569 plus
844 3541 930 3568 aequo
946 3530 1010 3566 quid
1025 3531 1052 3556 in
1065 3528 1182 3556 amicitia
1195 3535 1318 3560 congera-
1332 3533 1364 3559 95
1383 3527 1412 3554 in
1424 3527 1515 3554 forum
1528 3526 1583 3553 tiro
1597 3525 1697 3561 populo
1710 3525 1892 3560 congiarium,
1905 3525 1987 3552 militi
1999 3525 2163 3552 Donatiuum
2179 3522 2325 3559 proposuit.
2398 3544 2401 3546 .
2444 3536 2447 3557 ,¹

280 3579 340 3607 tur,
351 3582 405 3600 non
419 3571 565 3600 verendum
579 3570 615 3598 cst
628 3569 701 3597 Idem
715 3570 746 3596 de
759 3569 865 3596 Amicit.
880 3573 918 3602 58.
990 3567 1154 3604 Congerere‚
1170 3561 1263 3589 Nidum
1270 3562 1317 3598 fa·
1384 3562 1450 3589 Plin.
1464 3563 1557 3596 Paneg.
1571 3570 1607 3594 25.
1645 3560 1759 3595 Capitol.
1774 3561 1870 3587 Anton.
1884 3561 1932 3587 Pio
1945 3566 1968 3591 8.
2013 3562 2108 3588 Tamen
2117 3560 2193 3587 Curt.
2207 3561 2234 3591 6,
2245 3567 2272 3590 2,
2285 3566 2315 3585 ιο
2332 3546 2348 3588 S
2414 3566 2416 3568 ’
2440 3563 2445 3572 ”

280 3618 333 3636 ctre
346 3609 420 3643 Virg.
434 3609 502 3636 Eccl.
521 3616 544 3640 3,
557 3608 592 3640 69
627 3606 751 3639 Namque
763 3605 856 3632 notaui
885 3603 942 3638 Ipse
959 3602 1062 3634 locum,
1079 3603 1166 3627 aeriae
1183 3606 1237 3633 quo
1257 3606 1318 3624 con·
1383 3597 1483 3633 viginti
1502 3597 1590 3624 millia
1606 3595 1735 3624 talentum
1746 3597 1868 3631 proxima
1881 3597 1977 3630 praeda
1995 3595 2100 3624 reda&
2117 3600 2208 3627 erant,
2226 3602 2241 3620 e
2256 3591 2342 3628 quisd

280 3644 375 3679 gessere
389 3643 534 3679 palumbes.
590 3643 671 3668 'Auis
690 3644 754 3667 enim
771 3639 805 3667 ad
822 3639 908 3666 nidum
928 3636 1113 3671 cmx-struendum
1128 3631 1252 3675 festucas,
1265 3633 1318 3660 her·
1384 3633 1438 3660 cim
1458 3633 1544 3660 millia
1564 3633 1592 3659 in
1613 3632 1779 3666 congiarium
1794 3631 1912 3658 militum
1926 3631 2043 3659 absumta
2056 3632 2122 3658 sunt.
2159 3631 2227 3665 Qin
2239 3629 2290 3666 ipse
2302 3627 2357 3665 cic,

279 3680 341 3712 bas,
349 3679 563 3715 floccos‚aliaque
573 3682 718 3714 congerunt.
736 3675 1031 3706 Seren.8amm0n.1030
1051 3673 1103 3699 Aut
1116 3671 1182 3706 lapis
1197 3677 1228 3696 cx
1241 3668 1316 3701 nid0‚
1384 3671 1423 3702 16,
1434 3673 1448 3699 8
1467 3668 1598 3703 Legiones
1618 3668 1803 3695 Macedonicae
1822 3667 1990 3702 congiarium
2004 3667 2038 3695 ab
2057 3669 2176 3694 Antonio
2195 3666 2314 3700 accipere
2333 3677 2341 3693 J

281 3723 346 3749 vaga
358 3724 437 3749 quem
451 3713 572 3750 congeffit
584 3711 709 3741 hirundo.
1254 3738 1261 3744 ι
1326 3717 1373 3735 100
1384 3710 1454 3732 runt.
1490 3705 1646 3738 Qiingenos
1664 3710 1744 3730 autem
1763 3702 1886 3731 denarios
1899 3722 1909 3734 .
1929 3709 1959 3729 vt
1981 3712 2010 3730 ex
2027 3704 2157 3738 principio
2177 3699 2290 3736 epistolae
2311 3704 2342 3734 ap

317 3756 334 3777 c
343 3756 362 3777 o
373 3757 392 3776 Ν
402 3756 422 3776 G
433 3757 450 3777 E
459 3758 472 3778 s
481 3757 502 3776 T
513 3757 532 3775 v
543 3757 556 3777 s
566 3769 575 3783 ,
593 3757 608 3776 a
617 3768 624 3779 ,
648 3757 703 3775 um.
745 3745 838 3773 Partic.
872 3743 1121 3779 [συμπεφορημένος]
1166 3741 1216 3772 Vt,
1233 3738 1318 3766 Pindo
1384 3740 1460 3767 dabat
1471 3742 1597 3766 veteranis
1608 3742 1743 3765 Antonius.
1779 3739 1871 3766 Manet
1886 3741 1989 3766 interim
2004 3737 2131 3765 ordinarie
2143 3735 2317 3771 Congiarium

282 3785 416 3820 congestus
429 3785 519 3813 Athos.
535 3785 593 3813 Sen.
606 3784 686 3811 Herc.
699 3782 759 3810 Oet.
773 3788 832 3814 1153.
902 3780 981 3808 Attus
1001 3785 1099 3806 temere
1116 3774 1248 3811 congesti,
1264 3775 1320 3801 Sine
1383 3776 1539 3803 beralitatem
1554 3777 1679 3810 principis
1689 3777 1744 3801 viri
1754 3777 1782 3800 in
1793 3773 1982 3808 multitudinem.
2017 3774 2056 3799 De
2069 3773 2200 3807 congiarii
2213 3772 2301 3804 buius,

282 3820 368 3848 ordine
383 3819 489 3847 disis-fia
507 3821 613 3848 membra
625 3820 684 3847 Sen.
703 3816 813 3852 Hippol.
836 3820 908 3849 1248.
979 3815 1086 3841 Cibaria
1106 3810 1226 3847 congesta
1250 3810 1318 3837 Hor·
1382 3814 1445 3838 torii
1453 3810 1618 3847 praefinivi,
1628 3810 1654 3846 s.
1672 3812 1713 3836 Au
1740 3807 1840 3842 istorum
1850 3812 1879 3836 in
1893 3811 1975 3836 numi:
1991 3811 2122 3841 memoria,
2137 3815 2234 3844 totaque
2245 3815 2272 3834 re
2288 3820 2294 3827 .

282 3857 364 3884 Serm.
377 3865 394 3887 ι,
409 3865 428 3888 ι,
443 3865 481 3888 32.
543 3855 656 3883 Culmen
668 3853 770 3888 tugurii
785 3851 937 3886 congestum
949 3850 1059 3885 caespite
1071 3849 1147 3884 Virg.
1162 3846 1229 3874 Eccl.
1241 3854 1262 3878 ι,
1275 3847 1318 3878 69.
1384 3847 1476 3882 Spanh.
1488 3844 1554 3879 Diffi
1568 3854 1591 3878 13
1614 3855 1638 3880 p.
1652 3853 1696 3878 329
1711 3819 1746 3879 ἐξ.
1791 3844 1850 3872 Sen.
1865 3843 1896 3870 de
1909 3842 1998 3870 Benef.
2019 3852 2048 3877 4,
2069 3849 2097 3875 28
2129 3844 2184 3870 Rex
2205 3841 2306 3869 honore

282 3892 367 3919 Donis
385 3891 512 3927 congesti·
528 3891 647 3927 vndique
660 3890 778 3918 crescunt
796 3896 860 3924 opes
879 3886 925 3915 Sil.
940 3893 973 3919 13,
987 3891 1028 3921 87.
1080 3883 1150 3915 ΑΜ.
1164 3883 1241 3918 Virg-
1253 3881 1373 3919 Aen.10;
1385 3882 1446 3916 dat,
1459 3881 1625 3918 congiarium
1639 3886 1666 3909 et
1679 3879 1805 3917 indiguis.
1857 3878 1932 3910 ldem
1949 3878 2030 3914 Epist.
2048 3886 2080 3916 73
2105 3880 2145 3914 Ex
2164 3876 2302 3914 congiario

1300 3949 1303 3951 .
2267 3929 2274 3944 ,
2303 3933 2305 3938 .
