2474 4182
301 124 370 175 303
694 106 832 151 AM
893 105 929 144 O

2404 0 2452 41 ...⁸

1793 103 1834 141 A
1887 100 1935 140 M
1989 101 2025 140 o
2153 154 2159 159 ἱ
2334 72 2451 161 ’3041

305 201 380 234 Resp¹
396 208 423 232 ¹9
451 201 539 234 Qmm
559 198 681 225 volumus
702 195 761 220 licet
782 199 805 216 P.
821 197 846 217 c.
868 190 914 224 ipfi
934 200 982 217 nos
1001 200 1133 224 amemus,
1152 191 1296 225 (praeclare
1314 188 1342 214 de
1394 188 1462 227 tium
1478 188 1619 222 pollicens,
1640 198 1707 216 vnns
1719 195 1745 216 et
1759 190 1823 216 item
1836 190 1911 216 alter.
1948 189 2047 215 Durius
2065 189 2094 216 in
2109 191 2185 218 terris
2206 190 2274 217 nihil
2288 190 2338 224 est,
2356 188 2421 228 qumi

305 237 376 262 nobis
390 237 546 271 fintsanms)
572 241 657 260 [amen
681 239 727 256 nec
747 235 860 266 numero
881 226 1026 262 Hispanos,
1049 237 1095 253 nec
1116 226 1214 254 robore
1237 225 1343 256 Gallos,
1394 230 1469 249 viuat
1482 232 1584 251 amante
1597 228 1712 260 Propert.
1728 234 1808 260 2,17,
1824 234 1848 258 9.
1885 225 1966 251 Ouid.
1979 226 2070 251 Amor.
2090 235 2115 258 1,
2135 236 2167 259 9,
2190 235 2198 252 1
2227 227 2324 253 Militat
2342 230 2421 260 omni.
2438 206 2444 266 1

305 281 352 297 nec
371 271 514 297 calliditate
528 272 624 296 Poenos
634 288 641 299 ,
657 275 702 291 nee
720 262 821 290 artibus
836 262 949 289 Graecos
964 265 1122 298 superamus.
1157 263 1213 288 Cic.
1227 262 1279 287 Att.
1294 269 1315 292 5,
1329 266 1342 288 8
1395 267 1491 285 amans.
1537 260 1591 286 Cic.
1604 262 1774 288 tammTusc.
1784 273 1812 296 4,
1826 270 1857 295 27
1878 260 1958 287 Aliud
1972 261 2017 293 est,
2032 268 2174 288 amatorem
2187 263 2244 294 eise,
2257 262 2328 288 aliud
2342 272 2420 294 aman..
2439 274 2445 301 1.

306 307 397 334 Nimis
417 308 443 332 in
463 307 511 332 isto
531 307 638 331 Brutum
662 300 767 330 amasti,
794 301 812 323 i.
834 301 910 323 nimis
929 302 951 325 ei
970 297 1101 332 indul-silit.
1154 297 1240 324 Credo
1260 296 1343 329 igitur
1394 301 1458 320 teni.
1498 296 1559 320 Nem
1578 305 1588 321 e
1605 298 1646 324 hic
1663 305 1808 323 amatorem
1828 298 1895 322 (lh-j!
1914 296 2036 331 ifwrino'v,
2057 297 2241 332 qujfi.,71P4‚,.i„
2257 301 2420 330 amorealim,
2438 290 2445 337 ’ῃ

306 342 375 368 hunc
392 352 433 368 me
452 351 504 367 non
525 348 626 369 amare,
647 343 671 363 at
690 345 738 370 ego
758 342 800 359 me
818 334 920 365 amani,
941 335 1011 369 quod
1033 334 1101 360 milii
1121 332 1277 367 iampridem
1296 331 1342 356 vsu
1363 333 1376 358 5
1393 337 1525 364 occupatus
1537 304 1587 363 ςΙῗῐ
1608 339 1752 365 amantem,
1773 337 1814 369 qui
1827 332 1959 368 aliquando
1978 339 2061 358 amat:
2082 340 2110 358 w
2128 333 2279 360 aedificator
2297 339 2341 359 etc.
2375 309 2421 372 ἃ

305 387 359 404 11011
378 379 452 403 venit
472 376 508 402 Id.
523 376 575 400 Att.
587 382 619 405 9,
636 378 669 402 18.
695 375 712 398 i.
731 382 746 397 α
761 370 861 405 Cazyiire
877 374 988 406 gratiam
1011 380 1057 395 non
1070 372 1133 401 inii,
1147 369 1267 405 jctljccr‘,
1281 365 1345 401 qnod
1395 373 1456 392 cret.
1471 377 1504 398 4,
1521 374 1585 404 1070
1612 368 1730 395 Fluctuat
1743 370 1852 395 incertis
1872 368 2008 394 erroribus
2023 367 2102 393 ardor
2117 375 2259 395 amantum.
2312 366 2421 400 Amanffi

305 423 342 439 mr*
355 412 457 438 deleam
470 410 535 445 spui!
546 419 588 434 con
603 409 727 434 cientium.
783 407 876 432 Horat.
893 407 973 432 Serui.
988 415 1018 437 2,
1034 414 1065 439 7,
1079 413 1104 436 31
1139 419 1184 424 —-
1219 410 1341 435 amasqne
1395 408 1474 427 nutus
1488 401 1594 427 Tibull.
1609 411 1634 434 1,
1648 408 1677 435 8,
1693 413 1711 430 1.
1748 405 1829 431 Ouid.
1845 404 1923 439 Epist.
1938 412 1966 436 3,
1986 406 2021 430 26
2048 404 2162 429 Firmius
2182 403 2198 430 ὁ
2218 402 2307 438 c‘upidi
2325 405 2420 438 tandeffi
2436 415 2441 439 1

306 449 386 482 Qiod
400 454 526 479 nusquam
539 444 591 470 tibi
604 444 634 470 fit
648 443 805 478 potandum,
824 442 929 478 gaudere
942 449 965 467 te
978 441 1051 466 ‹ln-ss.
1189 436 1210 475 ff
1228 441 1244 463 6
1264 439 1344 472 Sprci'-
1394 439 1516 463 coeam-us
1535 444 1658 464 amantes.
1710 440 1799 466 Fifiius
1819 440 1900 467 Ouid.
1917 440 1948 466 de
1964 441 2038 465 Rem.
2054 440 2145 465 Amor.
2159 447 2213 473 755.
2262 441 2420 477 Propemffl
2438 442 2442 475 1

304 492 366 510 ‘mm
385 483 418 508 ml
435 480 557 513 :sanatam
573 481 748 506 bumanjmnm
762 481 920 513 rogantium,
932 480 1075 513 gratiasque
1089 477 1212 511 agentium
1224 480 1343 508 pertinet.
1395 481 1439 504 20,
1455 481 1465 504 3
1489 473 1567 506 Saepe
1581 473 1742 507 imprudenti
1755 476 1861 502 fortuna
1874 476 1991 502 occurrit
2005 475 2113 501 amanti.
2149 476 2284 500 Incautum
2299 472 2435 507 dementini*

304 521 336 546 1„
355 518 467 551 sna-smus
489 523 511 541 ct
531 515 712 542 hormeionsbur
731 515 830 551 solenne
848 511 880 545 ‹st
902 513 964 538 illud
983 511 1101 542 Amabo,
1122 511 1161 536 ve!
1180 509 1282 535 Amabo
1302 516 1342 540 te,
1355 515 1385 532 10
1394 509 1463 542 cepit
1476 514 1606 534 amantem
1620 509 1716 543 Virgil.
1731 512 1826 546 Georg.
1842 522 1869 546 4,
1883 517 1940 545 488.
1995 511 2123 537 insomnis
2137 511 2224 536 Vaier.
2239 511 2336 544 Argon.
2349 519 2375 546 7,
2385 511 2420 547 ιζ,

304 554 332 579 dc
345 562 390 588 qno
403 562 457 577 mox
468 551 614 587 fiparatim.
652 551 697 577 Sed
709 554 781 576 etiam
795 549 940 584 infirmam*
953 548 1062 583 obliquo,
1084 556 1108 572 υ.
1121 555 1146 582 g.
1161 544 1341 576 Menaechme,
1394 545 1477 570 Miser
1498 543 1580 570 Ouid.
1595 544 1686 570 Amor.
1698 554 1719 577 1,
1734 554 1760 578 9,
1773 552 1812 577 28.
1834 555 1857 573 et
1872 548 1946 581 Virg.
1959 548 2024 573 Aen.
2039 556 2067 580 4,
2082 554 2141 579 429.
2193 546 2335 580 Negieetus
2347 547 2420 578 Otiidss
2434 556 2440 582 1

303 597 391 614 amare
405 588 441 614 ait
454 594 479 613 te
493 588 607 614 multum
622 588 758 618 Erotium,
779 591 806 611 vt
823 584 872 610 hoc
888 593 937 609 ima
950 592 1029 617 opera
1044 581 1074 608 ad
1090 581 1226 608 aurificem
1240 581 1340 606 deferas
1394 581 1486 605 Amor.
1499 588 1522 611 3,
1539 585 1561 611 8,
1575 581 1614 612 65.
1668 580 1776 607 Oblitos
1789 589 1902 609 amantes
1923 583 2043 609 melioris
2061 582 2146 608 famae
2165 582 2240 616 Virg,
2254 582 2317 608 Aen.
2331 592 2361 615 4,
2374 586 2421 614 zffl
2434 590 2450 610 :o

302 624 384 650 Plaut.
400 624 470 649 Men.
487 632 508 655 3,
523 632 544 655 3,
561 632 577 649 1.
617 624 671 648 Huc
685 626 757 648 etiam
769 620 1014 656 p7·ecandijo›wzul11
1031 621 1156 653 pertinet,
1179 618 1204 643 Si
1217 626 1259 642 me
1272 625 1341 642 amas
1392 615 1488 641 Palleat
1497 615 1585 641 omnis
1599 624 1687 641 ainans
1701 617 1781 643 Ouid.
1797 618 1828 644 de
1843 620 1906 645 Arte
1920 620 1979 645 Am.
1996 627 2015 650 1,
2029 627 2080 652 731.
2131 617 2245 644 Pallidus
2264 618 2339 644 color
2356 624 2440 653 apffli

302 667 331 685 vt
344 659 412 685 Ter.
429 660 525 685 Heaut.
541 668 575 692 4,
593 668 627 691 4,
648 664 669 688 8.
713 660 754 684 Sic
774 657 830 683 Cic.
843 656 875 681 ad
891 659 927 688 Q
939 656 1022 681 Fratr.
1038 663 1067 685 2,
1087 663 1116 679 io
1136 653 1244 684 Adduc,
1263 652 1279 678 i}
1299 660 1341 677 me
1392 651 1493 677 amanti
1511 651 1548 677 Id.
1562 651 1594 677 de
1609 652 1672 677 Arte
1686 652 1744 677 Am.
1759 660 1783 684 1,
1795 660 1855 687 729.
1910 655 1997 681 Pallor
2009 654 2152 680 amantium
2166 653 2239 679 viola
2252 653 2348 680 tinctus
2361 650 2451 684 1-101‘..

303 703 388 727 311135,
409 696 535 721 Marium.
580 694 617 721 Id.
633 696 685 720 Att.
707 703 734 726 ς,
755 701 781 726 17
809 692 835 717 Si
853 692 998 725 quidquam
1018 700 1060 716 me
1082 698 1159 715 amas.
1197 691 1227 715 Jn
1246 690 1341 724 gratiis
1355 695 1379 720 15
1394 688 1482 713 Carm.
1499 695 1521 718 ς,
1538 696 1575 719 10,
1591 695 1629 720 14.
1667 687 1770 714 Periuri
1784 696 1897 717 amantes
1911 691 2027 724 Propert.
2040 698 2065 722 2,
2079 692 2115 722 16,
2130 697 2175 723 47.
2212 689 2331 715 Periuria
2343 684 2440 731 amaffi-,q

301 731 414 766 agendis.
452 732 508 757 Cic.
521 731 575 756 Att.
591 739 614 759 1.
630 739 644 755 2
667 730 711 756 Te
724 729 835 754 multum
849 736 981 758 amamus,
1001 726 1072 760 quod
1088 734 1118 751 ea
1131 725 1176 751 abs
1189 731 1214 750 te
1228 724 1340 757 diligen·
1393 729 1451 748 tuni
1473 722 1542 748 ridet
1563 723 1680 757 Iuppiter
1693 723 1800 749 Tibull.
1813 733 1842 757 3,
1855 733 1887 760 7,
1903 734 1941 760 17.
1993 726 2097 752 Teneri
2115 731 2230 751 amantes
2251 724 2289 752 Id,
2305 733 2330 757 1,
2343 733 2373 757 2,
2388 727 2416 731 “’
2433 736 2439 756 11

302 773 343 792 tci·
357 776 491 801 paruoque
506 772 593 792 curata
608 767 672 792 sunt.
708 765 775 790 Ter.
790 764 853 789 Eun.
869 771 889 794 3,
905 771 928 793 2,
944 771 955 794 3
975 761 1074 796 Ecquid
1092 770 1139 787 nos
1152 769 1220 786 amas
1239 759 1270 785 de
1284 759 1342 784 iidi-
1392 757 1551 784 Tei-..Anda
1559 767 1582 790 3,
1595 767 1616 790 3,
1631 767 1658 790 23
1679 759 1832 786 Amantium
1845 769 1914 794 irae,
1934 762 2032 788 amoris
2050 761 2241 795 redintegratio
2255 760 2300 786 est.
2435 770 2440 800 1

302 801 360 828 cina
382 802 427 828 hac
444 804 452 828 ἶ(
480 802 546 828 ibid.
562 811 587 833 1,
605 810 629 833 2,
647 803 692 827 106
713 800 812 826 Merito
832 805 856 824 te
877 808 953 830 amo,
974 804 999 823 et
1023 800 1087 823 bene
1108 796 1180 822 facis.
1217 795 1272 822 Cic.
1286 795 1339 820 Att.

303 845 330 873 7,
344 847 359 864 2
381 839 420 864 De
434 838 600 864 Raudusculo
614 837 778 863 Numeriano
796 834 907 860 inultum
926 841 951 860 te
970 842 1038 859 amo,
1075 832 1143 858 fild.
1159 832 1226 857 Ter.
1243 831 1338 856 Heaut.

1393 795 1458 820 Aen.
1472 804 1501 826 4,
1516 803 1554 820 101
1580 794 1661 820 Ardet
1674 803 1763 821 amans
1773 795 1856 822 Dido.
1906 797 2036 823 Deludere
2054 803 2184 823 amantem
2200 795 2282 823 Ouid.
2297 797 2345 822 Am
2387 800 2390 802 ’
2404 798 2410 804 '
2425 801 2436 833 Q

1393 838 1437 862 19,
1459 838 1496 861 32.
1549 830 1673 856 Deserere
1693 830 1731 856 Id.
1748 831 1813 857 Met.
1827 840 1855 864 3,
1874 837 1933 866 478.
1988 832 2131 859 Excludere
2150 832 2187 858 id.
2207 833 2299 858 Amor.
2313 840 2337 864 1,
2371 852 2380 865 ‚
2430 842 2433 847 ’

303 882 329 906 2,
344 882 366 906 3,
382 883 429 907 119.
466 874 539 899 Adel.
557 882 579 906 5,
594 879 617 905 8,
632 881 669 904 23.
707 875 738 898 it.
754 871 833 897 Plaut.
849 871 931 896 Merc.
946 880 979 903 4,
993 877 1019 903 7,
1035 877 1063 901 52
1083 868 1182 903 flcppos
1218 867 1296 893 Poen.
1311 875 1384 898 ‘t,2o
1395 865 1492 899 Virgil·
1512 866 1576 891 Aen·
1597 874 1631 899 4,
1650 868 1701 898 296
1735 880 1781 886 —-—
1817 867 1876 902 quis
1899 868 1991 895 fallere
2015 868 2088 903 possit
2107 874 2236 894 amantem
2251 850 2441 894 31³1-e-Uff·

303 918 329 941 2,
343 918 385 942 42.
432 910 562 943 Qiinc‘til.
585 912 616 941 6,
638 917 665 940 3,
686 917 715 940 93
744 907 807 932 Afer
827 908 986 936 (Domitius,
1009 905 1098 929 nobilis
1114 905 1216 933 orator)
1236 902 1341 936 ingrato
1393 907 1523 927 amantem
1536 901 1617 927 Ouid.
1631 903 1696 928 Met.
1712 910 1749 934 11,
1763 909 1822 935 450.
1873 903 2004 931 Fraudare
2024 906 2066 938 spe
2087 904 2124 930 Id.
2140 905 2204 930 Met.
2217 912 2264 937 14,
2276 910 2328 939 715.

301 945 448 979 litigatori,
469 944 635 979 conspeflum
654 944 708 969 eius
724 942 836 973 vitanti,
857 942 883 966 in
897 941 958 966 som
979 949 1023 974 per
1036 938 1260 965 nomenclatorem
1280 938 1341 964 mis-
1393 937 1455 963 dere
1481 946 1548 963 vana
1568 938 1610 971 spe
1636 938 1731 972 Virgil.
1752 939 1816 965 Aen.
1837 948 1862 971 1,
1884 948 1937 971 352.
2003 940 2183 966 Meminerunt
2208 939 2298 965 omnia
2316 947 2390 965 ama
2424 932 2443 960 1,’

302 982 358 1007 sum
373 981 404 1007 ad
419 990 496 1013 eum,
519 983 596 1008 Amas
617 989 674 1009 me,
696 979 797 1012 inquit,
816 977 887 1011 quod
909 984 933 1001 te
951 985 1004 1001 non
1024 975 1090 1000 vidi.
1131 976 1223 1009 Nempe
1239 977 1341 1010 gratias
1392 972 1472 1000 Ouid.
1492 973 1568 1007 Epist.
1582 981 1616 1005 15,
1631 982 1672 1006 43.
1723 974 1835 1001 Perdere
1847 981 1979 1001 amantem
1993 975 2031 1004 Id.
2046 977 2111 1002 Met.
2127 985 2153 1009 9,
2168 977 2226 1008 546.
2261 976 2393 1006 Praecunu
2419 970 2421 972 ’

302 1020 369 1053 egit,
390 1018 518 1052 quoti-libi
537 1027 583 1042 non
605 1014 714 1047 molestus
727 1018 828 1049 sumt,
854 1018 877 1037 et
897 1011 982 1037 blande
1007 1010 1159 1046 resalutandi
1180 1013 1340 1044 necessitatem
1391 1015 1506 1035 amantes
1521 1017 1611 1035 omnes
1624 1018 1675 1035 vna
1690 1009 1745 1035 dies
1759 1010 1846 1044 potuit
1858 1011 2005 1045 Propert.1,
2017 1019 2050 1043 13,
2063 1019 2102 1044 25.
2138 1011 2268 1038 Recedere
2283 1010 2316 1036 ab
2329 1019 2379 1036 am.
2400 1030 2401 1034 ,
2422 1004 2444 1043 ξ’

302 1053 432 1088 remissi-it.
477 1053 533 1079 Cic.
550 1054 620 1078 Fam.
636 1059 658 1081 13
669 1070 675 1081 ,
690 1052 723 1075 62
741 1058 778 1082 pr.
797 1049 828 1073 Et
843 1047 871 1073 in
885 1047 962 1073 Atilii
976 1047 1086 1081 negotio
1102 1052 1127 1072 te
1140 1046 1237 1072 amani.
1272 1047 1340 1071 Hor.
1350 1055 1380 1081 25
1392 1045 1474 1071 Ouid.
1486 1044 1522 1071 «de
1536 1046 1610 1071 Rem.
1625 1045 1716 1071 Amor.
1732 1048 1788 1079 619.
1825 1046 1993 1081 Virgil.Aen.
2008 1056 2037 1080 4,
2051 1055 2105 1081 479
2124 1047 2192 1074 Dido
2206 1047 2234 1072 de
2241 1049 2324 1073 Aenea
2336 1047 2376 1073 im
2424 1046 2439 1090 11

302 1089 390 1115 Carni.
406 1097 430 1121 2,
441 1097 461 1120 3,
471 1097 495 1121 9.
643 1088 664 1123 ‘j
693 1094 707 1118 7
728 1084 771 1110 All
784 1083 976 1119 confitetutlmmn
991 1090 1013 1108 et
1021 1083 1177 1118 facilitatem
1192 1081 1247 1107 imle
1260 1089 1340 1107 ortam
1392 1082 1463 1107 viani
1473 1101 1481 1113 ,
1506 1082 1581 1113 Qiac
1593 1080 1662 1106 mihi
1677 1081 1769 1108 reddat
1783 1090 1854 1115 eum,
1868 1083 1911 1109 vel
1924 1091 1958 1109 eo
1971 1090 2013 1108 me
2027 1082 2111 1109 soluat
2124 1089 2264 1109 amantem.
2318 1082 2392 1108 Luni
2421 1086 2428 1110 i

300 1127 415 1159 pti-cinci.
459 1127 498 1150 Ita
517 1124 569 1149 loca
587 1122 669 1148 amari
689 1120 806 1146 ‹licitatio-
825 1119 854 1144 ab
873 1119 1012 1145 hominibus
1029 1125 1073 1144 aut
1093 1116 1190 1150 btfliis,
1210 1126 1269 1153 quae
1282 1118 1341 1153 Jre-
1390 1117 1506 1143 amantia
1524 1116 1604 1143 Ouid.
1618 1116 1696 1151 Epist.
1711 1125 1748 1150 19,
1762 1125 1801 1150 25.
2426 1111 2441 1150 I

301 1168 418 1195 queniam
430 1159 511 1195 Jblfflt
524 1170 532 1183 .·
564 1159 615 1184 viii.
631 1159 713 1184 Burin.
733 1156 766 1181 ml
784 1156 855 1181 Crat.
869 1156 966 1189 Cyneg.
987 1164 1011 1180 v.
1025 1163 1081 1186 390.
1122 1155 1189 1189 Qaein
1207 1153 1241 1179 nd
1259 1156 1341 1179 inani·
1429 1160 1451 1179 A
1467 1159 1491 1178 M
1506 1159 1527 1178 A
1542 1160 1564 1178 N
1578 1159 1599 1180 T
1614 1159 1631 1178 E
1646 1159 1664 1178 R
1680 1172 1688 1184 ,
1724 1153 1765 1179 ius
1777 1173 1788 1186 ,
1823 1152 1912 1179 iffime.
1964 1153 2032 1180 Adu.
2082 1153 2094 1186 [
2107 1154 2207 1186 φιλικῶς
2223 1154 2238 1189 ]
2297 1152 2383 1181 Amice
2422 1157 2440 1193 11γῖ

302 1202 369 1221 mata
389 1198 461 1220 etiam
481 1195 600 1228 refertur.
639 1194 731 1218 Horat.
747 1192 797 1218 Od.
816 1199 888 1230 ²²3³
903 1199 919 1223 9
950 1191 1012 1223 Qio
1025 1191 1100 1224 pinus
1116 1190 1206 1223 ingens
1226 1189 1339 1223 albaque
1392 1198 1446 1214 cum
1481 1197 1571 1215 amore.
1645 1188 1702 1216 Cic.
1733 1189 1805 1215 Fam.
1830 1197 1877 1221 12,
1901 1197 1932 1221 30
1979 1188 2117 1224 Requifiui
2149 1189 2274 1224 equidem
2300 1197 2378 1224 vprop
2422 1195 2439 1243 1

302 1231 413 1265 populns
434 1226 553 1256 vmbram
576 1229 729 1263 hospitalem
751 1228 900 1253 consociare
921 1234 1017 1252 amant.
1055 1227 1085 1251 Et
1101 1228 1184 1257 3,16,
1199 1233 1215 1257 9
1235 1226 1337 1251 Aurum

301 1275 347 1300 per
361 1266 461 1292 medios
483 1267 521 1292 ire
540 1265 677 1295 satellites,
696 1270 721 1290 ct
741 1271 909 1297 perrumpere
930 1269 998 1288 amat
1018 1262 1075 1287 saxa
1094 1269 1140 1287 etc.
1161 1261 1260 1296 1'.Jblct.
1298 1261 1339 1287 Sic
1391 1259 1470 1294 Epist.
1485 1267 1514 1292 5,
1535 1262 1577 1292 16,
1596 1268 1608 1292 3
1630 1261 1664 1286 Vt
1679 1269 1726 1286 nos
1738 1261 1836 1287 amieos
1849 1268 1969 1295 paternos
1986 1267 2011 1288 et
2024 1267 2140 1287 amanter
2154 1266 2179 1287 et
2190 1259 2305 1287 modeste
2319 1267 2350 1286 co
2367 1273 2395 1283 ·1
2422 1262 2427 1294 l

300 1302 400 1328 Libelli
421 1302 501 1327 Stoici
520 1308 606 1327 amant
625 1301 710 1326 iacere
730 1300 798 1325 inter
817 1298 942 1332 puluillos
961 1298 1055 1324 sericos
1073 1298 1138 1323 Hor.
1154 1295 1235 1330 Epod.
1252 1301 1281 1328 8,
1300 1299 1337 1322 16.

299 1338 377 1363 Amat
399 1337 491 1363 bibere
512 1343 568 1363 toto
594 1345 661 1362 anno
682 1335 765 1370 palma
786 1334 851 1360 Plin.
873 1342 911 1366 15,
932 1343 958 1366 4.
1018 1334 1095 1359 Amat
1114 1333 1211 1358 fluuius
1230 1331 1337 1358 alueum

300 1373 374 1399 suum
395 1373 458 1399 Plin.
470 1374 637 1406 Paneg.3i,4.
659 1375 676 1398 ι’.
697 1381 743 1397 non
757 1370 860 1396 excedit.
896 1368 1028 1403 Qunffil.
1041 1378 1073 1401 9,
1090 1377 1118 1400 3,
1134 1376 1162 1403 17
1184 1368 1219 1394 Ex
1235 1368 1338 1394 Graeco
1389 1374 1534 1402 genterque
1548 1367 1651 1402 aliquid
1664 1367 1794 1394 conficere
1812 1369 1869 1395 Cic.
1884 1370 1936 1395 Att.
1954 1378 1985 1400 2,
2003 1379 2030 1403 4.
2100 1369 2226 1395 Amanter
2243 1366 2380 1402 expediar-e
2417 1349 2439 1400 11

298 1409 422 1436 translata
437 1409 550 1435 Sallustii
564 1409 691 1443 plurima,
706 1407 783 1442 quale
796 1406 846 1437 est,
860 1405 954 1439 vulgus
968 1411 1036 1431 amat
1050 1405 1117 1430 fieri.
1152 1405 1252 1430 Comus
1263 1410 1338 1438 putat
1351 1413 1379 1438 33
1390 1410 1499 1429 ventum
1511 1402 1622 1429 alicuius
1642 1404 1698 1430 Cic.
1715 1405 1786 1430 Fam.
1800 1412 1829 1437 5,
1851 1413 1887 1437 19.
1923 1405 1992 1431 Tac.
2007 1405 2038 1431 A.
2054 1412 2083 1437 1,
2099 1413 2148 1437 43,
2165 1412 2174 1430 1
2195 1403 2292 1430 Melius
2306 1409 2332 1429 et
2345 1411 2360 1429 a
2392 1407 2397 1426 1’

299 1448 388 1480 respici
408 1445 442 1470 ad
460 1444 577 1479 Iugurth.
592 1453 633 1478 34,
649 1453 656 1469 1
682 1445 782 1477 impetu
801 1449 880 1476 atque
898 1441 958 1467 aliis
975 1441 1113 1470 omnibus,
1132 1448 1199 1474 quae
1218 1440 1257 1465 ira
1278 1439 1339 1465 fieri
1390 1440 1442 1465 tius
1458 1439 1505 1465 ille
1519 1439 1626 1475 (fecit)
1640 1440 1687 1474 qni
1701 1439 1817 1474 gladium
1832 1439 1968 1485 offerebat.
2038 1439 2215 1466 Amantissime
2236 1439 2373 1466 obsecrare
2418 1436 2438 1505 ,ἐ

299 1486 384 1513 amat,
404 1484 446 1506 vbi
466 1490 494 1506 ex
509 1482 609 1506 Graecis
627 1480 690 1506 hanc
704 1480 842 1514 formulam
863 1476 980 1510 illustrat.
1018 1478 1059 1504 Sic
1071 1477 1238 1503 Tacitum.
1254 1484 1336 1516 4,9,3

299 1516 448 1543 Memoriae
460 1515 535 1542 Drusi
551 1515 652 1546 eadem,
667 1523 732 1549 qnae
752 1514 778 1540 in
791 1514 977 1540 Germanicum
996 1512 1187 1543 decernuntur,
1206 1512 1338 1546 plerisque
1425 1518 1638 1543 AMANTIA,
1657 1520 1696 1538 ae.
1717 1511 1738 1537 f.
1773 1512 1860 1538 Amor.
1896 1512 1981 1539 Plaut.
1994 1502 2129 1545 Trucs4,
2151 1519 2183 1543 2,
2203 1518 2223 1544 4
2247 1510 2340 1537 Prome
2352 1519 2394 1537 v->v
2436 1517 2437 1527 ¹

300 1550 414 1584 additis,
435 1558 465 1578 vt
485 1552 571 1578 ferme
594 1558 661 1577 amat
682 1550 811 1584 posterior
831 1548 958 1575 adulatio.
1008 1549 1076 1576 ΑΜ.
1098 1548 1230 1574 Ammian.
1245 1550 1288 1579 16,
1311 1556 1338 1573 12
1390 1546 1497 1580 statem,
1514 1547 1672 1580 amantiam,
1696 1546 1808 1582 gaudia,
1827 1548 1916 1582 copeis
1930 1556 2042 1574 amores.
2080 1549 2121 1574 lta
2134 1546 2267 1573 Lambinus
2284 1556 2338 1574 cum
2356 1546 2399 1579 S
2417 1554 2438 1588 3¹·

299 1588 362 1613 mni.
519 1585 540 1621 ἦ
561 1592 574 1616 8
597 1587 722 1612 Aduerbio
737 1586 890 1621 observamur
909 1588 955 1617 {sta
971 1596 977 1609 .·
1018 1584 1159 1611 Ardentius
1179 1584 1245 1610 Plin.
1257 1582 1336 1617 Epist.

300 1631 323 1655 3,
338 1632 363 1655 9,
378 1630 402 1656 7.
456 1621 538 1649 Caute
558 1629 627 1648 amet
646 1630 742 1656 pauper
761 1620 841 1647 Ouid.
857 1620 888 1646 de
901 1622 964 1646 Arte
978 1621 1036 1647 Am.
1051 1629 1082 1652 2,
1098 1622 1153 1654 167.
1207 1620 1337 1646 Certatim
1426 1618 1543 1644 ΑΜᾹΤ
1553 1625 1571 1644 V
1583 1625 1606 1644 s.
1633 1619 1725 1645 Pax-tic.
1747 1618 1914 1654 [ἠρεισμένος]
1950 1619 2032 1646 Ouid.
2046 1620 2109 1645 Met.
2118 1626 2140 1652 5,
2147 1619 2196 1650 636
2230 1631 2276 1638 ·—·
2310 1616 2354 1644 sed
2367 1629 2370 1631 ·
2383 1630 2387 1642 ι
2402 1610 2437 1650 5·in

301 1658 498 1690 Cic.1²hil.3‚1g.
532 1658 672 1684 Crudelius
692 1657 791 1683 amauit
810 1656 891 1682 Ouid.
901 1657 964 1682 Met.
981 1665 1001 1687 3,
1017 1665 1077 1689 442·
1116 1655 1240 1681 Effliffim
1255 1655 1337 1681 Plaut.
1392 1654 1526 1688 cognoscit
1539 1659 1637 1680 amatas
1672 1655 1764 1680 Amnis
1776 1663 1865 1689 aquas.
1900 1659 1994 1682 Amate
2007 1654 2075 1681 mihi
2089 1663 2144 1680 non
2157 1654 2244 1680 minus
2257 1661 2336 1688 quam
2349 1652 2417 1680 frat*
2428 1647 2435 1659 '¹

300 1693 395 1727 Amph.
410 1702 435 1725 t,
454 1702 480 1724 3,
497 1703 533 1725 19.
570 1693 646 1728 Apul.
660 1694 723 1720 Met.
739 1701 750 1726 5
771 1702 795 1726 p.
814 1694 863 1718 161.
905 1692 1082 1718 familiariter
1096 1690 1206 1724 Quin&
1217 1700 1254 1722 10,
1267 1700 1287 1722 3,
1301 1699 1337 1716 12.
1389 1690 1469 1716 fratri
1488 1689 1570 1716 Ouid.
1584 1698 1616 1715 ex
1629 1691 1703 1716 Pont.
1719 1700 1754 1724 4,
1766 1698 1811 1723 -12,
1825 1699 1867 1716 22.
1939 1690 2008 1719 Add.
2024 1692 2091 1717 Hor.
2106 1691 2193 1717 Carni.
2213 1698 2241 1722 3,
2260 1696 2307 1724 27,
2327 1696 2373 1724 47.
2428 1685 2431 1718 1

300 1730 416 1756 Fortiter
436 1729 500 1754 Plin.
516 1730 608 1767 Pane&
625 1732 672 1761 36,
694 1738 720 1762 4,
758 1729 882 1754 Fraterno
903 1728 959 1753 Cic.
975 1728 1026 1753 Att.
1043 1736 1067 1758 1,
1088 1735 1099 1759 5
1117 1734 1182 1754 extr.
1235 1726 1339 1752 inuitus
1389 1725 1472 1760 Epod.
1488 1733 1532 1759 17,
1551 1734 1593 1752 20.
1630 1726 1705 1760 Virg.
1720 1727 1785 1752 Aen.
1803 1734 1847 1758 10,
1868 1731 1920 1758 189.
1955 1727 2024 1753 Tac.
2038 1726 2127 1752 Germ.
2140 1734 2193 1760 40,
2212 1727 2237 1751 6.
2394 1747 2397 1759 s
2414 1729 2421 1755 ζ

297 1765 394 1791 amabo
414 1763 494 1790 Ouid.
510 1766 630 1796 Annii-13,
645 1774 676 1795 11,
690 1772 725 1796 35.
780 1763 934 1788 Medullitus
947 1772 1034 1788 amare
1051 1761 1215 1788 l'laut.Most.
1232 1771 1251 1793 1,
1264 1770 1287 1793 3,
1296 1769 1336 1795 27.

297 1800 429 1831 Mirifice,
456 1800 508 1825 vid.
528 1810 583 1825 mox
604 1799 692 1825 Valde.
748 1799 845 1824 Misere
859 1798 926 1823 Ter.
942 1799 1036 1824 Heaut.
1050 1806 1080 1829 2,
1095 1807 1118 1829 1,
1135 1799 1172 1824 16.
1229 1797 1338 1824 Oct-ulte
1390 1796 1507 1831 Alpheus
1520 1796 1637 1830 adusque
1649 1802 1750 1822 amatae
1763 1796 1878 1822 confinia
1890 1797 2061 1831 progreditur
2083 1796 2214 1823 Animian.
2230 1803 2318 1830 15,.4.
2336 1797 2355 1823 ἱ.
2375 1786 2429 1810 ‘'i-''⁷“

297 1842 367 1861 amet
386 1835 468 1861 Ouid.
485 1835 572 1860 Trist.
593 1843 621 1866 3,
641 1844 675 1867 4,
696 1842 737 1868 72.
798 1833 928 1858 Patienter
946 1841 1034 1858 amare
1058 1832 1130 1858 Idem
1149 1832 1227 1866 Epist,
1248 1838 1288 1865 18,
1309 1841 1337 1866 4.

297 1871 400 1897 Perdite
419 1871 487 1896 Ter.
503 1871 608 1896 Phorm.
623 1879 649 1902 1,
664 1879 695 1901 2,
709 1878 745 1901 32.
800 1868 970 1895 Pertinaciter
990 1868 1055 1893 Piin.
1072 1868 1163 1901 Paneg.
1180 1870 1221 1899 86,
1237 1877 1260 1894 2.
1295 1868 1337 1894 Sa-
1425 1875 1606 1900 AMATIO,
1624 1868 1692 1894 onis.
1712 1868 1826 1903 [ἔζηκα-ις]
1861 1870 1941 1894 Amor
1949 1870 2077 1895 Venerius.
2113 1862 2387 1900 Plaut.Poenul.3,1,

297 1907 400 1941 pienter
421 1906 501 1932 Ouid.
521 1906 599 1941 Epist.
620 1915 660 1936 21,
681 1914 719 1939 57.
775 1903 918 1938 Speciolius
936 1903 1001 1930 Plin.
1017 1904 1110 1938 Paneg.
1125 1911 1176 1935 90,
1197 1911 1220 1928 2.
1258 1903 1337 1928 Tuto
1391 1902 1493 1928 Acerba
1507 1903 1607 1929 amatio
1621 1903 1666 1929 est.
1703 1901 1794 1929 Nimis
1808 1905 1895 1938 inepta
1914 1904 1996 1930 Plant.
2011 1903 2125 1937 Rud.4,
2148 1911 2177 1937 5,
2198 1912 2237 1937 14.
2274 1901 2343 1931 Add.

298 1942 379 1969 Ouid.
396 1942 488 1968 Amor.
502 1950 527 1973 z,
540 1951 565 1973 2,
578 1944 618 1974 65.
654 1941 709 1967 Cic.
725 1941 777 1966 Att.
790 1943 815 1972 6,
831 1949 845 1966 2
869 1939 940 1965 Mihi
955 1939 1061 1966 videtur
1073 1944 1184 1965 matrem
1198 1937 1289 1970 valde,
1308 1943 1338 1963 vt
1348 1945 1379 1971 50
1391 1938 1458 1971 Epil.
1473 1947 1498 1963 v.
1514 1946 1550 1965 2..
1573 1937 1673 1964 Odiosa
1710 1939 1765 1964 Cas.
1779 1947 1812 1971 2,
1829 1948 1859 1971 5,
1879 1948 1923 1966 20.
1995 1941 2065 1967 Plur.
2100 1940 2183 1967 Merc.
2196 1949 2231 1974 4,
2247 1949 2280 1974 4,
2303 1946 2336 1973 54
2369 1944 2379 1960 ῐ

297 1977 391 2007 debet,
412 1986 516 2007 amare,
535 1983 611 2011 teque
630 1975 751 2002 mirifice.
805 1975 888 2001 Vnice
903 1984 990 2001 amare
1010 1975 1122 2009 patriam
1142 1980 1168 2001 et
1186 1974 1258 2000 ciues
1281 1975 1340 2000 suos
1388 1979 1434 2000 tua
1447 1972 1494 1999 hac
1509 1974 1610 2005 amica,
1631 1982 1744 2008 cumque
1758 1975 1945 2002 amationibus.
2340 1992 2341 1996 1
2354 1992 2355 1997 1
2370 1969 2377 1977 “

297 2013 353 2040 Cic.
362 2012 439 2039 Catil.
449 2021 476 2044 3,
492 2021 522 2038 11.

335 2056 355 2075 Α
367 2055 391 2074 Μ
402 2050 423 2074 Α
435 2055 449 2074 Β
459 2055 477 2075 o
487 2068 494 2080 ,
518 2046 592 2083 [πρᾶς
604 2045 683 2078 θεῶν]
723 2046 811 2071 Interi.
832 2043 985 2070 blandientis
1003 2049 1026 2068 et
1044 2046 1162 2068 amantis.
1204 2044 1239 2068 Vt
1252 2044 1340 2068 volunt
1388 2053 1485 2076 amore,
1500 2045 1595 2079 hocque
1609 2051 1660 2070 tum
1673 2043 1738 2079 casto
1750 2051 1801 2071 tum
1813 2048 1908 2081 impuro
1922 2045 2025 2072 dicitur.
2078 2045 2195 2072 Cic-Ait.
2205 2052 2235 2078 14
2254 2064 2256 2067 1
2283 2060 2290 2065 -1

297 2084 396 2120 quidam
410 2085 588 2114 Grammatici,
606 2091 658 2109 cum
680 2081 709 2106 fit
729 2081 806 2116 ipsimi
819 2079 938 2115 futurum
958 2078 1027 2104 verbi
1045 2086 1070 2103 eo
1084 2075 1215 2116 jurene&
1229 2079 1339 2115 accepti,
1389 2079 1469 2111 pacis.
1508 2079 1576 2103 idem
1592 2075 1663 2105 Fam.
1678 2088 1711 2114 7,
1730 2090 1758 2112 33
1778 2081 1929 2116 Viuamque
1941 2088 2030 2108 tecum
2044 2081 2173 2113 multum,
2191 2085 2217 2106 et

297 2129 366 2156 quem
383 2119 536 2146 declaramus
556 2128 580 2145 n.
595 2120 621 2149 6,
641 2116 699 2143 adeo
714 2114 899 2150 etblimpliciter
913 2122 962 2150 pro
978 2123 1019 2139 oro
1037 2114 1141 2147 positum
1155 2111 1238 2138 videri
1252 2111 1338 2147 possit,
1352 2117 1379 2143 55
1390 2112 1469 2137 nibus
1490 2111 1586 2136 nostris
1605 2114 1778 2141 amatoribus.
1823 2117 1949 2143 Proditor
1971 2117 2098 2144 amatoris
2117 2117 2190 2144 Curt.
2204 2116 2222 2142 6
2228 2134 2237 2148 ,

296 2163 327 2182 υι
339 2159 365 2181 in
377 2155 419 2181 1110
455 2154 503 2181 Sed
530 2154 601 2186 scin',
621 2153 686 2187 quid
704 2159 729 2178 te
750 2151 860 2183 amabo,
879 2157 907 2177 vt
927 2149 1006 2177 facias
1027 2149 1107 2175 Plaut.
1121 2149 1192 2174 Men.
1206 2156 1221 2174 2
1231 2167 1238 2178 ,
1255 2156 1267 2178 3
1277 2166 1285 2179 ,
1299 2154 1336 2181 71.
1389 2147 1567 2179 Cic.Fa⁴m.9,
1581 2153 1616 2179 15,
1635 2146 1808 2182 vbicaefizrem
1823 2151 1895 2175 Paeti
1905 2158 2053 2178 amatorem
2065 2159 2147 2178 vocat.
2183 2150 2228 2178 Ad
2238 2151 2336 2177 Veneri

298 2191 401 2217 Amabo
417 2197 456 2221 te,
471 2197 499 2216 vt
515 2190 577 2216 illuc
592 2190 703 2215 transeas
717 2188 784 2214 Ter.
799 2188 864 2213 Eun.
878 2196 907 2219 3,
921 2195 949 2218 3,
963 2195 1001 2217 30.
1040 2186 1181 2220 Plerumque
1195 2191 1275 2208 tumen
1288 2183 1338 2208 vel·
1390 2183 1470 2208 dinem
1506 2183 1575 2209 Ter.
1608 2182 1673 2211 Eun.
1697 2190 1731 2215 4,
1750 2191 1779 2214 3,
1801 2191 1831 2215 23
1867 2184 2005 2210 Amatores
2018 2186 2154 2211 audieram
2171 2186 2220 2211 effe
2231 2184 2387 2211 mulin-mi
2407 2206 2411 2208 ψ

297 2233 326 2253 ut
341 2230 367 2252 in
382 2225 523 2261 parcnthtji
537 2228 650 2260 ponitur.
693 2225 725 2249 l't
741 2224 796 2250 Cic.
806 2224 876 2249 Fam.
888 2230 915 2256 7,
928 2231 954 2254 32
977 2219 1139 2247 Vrbanitatis
1152 2218 1337 2254 posl'eilionem,
1389 2218 1554 2252 (eunuchos)
1573 2226 1718 2243 maxumos.
1754 2217 1827 2244 idem
1839 2215 1919 2244 Andr.
1934 2227 1968 2252 4,
1982 2228 2010 2251 3,
2022 2227 2035 2251 3
2055 2219 2195 2250 Amicum,
2213 2221 2372 2248 amatorem,
2421 2207 2428 2260 1

296 2262 392 2288 amabo
401 2282 408 2294 ,
421 2261 561 2296 quibusuis
578 2259 726 2286 interdi&is
742 2258 921 2285 defendamus.
956 2257 1024 2283 Ter.
1039 2257 1103 2281 Eun.
1118 2265 1146 2288 4,
1161 2264 1188 2288 4,
1201 2262 1218 2288 7
1238 2254 1338 2280 Habes·
1389 2263 1449 2280 rum
1462 2255 1491 2279 in
1504 2253 1601 2288 quouis
1614 2254 1673 2280 loco
1685 2259 1812 2288 paratum.
1853 2255 1901 2280 Vbi
1911 2254 2030 2280 Donatus
2037 2254 2143 2280 Amicus
2155 2253 2240 2280 animi
2252 2252 2302 2285 est,
2322 2253 2399 2278 Ama=
2408 2257 2419 2286 ζῚ

296 2307 329 2324 ne
345 2298 496 2329 hominem,
516 2296 627 2323 amabo?
659 2295 727 2321 ΑΜ.
742 2303 768 2326 1,
781 2303 811 2325 2,
826 2302 855 2327 50
873 2300 896 2319 et
915 2301 957 2327 70.
995 2292 1050 2318 Cic.
1066 2292 1117 2317 Att.
1134 2299 1162 2323 5,
1180 2298 1208 2324 17
1234 2289 1376 2316 Amabo60
1390 2298 1456 2316 vero
1468 2289 1598 2323 corporis.
1652 2290 1706 2325 Qo
1720 2292 1801 2316 minus
1811 2289 1946 2316 audiendus
1959 2291 2001 2316 hic
2011 2289 2044 2323 qli
2058 2289 2198 2322 Bentleius,
2218 2291 2270 2325 qui,
2278 2298 2306 2314 ne
2319 2287 2433 2323 obsi-em(

296 2340 338 2366 te,
357 2333 480 2359 incumbe
495 2333 522 2359 in
535 2341 593 2359 eam
606 2340 678 2363 rem,
696 2336 723 2357 et
736 2330 768 2356 ad
781 2339 824 2355 me
840 2328 932 2355 scribe.
969 2327 1077 2353 Hiscine
1091 2333 1135 2358 tu,
1152 2324 1263 2357 amabo,
1283 2333 1338 2350 non
1390 2328 1489 2352 oriatur
1498 2323 1650 2355 intelleeius,
1679 2327 1770 2351 imaitis
1792 2326 1901 2352 omnihus
1923 2326 1998 2353 libris
2014 2332 2131 2351 tutorem
2145 2327 2252 2360 reponi-t.
2300 2322 2367 2350 Idem
2386 2327 2411 2345 f.

295 2375 386 2396 contra
400 2368 557 2395 insidiabere
569 2369 637 2394 Ter.
652 2368 747 2393 Heaut.
763 2375 783 2397 1,
798 2374 817 2398 1,
834 2374 866 2397 13.
910 2363 1028 2395 Amabo,
1043 2371 1101 2388 mea
1115 2361 1198 2388 dulcis
1212 2359 1340 2395 Ipsithilla
1381 2367 1466 2393 ,natus
1481 2357 1513 2387 ad
1526 2361 1590 2387 Eun.
1605 2368 1633 2394 1,
1646 2369 1675 2393 2,
1696 2363 1727 2391 68
1745 2360 1825 2387 Aliud
1838 2361 1873 2387 est
1886 2362 2012 2393 Amator,
2026 2361 2099 2387 aliud
2113 2360 2149 2387 est
2160 2360 2268 2386 Amicus
2281 2369 2288 2384 :
2311 2359 2376 2386 Ama
2403 2350 2427 2366 ”

297 2405 393 2432 Catuli.
408 2414 450 2437 33,
465 2413 483 2431 1.
540 2405 627 2436 Cura,
645 2402 740 2429 amabo
759 2409 799 2433 te,
819 2401 977 2427 Ciceronem
999 2398 1119 2425 nostrum
1137 2397 1192 2424 Cic.
1208 2397 1262 2423 Ait.
1277 2405 1300 2429 2,
1312 2405 1336 2422 2.
1391 2397 1439 2432 qui
1453 2396 1486 2423 ad
1499 2402 1601 2431 tempus
1615 2407 1620 2422 :
1657 2397 1780 2429 Amicus,
1799 2397 1846 2432 qui
1859 2404 1987 2433 perpetuo
2000 2403 2077 2423 amat.
2126 2396 2199 2422 Idem
2211 2401 2237 2421 et
2252 2393 2335 2427 alibi,
2361 2402 2363 2407 ¹
2382 2399 2416 2422 i„

297 2441 364 2469 ΛΜ.
379 2440 416 2467 ld.
432 2440 469 2466 ib.
486 2449 517 2473 9,
532 2445 566 2470 18.
604 2447 626 2466 et
641 2439 672 2465 ad
685 2440 721 2472 Q
735 2439 817 2464 Fratr.
833 2445 864 2469 2,
880 2445 916 2462 10.

335 2484 355 2503 Α
365 2484 389 2503 Μ
399 2484 419 2502 Α
429 2484 462 2503 ss
472 2484 490 2501 0
500 2496 508 2508 ,
533 2477 649 2502 Futurum
667 2472 778 2500 cxac‘luni
790 2480 838 2508 pro
853 2473 1001 2503 Amauero,
1014 2470 1089 2496 Festo
1102 2469 1260 2509 obseruatum.
1298 2464 1339 2500 Est
1348 2472 1380 2505 65
1391 2470 1462 2496 ritne
1486 2474 1512 2495 te
1533 2469 1616 2501 Alba,
1635 2475 1695 2494 tuus
1717 2468 1905 2504 antiquiffimus
1927 2478 1982 2495 non
2002 2469 2088 2495 solum
2108 2467 2223 2499 amicus,
2243 2474 2337 2492 verum

297 2512 363 2547 apud
376 2512 458 2538 Plaut.
470 2511 555 2538 Casin.
569 2519 590 2543 5,
606 2520 633 2544 4,
647 2519 680 2537 22
700 2510 726 2536 Si
739 2517 856 2543 vnquam
871 2507 975 2543 posthac
989 2512 1033 2532 aut
1046 2506 1140 2532 amasso
1152 2505 1281 2535 Cannam,
1296 2508 1340 2529 aut
1392 2510 1511 2537 amator,
1532 2504 1668 2531 absoluere
1681 2505 1691 2530 Ζ
1737 2504 1792 2532 Cic,
1806 2505 1888 2531 Ture,
1902 2515 1935 2539 4,
1954 2512 1988 2540 27
2010 2515 2031 2531 c,
2045 2513 2072 2531 12
2097 2505 2132 2530 Vt
2149 2503 2218 2530 inter
2229 2501 2334 2534 Ebrieta

297 2548 406 2582 occepso
425 2548 522 2579 modo,
545 2546 652 2573 Nedum
670 2552 698 2573 vt
719 2554 777 2572 eam
797 2545 892 2571 amafl'o
915 2544 952 2576 (f.
966 2541 1096 2574 amailim)
1116 2541 1134 2567 si
1152 2548 1201 2574 ego
1221 2547 1338 2580 unquam
1394 2540 1580 2568 Ebriofitatem
1594 2540 1714 2573 interest,
1734 2540 1860 2575 aliudque
1872 2541 1923 2573 est,
1942 2542 2095 2567 Amatorem
2110 2540 2174 2572 else,
2191 2537 2264 2565 aliud
2284 2538 2340 2572 Am,

298 2583 403 2618 posthac
418 2583 469 2608 talc
482 2582 612 2609 admisero
631 2589 676 2608 etc.
715 2584 745 2608 Et
758 2582 836 2607 Curc.
851 2589 879 2613 4,
892 2589 919 2613 4,
934 2587 966 2605 22
987 2578 1118 2604 Amaillnt.
1154 2578 1184 2603 Et
1198 2575 1257 2602 Mil.
1272 2583 1299 2607 4,
1313 2583 1338 2607 2,
1398 2577 1456 2604 istd.
1480 2583 1616 2603 AMANS
1640 2585 1666 2602 n.
1688 2584 1710 2608 3.
1746 2577 1814 2603 Acer
1832 2577 1887 2603 Cic.
1911 2578 1964 2603 Att.
1989 2585 2015 2609 1,
2037 2585 2074 2603 10.
2094 2575 2122 2602 de
2140 2581 2232 2601 emturo
2251 2573 2303 2601 bibl
2320 2570 2338 2579 ‘²
2374 2608 2381 2622 Η
2395 2596 2417 2619 a,

298 2621 327 2645 16
350 2618 463 2645 Amaffis.
504 2619 570 2644 Hinc
582 2618 741 2653 formaretur
758 2618 885 2651 infinitum
899 2615 1044 2646 Amassere,
1061 2621 1089 2640 vt
1105 2612 1302 2646 Expugnass'ere.

334 2661 356 2681 A
366 2661 390 2680 Μ
400 2661 421 2680 Α
431 2662 451 2680 N
463 2661 510 2680 DV
520 2660 532 2680 S
542 2673 549 2685 ,
569 2662 599 2686 a,
620 2663 673 2679 mn.
711 2653 850 2685 Amaln'lis,
864 2653 956 2678 Amat-i
970 2649 1070 2686 dignus.
1107 2649 1177 2675 Ter.
1192 2646 1378 2686 Adelph.4,70
1391 2649 1492 2675 amicae
1506 2650 1571 2675 Hor,
1586 2648 1666 2675 Serm.
1680 2655 1707 2679 1,
1720 2655 1748 2679 3,
1762 2653 1798 2680 38;
1851 2649 1982 2674 Fluminis
2000 2653 2026 2674 et
2044 2647 2194 2678 montium,
2208 2645 2276 2681 apud
2290 2653 2344 2680 quo
2406 2669 2415 2682 ἦ

298 2697 321 2723 5,
336 2698 367 2724 75
392 2690 444 2716 Hic
463 2698 518 2715 n0¹¹
536 2688 660 2715 amandus
675 2690 683 2714 ἶ
709 2687 789 2714 Ouid·
805 2687 838 2713 de
852 2688 915 2713 Arte
929 2687 987 2712 Am.
1005 2695 1024 2717 1,
1038 2688 1081 2718 615
1114 2698 1161 2704 --
1197 2683 1246 2711 sibi
1260 2691 1339 2718 quae-
1392 2685 1516 2711 educatus
1534 2684 1603 2712 Flor.
1618 2692 1645 2716 1,
1661 2691 1686 2716 1,
1701 2690 1723 2715 5.
1759 2684 1870 2718 Magnus
1883 2689 1986 2711 amator
2005 2684 2150 2711 mulierum
2178 2681 2259 2709 Plaut.
2269 2677 2344 2708 Men.
2373 2691 2375 2693 ·

297 2734 348 2760 que
363 2725 469 2751 videtur
487 2724 605 2751 amanda.
643 2723 760 2749 Ainanda
779 2731 831 2749 vox
851 2724 918 2749 Hor.
934 2723 1021 2748 Carni.
1036 2732 1064 2755 4,
1079 2729 1111 2752 11,
1128 2728 1167 2753 34.
1284 2716 1304 2755 ff
1324 2726 1338 2744 2
1392 2729 1434 2754 43.
1444 2719 1608 2747 'Manifestus
1620 2719 1681 2746 fiam
1694 2726 1796 2746 amator
1808 2720 1889 2746 Ouid.
1897 2721 1988 2747 Amor.
2004 2729 2024 2753 1,
2031 2729 2059 2753 4,
2072 2728 2113 2752 39.
2130 2720 2231 2753 Pauper
2249 2715 2382 2744 Ouid-A.

297 2761 435 2788 Gerundiui
452 2762 581 2795 exempla:
615 2759 728 2786 Amandi
747 2764 900 2793 praeceptor
921 2757 1002 2784 Ouid.
1022 2756 1054 2782 de
1072 2757 1136 2782 Arte
1156 2756 1215 2781 Am.
1238 2761 1266 2794 2⁴,
1287 2755 1338 2780 161.
1392 2758 1490 2789 1‚8,6g.
1506 2753 2188 2818 Plenuslanguet,cumrespeffuadlefforescarminum
2197 2755 2264 2780 Hor.
2272 2752 2318 2787 Ep.
2327 2760 2348 2785 1,
2364 2757 2380 2787 j.

297 2796 417 2823 Amantio
436 2795 546 2830 perdere
567 2796 660 2822 Horat.
675 2796 762 2822 Carni.
778 2803 803 2826 1,
818 2799 847 2826 8,
863 2802 887 2819 2.
941 2792 1060 2819 Amando
1081 2793 1202 2826 superare
1222 2789 1340 2824 aliquem
1392 2793 1510 2827 Propert.
1526 2801 1557 2825 2,
1569 2800 1613 2824 21,
1626 2799 1644 2824 4
1664 2792 1781 2817 onrem
1795 2801 1804 2818 1
1817 2791 1841 2818 le
1854 2798 1914 2818 tuus
1926 2789 2239 2826 pulcheramatorhabet.
2274 2789 2343 2815 Hot-

296 2832 377 2860 Ouid.
393 2833 457 2858 Met.
472 2841 516 2865 14,
536 2833 592 2864 641.

334 2875 390 2896 ΑΜ
400 2875 484 2895 ANS.
523 2867 618 2894 Partic.
657 2865 747 2900 [ἐρῶν]
786 2865 887 2890 Praeter
912 2862 982 2889 diff..
1017 2862 1114 2897 Virgil.
1133 2863 1230 2896 Georg.
1250 2869 1277 2893 3,
1297 2868 1336 2894 315
1389 2866 1480 2890 quen.
1492 2864 1542 2890 Sat.
1555 2866 1581 2896 6,
1590 2870 1638 2898 547
1658 2862 1773 2897 Spondet
1784 2870 1930 2891 amatorem
1943 2869 2074 2890 tenerum.
2109 2861 2222 2890 Veneris
2234 2865 2336 2888 amator
2352 2861 2378 2891 ⁶.

296 2916 342 2924 ——
377 2910 491 2931 amantes
510 2903 591 2930 ardua
609 2902 712 2928 dumos.
766 2901 889 2926 Amantes
908 2899 999 2925 littora
1016 2905 1116 2930 myrtos
1135 2897 1171 2923 Id.
1186 2898 1282 2931 Georg.
1301 2905 1337 2930 4,
1388 2900 1630 2926 Rem,Am,160,i.
1647 2897 1729 2925 Mars,
2071 2926 2077 2930 ἡ
2362 2895 2372 2918 ἶ

295 2948 352 2973 ¹24·
509 2937 529 2977 fl
550 2948 566 2965 2
595 2939 713 2965 Nominis
732 2933 812 2968 iifiar
826 2936 941 2961 Gmttiuo
959 2937 1082 2970 iungitur.
1123 2933 1207 2959 Plaut.
1221 2932 1290 2959 Afin.
1306 2940 1336 2965 5,
1424 2943 1479 2962 AM
1489 2943 1510 2962 Α
1520 2932 1648 2963 ’11011011
1658 2941 1673 2960 L
1683 2942 1703 2960 v
1713 2942 1735 2961 S.
1763 2935 1866 2962 Djmjn,
1891 2934 1974 2961 plaut,
1987 2934 2066 2961 poen,
2081 2942 2108 2966 ι,
2123 2941 2156 2966 2,
2169 2939 2204 2967 27
2235 2931 2288 2958 Vix
2300 2937 2375 2965 aeg-2·

296 2984 325 3008 2,
339 2984 355 3010 7
380 2975 584 3007 Continentem‚
605 2978 735 3000 amantem
754 2971 845 2997 vxoris
863 2971 987 2996 maxime.
1025 2970 1080 2996 Cic.
1093 2969 1147 2995 Att.
1162 2977 1179 3002 9
1200 2968 1273 3003 epist.
1287 2968 1335 2994 vlt.
1387 2972 1564 3000 amatorculos
1578 2970 1735 2998 inuenimus,
2362 2978 2363 2983 1

294 3012 363 3038 Boni
384 3011 455 3038 ciues
474 3017 588 3037 amantes
608 3009 716 3045 patriae.
763 3006 893 3033 Homines
914 3012 1027 3032 amantes
1046 3005 1086 3031 tui
1105 3005 1160 3032 Cic.
1174 3005 1245 3031 Fani.
1257 3013 1289 3037 9,
1307 3006 1333 3030 6.

295 3047 333 3073 Id.
347 3056 395 3081 pro
410 3046 501 3074 Rabir.
518 3046 602 3073 Posth.
615 3054 647 3079 43
668 3046 790 3071 Veterem
805 3042 918 3068 amicum
931 3042 1015 3073 suum,
1029 3041 1182 3073 studiosum,
1195 3046 1335 3072 amantem,
1387 3043 1509 3069 amati-lx.
1582 3041 1698 3070 Martial.
1710 3049 1745 3076 7,
1759 3050 1790 3075 14
1807 3041 1832 3068 O
1865 3050 1921 3074 ene,
1934 3040 2006 3076 quod
2017 3040 2082 3066 silua
2094 3039 2192 3065 colitur
2204 3036 2379 3070 Tyrinthiu3

296 3081 479 3109 obscruanteni
494 3082 550 3115 sui,
571 3081 701 3108 labentem
715 3078 832 3113 excepit,
858 3085 982 3104 corruere
1000 3086 1055 3102 non
1069 3076 1144 3108 fluit,
1160 3076 1232 3103 fulsit
1250 3082 1276 3102 et
1295 3076 1335 3102 su-
1389 3080 1421 3106 Ε(
1444 3079 1516 3114 quod
1537 3078 1673 3106 amatrices
1693 3083 1746 3104 tam
1769 3085 1852 3112 prope
1868 3078 1955 3104 seruat
1971 3085 2066 3111 aquaS‚
2084 3084 2113 3101 ne
2127 3075 2187 3111 fi-il.
2209 3076 2313 3110 rapiant
2325 3073 2376 3109 Hy

297 3117 404 3150 stinuit,
423 3128 467 3151 re,
490 3119 614 3149 fortuna,
629 3116 688 3143 fide.
744 3116 840 3140 Amans
860 3113 961 3139 cruoris
974 3111 1055 3139 Ouid.
1070 3112 1102 3138 dc
1117 3113 1200 3138 Ponto
1215 3121 1240 3144 2,
1254 3120 1278 3144 9,
1290 3113 1335 3145 46·
1388 3113 1462 3142 Idem
1477 3122 1511 3149 7,
1525 3118 1556 3145 68
1576 3113 1679 3150 Sappho
1696 3113 1817 3140 amatrix.
2377 3123 2379 3126 ·

297 3155 315 3177 i.
330 3154 445 3180 crudelis.
481 3155 536 3181 Cic.
545 3154 628 3180 Tusc.
641 3161 667 3185 2,
681 3153 711 3184 36
731 3151 822 3185 Itaque
837 3148 980 3175 industrios
993 3148 1128 3180 homines,
1143 3147 1185 3174 illi
1197 3147 1336 3180 studiosos,
1424 3157 1511 3178 AMA
1521 3158 1569 3178 TR
1579 3159 1587 3177 1
1597 3158 1613 3178 C
1623 3149 1713 3183 VLA,
1732 3157 1770 3176 ae.
1790 3149 1809 3174 f.
1847 3149 1929 3176 parua
1943 3147 2055 3174 amatrix
2075 3145 2180 3174 Cathol.

297 3187 339 3213 vel
354 3189 440 3222 potius
453 3196 567 3216 amantes
582 3188 682 3216 doloris
696 3186 841 3221 appellarit:
861 3194 908 3211 nos
922 3184 1010 3219 potins
1023 3183 1179 3210 laboriosos.
1207 3184 1250 3209 Gr.
1264 3183 1336 3217 φιλό-
1347 3198 1378 3227 85
1426 3193 1630 3214 AMATORIVS.
1655 3184 1714 3213 Adi.
1734 3183 1880 3220 [ὄρωτικός]
1917 3183 1990 3220 Quod
2028 3185 2080 3210 acit
2106 3188 2255 3213 αιηατονεηι,
2279 3179 2345 3216 quod
2362 3183 2381 3210 “,

297 3233 369 3248 novos.
411 3224 465 3250 Cic.
484 3225 515 3251 ad
535 3226 667 3260 QFratr.
686 3232 713 3255 1,
735 3231 761 3254 1,
781 3230 793 3255 ς
820 3222 882 3255 Q¹0
901 3221 929 3247 in
949 3228 1059 3255 genere,
1078 3218 1095 3245 fi
1111 3227 1189 3253 quem
1207 3219 1278 3245 forte
1294 3219 1335 3245 tui
1388 3229 1486 3249 amator
1499 3229 1543 3249 etc.
1578 3229 1617 3255 vt,
1630 3221 1795 3249 Amatorium
1818 3220 1943 3255 poculum
1972 3221 2020 3246 Iu.
2045 3218 2116 3246 Paul.
2136 3219 2196 3244 Rec.
2211 3217 2281 3244 Sent.
2293 3222 2311 3243 t.
2324 3224 2354 3248 23
2372 3229 2374 3239 ι

297 3258 414 3292 cognosti
429 3261 602 3287 amantiorem
618 3269 697 3296 quam
711 3257 852 3293 temporis,
873 3256 942 3283 hunc
960 3264 1025 3282 vero
1046 3255 1078 3281 ad
1099 3261 1175 3281 tuum
1194 3263 1335 3281 numerum
1389 3258 1430 3285 Sic
1443 3258 1611 3285 Amatorium
1624 3258 1697 3284 virus
1716 3256 1782 3283 Plin.
1792 3261 1820 3286 8,
1831 3265 1873 3283 22,
1889 3262 1914 3282 et
1929 3264 1968 3288 13,
1983 3264 2010 3289 ες
2027 3253 2163 3282 Efficacem
2183 3253 2211 3279 in
2229 3251 2367 3279 amatoriis

297 3292 412 3320 libenter
430 3294 581 3322 adscribito.
643 3295 680 3323 ld.
702 3303 751 3330 pro
772 3293 875 3320 Cluent.
897 3301 924 3319 12
957 3293 1019 3325 on
1038 3291 1110 3317 enim
1131 3291 1215 3325 ipsum
1236 3299 1336 3317 nomen
1387 3291 1597 3330 Substantiueper
1609 3292 1700 3330 ellipsin
1710 3295 1828 3328 ponitur,
1846 3299 1877 3319 vt
1890 3299 1913 3318 et
1923 3290 2033 3326 Quin&
2049 3297 2082 3325 7,
2095 3299 2124 3323 3,
2139 3298 2176 3316 10.
2217 3287 2339 3314 Imitatio
2370 3300 2372 3309 ι

295 3329 425 3355 amantius
451 3329 679 3366 indulgentiusque
699 3336 855 3357 maternum.
927 3327 1066 3354 Amantior
1090 3326 1194 3353 domini
1220 3326 1335 3352 famulus
1387 3329 1458 3356 toria
1470 3329 1536 3357 Plin.
1552 3335 1595 3363 28,
1609 3338 1634 3357 2.
1670 3328 1804 3356 Leuitates
1822 3328 1879 3355 Cic.
1894 3328 1950 3355 Fin.
1965 3336 1993 3360 1,
2006 3329 2034 3354 61
2047 3335 2069 3352 c.
2083 3331 2116 3355 18.
2170 3323 2255 3350 Po'e'fis
2272 3323 2328 3350 Cic.
2361 3325 2375 3354 ἓ

296 3365 428 3391 Coiumcl.
445 3372 478 3398 7,
500 3374 534 3392 12.
588 3367 664 3393 Nihil
685 3365 768 3401 potest
787 3364 834 3392 illo
854 3363 913 3390 fieri
932 3363 1016 3389 nostri
1040 3362 1168 3389 amantius
1187 3362 1245 3388 Cic.
1262 3363 1333 3388 Fam.

297 3402 342 3433 16,
363 3408 383 3433 5.
419 3401 460 3427 Sic
478 3400 542 3426 Plin.
559 3402 634 3435 Epist.
651 3408 680 3434 g,
695 3411 737 3434 21,
753 3409 766 3434 5
798 3401 831 3428 At
845 3399 911 3426 illud
929 3398 1071 3425 modestius
1090 3404 1115 3424 et
1133 3398 1238 3424 fortasse
1258 3398 1332 3424 reue-

295 3436 413 3462 tentius?
435 3435 477 3462 sed
492 3435 540 3462 hoc
556 3436 695 3471 simplicius
709 3445 734 3464 et
748 3437 886 3463 amantius.
933 3434 1126 3461 Amantissimus
1140 3434 1331 3460 t11i-Cic.}·'am.

295 3473 340 3503 16,
355 3480 378 3498 2.
435 3471 625 3498 Amantillimus
645 3473 776 3500 bonorum
796 3472 860 3499 Plin.
875 3470 953 3507 Epist.
965 3479 999 3504 4,
1013 3478 1054 3503 15,
1067 3478 1085 3496 1.
1139 3468 1332 3495 Amantissimus

294 3507 397 3533 animus
409 3506 496 3533 Valer.
510 3508 581 3534 Max.
594 3515 621 3542 7,
634 3513 656 3540 8,
669 3514 691 3538 8.
731 3509 857 3535 Fauentes
876 3508 915 3534 ld.
929 3517 956 3541 4,
969 3514 986 3540 7
1007 3512 1070 3532 extr·
1094 3513 1115 3536 3-
1158 3506 1232 3531 onr
1245 3513 1332 3531 81Πὸῐὶ-

295 3542 386 3568 tillima
399 3542 490 3569 Tacit.
505 3543 593 3577 Agric.
607 3551 654 3576 45,
673 3549 694 3573 8.
730 3544 785 3571 Cic.
800 3545 871 3571 Fam.
891 3551 919 3577 5,
937 3549 962 3576 ις
983 3542 1027 3568 Me
1047 3539 1180 3567 leniss'nuis
1198 3547 1223 3567 et
1243 3549 1330 3567 aman·
1342 3555 1375 3582 95

295 3577 393 3604 tiss’nnis
411 3578 501 3605 verbis
521 3585 595 3605 vtcns
614 3587 641 3605 rc
656 3579 770 3612 grauiter
783 3580 893 3606 accusas.
927 3576 1135 3605 Amantissimum
1153 3579 1226 3602 etiam
1236 3575 1330 3611 paffiuo

295 3612 417 3639 inttlAec'lu
437 3617 493 3649 capi
509 3621 556 3650 pro
569 3613 703 3648 cariffimo,
723 3615 891 3648 amatiss'imo,
909 3620 997 3640 contra
1014 3612 1118 3647 Voffi'um
1137 3611 1248 3647 disputat
1270 3613 1331 3639 Bor-

296 3648 359 3685 riqh.
376 3649 432 3685 (Ing.
450 3651 478 3675 de
491 3651 519 3676 L.
532 3651 561 3676 L.
582 3658 606 3684 p.
620 3657 661 3682 45.
699 3649 744 3675 Sal
757 3649 829 3676 bonae
845 3652 937 3678 aetatis
951 3649 1084 3684 exemplum
1101 3654 1194 3673 certum
1202 3648 1330 3682 prolatum

296 3680 338 3714 effe
357 3692 405 3708 nim
421 3691 489 3719 pitto.
515 3686 557 3717 ,Et
575 3694 627 3711 cuni
646 3687 672 3710 1¹²1
687 3684 920 3718 Inscriptionibus,
938 3695 963 3711 υ.
978 3693 1003 3722 g.
1017 3685 1089 3710 Grut.
1107 3691 1132 3717 p.
1146 3687 1209 3715 484,
1223 3688 1236 3712 8
1255 3682 1330 3709 Ciuis

294 3718 477 3746 amantissimus
496 3717 713 3753 vocatum-(ianm
727 3719 894 3754 Jiaebt'iciimtur
913 3723 964 3747 eius
983 3723 1073 3747 merita
1090 3721 1117 3744 in
1133 3721 1253 3753 patriam.
1289 3719 1330 3746 Sic

296 3761 321 3792 Ε-
336 3758 396 3793 804,
412 3762 422 3785 3
443 3755 532 3782 Frater
546 3754 746 3786 amantinimus,
766 3761 788 3780 ct
807 3763 830 3788 p.
845 3764 913 3789 940,
929 3765 941 3789 3
961 3755 1068 3783 Coniux
1087 3752 1256 3781 amantiffima
1272 3753 1330 3789 pos-

289 3790 352 3824 Junt
366 3790 488 3828 intelligi,
506 3795 548 3826 qui
566 3797 698 3822 amarunt,
718 3791 775 3815 hcet
785 3791 840 3822 Jmc
852 3791 924 3817 dubio
943 3801 969 3818 ca
986 3791 1040 3827 ipsa
1059 3790 1087 3816 de
1098 3789 1171 3826 caustz
1188 3788 1330 3822 amabiles,

295 3829 318 3863 et
341 3828 419 3862 amati
430 3828 540 3859 μην-1111.
579 3827 632 3863 Ipse
645 3826 701 3853 Cic.
715 3826 771 3851 Cat.
781 3833 827 3858 4,3
848 3827 903 3858 Qu
917 3827 1007 3853 fratris
1020 3825 1140 3855 cariffimi
1153 3830 1231 3859 atque
1244 3832 1332 3850 anian-

292 3857 382 3884 tissimi
397 3867 518 3898 moerore
531 3871 584 3888 non
596 3869 720 3892 moueat-3
735 3859 888 3890 cariss'nuum
902 3861 987 3895 dixiffi’
1002 3862 1110 3893 videtur,
1122 3869 1189 3897 quem
1201 3859 1252 3896 ’Ἑρ
1258 3869 1332 3888 ΨΜ·

293 3900 331 3920 ret
339 3904 349 3923 ‚¹
367 3893 580 3929 amantissimum,
594 3908 609 3924 α
622 3907 668 3933 quo
683 3902 816 3923 amaretur.
989 3895 1009 3935 q
1030 3906 1043 3930 3
1069 3897 1180 3928 Amans,
1190 3902 1238 3931 pro
1253 3897 1328 3922 Ama-

293 3935 361 3961 tor-e,
381 3928 501 3964 [ἐρινῦς]
526 3930 592 3958 Ter.
608 3932 689 3958 Andr.
706 3940 726 3966 1,
740 3939 760 3962 1,
772 3938 808 3963 49
827 3929 874 3956 Sed
889 3931 1026 3966 postquam
1043 3941 1131 3960 amatis
1149 3930 1261 3964 acceffit‚
1272 3939 1328 3966 pre-

1348 1236 1379 1260 30
1391 1224 1423 1249 ad
1446 1232 1489 1250 me
1510 1232 1592 1250 vnum
1615 1223 1726 1256 literas,
1755 1224 1798 1250 sed
1822 1234 1908 1259 neque
1934 1225 2105 1251 vehementer
2132 1230 2157 1251 et
2183 1230 2307 1251 amanter.

1390 1295 1520 1322 elebatur.
1575 1296 1632 1322 Cic.
1646 1296 1675 1322 in
1688 1297 1759 1322 Lael.
1774 1305 1789 1322 2
1804 1306 1825 1322 e.
1842 1305 1851 1322 1
1877 1298 1994 1330 Qiicum
2005 1296 2214 1324 coniunetiffime
2226 1302 2252 1322 et
2265 1295 2386 1322 amanti?
2418 1290 2438 1317 -”

1389 1331 1502 1358 vixiffet.
1538 1331 1616 1358 Nihil
1630 1332 1719 1366 potuit
1733 1331 1792 1358 fieri
1806 1334 1936 1359 amantius
1954 1334 2010 1360 Cic.
2025 1334 2097 1360 Fam.
2109 1341 2122 1366 3
2132 1352 2140 1365 ,
2153 1334 2178 1358 6.
2233 1333 2359 1358 Amanter
2371 1330 2398 1358 d

2436 1378 2438 1391 l

2422 1400 2438 1418 .l

1389 1483 1468 1511 quem
1486 1475 1542 1501 Cic.
1558 1476 1611 1501 Att.
1628 1478 1660 1507 6,
1681 1484 1700 1502 1.
2422 1492 2424 1496 1

1341 1594 1378 1619 4ο
1387 1592 1447 1619 gero
1460 1593 1469 1607 :
1502 1584 1549 1608 alii
1561 1584 1645 1609 aliter.
1687 1584 1760 1619 Vulg.
1781 1584 1888 1610 Amanti
1902 1590 1973 1610 tuam
1986 1583 2156 1610 venustatem.
2388 1590 2396 1614 <
2428 1579 2437 1622 1

1346 1767 1380 1794 45¹
1390 1762 1498 1788 Ponitur
1509 1767 1534 1786 et
1546 1758 1699 1794 Substantiue
1713 1772 1720 1786 :
1756 1763 1865 1788 Amatus
1880 1762 1991 1788 Veneris
2014 1762 2146 1788 Ammian.
2160 1769 2205 1793 22,
2224 1769 2251 1794 9.
2286 1763 2306 1787 i.
2344 1770 2362 1782 ἰι
2372 1772 2383 1784 1«

1389 1833 1483 1868 thu-she.
1519 1833 1612 1858 Amata
1625 1832 1776 1867 relinquere
1788 1832 1881 1866 pernix
1899 1833 1966 1859 Hor.
1980 1834 2010 1862 A,
2031 1834 2058 1859 P.
2073 1842 2098 1859 v.
2113 1835 2165 1865 165.

1427 2010 1616 2041 AMATOR,
1633 2009 1698 2035 otis.
1715 2019 1750 2035 ni.
1770 2009 1891 2045 [ἕραςὴς]
1926 2012 1964 2037 De
1980 2013 2094 2037 amicitia
2111 2011 2212 2045 pariter
2235 2017 2265 2036 ac
2284 2020 2291 2031 a

2420 2385 2425 2400 i

1390 2438 1434 2460 tor
1448 2433 1546 2467 fingere
1560 2431 1643 2467 potest
1658 2443 1664 2458 :
1699 2433 1795 2459 Amans
1807 2441 1870 2459 vere
1883 2440 1960 2460 amat.
1996 2434 2054 2459 Cic.
2067 2433 2143 2459 Verr.
2158 2440 2187 2464 3,
2208 2436 2253 2464 148
2267 2439 2288 2456 c.
2302 2420 2431 2463 631’51ffl'

2391 2456 2416 2475 ..Ε

1391 2612 1506 2640 Blandus
1526 2614 1641 2647 Propert.
1654 2619 1686 2644 2,
1702 2620 1731 2643 3,
1746 2614 1784 2638 16.
1826 2613 1939 2639 Caecum
1953 2618 2098 2639 amatorem
2113 2610 2249 2646 decipiunt
2261 2609 2329 2636 vitia
2396 2619 2397 2622 ¹
2411 2613 2416 2628 Γ

1346 2837 1418 2866 751,
1432 2837 1478 2861 ιο,
1490 2837 1506 2855 2
1528 2827 1607 2855 Vrbis
1630 2833 1775 2853 amatorem
1801 2828 1912 2854 Fuscum
1931 2827 2031 2854 saluere
2051 2827 2173 2854 iubemus
2194 2824 2273 2852 Ruris
2291 2829 2365 2856 amat

1344 3017 1377 3043 80
1425 3009 1595 3040 AMATiux,
1607 3006 1663 3033 icis.
1682 3006 1701 3032 f.
1721 3004 1835 3042 [ἓρσίςρωι
1891 3005 1972 3032 Plaut.
1986 3004 2056 3032 Asin.
2071 3011 2141 3036 3,1‚
2155 3008 2168 3033 8
2192 3002 2258 3029 Satis
2272 3001 2345 3028 dicae
2365 2995 2368 2997 Δ

2353 3110 2359 3117 r

1337 3377 1373 3402 90
1387 3373 1405 3398 4
1414 3384 1422 3396 ‚
1434 3372 1462 3399 71
1475 3374 1496 3391 c.
1510 3374 1545 3399 33.
1589 3366 1681 3392 Sermo
1699 3364 1755 3391 Cic.
1768 3364 1851 3390 Tusc.
1867 3373 1897 3397 2,
1910 3372 1950 3399 72.
1998 3361 2139 3396 Voluptate
2151 3359 2281 3387 amatoria
2292 3358 2350 3386 frui
2363 3368 2365 3374 ·

1384 3400 1467 3427 Ture.
1481 3411 1516 3435 4,
1536 3409 1567 3436 73
1585 3410 1606 3428 c.
1621 3409 1654 3434 34
1810 3397 1830 3437 fl
1849 3409 1864 3427 2
1885 3398 1961 3433 Subst.
1975 3397 2056 3432 omi'ffii
2064 3395 2172 3428 Poculo,
2185 3395 2252 3422 Plin.
2266 3403 2307 3427 13,
2322 3399 2355 3427 25

1384 3444 1471 3462 cacein
1486 3438 1514 3464 in
1528 3437 1673 3464 amatoriis.
1744 3435 1877 3470 Quinctii.
1894 3443 1928 3470 7,
1946 3444 1976 3468 3,
1997 3443 2027 3460 10
2060 3432 2129 3459 Cum
2147 3440 2188 3458 res
2207 3436 2318 3465 vti-aque
2347 3465 2351 3469 Ι

1384 3472 1460 3498 suuni
1473 3481 1580 3506 nomen,
1588 3478 1618 3500 vt
1629 3471 1788 3499 amatorium
1796 3492 1805 3505 ,
1825 3480 1968 3498 venenum.
2011 3470 2043 3495 Et
2055 3475 2072 3502 7
2081 3487 2089 3499 ‚
2111 3472 2140 3499 8,
2161 3475 2178 3493 2
2196 3467 2291 3493 Mulier
2302 3466 2355 3492 sae

1383 3506 1492 3534 cubanti
1512 3511 1604 3536 marito
1626 3507 1787 3535 amatorium
1811 3507 1885 3534 dedit
1916 3520 1962 3527 —
1996 3502 2142 3531 Fortiffimz
2165 3502 2202 3529 est
2223 3501 2295 3528 ἃὲὶίο
2315 3500 2372 3528 dici

1386 3544 1546 3571 amatorium
1558 3552 1689 3571 venenum
1702 3543 1761 3570 eise.
1814 3543 1852 3570 id.
1867 3550 1897 3576 5,
1916 3549 1946 3575 ς,
1965 3548 1990 3573 31
2008 3538 2056 3565 Vis
2072 3539 2137 3566 scire
2151 3546 2284 3565 venenum
2296 3536 2344 3564 effe
2360 3554 2362 3557 1

1385 3579 1508 3606 terium?
1544 3576 1661 3607 Vii‘ieret‘
1669 3578 1767 3612 homo,
1786 3578 1834 3605 111ίῖ
1849 3577 1916 3605 illud
1929 3575 2040 3603 bibisset.
2096 3574 2153 3600 Seii.
2171 3573 2250 3608 Epist.
2264 3581 2281 3606 9
2305 3572 2363 3613 Eg.

1385 3614 1537 3642 monstrabo
1555 3615 1716 3642 amatorium
1737 3614 1789 3641 sine
1800 3614 2007 3643 medicamento,
2028 3609 2081 3636 fine
2093 3609 2190 3642 herba,
2211 3609 2263 3636 sine
2281 3607 2341 3636 vlln
2354 3610 2367 3628 -·”’

1383 3649 1480 3676 neficae
1493 3651 1625 3684 carmine,
1644 3650 1662 3677 fi
1677 3651 1718 3678 vis
1732 3651 1832 3684 amari,
1846 3648 1918 3675 'ama-
1961 3645 2018 3673 Vid.
2033 3654 2088 3672 mox
2102 3651 2269 3672 AMABius.
2303 3643 2359 3671 Vc

1383 3685 1550 3713 Amatorium
1563 3687 1673 3722 φῖλτρυν.
2016 3707 2018 3709 .
2338 3699 2340 3702 1

1333 3735 1381 3754 100
1419 3727 1474 3748 ΑΜ
1483 3729 1534 3749 ΛΤ
1544 3729 1563 3750 0
1572 3729 1591 3749 R
1602 3730 1609 3749 1
1619 3729 1652 3754 E,
1672 3721 1740 3749 Adu.
1757 3718 1906 3756 [ἐρωτικῶς]
1940 3716 1996 3744 Cic.
2011 3715 2125 3750 Philipp.
2133 3724 2158 3749 2,
2165 3723 2202 3750 77
2213 3713 2330 3747 c.31Er³

1384 3758 1514 3784 amatorie
1525 3758 1621 3793 scripta
1634 3757 1751 3792 epistola.
1778 3758 1796 3781 i.
1816 3755 1888 3781 More
1901 3755 2029 3779 amatoris.
2066 3752 2149 3778 Plaut.
2163 3752 2245 3778 Merc.
2258 3757 2282 3782 3,

1419 3799 1475 3819 AM
1484 3800 1505 3819 Α
1515 3792 1636 3825 Bf1.1s,
1656 3801 1679 3819 e.
1697 3791 1758 3819 Adi.
1781 3791 1794 3824 [
1803 3788 1932 3825 ἐράσμιος]
1968 3790 2061 3816 Amore
2080 3787 2181 3824 dignus.
2217 3785 2296 3812 Flaui:

1384 3835 1414 3859 3,
1435 3832 1468 3861 84
1488 3828 1580 3855 Nimis
1591 3828 1661 3855 bella
1673 3836 1714 3860 es,
1729 3831 1808 3860 atque
1821 3823 1952 3850 amabilis.
1988 3823 2045 3850 Cic.
2060 3824 2114 3850 Att.
2126 3831 2155 3856 5,
2171 3830 2200 3855 19
2219 3820 2290 3853 Filio

1384 3862 1436 3888 tibi
1452 3863 1504 3889 iam
1518 3861 1771 3890 Romaeiucundam
1785 3860 1833 3886 efl'e
1848 3859 1968 3894 gaudeo,
1987 3867 2098 3895 eamque
2110 3866 2189 3893 quam
2209 3862 2342 3891 nunquam

1332 3912 1375 3940 ¹05
1385 3904 1473 3925 tamen
1484 3905 1510 3927 et
1523 3907 1584 3927 amo
1591 3919 1602 3933 ,
1622 3895 1804 3926 :cantabilem
1818 3896 1866 3922 ess'e
1877 3901 1951 3922 certo
1964 3895 2028 3922 scio.
2065 3895 2100 3922 Vt
2112 3893 2224 3925 ameris,
2244 3889 2331 3934 amab*—
