2474 4182
429 157 718 199 CON

70 252 140 284 dere,
159 249 296 278 nobilibus
317 255 341 275 et
359 248 455 275 beatis.
524 243 732 280 Amplitudinem
753 244 956 277 margaritarum
975 244 1107 275 conferre,

70 292 87 314 ι’.
102 288 225 322 explorare
240 286 309 311 Suet.
325 285 397 311 Caes.
411 292 455 317 47.
510 282 686 320 Ter3Heaut.
702 287 724 310 2,
737 288 764 311 4,
778 287 805 305 ιο
831 280 900 305 Haec
913 279 1019 315 (forma
1022 280 1042 313 )
1059 279 1106 318 vbi

26 322 27 328 ¹
71 324 204 349 immutata
218 321 253 347 est
262 341 270 353 ‚
285 320 327 346 illi
339 321 413 346 suum
426 320 543 346 animum
556 316 609 342 alio
621 314 777 347 conferunt,
796 318 814 341 ι’.
827 317 891 341 alias
903 321 996 341 amant.
1042 316 1105 340 Ani-

69 366 139 384 mum
158 356 189 383 ad
203 356 344 383 fodiendos
359 363 450 390 puteos
469 354 540 380 Hirt.
554 352 586 377 de
599 350 662 376 Bell.
676 351 751 376 Alex.
767 360 793 383 4.
866 351 1056 385 Argumentum
1075 349 1104 375 in

69 178 148 214 1129

66 428 282 455 Bcneuolentiam
303 436 364 461 erga
379 426 494 460 aliquem
513 422 634 448 conferre
652 422 707 448 Cic.
722 423 793 448 Fam.
808 430 846 453 io,
860 429 880 454 5.
953 422 1106 455 Benignita-

65 465 98 490 tis
117 463 261 497 plurimum
281 463 310 489 in
328 461 444 496 aliquem
464 457 584 484 conferre
606 457 677 483 Idem
699 457 751 484 Off.
774 466 794 490 i,
816 466 855 490 50.
925 457 1016 490 Capita
1029 476 1036 487 ‚
1056 463 1104 490 pro

64 499 201 534 congjiiltare
220 500 324 530 occulte,
343 506 371 522 ne
379 494 518 532 praesentes
533 493 652 525 audiant,
673 493 701 518 de
715 503 741 519 rc
757 495 848 528 aliqua.
886 492 1011 518 Consules
1032 491 1104 517 velut

65 534 268 561 deliberabundi
280 533 371 568 Capita
387 530 527 557 conferunt
541 539 546 554 z
573 529 618 554 diu
633 530 821 563 colloquuntur
837 527 897 554 Liu.
912 535 936 559 z,
951 535 992 560 45.
1048 527 1102 552 Cic.

18 619 20 621 ·
64 611 158 633 rentur
179 606 248 632 inter
266 606 306 636 se,
325 612 353 629 ac
370 602 402 627 de
418 600 591 626 mulierculis.
627 596 639 611 ’ἶ
662 600 751 626 Castra
773 600 877 631 castris,
903 605 952 634 pro
971 607 985 624 e
1004 600 1103 634 regione

22 666 23 671 ,
63 639 146 674 castra
158 644 247 667 metari
261 640 332 667 Idem
345 637 377 663 de
391 637 482 662 Diuin.
498 645 521 666 2,
536 645 585 670 114.
660 637 690 662 Et
706 637 758 662 Att.
773 644 808 667 12,
824 644 854 667 3ο
877 633 1006 669 Equidem
1020 633 1103 667 magis

65 677 160 708 miror,
179 676 250 711 quod
263 682 342 710 quum
356 672 385 698 in
399 672 485 698 filium
499 672 610 698 Causam
621 671 765 704 conferret,
781 680 846 706 quae
859 670 927 696 mihi
944 678 997 696 non
1010 668 1104 695 iniusta

63 711 185 744 videtur,
206 719 248 738 etc.
270 713 286 737 ι’.
302 711 424 739 reficeret,
437 708 504 733 illum
519 711 546 733 in
559 707 633 742 causa
645 706 688 741 esti
700 708 801 733 diceret.
872 706 981 732 Causam
996 705 1024 731 in
1041 710 1104 731 tem-

366 780 461 806 Causas
481 779 620 810 conferre,
638 785 663 805 et
681 778 746 812 quid
759 778 787 804 in
801 785 933 811 quamque
948 776 1102 802 sententiam

61 786 178 818 temporis
195 784 310 808 rationes.

811 812 907 847 Virgil.
922 813 986 837 Aen.
1001 821 1039 843 ιο,
1054 819 1103 845 147

20 825 29 851 r)
64 818 118 845 dici
134 817 219 852 pellit,
240 824 396 850 expromere
415 815 488 841 Idem
505 815 536 840 dc
550 814 640 840 Diuin.
652 823 676 844 2,
693 822 739 846 151.

20 855 29 900 ιζ
61 853 105 880 Illi
126 854 194 880 inter
211 852 263 878 sese
289 852 350 878 duri
371 852 523 891 Certamina
550 850 613 876 belli
650 848 826 888 Contulcrant
837 866 845 878 ‚
877 850 895 873 i.
921 854 1102 887 pugnauerant.

22 901 29 922 ιζ
60 889 165 916 Lucret.
179 896 206 920 4,
220 892 264 920 841
290 889 321 913 At
338 894 429 913 contra
442 890 563 913 conterre
574 894 653 912 manu
667 885 819 911 Certamina
833 891 948 917 pugnae,
967 884 1034 909 Ante
1048 883 1103 908 fuit

21 959 29 980 1‘
60 960 101 986 dis
116 966 272 991 concertare,
293 968 363 994 quam
382 959 434 994 ense
454 965 499 984 tint
517 959 582 983 telis.
653 955 783 990 Qiinclil.
798 964 824 987 2,
837 957 854 980 6
875 956 943 980 Aues
959 954 1102 986 cernimus,

25 991 29 1029 ξ
59 1003 124 1030 quae
140 995 259 1027 teneris,
279 994 446 1028 infirmisque
461 992 577 1020 foetibus
588 991 670 1020 Cibos
688 1000 735 1018 ore
750 992 796 1017 suo
816 990 925 1017 collatos
942 991 1101 1024 partiuntur.

22 1033 29 1063 {g
59 1030 116 1058 cic.
129 1030 242 1065 Philipp.
256 1039 282 1062 2,
298 1037 325 1062 38
345 1032 386 1056 An
400 1030 445 1056 ille
460 1037 618 1064 quemquam
633 1028 691 1062 plus
706 1027 800 1053 dilexit
814 1027 823 1052 3
848 1035 907 1052 cum
921 1025 977 1052 vllo
990 1034 1036 1052 aut
1051 1026 1102 1051 ser-

22 1064 29 1097 zi
56 1075 165 1098 monc5‚
185 1074 229 1093 aut
248 1066 364 1093 Confilia
383 1067 495 1091 contulit
517 1064 639 1098 saepius?
681 1063 750 1089 Add.
766 1063 835 1089 Ter.
850 1063 944 1088 Heaut.
959 1070 988 1093 3,
1009 1070 1034 1093 ι,
1055 1062 1100 1092 64.

22 1112 29 1132 :i

56 1138 88 1165 ad
100 1138 300 1172 amplitudinem
314 1137 424 1163 alicuius
438 1137 574 1166 conferre,
597 1135 719 1167 adhibere,
733 1134 871 1170 impendere
883 1133 938 1159 Cic.
949 1133 1020 1158 Fam.
1036 1140 1074 1163 io,
1083 1140 1101 1158 i.

55 1173 131 1201 Idem
145 1174 197 1201 Off.
215 1182 233 1204 1,
247 1183 291 1200 120
311 1173 366 1206 Qii
382 1182 446 1206 ergo
460 1172 492 1198 ad
503 1179 610 1198 naturae
626 1172 685 1197 suae
704 1179 758 1197 non
771 1170 882 1196 vitiosae
900 1177 990 1203 genus,
1009 1167 1100 1193 Confi-

55 1209 125 1236 lium
139 1209 248 1235 viucndi
266 1208 515 1240 omnecontulerit,
534 1208 555 1234 is
569 1206 740 1234 constantiani
759 1211 853 1232 teneat.
926 1204 982 1230 Cic.
995 1204 1048 1229 Att.
1063 1212 1101 1235 12,

57 1254 87 1279 «μ
117 1246 216 1272 Omnes
244 1252 299 1271 tuas
320 1245 521 1271 Consolationes
542 1252 621 1269 vnam
645 1243 711 1269 hanc
731 1242 760 1268 in
785 1250 841 1268 rem
864 1239 946 1265 velim
971 1240 1101 1266 conferas.

58 1281 124 1308 Plin.
138 1282 230 1316 Paneg.
243 1284 280 1314 6¹,
291 1290 308 1314 4
329 1280 355 1306 Si
369 1280 446 1306 vnius
464 1280 573 1306 tertium
587 1278 759 1305 Consulatum
772 1276 884 1303 eundem
901 1276 929 1301 in
942 1284 1058 1307 annum,
1072 1275 1100 1301 in
1112 1286 1144 1310 30
1163 1275 1276 1302 alicuius
1292 1276 1406 1310 gloriam
1423 1275 1584 1310 laudemque
1600 1276 1784 1303 celebrandam
1798 1277 1854 1305 Cic.
1868 1287 1917 1313 pro
1931 1279 2010 1305 Arch.
2025 1289 2061 1313 19.

466 1315 596 1344 Quinctil.
612 1323 631 1347 i,
644 1320 657 1345 8
676 1313 791 1340 Multum
804 1318 890 1338 autem
905 1318 1006 1337 veteres
1019 1311 1099 1337 etiam

538 1351 641 1385 leriqiie
662 1349 718 1385 plus
740 1347 863 1382 ingenio,
884 1356 963 1381 quam
983 1353 1039 1373 arte
1056 1356 1100 1373 va-

699 1385 809 1411 Crimen
822 1383 850 1408 in
864 1382 981 1417 aliquem
997 1383 1052 1409 Cic.
1068 1383 1100 1409 de

987 1420 1099 1446 Crimen

58 1326 137 1352 quein
151 1323 226 1343 tuum
239 1316 394 1343 contuliss'es.

57 1353 147 1380 Latini
164 1353 319 1384 conferunt,
339 1360 499 1386 quamquam

57 1388 181 1422 luerunt,
200 1389 229 1415 in
241 1389 336 1423 primis
347 1388 460 1422 Copiam
474 1396 520 1413 ver
541 1395 627 1412 orum.

57 1424 131 1451 Orat.
145 1433 174 1456 2,
187 1429 238 1454 182.
283 1423 342 1450 Vid.
359 1423 489 1458 Culpam,
508 1421 643 1453 Verbum,
660 1420 765 1446 Vitium
784 1418 915 1445 conferi-c.

55 1459 149 1486 falsum
164 1459 363 1494 in‘puriffimam
381 1466 406 1486 et
420 1457 581 1485 castissimam
595 1456 677 1482 vitam
692 1454 806 1481 alicuius
819 1454 940 1480 conferre
956 1454 1029 1481 Idem
1042 1463 1096 1494 ’pro
1112 1465 1141 1490 ὃς
1154 1460 1262 1489 punies,
1279 1464 1333 1480 cum
1352 1454 1405 1494 tibi=
1414 1455 1532 1489 placebit.

55 1495 132 1522 Rosa.
146 1496 221 1522 Com.
235 1503 275 1521 20.
347 1495 414 1521 Ter.
429 1495 494 1520 Eun.
503 1501 532 1523 α,
551 1501 574 1524 a,
593 1499 624 1524 95
650 1491 677 1517 Si
696 1497 798 1517 certum
819 1490 855 1516 est
876 1490 979 1523 facere,
997 1489 1097 1516 facias:

53 1538 148 1557 verum
163 1539 195 1557 ne
208 1531 265 1565 post
276 1530 394 1557 conferas
407 1529 517 1563 Culpam
530 1528 558 1554 in
570 1536 622 1553 me.
692 1527 748 1553 Cic.
761 1527 815 1553 Att.
829 1534 855 1559 9,
868 1534 880 1551 2
903 1526 991 1559 Solet,
1011 1535 1095 1561 quum

52 1565 79 1592 se
91 1573 192 1601 purgat,
211 1568 239 1593 in
250 1575 292 1592 me
302 1565 424 1592 conferre
437 1572 544 1590 omnem
557 1563 668 1589 illorum
681 1568 832 1597 temporum
847 1561 968 1596 Culpam.
1022 1563 1097 1588 Idem

53 1601 104 1628 Off.
120 1610 142 1634 2,
157 1611 170 1627 2
193 1602 248 1635 Ego
261 1607 348 1627 autem
362 1609 441 1636 quain
454 1600 500 1626 diu
515 1599 673 1633 Respublica
692 1607 739 1633 per
757 1607 802 1625 eos
822 1597 978 1632 gerebatur,
999 1597 1097 1632 quibus

64 391 212 428 paucissima
232 392 312 419 verba
331 391 467 420 conferre,
495 391 513 414 ι’,
528 388 617 422 paucis
635 384 764 421 coziiplcffi
782 386 863 412 Plaiit.
877 387 948 413 Men.
963 385 1065 425 prolog,
1082 387 1107 411 6.
1124 395 1138 422 ς
1169 383 1254 409 ratis?

68 571 145 597 Verr.
160 579 183 603 3,
199 579 222 603 3ι
241 579 261 596 c.
277 577 302 596 ια
322 567 479 594 conferrent
494 565 548 591 viri
562 564 627 591 boui
640 565 748 598 Capita:
770 564 801 590 de
819 563 998 590 comissatione
1012 562 1104 596 loque·
1125 579 1156 597 10
1166 570 1191 593 2,
1206 562 1233 587 16
1254 562 1316 587 Eam
1331 562 1494 588 Seditionem
1519 563 1547 588 in
1565 564 1740 598 tranquillum
1760 567 1877 594 conferet
1896 577 1967 595 meus
1981 577 2062 604 pater.

61 756 110 782 pus
124 747 244 773 conferre
257 746 311 772 Cic.
325 743 357 770 de
369 744 442 770 Orat.
457 752 469 776 3
491 753 512 769 c.
529 746 556 770 61
581 746 609 769 in
627 737 701 778 caiisa
719 741 859 777 dicendasr
871 741 1053 767 accommodare
1070 739 1105 766 ad
1120 759 1130 777 ι
1167 740 1237 766 inter
1248 748 1296 766 nos
1310 738 1486 765 conferemus.

1571 158 1833 198 CON

1169 249 1198 268 vi
1218 249 1319 268 maiore
1339 249 1481 269 ventorum
1502 244 1686 279 inspirantium
1708 246 1911 280 submouentur,
1931 252 2075 283 pecudibus
2092 254 2207 283 homini-

1172 277 1271 310 busque
1285 279 1425 318 conferunt
1437 278 1543 304 Pestem.
1616 283 1688 308 Caes.
1703 283 1766 309 Bell.
1783 284 1843 309 Ciu.
1858 292 1879 315 3,
1895 292 1921 316 25
1945 286 1985 311 Ibi
2008 288 2146 316 aduentum
2165 301 2207 318 ex-

1169 312 1274 354 pectare
1294 315 1446 353 Pompeii,⁴
1462 322 1548 348 eoque
1566 324 1670 343 omnem
1691 317 1755 345 belli
1773 319 1913 345 Rationem
1932 322 2067 354 conferre,
2086 326 2207 353 instituit.

1169 349 1225 373 Cic.
1239 349 1291 374 Λα.
1307 358 1369 386 5³2¹
1395 348 1466 382 Qud
1487 358 1553 388 opus
1567 352 1619 384 est,
1638 353 1764 387 inquam,
1784 356 1872 388 potius
1887 364 1964 390 quam
1980 358 2102 384 Rationes
2123 363 2209 388 confe-

1326 387 1425 425 Omnes
1444 385 1569 410 Rationes
1591 394 1616 412 ct
1635 389 1722 422 copias
1746 391 1801 416 suas
1820 391 1911 426 aliquo
1931 392 2003 418 Idem
2022 401 2070 426 pro
2090 394 2119 420 i..
2138 397 2208 423 Man.

1168 428 1189 467 c).
1204 427 1229 453 7.
1300 420 1413 460 Rem-in
1434 429 1516 459 pauca
1534 420 1614 461 Plaut.
1629 424 1743 457 Poeii.5,
1762 434 1795 457 4,
1816 434 1849 460 54
1874 427 1981 454 breuiter
2000 427 2087 454 Δίωνι.
2159 432 2208 458 Res

1168 455 1298 494 Ixomanas
1314 464 1340 481 in
1355 455 1463 482 historia
1483 459 1623 489 conterre,
1644 459 1697 485 vid.
1718 466 1882 488 His'roum.
1954 463 2069 490 Sarcinas
2090 465 2209 492 conferre

1169 499 1195 531 in
1215 490 1332 529 inedium
1354 492 1428 518 Curt.
1446 493 1472 523 6,
1489 493 1522 531 6,
1540 500 1578 525 14.
1624 527 1629 532 .
1650 493 1680 519 Se
1702 496 1824 522 conferre
1844 507 1898 523 mox
1910 498 2048 534 separatim
2067 500 2209 527 videbimur.

1168 527 1240 552 beria
1253 527 1375 552 conferre
1392 536 1452 553 cum
1464 527 1557 561 aliquo
1576 527 1657 553 Ouid.
1670 537 1701 554 ex
1714 530 1786 556 Pont.
1803 540 1828 562 2,
1840 542 1868 566 4,
1882 541 1906 565 9.
1978 535 2060 561 Plaut.
2076 535 2171 570 Amph.
2190 546 2209 569 i,

1802 602 1806 606 .
2136 572 2210 599 Idem

1167 595 1262 639 Ainph.
1281 604 1305 636 ²3
1319 605 1344 628 2,
1360 600 1401 630 156
1427 598 1556 624 Conferas
1570 598 1725 626 Sermonem
1740 610 1785 626 nec
1800 611 1877 635 ioco,
1896 613 1942 630 nec
1957 606 2042 639 sci-io,
2061 609 2078 632 i.
2091 607 2209 643 colloqua-

1166 642 1213 658 ris.
1261 633 1327 672 Cic.
1341 632 1372 658 de
1385 634 1487 659 Inuent.
1500 643 1516 660 2
1535 643 1556 660 c.
1573 643 1591 667 4
1613 635 1680 661 Cim-i
1695 633 1760 667 hoc,
1781 642 1809 663 vt
1822 638 1876 664 fere
1893 639 1921 665 sit
1931 661 1938 672 ‚
1957 641 1986 667 in
1999 642 2042 667 via
2056 642 2209 670 Sermonem

1167 667 1289 694 contulit.
1361 667 1443 694 Plaut.
1457 669 1536 696 Curc.
1548 678 1574 702 z,
1589 678 1612 702 3,
1628 679 1649 696 ιι
1671 670 1812 704 Constant,
1834 675 1973 702 conferunt
1987 677 2124 704 Sermones
2140 679 2211 706 inter

1167 704 1192 730 se
1205 710 1328 739 tanquam
1342 702 1473 737 drapctae.
1531 704 1622 744 Oniiſjo
1635 708 1707 746 etiam
1722 707 1766 733 hoc
1779 712 1872 734 nomine
1885 710 1939 736 Cic.
1955 713 2007 738 Λα.
2023 722 2043 744 ι,
2057 722 2089 739 20
2111 715 2210 742 Coram

1487 774 1492 778 .
1558 742 1589 766 ht
1603 741 1634 767 de
1650 742 1706 768 Fiii.
1721 751 1746 774 2,
1759 752 1777 775 4
1795 752 1816 769 e.
1833 753 1844 769 2
1865 746 2022 778 Quaerimus
2036 748 2114 775 tinem
2128 750 2210 777 bono-

1169 785 1230 802 rum
1244 786 1259 815 τἱ
1278 775 1442 809 possumusne
1459 775 1540 814 scire,
1559 775 1608 814 hoc
1628 778 1705 811 qualc
1727 777 1772 810 sit,
1792 779 1841 805 nisi
1860 782 2050 809 contulerimus
2070 785 2138 811 inter
2153 795 2199 812 nos

1169 821 1229 837 cuni
1243 812 1323 837 linem
1336 811 1470 850 bonorum
1490 810 1651 843 dixerimus,
1667 814 1730 846 quid
1748 814 1822 846 sinis,
1843 816 1907 850 quid
1920 818 2000 846 ctiam
2021 819 2050 845 sit
2065 820 2148 853 ipsum
2165 807 2210 848 bos

1169 856 1234 873 num
1249 848 1258 872 3
1313 848 1344 873 Et
1358 846 1389 873 de
1402 847 1465 886 βω.
1477 854 1492 873 2
1512 855 1534 872 c.
1550 854 1577 872 12
1603 847 1644 872 An
1660 847 1720 874 haec
1736 850 1803 876 inter
1817 851 1842 876 se
1855 851 2002 886 haruspices
2017 856 2115 881 Ftriisci
2148 857 2197 883 Elii

1167 883 1306 916 Aegyptii,
1328 883 1409 909 Poeni
1424 881 1615 908 contulerunt?
1656 883 1690 908 At
1714 883 1741 908 id
1778 900 1823 905 —
1858 896 1890 912 ne
1910 888 1974 923 fingi
1992 891 2097 923 quidem
2114 877 2210 926 p⁵otcsti

2129 181 2207 220 ιι3ο

22 926 29 958 ,ᾗ
61 925 159 956 inulto,
177 932 255 957 quam
269 922 356 949 lucida
370 923 422 949 tela
436 923 572 954 volarent,
591 925 609 947 i.
617 923 692 956 prior
700 919 760 956 fuit
775 919 919 954 consuetudo
933 919 1044 944 manibus
1059 927 1102 944 nu—
1114 935 1149 954 20
1168 918 1236 944 aiios
1262 919 1333 944 enim
1359 918 1414 944 alio
1438 926 1514 944 inore
1540 917 1659 944 videmus
1691 924 1749 944 exta
1769 920 1957 954 interpretari,
1986 935 2033 951 nec
2060 928 2108 952 csse
2131 937 2210 955 vnam

1167 953 1290 980 oninium
1311 954 1487 988 disciplinam.
1559 953 1653 980 Liuius
1676 962 1701 985 ι,
1720 962 1747 986 33
1780 955 1928 989 Aliquoties
1950 960 2057 987 Latinus
2081 965 2210 989 exercitus

1166 989 1288 1015 cominus
1308 999 1368 1016 cum
1388 988 1516 1016 Romanis
1536 988 1614 1023 Signa
1633 989 1796 1021 contulerat,
1827 994 1845 1015 i.
1865 995 1981 1028 congrefli
1997 997 2104 1030 fuerant
2123 1000 2211 1025 Latini

1162 1034 1217 1051 cum
1230 1026 1360 1051 Romanis.
1433 1025 1545 1052 Confert
1560 1025 1639 1059 Signa
1652 1025 1681 1052 in
1697 1025 1801 1052 laeuum
1820 1034 1902 1053 cornu
1922 1024 1993 1055 Idem
2008 1039 2033 1064 7,
2050 1042 2080 1064 ις,
2154 1035 2211 1061 Cic.

1164 1062 1217 1087 Att.
1232 1068 1260 1095 7,
1274 1068 1287 1093 5
1308 1061 1452 1096 Reliquum
1467 1060 1502 1087 est
1518 1060 1617 1093 iocari,
1643 1061 1660 1087 si
1695 1061 1738 1088 hie
1769 1061 1851 1096 signat
1865 1073 1870 1088 τ
1902 1072 1963 1089 nam
1977 1073 2025 1098 ego
2041 1067 2062 1092 is
2077 1069 2148 1100 sum,
2163 1071 2210 1104 qui

56 1102 203 1129 Consilium
218 1111 312 1134 omne,
326 1102 458 1133 studium,
476 1099 609 1132 officium,
626 1107 749 1133 operam,
768 1097 903 1129 laborem,
923 1096 1101 1130 diligentiam,
1112 1105 1143 1130 23
1164 1096 1206 1123 illi
1225 1096 1335 1123 concedi
1353 1103 1442 1131 putem
1461 1096 1553 1123 vtilius
1576 1098 1639 1128 effe,
1658 1097 1730 1131 quod
1744 1097 1871 1131 postulat,
1890 1107 1970 1133 quarn
1989 1101 2065 1134 Signa
2085 1105 2212 1137 conferri,

1164 1132 1192 1158 id
1205 1132 1240 1158 est
1254 1132 1369 1167 litigare.
1441 1132 1606 1167 Stipendium
1620 1133 1707 1159 studio
1720 1133 1829 1160 alterius
1844 1133 1976 1161 Columel.
1990 1144 2010 1169 i,
2025 1145 2045 1169 i,
2059 1145 2094 1162 io.
2157 1141 2211 1166 Cic.

1164 1169 1202 1202 Q
1214 1169 1298 1195 Fratr.
1311 1177 1336 1201 2,
1351 1177 1381 1201 14
1407 1169 1497 1201 Qiare
1517 1168 1582 1194 facis
1602 1175 1630 1194 tu
1651 1168 1760 1203 quidem
1782 1169 1912 1202 fraterne,
1933 1172 2006 1205 quod
2022 1181 2064 1198 me
2082 1172 2196 1201 hortaris

1164 1203 1207 1230 sed
1220 1212 1262 1230 ine
1276 1203 1383 1230 hercule
1396 1210 1544 1230 currentem
1558 1213 1628 1230 nunc
1641 1205 1760 1239 quidem,
1774 1211 1802 1232 vt
1815 1205 1906 1233 onmia
1919 1215 1976 1233 mea
1990 1208 2080 1235 Studia
2093 1209 2122 1235 in
2135 1195 2214 1237 istuni

1475 1239 1599 1266 Studium
1612 1249 1691 1266 omne
1706 1247 1785 1276 atque
1799 1250 1879 1268 omne
1892 1242 2031 1277 ingenium
2045 1245 2169 1272 conferre
2182 1246 2215 1274 ad

2130 1281 2214 1308 Pluri-

1162 1321 1236 1338 mum
1256 1312 1344 1338 Studii
1365 1311 1398 1338 ad
1418 1311 1522 1346 aliquid
1540 1311 1612 1338 Idem
1627 1313 1699 1338 Fam.
1714 1322 1757 1346 ιο,
1778 1321 1797 1339 ι.
1834 1336 1837 1338 ,
1868 1315 1900 1340 Et
1917 1315 1970 1342 Off.
1986 1324 2011 1348 i,
2032 1325 2060 1342 22
2084 1317 2213 1345 Deserunt

1163 1347 1235 1373 enim
1250 1348 1321 1374 vitae
1335 1347 1485 1374 societatem
1494 1367 1502 1379 ‚
1523 1353 1549 1373 et
1562 1347 1632 1374 nihil
1645 1348 1786 1375 conserunt
1799 1348 1828 1375 in
1843 1357 1901 1376 eam
1913 1350 2009 1384 studii,
2024 1352 2094 1379 nihil
2108 1361 2203 1387 operae

1161 1382 1230 1408 nihil
1244 1383 1409 1410 facultatum.
1476 1383 1566 1409 Studia
1575 1384 1651 1410 ‘inter
1663 1385 1688 1410 se
1702 1384 1835 1419 Qiineiil.
1849 1395 1867 1419 4
1887 1395 2008 1420 prooem.
2079 1375 2215 1424 Supplicia²

1160 1418 1193 1444 ad
1208 1424 1284 1445 tuum
1297 1428 1353 1444 non
1368 1419 1400 1445 ad
1409 1419 1503 1454 Populi
1517 1419 1632 1446 Romani
1647 1426 1750 1454 tempus
1766 1421 1886 1448 conferas
1903 1423 1911 1448 3
1937 1423 1992 1449 Cic.
2009 1424 2086 1451 Verr.
2106 1433 2119 1457 5
2145 1434 2167 1451 c.
2182 1435 2215 1458 3ο

1374 1490 1378 1494 .
1606 1455 1681 1482 Idem
1701 1465 1750 1490 pro
1770 1457 1845 1482 Rosc.
1865 1458 1954 1484 Ainer.
1973 1458 2063 1485 Audio
2077 1467 2215 1494 praeterea

1160 1499 1215 1516 non
1228 1490 1293 1516 hanc
1307 1490 1488 1524 Suspicionem
1501 1499 1570 1517 nune
1584 1491 1700 1525 primum
1716 1492 1744 1517 in
1755 1492 1914 1526 Capitonem
1928 1494 2055 1520 conferri.
2092 1496 2215 1531 Tempus

1161 1526 1190 1552 in
1204 1525 1298 1558 aleam,
1313 1525 1415 1560 stupra,
1430 1526 1521 1551 luxum
1536 1526 1603 1552 Plin.
1619 1528 1679 1552 Pan.
1692 1532 1733 1558 82,
1747 1535 1772 1559 9.
1809 1527 1849 1553 Ad
1862 1536 1919 1554 rem
1932 1529 2060 1563 aliquam.
2097 1531 2153 1557 Cic.
2164 1542 2214 1566 pro

1159 1562 1229 1596 Lege
1236 1560 1351 1594 Maiiil.9
1373 1560 1543 1587 Mithridates
1556 1570 1644 1587 autem
1658 1571 1737 1588 omne
1753 1561 2019 1599 reliquumTempus
2031 1574 2086 1593 non
2098 1567 2130 1593 ad
2143 1568 2213 1594 obli.

1159 1598 1271 1624 vionem
1285 1597 1383 1624 veteris
1399 1596 1480 1630 belli,
1502 1597 1545 1624 sed
1565 1597 1597 1624 ad
1611 1598 1840 1632 comparationem
1858 1600 1925 1626 noui
1944 1601 2067 1628 contulit.
2139 1604 2213 1631 Caes.

1162 1249 1246 1266 vnum
1258 1240 1403 1266 conferam.

49 1637 76 1663 se
89 1637 142 1671 ipsa
155 1637 337 1669 commiserat,
356 1645 448 1663 omnes
462 1644 532 1661 meas
546 1636 645 1667 Curas,
666 1634 905 1674 Cogitationesque
919 1641 948 1659 in
961 1642 1019 1659 eam
1035 1643 1096 1660 con·
1103 1647 1140 1672 40
1160 1633 1224 1660 Bell.
1240 1635 1270 1660 C.
1284 1642 1307 1666 2,
1320 1641 1364 1673 34,
1374 1633 1430 1666 Qu
1445 1634 1521 1659 suum
1534 1633 1682 1660 Timorem
1703 1634 1731 1660 in
1745 1634 1785 1660 rei
1799 1634 1989 1662 frumentariae
2010 1636 2218 1673 fimulafionem,

48 1672 184 1703 ferebam,
204 1672 377 1707 impendebam.
453 1672 537 1698 Curas
552 1670 584 1697 ad
598 1670 755 1705 dignitatem
770 1670 882 1696 alicuius
901 1669 957 1696 Cic.
972 1670 1043 1696 Fam.
1059 1677 1097 1700 10,

49 1715 86 1734 η.
143 1708 271 1734 Denarios
283 1707 398 1742 singulos
411 1708 439 1733 in
452 1707 571 1733 medium
584 1706 613 1732 in
627 1706 740 1740 singulos
763 1705 829 1732 talos
851 1705 973 1731 conferre
988 1705 1096 1731 Sueton.

49 1743 78 1770 in
91 1743 198 1778 August.
213 1751 251 1778 7¹·
322 1743 400 1770 DiCta
419 1743 447 1769 in
468 1743 586 1777 aliquem
608 1742 665 1768 Cic.
679 1742 752 1768 Fam.
767 1749 793 1775 7,
813 1745 850 1772 38.
882 1743 901 1766 i.
921 1740 961 1767 illi
979 1741 1097 1771 tribucre,

48 1778 116 1842 quasi
129 1780 158 1806 ab
172 1780 224 1816 ipso
235 1777 363 1815 professa.
436 1779 594 1817 Papinianus
609 1777 639 1803 in
653 1777 671 1817 l..
693 1778 783 1810 Quim
798 1771 992 1802 soluendae'D.
1004 1776 1036 1802 de
1050 1776 1096 1802 Di-

47 1817 56 1841 s
85 1815 134 1842 aei.
149 1815 218 1850 pign.
238 1816 329 1848 Qium
341 1814 482 1841 soluendae
494 1821 620 1848 pecuniae
633 1813 696 1839 Dies
716 1811 793 1847 paeto
814 1812 973 1838 confertur:
1000 1820 1136 1847 conue-45
1153 1815 1271 1847 portione
1290 1812 1377 1848 census
1396 1818 1419 1838 ct
1437 1812 1595 1838 diuitiarum.

48 1851 111 1877 nisse
125 1851 248 1884 videtur,
266 1859 299 1878 ne
313 1851 385 1885 prius
397 1850 530 1876 vendendi
543 1849 662 1884 pignoris
675 1848 785 1883 potestas
798 1853 958 1875 exerceatur.
1027 1847 1096 1874 Dili-

47 1887 163 1922 gentiam
183 1887 212 1913 in
224 1886 402 1913 valetudinem
421 1885 532 1912 alicuius
552 1885 675 1911 conferre
695 1884 752 1910 Cic.
769 1885 842 1910 Fam.
863 1885 902 1916 16,
922 1885 948 1910 6.
1019 1883 1094 1909 Idem

47 1924 100 1949 Att.
118 1932 145 1956 4,
161 1930 185 1956 i5
209 1924 283 1949 Hanc
302 1930 352 1957 ego
365 1922 397 1948 de
412 1921 575 1956 Republica,
594 1929 674 1955 quam
690 1919 793 1946 institui
807 1919 1037 1954 Disputationem,
1058 1919 1088 1945 in

47 1958 168 1986 Africani
181 1959 335 1993 personam,
353 1964 379 1985 et
392 1957 477 1989 Phili,
500 1964 526 1983 et
539 1957 625 1989 Paeti,
649 1962 675 1983 et
689 1955 795 1989 Manlii,
814 1955 933 1988 contuli,
960 1957 978 1981 i.
994 1964 1033 1981 eos
1045 1955 1094 1981 col-

45 1995 169 2030 loquentes
184 1994 323 2021 introduxi.

46 2037 187 2066 componere
200 2029 331 2057 Columel.
345 2037 372 2062 9,
388 2031 416 2056 16
436 2036 502 2056 extr.
555 2028 636 2055 Plaut.
651 2029 722 2054 Men.
738 2036 758 2060 i,
771 2036 796 2060 2,
810 2036 844 2054 zo
865 2027 938 2062 Qiid
952 2027 1030 2053 Dona
1043 2027 1094 2053 ces-

47 2066 102 2093 sant
122 2065 191 2092 mihi
207 2065 329 2092 conferre
342 2073 433 2091 omnes
446 2063 605 2099 gratulantes
614 2083 622 2096 ,
638 2064 701 2098 quia
714 2063 832 2098 pugnaui
845 2063 952 2090 fortiter
964 2064 973 2090 3
1023 2063 1092 2089 Ter.

49 2100 159 2136 Adelph.
175 2109 195 2132 1,
207 2109 232 2131 2,
247 2109 278 2134 14
302 2101 423 2136 Denique
437 2100 454 2126 si
470 2100 661 2126 conferendum
672 2099 829 2134 Exemplum
843 2098 893 2131 est,
909 2108 965 2126 non
980 2098 1092 2125 fratrem

48 2136 123 2163 videt
141 2137 183 2163 rei
199 2136 260 2163 dare
275 2145 401 2171 operam,
423 2136 482 2162 ruri
495 2136 543 2162 esse
556 2145 663 2170 parcum
677 2144 707 2162 ac
719 2135 838 2161 sobrium
854 2135 863 2160 Ξ
934 2135 1007 2161 Idem
1027 2135 1092 2160 Eun.

47 2214 90 2242 tus
105 2214 134 2235 tu
147 2208 202 2235 alio
217 2208 346 2234 conferas.
418 2207 495 2240 Virg.
506 2207 570 2233 Aen.
585 2207 611 2237 6,
623 2210 671 2238 488
701 2206 779 2233 quat
799 2212 883 2238 vsque
904 2203 1022 2236 morari,
1058 2203 1090 2229 Et

46 2243 168 2270 conferre
177 2242 294 2269 Gradum
302 2262 311 2275 ,
330 2248 356 2269 et
369 2242 495 2268 veniendi
509 2241 608 2267 discere
620 2241 706 2268 causas
713 2260 721 2273 ‚
757 2243 776 2267 ι’.
787 2246 862 2276 prope
874 2239 994 2266 accedere.
1048 2239 1091 2267 Si'c

44 2277 126 2305 Plaut.
141 2279 212 2305 Men.
226 2286 249 2311 3,
259 2280 291 2310 ’3,
306 2286 337 2310 3ο
355 2278 469 2312 Propera
476 2276 655 2311 ⁴Menaechme
669 2277 712 2303 fei·
725 2275 836 2311 pedem,
856 2275 949 2302 confer
957 2274 1086 2302 Gradum.

0 2333 1 2339 ,
43 2314 85 2341 sic
97 2314 216 2341 Gradum
230 2314 351 2340 conferre
365 2322 425 2340 cum
439 2313 529 2344 hoste,
549 2311 583 2345 est
593 2314 663 2339 illum
676 2311 804 2343 inuadere,
818 2317 848 2338 vt
860 2311 954 2346 pedem
966 2311 1089 2338 conferre

42 2348 145 2386 infestis
157 2352 244 2376 armis.

42 2391 70 2412 et
82 2394 143 2416 curn
157 2394 212 2420 quo
226 2385 297 2412 forte
310 2384 423 2412 contulit
436 2383 553 2412 Graduin
562 2404 571 2417 ,
591 2383 741 2411 obtruncat.
811 2383 945 2418 Qiinffil.
958 2392 978 2414 1,
992 2391 1021 2409 io
1046 2381 1088 2407 Se-

42 2429 94 2448 nex
111 2421 258 2456 reposcenti
277 2420 365 2447 filiurn
385 2420 470 2455 patri,
491 2420 564 2447 velut
582 2420 715 2447 rationem
735 2419 952 2455 Impendiorum,
973 2424 1040 2451 quae
1059 2416 1089 2442 in

42 2457 226 2484 educationem
239 2456 400 2488 contulerat,
418 2455 571 2491 opponens,
590 2463 636 2483 etc.
691 2456 750 2483 Cic.
763 2457 836 2482 Fam.
851 2456 890 2485 16,
901 2461 926 2484 13
946 2451 1088 2485 Ingenium

6 2520 9 2524 ,
41 2498 136 2556 mugi,
155 2493 228 2528 quod
242 2501 292 2533 ego
305 2491 419 2519 maximi
432 2491 520 2525 facio,
544 2492 638 2519 confer
654 2491 688 2518 ad
707 2497 732 2516 te
757 2489 844 2521 mihi,
862 2487 968 2522 tibique
985 2488 1087 2514 conser-

41 2536 93 2556 van
113 2537 166 2556 um.

40 2563 133 2602 confiat
144 2565 213 2592 Tac.
220 2565 276 2591 Vit.
290 2565 353 2599 Agr.
367 2570 402 2596 ις.

40 2605 71 2634 8,
93 2608 118 2635 ις
147 2599 178 2626 de
197 2601 413 2626 communicatione
431 2597 593 2630 consiliorum.

40 2636 164 2664 conferre
180 2634 313 2668 Qinefil.
325 2641 349 2665 3,
363 2639 383 2659 ί.
455 2632 511 2659 Cic.
526 2633 580 2658 Ait.
593 2640 617 2665 3,
629 2640 642 2664 3
668 2631 720 2658 Illo
733 2641 816 2667 quum
830 2631 971 2666 peruenire
985 2639 1040 2657 non
1054 2631 1087 2657 li-

43 2673 129 2702 ceret,
153 2670 241 2697 statim
258 2669 313 2696 Iter
330 2666 507 2695 Brundusium
526 2667 615 2694 versus
634 2667 737 2695 contuli
760 2673 820 2694 ante
836 2667 907 2694 diem
928 2667 1085 2702 rogationis.

454 2563 554 2589 Omnia
567 2561 663 2588 intima
675 2569 735 2586 cum
749 2568 804 2595 quo
816 2559 889 2586 Cael.
901 2559 934 2586 ad
947 2559 1004 2586 Cic.
1012 2559 1085 2586 Fam.

664 2597 775 2623 Inuenta
813 2595 933 2630 plurium
952 2595 981 2621 in
1001 2604 1085 2622 vnum

43 2703 116 2732 Lites
129 2700 269 2737 conferre,
288 2705 382 2731 Rixari
394 2712 448 2730 cum
461 2705 544 2739 aliquo
556 2704 649 2731 Horat.
662 2704 745 2731 Serm.
762 2712 782 2736 i,
795 2711 816 2737 5,
830 2710 873 2737 54.

43 2740 72 2767 in
85 2740 203 2776 aliquem
217 2740 272 2768 Cic.
285 2740 338 2767 Att.
353 2747 387 2772 u,
401 2744 422 2770 8.
434 2754 436 2757 ·
495 2740 606 2766 Manum
619 2748 679 2766 cuin
692 2739 785 2774 aliquo
798 2739 921 2766 conferre
933 2739 1008 2774 Virg.
1019 2739 1084 2766 Aen.

42 2783 82 2809 η,
96 2779 158 2812 678.
180 2779 199 2803 ι’.
216 2782 343 2812 pugnare,
362 2781 392 2802 vt
403 2775 515 2810 gradum
525 2795 534 2808 ‚
551 2775 653 2810 pedem.
724 2776 781 2802 Cic.
795 2783 845 2810 pro
857 2775 935 2802 Font.
947 2784 965 2802 2
985 2775 1085 2801 Partim

42 2812 90 2848 qui
105 2821 165 2839 cuni
179 2812 236 2847 ipso
248 2812 286 2839 M.
302 2811 432 2845 Fonteio,
450 2812 554 2838 ferrum
568 2820 597 2838 ae
608 2812 703 2838 Manus
718 2811 896 2838 contulerunt.
920 2828 923 2831 -
965 2811 1085 2845 Propert.

41 2856 67 2880 2,
87 2856 110 2881 3,
129 2856 157 2882 25
184 2848 255 2875 Haec
274 2846 326 2874 tibi
344 2848 511 2875 contulerant
529 2847 647 2874 caelestia
664 2848 778 2875 Munera
796 2846 863 2874 diui.
935 2846 1085 2874 Nouissima

40 2892 101 2911 cum
114 2884 207 2919 primis
222 2883 398 2911 Pseudo-Cic.
414 2883 445 2910 ad
457 2883 553 2910 oetan.
571 2887 589 2910 i.
603 2886 757 2920 coniungere.

0 2930 4 2934 ·
45 2920 139 2947 Venere
156 2921 272 2957 loquens,
295 2919 345 2947 Illa
362 2919 424 2946 viro
442 2928 531 2946 coram
551 2919 639 2946 Nutus
662 2920 785 2946 conseri-e
803 2918 935 2954 loquaces.
961 2919 1086 2954 subaudi,

38 2953 133 2983 Docet.
205 2955 262 2982 Cic.
281 2954 313 2982 de
326 2955 411 2982 Amic.
426 2963 464 2990 74
495 2955 625 2982 Odiosum
647 2955 706 2982 sane
727 2963 808 2990 genus
828 2954 968 2981 hominum
987 2953 1085 2982 Officia

39 2990 258 3027 exprobrantium
275 3001 281 3017 :
316 3000 384 3026 quae
404 2990 552 3017 meminiffe
574 2991 652 3018 debet
671 2992 712 3023 is,
742 2991 771 3017 in
788 2999 868 3026 quem
890 2991 986 3017 collata
1005 2992 1084 3022 sunt;

38 3035 96 3053 non
113 3035 340 3060 commemorare,
365 3027 415 3062 qui
434 3026 555 3054 contulit.
630 3026 727 3089 gfficia
744 3026 873 3053 conferte
887 3026 916 3053 in
933 3035 994 3060 eos,
1017 3035 1083 3061 quos

38 3062 172 3098 speramus
189 3062 266 3090 nobis
282 3062 451 3096 prostiturOS,
467 3071 522 3089 non
535 3062 628 3089 dubita
658 3071 687 3090 us
709 3063 764 3089 Cic.
780 3061 833 3089 Off.
849 3071 870 3096 1,
884 3067 926 3096 48.

0 3103 1 3108 ¹
39 3097 106 3134 quid
124 3098 152 3124 in
166 3104 229 3125 etim
243 3097 338 3125 iudicii
357 3096 668 3132 officiiquecontuleris,
691 3098 719 3125 id
736 3099 773 3125 ita
793 3107 837 3124 me
855 3099 988 3133 accipere,
1006 3105 1035 3125 vt
1055 3100 1083 3125 in

37 3143 82 3162 me
98 3133 185 3169 ipsum
198 3134 288 3168 putem'
303 3133 440 3160 contuiiffe
451 3133 524 3160 Idem
536 3135 608 3161 Fam.
624 3143 663 3167 io,
681 3143 700 3161 ι.
758 3134 918 3162 Orationem
931 3134 965 3161 ad
977 3135 1081 3161 iniseri-

0 3182 2 3186 >
38 3170 158 3198 cordiam
173 3169 295 3196 conferre
309 3169 365 3196 Cic.
379 3177 429 3204 pro
441 3169 500 3204 Lig.
509 3177 552 3205 pr.
574 3179 623 3197 non
636 3169 784 3206 defendere,
795 3169 844 3206 sed
855 3169 991 3206 deprecari.
1032 3171 1083 3197 Or-

0 3210 2 3226 ῑ
36 3213 79 3234 tus
99 3205 240 3232 hominum
257 3205 394 3232 confertur
413 3213 446 3232 ex
463 3212 577 3241 vtroque
595 3206 762 3241 gignentium
781 3205 912 3240 Qiineiii.
927 3215 961 3239 2,
975 3215 992 3240 9
1017 3213 1082 3233 extr.

0 3253 3 3261 ·
24 3242 95 3270 Cic.
110 3242 184 3268 Fam.
197 3251 225 3275 4,
237 3249 251 3273 3
276 3241 391 3268 Omnem
404 3249 491 3268 meam
503 3250 593 3268 curam
614 3248 693 3277 atque
705 3242 822 3282 Operam
841 3242 873 3268 ad
885 3241 1081 3282 philosophiam
1098 3249 1128 3278 ες
1144 3244 1249 3278 aspexi,
1269 3254 1312 3271 me
1326 3245 1454 3272 continuo
1468 3243 1570 3270 contuli
1590 3244 1711 3278 protinus
1731 3243 1760 3270 in
1779 3243 1866 3278 pedes.
1884 3268 1886 3270 ,

0 3277 2 3297 ,¹
37 3277 184 3306 contulisse.
242 3276 390 3315 Plurimum
398 3277 516 3312 Operae,
531 3277 626 3310 studii,
645 3277 818 3312 diligentiae,
836 3277 955 3311 laboris,
975 3278 1007 3305 ad
1021 3287 1081 3305 con-

0 3335 1 3346 ,
22 3321 24 3325 ’
36 3313 181 3342 ficiendum
195 3311 312 3339 reditum
323 3312 433 3339 alicuius
447 3313 568 3340 conferre
582 3313 655 3340 Idem
668 3314 721 3340 Att.
737 3323 765 3347 4,
780 3321 800 3339 i.
873 3313 905 3341 Ετ
925 3323 973 3349 pro
990 3314 1080 3349 Ligar.

33 3357 77 3388 pr.
95 3349 196 3378 Omiss'a
209 3347 404 3378 controuersia,
423 3349 511 3375 omnis
522 3349 618 3376 Oratio
631 3349 663 3376 ad
675 3348 888 3377 misericordiam
900 3355 973 3377 tuam
990 3351 1080 3377 confe-

0 3388 14 3418 Ρ
38 3385 119 3414 tenda
132 3384 179 3412 est.
250 3383 318 3410 Cels.
333 3385 367 3416 6,
385 3386 403 3410 6
428 3384 581 3419 Ingentibus
594 3394 661 3412 vero
670 3406 678 3418 ,
699 3391 725 3412 et
739 3385 822 3412 variis
836 3383 934 3412 casibus
946 3387 1020 3413 oculi
1033 3395 1080 3413 no-

47 2181 70 2205 3,
84 2180 104 2205 Ι,
117 2173 152 2199 60
172 2173 272 2199 Metuet
286 2173 387 2207 semper
400 2180 478 2206 quein
491 2172 544 2206 ipsa
559 2180 627 2197 nunc
639 2170 709 2205 capit
717 2169 856 2201 Frue'tum,
873 2177 907 2195 ne
920 2169 1026 2203 quando
1039 2169 1091 2193 ira·
1105 2178 1136 2205 55

314 2349 373 2376 Liu.
386 2357 414 2383 7,
428 2357 455 2382 33
479 2349 582 2377 Primus
596 2348 719 2375 omnium
732 2347 830 2375 Consul
850 2347 955 2375 inuadit
975 2347 1132 2378 hostem‚60

242 2528 357 2555 Iniurias
377 2528 516 2560 conferre,
535 2527 588 2562 fibi
604 2529 710 2552 inuicem
726 2532 849 2556 nauare,
874 2530 904 2550 υι
914 2523 1011 2559 Jimmia
1030 2523 1088 2550 inde
1099 2531 1130 2565 (ς)

944 2702 1085 2729 Maledic‘ta
1092 2714 1128 2743 70

826 2882 925 2909 Tibul.
939 2891 959 2915 i,
974 2891 994 2916 i,
1009 2891 1036 2910 21
1057 2882 1086 2909 de
1097 2892 1129 2921 73

1160 1669 1343 1703 angustiasque
1356 1669 1462 1695 itineris
1477 1669 1638 1700 conferrent,
1658 1672 1675 1695 i.
1689 1672 1776 1696 timori
1782 1670 1830 1705 fiw
1842 1681 1883 1697 eas
1895 1681 1935 1698 res
1950 1672 2115 1700 obtenderem.
2152 1675 2214 1702 Liu.

1159 1714 1188 1738 4,
1199 1707 1233 1731 60
1252 1705 1388 1732 Postremo
1403 1704 1507 1731 indicto
1524 1706 1577 1731 iam
1591 1704 1711 1738 tributo,
1724 1704 1866 1734 edixerunt
1879 1708 1961 1734 etiam
1972 1708 2097 1735 Tribuni
2110 1711 2213 1739 auxilio

1159 1741 1185 1767 se
1208 1741 1330 1774 futuros,
1351 1740 1369 1766 si
1384 1741 1444 1775 quis
1463 1740 1493 1766 in
1512 1740 1630 1767 militare
1649 1740 1808 1775 stipendium
1821 1742 1975 1771 Tributum
1989 1753 2044 1771 non
2057 1747 2215 1774 contulisset.

1159 1776 1280 1803 Tributa
1295 1786 1327 1803 ex
1341 1777 1418 1802 censu
1437 1776 1579 1810 quotannis
1597 1777 1721 1803 conferre
1734 1777 1790 1804 Cic.
1805 1779 1881 1805 Verr.
1897 1787 1921 1811 2,
1936 1788 1988 1815 ι37.
2013 1781 2038 1807 b.
2053 1790 2071 1808 e.
2087 1788 2137 1816 pro
2155 1789 2216 1810 rata

1161 1849 1165 1852 Ι
1194 1848 1198 1852 -
1449 1848 1453 1852 Ι
1523 1848 1528 1853 ῃ
1667 1813 1735 1853 Ter.
1750 1813 1816 1840 Eun.
1829 1823 1858 1847 4,
1879 1817 1905 1847 6,
1926 1824 1945 1848 4
1972 1817 2062 1851 Vsque
2081 1817 2148 1844 adeo
2162 1828 2213 1853 ego

1159 1847 1233 1874 illius
1246 1848 1316 1874 ferre
1332 1848 1432 1881 possum
1446 1855 1574 1882 ineptias,
1591 1854 1617 1875 et
1631 1848 1771 1883 magnifica
1786 1850 1888 1883 Verba,
1904 1850 1987 1878 verba
2001 1852 2065 1880 dum
2078 1852 2127 1880 sint
2141 1864 2147 1880 :
2168 1864 2213 1882 ve-

1160 1892 1221 1910 rum
1236 1884 1307 1910 enim
1325 1883 1343 1910 fi
1358 1884 1389 1910 ad
1404 1884 1470 1910 Rem
1484 1885 1671 1917 conferentur,
1693 1884 1846 1919 vapulabit,
1868 1889 1886 1913 i.
1899 1886 1926 1921 fi
1938 1885 2032 1922 efficere
2050 1891 2128 1921 velit,
2150 1890 2215 1926 quod

1157 1919 1238 1960 dicit,
1258 1919 1343 1946 verbis
1349 1919 1427 1956 fidem
1433 1918 1459 1953 Ji
1464 1918 1553 1955 fai-‘sis
1560 1920 1652 1956 facere
1665 1927 1774 1947 conetur.
1832 1922 1888 1948 Cic.
1900 1916 1972 1950 Fani.
1987 1932 2010 1957 5,
2024 1931 2037 1957 5
2054 1925 2127 1952 Nam
2141 1935 2213 1954 com-

1157 1956 1250 1990 perisse
1271 1964 1314 1982 me
1333 1964 1387 1982 non
1408 1955 1493 1982 audeo
1512 1955 1622 1983 dicere:
1668 1965 1701 1983 iie
1724 1956 1797 1983 forte
1811 1956 1839 1983 id
1853 1958 1939 1992 ipsum
1954 1959 2074 1987 Verbum
2098 1970 2213 1995 ponam,

378 1992 632 2028 Disputationemin
646 2000 752 2019 carmen
764 1991 902 2024 conferre,
917 1999 966 2027 pro
979 1991 1094 2017 Carmine
1104 2000 1136 2026 50
1161 1991 1234 2026 quod
1262 1991 1308 2018 abs
1333 1997 1359 2018 te
1389 1991 1464 2018 aiunt
1489 1992 1555 2018 falso
1583 1992 1611 2018 in
1636 2000 1678 2018 me
1707 1992 1792 2018 solere
1822 1994 1958 2027 conferri,
1990 1995 2044 2022 vid.
2067 2003 2213 2024 coniri-:-

1158 2034 1241 2067 Rao.
1276 2062 1281 2068 .
1314 2027 1376 2054 Liu.
1393 2034 1438 2062 27,
1457 2036 1488 2060 39
1514 2028 1549 2054 Vt
1568 2033 1681 2063 vterque
1701 2028 1848 2055 Consulum
1870 2029 1972 2056 hostem
1991 2031 2020 2056 in
2039 2032 2084 2058 sua
2104 2034 2214 2066 prouin—

1156 2071 1196 2088 cia
1211 2069 1376 2096 contineret,
1397 2072 1484 2098 neque
1499 2063 1644 2098 coniungi,
1663 2069 1709 2091 aut
1722 2064 1846 2090 conferre
1865 2064 1894 2090 in
1913 2074 1994 2091 vnum
2016 2067 2093 2093 Vires
2114 2074 2215 2102 patere·

1156 2104 1210 2125 tur.
1284 2100 1340 2126 Cic.
1362 2098 1394 2125 de
1414 2099 1514 2125 Seneei.
1539 2108 1569 2131 14
1595 2100 1644 2125 Sua
1664 2099 1736 2124 enim
1749 2099 1824 2124 Vitia
1837 2099 2003 2134 insipientes,
2024 2108 2050 2129 et
2063 2103 2136 2130 suam
2150 2105 2215 2132 Cul-

1155 2142 1215 2167 pam
1229 2134 1259 2159 in
1279 2134 1443 2160 senee'tutem
1463 2134 1614 2159 conferunt.
1657 2133 1714 2160 Vid.
1748 2134 1860 2161 Crimen
1888 2133 2020 2164 conferre}
2092 2139 2148 2166 Cic.
2163 2149 2213 2175 pro

1155 2168 1250 2207 Qint.
1267 2177 1289 2194 ii
1308 2169 1400 2201 Quum
1414 2169 1439 2194 ei
1453 2174 1548 2195 natura
1558 2168 1629 2195 nihil
1641 2169 1737 2195 melius
1752 2179 1832 2204 quam
1846 2179 1940 2198 vocem
1955 2171 2071 2206 dedisset,
2092 2176 2213 2209 paterni·

1154 2202 1194 2230 hil
1207 2210 1312 2239 praeter
1325 2203 1478 2231 libertatem
1491 2204 1639 2239 reliquisset
1647 2224 1656 2237 ,
1676 2206 1777 2231 Vocem
1790 2206 1820 2231 in
1833 2207 1969 2240 quaestum
1983 2210 2106 2238 contulit.
2125 2214 2143 2239 i.
2164 2213 2212 2239 llo*

1153 2248 1180 2266 ce
1213 2238 1337 2276 quaestum
1360 2239 1439 2275 fecit.
1511 2240 1684 2266 Voluntatem
1717 2240 1746 2266 in
1777 2240 1895 2275 aliquem
1935 2244 1991 2270 Cic.
2013 2244 2085 2272 Fam.
2113 2255 2136 2280 ¹3
2174 2252 2210 2278 18·

1153 2271 1174 2311 ff
1193 2283 1207 2308 3
1244 2275 1376 2302 Conferre
1390 2276 1416 2301 se
1429 2274 1550 2313 itqfhepe
1563 2274 1675 2307 dicitur,
1691 2281 1720 2301 vt
1726 2275 1837 2311 seorsum
1844 2281 1909 2312 poni
1921 2286 2054 2307 mereatur.
2097 2267 2212 2310 Cor'ifer-

1152 2318 1182 2337 re
1205 2310 1230 2336 se
1252 2315 1341 2336 toturn
1365 2309 1398 2335 ad
1420 2309 1567 2336 amicitiam
1579 2309 1693 2336 alicuius
1713 2311 1770 2338 Cic.
1786 2313 1858 2338 Fam.
1871 2321 1904 2346 ii,
1918 2322 1961 2347 29.
2034 2317 2109 2354 C⁰'²f·
2124 2319 2153 2346 Id
2177 2319 2211 2346 de

1151 2344 1222 2371 Clar.
1238 2345 1313 2371 Orat.
1328 2353 1350 2370 c.
1366 2349 1400 2374 81.
1471 2345 1527 2372 Cic.
1543 2344 1575 2372 de
1589 2346 1698 2373 Ainicit.
1711 2355 1731 2373 c.
1745 2355 1756 2374 1
1776 2349 1841 2382 Qio
1855 2356 1965 2376 mortuo
1978 2360 2021 2378 me
2045 2352 2077 2379 ad
2101 2340 2209 2382 Poniifi.

1152 2388 1210 2406 cem
1222 2379 1377 2420 Scaeuolam
1391 2380 1502 2407 contuli.
1574 2381 1614 2408 Id.
1628 2381 1694 2408 Phil.
1708 2391 1736 2415 4,
1752 2390 1764 2416 5
1785 2385 1842 2417 Qu
1856 2385 1882 2411 se
1896 2386 1928 2412 ad
1944 2387 2050 2414 Senatus
2058 2389 2211 2418 Auctorita-

1150 2420 1221 2448 tem,
1242 2415 1275 2456 ad
1289 2416 1456 2443 Libertatem
1469 2415 1600 2450 vestram,
1617 2417 1650 2444 ad
1662 2418 1815 2446 vniuersam
1829 2420 1923 2456 Remp.
1937 2424 2116 2452 contulerunt.
2166 2426 2208 2454 Ad

1149 2450 1338 2479 auctoritatem
1352 2452 1466 2479 alicuius
1506 2453 1563 2480 Cic.
1577 2453 1657 2480 Acad.
1670 2465 1694 2487 4,
1707 2462 1733 2487 9.
1806 2456 1848 2483 Ad
1870 2466 1960 2484 curam
1972 2459 2089 2494 aliquam
2105 2463 2131 2488 se
2146 2472 2210 2490 con-

1149 2487 1222 2514 ferre
1247 2488 1373 2529 Ci⁰·.A“.‘
1387 2496 1414 2523 7,
1437 2497 1458 2515 1.
1495 2489 1602 2525 Legitur
1615 2491 1797 2523 Conuertere,
1815 2495 1843 2518 in
1857 2494 2001 2529 quibusdam
2019 2500 2209 2532 exemplaribus.

1150 2523 1191 2551 Ad
1214 2524 1449 2564 Inuestigationem
1471 2530 1582 2552 naturae
1612 2526 1668 2553 Cic.
1693 2527 1772 2554 Acad.
1790 2536 1810 2560 1,
1824 2537 1867 2563 34.
1939 2531 1995 2557 Cic.
2008 2531 2040 2558 de
2053 2534 2161 2561 Ainicit.
2176 2537 2210 2567 86

1149 2559 1189 2586 De
1201 2560 1337 2593 amicitia,
1355 2569 1448 2587 omnes
1461 2560 1493 2587 ad
1506 2570 1589 2589 vnum
1601 2561 1674 2589 idem
1689 2563 1821 2596 sentiunt,
1840 2571 1866 2591 et
1877 2563 1915 2596 hi,
1928 2567 1977 2601 qui
1996 2567 2029 2594 ad
2052 2569 2209 2605 Rempubli-

1148 2604 1205 2621 cam
1219 2596 1244 2622 se
1257 2596 1443 2629 contulerunt,
1460 2602 1487 2623 et
1500 2596 1540 2630 hi,
1548 2597 1596 2632 qui
1609 2607 1700 2625 rerum
1713 2599 1868 2634 cognitione
1880 2601 2057 2638 doctrinaque
2076 2605 2209 2634 delee'tan—
2238 2629 2240 2631 .

1147 2636 1200 2658 tur.
1219 2634 1238 2659 i.
1250 2632 1364 2673 Reipusvl.
1383 2630 1624 2665 administrationem
1635 2634 1805 2670 susceperunt.
1878 2637 1948 2664 Suet.
1970 2638 2003 2665 de
2023 2640 2094 2668 Clar.
2115 2643 2207 2670 Gram-

1148 2675 1181 2707 ²⁴}
1202 2668 1239 2695 M.
1252 2668 1375 2709 Valerius
1388 2668 1490 2695 Probus
1503 2669 1655 2703 Berrytius,
1675 2670 1722 2697 diu
1736 2672 1921 2700 Centuriatum
1935 2675 2031 2709 petiit,
2051 2676 2135 2705 donec
2154 2684 2206 2705 tae-

1149 2702 1197 2744 dio
1212 2703 1248 2744 ad
1258 2704 1344 2731 studia
1354 2705 1387 2745 'se
1402 2704 1525 2732 contulit.
1599 2706 1656 2732 Cic.
1665 2706 1697 2733 de
1713 2707 1825 2734 Finibus
1833 2717 1860 2742 2,
1895 2729 1903 2736 .
1941 2730 1947 2737 .
1984 2712 2205 2740 Praestantiffimis

1147 2747 1263 2780 ingeniis
1285 2740 1407 2767 homiues
1429 2741 1455 2767 se
1480 2740 1513 2768 ad
1535 2740 1724 2776 philosophiae
1744 2743 1862 2771 studium
1877 2746 2054 2773 contulerunt.
2127 2750 2158 2775 Et
2170 2749 2205 2776 de

1149 2776 1245 2816 Fin35,
1258 2785 1280 2802 c.
1295 2785 1329 2803 20
1349 2777 1440 2803 Totos
1454 2777 1480 2803 se
1493 2777 1526 2804 ad
1539 2777 1624 2804 studia
1637 2778 1777 2806 doeh-inae
1790 2781 1939 2808 conferunt.
2011 2782 2052 2809 Ad
2070 2783 2204 2812 virtutum

1148 2811 1266 2852 studium
1280 2813 1305 2839 se
1317 2812 1441 2840 conferre
1453 2813 1518 2843 Cic.
1533 2822 1583 2848 pro
1596 2814 1676 2841 Arch.
1716 2835 1722 2842 .
1761 2835 1769 2842 .
1808 2835 1815 2843 .
1870 2816 1911 2843 Ad
1930 2816 2046 2844 studium
2060 2819 2203 2848 literarum

1147 2847 1186 2874 Id.
1201 2847 1238 2874 ib.
1253 2857 1276 2875 c.
1290 2855 1317 2883 7.
1388 2848 1429 2875 Ad
1442 2848 1557 2877 studium
1571 2849 1706 2877 scribendi
1726 2850 1762 2878 ib.
1778 2861 1798 2878 c.
1812 2860 1834 2884 3,
1906 2852 1947 2878 Ad
1964 2853 2086 2881 umbram
2096 2855 2204 2886 arborio

1146 2883 1172 2924 se
1185 2883 1327 2924 conferre,
1340 2891 1389 2920 pro
1404 2886 1444 2912 Ire
1464 2884 1545 2913 Ouid.
1560 2886 1625 2913 Met.
1639 2896 1667 2921 4,
1682 2889 1731 2913 116.
1765 2888 1809 2914 Al.
1823 2887 1916 2914 Secum
1937 2888 2017 2916 ferre.
2087 2892 2120 2919 In
2136 2894 2202 2921 ami.

1145 2925 1237 2946 citiam
1250 2926 1276 2947 et
1287 2920 1367 2947 fidem
1380 2920 1493 2948 alicuius
1513 2921 1570 2949 Cic.
1585 2922 1657 2949 Fam.
1672 2930 1699 2956 7,
1716 2930 1753 2957 17.
1825 2922 1865 2949 Id.
1879 2932 1929 2957 pro
1944 2924 2019 2951 Rosc.
2042 2926 2131 2955 Amer.
2152 2933 2202 2956 106

1146 2955 1246 2982 Omnes
1260 2965 1305 2983 eos
1319 2956 1407 2983 colere
1420 2962 1500 2992 atque
1512 2957 1654 2985 obseruare
1668 2957 1838 2990 destiterunt,
1858 2967 1887 2984 ac
1900 2959 1927 2986 se
1942 2959 1970 2985 in
1983 2961 2151 2997 Chrysogoni
2169 2965 2200 2993 fi.

1146 2990 1207 3018 dem
1220 2997 1247 3019 et
1259 2992 1409 3020 clientelam
1423 2993 1600 3021 contulerunt.
1673 2994 1729 3020 Cic.
1743 2993 1815 3020 Fam.
1824 3002 1859 3027 13,
1873 3002 1902 3020 10
1928 2995 2032 3023 Deinde
2053 2999 2126 3033 quod
2144 3010 2200 3028 ma-

1142 3032 1205 3054 ture
1217 3028 1243 3054 se
1265 3028 1380 3056 contulit
1400 3029 1430 3056 in
1453 3030 1606 3056 societatem
1627 3027 1842 3063 publicanorum.
1913 3031 1968 3058 Cic.
1983 3032 2049 3059 Phil.
2064 3043 2103 3067 η,
2116 3043 2134 3070 7
2149 3046 2170 3064 c.
2183 3046 2198 3070 3

996 3062 1083 3096 Qud·
1095 3068 1128 3093 80
1146 3064 1202 3097 Qui
1215 3059 1322 3091 fetotos
1341 3071 1368 3092 et
1390 3065 1487 3092 animis
1508 3070 1534 3092 et
1557 3064 1715 3099 corporibus
1742 3065 1771 3091 in
1794 3065 1905 3092 salutem
1929 3067 1996 3102 reip.
2017 3071 2197 3101 contulerunt·

1145 3100 1202 3126 Cic.
1215 3100 1249 3127 de
1262 3101 1369 3128 Ainicit.
1383 3109 1415 3136 37
1433 3102 1526 3136 Itaque
1539 3100 1586 3127 hac
1599 3100 1716 3127 amentia
1730 3100 1885 3135 quaestione
1896 3111 1968 3129 noua
1981 3107 2138 3139 perterritus
2166 3109 2197 3137 iu

1145 3135 1231 3167 Asiam
1245 3137 1381 3172 profugit,
1401 3137 1432 3164 ad
1447 3137 1534 3163 hostes
1549 3137 1574 3163 se
1589 3136 1720 3169 contulit,
1741 3145 1837 3171 poenas
1850 3137 1926 3172 Reip.
1940 3148 2044 3174 graues,
2063 3128 2196 3180 iustas’que

1143 3172 1281 3206 persoluit.
1299 3176 1317 3199 i.
1331 3171 1466 3209 ProfeHus
1480 3170 1530 3205 esi,
1550 3174 1609 3198 init.
1663 3172 1718 3199 Cic.
1733 3181 1782 3207 pro
1791 3173 1897 3200 Caecin.
1905 3182 1939 3200 22
1958 3176 2060 3204 Eodem
2074 3184 2195 3215 tempore

1146 3208 1172 3233 se
1190 3207 1219 3234 in
1232 3209 1324 3243 fugam
1337 3209 1508 3236 contulerunt
1525 3216 1577 3234 vna
1596 3207 1685 3234 amici.
1757 3208 1840 3236 Plaut.
1858 3209 1949 3236 Bacch.
1962 3220 1985 3244 3,
2000 3221 2021 3246 1,
2036 3221 2054 3248 7
2075 3216 2151 3249 Qiae
2165 3223 2196 3244 vg

1158 3279 1163 3284 ι
1222 3280 1228 3285 .
1938 3246 2051 3276 Romam
2063 3251 2090 3277 se
2103 3258 2193 3279 contu—1

1145 3278 1177 3305 lit
1197 3280 1252 3307 Cic.
1265 3289 1315 3316 pro
1329 3281 1422 3308 Flacco
1436 3288 1457 3306 c.
1471 3287 1510 3306 21.
1553 3279 1584 3305 Se
1597 3286 1670 3305 retro
1683 3279 1807 3306 conferre
1827 3280 1965 3309 Claudian.
1975 3284 2007 3310 de
2014 3288 2186 3320 quai-t.Cons.

1144 3315 1217 3342 Hon.
1229 3325 1287 3350 399.
1343 3316 1410 3344 Cels.
1423 3324 1449 3347 2,
1463 3323 1490 3341 12
1511 3314 1538 3342 Si
1551 3315 1579 3341 in
1591 3314 1755 3341 stomachum
1769 3315 1899 3350 quaedam
1913 3317 2007 3346 biliosa
2022 3328 2193 3354 concurrunt,

1143 3350 1186 3377 vel
1206 3352 1288 3379 etiam
1309 3353 1405 3387 pituita
1432 3359 1464 3377 eo
1482 3351 1523 3383 se,
1543 3350 1678 3377 humorue
1707 3351 1806 3386 aliquis
1837 3361 1920 3387 aquae
1952 3354 2046 3384 similis
2077 3358 2180 3384 confert

1183 3395 1202 3420 4
1237 3388 1378 3415 Conferre.
1411 3386 1609 3422 [συμβάλλειν]
1646 3386 1802 3427 Comparare.
1837 3389 1895 3416 Cie-
1915 3391 1995 3418 Verr.
2012 3402 2048 3425 4,
2068 3401 2108 3419 121
2140 3377 2190 3419 Tii

8 3424 25 3457 4-
37 3421 185 3463 stri-patent
193 3440 202 3453 ,
220 3421 268 3455 qui
281 3428 362 3454 quum
375 3427 497 3454 magnam
510 3421 611 3447 Partem
625 3421 658 3448 ad
671 3421 744 3448 vitae
759 3421 835 3448 simul
849 3427 874 3448 et
886 3422 970 3454 vsum,
981 3428 1008 3449 et
1024 3422 1124 3459 dul-90
1164 3421 1251 3457 ignior
1265 3425 1360 3450 Verres
1372 3431 1452 3458 quam
1467 3421 1596 3449 Callidius
1613 3423 1622 3449 3
1658 3431 1723 3457 qui,
1743 3429 1772 3450 vt
1785 3432 1840 3450 non
1853 3425 1988 3453 conferam
2009 3428 2090 3454 vitam
2109 3432 2188 3462 atque

0 3474 5 3485 ,
37 3457 157 3486 cedmem
168 3456 322 3487 conferant,
337 3455 437 3482 sumina
450 3464 512 3482 cura
523 3456 614 3484 tuendi
626 3458 693 3484 sunt.
765 3457 856 3484 Pacem
869 3458 1008 3491 conferre,
1028 3459 1081 3485 vid.

1 3521 12 3528 ..
37 3500 55 3522 Ρ
64 3499 87 3530 Α
95 3496 132 3520 x.·
147 3513 149 3516 ⁴
182 3491 327 3529 ,Permulta
339 3491 368 3517 in
382 3490 510 3526 aliquem,
527 3493 600 3527 *quae
611 3493 645 3519 ab
659 3502 692 3520 eo
703 3501 840 3528 nunquam
855 3492 926 3520 dieta
936 3494 1005 3527 sunt,
1019 3503 1081 3520 con-

0 3527 11 3547 ’-’
36 3527 185 3556 ferre'Cic.
199 3536 249 3564 pro
263 3527 348 3554 Plane.
364 3534 400 3560 35.
427 3529 446 3553 i.
467 3526 506 3554 illi
523 3527 644 3561 tribuere,
663 3531 794 3564 imputare.
865 3527 938 3556 Effici
954 3531 1023 3564 poffe
1042 3538 1081 3556 ar-

0 3564 3 3583 *
38 3563 132 3595 bin-ati
146 3563 219 3598 sunt,
238 3563 256 3590 si
275 3570 301 3590 et
322 3563 456 3598 principes
476 3562 549 3589 illius
570 3563 672 3591 ordinis
685 3565 808 3592 Pecunias
828 3565 993 3592 contulissent
1010 3566 1080 3600 Nep.

0 3599 9 3619 Δ
37 3607 80 3634 ²32
93 3604 118 3632 82
131 3607 153 3631 3·

0 3636 13 3673 ⁸.
37 3634 97 3669 liti,
117 3633 203 3670 parati
219 3634 278 3662 sunt
296 3635 324 3661 in
337 3643 402 3670 opus
416 3634 516 3661 balinei
527 3635 665 3667 conferre,
681 3634 788 3670 ΙΙὶιᾶιτιιιίί
800 3636 950 3663 Pecuniam.
1023 3637 1079 3665 Cic.

0 3675 5 3682 ¹
37 3669 92 3699 Off.
105 3678 130 3704 3,
143 3677 174 3703 93
197 3668 256 3696 Nifi
266 3670 338 3702 sorte
353 3679 411 3698 eam
426 3671 566 3697 Pecuniam
579 3669 739 3704 inReipubl.
751 3678 878 3706 magnum
892 3671 1001 3708 aliquod
1015 3679 1080 3699 tein-

0 3716 2 3723 ·
37 3714 87 3742 pus
98 3703 257 3738 contulerit,
279 3708 299 3732 ι’.
312 3707 455 3743 νςῙενυανίτ.
527 3706 609 3732 Plaut.
622 3707 704 3732 Merc.
718 3713 740 3739 5,
754 3715 780 3739 2,
791 3715 822 3739 4¹
843 3707 868 3734 Ο
882 3707 1006 3740 Charine,
1019 3717 1079 3736 con-

0 3742 14 3760 ’-
37 3748 79 3769 tra
92 3741 192 3777 pariter
209 3739 251 3767 fer
269 3741 394 3776 gradum,
413 3748 440 3770 et
457 3741 551 3769 confer
562 3741 674 3775 Pedem,
699 3744 716 3767 i.
737 3741 822 3768 accede
835 3746 951 3778 propius.
1022 3745 1079 3772 Cic.

0 3782 9 3798 ⁶⁴
37 3785 88 3813 pro
100 3776 228 3809 Plane.48
250 3775 314 3804 Non
325 3779 424 3812 pofliim
438 3779 520 3814 magis
533 3778 626 3805 Pedem
641 3778 774 3810 conferre,
791 3780 839 3810 (vt
851 3778 942 3810 aiunt)
960 3786 1006 3806 aut
1019 3788 1079 3814 pro-
1086 3781 1245 3809 iooi-*aciem
1264 3780 1387 3806 conferre
1406 3779 1517 3807 duarum
1537 3786 1564 3807 et
1580 3781 1671 3808 Mores
1690 3780 1772 3808 Ouid.
1787 3781 1851 3806 Met.
1864 3787 1891 3814 7,
1905 3781 1965 3812 696.

0 3808 12 3855 ζ’
37 3813 99 3849 pius
118 3810 249 3839 accedere.
295 3811 472 3853 quid'taces3
502 3814 566 3849 quid
587 3813 751 3841 dissimulas?
779 3813 844 3848 quid
870 3815 1080 3850 tergiuersaris3

38 3849 134 3884 Nempe
145 3845 240 3874 Pedem
251 3847 374 3876 conferre
388 3849 506 3877 dicuntur
520 3851 654 3883 Oratores,
675 3859 749 3886 quum
765 3855 911 3886 argumenta
924 3850 1077 3886 aduersario-

35 3892 91 3912 rum
103 3881 237 3919 confutare
250 3883 438 3920 agg-redimitur.
472 3885 582 3920 Qine‘t.
597 3894 620 3920 5,
634 3894 669 3918 13,
685 3894 709 3912 ιι
735 3885 808 3912 Tam
827 3884 936 3912 molesta
955 3886 1028 3918 sunt,
1047 3893 1077 3914 vt

28 3917 133 3952 'Pedem
151 3917 272 3945 conferre
289 3927 350 3947 cum
362 3919 470 3955 singulis
484 3931 539 3949 non
552 3921 681 3957 expediat.
739 3921 902 3955 Allegoriani
919 3928 994 3948 vocat
1011 3922 1076 3949 hanc

31 3954 170 3993 formulam
182 3953 364 4017 τὲαιιβιιεαηι
377 3956 528 3995 usurpator,
541 3963 565 3992 ς,
579 3960 606 3991 6,
619 3965 655 3992 ςι.

208 3598 288 3626 run.
303 3599 382 3634 Epist.
400 3608 437 3631 10,
450 3607 479 3631 23
499 3598 601 3625 Deinde
615 3608 694 3634 quain
709 3600 756 3635 ipsi
768 3609 880 3635 erogare
893 3599 921 3627 in
936 3601 1026 3628 oleum
1042 3602 1080 3627 so·
1095 3607 1128 3634 95
1144 3602 1302 3629 conferenda
1320 3602 1376 3629 Cic.
1391 3602 1474 3628 Tusc.
1491 3608 1514 3633 5,
1528 3609 1553 3627 2.

719 3957 854 3984 Columel.
870 3965 890 3989 i,
904 3965 917 3989 5
935 3958 1013 3991 Qiae
1025 3958 1073 3986 nisi
1083 3965 1129 3992 ιος
1137 3960 1194 3986 Cic.
1206 3967 1256 3994 pro
1270 3957 1341 3985 Sulla
1353 3965 1395 3994 72.

1143 3458 1351 3486 aestimationem
1364 3464 1437 3485 tuam
1449 3467 1509 3484 cum
1522 3458 1597 3485 illius
1611 3459 1794 3492 (nequeenim
1803 3459 1838 3486 est
1846 3461 2023 3493 conferenda)
2037 3462 2087 3489 hoc
2101 3463 2188 3496 ipsum
2201 3467 2205 3470 ’

1143 3494 1292 3527 conferam,
1312 3501 1403 3530 quotu
1416 3500 1441 3520 te
1455 3494 1617 3528 superiorem
1631 3493 1717 3528 fingis.
1791 3496 1846 3522 Alii
1860 3505 1893 3524 ne
1906 3498 2020 3525 minima
2033 3497 2141 3532 quidem
2155 3507 2186 3525 ex

1143 3535 1216 3564 parte
1234 3530 1389 3558 conferendi
1407 3530 1468 3556 aliis
1491 3529 1547 3556 Cic.
1561 3529 1614 3556 Off.
1627 3538 1648 3562 1,
1663 3531 1706 3564 76.
1768 3531 1827 3559 >Illa
1848 3542 1915 3568 quae
1928 3539 2086 3560 natura'non
2098 3533 2184 3560 literis

1143 3565 1246 3599 assecuti
1258 3568 1316 3594 sunt
1329 3566 1443 3592 Romani
1452 3585 1460 3598 ‚
1480 3573 1566 3600 neque
1581 3574 1642 3592 cuin
1655 3566 1781 3599 Graecia,
1801 3577 1887 3603 neque
1898 3569 1950 3595 vlla
1963 3577 2021 3594 cum
2036 3575 2112 3603 gente
2127 3569 2186 3597 sunt

1624 3601 1733 3636 Ingenia
1752 3603 1866 3638 ingeniis
1890 3604 1946 3631 Sen.
1959 3605 2050 3630 Contr.
2065 3612 2092 3636 33
2100 3604 2184 3642 fiibf.

1143 3637 1174 3663 Se
1205 3638 1326 3665 laudibus
1355 3637 1463 3664 alterius
1483 3635 1592 3663 Phaedr.
1607 3646 1636 3671 4,
1649 3646 1689 3670 23,
1702 3647 1724 3671 3.
1796 3641 1830 3666 Vt
1853 3648 1912 3666 cum
1931 3639 2056 3665 maximis
2072 3641 2185 3668 minima

1141 3674 1278 3701 conferam
1298 3673 1355 3700 Cic.
1370 3672 1403 3699 de
1415 3678 1470 3707 opt.
1485 3680 1542 3706 gen.
1556 3673 1632 3700 Orat.
1647 3683 1669 3700 c.
1685 3676 1711 3701 6.
1780 3674 1819 3702 Id.
1835 3675 1910 3700 Verr.
1927 3683 1962 3707 4,
1975 3682 2015 3700 12¹
2039 3675 2087 3701 Sed
2100 3682 2129 3703 vt
2141 3685 2186 3711 pa-

1139 3717 1197 3736 ·cem
1210 3719 1269 3737 curn
1283 3708 1374 3740 bello,
1394 3708 1462 3743 leges
1476 3716 1536 3735 cuin
1549 3709 1594 3742 vi,
1613 3709 1706 3737 forum
1720 3715 1745 3737 et
1757 3709 1970 3737 iurisdietionem
1984 3718 2044 3736 cum
2063 3710 2137 3738 ferro
2157 3717 2184 3739 et

1140 3746 1237 3778 armis,
1257 3751 1283 3772 et
1296 3744 1438 3771 aduentum
1451 3750 1478 3770 et
1490 3744 1646 3772 comitatum
1659 3754 1720 3772 cum
1734 3745 1851 3772 exercitu
1862 3750 1888 3770 et
1901 3744 2018 3772 victoria
2030 3747 2182 3774 conferatis.

2003 3790 2007 3791 ⁷
2036 3782 2181 3810 Praesentia

1139 3816 1290 3851 praeteritis
1309 3815 1413 3842 Lucret.
1424 3824 1448 3847 2,
1464 3817 1531 3842 1166.
1603 3817 1634 3843 Se
1647 3817 1771 3844 conferre
1782 3814 1936 3842 nominibus
1949 3816 2068 3850 magnis,
2085 3821 2105 3844 i.
2127 3827 2181 3844 cum

1136 3856 1205 3886 viris
1216 3854 1316 3888 magnis
1331 3851 1412 3877 Ouid.
1427 3860 1458 3878 ex
1472 3852 1547 3878 Pont.
1561 3861 1582 3884 ι,
1595 3861 1616 3884 i,
1630 3860 1670 3886 25.
1742 3851 1808 3877 Plin.
1823 3855 1846 3883 8,
1858 3852 1885 3882 6,
1899 3858 1916 3877 2
1932 3850 2079 3883 Conferant
2091 3853 2117 3879 se
2135 3866 2179 3872 --

1139 3888 1276 3917 Africani,
1304 3885 1428 3920 Achaici,
1446 3887 1609 3915 Numantini
1643 3903 1688 3908 ——
1722 3886 1803 3913 Marii
1822 3885 1921 3917 Sullae,
1945 3887 2065 3922 Pompeii
2099 3900 2144 3907 -—

1138 3924 1209 3950 infra
1233 3922 1356 3949 Pallantis
1375 3922 1464 3950 laudes
1486 3923 1618 3950 iacebunt.
1689 3922 1778 3948 Vitam
1797 3920 1908 3947 alicuius
1925 3930 1985 3948 eum
2000 3922 2109 3949 alterius
2122 3921 2177 3947 vita

1465 3959 1557 3987 Vitam
1574 3959 1644 3986 inter
1657 3958 1683 3984 se
1696 3957 1834 3991 vti-iusque
1858 3955 1897 3984 Id.
1910 3966 1960 3991 pro
1973 3958 2048 3984 Rosc.
2064 3957 2140 3983 Com.
2154 3965 2175 3982 c.
