2474 4182
263 155 370 194 351·
669 138 707 173 Α
768 131 812 168 Ν
875 129 889 166 I
1759 127 1800 166 A
1877 127 1921 164 N
1999 126 2016 165 l
2344 142 2438 187 352¹

264 232 365 258 Horret
377 228 480 257 animus
492 223 637 253 meminisse
655 220 727 252 Virg.
743 218 807 243 Aen.
821 225 835 242 2
847 235 855 248 ,
880 224 915 256 ,¹²¹
952 215 1086 242 Imbibere
1100 216 1192 242 animo
1204 215 1310 249 opinio·
1362 213 1472 248 Quinc‘t.
1489 223 1508 246 ι,
1523 222 1545 246 3,
1561 216 1596 241 16.
1633 215 1728 241 Horat.
1742 213 1820 249 Epist.
1835 222 1856 246 1,
1870 222 1895 245 2,
1911 216 1944 240 62
1964 214 2006 247 Ira
2019 213 2096 241 furor
2110 214 2200 243 breuis
2213 216 2249 242 est
2263 225 2269 242 ς
2291 216 2406 247 animum
2436 237 2438 242 ,

263 275 334 293 nem.
407 263 528 290 lmbuere
541 261 641 287 animos
655 262 755 280 errore.
808 252 1058 290 Imminere-animis
1071 252 1099 277 in
1111 261 1167 278 reni
1182 251 1308 285 aliquam.
1364 258 1440 284 rege3
1469 250 1515 284 qui
1529 250 1576 276 nifl
1593 258 1682 284 paret,
1695 252 1823 285 Imperat:
1843 250 1912 276 hunc
1927 249 2025 282 frenes,
2038 249 2108 276 hunc
2121 257 2150 277 tu
2163 253 2296 287 compesce
2309 258 2405 282 catena·

264 301 404 337 Impellere
418 300 521 326 animm
535 298 561 322 in
574 295 644 327 spem
658 297 828 323 metumque,
863 286 957 320 υἱώ-Π.
972 288 997 313 tl.
1035 288 1177 322 impellunt
1190 295 1309 312 animum
1364 288 1466 319 Regere
1481 284 1559 310 dietis
1573 286 1667 321 Virgil.
1682 288 1745 313 Aen.
1760 296 1786 318 1,
1804 294 1852 319 153,
1922 286 2050 312 Releuafe
2070 286 2137 312 Ter·
2153 287 2263 323 Adelph-
2279 284 2313 319 4.
2333 295 2362 320 3,
2376 297 2406 316 m

266 339 420 372 frequenter
434 343 487 360 vno
501 332 554 358 iCtu
568 326 711 354 sententiae
732 324 842 358 Qtine't.
858 332 898 356 12,
920 331 964 355 lo,
985 328 1027 356 48.
1070 325 1203 357 Imperare
1218 323 1309 348 animo
1365 322 1520 355 Reliquerat
1535 321 1636 347 animus
1652 322 1717 348 hanc
1732 321 1830 354 modo,
1846 325 1864 348 ι’,
1879 321 2002 357 defice-rat
2016 320 2098 347 Plaut,
2114 322 2173 347 Mil.
2188 332 2214 358 4,
2229 329 2252 354 8,
2266 331 2305 356 37-
2360 324 2406 351 RO-

267 381 371 408 nequeo
381 391 389 403 ,
424 369 475 396 uid.
497 374 539 392 ΙΜ
550 373 564 390 1*
575 371 590 389 E
600 370 619 389 R
629 369 658 388 O·
694 362 806 395 Implere
822 359 891 386 veris
904 359 1031 389 animum,
1052 359 1170 394 vatis-fiii
1178 358 1266 393 Apollo
1274 358 1310 382 di·
1330 364 1343 390 5
1366 357 1473 384 stituere
1492 358 1610 382 animum
1631 357 1688 384 Sen.
1702 358 1813 392 Hippol.
1826 360 1884 392 867.
1924 357 1980 384 Cic.
1988 358 2065 383 Verr.
2075 357 2167 383 Diuin.
2182 358 2210 384 in
2220 354 2331 390 Cam-,33
2351 368 2371 385 ς,
2384 363 2407 388 η

266 413 334 436 citur
356 407 428 439 virg.
444 405 507 429 Acn.
523 409 534 432 3
549 420 556 431 ‚
576 407 637 431 434.
690 396 858 431 Imprimitur
871 395 961 422 animo
970 395 1069 426 oratio,
1089 395 1143 420 vid.
1160 401 1309 420 menmiu-
1366 395 1429 420 Sunt
1450 392 1500 418 alia
1522 392 1604 426 magis
1625 393 1727 419 occulta
1745 394 1835 425 furta,
1855 401 1922 428 quae
1944 393 2008 425 ille,
2028 400 2057 418 vt
2077 392 2151 418 istius
2173 394 2288 425 (credo)
2308 393 2407 422 animos
2452 408 2458 411 -

266 443 399 470 incaluere
413 437 495 466 animi
517 434 599 462 Ouid.
614 434 678 460 Met.
692 442 724 465 2,
746 438 787 467 87.
831 431 975 458 Incendere
987 431 1106 456 animum
1121 438 1211 456 amore
1226 429 1312 455 famae
1368 436 1448 463 atque
1468 428 1582 462 impetus
1600 428 1760 462 retardaret,
1780 439 1840 456 cum
1861 428 2007 462 Quaestore
2027 429 2075 454 suo
2094 427 2274 463 benignissime
2294 437 2408 457 commu„
2434 435 2437 445 ι

268 480 341 512 Virg.
358 478 420 502 Aen.
436 476 468 505 6,
487 477 546 504 890.
588 469 730 496 Incendere
745 468 847 495 animos
863 467 1005 493 bonorum.
1048 466 1178 492 inclinare
1193 465 1311 491 animum
1366 464 1476 492 nicauit.
1550 464 1682 489 Reuocate
1701 465 1817 497 animos,
1841 465 2024 499 moestumque
2044 464 2172 491 timorem
2191 464 2290 490 mittite
2313 464 2407 500 Virgil‘.

265 515 298 541 ad
313 522 367 539 rem
380 511 506 544 aliquam.
557 505 713 533 Inclinatior
728 505 759 531 ad
774 513 861 539 pacem
876 503 988 529 animus.
1061 501 1193 527 Inculcare
1207 501 1311 527 animis.
1368 503 1432 527 Aen,
1454 508 1480 531 t,
1502 507 1562 525 202.
1640 500 1774 526 Rcuocare
1796 510 1808 526 a
1833 508 1905 527 metu
1927 501 2029 527 animos
2049 501 2206 534 perterritos
2227 499 2357 532 Qiinffil.
2377 510 2409 535 2,

266 547 390 582 Indipisci
407 545 514 574 anime,
549 542 603 568 vni.
617 542 657 568 hh.
672 551 715 567 υυ.
752 543 922 574 Qianiquam
937 537 1021 564 inuita
1036 542 1060 562 te
1075 537 1180 569 carebo,
1194 537 1312 562 animum
1327 545 1355 563 10
1371 540 1415 569 16,
1436 541 1458 566 8.
1531 535 1666 561 Reuocare
1683 535 1715 561 ab
1736 536 1776 562 ira
1802 536 1882 563 Ouid.
1904 536 1989 563 Trist.
2010 545 2041 568 2,
2062 543 2117 570 557.
2186 536 2293 561 Saeuire
2317 536 2409 565 animi..

265 593 315 617 ²80
329 581 452 609 [ndssfflm
470 584 603 611 ‘amenss't
616 586 661 604 ‘'s‘'-
679 577 759 603 Plfflst·
775 576 837 602 Cist·
856 584 914 607 ΞΛ,
935 583 955 605 3-
997 573 1066 612 TU]-
1080 572 1162 599 Andr·
1176 581 1206 611 3⁷.
1227 581 1255 604 Ξ,
1276 581 1313 604 40
1368 574 1425 599 Sen.
1442 571 1520 597 Herc.
1542 570 1634 610 fur36.
1693 571 1781 610 *Sedet
1801 572 1892 598 aninlo
1913 572 1997 598 fixum
2016 572 2213 606 immotumque
2232 570 2328 605 Virgil.
2345 572 2408 601 Aen,
2431 570 2471 615 ’,νχ

264 620 291 646 Si
304 618 368 645 istuc
382 617 501 644 animum
517 615 623 642 induxti
637 614 684 639 efl'c
700 613 774 639 vtile.
811 613 835 637 h.
850 621 869 636 c.
892 607 1139 644 St'ttbipe›;s11asfii.
1176 609 1313 634 Cic.l⁴'ain.
1369 618 1404 642 4,
1427 615 1460 640 15·
1533 606 1638 632 Seruire
1657 614 1747 632 animo
1766 607 1848 633 Plaut.
1862 608 1945 634 Trin.
1966 617 1996 640 2,
2018 617 2048 639 2,
2071 609 2113 633 26.
2184 606 2269 633 solari
2295 606 2409 636 animum
2433 615 2436 640 ᾖ
2461 629 2464 634 ,

265 666 300 690 4,
321 659 334 684 8
355 654 403 680 Tu
415 660 522 688 quoque
534 651 653 677 animum
668 648 792 680 inducas,
811 647 829 673 fi
850 646 880 672 lit
899 646 988 679 aliqua
1008 645 1083 679 Resp.
1107 645 1136 670 in
1155 652 1184 670 ea
1219 650 1243 669 te
1265 643 1314 668 effe
1370 642 1484 670 dolentis
1502 642 1558 668 Sen.
1574 641 1668 667 oetan.
1684 650 1723 674 52.
1794 642 1932 671 Solicitare
1952 644 2019 670 Cels.
2036 653 2059 676 3,
2073 652 2113 669 22.
2187 643 2294 669 Soluere
2311 641 2410 672 arGtum
2458 639 2466 650 ⁷

264 696 400 725 oportere.
438 687 508 715 Add.
521 687 590 713 Ter.
605 687 669 712 Hec.
686 693 738 717 2‚3,
752 695 778 717 4.
815 682 896 708 Plaut.
914 683 982 720 Aim.
1005 688 1032 712 5,
1053 690 1079 712 1,
1104 689 1125 713 5.
1162 686 1185 705 et
1199 678 1279 705 Stich.
1289 687 1314 710 2,
1370 680 1490 705 animum
1510 677 1632 712 hospitiis
1653 678 1746 703 Horat.
1763 677 1845 705 Serm.
1860 688 1886 712 2,
1900 683 1926 712 6,
1940 686 1976 712 83.
2050 680 2176 713 Spernere
2192 679 2283 704 animo
2297 677 2410 713 aliquem*
2427 695 2429 701 .

264 735 298 758 2,
320 734 361 752 22.
398 725 467 752 Ter.
484 722 565 750 Andr.
582 731 608 755 ς,
628 731 661 753 2,
677 730 709 750 ις.
754 719 881 746 inducere
896 725 1014 743 aunuum
1027 722 1131 742 cantare
1150 716 1216 741 Hor.
1233 715 1314 740 Serm.
1330 720 1354 746 ις
1370 714 1467 748 Virgil.
1483 714 1534 740 Ecl.
1550 722 1572 746 3,
1587 721 1631 748 74.
1704 714 1775 739 stare
1789 714 1894 747 animo,
1912 719 1929 742 ι’,
1937 720 2027 751 janum
2040 714 2082 748 ff
2094 718 2175 740 ammo
2188 715 2284 740 Horat.
2298 706 2440 750 Serme-,⁸

265 771 293 794 i,
313 771 341 794 3,
361 770 385 788 2.
427 760 556 787 Inducere
571 759 598 785 in
611 758 733 795 animum.
749 756 816 781 Ter.
831 753 906 780 Adel.
921 763 938 786 4
948 772 955 783 ,
974 761 986 784 3
996 771 1003 783 ,
1025 754 1049 777 6.
1105 751 1244 789 Indulgere
1259 749 1315 775 ani·
1370 759 1394 783 3,
1407 758 1461 790 ,²¹3⁶
1517 750 1635 789 Statuere
1650 749 1718 789 apud
1732 749 1868 783 animum,
1887 757 1976 778 vtrum
1990 758 2035 777 etc.
2051 750 2111 777 Liu.
2126 759 2168 783 34,
2182 758 2207 776 2.
2262 749 2430 789 Stimulatujssp

265 797 316 824 mis
337 796 418 824 Ouid.
433 797 498 822 Met.
514 803 546 829 7,
567 796 624 827 566.
646 792 674 818 de
687 792 824 828 tastum-ata
838 787 1026 825 inpestnemza.
1069 787 1181 812 Induere
1195 794 1315 815 animum
1369 794 1473 813 animus
1486 785 1587 811 furenti
1600 784 1673 811 rabie
1687 784 1784 811 Catull.
1798 787 1838 818 61,
1851 794 1878 819 4.
1934 787 1999 813 Non
2019 786 2152 813 Subibunt
2168 786 2271 812 animos
2284 786 2375 812 iuueni
2420 799 2437 828 3

265 833 343 860 bonis
357 832 458 859 artibus
478 831 570 858 Tacit.
585 830 652 856 Ann.
671 837 711 860 ις,
729 835 769 859 45.
850 825 964 851 Induere
988 832 1112 856 magnum
1136 822 1255 847 animum
1276 819 1314 846 Id.
1370 822 1474 848 maiora
1495 820 1647 853 intellectu,
1674 821 1748 847 velut
1767 829 1860 855 parum
1880 830 1984 856 apertos
2016 821 2148 856 Quinctil.
2164 830 2184 853 1,
2199 830 2224 853 z,
2239 826 2276 851 28.
2345 821 2416 848 Hoa

265 871 332 895 Ann-
348 878 385 900 Η,
407 877 432 902 7-
470 867 601 893 lnffflfflre
614 865 733 890 animum
749 871 817 889 V3¹¹0
831 862 929 887 ‘fluore
950 859 1031 885 ΘΗΜ·
1049 867 1079 883 ‘1
1092 858 1176 883 P0¹110
1190 865 1213 889 3,
1226 859 1252 888 6²
1273 865 1314 888 43-
1371 859 1460 884 Carni.
1475 865 1501 889 2,
1514 866 1532 888 1,
1546 865 1581 890 24
1601 857 1631 882 Et
1650 856 1743 883 cunei..
1762 864 1895 883 terrarum
1910 857 2015 884 suba&a
2036 860 2141 884 Praeter
2159 864 2276 884 ati-ocem
2295 856 2366 883 anim
2392 872 2394 881 ι
2410 871 2412 876 -
2428 846 2438 877 J
2460 855 2468 869 ²

264 905 390 932 Infestare
404 903 481 930 rudes
495 903 598 929 animos
611 899 811 935 superstitione,
849 897 901 922 vid.
921 903 928 920 1
941 902 960 920 N
972 901 987 920 F
998 901 1034 919 Es
1045 900 1066 919 'r
1077 901 1096 919 v
1106 901 1144 932 s..
1202 892 1314 926 infigere
1327 903 1361 921 20
1371 893 1489 920 Catonis.
1561 892 1721 919 Submittere
1735 893 1837 919 animos
1853 893 1912 919 Liu.
1928 896 1955 925 6,
1967 902 2008 927 34.
2032 897 2061 920 it.
2076 903 2114 925 23.
2130 902 2169 926 25.
2237 893 2345 919 Sumere
2359 900 2373 919 a
2397 890 2403 901 ²
2421 892 2435 924 l
2456 888 2469 915 ⁸.

264 941 361 967 animis
383 939 515 973 Qtinetil.
532 948 557 969 ι,
578 943 608 969 8,
630 945 667 971 ιγ.
704 944 736 969 9,
758 945 792 967 4,
815 942 866 964 134.
922 931 1087 967 Inflammare
1103 937 1222 968 animum
1235 929 1316 967 alicu·
1371 939 1444 956 mum
1458 928 1539 955 Ouid.
1555 927 1620 954 Fast.
1636 937 1662 961 1,
1678 936 1735 963 147.
1791 929 1908 955 Parentis
1928 937 1989 963 erga
2007 929 2147 964 discipulos
2161 927 2293 961 Quinctil.
2305 937 2331 960 2,
2347 936 2373 961 2,
2400 945 2413 962 .‘
2425 908 2437 947 l
2463 938 2474 948 κ

265 977 314 1003 ius.
373 977 449 1003 Intlat
462 975 564 1002 animos
578 981 672 999 rumor
682 991 689 1002 ,
726 970 778 996 vul.
799 969 839 994 hh.
856 975 897 993 vv.
968 966 1106 991 lndectere
1119 973 1238 991 animum
1259 965 1316 990 Cic.
1372 965 1470 992 Iudicis
1487 964 1560 990 Idem
1574 972 1599 996 9,
1613 973 1638 996 2,
1653 969 1675 994 8.
1748 964 1855 991 Sumere
1873 964 2031 999 obsequium
2049 965 2140 991 animo
2157 965 2220 996 suo,
2239 964 2293 991 vid.
2311 970 2330 990 0
2341 970 2378 991 138
2392 951 2441 995 3ζὼ
2456 949 2474 1010 l

266 1014 338 1040 Fam.
372 1021 398 1044 1,
421 1019 447 1046 7.
521 1011 633 1036 lniluere
668 1007 696 1032 in
731 1005 842 1031 animos.
919 1001 1080 1027 lnformatus
1112 1001 1216 1026 animus
1249 999 1316 1026 bene
1372 1008 1422 1041 ἣν
1433 1009 1441 1027 ι
1451 1008 1471 1027 v
1482 1007 1515 1026 M.
1563 1000 1714 1027 Surrexerat
1729 1000 1844 1026 intentio
1859 1000 1964 1026 animis.
1991 1001 2119 1028 Laudatur
2134 999 2244 1034 Quintil.
2259 1009 2288 1033 4,
2301 1007 2323 1032 5.
2382 1000 2388 1005 ·
2414 995 2437 1018 ³:
2471 1022 2474 1027 ι

265 1057 280 1075 ³
310 1054 411 1074 flatura·
485 1046 635 1078 Infl'lssgel‘e
660 1042 763 1068 ³¹¹i¹¹¹05
784 1059 792 1071 2
828 1037 881 1064 '‘³131-
901 1036 940 1077 [Γ.
960 1036 986 1062 ll·
1042 1072 1047 1076 .
1083 1036 1228 1063 Infundere
1260 1036 1316 1061 ani·
1372 1058 1378 1063 .
1418 1056 1424 1062 .
1463 1056 1469 1062 .
1506 1034 1602 1062 Videte
1622 1045 1701 1070 quem
1715 1036 1793 1062 vobis
1814 1036 1934 1062 animum
1946 1036 2259 1071 suscipiendumputetis.
2309 1035 2387 1070 Susp-
2414 1040 2423 1067 »j
2459 1053 2464 1065 .

265 1093 323 1111 mos
343 1083 425 1110 Ouid.
439 1083 503 1108 Met.
518 1090 543 1113 r,
565 1084 622 1113 364.
667 1076 801 1103 Inhabitat
816 1074 919 1101 animus
934 1082 961 1099 in
977 1071 1070 1112 oculis.
1125 1072 1272 1099 Inscribere
1288 1072 1316 1098 in
1328 1078 1358 1102 25
1372 1073 1433 1099 dere
1453 1072 1555 1099 animos
1574 1078 1695 1105 rogantes
1718 1071 1780 1098 fieta
1797 1073 1927 1107 grauitate
1946 1071 2029 1098 Ouid.
2045 1073 2109 1098 Met.
2125 1080 2158 1106 7,
2178 1077 2232 1104 308.
2288 1071 2369 1098 Anim

263 1121 355 1147 animo
369 1119 529 1146 orationem.
575 1114 733 1147 Insculptum
749 1111 889 1138 inanimo.
932 1108 1047 1136 Inlidere
1059 1108 1201 1148 inanimo.
1255 1108 1317 1133 Iiu‘i-
1373 1109 1420 1143 qui
1440 1108 1468 1134 in
1487 1107 1581 1134 ardore
1600 1116 1700 1142 pugnae
1723 1116 1818 1142 corpus
1839 1108 2047 1140 Sustentauerat,
2069 1107 2149 1142 liquit
2179 1109 2254 1134 Curt.
2275 1112 2306 1139 8,
2327 1115 2359 1139 2,
2397 1117 2419 1144 md

264 1165 346 1182 nuare
360 1155 477 1189 aliquem
491 1154 582 1180 animo
597 1150 713 1177 alterius.
764 1146 890 1173 insistere
910 1151 998 1171 mente
1012 1151 1038 1170 et
1051 1153 1142 1171 animo
1156 1145 1185 1171 in
1199 1152 1255 1170 rem
1270 1144 1317 1169 ali·
1371 1145 1475 1178 Tangit
1489 1143 1576 1169 honor
1591 1144 1710 1170 animum
1724 1144 1821 1178 Virgil.
1836 1145 1902 1171 Aen.
1916 1153 1951 1176 12,
1965 1149 2002 1177 58.
2056 1143 2164 1170 Tenere
2184 1144 2286 1170 animos
2303 1143 2376 1171 incer
2393 1160 2397 1165 -
2412 1147 2421 1168 t

2460 1103 2466 1115 1

265 1201 354 1227 quani.
391 1190 500 1217 Insitum
514 1195 540 1215 et
555 1188 674 1214 innatum
687 1183 793 1223 animis.
849 1181 996 1207 Instaurare
1008 1180 1144 1212 animum,
1181 1177 1276 1212 wdff.
1291 1180 1316 1205 ll.
1371 1180 1429 1207 Sen.
1450 1179 1562 1211 Thycst.
1585 1182 1640 1211 638.
1719 1179 1831 1206 Tenere
1855 1180 1958 1207 animos
1978 1179 2099 1205 nouitate
2119 1179 2200 1206 Ouid.
2221 1180 2284 1206 Met.
2304 1187 2339 1212 4,
2358 1186 2383 1206 2.
2402 1193 2404 1210 ;

264 1227 403 1254 instituere
418 1226 446 1252 in
459 1225 578 1251 animum
598 1223 670 1254 (ml,
681 1222 800 1260 hanimo)
829 1218 897 1244 Ter.
913 1216 1022 1256 Adelph.
1039 1225 1047 1241 1
1060 1236 1068 1247 ,
1089 1225 1098 1242 1
1108 1236 1116 1247 ‚
1139 1224 1172 1246 ι3.
1229 1216 1317 1254 Inten-
1372 1216 1493 1255 Tentare
1508 1215 1640 1249 precando
1655 1215 1752 1249 Virgil.
1768 1216 1832 1242 Aen.
1847 1225 1881 1250 4,
1896 1225 1941 1248 1¹3-
2012 1215 2133 1242 Terrere
2153 1215 2226 1241 Idem
2238 1215 2303 1242 Aen.
2319 1223 2350 1247 2,
2363 1223 2410 1250 7,·

264 1263 327 1289 dere
339 1263 467 1288 animum.
509 1261 626 1286 Intentus
644 1265 747 1283 animus
761 1263 823 1281 cura
837 1261 862 1279 et
875 1259 1048 1286 cogitatione.
1106 1253 1212 1277 Intento
1226 1259 1317 1277 animo
1328 1257 1359 1280 3ο
1371 1251 1538 1278 Territum-e
1557 1251 1595 1277 ld,
1616 1252 1681 1277 Aen,
1698 1261 1732 1285 4,
1754 1259 1806 1277 ΖΚ).
1877 1251 1992 1278 Tollere
2011 1251 2130 1282 animos,
2150 1253 2169 1277 i.
2184 1251 2314 1288 fitperbire
2333 1250 2378 1278 Pla

264 1299 369 1329 intueri,
379 1297 526 1332 quidpiam.
570 1292 666 1320 Inualit
682 1293 709 1318 in
723 1291 852 1317 animum.
907 1289 1023 1314 lnuitai‘e
1039 1287 1142 1326 animos
1157 1287 1223 1312 visu.
1277 1287 1318 1325 Ir-
1372 1288 1458 1314 Truc.
1472 1296 1503 1319 2,
1517 1292 1545 1318 8,
1561 1295 1597 1313 10.
1656 1287 1770 1313 Tollere
1791 1285 1869 1313 dicffis
1882 1287 1977 1322 Virgil.
1992 1287 2058 1313 Aen.
2072 1295 2104 1320 9,
2120 1294 2174 1321 127.
2195 1289 2213 1313 i.
2228 1289 2337 1313 excitare
2348 1280 2388 1322 s
2403 1302 2406 1306 .

264 1340 391 1368 rumpunt
406 1334 434 1359 in
446 1332 548 1359 animos
561 1329 722 1356 extrinsecus
731 1326 867 1360 imagines.
904 1325 1023 1350 iudicare
1031 1323 1186 1362 animosuo,
1196 1320 1317 1355 vid.ss.ll.
1373 1324 1468 1350 Horat.
1483 1322 1562 1357 Epist.
1578 1332 1597 1354 ι,
1611 1324 1637 1355 6,
1653 1331 1683 1355 14
1709 1322 1809 1349 Defixis
1828 1323 1929 1355 oculis,
1950 1323 2093 1358 animoque
2113 1329 2138 1349 et
2153 1331 2265 1357 corpore
2276 1316 2407 1358 ῐοῑρρι,,’
2425 1325 2427 1329 ’

262 1370 393 1405 Inspirare
408 1369 526 1395 animum
545 1367 620 1400 Virg.
635 1365 699 1391 Aen.
713 1365 747 1395 6,
768 1371 804 1388 12.
859 1359 1000 1386 Instaurati
1011 1367 1096 1385 amnti
1119 1359 1195 1398 Virg.
1210 1361 1275 1384 Aen.
1290 1366 1317 1390 2,
1363 1357 1467 1394 stupora-
1486 1359 1552 1385 hebet
1570 1366 1591 1384 ct
1611 1358 1703 1394 deficit.
1760 1358 1903 1386 Tremere
1913 1359 2005 1385 animo
2025 1361 2080 1386 Cic.
2097 1360 2131 1392 Q.
2146 1359 2230 1385 Fratr.
2248 1366 2269 1390 ι,
2285 1367 2304 1384 1.
2357 1358 2397 1386 T

262 1414 317 1439 45¹-
355 1405 494 1432 Instituere
507 1402 539 1430 ad
551 1400 722 1436 cogitandum
732 1399 811 1433 ,Teia
827 1396 933 1423 Phorm.
953 1405 978 1436 ι,
1000 1404 1028 1428 5,
1052 1402 1089 1421 10.
1126 1395 1218 1434 Tacit.
1227 1394 1315 1428 Agric.
1372 1404 1445 1422 mere
1463 1394 1559 1420 animis
1583 1394 1641 1420 Sen.
1656 1393 1761 1421 Troad.
1777 1397 1851 1427 1096.
1923 1394 2052 1421 Turbare
2069 1395 2173 1421 animos
2192 1393 2290 1428 Virgil.
2304 1388 2376 1421 Aen.v
2396 1380 2427 1427 5⁴}

264 1447 289 1472 18
311 1442 420 1468 Monam
434 1439 545 1467 insulam
558 1437 679 1472 redigere
699 1436 728 1461 in
749 1433 904 1469 potestatem
920 1440 1010 1458 animo
1031 1429 1157 1457 Intendit.
1230 1431 1318 1456 Inten-
1332 1434 1421 1464 35515.
1458 1430 1514 1457 Cic.
1529 1431 1601 1456 Fam.
1616 1437 1647 1464 7,
1667 1439 1675 1456 ι
1701 1430 1745 1456 Sin
1758 1429 1839 1462 haec,
1860 1439 1927 1465 quae
1948 1431 2045 1457 caeteri
2063 1431 2212 1463 mirantur,
2228 1430 2419 1456 contemnas-i

264 1477 326 1504 dere
340 1478 459 1503 animum
475 1474 565 1501 ordini
579 1481 670 1500 rerum
691 1469 823 1504 Quinem.
839 1479 873 1502 4,
894 1476 919 1500 1,
935 1473 975 1502 78.
1034 1466 1174 1492 Intendere
1191 1467 1317 1506 ¹animum
1372 1466 1492 1498 duxisti,
1518 1472 1543 1492 et
1569 1475 1652 1500 quum
1672 1474 1719 1500 per
1739 1465 1919 1493 valetudinem
1943 1467 2025 1501 poss'es
2044 1466 2154 1499 venire,
2181 1473 2269 1493 tamen
2288 1460 2427 1492 noluistv'l

264 1512 356 1540 studiis
372 1519 397 1539 et
411 1512 490 1538 rebus
504 1509 620 1537 honestis
640 1509 707 1534 Hor.
722 1505 801 1540 Epist.
817 1513 842 1536 1,
863 1512 893 1536 2,
915 1507 953 1535 36.
997 1503 1136 1541 Intendere
1154 1511 1273 1528 animum
1288 1502 1317 1527 in
1371 1510 1514 1537 vtrumque
1529 1502 1629 1533 laetor,
1644 1507 1670 1528 et
1684 1501 1737 1528 sine
1754 1501 1848 1528 dolore
1861 1503 1981 1537 corporis
1996 1509 2022 1530 te
2034 1502 2127 1535 fuisse,
2147 1508 2174 1529 et
2191 1502 2283 1529 animo
2295 1501 2372 1528 Valu'
2382 1493 2426 1525 ⁵9¹

263 1558 323 1576 rein
337 1549 455 1583 aliquam
476 1544 609 1579 Qiinelil.
623 1552 652 1575 3,
673 1545 705 1575 6,
727 1550 757 1568 ιι.
795 1549 828 1573 9,
850 1548 880 1579 25,
901 1542 930 1571 63
951 1545 996 1564 etc.
1021 1538 1126 1578 'Tum
1139 1538 1253 1573 Δεύς-,5
1274 1539 1317 1563 In·
1371 1548 1455 1573 quum
1474 1547 1513 1570 ea,
1528 1546 1594 1572 quae
1614 1537 1667 1563 sine
1683 1538 1758 1564 causa
1777 1539 1910 1565 mirantur
1925 1538 1991 1571 alii,
2007 1538 2163 1574 neglexeris.
2232 1537 2343 1564 Versare
2363 1546 2406 1568 au
2423 1533 2426 1546 ¹

264 1585 401 1619 trauitque
414 1583 535 1610 animum
549 1580 674 1607 militaris
688 1578 789 1612 gloriae
804 1574 910 1609 cupido.
949 1611 952 1614 Ι
967 1574 1111 1608 Inuigilant
1135 1576 1225 1600 animo
1240 1582 1317 1600 curae
1371 1583 1446 1600 muni
1463 1574 1492 1599 in
1506 1581 1598 1599 onmes
1611 1579 1696 1607 partes
1710 1574 1808 1608 Virgil.
1822 1575 1887 1600 Aen.
1902 1582 1930 1607 4,
1945 1576 2002 1604 286.
2075 1575 2186 1601 Versare
2204 1573 2308 1608 aliquid
2327 1573 2372 1600 ani
2389 1557 2426 1638 ,132

263 1620 325 1647 Stat.
341 1619 433 1647 Theb.
447 1627 475 1650 3,
496 1629 524 1651 4.
561 1616 676 1642 Inuitarc
691 1613 783 1648 pretiis
798 1613 900 1638 animos
921 1612 995 1645 Virg.
1011 1611 1120 1650 Aen35,
1141 1619 1202 1642 292.
1238 1611 1358 1642 Inue-40
1371 1611 1401 1636 Τ
1403 1610 1463 1636 acit.
1478 1609 1546 1635 Hist.
1561 1617 1583 1641 2,
1598 1614 1640 1643 78.
1712 1611 1822 1636 Vertere
1840 1609 1960 1636 animum
1982 1609 2014 1637 ad
2027 1609 2087 1636 iura
2100 1610 2194 1636 ciuilia
2206 1609 2287 1636 Ouid.
2303 1610 2368 1636 Met.
2383 1618 2392 1635 1

264 1656 301 1682 lat
316 1662 400 1682 truces
413 1655 515 1681 animos
528 1651 625 1686 cupido
646 1650 737 1676 Tacit.
754 1650 821 1674 Ann.
837 1656 862 1679 1,
879 1655 923 1686 49.
948 1682 953 1686 .
977 1647 1102 1672 quancus
1114 1646 1210 1672 animis
1224 1653 1317 1671 natum
1372 1651 1426 1678 832..
1450 1659 1495 1666 —-
1515 1646 1601 1671 Vexat
1614 1644 1717 1672 animos
1729 1654 1801 1672 noua
1817 1645 1952 1680 tempestas
1966 1645 2024 1672 Sen.
2038 1646 2130 1680 Agam.
2143 1648 2182 1678 63.
2213 1645 2313 1672 Videre
2326 1645 2371 1671 ani
2388 1639 2425 1668 ‹d‘

264 1694 358 1727 po'e'ma
376 1693 442 1717 Hor.
457 1690 485 1716 in
498 1690 563 1715 Arte
576 1688 648 1713 Poet.
664 1693 722 1719 377.
759 1684 859 1710 Labant
873 1691 973 1713 animi,
1008 1681 1061 1707 vid.
1076 1682 1100 1707 h.
1115 1691 1140 1708 υ.
1186 1682 1317 1707 Labantes
1370 1680 1453 1709 Ouid.
1467 1680 1547 1715 Epist.
1563 1682 1606 1712 16,
1628 1688 1669 1715 37.
1742 1681 1856 1708 Vincere
1876 1682 1997 1707 animum
2017 1681 2073 1707 Cic.
2087 1682 2141 1708 Att.
2155 1690 2199 1713 12,
2215 1689 2263 1714 44.
2334 1681 2425 1708 Vince

263 1728 366 1754 animos
379 1727 537 1753 confirmare
558 1724 654 1749 Lucan.
668 1731 702 1753 4,
723 1729 784 1752 249.
813 1720 887 1758 Curt.
903 1726 924 1750 5.
963 1716 1121 1743 Labesaetus
1135 1717 1247 1743 vulnere
1261 1717 1316 1743 ani-
1370 1717 1474 1744 animos
1493 1717 1615 1751 iramque
1635 1722 1724 1749 tuam,
1745 1717 1793 1751 qui
1811 1723 1914 1744 caetera
1930 1716 2016 1744 vincis
2035 1717 2116 1743 Ouid.
2132 1716 2211 1752 Epist.
2225 1725 2254 1749 3,
2271 1721 2309 1749 85.
2363 1717 2423 1743 νοω
2473 1724 2474 1738 ι

264 1772 322 1789 mus
342 1762 423 1789 Ouid.
439 1762 504 1787 Met.
520 1768 564 1789 ιο,
585 1766 640 1791 375.
679 1756 812 1781 Laborare
828 1762 918 1779 animo
928 1772 936 1783 ,
970 1752 1024 1778 vid.
1039 1753 1063 1779 h.
1079 1762 1104 1778 v.
1140 1753 1210 1779 Ter.
1232 1752 1316 1779 Andr.
1368 1758 1428 1780 cant
1440 1752 1560 1778 animum
1575 1752 1604 1777 in
1617 1752 1752 1778 contraria
1763 1761 1841 1779 curae
1855 1753 1930 1786 Virg.
1939 1753 2004 1779 Aen.
2018 1761 2055 1785 12,
2067 1758 2129 1788 487.
2184 1753 2313 1780 Volutare
2326 1751 2370 1779 ani
2388 1764 2408 1774 ιι

262 1807 293 1831 5,
315 1807 350 1831 4,
369 1807 385 1831 9
404 1794 567 1823 Solicitando
580 1801 605 1819 et
619 1789 793 1826 pollicitando
806 1797 900 1814 eorum
918 1787 1138 1827 aniunosIabias.
1195 1788 1355 1822 Laetanti45
1369 1794 1480 1815 euentus
1500 1787 1574 1814 Idem
1589 1787 1654 1813 Aen.
1668 1789 1695 1819 6,
1710 1795 1762 1821 157.
1832 1788 1879 1814 Vti
1893 1788 1984 1815 animo
1999 1788 2048 1814 suo
2066 1789 2142 1814 Curt.
2153 1795 2181 1822 7,
2195 1795 2223 1823 7,
2238 1793 2272 1818 18.
2289 1791 2308 1814 i.
2321 1788 2423 1826 Obfi’qlffl

262 1834 362 1861 animo.
421 1832 517 1866 Lapsus
532 1829 616 1857 animi
626 1847 633 1860 ,
655 1826 708 1853 vid.
723 1827 747 1852 h.
762 1835 787 1851 υ.
859 1824 980 1863 Latentes
992 1830 1078 1848 anmii
1088 1823 1136 1849 sub
1149 1824 1228 1858 vulpe
1248 1825 1316 1850 Hor.
1362 1824 1409 1860 fico
1428 1827 1521 1851 animo.
1558 1824 1651 1858 Nempe
1667 1822 1778 1848 Animus
1787 1829 1837 1858 pro
1851 1823 1965 1849 Libidine
1983 1832 1999 1849 a
2012 1825 2111 1849 ratione
2128 1825 2215 1860 auersi:
2221 1815 2299 1860 ‘saepe‘
2301 1826 2416 1860 ponitur.

264 1871 328 1897 Arte
342 1870 414 1898 Poet.
427 1876 486 1902 437.
524 1867 623 1892 Laxare
639 1864 758 1889 animum
772 1870 786 1887 a
797 1858 935 1886 laboribus
946 1878 954 1890 ‚
989 1857 1044 1884 vid.
1066 1864 1082 1883 L
1092 1864 1115 1884 A
1124 1865 1141 1884 Χ
1152 1865 1180 1884 ο.
1219 1859 1317 1885 Lenire
1368 1862 1491 1887 Ponamus
1510 1860 1587 1885 locum
1601 1858 1687 1884 Plauti
1700 1861 1792 1885 comica
1804 1858 1908 1895 lafiiuia
1920 1857 2066 1896 turgidum,
2078 1857 2127 1894 fid
2138 1859 2185 1886 huc
2198 1863 2309 1896 apprime
2314 1859 2417 1897 sacten-

262 1904 382 1932 animum
402 1905 470 1930 Hor.
484 1904 571 1929 Carm.
586 1910 614 1933 3,
635 1909 680 1932 14,
702 1906 740 1930 ις.
796 1897 932 1922 Leuantur
945 1893 1030 1920 animi
1043 1892 1192 1920 exercendo
1210 1894 1267 1920 Cic.
1282 1893 1315 1919 de
1369 1901 1426 1921 tem.
1462 1893 1546 1919 Trin.
1559 1902 1592 1925 2,
1605 1902 1635 1925 2,
1649 1901 1680 1924 23
2472 1902 2474 1917 ,

263 1940 364 1968 Sene&
380 1942 420 1972 36.
456 1940 558 1965 Leuare
569 1937 688 1963 animum
703 1931 897 1959 mutationibus
915 1929 1049 1969 Qiinetil.
1063 1939 1098 1963 4,
1117 1937 1130 1955 2
1139 1949 1147 1961 ‚
1166 1934 1212 1959 118.
1269 1929 1314 1955 Li·
1438 1929 1531 1956 Meum
1545 1928 1665 1954 animum
1676 1927 1729 1955 tibi
1742 1928 1901 1955 seruitutem
1915 1928 2034 1961 seruire,
2052 1937 2166 1964 aequum
2178 1931 2276 1958 censui,
2472 1948 2474 1953 ,

263 1976 357 2004 bei-are
380 1975 484 2001 animos
505 1980 596 2000 errore
605 1992 614 2003 ‚
648 1969 703 1996 vid.
718 1969 742 1994 h.
758 1978 783 1993 υ.
856 1967 956 2000 Linqui
982 1965 1080 1991 deinde
1107 1965 1200 1991 animo
1226 1965 1315 2000 eoepit
1325 1974 1356 2001 50
1439 1971 1489 1991 PH.
1500 1963 1555 1998 Qii
1568 1963 1652 1990 homo
1664 1972 1725 1989 cum
1737 1963 1828 1990 animo
1843 1963 1905 1990 inde
1918 1964 1951 1990 ab
1964 1964 2073 1990 ineunte
2086 1970 2171 1992 aetate.
2183 1966 2314 2002 depugnat
2325 1966 2386 2000 suo,
2471 1966 2474 1990 l

264 2010 413 2039 Alexander
426 2010 461 2036 ob
476 2008 629 2043 sanguinem
644 2015 658 2031 e
670 2003 782 2031 vulnere
796 2002 874 2027 latius
894 2006 1046 2027 manantem
1072 2001 1148 2026 Curt.
1162 2010 1196 2034 4,
1217 2003 1250 2033 6,
1269 2010 1315 2027 20.
1440 2001 1538 2027 Vtrum
1551 1999 1573 2026 is
1587 2000 1659 2026 itane
1671 1999 1720 2025 esse
1733 1999 1859 2031 mauelit,
1875 2005 1905 2025 vt
1917 2008 1978 2025 eum
1991 1999 2095 2025 animus
2109 2009 2220 2036 aequom
2234 2001 2359 2034 cense2t3,
2471 2009 2474 2025 i

263 2048 332 2075 Add.
348 2057 381 2080 9,
403 2054 432 2080 5,
453 2050 492 2075 28.
529 2043 603 2079 Conf.
616 2041 698 2068 Plaut.
713 2037 809 2072 Amph.
824 2044 853 2070 5,
875 2045 900 2068 1,
922 2038 947 2061 6.
970 2036 1058 2075 'Cure
1072 2043 1106 2073 3,
1124 2043 1153 2068 3,
1172 2044 1205 2066 3ο
1230 2042 1255 2061 et
1277 2044 1314 2067 33.
1442 2036 1484 2061 An
1497 2036 1535 2061 ita
1550 2036 1647 2069 potius,
1655 2041 1685 2061 vt
1699 2041 1817 2070 parentes
1836 2043 1899 2061 eum
1910 2035 1959 2061 effe
1977 2040 2003 2061 et
2022 2036 2127 2070 cognati
2144 2037 2240 2064 velint:
2331 2039 2336 2045 .
2470 2055 2474 2061 ⁴

265 2084 415 2119 Linquente
427 2081 519 2109 animo
528 2099 535 2112 ,
556 2080 584 2105 in
602 2086 673 2109 eum,
691 2085 706 2101 a
720 2084 775 2110 quo
791 2071 930 2113 tenebatur
939 2091 947 2103 ,
968 2069 1092 2096 incubuit
1111 2070 1187 2095 Curt.
1201 2071 1228 2108 6,
1235 2078 1262 2102 9,
1275 2078 1313 2101 33.
1439 2070 1467 2108 Si
1481 2071 1585 2109 animus
1601 2070 1740 2098 hominem
1754 2071 1872 2105 perpulit
1885 2070 1975 2097 aetum
1988 2070 2040 2104 est,
2053 2071 2143 2097 animo
2155 2072 2265 2098 seruibit
2275 2081 2330 2098 non
2343 2071 2402 2097 sibi.
2430 2073 2432 2085 ³
2473 2088 2474 2093 .

264 2127 298 2155 7,
319 2128 351 2153 9,
370 2127 409 2152 14.
479 2116 530 2143 Lin
551 2120 656 2141 nentem
677 2116 815 2139 reuocauit
835 2116 970 2138 animum,
990 2112 1017 2133 et
1038 2104 1140 2145 nudum
1153 2104 1235 2132 hostis
1248 2105 1316 2130 latus
1441 2104 1486 2129 Sin
1502 2104 1557 2137 ipse
1572 2105 1691 2130 animum
1705 2106 1821 2139 perpulit
1827 2116 1835 2136 ;
1854 2107 1918 2132 dum
1932 2107 2004 2132 viuit
2015 2107 2107 2134 vietor
2118 2106 2254 2134 vi&0rum
2267 2107 2346 2132 cluet,

263 2154 386 2182 subiecit»
399 2161 526 2180 mucrone
547 2150 624 2177 iausit
642 2150 716 2175 Curt.
731 2155 764 2180 9,
785 2153 812 2178 5,
829 2153 863 2184 ιι.
902 2142 1022 2182 Lustrare
1034 2149 1137 2178 animos
1146 2161 1154 2173 ‚
1171 2140 1226 2167 vicl.
1246 2141 1271 2167 h.
1289 2149 1314 2166 υ.
1328 2150 1357 2176 55
1439 2139 1490 2179 Tu
1503 2138 1521 2165 fi
1534 2139 1654 2179 animum
1668 2139 1757 2166 vicisti
1768 2140 1867 2172 potius,
1876 2149 1958 2174 quam
1970 2142 2073 2168 animus
2086 2148 2127 2175 te,
2141 2143 2177 2169 est
2191 2141 2264 2178 quod
2277 2140 2415 2178 gaudeasfw,
2467 2143 2473 2168 ι

265 2191 321 2218 Cic.
335 2189 414 2217 Catil.
428 2197 453 2222 1,
472 2196 508 2223 27
528 2187 632 2214 Penitus
646 2183 743 2211 animis
755 2181 848 2208 vestris
866 2179 1054 2212 mentibusque
1068 2177 1201 2203 Mandate.
1244 2177 1315 2203 Mar·
1440 2175 1539 2202 Nimio
1553 2175 1632 2201 satius
1645 2173 1698 2207 est,
1716 2180 1746 2201 vt
1757 2174 1860 2208 opu’st,
1875 2180 1901 2200 te
1914 2175 1950 2201 ita
1965 2177 2023 2207 etse,
2036 2186 2117 2210 quam
2133 2184 2162 2204 vt
2176 2177 2268 2204 animo
2281 2177 2363 2204 lubet.
2388 2174 2401 2182 ”
2469 2187 2474 2192 ·

264 2233 305 2253 cet
319 2226 436 2256 animus,
471 2223 525 2250 vid.
537 2223 562 2251 b.
579 2232 605 2248 v.
678 2219 729 2246 Hic
749 2225 833 2252 quum
850 2215 940 2242 animo
955 2214 1130 2240 Meditaretur
1142 2211 1275 2247 proficisci
1287 2212 1317 2238 in
1442 2210 1499 2244 Qui
1508 2211 1629 2237 animum
1638 2210 1758 2243 vincunt,
1765 2218 1845 2245 quam
1856 2218 1922 2245 quos
1935 2219 2047 2242 animus,
2055 2212 2158 2247 semper
2167 2212 2308 2246 probiores
2320 2212 2389 2240 elu-

265 2263 352 2290 Persas
371 2261 440 2295 Nep.
457 2267 503 2294 17,
520 2267 554 2291 4,
572 2266 592 2285 i.
628 2255 721 2283 Metiri
736 2254 826 2280 animo
846 2251 928 2278 Ouid.
943 2251 1008 2275 Met.
1021 2258 1063 2288 1,,Δ
1075 2253 1124 2278 188.
1161 2248 1245 2274 Micat
1260 2247 1317 2273 ani:
1374 2245 1433 2273 Vid.
1453 2246 1546 2273 Animi
1568 2247 1659 2279 causa,
1677 2255 1703 2272 n.
1718 2253 1744 2281 7.
1920 2243 1941 2283 fl
1968 2248 1985 2272 6
2016 2247 2075 2273 Cum
2094 2246 2320 2284 pratposttionibus
2342 2250 2393 2274 eti
2419 2243 2421 2252 ⁴

264 2307 340 2331 mus,
375 2296 430 2324 vid.
451 2301 559 2322 Mico.
629 2290 764 2318 Ministrat
785 2288 905 2314 animum
925 2286 994 2311 Deus
1032 2286 1106 2318 Virg.
1122 2284 1186 2310 Aen.
1203 2291 1231 2316 5,
1250 2285 1314 2317 640.
1365 2285 1439 2308 varie
1455 2285 1580 2318 iungitur.
1621 2291 1647 2308 v.
1668 2291 1694 2319 g.
1718 2281 1775 2308 Cic.
1787 2282 1864 2308 Verr.
1884 2289 1912 2315 3,
1932 2290 1976 2314 130
2001 2291 2023 2308 c,
2042 2290 2075 2317 57
2107 2284 2199 2317 Qum
2220 2283 2277 2310 eius
2296 2284 2368 2310 anim
2387 2296 2398 2308 Γ
2418 2277 2420 2289 ι

264 2335 388 2362 Minuere
400 2332 503 2359 animos
524 2330 582 2356 Sen.
597 2327 692 2354 Medea
706 2333 757 2361 175.
793 2323 918 2356 Mitigare
931 2321 1052 2360 animum
1071 2320 1130 2359 Scn.
1144 2318 1239 2346 Medea
1252 2321 1354 2353 426.60
1369 2317 1402 2344 ad
1422 2317 1632 2353 persequendum
1655 2326 1712 2344 non
1732 2317 1893 2352 negligentia
1912 2317 2044 2350 tardaret,
2068 2319 2113 2345 sed
2132 2319 2293 2346 conscientia
2311 2319 2378 2346 scele
2418 2313 2421 2343 l

265 2369 376 2399 Mollire
387 2368 491 2395 animos
511 2366 586 2400 Virg.
603 2364 666 2390 Aen.
682 2372 708 2395 1,
729 2369 769 2396 57.
824 2360 936 2386 Monere
953 2365 1073 2383 animum
1090 2356 1165 2390 Virg.
1181 2355 1280 2388 Georg.
1294 2363 1316 2387 3,
1368 2353 1552 2389 auaritiaeque
1566 2354 1690 2381 frenaret.
1744 2353 1823 2388 Apud
1840 2353 1976 2385 animum,
1998 2353 2052 2380 vid.
2072 2361 2185 2382 APVD.
2222 2357 2333 2383 Certum
2347 2365 2380 2390 ap
2398 2344 2421 2386 ’,ι

266 2413 319 2439 521.
354 2406 467 2431 Monere
478 2401 562 2430 multa
574 2399 665 2427 animo
688 2397 764 2432 Virg.
780 2396 844 2424 Aen.
858 2403 885 2427 3,
907 2402 947 2427 34.
984 2393 1106 2419 Mulcere
1120 2390 1224 2431 animos
1232 2391 1317 2417 admi-
1368 2390 1489 2430 animum
1501 2389 1615 2422 constat,
1630 2389 1684 2416 vid.
1701 2395 1746 2417 co
1755 2395 1776 2415 N
1787 2396 1830 2417 s.'r
1839 2395 1867 2416 ο.
1940 2389 2033 2417 Multis
2047 2390 2135 2417 modis
2150 2400 2212 2418 cum
2225 2391 2310 2418 isthoc
2323 2392 2396 2419 anim

266 2441 369 2468 ratione
388 2438 522 2473 Qlinfffil,
545 2446 571 2469 1,
590 2445 636 2467 10,
655 2444 680 2468 9.
755 2433 860 2459 Mutare
875 2431 1003 2456 animum.
1047 2428 1131 2454 Natus
1145 2435 1235 2453 animo
1250 2427 1314 2452 leni.
1368 2426 1557 2461 Vituperandus
1572 2435 1597 2453 es
1612 2424 1794 2453 Ter-Phorm.
1808 2433 1831 2457 3,
1846 2432 1866 2456 1,
1880 2433 1899 2452 1.
1919 2426 1937 2451 i.
1947 2424 2082 2462 propqfito.
2117 2427 2202 2458 Cum,
2221 2427 2267 2454 vel
2279 2428 2311 2454 In
2323 2427 2368 2455 ani
2386 2441 2390 2450 ·
2403 2415 2423 2449 ι.

267 2477 383 2504 Noscere
396 2476 517 2502 animuin
531 2472 658 2503 alicuius,
690 2468 748 2498 ,υἱιί-
762 2468 803 2494 hh.
818 2476 862 2493 υυ.
935 2465 1015 2491 Noss‘e
1034 2463 1146 2490 alicuius
1163 2463 1268 2489 animos
1287 2471 1316 2489 ac
1370 2462 1504 2497 cogitare,
1529 2461 1584 2488 vid.
1609 2467 1771 2490 COGITO.
1841 2461 1878 2487 Ex
1897 2461 1987 2488 animo
2001 2462 2097 2497 firium
2116 2462 2250 2498 quiddam,
2269 2469 2294 2489 et
2309 2462 2342 2490 ab
2359 2465 2387 2498 Φ
2404 2478 2407 2483 .

266 2513 380 2547 spiritus,
392 2512 448 2538 Cic.
462 2519 510 2546 pro
524 2509 628 2536 Cluent.
645 2514 700 2540 109.
738 2503 847 2531 Nudare
862 2501 974 2528 animos.
1021 2499 1158 2534 Obrepere
1172 2499 1200 2525 in
1214 2499 1316 2531 animo,
1326 2499 1357 2532 65
1370 2505 1464 2535 natura
1476 2495 1622 2534 profestum
1635 2497 1742 2524 indicat.
1776 2494 1844 2523 Ter.
1859 2496 1939 2523 Andr.
1953 2505 1982 2530 4,
1994 2507 2022 2531 4,
2037 2505 2065 2531 55
2090 2497 2209 2524 Paullum
2223 2498 2343 2526 interesse
2355 2507 2415 2525 een-

265 2548 318 2575 vid.
333 2546 367 2581 ff.
381 2547 406 2573 ll.
478 2545 597 2579 Obsequi
609 2544 700 2570 animo
718 2541 788 2567 Ter.
805 2549 831 2572 ι,
851 2547 876 2570 ι,
898 2543 919 2568 8.
955 2540 973 2563 ι’.
987 2539 1058 2573 gotio
1072 2535 1207 2572 indulgere.
1240 2535 1317 2574 *Vim
1370 2535 1425 2567 ses,
1444 2543 1475 2560 ex
1489 2535 1580 2561 animo
1594 2533 1685 2560 omnia
1691 2553 1700 2566 ,
1719 2534 1754 2560 Vt
1773 2532 1827 2559 fert
1845 2539 1940 2559 natura
1958 2532 2054 2566 facias,
2073 2541 2106 2560 an
2125 2532 2157 2560 de
2175 2532 2314 2560 industria.
2354 2533 2413 2560 Cic.

264 2594 321 2610 mox
335 2578 381 2609 Vti
398 2582 497 2609 animo.
531 2581 678 2608 Occaecare
692 2577 820 2604 animum.
858 2575 994 2608 Occupare
1014 2572 1132 2598 animum
1146 2571 1189 2597 vel
1203 2579 1316 2597 animos.
1370 2569 1403 2596 de
1425 2571 1521 2597 Natur.
1536 2571 1617 2597 Deor.
1635 2578 1652 2596 2
1673 2575 1737 2595 extr.
1767 2568 1839 2594 Mala
1858 2574 1883 2594 et
1902 2568 1985 2602 impia
2003 2569 2166 2596 consuetudo
2187 2568 2223 2595 est
2240 2576 2332 2596 comi-a
2350 2568 2415 2596 deos

265 2618 417 2646 Obfirmare
432 2618 567 2647 animum,
603 2614 656 2641 vid.
671 2614 712 2640 hh.
726 2622 769 2639 υυ.
805 2609 948 2638 Obice-*tare
962 2608 1082 2635 animum
1103 2608 1207 2633 Luci-et.
1223 2616 1248 2639 2,
1262 2609 1317 2639 363.
1369 2605 1531 2642 disputandi,
1539 2605 1592 2632 fine
1599 2612 1630 2631 ex
1637 2605 1727 2631 animo
1736 2603 1763 2630 id
1772 2603 1811 2636 fit,
1819 2603 1871 2630 fiue
1880 2603 2007 2630 simulate.
2042 2605 2111 2631 Ter.
2125 2605 2190 2631 Eun.
2208 2614 2234 2637 ι,
2255 2613 2288 2637 2,
2307 2612 2338 2637 95
2356 2603 2417 2636 νιίμ

266 2654 386 2690 Obsequ'i
397 2654 488 2681 animo
508 2651 576 2678 Ter.
590 2649 702 2684 Adelph.
717 2657 726 2675 ι
735 2668 742 2679 ‚
763 2656 772 2674 i
782 2667 790 2680 ‚
809 2652 831 2676 8.
904 2645 1016 2672 Obstare
1031 2643 1127 2670 animis
1152 2643 1213 2669 Stat.
1223 2641 1317 2669 Theb.
1369 2651 1430 2669 nain
1444 2642 1508 2669 istuc
1522 2641 1633 2669 verbum
1645 2648 1676 2667 ex
1688 2640 1779 2666 animo
1793 2648 1822 2666 ac
1835 2648 1899 2666 vere
1911 2639 2020 2666 diceres.
2055 2640 2128 2666 Idem
2143 2640 2218 2666 Adel.
2233 2649 2242 2666 i
2251 2660 2260 2672 ,
2272 2649 2298 2672 r,
2310 2647 2347 2674 47
2383 2668 2387 2671 ¹
2404 2656 2414 2665 .

266 2700 305 2723 ιι,
344 2710 351 2717 .
389 2710 395 2716 .
445 2688 612 2721 Obstupuere
625 2685 721 2712 animis
734 2683 828 2710 Rutuli
847 2681 923 2716 Virg.
939 2682 1003 2707 Aen.
1023 2688 1055 2712 9,
1075 2688 1125 2712 123.
1180 2680 1357 2713 Occupare70
1371 2688 1451 2713 quem
1464 2677 1594 2705 beneficio
1606 2676 1730 2711 adiungas
1749 2684 1781 2702 ex
1800 2675 1891 2701 animo
1911 2675 1991 2708 facit,
2010 2677 2057 2702 int.
2077 2676 2154 2702 suum
2173 2673 2302 2702 officium.
2356 2670 2407 2704 C''

265 2727 386 2754 animum
399 2726 428 2752 in
442 2733 471 2752 re
483 2724 573 2758 aliqua
592 2722 660 2748 Ter.
675 2719 743 2755 prol.
756 2719 822 2744 Hec.
835 2725 857 2750 5.
927 2718 1064 2750 Occupare
1078 2716 1181 2742 animos
1196 2714 1318 2741 iudicum
1371 2715 1443 2740 Fam.
1458 2723 1491 2747 9,
1507 2716 1536 2741 16
1554 2714 1591 2740 Ex
1605 2713 1696 2740 animo
1708 2711 1829 2745 diligere.
1866 2713 1896 2737 Et
1910 2712 1982 2738 Fani.
1997 2720 2034 2743 ιι,
2049 2719 2083 2738 22
2100 2712 2140 2738 Ita
2157 2719 2172 2737 a
2186 2717 2212 2738 te
2225 2717 2302 2746 peto,
2317 2716 2347 2738 vt
2376 2725 2383 2740 ιΑ
2394 2738 2400 2742 ,

266 2761 398 2797 Qine‘til.
412 2770 447 2794 4,
467 2768 493 2792 ι,
511 2764 553 2792 48.
591 2757 665 2793 Conf.
681 2764 709 2789 5,
730 2763 767 2786 12,
789 2762 827 2786 14.
878 2752 1032 2779 Offenditur
1045 2752 1148 2777 animus
1163 2759 1237 2777 meus
1248 2751 1317 2777 mul·
1370 2750 1429 2776 iore
1441 2749 1527 2776 studio
1541 2749 1658 2785 m'agisue
1671 2757 1703 2774 ex
1716 2748 1807 2774 animo
1821 2753 1910 2782 petere
1927 2755 1982 2773 non
1994 2746 2093 2781 poss'im.
2129 2746 2178 2775 Sed
2190 2747 2274 2774 Ouid.
2287 2744 2368 2782 Epist.v
2380 2744 2408 2762 ‘⁴

266 2799 300 2825 tis
314 2796 394 2825 rebus
412 2797 468 2823 Cic.
484 2796 554 2822 Fam.
570 2803 596 2826 1,
614 2801 640 2826 9.
684 2789 826 2818 offendere
838 2788 957 2814 animum
970 2788 1082 2814 alicuius
1102 2786 1234 2820 Qiinetil.
1247 2795 1273 2819 2,
1286 2791 1314 2819 4.
1369 2791 1399 2816 88
1422 2786 1492 2812 Nam
1507 2791 1581 2821 potes
1595 2793 1626 2812 ex
1637 2783 1729 2810 animo
1742 2783 1869 2818 colligere
1883 2783 1939 2817 ipse
1951 2789 2015 2815 tuo,
2033 2782 2057 2809 h.
2072 2792 2093 2809 e.
2113 2792 2143 2809 ex
2157 2789 2198 2809 tuo
2205 2783 2280 2819 sensu
2294 2782 2347 2810 iud.
2395 2775 2419 2793 ²¹

265 2834 379 2862 omissus
386 2830 710 2863 animus‚vid.oMtTTo.
746 2826 794 2852 Tu
803 2825 976 2851 timoratione
984 2832 1091 2849 omnem
1098 2823 1217 2849 animum
1225 2823 1316 2849 Osten-
1370 2823 1401 2848 In
1416 2822 1506 2848 animo
1521 2821 1616 2848 habere
1629 2821 1684 2847 Cic.
1697 2821 1751 2846 Att.
1765 2824 1789 2852 8,
1804 2828 1840 2845 ιο.
1884 2820 1916 2846 Ec
1930 2827 1979 2854 pro
1994 2819 2069 2845 Rosc.
2086 2819 2175 2845 Amer.
2190 2827 2228 2852 91.
2279 2819 2311 2846 In
2323 2827 2338 2846 a

266 2866 673 2898 distituumPlaut.Alin.1,i,99.
710 2864 804 2889 Parant
812 2858 1356 2895 animosvinaOuid-deArteAni.1,237.75
1370 2857 1523 2891 instituere,
1550 2856 1603 2884 vid.
1617 2856 1640 2886 h,
1654 2866 1680 2884 v.
1735 2856 1771 2882 Vt
1792 2854 1862 2881 niihi
1880 2854 1916 2881 est
1939 2855 1968 2881 in
1987 2854 2078 2881 animo
2097 2855 2201 2887 facere,
2221 2857 2239 2881 i.
2260 2861 2290 2881 vt
2302 2854 2332 2881 de

266 2905 456 2933 Paratianimis
482 2903 558 2937 Virg.
566 2903 630 2928 Aen.
639 2909 665 2932 2,
679 2907 742 2933 799.
779 2898 883 2923 Parcere
894 2895 1013 2922 animuin
1036 2894 1112 2928 Virg.
1121 2895 1218 2928 Georg.
1227 2903 1252 2926 2,
1260 2901 1314 2927 285.
1363 2894 1483 2929 propositi
1505 2893 1560 2920 Cic.
1574 2893 1626 2920 Att.
1638 2899 1667 2926 5,
1683 2900 1721 2926 14.
1779 2892 1932 2917 Etiamnum
1950 2890 2020 2918 mihi
2039 2890 2134 2926 scripta
2151 2890 2198 2917 illa
2218 2889 2289 2918 dieta
2309 2891 2338 2918 su

267 2943 371 2969 Pascere
378 2941 498 2968 animum
506 2938 611 2975 pickura
630 2936 706 2969 Virg.
715 2935 779 2960 Aen.
788 2941 807 2964 1,
817 2933 881 2966 464.
919 2931 1034 2958 Pendere
1043 2930 1143 2962 animi,
1157 2930 1210 2956 vid.
1231 2937 1246 2955 Ρ
1255 2937 1271 2956 Ε
1281 2937 1315 2955 N·
1368 2930 1460 2956 animo
1474 2928 1607 2962 Chryfidis
1621 2927 1652 2954 de
1666 2927 1791 2960 Glycerio
1803 2927 1872 2953 Ter.
1882 2925 1964 2953 Andr.
1973 2935 1993 2959 1,
2008 2934 2031 2959 5,
2044 2934 2089 2959 49.
2143 2927 2175 2952 In
2189 2926 2285 2953 animis
2302 2925 2332 2953 in
2344 2931 2376 2953 is*
2410 2953 2411 2956 Ἴ

267 2985 286 3005 D
295 2984 349 3005 EO.
394 2978 520 3011 Peragere
532 2974 618 3001 secum
632 2972 723 2998 animo
738 2967 842 3004 aliquid
862 2967 936 3002 Virg.
953 2968 1016 2993 Aen.
1031 2969 1046 2992 6
1055 2986 1063 2998 ‚
1085 2973 1137 2999 105.
1193 2965 1314 2991 Perculso
1369 2966 1417 2992 ciis
1431 2966 1526 2992 nostris
1540 2974 1597 2993 eras
1610 2970 1684 3000 pater
1698 2963 1799 2998 patriae
1826 2962 1893 2989 Plin.
1907 2963 1967 2989 Pan.
1981 2970 2024 2994 αι,
2037 2970 2060 2994 3.
2129 2961 2246 2989 Multum
2264 2961 2349 2991 animi
2374 2958 2380 2983 l*
2402 2966 2411 2982 ⁵»

266 3019 293 3040 ct
307 3011 413 3041 abieeto
426 3013 475 3039 esse
487 3011 579 3038 animo
599 3009 656 3035 Cic.
670 3007 723 3033 Att.
740 3014 770 3037 3,
789 3013 815 3031 2.
870 3004 1007 3030 Percutere
1021 3003 1140 3028 animum
1160 3001 1266 3028 Lucret.
1290 3009 1315 3032 2,
1369 3001 1433 3028 bere
1447 3001 1479 3028 ad
1497 2998 1708 3028 maledicendum
1723 2999 1779 3026 Cic.
1795 2997 1827 3024 de
1839 2999 1914 3025 Orat.
1930 3006 1959 3031 2,
1979 3003 2020 3031 84.
2074 2997 2136 3024 Sine
2154 2998 2246 3024 animo
2265 2998 2342 3024 miles
2360 2998 2379 3023 ⁶:

267 3054 319 3081 883.
339 3048 451 3085 defin-su
464 3054 488 3074 et
494 3048 660 3083 perceptione.
732 3042 842 3075 Peregre
863 3039 900 3066 est
919 3038 1022 3065 animus
1037 3038 1089 3064 line
1111 3046 1223 3072 corpore
1235 3036 1314 3063 velox
1324 3044 1356 3070 30
1370 3038 1424 3063 Att.
1447 3046 1474 3070 1,
1511 3057 1518 3064 .
1558 3057 1564 3063 .
1741 3032 1764 3072 fl
1790 3042 1807 3068 7
1841 3033 1952 3061 Tandem
1971 3034 2030 3059 illas
2049 3033 2130 3059 adhuc
2141 3033 2271 3070 formulas
2291 3041 2351 3060 not·
2366 3030 2373 3036 ’

269 3084 335 3111 Hor.
350 3084 428 3119 Epist.
443 3093 470 3116 1,
491 3092 533 3116 12,
554 3090 587 3114 ¹3·
630 3076 790 3106 Perfimdere
803 3071 923 3102 animum
937 3074 1078 3109 religione.
1135 3074 1245 3108 Pergere
1259 3073 1315 3099 ani-
1370 3074 1469 3100 Animo
1487 3071 1666 3108 procuratoris
1685 3079 1740 3097 non
1759 3070 1922 3102 interuenit,
1945 3069 1990 3096 sed
2007 3068 2176 3096 affectionem
2195 3069 2333 3096 amicalem
2352 3077 2368 3104 p
2376 3086 2378 3091 .
2404 3073 2408 3082 *¹

269 3127 313 3145 mo
326 3119 401 3146 forti.
436 3119 526 3147 Perire
540 3117 574 3145 ab
588 3116 695 3147 animo,
731 3112 785 3139 vid.
792 3110 826 3146 ffi
840 3111 866 3137 ll.
939 3111 1097 3137 Perniouere
1104 3109 1207 3135 animos
1228 3109 1315 3143 Qiin-
1369 3108 1439 3135 milit
1454 3108 1559 3144 Vipian.
1575 3109 1604 3135 in
1622 3107 1640 3134 l.
1653 3106 1788 3141 Idemque.
1819 3106 1852 3132 D.
1865 3104 2000 3138 Mancini,
2029 3108 2048 3132 i.
2067 3115 2116 3131 non
2135 3114 2160 3131 eo
2174 3104 2290 3140 cmfilio,
2307 3111 2337 3132 vt
2360 3117 2376 3133 ιι

269 3153 325 3180 ἂίΙ.
338 3163 366 3187 3,
386 3160 409 3185 8.
463 3154 628 3182 Permulcete
640 3151 743 3178 animos
762 3149 867 3175 Lucret.
881 3153 910 3179 5,
927 3155 964 3174 21.
1026 3145 1197 3171 Pcrseuerare
1223 3146 1314 3171 animo
1364 3151 1529 3180 procurator,
1542 3144 1591 3181 sed
1608 3150 1638 3170 vt
1656 3145 1731 3170 amici
1746 3140 1852 3176 officium
1870 3139 2017 3177 praestaret.
2053 3141 2094 3168 Sic
2114 3144 2187 3168 etiam
2202 3141 2300 3168 Aninio
2320 3149 2383 3168 vx=-
2414 3143 2415 3146 ’

270 3189 402 3222 Qiinetil.
418 3200 437 3224 4
451 3199 570 3225 prooem.
584 3195 650 3215 extr.
688 3186 745 3213 Cic.
762 3185 835 3211 Fam.
850 3192 875 3216 1,
895 3191 912 3215 9
931 3184 1057 3215 Quorum
1071 3180 1180 3215 quidem
1194 3181 1315 3208 animum
1369 3180 1466 3208 habere
1480 3181 1621 3208 mulierem
1634 3179 1739 3214 leian.
1751 3178 1781 3205 in
1794 3177 1811 3203 l.
1832 3177 1858 3203 Si
1870 3186 1946 3204 vxor.
1961 3175 2049 3214 §.Sed
2064 3182 2090 3203 et
2103 3177 2132 3203 in
2142 3185 2183 3204 ea.
2207 3177 2239 3204 D.
2252 3177 2284 3204 ad
2297 3177 2347 3213 leg.
2354 3190 2359 3202 ,-

269 3231 298 3252 tu
313 3234 367 3251 non
380 3225 530 3260 perspexisti
544 3226 644 3256 solum,
665 3231 748 3257 quum
761 3219 794 3254 de
806 3228 849 3246 me
861 3227 966 3253 ageres,
986 3217 1030 3244 sed
1051 3217 1133 3243 etiam
1152 3216 1314 3243 confirmasti
1327 3224 1355 3253 8,-
1368 3216 1400 3244 de
1420 3216 1501 3243 adult.
1557 3215 1650 3243 Animi
1667 3212 1757 3247 causa,
1782 3216 1800 3239 ι’.
1815 3213 1946 3244 libidinis,
1963 3215 2043 3240 animi
2057 3212 2226 3239 exhilarandi.
2274 3213 2331 3240 Cic.
2350 3211 2376 3240 P

269 3266 348 3295 atque
361 3260 476 3286 tenuisti.
511 3263 611 3288 Ponere
624 3259 727 3287 animos
741 3257 799 3283 Sen.
815 3255 846 3281 T
846 3254 919 3282 road.
934 3261 993 3288 745.
1049 3251 1175 3279 Poffidere
1193 3252 1314 3279 iudicum
1367 3253 1430 3287 lipp.
1444 3260 1472 3287 7,
1486 3258 1509 3283 18
1530 3253 1561 3279 Et
1575 3252 1622 3287 qui
1634 3249 1702 3279 illud
1715 3249 1799 3277 animi
1814 3250 1889 3276 causa
1901 3249 2011 3282 fecerit,
2033 3248 2103 3276 hunc
2122 3248 2233 3284 praedae
2251 3248 2326 3278 causa
2350 3261 2355 3270 ·
2368 3256 2371 3269 ¹

269 3297 373 3323 animos
401 3295 531 3328 Qiinffil.
544 3299 577 3329 6,
598 3305 623 3328 ι,
641 3304 681 3328 52..
750 3293 935 3325 Praeceperant
948 3289 1043 3326 animis
1060 3289 1211 3315 orationem
1226 3289 1314 3315 Patres
1366 3288 1502 3315 facturum
1521 3288 1642 3323 putatis?
1669 3286 1750 3313 Plant.
1767 3285 1843 3320 Epid.
1863 3293 1890 3318 1,
1912 3293 1938 3318 1,
1956 3294 1989 3318 43
2013 3285 2071 3312 Cur
2087 3293 2146 3311 eam
2165 3285 2252 3311 emit?
2273 3291 2304 3312 T.
2330 3298 2350 3308 ..
2366 3290 2369 3305 ι

269 3332 338 3359 Tac.
351 3332 401 3358 An.
415 3339 427 3363 3
436 3351 444 3364 ‚
464 3339 504 3366 57.
552 3333 709 3366 Praegrauat
721 3329 840 3356 animum
852 3335 946 3361 eorpus
957 3324 1086 3352 hesternis
1100 3324 1175 3351 vitiis
1189 3324 1313 3351 onustum
1366 3325 1449 3350 causa.
1484 3324 1554 3351 Add.
1568 3323 1650 3350 Trin.
1663 3331 1693 3356 3,
1705 3331 1736 3355 2,
1753 3329 1790 3355 52.
1827 3321 1883 3348 Nec
1903 3321 2044 3356 quisquam
2062 3325 2164 3347 tantum
2183 3329 2199 3346 a
2218 3319 2333 3347 naturali
2359 3315 2371 3348 Γ,-

268 3369 338 3394 Hor.
370 3367 453 3394 Serm.
487 3375 517 3398 2,
537 3375 569 3398 2,
593 3372 633 3401 78.
724 3363 855 3392 Praestare
888 3362 1008 3389 animum
1045 3361 1101 3387 Cic.
1134 3360 1206 3392 Fam.
1239 3369 1265 3393 ι,
1286 3368 1313 3393 9.
1366 3359 1478 3386 desciuit
1496 3367 1522 3386 et
1540 3360 1678 3387 hominem
1693 3357 1781 3390 exuit,
1801 3363 1830 3383 vt
1850 3357 1935 3384 animi
1952 3357 2028 3384 causa
2047 3356 2132 3382 malus
2151 3355 2182 3382 fit
2201 3355 2259 3383 Sen.
2272 3355 2306 3382 de
2318 3355 2363 3383 Bu.

271 3403 401 3436 Premitur
415 3402 519 3428 animus
533 3402 636 3428 ratione
666 3401 733 3429 Pei-s.
755 3401 806 3427 Sat.
825 3406 856 3432 5,
875 3406 915 3431 39.
951 3400 970 3424 ι’.
992 3395 1058 3423 cedit
1073 3398 1186 3428 rationi,
1205 3398 1276 3422 vinci
1283 3395 1353 3434 se90
1364 3405 1399 3429 4,
1416 3404 1453 3429 17.
1503 3396 1599 3423 Anime
1619 3394 1672 3427 mi,
1697 3394 1751 3420 Vox
1766 3392 1927 3420 blandientis.
1967 3392 2050 3419 Plaut.
2063 3390 2170 3424 minsa,
2184 3400 2207 3424 3,
2221 3399 2259 3427 74
2277 3392 2318 3418 Da
2362 3395 2370 3410 1

267 3442 366 3501 patitur
379 3440 540 3474 argwncntis.
611 3437 754 3464 Prohibere
767 3435 831 3462 ludo
844 3434 963 3461 animum
999 3432 1073 3466 Virg.
1094 3432 1192 3466 Georg.
1206 3441 1239 3464 4,
1260 3439 1310 3464 105.
1365 3431 1482 3464 ocellus,
1500 3440 1559 3458 mea
1569 3432 1645 3464 rosa,
1664 3429 1704 3456 mi
1721 3429 1818 3456 anime.
1852 3428 2045 3461 Ter.Andr.4,
2058 3435 2084 3459 2,
2095 3435 2112 3453 2
2132 3427 2228 3460 Anime
2242 3427 2296 3460 mi,
2310 3436 2342 3459 n·
2352 3456 2355 3457 7

289 3483 395 3502 rontcre
415 3474 518 3500 animos
537 3478 563 3499 et
581 3472 651 3499 vires
672 3471 768 3507 Virgil.
790 3472 854 3498 Aen.
874 3477 904 3504 5,
924 3477 974 3502 ι9ι.
1046 3467 1196 3502 Prospicere
1216 3467 1314 3494 animis
1365 3474 1507 3494 macerare.
1544 3469 1609 3494 Eun.
1624 3474 1644 3499 1,
1656 3473 1682 3498 2,
1699 3467 1729 3492 16
1746 3466 1822 3492 Meus
1840 3464 1881 3492 fac
1896 3464 1928 3491 fis
1947 3463 2066 3495 animus,
2087 3462 2195 3498 quando
2206 3472 2256 3498 ego
2268 3463 2325 3491 sum
2344 3467 2369 3484 ns

271 3510 326 3537 Cic.
340 3511 416 3537 Verr.
431 3517 454 3542 3,
469 3513 512 3539 218
533 3517 553 3534 c.
567 3516 612 3541 94.
666 3508 768 3535 Pulsant
789 3507 907 3534 animum
925 3504 1061 3532 fimulacra
1087 3504 1190 3529 Lucret.
1207 3512 1241 3536 4,
1255 3508 1310 3534 880.
1365 3503 1460 3530 Heaut.
1473 3511 1500 3535 2,
1513 3512 1542 3536 4,
1555 3511 1586 3537 25
1606 3502 1681 3529 Salue
1695 3501 1784 3528 anime
1796 3500 1851 3533 mi,
1870 3503 1977 3527 Amator
1989 3497 2024 3525 ad
2029 3498 2145 3534 puellam.
2356 3503 2365 3531 ξ

271 3546 366 3573 Patere.
387 3554 420 3578 2,
439 3553 479 3571 110
511 3544 618 3570 Tantus
637 3542 715 3570 huius
731 3543 797 3570 belli
816 3548 903 3570 motus
920 3541 988 3572 fuit,
1007 3545 1036 3566 vt
1051 3538 1171 3566 stabilem
1189 3539 1266 3565 illum
1285 3544 1312 3565 et
1401 3546 1453 3566 AN
1466 3538 1623 3566 tmeLvs.
1655 3537 1757 3564 Dimin.
1793 3535 1951 3572 [ψυχάριον]
1986 3533 2140 3561 Blandiendi
2152 3533 2234 3571 caufh.
2268 3534 2330 3561 Plau
2363 3537 2372 3566 f}
2402 3547 2409 3566 s,

272 3579 405 3608 firmatum
419 3587 553 3607 tantorum
567 3578 698 3605 bellorum
706 3579 868 3613 experientia
876 3569 993 3605 Caesaris
1000 3574 1110 3610 Augusti
1121 3575 1241 3601 animum
1250 3583 1313 3609 qua·
1319 3587 1352 3614 95
1364 3573 1409 3600 fin.
1423 3584 1442 3607 t,
1458 3583 1477 3607 ι,
1490 3577 1526 3609 46
1547 3573 1588 3601 Mi
1607 3573 1740 3606 animale,
1759 3573 1798 3599 nii
1817 3571 1959 3606 Olympio,
1977 3577 2037 3596 mea
2056 3569 2121 3596 vita.
2157 3571 2190 3597 Et
2204 3571 2277 3598 Men.
2290 3578 2323 3602 2,
2339 3573 2377 3602 3‚'‘
2405 3592 2408 3606 ,

271 3621 353 3648 teret,
370 3623 448 3651 atque
463 3621 583 3643 terreret.
654 3614 795 3641 Recensere
812 3624 872 3641 cuni
890 3613 980 3641 animo
1000 3612 1047 3638 suo
1067 3610 1168 3637 Minue.
1184 3610 1237 3637 Fel.
1257 3619 1278 3636 c.
1293 3619 1311 3637 1.
1364 3611 1488 3637 Animule
1506 3611 1562 3643 ini,
1577 3611 1695 3637 meretrix
1713 3608 1748 3636 ad
1758 3611 1874 3636 iuuenem.
2323 3605 2325 3613 ¹
2356 3604 2362 3610 ⁸
2377 3606 2380 3609 '

2407 3450 2413 3468 l

272 3649 340 3677 Ter.
353 3651 463 3686 Adelph.
476 3661 498 3685 3,
509 3660 536 3684 2,
549 3652 583 3678 26
604 3648 677 3682 Quid
695 3649 799 3675 festinas
817 3651 855 3677 mi
869 3650 952 3677 Geta?
970 3647 1089 3676 animum
1109 3646 1215 3680 Recipe.
1252 3645 1310 3673 Cic.
1401 3653 1506 3673 ΛΝιΜ
1517 3654 1554 3679 0,
1583 3649 1636 3672 are.
1671 3643 1822 3680 [ζωοποιεῖν]
1865 3641 2000 3671 Animam,
2024 3641 2043 3666 ί.
2062 3643 2142 3667 vitam
2162 3640 2230 3669 dare.
2277 3639 2319 3672 Pa'
2356 3641 2386 3661 ’'-s
2403 3646 2419 3663 ι’

273 3686 326 3712 Att.
342 3694 362 3718 ι,
377 3695 389 3719 5
409 3688 489 3720 Quod
503 3686 611 3718 scribis,
625 3685 705 3711 etiam
721 3683 738 3709 fi
753 3685 826 3711 cuius
846 3686 949 3712 animus
968 3685 997 3712 in
1013 3689 1040 3710 te
1060 3682 1119 3710 effet
1138 3681 1278 3714 offensior,
1295 3690 1311 3709 a
1364 3680 1431 3719 apud
1441 3683 1496 3708 Cic.
1512 3681 1545 3708 de
1557 3681 1648 3708 Diuiii.
1665 3689 1730 3713 r,131
1749 3689 1772 3708 e.
1784 3686 1826 3713 57,
1845 3675 1876 3703 de
1886 3677 1970 3708 Aere,
1981 3681 2046 3711 puto
2316 3690 2321 3698 .
2351 3673 2365 3683 ²·
2399 3666 2408 3690 'l

272 3729 315 3747 me
329 3722 450 3757 recolligi
463 3729 606 3758 oportere,
626 3719 691 3755 quid
706 3719 789 3746 dieas:
808 3729 893 3755 neque
907 3721 935 3748 id
948 3719 1062 3755 neglexi.
1132 3717 1311 3744 Recursabant
1435 3717 1573 3752 Qidquid
1585 3717 1622 3743 est
1634 3716 1700 3750 hoe,
1715 3715 1806 3743 omnia
1817 3712 1932 3744 animat,
1943 3710 2059 3745 formae,
2072 3711 2135 3744 alit,
2148 3717 2243 3747 auget,
2256 3715 2340 3744 creat,
2473 3718 2474 3727 ¹

272 3756 362 3783 ³ni¹¹¹0
387 3765 476 3785 vetera
496 3758 587 3785 omnia
607 3756 699 3784 Tacit·
713 3754 780 3781 Hist·
796 3763 828 3787 2,
845 3762 886 3790 78.
957 3755 1077 3783 Reddere
1089 3753 1172 3780 alicui
1189 3753 1361 3787 animummo
1435 3753 1466 3779 Se
1486 3753 1549 3787 elit,
1567 3750 1716 3787 recipitque
1728 3751 1758 3777 in
1769 3749 1798 3776 se
1809 3747 1835 3775 se
1847 3746 1953 3774 omnia:
1972 3747 2147 3783 omniumque
2160 3747 2231 3774 idem
2245 3747 2282 3774 est
2293 3755 2325 3782 pa
2470 3745 2474 3764 ²

271 3792 365 3818 Horat.
378 3792 464 3819 Carni.
479 3802 498 3824 ι,
512 3797 547 3827 16,
555 3799 595 3824 28·
631 3789 789 3819 Ter-Andr·
803 3799 830 3823 2,
844 3799 865 3823 ι,
878 3799 914 3824 35.
983 3791 1104 3819 Reddere
1117 3789 1236 3816 animum
1250 3788 1310 3815 fini·
1432 3763 1606 3824 Indidemque
1613 3787 1756 3822 eademque
1764 3783 1900 3815 oriimtur,
1906 3781 1939 3808 de
1945 3782 2050 3817 integro
2059 3789 2139 3819 atque
2146 3783 2240 3810 eodem
2249 3781 2324 3810 occid
2469 3788 2472 3792 ·

271 3827 305 3854 tis
322 3827 457 3854 amoribus
481 3830 548 3857 Her.
564 3829 652 3856 Carm.
667 3836 692 3859 ι,
711 3833 748 3858 ι9,
762 3835 789 3859 4.
813 3828 832 3851 i.
847 3827 921 3853 denuo
934 3837 1025 3855 amare.
1095 3825 1187 3852 Rediit
1205 3824 1309 3851 animus
1363 3823 1421 3851 Cic.
1435 3824 1467 3851 de
1481 3824 1574 3852 Diuin.
1587 3833 1614 3857 2,
1627 3828 1658 3856 89
1677 3819 1788 3849 Perinde
1802 3824 1936 3854 vteunque
1951 3823 2111 3853 temperatus
2129 3818 2160 3846 fit
2177 3821 2238 3852 aer,
2258 3819 2294 3845 ita
2304 3817 2342 3854 pu

257 3862 352 3890 .Ouid.
366 3862 444 3898 Epist.
459 3865 486 3896 6,
499 3873 531 3896 3ι.
601 3863 712 3890 Referre
729 3861 847 3888 animum
867 3870 882 3887 a
900 3863 988 3897 paruis
1007 3862 1040 3890 ad
1058 3861 1163 3889 maiora
1180 3859 1262 3887 Ouid.
1276 3859 1308 3886 de
1363 3859 1479 3888 orientes
1497 3859 1610 3888 animari
1623 3864 1702 3892 atque
1713 3854 1837 3884 formari.
1873 3852 1954 3881 Ouid.
1967 3854 2033 3887 Met.
2045 3864 2075 3889 4,
2089 3857 2138 3888 619
2163 3853 2300 3889 Gorgonei

270 3898 334 3925 Arte
351 3899 410 3925 Am.
425 3907 448 3933 3,
461 3906 522 3931 499·
590 3899 685 3926 Reflcit
697 3897 800 3924 animos
813 3897 925 3924 varietas
938 3897 1070 3932 Quinctil.
1081 3906 1101 3930 ι,
1117 3905 1155 3930 12,
1167 3905 1196 3937 4.
1232 3894 1308 3932 Conf.
1363 3901 1452 3930 guttae
1465 3896 1582 3924 cecidere
1594 3897 1733 3924 eruentae,
1769 3891 1842 3925 Quas
1861 3889 1957 3916 humus
1975 3896 2094 3926 exceptas
2111 3890 2218 3924 varios,
2232 3889 2320 3916 anima

269 3943 299 3968 4,
316 3943 336 3967 i,
349 3942 394 3966 49.
448 3934 581 3968 Refringit
593 3941 618 3960 et
630 3933 724 3961 abiicit
736 3932 854 3959 animuin
866 3933 952 3967 pudor
965 3932 1152 3970 vapulantibus
1165 3930 1307 3960 iuuenibus
1314 3939 1468 3978 105angues.
1537 3928 1670 3960 Columei.
1683 3931 1709 3961 8,
1722 3933 1746 3967 5?
1759 3934 1788 3954 ¹0
1811 3924 1972 3954 Animffltul'
1986 3934 2048 3960 ⁰1¹³,
2060 3931 2087 3953 ‘ff
2100 3926 2129 3953 21²
2141 3925 2253 3961 speeiem
2264 3922 2393 3984 V0¹¹¹·m'⁷

2408 4123 2470 4182 m
