2474 4182
21 169 101 213 997
412 154 447 195 c
518 125 557 194 'o
637 153 677 193 G
1518 157 1554 200 c
1636 159 1671 200 o
1751 159 1789 200 G
2101 174 2180 220 993

22 257 56 281 ις.
111 247 204 282 Copias
224 252 317 280 cogere
336 245 364 272 in
382 254 463 272 vnum
484 244 570 271 locum
593 242 664 269 Idem
684 241 749 267 Bell.
764 241 832 269 Gall.
852 251 877 274 ε,
898 251 917 276 3.
944 248 967 269 ct
986 244 1017 275 6,
1036 252 1060 274 9.
1126 243 1205 276 dicit,
1227 244 1296 270 Dare
1309 251 1398 281 corpus
1410 247 1597 283 medicamento,
1623 253 1640 277 ι’.
1655 249 1762 285 efficere,
1784 256 1814 277 ve
1828 249 1977 279 cohaereant
1991 259 2079 288 partes
2093 259 2119 282 in
2134 266 2181 283 em-

23 284 170 313 Exercitum
183 290 275 316 cogere
288 282 317 307 in
332 291 413 308 vuum
428 281 515 307 locum
537 280 591 306 Cic.
607 279 717 319 1131101)-
727 287 774 317 ,,4.
847 279 980 319 Qinc'iil.
994 287 1020 314 7,
1035 288 1061 312 2,
1118 277 1215 319 plastvjo
1226 280 1358 312 Ce1133318
1380 283 1485 315 Qubus
1493 285 1617 312 adiicitur
1627 288 1751 322 unguenti
1761 287 1836 320 irini,
1848 293 1977 322 quantum
1992 289 2052 315 satis
2068 292 2102 317 est
2110 292 2141 318 ad
2150 301 2180 319 ea

13 329 51 352 :19
69 321 107 346 De
119 327 172 345 vno
185 318 255 344 enim
270 326 316 344 reo
328 317 474 344 Consilium
491 316 602 349 cogitur.
673 313 769 353 billinc.
789 314 821 342 ad
833 316 887 341 Cic.
906 316 974 341 ¹Eam.
990 324 1018 347 4,
1033 323 1060 340 12.
1125 314 1269 354 mollienda
1278 323 1355 350 atque
1364 319 1486 351 cogendi.
1502 321 1604 354 Cogere
1611 323 1799 350 medicamenta
1808 324 1836 350 in
1843 323 1960 358 pastillos
1968 324 2051 350 Scrib.
2061 334 2110 356 110,
2121 335 2178 359 ¹49·

13 354 108 383 {Postea
127 355 152 380 se
171 362 185 380 a
199 354 325 380 Marcello
338 353 371 380 ad
385 361 426 380 me
440 351 542 378 miss'um
556 349 618 380 eise,
635 357 681 383 qiu
695 349 760 390 haec⁴
771 351 903 377 nuntiaret
913 371 921 383 ,
943 356 968 377 ct
983 359 1057 384 roga·
1124 351 1190 390 Plin.
1205 359 1244 382 23,
1259 360 1275 385 7
1292 352 1312 391 s.
1329 354 1365 385 64
1389 356 1417 379 dc
1430 353 1494 380 iac-ic
1509 356 1637 391 caprifici,
1659 360 1802 393 Exceptum
1817 360 1859 392 id,
1873 359 2049 395 coa&u111q11e
2062 361 2091 386 in
2105 362 2177 388 duri.

14 397 75 421 1101,
96 390 134 416 vti
153 399 274 424 cogerem
289 389 412 416 medicos.
460 385 557 419 coegi,
578 392 603 410 et
619 393 651 410 eo
670 386 781 420 vestigio
800 396 832 413 eo
846 387 900 412 sum
913 386 1056 421 profecius.
1085 393 1099 418 ς
1124 391 1204 418 nam,
1225 387 1380 415 suauitatem
1394 389 1516 416 carnibus
1529 391 1611 417 affert.
1682 394 1747 421 Plin.
1766 404 1799 428 11,
1811 404 1841 427 31.
1861 395 1947 422 Multa
1968 403 2056 422 autem
2077 395 2176 422 insecta

14 425 256 460 'sii-SuetonNesp.
267 435 288 451 c.
301 431 325 455 18
346 422 631 460 quidamlrguntPoetas
640 422 827 454 praestantcset
840 422 954 449 artifices
962 421 1057 454 coegit.
1126 428 1151 448 et
1165 421 1242 448 aliter
1259 424 1417 457 nascuntur,
1436 432 1514 460 atque
1535 427 1562 452 in
1577 428 1669 460 primis
1691 438 1722 456 ex
1743 439 1812 457 roi-e.
1885 431 1980 458 inlidet
1999 432 2044 458 hic
2064 431 2177 465 raphani

25 462 97 497 Vulg.
112 461 227 488 Co'cznit.
299 460 398 487 Milites
411 465 502 493 cogere
516 457 587 482 Caes.
604 457 666 482 Bell.
681 458 748 484 Gall.
764 466 785 490 ς,
799 467 836 489 39.
908 456 1059 484 Multitudi-
1128 457 1214 489 folio,
1234 459 1322 491 primo
1342 469 1419 492 vere,
1438 469 1466 488 ,et
1486 462 1600 496 spili‘atus
1621 463 1674 488 sole
1695 465 1723 490 in
1742 467 1955 501 magnitudinem
1974 467 2047 494 milii
2063 467 2180 501 cogitur-

21 496 234 527 11011111011111111111
248 505 349 531 cogere,
369 502 477 524 armare,
499 492 625 519 instruere
644 493 699 519 Cic.
715 503 763 528 pro
778 494 881 520 Caecin.
892 501 922 525 ‚¹9
969 493 1058 518 Socios
1126 492 1190 519 Inde
1203 495 1352 527 porrigitur
1366 497 1527 523 vermiculus
1542 507 1655 532 paruus,
1671 506 1696 525 et
1710 500 1800 527 triduo
1815 511 1877 528 mox
1891 512 1977 529 eruca.
2164 504 2181 529 6

18 531 52 560 ad
64 533 151 559 locum
165 533 279 567 aliquem
295 532 366 565 Virg.
381 530 443 555 Aen.
456 537 484 560 4,
498 533 555 561 289.
628 529 744 562 I’ropert.
757 539 785 562 4,
801 539 809 555 1
820 549 827 561 ,
841 538 863 561 13
891 528 1004 555 But-cina
1016 536 1058 554 co·
1126 529 1245 569 Cogere,
1259 536 1309 564 pro
1323 531 1468 558 Concludere
1488 541 1511 559 et
1526 542 1669 559 caminizi-ere
1687 538 1714 560 in
1735 541 1895 571 ratiociniis,
1916 546 1939 565 ee
1959 538 2126 575 disputationi
2144 548 2180 565 us.

20 567 97 603 gebat
109 569 205 602 priscos
220 567 250 594 ad
265 566 342 593 verba
357 563 484 597 Qiirites.
557 564 613 590 Cic.
626 564 657 590 dc
671 564 728 591 Fin.
742 574 765 597 3,
780 573 797 599 7
820 574 842 592 c.
858 573 873 591 2
894 565 963 590 Dum
983 564 1058 589 Sena·
1076 572 1105 590 10
1126 566 1183 590 Cic,
1199 563 1230 590 de
1246 565 1341 592 Natur.
1354 567 1434 593 Deor.
1451 577 1471 599 3,
1485 577 1512 600 33
1532 578 1554 595 c.
1571 578 1594 600 13
1621 570 1829 599 Innumerabilia
1849 574 1924 607 sunt,
1945 583 1976 601 cx
1991 574 2090 610 quibus
2108 573 2182 601 effici

8 611 61 631 πως
73 609 211 638 cogeretur
226 602 292 628 nihil
307 607 400 635 operae
414 599 536 634 Reipubl.
550 599 696 626 detrahens.
735 601 807 636 Conf.
824 600 895 627 Idem
909 601 980 626 Fam.
993 606 1018 632 ς,
1033 607 1058 625 2.
1127 599 1239 634 cogique
1254 600 1341 635 polilt,
1356 601 1424 628 nihil
1439 605 1504 635 elie,
1519 605 1591 639 quod
1606 605 1706 631 sensum
1721 606 1825 640 habeat,
1839 610 1905 643 quin
1921 610 1948 636 id
1962 610 2084 638 intereat.
2138 609 2182 637 Id.

19 640 122 673 Cogere
130 639 265 674 pecuniam
280 647 294 663 a
306 635 456 667 ciuitatibus
470 636 611 662 statuarum
619 637 728 662 nomine
753 638 809 663 Cic.
819 638 982 673 Verr.2,149
990 642 1059 669 057.
1127 635 1159 661 dc
1174 636 1264 662 Inuen.
1279 645 1303 668 1,
1318 641 1349 671 87
1371 647 1392 663 t·
1407 646 1443 672 47
1465 640 1562 673 Aliud,
1584 649 1662 674 quam
1679 642 1840 676 cogebatur,
1859 645 1962 672 illatum
1978 646 2023 672 est.
2093 647 2125 673 Ee
2145 645 2180 673 de

19 675 158 702 Pecuniam
171 683 263 709 cogere
281 681 310 698 ex
326 671 440 698 decumis
455 672 645 706 imperatorum
667 672 738 698 Idem
754 681 802 707 pro
816 673 905 698 Rabir.
920 671 1004 698 Posth.
1020 679 1059 702 30-
1127 672 1191 698 Fato
1208 681 1230 698 c.
1246 679 1259 704 ς
1285 673 1340 705 Qii
1353 678 1441 699 autem
1458 683 1490 700 ex
1505 685 1537 701 eo
1552 676 1610 710 cogi
1625 683 1713 710 putat,
1734 687 1765 703 ne
1786 684 1815 705 vt
1834 680 1967 707 sedeamus
1990 681 2114 716 quidem,
2133 686 2180 709 aut

25 710 83 738 Vici.
99 716 258 739 coaetos.
330 708 431 733 Aurum
451 716 545 742 cogere
567 708 594 734 in
610 709 668 734 vsus
682 708 810 734 humanos
825 708 916 733 Horat.
933 709 1020 733 Carni.
1036 715 1059 738 3,
1127 706 1308 740 ambulemus,
1329 709 1475 735 voluntatis
1488 712 1536 736 csse
1551 722 1558 741 ς
1588 713 1608 738 is
1624 721 1678 738 non
1692 713 1781 745 videt,
1802 723 1869 748 quae
1893 725 2026 752 quamque
2058 726 2117 744 reni
2137 725 2180 744 res

10 754 44 778 «3,
57 753 91 778 51.
144 745 240 779 Stipem
254 742 309 769 Cic.
323 742 355 770 de
368 743 460 777 chib.
476 752 498 775 ε,
513 752 553 770 22.
610 744 776 779 Stipendium
795 743 868 769 Idem
883 744 959 769 Verr.
976 752 984 768 1
995 763 1002 774 ,
1017 750 1060 776 70.
1079 752 1104 778 ¹5
1127 743 1311 778 consequatur.
1382 746 1413 770 Et
1432 754 1453 771 c.
1468 748 1496 771 16
1518 747 1597 772 Ratio
1612 747 1665 781 ipsa
1680 755 1769 783 coget,
1791 756 1817 776 et
1829 759 1860 776 cx
1874 752 2029 779 aeternitate
2048 753 2181 787 quaedam

10 778 77 808 ῚῚ5011.
91 780 123 808 de
138 782 177 807 Ira
193 789 210 810 1,
225 787 240 813 7
258 779 397 812 Optimum
412 779 521 813 quidam
535 785 635 814 putant,
643 786 789 814 temperare
801 779 876 809 iram,
884 787 938 804 non
952 779 1058 808 tollere,
1128 779 1176 804 ess‘e
1190 788 1268 813 vera,
1288 785 1314 806 et
1327 788 1357 806 ea
1371 789 1425 807 non
1438 781 1487 807 effe
1506 790 1573 808 nexa
1588 783 1667 809 caulis
1682 786 1812 818 aeternis,
1834 791 1859 812 01
1874 795 1890 813 a
1902 787 1953 814 fati
1964 788 2109 816 necessitate
2129 788 2180 818 effe

10 818 107 851 &oque
120 814 250 843 detraflo.
272 815 344 849 quod
359 816 487 845 exundat.
506 815 537 841 ad
551 816 688 842 salutarem
703 814 811 841 modum
827 822 929 848 cogere.
985 813 1059 840 Paul·
1125 813 1221 842 libera.
1278 816 1320 844 Sic
1333 816 1429 843 Lucan.
1444 817 1475 844 ad
1488 817 1574 844 Pison.
1589 826 1620 849 59

10 849 19 882 Γ
33 861 60 879 us
79 852 95 878 l.
107 852 135 878 in
148 849 275 878 fraudem.
304 851 334 877 1).
349 850 380 876 de
395 851 445 877 iur.
462 851 513 877 fasc.
543 851 604 877 Eius
620 851 704 882 bona,
727 851 774 885 qui
795 849 843 876 libi
864 857 978 877 mortem
998 858 1059 876 con·
1281 851 1332 878 Seu
1351 852 1425 879 iuuat
1443 852 1577 880 adstrictas
1598 853 1627 879 in
1652 853 1752 880 nodum
1773 865 1867 891 cogere
1887 866 1983 894 voces,

14 852 112 920 li‘ciuit,
130 895 182 913 non
202 893 260 913 ante
280 886 312 912 ad
331 886 422 913 fiscum
444 892 590 921 coguntur,
607 895 686 922 quam
704 887 777 918 prius
798 885 960 917 constiterit,
981 885 1056 911 cuius
1280 888 1312 913 Et
1332 887 1394 915 dare
1414 888 1506 915 subtili
1526 889 1632 916 vinacia
1650 889 1734 915 verba
1751 898 1854 918 catenae

18 922 137 952 criminis
155 922 238 956 gratia
252 931 342 948 manus
356 922 405 949 fibi
419 922 548 949 intulerit.
618 921 698 948 Ouid.
715 921 792 956 Epist.
807 921 895 947 Sabin.
916 929 944 953 3,
964 927 994 954 73
1025 921 1056 947 Et
1070 933 1104 951 20
1280 923 1345 950 Vim
1359 924 1530 957 Laertiadae,
1549 924 1709 952 breuitatem
1724 926 1810 952 'vincis
1826 928 1942 956 Atridae.

2 980 5 985 ,
47 965 139 993 agnos,
151 957 232 984 video
241 978 249 990 ,
270 959 340 992 cogit
352 958 420 985 mihi
433 957 660 994 rapta'sumultus
669 978 677 990 ,
708 958 883 991 Armatacquc
897 962 988 991 petunt
999 957 1058 983 Per·
1163 962 1206 997 Cf)
1216 964 1235 984 G
1245 965 1261 985 E
1271 966 1292 985 N
1302 966 1315 986 8
1324 979 1332 991 ‚
1353 960 1430 987 entis.
1465 961 1559 987 Partic.
1596 960 1609 994 [
1617 960 1776 996 oe'vmyndg'wv]
1819 963 1863 994 Vt,
1876 965 1986 990 Arbores
2000 965 2085 998 Aliae,
2098 965 2181 993 nullis

0 990 10 1036 ξ
34 993 98 1021 31113
110 993 185 1020 1111110
209 1000 283 1020 rates.
337 995 434 1029 Cogit,
453 997 471 1021 i.
492 997 607 1024 concitat;
628 992 772 1027 occasionem
796 999 860 1019 certe
879 992 931 1019 illis
946 992 1057 1028 praebet.
1123 991 1264 1019 hommum
1281 995 1447 1029 cogentibus,
1461 996 1532 1030 ipsae
1553 998 1646 1031 sponte
1660 997 1705 1023 sua
1726 997 1839 1024 venium
1859 998 1957 1032 Virgil.
1973 1000 2070 1034 Georg.
2090 1009 2122 1033 2,
2141 1011 2180 1029 10.

3 1035 17 1057 ,³
42 1029 91 1056 ites
103 1029 234 1064 cogendae
243 1030 269 1056 in
284 1030 395 1063 sulcum,
414 1034 431 1056 i.
447 1030 475 1057 in
488 1030 609 1056 ordinem
623 1028 828 1064 componendae,
841 1034 885 1055 aut
899 1035 970 1055 certe
984 1036 1058 1054 aran-
1124 1028 1198 1065 Cons.
1213 1028 1286 1055 Idem
1301 1032 1366 1057 Aen.
1383 1040 1417 1064 12,
1430 1041 1489 1065 423-
1564 1033 1636 1058 Deus
1649 1041 1744 1067 cogens
1757 1039 1783 1060 et
1795 1039 1886 1060 vetans
1901 1034 1957 1060 Cic.
1972 1034 2003 1060 de
2012 1035 2104 1069 Legib.
2118 1045 2142 1068 2,
2156 1042 2179 1067 3.

2 1064 15 1085 ¹¹
35 1074 64 1093 30
77 1065 174 1100 Virgil.
185 1066 281 1097 Georsq.
297 1074 322 1097 2,
336 1068 378 1092 62.
416 1066 531 1093 Seruius.
603 1066 706 1100 Cogere
719 1065 747 1091 in
760 1064 896 1095 ordinem,
916 1067 954 1091 rei
966 1064 1059 1102 milita·
1125 1064 1164 1090 Re
1177 1071 1287 1099 cogente
1304 1067 1440 1100 profectus
1454 1067 1490 1094 est
1507 1067 1590 1095 Ouid.
1607 1068 1685 1103 Epist.
1702 1076 1742 1103 17,
1756 1076 1804 1103 155.

14 1105 18 1129 5
31 1104 54 1128 is
61 1100 177 1138 formula
189 1094 304 1132 uid.-tii›-,·
325 1103 418 1128 milites
429 1105 492 1128 enim
507 1111 521 1128 a
529 1101 585 1137 ficis
597 1101 696 1127 ducibus
710 1101 739 1127 in
750 1100 871 1127 ordinem
888 1101 936 1131 ire,
948 1105 972 1125 et
986 1097 1059 1124 ordl—
1071 1104 1104 1131 25
1160 1105 1178 1126 C
1191 1106 1209 1126 O
1220 1107 1243 1127 A
1252 1108 1268 1128 C
1277 1108 1297 1130 T
1307 1109 1328 1128 v
1337 1109 1350 1129 s
1359 1123 1367 1134 ,
1393 1112 1422 1136 a,
1450 1112 1504 1130 um.
1542 1103 1636 1130 Partic.
1675 1104 1847 1139 [συναχθεὶς]
1896 1105 1949 1136 Ve,
1970 1104 2085 1131 0036130
2100 1114 2183 1132 naues

4 1139 8 1143 ’
35 1145 61 1164 es
78 1137 183 1165 seruarc
196 1144 316 1174 cogantur
330 1147 337 1162 :
363 1137 427 1164 vnde
439 1139 501 1169 alii,
520 1140 563 1172 qui
578 1144 667 1163 contra
685 1139 725 1163 ius
731 1137 804 1174 fitam
824 1136 961 1163 libertatem
978 1136 1060 1160 minui
1126 1135 1199 1163 Caes.
1214 1136 1277 1163 Bell.
1292 1137 1376 1165 Ciuil.
1394 1148 1414 1172 1,
1428 1148 1470 1172 34,
1543 1139 1645 1174 Copiae
1660 1139 1689 1165 in
1704 1149 1786 1166 vnum
1800 1142 1888 1167 locum
1902 1140 2009 1167 0036130
2022 1141 2079 1168 Cic.
2092 1142 2146 1167 Att.
2159 1146 2183 1172 Β,

28 1172 128 1199 udicare
142 1174 240 1204 uolunt,
261 1174 289 1200 in
302 1172 424 1200 ordinem
438 1173 462 1199 se
478 1173 537 1207 cogi
556 1179 699 1208 queruntur.
742 1173 783 1201 Sic
798 1173 857 1199 Liu.
870 1180 892 1204 3,
906 1178 930 1204 31
949 1171 1059 1196 Decem·
1128 1179 1165 1204 19.
1221 1173 1358 1201 Exercitus
1374 1174 1402 1201 in
1417 1184 1499 1201 vnum
1513 1175 1604 1202 locum
1619 1175 1726 1202 coaetus
1745 1175 1819 1203 Idem
1833 1178 1905 1203 Fam.
1920 1185 1955 1210 15,
1969 1185 1996 1210 4.
2068 1177 2183 1203 Pecunia

35 1208 71 1236 iri
84 1217 240 1243 queruntur,
249 1209 273 1236 se
286 1208 425 1244 apatribus
433 1210 462 1235 in
468 1209 589 1236 ordinem
599 1209 667 1244 cogi.
722 1209 821 1241 Et25‚3
838 1206 947 1234 Fuluius
960 1205 1059 1232 Consul
1126 1206 1216 1234 003613
1229 1208 1261 1235 ad
1274 1217 1351 1244 agros
1365 1211 1490 1238 emendos
1505 1212 1561 1238 Cic.
1577 1211 1610 1238 de
1622 1212 1692 1246 Lege
1702 1212 1765 1246 Agr.
1803 1232 1810 1239 .
1849 1232 1855 1239 .
1894 1232 1901 1239 .
1953 1213 2027 1239 Idem
2042 1221 2092 1247 pro
2105 1213 2183 1239 Caec.

26 1245 47 1272 Γ
49 1244 170 1277 ribunis,
191 1245 289 1272 Nonne
309 1244 420 1277 videtis,
447 1248 546 1281 inquit,
570 1245 599 1271 in
618 1244 740 1272 ordinem
762 1253 809 1271 vos
828 1241 931 1269 coa&os
947 1242 1013 1274 eise,
1033 1247 1060 1269 et
1125 1250 1158 1276 59
1179 1244 1258 1271 Certe
1272 1246 1345 1280 cogit
1359 1247 1397 1280 is,
1417 1248 1464 1282 qui
1477 1253 1620 1282 congregat
1640 1247 1762 1274 homines
1776 1254 1802 1275 et
1814 1254 1952 1275 conuocat.
2009 1249 2104 1275 coacti
2123 1249 2184 1276 sunt

33 1289 75 1307 em
88 1280 120 1307 ad
133 1280 289 1308 seditionem
304 1279 427 1315 spectare.
503 1281 535 1307 Et
546 1290 568 1307 c.
580 1290 599 1314 4
619 1280 764 1307 Postumius
776 1277 907 1314 Pyrgenfis
920 1278 1059 1314 accusatur,
1072 1286 1104 1310 30
1126 1279 1164 1311 11,
1184 1280 1233 1314 qui
1246 1280 1280 1307 ab
1295 1282 1387 1317 aliquo
1406 1283 1464 1310 sunt
1476 1293 1560 1310 vnum
1580 1285 1609 1310 in
1621 1283 1711 1311 locum
1725 1285 1886 1320 congregati.
1960 1284 2055 1311 (Σο-’1011
2075 1284 2184 1311 armati·

49 1315 159 1343 ribunos
173 1316 202 1343 in
214 1316 336 1343 ordinem
348 1316 466 1351 co'e'giss'e.
519 1316 566 1344 sed
585 1317 644 1343 Liu.
658 1325 681 1350 3,
694 1324 722 1350 35
749 1315 846 1350 Appius
866 1314 916 1354 ipſs}
937 1314 966 1340 in
987 1313 1059 1341 ordi·
1126 1324 1179 1350 que
1193 1315 1316 1345 homines
1330 1318 1403 1345 Idem
1416 1319 1484 1346 ibid.
1499 1329 1520 1347 e.
1534 1328 1559 1353 9.
1617 1319 1733 1348 coactus
1753 1319 1943 1356 [ἀναγκασθεὶς]
1962 1327 1984 1346 et
1996 1321 2108 1355 Sponte,
2126 1329 2184 1346 con-

26 1360 77 1379 10111
91 1353 116 1379 se
128 1352 213 1386 cogit,
237 1355 255 1378 i.
269 1358 356 1379 contra
371 1356 396 1377 in
417 1356 496 1379 enium
505 1351 580 1389 ficum
594 1360 618 1378 et
631 1361 719 1380 morem
732 1350 875 1382 blanditur,
892 1349 1023 1386 submittit
1029 1349 1059 1386 fi
1124 1354 1218 1378 traria.
1255 1353 1312 1379 Sen.
1332 1354 1437 1381 Troad.
1461 1363 1506 1390 573
1539 1355 1640 1382 Coassta
1660 1356 1732 1383 dices
1746 1377 1755 1389 ,
1786 1357 1878 1392 sponte
1903 1355 1977 1390 quod
1997 1356 2050 1384 fari
2077 1356 2183 1383 abnuis.

35 1389 120 1424 apulo,
140 1395 186 1415 ctc.
256 1388 323 1415 Pliu.
338 1361 416 1423 Epis?
432 1397 451 1421 1,
467 1397 496 1420 23
521 1387 657 1419 Consulis,
676 1396 709 1413 an
729 1386 876 1413 existimem
890 1392 916 1412 te
930 1386 960 1412 in
972 1385 1057 1412 tribu-
1125 1386 1221 1413 003611
1246 1387 1413 1423 frequentius
1433 1391 1548 1418 reiicere
1569 1391 1689 1419 Sci-ibon.
1711 1401 1767 1425 194.
1842 1393 1998 1426 Auspicium
2015 1392 2136 1419 0036111111
2157 1397 2185 1418 et

38 1428 83 1451 atu
101 1425 186 1451 causas
207 1432 283 1459 agere
297 1424 412 1451 decere?
448 1424 595 1450 Plurimum
609 1423 706 1455 refert,
725 1421 790 1457 quid
809 1423 858 1450 esse
872 1421 1058 1448 Tribunatum
1125 1422 1272 1462 expressum
1293 1424 1350 1451 Cic.
1370 1425 1402 1452 de
1423 1427 1516 1453 Diuin.
1538 1436 1568 1460 2,
1589 1435 1630 1462 73.
1702 1428 1831 1454 Lacrimis
1850 1428 1924 1454 oculi
1944 1427 2070 1454 maduere
2084 1427 2185 1455 00381111

38 1465 108 1486 utes:
132 1457 239 1487 Inane'm
254 1460 385 1493 Vmbram,
404 1465 429 1486 et
443 1460 495 1486 sine
508 1459 609 1486 honore
622 1467 735 1484 nomen:
759 1467 793 1484 an
806 1457 960 1492 potestatem
974 1458 1059 1484 sacro·
1076 1468 1105 1494 35
1125 1457 1207 1484 Ouid.
1220 1459 1285 1486 Met.
1299 1463 1325 1492 6,
1339 1462 1395 1490 628.
1466 1463 1604 1490 Lacrimae
1623 1462 1744 1496 coaciae,
1774 1464 1808 1490 Vi
1826 1462 1947 1499 exprqffize
1966 1463 2063 1497 Virgil.
2077 1464 2141 1490 Aen.
2157 1471 2186 1495 2,

23 1495 150 1528 lanciam,
166 1501 192 1522 ct
205 1504 283 1531 quam
299 1495 327 1522 in
345 1495 467 1522 ordinem
482 1496 556 1528 cogi,
578 1499 606 1520 vt
625 1503 640 1521 a
659 1494 751 1526 nullo,
776 1494 814 1520 ita
832 1502 866 1520 ne
880 1502 895 1520 a
909 1494 934 1520 se
948 1493 1060 1529 quidem
1128 1495 1175 1527 196
1204 1495 1266 1531 legit
1286 1496 1387 1523 Seruius
1398 1506 1409 1526 ;
1444 1504 1471 1523 at
1490 1499 1590 1525 Pierius
1610 1500 1702 1534 aliique
1719 1500 1816 1526 malunt
1848 1499 1913 1525 cribi
1930 1498 1975 1524 hoc
1994 1501 2022 1524 in
2042 1499 2109 1531 loco,
2135 1499 2186 1525 La-

22 1523 23 1530 *
36 1536 106 1557 cecat
119 1532 128 1557 3
178 1531 249 1558 Idem
270 1531 346 1566 Epist.
360 1539 391 1563 2,
406 1533 423 1556 6
443 1529 624 1566 frugalitatem
637 1529 711 1566 fiiam
725 1527 848 1562 ostendere
869 1531 970 1562 volens,
987 1536 1011 1556 et
1028 1532 1058 1556 in
1127 1529 1218 1556 crimis
1232 1531 1326 1558 coaffl.
1399 1533 1480 1559 Oculi
1493 1533 1596 1561 discunt
1610 1534 1749 1561 lacrimare
1763 1542 1828 1561 coac
1840 1535 1850 1561 i
1865 1533 1948 1561 Ouid.
1965 1534 2056 1561 Amor.
2070 1543 2080 1561 1
2089 1554 2097 1567 ,
2111 1539 2134 1566 8,
2148 1539 2185 1566 83.

35 1563 87 1592 iHu
95 1565 284 1602 parsimoniam,
303 1565 407 1601 Liberti
420 1566 473 1591 mei
485 1573 539 1592 non
553 1565 634 1598 idem,
648 1565 721 1600 quod
736 1573 795 1599 ego,
810 1565 917 1597 bibunt,
927 1565 971 1592 sed
984 1565 1057 1591 idem
1125 1566 1298 1594 Sen.Troad.
1314 1573 1358 1602 871
1377 1568 1417 1595 Ad
1431 1568 1569 1597 3116101·οι11
1585 1569 1655 1596 redit
1663 1570 1773 1597 Sceleris
1791 1570 1878 1597 003611
1891 1569 1977 1605 culpa.
2034 1569 2187 1597 Thalamus

0 1618 6 1631 2
34 1610 78 1636 go,
86 1601 273 1636 quodliberti:
298 1606 324 1628 et
341 1600 492 1627 mehercule
506 1601 524 1627 si
539 1601 615 1635 gulae
628 1607 775 1635 temperes,
792 1609 847 1627 non
861 1601 896 1628 est
909 1602 1061 1633 onerosum,
1128 1601 1244 1635 coac'tus,
1263 1607 1282 1631 i.
1296 1605 1377 1630 Venus
1388 1606 1506 1637 violenta,
1519 1612 1543 1632 et
1560 1609 1652 1632 vitium
1664 1613 1713 1642 per
1727 1609 1780 1633 vim
1795 1606 1901 1633 oblatum
1913 1608 2014 1643 virgini
2027 1605 2187 1633 Stat.Theb.

0 1634 13 1667 Β
37 1645 72 1663 110
86 1637 166 1663 vtaris
183 1636 251 1671 ipse,
271 1637 468 1664 communicare
488 1645 548 1662 cum
564 1636 694 1670 pluribus.
731 1636 781 1663 1113
800 1645 865 1671 ergo
883 1637 1061 1672 reprimenda,
1069 1649 1107 1674 40
1127 1644 1150 1670 ς,
1162 1640 1223 1672 463.
1294 1640 1403 1667 Vertice
1416 1641 1510 1668 003ἃο
1523 1641 1637 1669 humum
1649 1643 1780 1676 attingens
1796 1642 1891 1677 pinus,
1911 1644 1931 1668 i.
1945 1641 2039 1679 inflexo
2053 1641 2188 1676 Semi-lip-

37 1672 59 1698 la
72 1671 144 1707 quali
156 1673 184 1699 in
198 1672 321 1700 ordinem
335 1672 479 1707 redigenda
491 1671 538 1705 est,
559 1672 578 1699 si
592 1671 722 1698 sumtibus
740 1681 837 1707 parcas.
876 1674 946 1699 Hinc
958 1672 1061 1699 videtur
1129 1674 1182 1707 pol.
1198 1682 1261 1707 1223.
1316 1676 1428 1709 Quinc't.
1443 1679 1469 1709 6,
1484 1686 1506 1710 3,
1523 1687 1572 1712 104
1592 1677 1733 1704 Vrbanitas
1752 1678 1789 1704 est
1802 1678 1894 1705 Virtus
1913 1677 2045 1713 quaedam
2058 1677 2088 1704 in
2102 1676 2188 1704 breue

34 1715 76 1735 ata
100 1709 180 1735 altera
190 1707 361 1745 significatio,
381 1717 430 1744 qua
640 1705 660 1746 ff
688 1716 705 1734 2
742 1709 859 1742 Cogere,
886 1707 1061 1742 [dvocyxalffeig
1126 1708 1230 1736 dicium
1252 1710 1351 1738 coacta.
1423 1713 1508 1739 Multa
1522 1720 1578 1739 arte
1590 1713 1712 1740 0036111111
1724 1713 1791 1741 ebur
1804 1714 1893 1740 Valer.
1907 1715 2008 1748 Argon.
2023 1722 2057 1746 2,
2072 1715 2139 1747 464.
2167 1715 2189 1741 i.

37 1742 147 1778 ιοέξιᾶαι,
160 1743 317 1779 οἰγγμριύειν]
337 1741 371 1776 est
385 1742 546 1778 necessitatem
557 1742 659 1778 adferre
672 1742 772 1779 agendi,
784 1750 808 1769 et
820 1744 862 1769 vel
873 1746 902 1769 vi
915 1749 940 1770 et
950 1746 1063 1779 imperio,
1126 1745 1266 1772 laboratum
1281 1754 1304 1773 et
1310 1748 1446 1784 scalptum.
1517 1748 1611 1775 Fabris
1628 1749 1735 1784 publice
1752 1749 1869 1783 0036110,
1886 1750 2028 1785 operisque
2047 1747 2187 1784 imperatis

41 1779 173 1816 auibus-que
190 1779 263 1814 adeo,
282 1780 323 1806 vel
339 1786 403 1806 certe
414 1779 496 1815 firma
514 1780 565 1804 alia
585 1781 681 1805 ratione
700 1779 805 1815 aliquem
819 1778 854 1806 ad
871 1779 1008 1816 agendum,
1021 1780 1063 1806 vel
1129 1780 1304 1809 exaedificare
1317 1783 1421 1818 aliquid
1439 1784 1496 1810 Cic.
1512 1785 1589 1811 Verr.
1605 1792 1628 1818 ς,
1641 1792 1686 1820 47.
1760 1785 1852 1812 Gladii
1864 1785 1951 1812 coadki
1970 1785 2067 1812 Lucan.
2080 1793 2110 1818 3,
2133 1793 2188 1818 323.

29 1814 229 1841 ›nm-mittendum
247 1814 344 1851 aliquid
360 1823 461 1841 mouere.
527 1814 582 1840 Cic.
596 1812 672 1840 offic.
693 1822 706 1846 3
733 1823 755 1840 c.
775 1823 800 1847 13
830 1815 906 1841 Num
927 1821 953 1842 te
973 1823 1061 1842 emere
1076 1823 1111 1850 45
1130 1818 1149 1842 i.
1162 1820 1266 1843 armati.
1339 1819 1426 1846 Lanae
1438 1829 1486 1855 per
1497 1821 1524 1846 se
1538 1820 1644 1848 0036130
1657 1821 1755 1848 vestem
1769 1821 1872 1848 faciunt
1884 1822 1952 1848 Plin.
1963 1826 1988 1854 8,
2002 1825 2045 1855 48.
2116 1821 2189 1856 Ope-

33 1850 115 1885 00511,
130 1850 177 1885 qui
189 1859 224 1877 110
235 1849 353 1877 hortatus
366 1849 474 1885 quidem
487 1848 541 1876 est?
577 1850 618 1877 Sic
632 1849 660 1876 ile
674 1848 805 1883 effe-{tibus
817 1851 976 1877 naturalibus
988 1851 1063 1877 medi·
1129 1851 1167 1878 ris
1188 1852 1295 1886 publice
1316 1854 1415 1882 coaffis
1428 1856 1568 1883 aedificare
1581 1865 1678 1884 nauem
1694 1857 1750 1884 Cic.
1765 1859 1843 1885 Verr.
1858 1866 1883 1890 2,
1900 1866 1934 1890 13.
2008 1856 2108 1884 Coacta
2122 1856 2189 1889 alui¹

20 1881 261 1925 imnentorumfizepe
273 1885 442 1919 Scribonius,
460 1891 505 1918 vt,
519 1886 621 1920 Cogere
641 1885 733 1912 cadere
746 1886 966 1913 haemorrhoides
980 1886 1063 1913 Scrib.
1128 1888 1291 1916 Excrementa
1307 1890 1375 1926 apud
1387 1891 1481 1928 Celsum
1491 1892 1570 1929 sunt,
1589 1902 1648 1928 quae
1665 1894 1833 1928 Hippocrates
1852 1893 1895 1920 lib.
1910 1903 1925 1920 2
1945 1891 2074 1930 Prognqst.
2094 1903 2189 1922 σννεςη-

24 1929 77 1956 227.
133 1921 216 1948 Coire
226 1921 322 1948 vulnus
338 1930 386 1949 121.
438 1922 575 1948 Deum-are
596 1928 640 1956 70.
690 1921 848 1948 Cicatricem
866 1922 961 1949 ducere
974 1922 1064 1949 vlcera
1129 1923 1193 1949 κάτα
1206 1924 1285 1957 dicit,
1305 1926 1334 1952 id
1346 1924 1395 1960 est,
1415 1934 1445 1954 vt
1459 1935 1562 1955 enarrat
1575 1929 1699 1962 Galenus,
1719 1928 1755 1962 μή
1769 1928 1799 1962 ¹57
1816 1928 1832 1955 οὲ
1845 1930 1948 1962 τελέως,
1965 1929 1993 1955 ὥς
2007 1927 2112 1956 &brahen
2124 1926 2190 1966 διαρ-

35 1959 77 1984 06.
93 1964 150 1992 217.
200 1958 342 1985 Exululare
358 1966 415 1992 194.
470 1957 539 1983 Ter.
553 1955 665 1991 Adelph.
679 1965 707 1990 3,
726 1966 762 1991 4,
781 1967 820 1992 44
851 1958 932 1992 Qiod
951 1967 1000 1985 vos
1020 1959 1062 1985 ius
1128 1960 1192 1994 ῥεῖν,
1210 1959 1283 1986 «ἑλλοὶ
1303 1963 1380 1998 μέχρι
1399 1964 1432 1989 τί
1448 1965 1526 1996 μένειν
1545 1964 1708 1996 συνεςηκότοι,
1731 1964 1760 1991 id
1780 1975 1791 1992 e
1833 1975 1882 1992 non
1901 1966 2005 1992 multum
2025 1964 2138 2000 liquida,
2157 1969 2190 1991 ut

31 1993 104 2028 ogit,
124 1992 153 2020 id
163 1994 302 2020 voluntate
315 1993 447 2027 impetret.
474 2017 477 2018 .
520 1992 595 2027 Virg.
611 1993 675 2018 Aen.
688 2001 715 2025 2,
728 1995 759 2026 56
778 1993 852 2028 Quid
867 2003 922 2021 non
937 1995 1064 2021 mortalia
1078 2002 1110 2029 50
1131 1994 1243 2029 diffluere
1252 1997 1362 2032 poffint,
1376 1998 1425 2034 sed
1433 2006 1554 2034 quatenur
1567 1998 1724 2034 cmfilientia
1739 2008 1847 2027 manent.
1890 2001 1970 2027 Verba
1983 2000 2052 2027 Celsi
2067 2009 2094 2032 2,
2109 2005 2123 2029 8
2144 1999 2192 2025 Al-

0 2039 1 2046 *
35 2028 125 2056 cetera
143 2029 230 2064 cogis,
267 2029 336 2055 Auri
349 2030 420 2056 sacra
433 2027 532 2055 fames3
587 2029 619 2055 Et
631 2028 706 2055 Mori
717 2037 762 2056 me
775 2029 890 2065 denique
902 2031 974 2065 cogis
987 2031 1063 2065 Virg.
1129 2040 1179 2057 vus
1192 2032 1222 2057 in
1235 2031 1282 2059 hac
1296 2032 1452 2061 valetudine
1466 2043 1496 2062 ea
1508 2041 1565 2062 tuta
1578 2036 1630 2068 est,
1651 2045 1719 2070 quae
1734 2037 1857 2071 quotidie
1870 2036 1976 2067 003613,
1995 2044 2078 2070 eaque
2091 2043 2190 2061 conue-

0 2076 4 2097 ;
29 2064 69 2092 iel.
85 2073 110 2097 2,
124 2072 150 2100 7.
223 2064 340 2092 Audaces
354 2065 476 2100 cogimur
487 2064 536 2091 esse
548 2070 620 2091 metu
635 2064 715 2091 Ouid.
729 2065 815 2092 Trist.
830 2075 856 2098 1,
870 2074 892 2098 3,
910 2068 964 2093 106.
1035 2067 1064 2093 Si
1128 2066 1231 2093 nientia
1249 2067 1307 2101 his,
1333 2078 1401 2104 quae
1418 2071 1582 2097 assumuntur
1588 2090 1598 2103 ,
1624 2071 1721 2096 reddit.
1792 2070 1880 2097 Laffls
1897 2071 1975 2097 maffa
1994 2070 2081 2098 003611
2101 2070 2186 2097 Ouid.

0 2123 4 2129 .
34 2110 59 2128 es
75 2106 151 2135 coget
164 2100 222 2127 Cic.
235 2101 306 2128 Fam.
321 2109 341 2133 1,
355 2108 378 2134 ς.
450 2099 551 2127 Acerbe
569 2100 630 2135 cogi
648 2099 721 2127 Idem
733 2100 845 2136 Philipp.
862 2110 889 2134 1,
903 2111 935 2128 11.
991 2102 1063 2128 Con·
1126 2103 1191 2128 Met.
1200 2108 1223 2133 8,
1231 2105 1284 2129 666
1304 2105 1461 2138 Periphrafis
1469 2105 1545 2140 Casei.
1596 2105 1639 2133 Sic
1647 2105 1812 2133 Scriboxmu
1834 2105 1863 2133 de
1877 2107 2049 2133 medicamenti
2056 2106 2188 2142 partibus,

0 2134 2 2139 '
31 2135 92 2162 ’icio
108 2135 261 2171 aliquorum
275 2136 335 2170 cogi
355 2137 409 2163 Cic.
425 2138 463 2170 Q
474 2136 557 2162 Fratr.
571 2144 597 2168 1,
613 2144 651 2168 14.
722 2135 796 2162 Idem
809 2137 886 2162 Verr.
899 2146 922 2168 ς,
938 2142 971 2175 ‘9‘7
998 2145 1020 2161 c.
1033 2145 1060 2167 33
1129 2136 1263 2162 Omnibus
1277 2138 1306 2163 in
1318 2147 1402 2165 vnum
1417 2139 1485 2166 bene
1498 2140 1605 2168 coaffis.
1663 2141 1762 2169 Coac'ta
1782 2142 1843 2169 fatis
1860 2149 1920 2169 nata
1937 2143 1990 2169 fert
2001 2150 2107 2170 vterum
2126 2151 2187 2177 gra-

31 2172 125 2199 cautae
143 2172 213 2198 fame
232 2171 317 2198 003011
337 2171 437 2198 radices
455 2171 602 2205 palmarum
624 2170 765 2210 agrestium
801 2185 846 2191 ——-
873 2169 1063 2211 colligebant,
1080 2175 1110 2203 55
1130 2179 1191 2211 yem
1206 2171 1262 2198 Sen.
1278 2174 1433 2207 Agamemn.
1447 2184 1483 2208 33.
1539 2178 1659 2212 Propert.
1674 2186 1696 2210 3,
1713 2186 1758 2211 24,
1774 2186 1797 2204 11
1817 2179 1889 2204 Haec
1903 2187 1954 2213 ego
1966 2187 2021 2205 non
2034 2179 2118 2209 ferro,
2131 2187 2190 2205 non

37 2213 46 2233 t
59 2207 100 2234 his
112 2207 202 2233 miseri
215 2206 366 2241 perditique
380 2206 526 2233 alebantur.
598 2206 667 2240 Cogi
680 2205 786 2240 aliquid
797 2206 831 2233 ab
844 2205 957 2233 tribuno
969 2207 1062 2233 consu·
1130 2214 1191 2241 igne
1205 2208 1325 2242 coactus,
1339 2215 1366 2237 et
1378 2211 1434 2245 ipsa
1458 2212 1612 2247 Naufragus
1626 2214 1729 2247 Aegaea
1743 2213 1825 2240 verba
1839 2213 1946 2240 fatebor
1958 2223 2035 2248 aqua.
2091 2213 2189 2249 Inopia

0 2261 7 2268 .
33 2250 54 2268 :s
74 2243 176 2276 poffunt
194 2242 254 2268 Liu.
266 2252 299 2276 4,
320 2243 360 2268 26.
417 2240 491 2277 Conf.
507 2242 613 2268 Gronau.
629 2241 664 2268 ib.
696 2244 727 2268 it.
744 2242 817 2269 Grot.
829 2241 864 2269 ad
879 2242 942 2268 Luc.
955 2250 998 2275 14,
1017 2250 1058 2275 23.
1130 2243 1200 2270 Ter.
1215 2244 1298 2271 Andr.
1314 2254 1334 2277 1,
1350 2255 1370 2278 1,
1384 2256 1431 2280 44.
1504 2249 1546 2274 Ira
1565 2249 1624 2274 Seri.
1639 2248 1733 2274 oetan.
1748 2257 1772 2275 z.
1845 2249 1963 2283 Legibus
1977 2250 2046 2276 Ter.
2061 2249 2144 2275 Andr.
2156 2259 2189 2283 4,

0 2293 6 2308 7
34 2277 121 2312 {ogere
136 2277 239 2313 ‘equum
256 2276 367 2304 verbere
381 2277 677 2304 Claudian.sext.Cons.
685 2277 827 2305 Hon.2.26.
864 2278 906 2305 Sic
914 2277 960 2305 Sil.
970 2280 1062 2312 16,384
1129 2286 1159 2312 5,
1179 2288 1220 2312 41.
1291 2281 1366 2307 Metu
1387 2283 1517 2316 praesenti
1537 2283 1594 2310 Sen.
1607 2283 1702 2310 oetan.
1717 2291 1780 2318 724.
1854 2284 2009 2312 Necessitate
2028 2285 2101 2312 Caes.
2119 2284 2187 2312 Bell.

9 2329 14 2333 ·
33 2314 157 2340 'umantes
172 2312 284 2340 verbere
301 2313 362 2348 cogi
382 2313 485 2340 Affiduo
504 2313 638 2340 violenter
650 2321 742 2348 equos·
814 2313 870 2341 Cic.
886 2313 918 2340 de
931 2313 1024 2349 Legib.
1035 2323 1063 2346 2,
1131 2315 1200 2341 Gall.
1214 2319 1238 2346 8,
1254 2323 1294 2347 43.
1340 2316 1409 2351 Nep.
1424 2325 1449 2350 2,
1463 2322 1485 2348 8,
1498 2319 1523 2343 6.
1581 2319 1684 2345 Pauore
1701 2319 1774 2347 Caes.
1792 2319 1855 2346 Bell.
1869 2320 1937 2347 Gall.
1952 2325 1975 2352 8,
1989 2329 2023 2353 13.
2080 2321 2187 2347 Lucret.

34 2358 50 2382 4
71 2349 135 2376 Non
146 2349 237 2376 omnia
248 2349 278 2376 vi
294 2357 324 2375 ac
337 2349 417 2376 minis
437 2357 540 2384 cogere.
609 2348 678 2376 Ter.
692 2350 758 2376 Hec.
773 2357 802 2382 2,
820 2358 850 2382 2,
868 2351 903 2377 26
930 2350 967 2376 Vi
985 2350 1063 2384 coepi
1072 2358 1108 2383 60
1131 2358 1154 2381 3,
1169 2352 1200 2379 68
1230 2350 1300 2376 Dum
1315 2350 1381 2377 falso
1398 2357 1502 2379 terrore
1516 2353 1602 2380 003611
1641 2354 1761 2389 Effugiffe
1780 2356 1875 2382 volunt
1890 2356 1984 2391 longe,
2000 2356 2133 2391 longeque
2145 2365 2187 2383 re-

35 2393 131 2420 ogere,
150 2390 180 2411 vt
202 2384 310 2412 rediret.
521 2382 543 2423 fl
572 2393 585 2417 3
622 2384 670 2413 Sed
688 2394 737 2411 mm
749 2385 848 2422 semper
867 2384 910 2419 effi
935 2386 1064 2412 vehemens
1131 2383 1221 2424 111131ῑο.
1237 2420 1243 2425 θ
1268 2421 1273 2425 -
1293 2385 1434 2422 Tempore
1454 2394 1533 2424 atque
1553 2388 1645 2416 officio
1662 2390 1769 2418 madius
1785 2391 1818 2418 ad
1838 2392 2012 2419 accusandum
2033 2392 2190 2420 traducerer

37 2420 46 2447 l
63 2420 176 2452 uerbum,
194 2428 259 2448 certe
276 2423 350 2447 etiam
367 2420 432 2453 dici,
450 2420 494 2447 vbi
500 2423 604 2457 proprie
622 2418 718 2448 coaH'io
736 2422 814 2448 locum
832 2430 882 2447 non
899 2421 987 2452 habet,
1004 2420 1066 2459 haec
1131 2420 1188 2446 Cic.
1209 2420 1302 2447 Dium.
1335 2423 1365 2449 in
1385 2424 1460 2450 Cacc.
1489 2434 1515 2458 4.
1590 2426 1625 2452 Vi
1647 2426 1716 2454 Ter.
1731 2427 1837 2454 Phorm.
1852 2437 1873 2461 1,
1886 2438 1915 2463 4,
1927 2435 1967 2463 37.
2040 2428 2076 2454 Vi
2097 2433 2122 2455 et
2142 2437 2189 2455 ne-

34 2454 148 2487 liendunt
167 2466 176 2482 .·
211 2456 328 2483 Lucillus
348 2464 388 2493 ap.
402 2458 516 2484 Varron.
530 2457 559 2482 L.
573 2456 604 2483 L.
618 2466 653 2490 4,
670 2465 698 2483 10
724 2466 749 2491 p.
770 2462 812 2489 18,
827 2464 856 2489 19
884 2455 932 2482 Vis
947 2455 984 2480 est
997 2460 1064 2487 vna,
1130 2456 1238 2483 cessario
1256 2458 1344 2485 sumus
1364 2460 1393 2486 in
1415 2465 1522 2494 portum
1543 2461 1630 2488 coacti
1649 2462 1704 2489 Cic.
1719 2462 1752 2490 de
1764 2464 1867 2490 Inuent.
1882 2473 1914 2497 z,
1928 2469 1968 2497 98.
2041 2463 2115 2491 Idem
2136 2472 2189 2500 pro

39 2492 110 2526 ides,
128 2501 195 2528 quae
207 2501 255 2519 nos
268 2492 354 2519 facere
371 2493 462 2520 onmia
473 2492 554 2528 cogit.
624 2493 720 2518 Horat.
729 2491 808 2525 Epist.
824 2499 846 2531 1,
857 2499 884 2523 9,
897 2498 914 2517 2.
934 2490 1062 2530 Namhme
1130 2492 1220 2532 pomo
1239 2501 1269 2525 93
1297 2495 1328 2521 Et
1342 2497 1470 2530 quoniam
1484 2496 1535 2524 hoc
1549 2497 1737 2533 reprehendis,
1758 2499 1831 2534 quod
1845 2500 1929 2527 solere
1942 2509 1986 2526 1110
1999 2499 2070 2527 dicas
2090 2499 2123 2527 de
2142 2508 2189 2527 me

14 2536 19 2544 ¹
35 2537 53 2555 0
72 2533 112 2561 at,
129 2533 156 2555 et
167 2537 243 2564 prece
257 2528 336 2564 cogit.
388 2529 444 2556 Cic.
460 2529 532 2555 Fam.
544 2535 568 2561 ς,
583 2529 601 2554 6
624 2528 826 2567 Plurimumque
838 2534 868 2552 m
881 2534 913 2553 eo
925 2532 1063 2567 negotium
1078 2528 1110 2561 65
1130 2528 1189 2568 ipso
1202 2528 1343 2563 gloriosius
1362 2532 1513 2566 praedicare
1527 2544 1532 2559 :
1569 2534 1629 2569 quis
1643 2543 1759 2570 vnquam
1780 2535 1898 2568 audiuit,
1918 2545 2001 2571 quum
2021 2544 2071 2570 ego
2089 2536 2122 2563 de
2140 2545 2187 2563 me

41 2573 54 2591 a
74 2563 119 2597 ui,
138 2569 168 2591 vt
185 2564 338 2599 QFufium
371 2578 416 2585 ·—·
452 2570 574 2598 cogerem
588 2568 677 2597 potius
689 2561 759 2588 1111111
773 2561 897 2594 credere,
917 2571 997 2597 quam
1010 2568 1063 2589 tuis
1129 2563 1178 2590 mli
1192 2564 1299 2592 coactus
1312 2576 1341 2593 ac
1354 2569 1496 2595 neceffario
1513 2569 1629 2596 dicerem
1643 2571 1652 2597 3
1722 2571 1756 2597 Vi
1778 2570 1870 2598 morbi
1883 2571 1992 2598 coactus
2003 2572 2122 2598 concidit
2135 2573 2190 2599 Lu-

42 2600 113 2626 cesis.
184 2600 258 2626 Idem
278 2598 311 2625 de
329 2599 436 2625 Amicit.
448 2601 483 2625 26
508 2601 529 2626 'c-
548 2603 562 2629 8
588 2597 616 2623 de
629 2596 842 2638 perfimfiqnibus,
871 2598 935 2639 V}m
954 2598 1064 2639 quidem
1129 2605 1193 2626 cret-
1206 2609 1229 2633 3,
1245 2606 1302 2635 485.
1375 2604 1459 2639 Regio
1473 2605 1520 2631 sub
1533 2614 1606 2632 arma
1620 2606 1711 2633 coacta
1724 2607 1799 2642 Virg.
1813 2608 1878 2633 Aen.
1892 2615 1918 2642 7,
1934 2616 1977 2641 43.
2124 2606 2144 2646 ¹]
2169 2617 2189 2635 2

0 2641 5 2657 z
42 2643 74 2662 oc
91 2634 130 2663 est
139 2634 243 2662 afferre.
279 2632 353 2666 Quid
365 2633 438 2659 enim
451 2634 549 2666 refert,
568 2641 620 2668 qua
636 2642 678 2674 me
694 2639 803 2674 *ratione
820 2639 920 2669 cogatis
934 2635 942 2661 3
959 2634 1064 2675 'cogitis
1130 2636 1263 2672 speciatim
1280 2638 1378 2666 Coa&a
1396 2640 1514 2668 dicuntur
1526 2641 1634 2674 Cilicia,
1653 2650 1756 2678 quorum
1769 2642 1829 2679 vsus·
1840 2646 1868 2669 in
1881 2643 1941 2669 helio
1954 2642 1989 2670 ad
2001 2643 2120 2680 tegendas
2133 2650 2188 2670 tur-

1 2687 3 2690 <
37 2675 102 2697 erte.
135 2683 141 2690 «
161 2669 259 2696 Studiis
273 2669 344 2695 enim
357 2677 516 2703 generorum
528 2669 721 2704 [113010111111111
734 2678 763 2696 re
774 2669 860 2702 bona,
879 2679 940 2697 cum
955 2669 1064 2697 difficile
1129 2681 1178 2699 res.
1217 2673 1289 2699 Caes.
1302 2674 1366 2701 Bell.
1382 2676 1442 2702 Ciu.
1457 2685 1479 2709 3,
1491 2685 1530 2710 44
1551 2678 1640 2713 Atque
1652 2687 1745 2704 omnes
1758 2678 1816 2705 fere
1830 2677 1946 2712 milites,
1965 2685 2012 2706 aut
2032 2688 2064 2705 ex
2075 2678 2188 2711 coaffls,

42 2704 78 2737 st,
98 2709 155 2731 tum
167 2713 200 2731 ne
211 2713 324 2739 acquum
337 2705 455 2739 quidem,
471 2704 604 2732 obfistere.
658 2704 740 2733 Ouid.
755 2706 812 2732 Art.
825 2714 850 2737 2,
865 2707 915 2741 367
932 2705 966 2732 ad
979 2707 1065 2733 Mene·
1072 2713 1109 2742 70
1129 2713 1175 2735 aut
1188 2716 1219 2734 ex
1235 2710 1407 2744 centonibus,
1427 2718 1472 2740 aut
1485 2721 1518 2740 ex
1531 2714 1612 2740 coriis
1627 2714 1745 2748 tunicas,
1759 2720 1805 2741 aut
1817 2720 1951 2750 tegmenta
1962 2715 2088 2741 fecerant.
2123 2714 2186 2742 Via.

51 2749 104 2772 um,
123 2741 203 2775 Cogis
217 2740 375 2768 adulterium
387 2740 474 2774 dando
486 2746 641 2776 tempusque
653 2741 803 2776 locumque.
846 2743 909 2776 Qio
928 2742 976 2768 nisi
1002 2751 1064 2769 con·
1130 2750 1148 2771 c
1157 2751 1177 2772 o
1187 2751 1208 2770 Λ
1217 2751 1234 2771 c
1245 2751 1267 2771 T
1277 2753 1287 2772 1
1296 2752 1311 2771 L
1322 2754 1332 2773 1
1340 2754 1371 2774 A.
1551 2770 1554 2775 ,

47 2776 84 2803 110
97 2775 133 2802 est
146 2777 192 2803 vsa
205 2776 290 2811 puella
302 2782 357 2803 tuo.
409 2776 459 2804 Sed
476 2786 528 2803 nem
547 2786 557 2803 e
571 2780 599 2802 in
610 2777 651 2804 his
662 2777 767 2814 iocofimz
781 2777 898 2813 quiddam
910 2785 934 2804 et
942 2776 1064 2815 fistiuum
1166 2787 1183 2807 c
1193 2787 1211 2806 o
1220 2787 1241 2807 A
1250 2787 1268 2808 C
1278 2786 1301 2808 Τ
1312 2789 1338 2809 E.
1375 2782 1492 2811 Aduerb.
1536 2784 1657 2813 Tertull.
1678 2785 1711 2814 de
1733 2787 1868 2822 Baptismo
1888 2795 1916 2813 12
1950 2786 2006 2813 Alii
2027 2785 2103 2821 plane
2122 2785 2187 2813 satie

71 2811 100 2838 ab
113 2811 168 2848 ipsa
179 2812 324 2847 Hyperbole.
565 2822 584 2847 4
621 2813 747 2841 Formulae
760 2823 813 2840 cum
827 2812 1064 2849 Praepositionibus:
1129 2815 1219 2843 003610
1237 2816 1372 2846 iniiciunt.
1444 2821 1584 2856 Compar-at.
1620 2822 1690 2849 Gell.
1711 2832 1755 2856 10,
1775 2832 1798 2850 11
1824 2824 1894 2850 Cum
1911 2821 2110 2857 significandum
2131 2821 2186 2854 est,

49 2846 66 2874 d
82 2855 155 2875 arma
174 2856 267 2882 cogere
285 2847 402 2883 aliquem
419 2846 502 2875 Ouid.
516 2849 609 2876 Amor.
624 2857 654 2882 3,
674 2858 715 2883 ις,
733 2858 759 2883 9.
830 2849 871 2876 Ad
888 2849 984 2885 gaudia
1003 2850 1064 2885 cogi
1130 2852 1246 2879 coactius
1260 2854 1326 2887 quid
1337 2861 1363 2881 et
1384 2855 1531 2883 festinatius
1552 2856 1663 2885 factum.
1717 2859 1791 2895 Conf.
1815 2867 1858 2892 19,
1879 2867 1901 2884 2.
1973 2859 2005 2884 Et
2016 2856 2136 2884 Tertuu.
2150 2856 2187 2884 de

2 2903 6 2906 .
54 2891 96 2910 em
115 2883 147 2910 de
165 2883 228 2910 Arte
246 2884 305 2910 Am.
323 2892 356 2915 2,
374 2892 432 2918 419.
503 2884 543 2912 Ad
562 2884 683 2925 lacrimas
707 2886 788 2912 Plaut.
802 2884 894 2912 Bacch.
915 2895 950 2920 4,
969 2895 1001 2919 9,
1021 2894 1062 2921 57.
1077 2895 1109 2924 ῖς
1130 2888 1227 2914 Anima
1245 2897 1300 2924 cap.
1320 2899 1363 2925 42.
1398 2891 1488 2919 Multo
1506 2892 1624 2921 coactius
1642 2895 1754 2929 Seneca,
1779 2895 1835 2929 post
1855 2899 1983 2924 mortem,
2011 2892 2063 2925 ait,
2088 2893 2184 2920 omnia

0 2938 7 2946 .
46 2917 63 2945 d
76 2919 176 2954 praelia
192 2919 253 2954 cogi
269 2920 310 2952 se,
327 2919 390 2946 deos
410 2919 519 2948 testatur
535 2921 633 2955 Virgil.
646 2922 711 2948 Aen.
727 2930 764 2954 12,
779 2926 827 2953 581.
897 2922 979 2949 Plaut.
993 2923 1062 2950 Pers.
1129 2923 1267 2951 finiuntur.

2 2955 21 2988 l,
60 2963 84 2988 2,
96 2956 114 2988 9
133 2956 221 2989 Qiem
235 2955 280 2991 pol
292 2964 342 2990 ego
355 2960 385 2982 vt
399 2964 454 2982 non
467 2956 499 2983 In
512 2957 667 2990 cruciatum,
679 2963 758 2993 atque
771 2957 800 2983 in
810 2957 948 2992 compedes
961 2967 1064 2993 cogam.
1165 2967 1181 2988 C
1194 2968 1213 2987 o
1226 2969 1247 2988 Λ
1259 2968 1276 2988 C
1288 2969 1309 2989 T
1324 2970 1334 2988 1
1347 2969 1383 2989 Μ.
1421 2963 1539 2992 Aduerb.
1575 2965 1665 2993 Sidon.
1680 2965 1760 3000 Epist.
1779 2973 1805 2999 9,
1828 2966 1857 2992 16
1883 2963 1991 2999 Raptim
2011 2962 2180 2999 coactimque

16 2987 33 3025 f
49 2990 79 3017 'c.
91 2999 140 3026 pro
154 2990 244 3018 Rabir.
258 2993 275 3018 6
300 2991 380 3018 Nunc
399 2992 527 3027 quoniam
541 2993 580 3020 T.
594 2992 725 3027 Labiene,
744 2992 899 3027 diligentiae
912 3003 985 3021 meae
1000 3001 1065 3021 tem·
1128 2996 1285 3024 exscribere.
1473 3006 1477 3008 ·

19 3059 22 3062 ι
42 3025 97 3053 ori·
109 3026 233 3061 angustiis
245 3026 384 3059 obstitisti,
399 3036 510 3063 meque,
524 3037 556 3055 ex
567 3037 720 3064 comparato
732 3035 758 3056 et
771 3029 913 3056 constituto
925 3030 1009 3065 spatio
1021 3031 1064 3057 de·
1166 3039 1184 3060 c
1195 3039 1214 3060 ο
1224 3040 1270 3061 AC
1282 3039 1305 3061 'r
1314 3040 1335 3060 v
1345 3040 1375 3067 S,
1397 3032 1435 3062 sis.
1471 3045 1508 3063 m.
1544 3036 1738 3072 [ἀνάγκασμα]
1774 3036 1830 3063 Cic.
1838 3036 1916 3063 Verr.
1931 3044 1952 3067 2,
1965 3042 2003 3070 74
2023 3044 2046 3062 c.
2060 3043 2094 3068 29
2113 3035 2183 3063 Eum

53 3061 166 3094 nfionis,
179 3063 210 3088 In
223 3061 370 3090 semihorae
381 3064 543 3091 curriculum
558 3065 674 3100 coiigisti.
745 3066 776 3092 111
789 3065 892 3092 cursum
906 3066 1064 3094 verberibus
1078 3075 1110 3101 80
1130 3077 1237 3104 quoquc
1249 3069 1400 3104 ostendam,
1419 3071 1438 3098 fi
1451 3072 1559 3106 quando
1573 3072 1602 3098 fit
1616 3072 1705 3104 datus,
1724 3072 1817 3099 coactu
1835 3072 1926 3104 istius,
1946 3070 2020 3106 quod
2032 3079 2087 3097 non
2100 3071 2185 3098 sense-

18 3107 22 3118 ·
44 3097 93 3124 lin.
104 3102 129 3130 8,
141 3105 182 3137 43:
229 3133 235 3138 .
251 3098 283 3125 In
301 3098 422 3126 lacrimas
434 3099 495 3135 cogi
513 3100 595 3127 Ouid.
609 3101 639 3128 in
650 3101 712 3128 Ibin
725 3103 785 3128 206.
856 3102 886 3128 In
899 3108 1008 3137 portum
1020 3112 1065 3130 na·
1130 3105 1167 3131 rit
1181 3105 1312 3132 iudicasse.
1366 3106 1435 3134 Add.
1449 3108 1522 3135 Idem
1535 3107 1568 3134 ad
1576 3108 1648 3134 Brut.
1657 3109 1703 3142 Ep.
1718 3115 1754 3142 17.
1779 3115 1804 3134 et
1814 3109 1892 3134 Verr.
1906 3114 1930 3140 ς,
1944 3114 1975 3141 75
1995 3110 2058 3139 δας)
2078 3106 2184 3134 Coactis
2204 3115 2206 3117 ·

20 3150 26 3165 ,
43 3133 81 3160 im
103 3135 190 3167 reiigit
207 3141 249 3160 vis
267 3140 409 3161 ventorum
427 3134 520 3163 inuitis
537 3137 623 3164 nautis
642 3137 698 3164 Cic.
717 3136 749 3163 de
767 3138 870 3163 Inueni.
882 3146 916 3171 2,
928 3143 960 3172 98
986 3148 1008 3165 c.
1024 3148 1063 3172 32.
1131 3146 1210 3176 atquc
1225 3142 1368 3177 efflagitatu
1380 3152 1449 3169 meo.
1522 3144 1625 3169 Lueret.
1641 3152 1662 3176 2,
1679 3151 1723 3178 :73
1744 3144 1800 3170 Nec
1819 3142 1903 3169 limile
1916 3142 1963 3175 est,
1989 3148 2018 3169 vt
2032 3151 2115 3178 quom
2131 3143 2182 3170 im-

17 3175 28 3198 a.
49 3169 81 3196 ic.
97 3168 210 3204 Philipp.
223 3177 245 3202 1,
260 3177 282 3195 11
307 3169 381 3203 Qud
393 3170 501 3198 tandem
511 3178 567 3200 erat
578 3173 684 3206 causae,
705 3181 752 3200 cur
765 3172 795 3199 in
808 3173 931 3200 Senatum
942 3174 1065 3202 hesterno
1130 3177 1196 3211 pulsi
1209 3178 1377 3212 procedimus
1390 3179 1445 3205 16111
1483 3178 1594 3205 Viribus
1606 3179 1714 3206 alterius
1722 3179 1832 3213 magnis,
1847 3187 1997 3213 magnoque
2010 3178 2112 3205 coactu.
2149 3179 2184 3206 Ee

20 3219 26 3237 ;
45 3205 70 3232 ie
82 3210 135 3232 tam
149 3204 242 3231 acerbe
254 3204 324 3232 solus
335 3208 461 3240 cogerer?
531 3208 620 3236 Valet.
632 3209 731 3243 Argon.
746 3216 774 3243 7,
787 3216 835 3241 239
855 3209 968 3243 Cernis,
985 3216 1015 3237 vt
1028 3211 1067 3237 in·
1132 3213 1204 3240 Caes.
1218 3214 1282 3240 Bell.
1298 3215 1366 3240 Gall.
1381 3223 1403 3248 5,
1419 3222 1450 3249 27
1468 3215 1566 3249 Neque
1579 3215 1715 3242 voluntate
1731 3216 1775 3241 sua
1785 3234 1792 3246 ‚
1810 3214 1855 3240 sed
1867 3213 1961 3241 coactu
1973 3214 2099 3241 ciuitatis.

25 3246 27 3252 ’
54 3240 92 3268 lix
106 3240 235 3268 thalamos
247 3249 297 3275 ego
309 3249 388 3276 cogar
399 3241 430 3268 in
441 3242 519 3277 illos,
536 3247 556 3270 i.
570 3245 657 3273 nubere
669 3254 760 3282 cogar,
777 3246 818 3271 cui
831 3245 916 3272 nolim.
971 3247 1066 3275 Horat.
1083 3255 1113 3286 85
1171 3254 1188 3275 c
1200 3255 1304 3277 oACT
1314 3251 1363 3277 VR
1372 3258 1391 3278 A
1402 3270 1410 3282 ,
1430 3259 1469 3276 ae.
1506 3250 1526 3276 f.
1565 3250 1725 3284 [συναγωγὴ]
1762 3250 1895 3276 Columel.
1911 3258 1947 3282 12,
1963 3258 2004 3283 50,
2020 3258 2034 3283 3
2061 3251 2096 3277 Vt
2111 3250 2183 3284 sepa-

18 3295 25 3302 -.
57 3285 108 3305 rm·
123 3285 148 3309 1,
165 3285 201 3310 4,
225 3284 267 3309 ¹4¹
1131 3290 1214 3318 retur,
1222 3291 1248 3312 et
1255 3286 1371 3313 seorsum
1377 3292 1521 3321 reponatur
1534 3287 1741 3320 vniuscuiusque
1754 3286 1810 3312 diei
1823 3285 1957 3319 coactura,
1976 3286 2002 3312 h.
2013 3296 2033 3313 c.
2043 3287 2183 3319 Qantum

180 3312 267 3352 Multa
285 3312 424 3352 lffo'e'tarum
440 3313 530 3341 veniat
547 3324 653 3348 manus,
672 3315 831 3351 auxilioque
1131 3320 1266 3348 oliuarum
1279 3330 1441 3358 vnoquoque
1454 3321 1498 3348 die
1511 3321 1665 3356 collegeris,
1684 3321 1738 3348 flue
1752 3322 1964 3356 congregaueris.

179 3348 218 3374 Sit
232 3347 313 3374 mihi:
334 3357 394 3374 nam
407 3349 494 3376 multo
508 3350 595 3385 plures
612 3353 700 3379 sumus
712 3362 717 3378 :
742 3360 772 3378 ac
783 3351 887 3386 veluti,
898 3358 935 3387 te,
1168 3363 1185 3384 C
1195 3363 1242 3384 CA
1252 3364 1269 3384 c
1281 3365 1302 3385 Τ
1312 3366 1321 3384 1
1331 3364 1346 3383 L
1357 3366 1366 3384 1
1375 3365 1387 3384 s
1396 3377 1404 3390 ,
1437 3366 1459 3383 e.
1501 3357 1562 3384 Adi.
1587 3358 1612 3391 '[
1619 3356 1738 3390 πιλωτός,
1757 3358 1816 3384 Vct.
1837 3357 1940 3393 Gloffi]
1977 3358 2015 3384 Ex
2033 3366 2060 3383 ea
2080 3358 2180 3382 notione

180 3383 272 3410 Iudaei
290 3392 412 3418 cogemus
430 3384 537 3413 isthanc
553 3387 697 3415 concedere
713 3386 827 3414 turbam.
1081 3398 1085 3402 ’
1130 3392 1202 3420 verbi
1221 3393 1335 3425 ducitur,
1359 3402 1407 3429 qua
1419 3393 1518 3419 Lanam
1533 3393 1651 3420 coactam
1666 3393 1733 3425 dici,
1752 3393 1932 3429 etJimpiiciter
1945 3393 2050 3424 coacta,
2070 3391 2181 3426 objcrua-

56 3420 62 3426 '
106 3416 217 3452 studium
231 3419 375 3446 ludaeorum
387 3423 414 3446 in
427 3420 525 3453 tuendis
535 3428 639 3458 patrum
653 3422 794 3456 doctrinis,
813 3429 837 3450 et
848 3422 940 3451 euen'da
949 3427 980 3452 υἱ
996 3432 1068 3462 atque
1074 3437 1112 3462 90
1130 3431 1220 3456 vimus.
1274 3429 1375 3456 Fundus
1388 3428 1464 3455 huius
1482 3431 1607 3462 nominis,
1621 3435 1723 3464 praeter
1742 3429 1872 3456 laudatum
1881 3428 2043 3463 qulsarium,
2061 3426 2093 3459 est
2107 3425 2179 3465 splus

86 3457 93 3487 ζ
115 3457 163 3482 reli
187 3458 242 3482 bne.
315 3456 409 3482 Horat.
421 3455 510 3484 Carm-
523 3465 549 3490 2,
564 3466 586 3490 3,
597 3467 627 3492 25
650 3459 680 3486 de
696 3458 818 3486 moriendi
836 3465 860 3485 et
871 3460 945 3487 eundi
957 3461 991 3487 ad
1001 3460 1068 3498 infe·
1132 3464 1212 3491 adhuc
1224 3465 1366 3500 leianus,
1386 3464 1453 3500 apud
1465 3473 1533 3500 quem
1553 3464 1571 3490 l.
1584 3472 1614 3498 23
1639 3465 1672 3491 D.
1686 3463 1719 3491 de
1732 3473 1798 3492 auro
1815 3470 1841 3492 01
1857 3474 1915 3499 arg.
1928 3465 1977 3499 leg.
1996 3462 2083 3490 Aristo
2095 3467 2180 3502 0113111

56 3499 70 3516 r
79 3465 223 3527 mcgffigite,
231 3492 329 3518 Omnes
344 3491 438 3518 codem
455 3493 584 3526 cogimur.
655 3496 686 3522 In
699 3500 790 3522 tenues
804 3494 865 3529 cogi
878 3495 961 3530 lares,
979 3499 1066 3534 Angu—
1132 3500 1254 3527 coaffilia
1268 3501 1335 3527 vesti
1348 3499 1440 3526 cedere
1453 3500 1509 3531 ait,
1533 3502 1551 3526 i.
1559 3498 1645 3526 coatia
1659 3501 1699 3526 vel
1709 3502 1844 3528 conciliata
1857 3511 1868 3528 e
1880 3503 1938 3528 iana
1949 3505 1992 3526 aut
1999 3500 2058 3525 aliis
2071 3497 2142 3536 ¹³'H'f
2149 3505 2179 3535 in

50 3534 89 3557 mn
107 3525 193 3554 habere
209 3537 260 3554 rem
271 3527 431 3564 jainaim-sm
450 3528 484 3554 ad
494 3535 665 3566 paupertatem
684 3530 739 3557 redi
757 3533 768 3557 i
785 3531 904 3565 Propert.
916 3540 950 3565 4,
969 3541 996 3565 1,
1015 3539 1066 3563 128.
1131 3535 1273 3570 deifitatem
1294 3536 1385 3563 mollem
1399 3546 1406 3560 :
1427 3537 1511 3571 qualia
1526 3534 1595 3562 hodie
1604 3537 1682 3571 pileis
1691 3535 1806 3564 adhibere
1817 3539 1894 3564 moris
1906 3533 1949 3569 efi-
1987 3536 2052 3560 Nam
2060 3531 2180 3558 Coctilia

61 3568 88 3603 β
126 3563 264 3596 Fomulae,
291 3567 318 3590 in
338 3563 425 3599 quibus
442 3562 556 3598 acccfficm
575 3569 689 3600 partium
712 3576 727 3593 a
755 3566 785 3602 fi
802 3569 907 3593 inuicem
925 3567 1065 3604 fignificat.
1130 3571 1268 3599 Trebellii
1282 3571 1410 3598 Pollionis
1430 3572 1476 3597 huc
1494 3579 1542 3596 non
1555 3574 1771 3608 pertinent‚quae
1787 3574 1937 3609 explicamus
1951 3569 1998 3606 fitb
2015 3574 2059 3595 CO
2065 3573 2118 3608 'QV
2127 3573 2158 3594 ο,
2206 3571 2209 3575 .

30 3628 32 3630 ,
48 3595 96 3624 lin.
111 3605 140 3630 19
154 3606 277 3632 prooem.
305 3599 335 3626 de
353 3600 402 3626 iim·
419 3607 528 3632 natura,
548 3600 670 3636 Denique
689 3606 742 3628 tam
761 3611 844 3636 paruo
862 3603 961 3629 semine
979 3605 1065 3636 nasci,
1081 3615 1114 3643 95
1139 3608 1141 3611 '
1205 3614 1224 3635 c
1235 3613 1463 3635 0Ac'r1L1AR
1475 3612 1552 3638 ivs,
1574 3607 1593 3633 i.
1632 3607 1752 3641 Videtur,
1771 3612 1813 3645 qui
1827 3607 1917 3634 coatia
1935 3606 1975 3631 vei
1987 3602 2111 3630 <oachim
2120 3611 2180 3629 con-

49 3632 102 3660 uod
113 3632 206 3660 orbem
221 3639 368 3668 terrarum,
386 3635 458 3662 vltro
475 3636 596 3670 citroque
608 3642 711 3670 portet,
727 3642 782 3664 tam
794 3637 887 3672 gracili
899 3647 996 3672 auena,
1011 3646 1066 3666 tam
1124 3641 1196 3678 ficit.
1230 3645 1291 3670 Vet.
1312 3642 1431 3676 Inscript.
1445 3642 1518 3667 Grut.
1538 3650 1564 3676 p.
1577 3644 1638 3676 648,
1651 3653 1670 3678 4
1691 3653 1762 3679 quam
1778 3644 1873 3671 exhibet
1885 3644 1959 3668 etiam
1971 3638 2051 3666 Rhod-
2064 3638 2099 3665 ad
2112 3639 2179 3665 Scri-

24 3675 35 3697 !
51 3675 86 3695 011
97 3669 150 3696 alte
162 3676 177 3695 3
189 3673 258 3696 terra
271 3671 330 3698 tolli
345 3682 351 3698 ι
376 3681 462 3706 neque
474 3671 502 3698 id
514 3671 620 3698 viribus
633 3671 686 3697 suis
697 3671 784 3703 nesii,
800 3672 845 3699 sed
859 3674 955 3707 paffum
967 3676 1067 3702 tusum-
1131 3678 1186 3705 hon.
1207 3688 1232 3714 p.
1248 3681 1298 3712 306
1320 3677 1575 3706 LariscusLanarius
1587 3679 1786 3707 eoaeffliarius.
1823 3677 1966 3706 (ῖοᾱᾶοι-ες
1984 3677 2058 3700 etiam
2075 3675 2178 3706 vocari,

61 3712 98 3736 ie,
112 3709 139 3732 et
150 3704 179 3731 in
188 3705 330 3738 mollitiem
342 3707 416 3734 lanae
430 3707 559 3734 coactum.
632 3708 699 3741 Apes
713 3706 755 3733 bis
767 3708 892 3742 grauidos
903 3717 1000 3745 cogunt
1011 3711 1074 3746 foe-‚
1130 3723 1186 3741 mox
1203 3715 1348 3742 videbimus.

62 3747 72 3764 s
80 3759 88 3772 ‚
107 3743 126 3766 i.
138 3740 208 3766 mella
222 3741 340 3777 coliigunt
353 3750 376 3770 et
385 3742 488 3779 stipant
502 3743 599 3778 Virgil.
613 3743 710 3777 Georg.
723 3753 750 3777 4.
762 3751 814 3776 231.
871 3745 960 3773 Verba
973 3755 1068 3781 cogere
1169 3756 1187 3777 c
1196 3758 1215 3778 0
1223 3757 1270 3778 AC
1279 3757 1300 3777 Τ
1309 3757 1318 3775 1
1328 3756 1344 3775 1.
1353 3756 1364 3775 1
1373 3754 1390 3775 c
1399 3755 1409 3774 1
1417 3755 1440 3774 A
1450 3767 1458 3780 ,
1489 3749 1530 3776 vel
1549 3755 1567 3777 c
1579 3756 1598 3777 0
1607 3757 1628 3778 A
1638 3756 1655 3777 C
1664 3757 1686 3778 T
1698 3758 1709 3778 1
1717 3758 1752 3777 1.1
1761 3757 1780 3777 A
1789 3756 1808 3776 R
1816 3755 1826 3775 1
1835 3755 1857 3774 A
1881 3746 1990 3785 taberna
2002 3753 2068 3772 vero
2076 3764 2084 3777 ,
2103 3752 2180 3780 quam

34 3806 37 3809 .
71 3773 165 3809 pedes,
183 3775 325 3811 componere
337 3779 422 3814 versus
436 3779 518 3806 Ouid.
532 3779 619 3806 Trist.
632 3787 656 3812 3,
666 3787 693 3814 7,
709 3787 746 3804 10.
818 3779 1069 3815 Coguntur‘car'ries,
1077 3795 1125 3814 100
1133 3786 1233 3822 quidam
1245 3785 1359 3812 tribuunt
1369 3783 1541 3818 Capitolino,
1560 3786 1702 3813 (3061111013
1715 3784 1764 3818 est,
1784 3785 1812 3811 de
1828 3792 1876 3818 qua
1890 3781 1939 3818 sub
1959 3785 1977 3806 C
1988 3787 2008 3807 0
2017 3787 2066 3820 Q
2076 3787 2105 3807 0·

47 3809 258 3850 ''inglutinantum
271 3812 441 3851 coham’fiunt
460 3815 525 3842 Plin.
537 3823 582 3850 27,
596 3824 632 3842 10.
688 3814 889 3850 Virgil.Gcorg.
905 3825 933 3849 4,
948 3819 978 3849 36
997 3818 1070 3845 Nam
1172 3827 1191 3848 c
1201 3827 1308 3849 OACT
1321 3826 1377 3852 10,
1396 3819 1464 3846 onis.
1491 3820 1511 3847 s.
1547 3821 1690 3856 [577291'22
1706 3820 1842 3853 ἔπραξα]
1884 3819 1928 3848 Vt,
1940 3816 2039 3856 Causae
2054 3824 2081 3842 in
2095 3815 2177 3853 breue

26 3880 31 3886 -
61 3848 135 3885 igore
160 3846 240 3873 mella
280 3849 359 3882 Cogit
382 3849 488 3884 hiems,
514 3851 660 3886 eademque
680 3850 753 3877 calor
776 3850 922 3885 liquefec‘ta
946 3853 1070 3882 remittit.
1134 3857 1238 3884 coactio
1251 3857 1344 3882 Ascon.
1359 3855 1388 3881 in
1403 3856 1478 3882 Verr.
1493 3865 1518 3891 p.
1530 3859 1575 3891 76.
1623 3858 1729 3884 Sueten.
1742 3857 1770 3882 in
1783 3856 1904 3888 Vesp.c.1
1925 3851 1979 3878 Vbi
1992 3851 2087 3878 deinde
2099 3856 2176 3889 venia

4 3886 18 3893 ”
43 3881 128 3921 ιῖθὲξῑῐ,
146 3884 355 3923 σφηνοῖςοᾶειῆᾱῐ
363 3905 371 3917 ,
390 3886 455 3922 quod
466 3887 565 3914 verbum
576 3887 633 3913 inde
646 3893 727 3913 ortum
741 3886 857 3913 diximus.
927 3889 959 3914 111
971 3889 1070 3917 nubem
1135 3899 1161 3920 et
1173 3892 1292 3926 11111110ηο
1305 3891 1462 3925 impetrata,
1478 3892 1628 3919 coa&iones
1639 3890 1799 3927 argentarias
1808 3887 1949 3928 faciitauit,
1969 3883 2177 3928 1⁴3C0³5191fi⁰²

47 3923 136 3951 ogatur
153 3919 200 3944 ae‘r
218 3918 292 3953 Virg.
301 3919 365 3947 Aen.
381 3929 404 3954 ς,
418 3930 461 3948 20.
530 3923 562 3949 In
574 3923 658 3950 nubes
677 3922 782 3958 cogitur
800 3925 845 3949 a'e'r
863 3929 999 3951 concretus
1013 3926 1070 3953 Cic.
1134 3938 1161 3955 υ.
1174 3938 1200 3955 v.
1238 3928 1299 3955 Sunt
1312 3929 1402 3959 eciam,
1421 3929 1466 3962 qni
1479 3927 1560 3954 Plaut.
1573 3929 1641 3955 Asin.
1657 3937 1682 3960 1,
1694 3937 1706 3959 3
1715 3946 1724 3959 2
1737 3934 1764 3959 52
1790 3927 1874 3961 lfgu’ff
1881 3943 1890 3956 2
1908 3922 2001 3952 Νὼὶιλ
2012 3919 2116 3950 (Οόῶο
2130 3917 2176 3949 est*

51 3959 65 3978 0
78 3951 172 3979 Natur.
187 3952 266 3980 Deor.
279 3962 303 3986 2,
317 3963 364 3982 101.
417 3958 460 3985 Sic
470 3957 573 3994 Cogere
587 3957 635 3994 est,
648 3958 713 3996 quod
726 3960 816 3996 vulgus
823 3958 1072 3997 pharmacopolamm
1080 3967 1151 4002 1051‘.
1160 3961 1266 4000 frustra
1278 3964 1511 4026 exigitur-pecunia.
1548 3964 1596 3992 Sed
1606 3965 1692 3992 melius
1704 3959 1738 3996 est
1751 3961 1849 3992 Cocio,
1861 3968 1888 3987 v.
1900 3967 1927 3988 υ.
2137 3960 2178 4021 ᾧ

1438 4000 1455 4025 6
1490 3999 1497 4005 ⁷
1534 4008 1548 4027 2
1666 4025 1669 4031 ,
