2474 4182
229 146 299 184 1231
591 132 625 172 C
718 131 753 170 O
843 129 886 169 N
1727 121 1760 161 C
1850 121 1886 161 Ο
1976 121 2019 161 Ν
2299 142 2375 180 ¹23²
2403 178 2405 183 Α

230 227 269 247 tiis
290 221 315 246 ei
338 227 469 255 quatuor,
497 221 658 252 Gaditaiiii<‚
682 218 874 251 cordubensss,
901 218 1076 253 Astigitanus,
1106 216 1271 251 Hispalensis.
1339 214 1439 248 praelio
1453 222 1534 248 prope
1547 215 1702 248 exsanguem
1716 212 1824 252 videret,
1845 211 1979 245 extemplo
2000 211 2028 237 in
2041 212 2129 246 fugam
2148 223 2239 241 omnes
2253 218 2379 245 conuersi.

231 259 262 284 Et
283 266 303 282 c.
325 265 336 288 3
363 257 381 282 s.
396 266 414 289 4
446 257 475 283 de
496 261 608 284 citeriori
628 256 765 291 Hispania,
792 256 919 281 Vniuersa
941 255 1078 289 prouincia
1097 252 1226 278 diuiditur
1247 253 1274 278 ιιι
1340 251 1437 284 fugam
1458 250 1573 275 clamore
1594 256 1749 275 conuertunt
1780 250 1855 281 Virg.
1870 248 1933 273 Aen.
1955 256 1988 278 ιτ,
2007 256 2059 280 252.
2080 252 2098 274 1².
2121 250 2239 277 Redeunt
2259 260 2317 278 cum
2332 253 2381 279 cla-

233 298 377 318 conuentus
397 294 446 319 VII
483 308 527 312 —
562 293 717 318 Tarracone
737 291 878 325 disceptant
902 291 994 324 populi
1012 289 1096 316 XLIII
1132 303 1176 308 --·
1213 289 1275 314 Car·
1340 294 1433 318 inore,
1455 285 1516 311 licut
1531 286 1557 310 in
1572 285 1688 310 exercitii
1703 285 1767 311 solet
1783 284 1850 324 lierit
1888 283 2003 308 Seruius.
2056 283 2121 322 I’lin.
2135 286 2211 319 Epist.
2228 291 2290 319 &23
2321 288 2380 315 Tot

231 328 366 361 iliagineiii
380 329 540 354 conueniunt
557 328 645 361 populi
659 327 729 353 LXV
748 342 793 346 ·—
819 328 848 352 Iii
862 333 1021 352 conuentum
1034 324 1202 351 cluniensem
1214 325 1275 350 Var-
1342 322 1414 355 spe5‚
1437 327 1475 346 tot
1495 320 1598 346 Gaudia
1615 320 1671 345 dies
1690 329 1756 346 vnus
1777 321 1804 346 iii
1825 319 1928 359 diuersa
1946 325 2086 345 conuertit.
2157 321 2257 348 Grestiis
2271 332 2380 350 conuer-

232 364 288 390 diili
307 363 404 390 ducunt
422 364 531 398 populos
552 364 610 388 XIV
654 378 699 382 —-
741 364 772 388 In
796 362 907 388 eundem
933 368 1094 387 conuentum
1112 360 1229 386 Carietes
1250 366 1276 386 et
1302 364 1314 388 5
1342 364 1413 388 tere,
1435 358 1510 383 Retro
1525 355 1622 387 cedere,
1637 354 1723 395 pcdcrn
1735 356 1831 390 rcfcrrc
1849 354 1892 381 Sil.
1908 363 1942 386 13,
1957 362 2014 386 250.
2086 355 2215 388 Impetum
2235 358 2307 383 suuiii
2328 358 2382 385 for.

233 400 380 425 Vennenses
401 401 517 434 quinque
534 398 689 424 ciuitatibus
708 398 806 424 vadunt
842 413 888 417 —
925 397 1043 423 Lucensis
1063 402 1209 422 conuentus
1231 404 1275 429 po.
1344 392 1453 433 nina'ad
1468 401 1513 432 eos
1526 396 1659 431 conuertit
1680 390 1735 430 Cic.
1749 391 1830 431 Tusc
1845 399 1873 430 3,
1906 411 1911 416 .
1950 410 1963 429 ⁴.
1992 389 2073 415 Plaut.
2091 391 2168 416 l'oeri.
2184 399 2206 424 3,
2220 401 2242 424 5,
2257 402 2291 426 42
2310 394 2381 433 ῌςῃς

234 435 359 469 pulorum
373 436 408 460 est
424 436 491 460 XVI.
564 434 636 460 Ideni
658 442 679 466 ς,
701 442 731 466 29
757 434 928 460 Conueniunt
943 442 974 458 eo
992 433 1061 459 XXV
1078 432 1198 457 ciuitates
1232 445 1277 450 ——-
1345 435 1383 460 tu,
1397 430 1413 454 ti
1429 428 1494 462 quid
1509 436 1555 461 pcr
1569 435 1658 467 iocum
1673 425 1743 465 dixi,
1761 426 1847 452 nolito
1866 435 1895 452 ιιι
1917 426 2014 452 serium
2035 433 2199 453 conuertere.
2269 429 2299 454 In
2317 437 2383 456 iram

235 471 342 505 Reliqui
366 471 391 496 iii
405 479 436 495 eo
454 475 601 502 conuentu,
621 479 687 503 quos
710 470 847 496 nominare
869 479 922 495 non
939 469 1026 503 pigeat
1043 467 1197 499 Hydrelitae
1232 481 1277 485 —
1345 464 1456 490 subitam
1475 470 1596 489 conuerti
1625 461 1705 488 Ouid.
1722 462 1784 486 Met.
1807 465 1922 501 10‚·683.
1966 497 1970 501 Ι
1993 462 2045 501 Iter
2064 468 2216 503 conuertere
2236 462 2268 488 ad
2290 464 2382 492 vrbem
2406 493 2408 497 ι

237 507 312 533 Alter
332 512 475 532 conuentus
497 514 510 531 a
527 506 644 537 Synnada
665 506 759 540 accipit
780 515 884 531 nomen.
941 504 1112 530 Conueniunt
1134 503 1281 535 Lycaones,
1345 501 1441 526 Lucan.
1457 508 1478 531 3,
1492 508 1546 533 373.
1617 499 1671 524 Iter
1686 503 1840 536 conuertere
1855 505 1882 522 m
1895 505 2059 531 prouinciam
2080 497 2152 538 (aes.
2162 497 2382 538 Bell.Gal-l.*7‚56.
2458 507 2464 523 ι

236 550 281 568 otc.
342 543 391 567 lam
407 541 479 567 Caes.
495 541 558 567 Bell.
572 541 654 568 Ciiiil.
670 550 690 573 3,
706 550 732 573 33
759 541 816 568 Nec
831 541 917 566 minus
937 540 972 566 ob
992 549 1048 565 eam
1063 539 1162 565 causatu
1175 538 1279 564 ciuibus
1298 549 1326 566 10
1345 538 1481 562 (Jmi'ui‘tur
1497 543 1520 560 et
1534 543 1617 560 nomen
1632 534 1686 559 Iter
1718 533 1789 572 Birt.
1804 532 1939 571 Bell3'Afr.
1953 541 1969 565 9
1995 533 2049 567 Ipse
2064 536 2153 558 rurlus
2166 533 2233 559 vnde
2246 533 2329 567 pridie
2341 544 2384 562 ve-

236 579 312 604 Rom.
326 577 381 602 cius
396 577 565 610 prouinciae,
586 577 628 603 sed
643 577 670 602 iii
685 576 798 607 singulos
811 582 956 603 conuentus
971 575 1135 610 singulasque
1148 575 1280 605 ciuitates,
1344 578 1434 602 uerat,
1456 571 1598 610 Ruspina-iii
1611 578 1672 594 cuin
1685 569 1797 608 reliqu-is¹
1812 576 1896 607 copiis
1909 576 2049 609 conuertit.
2064 568 2186 603 subaudi,
2206 569 2268 595 Iter.
2331 571 2384 598 Iter

235 620 318 639 cci-tae
332 613 456 646 pecuniae
471 612 677 646 imperabantur.
724 605 735 611 ⁵
889 610 909 649 ff
929 620 940 643 3
977 613 1141 642 Conuemus,
1157 617 1206 645 pro
1219 611 1279 635 Con·
1344 612 1500 634 comici-tere
1514 605 1546 631 ad
1561 608 1649 645 tugam
1664 611 1689 630 et
1699 604 1844 630 inexilium
1857 603 2006 643 cit-..Catii
2020 613 2046 637 2,
2061 613 2097 638 14.
2147 604 2214 630 Ter.
2228 604 2308 631 Andr.
2321 614 2384 639 451,

236 655 347 674 ventione
362 655 435 674 etnim
453 649 548 683 legitur
568 650 659 675 quen.
675 649 724 674 Sat.
740 650 766 678 6,
779 656 809 681 25
828 648 997 674 Conuentum
1014 654 1110 679 tamen,
1125 653 1149 672 ct
1163 645 1278 680 parcium,
1344 648 1377 675 455
1402 642 1466 667 Non
1482 641 1549 674 posl'e
1565 649 1618 666 iam
1639 640 1671 666 ad
1684 640 1792 666 salutem
1807 644 1927 665 conuerti
1941 638 1990 664 hoc
2005 640 2112 666 malum.
2167 640 2280 666 Martem
2294 640 2324 680 ad
2339 640 2385 668 ali-

235 690 260 710 et
274 684 408 717 sponsalia,
423 686 509 710 nostra
545 684 717 718 Tempestate
732 692 821 718 paras,
837 691 882 709 ctc.
924 684 1028 710 Videtur
1041 683 1159 719 respicere
1172 682 1280 707 ailCoii-
1345 686 1410 716 quoa
1432 677 1529 702 Lucan·
1547 685 1567 706 2,
1583 679 1640 708 629.
1667 678 1685 701 i.
1705 675 1810 711 aggredi
1826 682 1912 710 pugna
1930 681 1973 699 aut
1992 674 2076 716 bello...
2130 676 2233 702 Mentcs
2247 675 2383 716 hominum

235 720 389 745 ventioncm
406 720 433 745 in
447 728 563 746 manum.
637 721 673 746 Ex
693 727 825 746 conuentu
847 718 921 754 pacta
936 720 1109 746 obstruantur
1130 716 1230 742 Auctor
1242 715 1274 740 ad
1307 723 1330 748 ις
1344 718 1467 738 oratione
1499 713 1571 738 Caes.
1587 712 1650 738 Bell.
1667 711 1734 737 Gall.
1758 720 1778 741 ι,
1789 720 1827 744 41.
1897 710 1999 749 Mentes
2019 711 2137 737 militum
2157 718 2288 738 conuertit
2300 717 2385 740 terror
2458 724 2468 744 t

236 756 352 781 Hcrcnii.
366 764 389 785 2,
405 764 438 781 20
453 765 474 781 c.
490 764 522 787 13.
558 757 595 782 De
609 758 694 792 quibus
702 754 789 790 poclis
798 757 903 782 Praetor
915 754 1011 787 edixit,
1027 754 1094 789 apud
1101 752 1204 785 leiaii.
1220 752 1246 776 iii
1263 750 1280 775 l.
1346 755 1371 774 et
1385 747 1524 774 crudelitas
1538 748 1729 782 suppliciorum
1759 746 1831 772 Idem
1846 745 2006 785 Beli-ciuis
2021 754 2041 777 1,
2055 749 2098 780 76.
2153 748 2239 774 Minas
2254 748 2282 773 iri
2294 748 2385 775 melius
2459 763 2472 786 ,3

235 791 302 817 Iuris
318 792 435 824 gentium
448 789 471 827 §.
487 792 593 818 Praetor
605 792 642 818 ait
663 791 694 817 D.
708 791 740 817 de
760 791 859 823 Paetis,
889 790 964 817 Pacia
983 794 1109 817 conuenta
1120 807 1126 818 ‚
1148 795 1214 820 quae
1234 795 1277 811 ne-
1345 784 1401 810 Seii.
1418 784 1527 819 Hippol.
1542 790 1602 817 408.
1676 783 1780 809 Nauem
1791 783 1937 822 i-eiiiigatio
1949 781 1980 807 ad
1995 782 2102 815 puppim
2117 783 2251 809 conuertit
2268 783 2322 809 Cic.
2331 785 2384 811 Att.
2433 777 2438 799 l
2458 787 2474 842 ἐ

235 836 287 861 que
300 827 364 852 dolo
379 827 465 859 malo,
475 836 559 861 neque
572 827 694 854 aduersus
708 827 790 861 leges,
811 834 855 853 etc.
871 827 988 852 seruabo.
1079 823 1133 849 Cic.
1150 832 1198 856 pro
1214 823 1280 848 Cae·
1349 829 1382 852 ις,
1397 828 1434 846 21.
1490 820 1620 846 Omnium
1640 819 1739 845 Oculos
1753 826 1910 851 animosque
1930 826 1957 843 ιιι
1971 817 2051 843 semet
2071 826 2254 845 conuerterant
2278 820 2350 845 curt.
2362 827 2388 853 3,
2435 831 2474 855 Li:

236 863 287 888 cin.
308 872 329 888 c.
345 868 357 891 8
379 863 415 888 Ex
430 869 570 889 conuentu.
660 863 699 889 Id.
714 863 767 888 Att.
782 864 807 894 6,
822 871 833 894 3
866 862 1018 895 Pomptinus
1033 859 1103 886 eniin
1118 867 1148 883 ex
1163 857 1240 892 paolo
1252 863 1278 883 et
1347 865 1379 887 ιι,
1392 864 1436 888 24.
1510 856 1668 882 Orationem
1682 855 1818 881 traducere
1831 859 1855 879 et
1870 859 2025 893 conuertere
2039 853 2067 878 iti
2080 853 2169 888 fugam
2182 855 2292 881 alicuius
2306 854 2386 885 incre·v
2435 859 2448 882 ιζ

235 905 365 924 conuentu
380 901 456 929 (nani
472 908 501 925 ca
514 900 570 933 lege
584 898 700 930 exierat)
713 899 766 924 iam
779 907 794 924 a
808 907 850 923 inc
858 897 1009 923 discefl'crat.
1081 894 1280 921 Deiitiiimcon-
1300 904 1331 922 20
1347 891 1458 926 pandam
1476 891 1532 918 Cic.
1547 891 1579 917 de
1592 892 1667 932 Orat.
1683 900 1706 923 2,
1722 899 1784 930 2003
1856 889 1922 929 I’lin.
1938 898 1967 914 in
1982 889 2073 923 Paneg.
2092 897 2126 923 72
2159 890 2229 930 Nam
2249 889 2320 925 quod
2333 899 2386 931 pre-
2446 890 2448 898 '

234 941 326 960 ventus
346 934 458 960 Solimc,
473 943 512 966 23,
1346 934 1416 953 catus
1430 936 1454 953 es
1464 947 1470 958 ‚
1491 934 1519 954 vt
1534 927 1578 953 illa
1592 928 1645 961 ipsa
1660 926 1805 953 Ordinatio
1820 932 1994 952 comitiorum
2017 924 2083 950 bene
2096 933 2124 951 ac
2146 925 2260 952 feliciter
2272 931 2388 957 eueniret
2401 931 2405 934 “

273 976 289 996 c
300 976 349 995 ON
361 977 379 995 v
390 976 405 996 Ε
416 977 467 996 NT
480 977 487 996 1
501 977 650 1001 cvl.VM‚
668 970 687 996 j,
710 979 734 995 η,
773 967 874 993 Diinin.
911 966 966 992 Cic.
985 974 1033 1000 pro
1061 966 1129 992 Sext.
1148 974 1176 997 91
1200 975 1221 991 c.
1244 974 1280 998 42
1347 963 1441 995 nobis,
1457 963 1644 998 Reipublicae,
1665 963 1734 993 tibi;
1762 970 1850 988 nonne
1863 960 1914 988 tale
1929 960 1981 1000 est,
2002 968 2030 986 vt
2050 969 2097 986 nos
2117 960 2186 988 hunc
2201 961 2333 988 Ordinem
2344 969 2392 1003 ”⁰⁹2
2458 958 2469 1007 ᾗ

234 1005 429 1032 Coniienticula
445 1005 670 1040 hominiini,quae
684 1004 769 1038 postea
783 1002 905 1028 ciuitates
920 1002 1071 1028 nominatae
1088 1003 1155 1027 sunt.
1227 1001 1281 1027 Ple-
1346 1005 1435 1026 torum
1450 1006 1604 1026 conuertere
1620 999 1777 1025 debeamus?
1797 997 1860 1023 deos
1879 996 1993 1031 denique
2007 996 2155 1029 obsecrare,
2167 1002 2196 1023 vt
2209 998 2310 1030 omnia,
2324 1005 2400 1033 quaev
2446 1009 2470 1039 ¹e

234 1040 264 1068 bi
295 1041 409 1068 vrbanae
431 1042 546 1068 maiores
578 1041 660 1067 nostri
680 1038 863 1065 conuenticiila
883 1043 909 1063 et
929 1037 998 1072 quasi
1018 1038 1132 1064 concilia
1151 1037 1280 1072 quaedam
1345 1035 1426 1066 faciS‚
1445 1043 1567 1070 quaeque
1583 1035 1679 1067 facies,
1701 1035 1824 1068 prospere
1838 1032 1929 1072 cedant
1941 1032 2008 1072 tibi,
2032 1032 2144 1072 Reipub.
2159 1032 2254 1073 nobis3
2307 1032 2386 1062 Osad
2407 1034 2410 1042 '
2446 1032 2474 1065 12

234 1077 377 1104 voluerunt
393 1077 450 1104 Cic.
465 1087 513 1112 pro
527 1078 603 1103 Doni.
619 1085 639 1100 c.
655 1080 694 1104 28-
784 1073 978 1100 Conuenticula
1012 1073 1129 1108 ipsorum
1166 1074 1280 1107 ingredi·
1299 1077 1327 1103 23
1344 1071 1462 1106 aliquem
1495 1071 1567 1097 Caes.
1581 1070 1645 1097 Bell.
1660 1071 1728 1096 Gall.
1743 1072 1769 1102 6,
1782 1075 1818 1101 38.
1891 1068 1947 1094 Cic.
1964 1077 1993 1094 m
2006 1068 2083 1094 Catil.
2097 1077 2125 1101 4,
2139 1076 2149 1094 1
2176 1068 2263 1095 Video
2275 1070 2300 1095 P.
2317 1069 2346 1096 C.
2360 1069 2388 1098 in
2446 1066 2474 1110 li!

235 1118 278 1139 tur
311 1114 439 1139 quenciis
454 1122 476 1145 2,
493 1118 546 1145 589.
617 1110 771 1137 humaniter
785 1109 971 1135 coniicnticula
990 1109 1062 1136 dirui
1106 1108 1207 1136 Arnob.
1220 1119 1238 1143 4
1253 1119 1277 1144 p.
1345 1116 1386 1133 me
1401 1107 1523 1133 omnium
1537 1105 1652 1133 vestrum
1665 1106 1737 1138 Ora,
1764 1112 1843 1139 atque
1863 1104 1954 1130 oculos
1965 1105 2013 1130 esse
2031 1105 2180 1144 conuersos.
2251 1105 2406 1137 Pecuniam?
2446 1109 2447 1116 ¹
2461 1116 2467 1140 3

233 1157 283 1180 132.
291 1149 332 1184 sc.
342 1148 546 1181 Christmnormn.
620 1147 721 1180 Saepius
734 1145 920 1171 conuentu-iila
932 1153 1004 1171 vocat
1015 1146 1120 1180 templa,
1137 1144 1280 1180 sect-listas
1345 1149 1515 1174 conuertere,
1535 1149 1578 1168 ant
1598 1151 1648 1169 rem
1667 1143 1759 1174 aliam,
1780 1141 1889 1167 domuin
1910 1140 1998 1172 suam,
2017 1141 2056 1166 vel
2068 1149 2096 1166 in
2112 1149 2169 1167 rem
2186 1141 2274 1173 suain,
2295 1147 2338 1168 aut
2356 1141 2387 1170 ad
2407 1167 2410 1170 Δ
2446 1142 2474 1190 θ

233 1184 428 1217 Christianorum
455 1182 573 1209 Laclant.
589 1181 620 1208 de
634 1183 716 1208 Mort.
731 1182 826 1207 Pcrscc.
862 1191 886 1207 υ.
902 1191 926 1217 g.
946 1191 966 1206 c.
982 1190 1007 1214 ις
1033 1181 1200 1208 Constantius
1235 1196 1281 1200 —-
1345 1179 1516 1206 commodum
1531 1179 1606 1204 suuni
1627 1177 1700 1204 Idem
1715 1186 1763 1212 pro
1777 1177 1852 1203 Rosc.
1866 1177 1955 1216 Amet.
1971 1184 2016 1216 122
2028 1185 2049 1202 c.
2061 1184 2101 1208 39.
2139 1178 2170 1202 Et
2183 1176 2236 1203 Off.
2252 1185 2272 1209 1,
2280 1185 2342 1211 42c.
2351 1187 2389 1213 ¹4·
2464 1199 2470 1215 ἱ

233 1220 431 1251 contremit-iila,
457 1218 486 1244 id
506 1218 557 1249 est,
580 1218 708 1251 parietes,
734 1217 781 1252 qui
801 1216 904 1243 restitui
924 1223 1066 1251 poterant,
1106 1217 1179 1244 dirui
1199 1218 1279 1251 pafl’iis
1347 1215 1485 1241 Pecuniam
1500 1220 1656 1240 conuertere
1669 1214 1701 1239 ad
1714 1214 1773 1239 suos
1787 1213 1847 1239 vsus
1868 1213 1973 1246 leian.
1988 1220 2016 1251 ιιι
2034 1212 2051 1237 I.
2069 1211 2196 1252 Idemque
2208 1218 2234 1238 et
2247 1211 2270 1249 ᾗ.
2293 1213 2319 1239 Si
2332 1222 2389 1248 pro,-

232 1256 267 1281 est
277 1276 283 1287 ,
303 1264 395 1280 verum
414 1260 502 1281 autem
517 1254 567 1281 Dei
587 1253 732 1288 templum,
757 1252 830 1288 quod
849 1253 885 1279 cst
907 1253 935 1279 iii
953 1253 1124 1285 hominibus,
1144 1253 1279 1280 incolume
1298 1264 1330 1289 30
1345 1258 1452 1277 curator
1469 1251 1500 1277 D.
1515 1250 1629 1276 mandat.
1644 1249 1687 1275 vel
1701 1257 1786 1275 contr.
1858 1247 1985 1288 Qierelas
1999 1256 2028 1273 in
2041 1247 2144 1288 melius¹
2158 1248 2276 1282 Propert.
2291 1257 2311 1281 1,
2321 1257 2358 1284 17,
2365 1257 2390 1283 9.

231 1290 355 1316 seruauit.
1347 1288 1487 1313 Rationem
1501 1286 1574 1313 bono
1587 1285 1697 1312 consilio
1712 1294 1726 1311 a
1739 1285 1790 1311 diis
1806 1283 2002 1310 immortalibus
2016 1283 2116 1316 datam,
2138 1293 2166 1310 in
2179 1284 2301 1311 fraudem
2315 1285 2397 1318 triaii-¹

268 1331 284 1350 c,
298 1332 317 1352 o
329 1333 349 1352 N
360 1332 379 1350 v
390 1332 405 1351 E
417 1331 438 1350 N
449 1333 469 1351 N
481 1331 501 1351 o
513 1345 521 1357 ,
553 1324 605 1351 vid.
630 1332 646 1351 C
656 1332 674 1351 o
685 1332 708 1351 Μ
719 1331 735 1351 Β
745 1331 761 1351 E
770 1332 792 1351 N
804 1330 827 1350 Ν
840 1332 868 1352 o.
1344 1323 1463 1358 tianiqiie
1477 1328 1636 1348 conuertunt
1649 1321 1771 1348 homines
1791 1320 1847 1346 Cic.
1862 1319 1893 1346 de
1908 1319 1971 1346 Nat.
1986 1320 2066 1346 Deor.
2080 1328 2103 1352 3,
2119 1325 2151 1354 78
2168 1328 2189 1346 c.
2202 1328 2228 1352 3ι
2285 1320 2316 1347 Se
2330 1329 2390 1348 coii-
2416 1339 2418 1341 -

266 1367 310 1388 Co
322 1369 341 1387 N
354 1368 458 1388 VENT
469 1369 478 1387 1
489 1366 556 1387 civ
567 1369 596 1393 s,
617 1370 646 1392 a,
667 1370 720 1387 iiin.
758 1361 818 1387 Adi.
855 1360 938 1387 Plaiit.
953 1360 1016 1387 Cist.
1032 1369 1041 1387 i
1052 1381 1060 1393 ‚
1086 1370 1112 1394 1,
1132 1370 1168 1395 42
1192 1361 1278 1387 Patres
1344 1366 1449 1385 vei-tere
1469 1358 1542 1385 Idem
1558 1359 1596 1391 Q
1609 1359 1678 1384 Frat.
1694 1365 1717 1390 3,
1732 1365 1744 1389 5
1774 1357 1805 1382 Et
1820 1356 1849 1382 in
1860 1356 1935 1382 omni
1948 1356 2064 1387 summa,
2083 1361 2112 1382 vt
2126 1364 2234 1388 mones,
2254 1356 2330 1383 valde
2347 1366 2389 1385 me

232 1397 409 1429 conuensscii,
427 1397 493 1432 quod
511 1400 692 1432 interpretatur
706 1406 735 1422 ex
748 1406 789 1430 eo,
809 1396 873 1432 quod
884 1397 1030 1423 conuenire
1049 1406 1140 1433 quoque
1153 1397 1180 1423 tl?
1195 1406 1221 1423 νε
1235 1398 1278 1423 Vc·
1343 1395 1375 1421 ad
1390 1395 1476 1421 otium
1490 1402 1634 1429 paceinque
1646 1399 1784 1433 conuerte.
1857 1393 1888 1418 Et
1898 1400 1951 1432 *pro
1963 1391 2035 1417 Sulla
2048 1399 2077 1426 17
2104 1391 2212 1418 Lentuli
2224 1400 2308 1426 poena
2321 1401 2389 1420 tom-

231 1443 302 1460 ›ierca
322 1440 345 1459 et
365 1436 504 1459 meretricia
524 1433 575 1459 dici
595 1432 783 1468 obsti-nausimus.
841 1432 888 1460 Sed
908 1435 994 1459 melius
1016 1431 1049 1466 23st
1073 1443 1126 1459 ciem
1138 1434 1279 1459 camerario
1296 1433 1325 1459 33
1344 1432 1456 1465 pressus,
1476 1431 1611 1456 conuertit
1630 1430 1657 1456 se
1672 1428 1815 1463 aliquando
1836 1427 1869 1454 ad
1884 1434 2019 1467 tiinorein.
2042 1463 2047 1468 ι
2090 1427 2121 1454 Se
2134 1434 2291 1468 conuertere
2302 1429 2333 1456 ad
2347 1438 2390 1456 ve-

230 1469 413 1496 comincnticii
426 1470 503 1505 legere
513 1489 521 1501 ‚
535 1476 578 1494 ant
591 1469 734 1495 commenti
747 1478 800 1495 cuni
815 1470 954 1500 Gronouio,
974 1472 1016 1504 qui
1029 1469 1149 1495 videndus
1164 1466 1205 1501 est.
1344 1476 1403 1493 rum
1436 1467 1519 1493 Plaut.
1534 1465 1602 1492 Rud.
1617 1474 1644 1498 4,
1660 1474 1689 1498 4,
1705 1472 1760 1499 107.
1835 1464 1865 1490 Se
1887 1463 1919 1490 ad
1939 1464 2098 1498 sapientiora
2127 1463 2218 1490 Tacit.
2231 1465 2300 1490 Ann.
2319 1473 2342 1498 3,
2354 1472 2389 1498 5:⁴-

267 1511 284 1531 C
295 1512 314 1532 0
325 1513 346 1531 N
357 1511 462 1531 VENV
473 1511 562 1536 STO,
595 1509 647 1530 are.
692 1506 804 1536 Ονηανε,
825 1502 952 1537 venustum
973 1503 1082 1531 reddere.
1131 1505 1184 1530 Suo
1206 1504 1277 1529 cultu
1344 1503 1400 1529 Cic.
1417 1504 1488 1529 Fam.
1505 1511 1533 1535 4,
1550 1510 1579 1527 12
1613 1500 1775 1527 Gratulabor
1794 1499 1846 1526 tibi
1864 1500 1937 1533 prius
1964 1501 2019 1530 (ita
2034 1500 2106 1525 enini
2124 1508 2214 1526 rerum
2227 1500 2295 1527 ordo
2307 1501 2395 1535 postu?

230 1540 361 1567 ecclesiam
379 1539 430 1567 fibi
448 1539 576 1567 creditam
597 1536 787 1566 conueiiiistare
805 1535 896 1567 Sidon.
911 1540 990 1574 Epist.
1011 1542 1037 1573 6,
1059 1549 1096 1567 12.
1149 1539 1217 1567 Add.
1239 1539 1276 1566 ld.
1345 1539 1398 1569 lat)
1420 1538 1515 1564 deinde
1527 1537 1559 1563 ad
1573 1546 1616 1563 me
1630 1542 1779 1562 conuertar.
1849 1535 1880 1561 Se
1898 1540 1984 1561 totum
2003 1535 2035 1561 ad
2053 1535 2166 1561 alicuius
2185 1535 2346 1563 voluntatem
2361 1542 2387 1565 et

230 1569 296 1603 ibid}
320 1582 350 1609 8,
371 1578 396 1602 6.
1343 1581 1439 1600 nutum
1469 1573 1542 1600 Idem
1558 1573 1630 1599 Fam.
1652 1580 1674 1604 3,
1695 1581 1731 1605 ιο.
1802 1570 1832 1596 Se
1853 1578 2009 1598 conuertere
2028 1571 2060 1598 ad
2081 1571 2279 1606 philosophum„
2300 1571 2338 1599 ld.
2356 1571 2388 1600 de

266 1619 282 1638 c
293 1618 312 1637 o
325 1618 345 1637 N
355 1619 376 1637 v
386 1616 511 1637 ENVST
522 1617 542 1637 Α
554 1617 576 1636 N
589 1618 601 1637 s
615 1630 624 1643 ‚
642 1610 719 1636 antii.
755 1611 822 1637 Part.
859 1611 964 1639 Aurora
981 1611 1071 1646 primo
1090 1611 1279 1638 conueniistans
1287 1622 1324 1647 40
1344 1611 1401 1637 Fin.
1415 1618 1438 1643 ς,
1453 1617 1479 1644 7.
1511 1609 1589 1635 intell.
1605 1607 1763 1644 sequendum.
1834 1606 1889 1632 Cic.
1905 1606 2034 1646 insonin.
2049 1607 2115 1641 Scip.
2136 1617 2158 1633 c.
2172 1615 2188 1633 2
2222 1609 2253 1634 In
2269 1614 2293 1634 te
2307 1617 2389 1636 vnum
2409 1608 2413 1611 ’
2448 1619 2449 1622 “

230 1646 322 1674 habitu
342 1648 419 1673 Mart.
433 1646 530 1680 Capell.
549 1645 566 1672 l.
586 1654 602 1672 2
622 1653 686 1672 extr.
708 1646 736 1671 in
749 1652 845 1672 metro.
1343 1653 1422 1681 atque
1438 1653 1513 1671 tuum
1521 1653 1621 1671 noinen
1635 1645 1660 1670 se
1674 1649 1727 1670 tota
1742 1647 1880 1671 coniiertet
1891 1648 1994 1668 ciuitas.
2029 1642 2097 1669 Adzl.
2111 1643 2228 1677 Nep.2;,
2242 1648 2266 1676 8,
2279 1652 2298 1670 1.
2331 1644 2387 1672 Sen.
2448 1642 2450 1650 ’

268 1689 285 1709 C
299 1689 318 1709 O
330 1690 349 1709 Ν
358 1690 378 1708 v
387 1689 404 1709 E
414 1689 432 1708 R
442 1688 458 1709 Β
468 1681 485 1708 ιὲ
494 1689 511 1708 R
523 1687 542 1708 O
553 1701 560 1712 ‚
589 1685 642 1707 are.
678 1681 690 1714 [
698 1680 801 1714 τύπτω]
846 1681 929 1714 Idem,
946 1682 1011 1717 quod
1030 1681 1183 1709 vehementer
1196 1682 1278 1709 verbe—
1344 1682 1375 1709 de
1396 1682 1480 1708 Clein.
1498 1690 1518 1713 1,
1541 1689 1568 1713 4.
1622 1679 1666 1707 Ad
1679 1679 1869 1706 admirationem
1889 1688 1937 1704 non
1949 1677 2018 1704 modo
2027 1678 2077 1713 sed
2091 1678 2126 1704 ad
2140 1681 2277 1705 clientelam
2292 1681 2390 1707 velatu

229 1728 294 1745 rare.
337 1718 404 1744 Plin.
426 1726 465 1751 13,
488 1726 520 1743 22
555 1717 703 1744 Nocturnis
725 1716 926 1751 grassationibus
947 1717 1163 1745 conuerberataiii
1184 1719 1280 1744 faciem
1337 1718 1407 1754 spem
1423 1719 1514 1743 auxilii
1526 1715 1647 1751 refertur.
1720 1715 1777 1741 Cic.
1792 1713 1825 1740 de
1833 1714 1939 1753 Aniicit.
1954 1722 1990 1748 94
2010 1714 2084 1747 Qiid
2098 1714 2171 1741 enim
2183 1715 2266 1749 potest
2280 1712 2325 1742 eise
2337 1721 2389 1743 tam

230 1754 345 1781 illiricus.
388 1753 446 1780 Vid.
460 1754 517 1780 Seri.
532 1753 563 1779 de
578 1754 620 1779 Ira
637 1762 658 1785 3,
674 1761 716 1778 20.
747 1759 771 1778 et
792 1752 870 1787 Apul.
886 1753 950 1779 Met.
964 1761 980 1785 9
1001 1762 1026 1788 p.
1040 1755 1095 1785 236.
1167 1754 1208 1780 Ad
1224 1755 1278 1781 vir-
1344 1752 1480 1784 flexibile,
1507 1758 1561 1777 tam
1581 1750 1689 1776 deuium
1700 1770 1708 1782 ,
1728 1758 1807 1784 quam
1822 1758 1925 1775 animus
1938 1750 2005 1781 eius,
2020 1750 2066 1784 qui
2079 1750 2111 1776 ad
2125 1750 2233 1777 alterius
2241 1758 2295 1778 non
2309 1751 2388 1783 modo

229 1796 296 1817 tutes
315 1788 449 1816 exhortari
464 1789 568 1815 et·vitia
581 1788 774 1815 conuerberare
787 1788 844 1815 Seri.
858 1789 904 1823 Ep.
920 1797 972 1815 121.
1291 1795 1325 1821 45
1345 1790 1447 1815 sensum
1466 1797 1494 1813 ac
1516 1786 1699 1818 voluntatem,
1724 1785 1768 1811 sed
1788 1785 1869 1824 etiam
1887 1785 1991 1811 vultum
2012 1792 2090 1819 atque
2104 1792 2197 1813 nutum
2210 1788 2396 1815 conuertitur}

265 1833 282 1853 C
292 1833 310 1852 0
323 1832 343 1851 N
356 1833 401 1852 VE
411 1831 567 1853 RBERAT
579 1831 632 1857 10,
652 1824 720 1850 onis.
756 1824 776 1850 f.
812 1824 922 1858 August.
1345 1825 1419 1851 Caes.
1441 1823 1505 1849 Bell.
1519 1822 1588 1849 Gall.
1611 1830 1631 1854 1,
1650 1829 1680 1855 25
1716 1821 1831 1853 Romani
1850 1822 1977 1846 conuersa
1991 1821 2068 1854 Signa
2088 1821 2215 1856 bipartito
2235 1823 2391 1850 intulerunt.

265 1868 282 1888 C
291 1869 310 1888 Ο
320 1869 341 1888 Ν
350 1868 369 1887 V
378 1868 394 1888 Ε
404 1868 423 1888 R
432 1868 451 1887 R
462 1867 480 1887 o
490 1881 499 1895 ‚
516 1861 589 1887 verri
603 1867 627 1886 et
640 1861 743 1887 versum
752 1879 760 1891 ,
774 1868 826 1886 ere.
853 1860 965 1895 [σαίρω]
1000 1859 1067 1886 Idem
1083 1858 1149 1895 quod
1159 1859 1278 1886 verrendo
1345 1860 1548 1886 Conuertuntiir
1562 1858 1656 1892 Signa,
1675 1866 1728 1883 cum
1746 1858 1796 1882 alia
1814 1858 1858 1882 via
1876 1859 1964 1892 pergit
1976 1860 2113 1889 exercitus,
2131 1867 2204 1893 quam
2223 1868 2271 1894 qua
2284 1866 2392 1894 coeptum

228 1898 358 1934 alligem,
378 1898 419 1924 vel
440 1903 517 1923 totum
541 1905 648 1924 vcrrere.
684 1896 765 1922 Plaut.
789 1895 869 1922 Stich.
884 1904 905 1927 2,
920 1904 944 1926 2,
958 1897 994 1928 64
1025 1896 1170 1921 Reuerram
1192 1895 1279 1922 hercle
1344 1902 1408 1921 erat.
1460 1895 1515 1921 Cic.
1532 1903 1581 1928 pro
1596 1893 1664 1919 Sext.
1682 1900 1718 1926 70
1750 1893 1842 1925 Quini
1862 1900 1953 1918 omnes
1972 1891 2037 1918 boni
2056 1901 2163 1919 omnem
2181 1894 2257 1928 Spem
2271 1894 2392 1922 melioris

230 1932 280 1960 hoc
289 1954 296 1965 ‚
310 1933 381 1967 quod
394 1933 519 1959 conuerri
532 1931 622 1959 niodo.
693 1931 827 1958 Coluincl.
841 1939 868 1966 7,
882 1934 916 1964 6,
940 1933 956 1957 6
981 1931 1101 1965 Diligens
1114 1931 1201 1965 pastor
1214 1940 1279 1965 quo·
1344 1931 1423 1957 ssatus
1437 1930 1465 1957 in
1479 1939 1572 1956 eorum
1586 1928 1665 1955 fidem
1681 1928 1874 1968 coniiertissent.
1944 1927 2017 1953 Idem
2030 1927 2082 1968 Off.
2097 1937 2118 1960 3,
2133 1937 2162 1961 19
2194 1929 2236 1955 Ad
2250 1929 2316 1956 hanc
2329 1931 2391 1958 scri.

228 1970 294 1995 tidie
309 1968 438 1995 stabulum
452 1970 601 1998 conuenit,
616 1976 662 1994 nec
677 1968 777 2001 patitur
790 1968 887 1994 stercus
920 1972 964 1993 aut
977 1966 1118 1993 humorem
1132 1966 1279 1994 consistere.
1298 1974 1329 2001 50
1344 1966 1426 1994 bendi
1440 1975 1548 2001 operam
1568 1973 1648 1991 omne
1663 1963 1784 1990 Studium
1796 1971 1942 2003 curamque
1963 1970 2150 2003 conuertimus.
2222 1965 2314 2000 Terga
2329 1975 2391 1992 con-

229 2005 314 2031 Cellas
334 2006 472 2031 seruorum
493 2004 618 2031 conuerri
636 2004 712 2030 Prisc.
735 2013 759 2038 p.
778 2012 840 2037 900.
912 2003 1025 2038 Metaph.
1062 2003 1146 2029 Plaut.
1167 2003 1235 2029 Rud.
1256 2011 1279 2036 3,
1344 2008 1464 2035 vertere,
1489 2003 1581 2038 fugere
1601 2000 1674 2027 Caes.
1688 1998 1754 2025 Bell.
1770 1998 1887 2038 Cutil-1¹,
1902 2003 1942 2028 80-
2011 1999 2068 2025 Cic.
2081 2008 2130 2033 pro
2142 1999 2225 2027 Flacc,
2239 2009 2269 2034 41
2297 2003 2390 2037 Itaque

230 2042 256 2071 6,
269 2047 286 2073 7
306 2041 454 2066 Comierret
468 2040 522 2067 iam
533 2040 577 2067 hic
589 2049 632 2066 me
646 2045 733 2066 totum
747 2049 806 2066 cuin
832 2037 998 2074 puluisculo,
1042 2039 1096 2066 Vox
1117 2040 1211 2065 lenonis
1237 2039 1279 2065 da·
1344 2038 1440 2065 eodem
1459 2039 1539 2064 etiam
1560 2038 1598 2063 M.
1618 2037 1723 2068 Lurco,
1756 2043 1800 2061 Vir
1821 2040 1955 2068 optimus,
1979 2042 2053 2060 meus
2073 2034 2226 2067 familiaris,
2258 2038 2392 2064 conuertit

230 2084 311 2100 mnam
325 2074 474 2100 metuentis.
730 2100 735 2105 .
1344 2075 1474 2102 Aculeum
1487 2072 1656 2100 Testimonii
1668 2071 1717 2097 siii.
1788 2071 1888 2097 Verum
1904 2070 2026 2096 futurum
2040 2070 2069 2096 in
2091 2070 2184 2096 falsum
2204 2073 2325 2098 conuerti
2337 2081 2392 2100 riou
2450 2094 2452 2100 .

267 2117 283 2137 C
293 2117 312 2136 O
322 2117 342 2135 N
354 2116 373 2134 V
384 2116 427 2135 ER
436 2116 454 2135 R
465 2107 476 2135 ἶ
487 2114 509 2135 Τ
520 2115 539 2135 O
548 2115 566 2135 R
575 2128 583 2140 ‚
613 2108 677 2134 ὅῐίθ-
702 2117 740 2133 m·
777 2109 938 2144 [καλωιτιιρ]
979 2111 1109 2144 Tanquam
1117 2109 1280 2144 Supiiiumfit
1344 2111 1414 2146 posse
1435 2110 1509 2137 Idem
1523 2110 1555 2136 tle
1570 2110 1635 2135 Fato
1649 2116 1680 2134 20
1693 2117 1714 2133 c.
1729 2114 1755 2140 9.
1794 2106 1842 2134 Sed
1853 2104 1912 2139 Mſji
1927 2112 1950 2132 et
1963 2106 2051 2141 Dauif
2066 2106 2245 2139 Conuertere,
2263 2107 2316 2134 uid.
2330 2117 2355 2134 n.
2367 2116 2390 2141 3.
2428 2126 2429 2130 ,

230 2146 420 2172 Conucrrituin
430 2164 438 2176 ,
462 2143 495 2177 cst
508 2143 575 2178 apud
592 2142 735 2178 Apuleium
749 2142 778 2168 in
786 2143 917 2176 Apologia
930 2153 954 2176 p.
968 2151 1028 2176 277,
1041 2153 1065 2176 13
1081 2145 1124 2169 vbi
1135 2144 1282 2171 Conuerri-
1299 2154 1327 2180 55
1343 2146 1423 2171 Viam
1443 2150 1615 2176 conuertere,
1640 2142 1674 2176 qs}
1700 2144 1771 2169 Viam
1789 2148 1914 2177 repetere,
1925 2148 1973 2177 per
1992 2151 2063 2177 quam
2082 2151 2147 2168 nunc
2162 2145 2273 2177 primum
2291 2152 2402 2178 veneras·

231 2188 316 2208 torem
332 2180 469 2214 pridianae
484 2179 624 2213 relliquiae
644 2179 888 2213 vocatpuluijriaelitm
901 2177 1085 2213 dentifricium.
1345 2179 1421 2212 Virg.
1435 2180 1498 2205 Aen.
1513 2187 1536 2211 ς,
1551 2184 1604 2210 582.
1677 2178 1734 2204 Cic.
1748 2177 1780 2204 de
1793 2178 1863 2204 Clar.
1873 2178 1946 2204 Orat.
1963 2185 2005 2210 141
2028 2177 2076 2204 Sed
2090 2177 2142 2204 hoc
2154 2178 2258 2204 Vitium
2270 2178 2332 2205 huic
2344 2188 2361 2206 v
2375 2209 2378 2211 Α

267 2223 284 2243 c
297 2224 314 2240 (z
324 2224 345 2242 N
354 2222 373 2240 v
383 2222 426 2241 ER
436 2222 448 2241 s
458 2222 478 2240 v
487 2222 511 2247 s,
523 2223 547 2246 a,
560 2223 615 2239 um.
640 2213 734 2239 Partic.
771 2217 797 2239 A
809 2214 959 2238 Conuerm.
996 2213 1130 2238 Coniiersa
1144 2218 1170 2238 et
1182 2212 1281 2239 munda
1346 2214 1375 2240 in
1388 2213 1491 2240 bonum
1513 2212 1702 2245 conuertebat,
1723 2212 1776 2238 vid.
1791 2222 1816 2238 n.
1829 2222 1851 2245 3.
1922 2213 2018 2239 Vsuras
2039 2214 2068 2239 in
2086 2214 2146 2240 suos
2165 2214 2224 2240 vsus
2257 2214 2361 2249 leian.

222 2253 298 2279 *villa
310 2252 377 2278 Cato
391 2250 422 2277 de
437 2251 467 2276 R.
481 2251 511 2276 R.
528 2258 582 2283 143,
601 2257 622 2275 2.
676 2249 842 2274 Conuersum
863 2247 955 2274 finium
975 2255 1117 2281 progerere
1137 2248 1244 2274 Colum.
1262 2257 1281 2280 i,
1344 2249 1471 2284 Idemque
1491 2256 1517 2276 et
1535 2247 1558 2286 §.
1580 2249 1606 2275 Si
1621 2254 1778 2283 procurator
1800 2249 1832 2274 D.
1846 2247 1963 2274 Mandat.
2161 2247 2182 2286 q
2201 2258 2218 2276 α,
2258 2251 2329 2277 Tnm

232 2291 263 2322 6,
276 2297 317 2315 22.
347 2286 414 2314 Adii.
434 2285 558 2312 Priscian.
574 2294 612 2317 10,
628 2293 652 2318 p.
668 2289 728 2317 408-
1067 2312 1071 2315 ,
1345 2292 1416 2318 tare,
1436 2292 1458 2312 et
1474 2283 1797 2321 transformarestgnficat
1806 2284 1861 2310 Cic.
1870 2284 1921 2310 off.
1930 2292 1953 2316 3,
1960 2289 1991 2314 82
2012 2283 2086 2317 Qiid
2098 2284 2171 2311 enini
2184 2286 2291 2313 interest
2304 2296 2321 2313 v

268 2331 284 2350 c
296 2331 314 2351 o
323 2330 345 2349 N
355 2331 376 2350 v
386 2330 401 2349 E
411 2329 429 2348 R
439 2329 451 2349 s
460 2328 479 2349 o
487 2342 496 2354 ,
532 2327 549 2347 c
560 2328 579 2348 0
591 2327 613 2347 N
625 2327 646 2347 v
655 2327 672 2346 E
682 2326 700 2346 R
711 2326 723 2346 s
733 2324 752 2345 ο
761 2325 780 2346 a
792 2337 804 2356 ,
831 2324 855 2344 et
887 2323 905 2344 c
916 2323 935 2344 o
945 2324 966 2344 N
974 2323 995 2343 v
1006 2323 1022 2343 E
1031 2323 1050 2343 R
1059 2323 1072 2343 s
1082 2323 1104 2344 A
1112 2323 1134 2344 T
1143 2325 1152 2343 1
1162 2323 1181 2344 o
1189 2336 1198 2349 ‚
1228 2317 1282 2343 vid.
1291 2325 1327 2350 60
1347 2330 1378 2347 ex
1392 2321 1501 2347 homine
1521 2322 1547 2347 se
1561 2326 1700 2346 coniiertat
1714 2319 1773 2354 quis
1794 2319 1822 2345 in
1836 2320 1952 2346 belluam
1960 2339 1969 2352 ‚
1995 2328 2028 2346 an
2042 2319 2160 2347 hominis
2174 2321 2257 2356 figura
2271 2323 2352 2350 imma
2390 2323 2397 2344 -'

232 2368 248 2388 C
259 2368 277 2387 0
288 2368 308 2386 N
318 2367 337 2385 V
347 2366 364 2386 E
372 2366 392 2385 R
402 2364 423 2384 T
433 2365 461 2384 Ο·
1345 2361 1427 2382 tatem
1441 2363 1513 2390 gerat
1524 2356 1647 2383 belluae?
1717 2356 1803 2382 Deum
1817 2356 1869 2382 sese
1882 2356 1911 2382 in
1922 2355 2060 2382 hominem
2074 2358 2230 2384 conuertisse
2250 2358 2319 2385 Ter.
2327 2359 2389 2396 EQ

268 2402 371 2422 CONV
384 2400 401 2420 E
412 2401 431 2420 R
441 2398 506 2425 To,
534 2392 656 2426 (antique
673 2391 831 2421 Coniiorto)
862 2389 894 2421 ti,
921 2389 988 2421 siim,
1013 2389 1067 2415 ere.
1104 2389 1217 2423 [ςρέφω,
1235 2387 1284 2413 ἔπι-
1346 2398 1371 2422 3,
1385 2397 1409 2422 5,
1423 2399 1468 2423 40.
1539 2392 1596 2418 Cic,
1610 2391 1642 2417 de
1656 2391 1718 2417 Nat.
1733 2391 1814 2416 Deor.
1833 2400 1857 2424 3,
1871 2400 1897 2423 3ι
1911 2401 1933 2418 c.
1949 2400 1976 2418 12
2010 2392 2203 2428 Praetereaque
2221 2394 2312 2422 omnia
2330 2394 2391 2429 hm

232 2432 331 2467 ςρὲφω]
375 2431 464 2456 Totum
483 2434 593 2459 vertere,
614 2427 680 2462 quod
694 2429 781 2453 varias
792 2427 864 2460 pari!
871 2425 1009 2461 formulas.
1066 2423 1149 2450 Plaut.
1165 2423 1245 2450 Stich.
1261 2432 1284 2455 3,
1348 2432 1405 2452 tum
1418 2425 1569 2457 intereunt,
1589 2435 1672 2460 quum
1686 2426 1715 2452 jn
1727 2431 1849 2451 „amram
1861 2426 1940 2453 aliam
1954 2434 2155 2455 conuermntur·
2219 2430 2260 2457 Sic
2274 2427 2386 2461 conum

234 2476 255 2500 1,
277 2476 285 2494 1
318 2469 409 2499 Qiom
430 2464 496 2491 bene
516 2472 545 2489 re
566 2462 634 2498 gesta
654 2462 738 2489 saluus
757 2467 904 2488 conuortor
924 2461 1033 2487 domuin
1043 2479 1050 2491 ‚
1070 2462 1087 2486 i.
1103 2466 1217 2486 conuerso
1231 2469 1266 2485 me
1276 2470 1291 2486 .’.
1347 2467 1403 2488 tere
1418 2459 1450 2494 2st
1465 2469 1494 2487 cx
1507 2469 1558 2486 vna
1570 2461 1657 2495 lingua
1669 2464 1697 2486 in
1708 2462 1783 2486 aliam
1796 2468 1892 2487 vertere
1910 2461 1983 2486 Idein
1999 2462 2031 2487 de
2045 2463 2106 2496 opt,
2116 2464 2264 2496 GeffiQrat,
2277 2475 2308 2500 14
2322 2465 2389 2493 003,

228 2503 294 2537 Jicut
320 2503 388 2529 Ter.
403 2499 514 2535 Adelph.
530 2508 556 2532 2,
573 2508 601 2532 4,
616 2507 649 2525 22
682 2499 737 2533 Ego
752 2498 804 2524 iam
817 2497 946 2524 transaeia
965 2505 994 2523 re
1014 2502 1167 2522 conuertam
1181 2504 1224 2521 me
1237 2495 1284 2522 do·
1298 2497 1330 2530 65
1346 2497 1416 2524 verti
1431 2497 1502 2523 enim
1517 2505 1548 2522 ex
1562 2495 1656 2522 Atticis
1670 2495 1783 2520 duorum
1796 2496 2065 2530 eloquentissimoruni
2079 2498 2251 2526 nobiliffimas
2258 2502 2392 2528 orationes

234 2547 307 2564 muiii
329 2547 388 2564 cuin
408 2536 529 2571 opsoniO.
603 2536 797 2561 Comici-temus
818 2542 865 2559 nos
886 2533 914 2559 in
933 2532 1020 2559 Asiam
1052 2532 1108 2559 Cic.
1129 2530 1182 2558 Att.
1202 2540 1224 2563 3,
1245 2540 1283 2565 14.
1347 2533 1418 2560 inter
1430 2533 1456 2559 se
1469 2531 1623 2558 contrarias.
1658 2531 1699 2558 Sic
1711 2529 1743 2556 de
1751 2530 1808 2556 Fin.
1825 2538 1844 2561 1,
1859 2533 1875 2556 6
1894 2531 2027 2557 Coniiersa
2040 2531 2072 2558 de
2085 2532 2200 2559 Graecis.
2257 2535 2277 2560 E
2291 2536 2394 2563 Graeco

236 2574 369 2601 Coniicrsa
382 2572 413 2599 ad
428 2571 588 2607 Aquilonem
604 2571 724 2605 spelunca
754 2569 827 2596 Ideni
841 2570 916 2595 Verr.
930 2579 958 2603 4,
972 2575 1027 2604 107.
1100 2569 1131 2594 Et
1143 2567 1196 2594 Off.
1215 2575 1237 2599 3,
1251 2572 1284 2601 78
1347 2570 1376 2596 in
1390 2569 1516 2595 Latinum
1532 2572 1688 2594 conuertere
1716 2566 1772 2592 Cic.
1787 2564 1840 2592 Off.
1862 2574 1885 2598 2,
1899 2570 1932 2601 87
1952 2575 1973 2592 c.
1988 2575 2032 2598 24.
2102 2569 2133 2594 In
2152 2569 2278 2596 Latinum
2294 2570 2395 2597 Graeca

236 2610 277 2637 Ibi
291 2618 373 2644 qiiiiin
388 2608 473 2643 palam
487 2607 542 2633 eius
557 2607 647 2633 annuli
663 2606 695 2633 ad
709 2605 821 2641 palmam
840 2606 1034 2636 Coniierterat,
1058 2612 1072 2630 a
1085 2603 1161 2629 nullo
1175 2602 1283 2629 videba-
1346 2611 1502 2632 conuertere
1526 2603 1689 2630 IdemTusc.
1701 2610 1714 2634 3
1731 2611 1753 2628 c.
1770 2610 1810 2634 14.
2007 2599 2028 2638 ff
2049 2610 2061 2634 3
2099 2603 2250 2632 Conuertor
2264 2612 2310 2640 pro
2322 2607 2393 2632 con.

237 2651 282 2672 (ιιι-
292 2665 299 2677 ,
316 2645 369 2679 ipse
387 2649 475 2670 autem
489 2642 580 2668 omnia
593 2642 710 2669 videbat.
779 2642 944 2668 Conuertere
951 2639 1101 2674 adspe6tum
1114 2639 1207 2674 aliquo
1225 2639 1282 2665 Cic.
1346 2647 1424 2668 verto
1436 2640 1488 2667 dici
1502 2639 1569 2675 apud
1595 2639 1678 2666 Plaut.
1694 2637 1788 2672 Amph.
1805 2646 1825 2669 ι,
1841 2645 1862 2670 1,
1875 2642 1903 2669 83
1936 2637 2034 2672 Fugam
2053 2639 2082 2664 in
2096 2638 2120 2664 se
2132 2644 2220 2666 tamen
2239 2648 2318 2675 nemo
2331 2650 2395 2668 con·
2417 2666 2423 2675 .

238 2681 270 2707 de
283 2681 346 2707 Nat.
361 2681 440 2706 Deor.
455 2687 476 2711 2,
490 2686 534 2712 142
548 2686 568 2703 c.
583 2685 622 2711 57.
694 2677 766 2703 Idem
780 2678 812 2704 de
825 2678 899 2704 Orat.
915 2685 935 2709 1,
949 2679 966 2703 6
979 2685 1001 2703 c.
1017 2685 1030 2701 2
1062 2676 1098 2701 Ac
1112 2684 1283 2710 quocumque
1292 2686 1328 2714 70
1347 2677 1479 2709 vertitur,
1498 2675 1611 2702 admonet
1629 2674 1737 2701 Nonius
1751 2681 1778 2708 7,
1793 2681 1847 2699 102.
1917 2673 2016 2699 Certius
2029 2672 2061 2706 est
2075 2674 2212 2701 Conuerto
2221 2682 2277 2710 pro·
2285 2685 2392 2705 conuer-

238 2723 263 2743 te
277 2716 368 2743 animo
381 2722 405 2741 et
420 2713 582 2749 cogitatione
595 2713 766 2739 Contiertcris
775 2733 783 2745 ‚
801 2712 945 2747 permultos
964 2711 1118 2738 excellentes
1133 2712 1161 2738 in
1177 2720 1285 2746 quoque
1348 2720 1400 2740 tor.
1435 2713 1495 2739 Sine
1508 2710 1644 2738 aduocatis
1657 2710 1686 2736 in
1698 2709 1844 2736 amicitiam
1859 2714 1939 2743 atque
1951 2709 1980 2735 in
1991 2709 2103 2743 gratiani
2116 2711 2299 2738 conuortimus
2313 2712 2393 2743 Plaut.
2448 2710 2474 2757 ἴῃ

239 2761 334 2788 genere
347 2750 461 2778 videbis.
516 2748 556 2775 Ad
569 2749 595 2775 se
610 2755 765 2774 conuertere
779 2756 805 2774 et
819 2757 910 2783 rapere
924 2747 1022 2774 dicitur
1036 2756 1076 2774 res
1090 2748 1209 2780 homines,
1226 2756 1286 2782 quae
1349 2748 1429 2776 Stich.
1446 2757 1469 2781 3,
1486 2757 1506 2780 ι,
1523 2756 1556 2774 12.
1630 2745 1771 2773 Coniiertit
1783 2744 1815 2771 ad
1829 2754 1871 2771 uie
1892 2744 1960 2771 Gell.
1976 2753 1996 2777 1,
2008 2747 2052 2772 26.
2124 2747 2275 2774 Femineam
2293 2748 2321 2775 in
2339 2749 2393 2784 spe-
2448 2747 2457 2776 ⁸..

238 2788 411 2819 admirabilis,
435 2784 550 2812 amabilis
570 2791 615 2810 etc.
635 2782 668 2817 cst
698 2784 735 2810 Id.
748 2784 800 2810 Off.
822 2793 848 2816 2,
863 2791 902 2818 37.
974 2783 1035 2810 Liu.
1051 2791 1092 2815 22,
1105 2791 1137 2816 3ο
1167 2783 1285 2809 Profecti
1349 2785 1416 2812 ciem
1430 2783 1565 2810 conuertit
1577 2782 1707 2809 masculus
1720 2781 1773 2808 ales
1810 2781 1871 2807 Aus.
1886 2781 1974 2815 Epigr.
1989 2789 2009 2813 1,
2023 2783 2063 2811 68.
2135 2783 2195 2809 Hoc
2213 2783 2311 2812 vitium
2330 2784 2391 2812 huie
2429 2796 2432 2798 ·

239 2824 344 2859 agmine
358 2821 505 2849 incedentes
526 2819 556 2847 ad
571 2819 716 2846 Dielatoris
730 2819 810 2846 castra
819 2840 827 2852 ,
844 2820 871 2846 iii
885 2819 1089 2846 admirationem
1109 2824 1136 2845 et
1150 2819 1245 2854 ipsum,
1259 2824 1285 2846 et
1347 2821 1396 2848 vni
1409 2820 1437 2847 in
1451 2820 1553 2846 bonum
1566 2817 1740 2845 conuertebat
1759 2816 1815 2844 Cic.
1828 2817 1911 2843 Bruto
1924 2825 1966 2851 ¹4¹
1978 2826 2000 2843 c.
2013 2821 2051 2849 38.
2120 2817 2159 2845 Id.
2173 2818 2206 2845 de
2217 2819 2282 2846 Fato
2297 2828 2330 2847 20
2341 2829 2362 2847 c.
2373 2828 2392 2854 9

240 2869 332 2886 omnes
347 2859 395 2893 qui
408 2858 477 2884 circa
497 2862 585 2886 erant,
613 2861 810 2882 conuerterunt.
883 2855 1024 2882 Conuertit
1044 2856 1120 2882 Aetas
1141 2860 1186 2882 tua
1205 2856 1285 2890 septe·
1298 2862 1331 2890 75
1350 2858 1407 2884 Nec
1421 2856 1489 2891 poss'e
1510 2864 1604 2882 verum
1622 2855 1743 2881 futurum
1757 2858 1911 2879 conuertere
1933 2852 1963 2879 in
1974 2852 2079 2879 falsum.
2133 2855 2166 2881 Et
2178 2863 2200 2881 c.
2216 2857 2246 2881 16
2272 2856 2329 2883 Nec
2343 2855 2402 2886 hoe-

241 2905 288 2922 nos
304 2895 386 2922 octies
403 2893 466 2920 solis
480 2892 613 2919 anfi-acius
642 2892 697 2918 Cic.
712 2891 739 2917 in
751 2891 841 2917 Somn.
856 2891 923 2925 Scip.
944 2899 964 2922 3.
995 2891 1019 2917 h.
1034 2900 1052 2917 e.
1068 2892 1114 2918 Sex
1129 2898 1151 2917 et
1164 2894 1285 2927 quinqua·
1348 2902 1380 2920 ex
1394 2901 1460 2919 vero
1476 2892 1504 2917 in
1523 2891 1618 2918 falsum
1636 2895 1739 2925 poterat
1759 2894 1923 2915 conuertere.
1985 2889 2120 2924 Vtrumque
2137 2890 2261 2925 Iocumstc
2276 2901 2305 2918 ex
2318 2892 2366 2921 MS

241 2935 313 2968 ginta
336 2940 413 2956 annos
431 2936 506 2955 mirus
521 2937 554 2954 rs.
626 2928 709 2954 Plaut.
720 2926 804 2953 Stich.
825 2935 846 2958 3,
860 2933 880 2958 ι,
896 2934 920 2958 ι3
947 2927 976 2952 Iii
991 2927 1146 2953 Amicitiam
1165 2933 1244 2962 atque
1258 2927 1286 2953 iti
1349 2928 1419 2955 dedit
1431 2927 1520 2963 Dauifi
1556 2926 1663 2962 Qidam
1677 2925 1815 2953 Coniierti.
1851 2923 1924 2961 Conf-
1938 2924 2006 2950 Cort.
2019 2923 2053 2950 ad
2065 2924 2123 2950 Sall.
2137 2926 2194 2960 Iug.
2206 2935 2252 2960 20,
2263 2936 2291 2961 4.
2375 2935 2377 2939 ’
2406 2923 2411 2930 ’

242 2967 353 3002 gratiam
369 2964 562 2992 Conuortiiniis
571 2983 579 2995 ,
591 2963 699 2999 subaudi
720 2963 787 2989 Nos.
842 2962 885 2989 Ne
899 2961 926 2987 ιιι
939 2962 1042 2995 graneis
1053 2963 1210 2989 inimicitias
1223 2972 1285 2989 con·
1385 2972 1402 2992 c
1412 2970 1431 2991 ο
1441 2969 1461 2989 Ν
1472 2970 1493 2990 v
1502 2970 1519 2990 Ε
1529 2969 1548 2989 R
1558 2970 1580 2990 T
1589 2969 1606 2989 Ε
1615 2969 1637 2988 Ν
1650 2969 1672 2994 s,
1693 2961 1770 2988 entis.
1789 2961 1856 2987 Part.
1875 2961 2041 2987 Conuertens
2055 2960 2220 2988 machaeram
2233 2963 2261 2989 in
2275 2968 2393 3001 aratrum=

242 3005 346 3029 vertant
359 3002 383 3028 se
399 3000 555 3032 Amicitiae,
576 2999 721 3026 cauendum
742 2998 798 3025 Cic.
815 2997 846 3024 de
860 2997 968 3024 Amicii.
980 3002 1011 3028 80
1025 3007 1046 3024 c.
1061 3007 1097 3025 21.
1153 2999 1287 3025 Conuersa
1350 2998 1470 3028 Tertull.
1486 2998 1545 3025 adu.
1562 2998 1652 3025 Gnost.
1667 3007 1689 3024 c.
1703 3006 1737 3030 13.
1773 2996 1877 3031 Vulgat.
1893 2995 1972 3022 Sirac.
1988 3004 2019 3038 ιι,
2031 3004 2065 3029 29
2084 3003 2107 3022 et
2119 2997 2210 3024 Psalin.
2226 3007 2265 3032 19,
2277 3004 2300 3029 8.
2389 3015 2393 3026 γ

244 3038 273 3064 in
286 3037 468 3064 crudelitatem
483 3035 622 3062 clementia
641 3034 714 3061 Idem
727 3035 755 3061 in
770 3035 848 3061 Verr.
864 3041 886 3066 ς,
903 3038 954 3068 1124.
1017 3034 1175 3061 Pei-mouere
1188 3040 1214 3061 et
1227 3043 1287 3060 con·
1301 3042 1333 3068 80
1387 3043 1404 3063 c
1413 3042 1431 3062 0
1440 3042 1461 3061 N
1473 3042 1494 3061 v
1504 3041 1519 3061 Ε
1528 3041 1547 3061 R
1556 3042 1569 3061 s
1578 3042 1599 3061 v
1609 3042 1634 3067 s,
1647 3043 1671 3066 a,
1685 3043 1739 3060 um.
1760 3033 1828 3059 Part.
1870 3032 1883 3065 [
1890 3032 2045 3065 ἔπιε-ραφεις]
2082 3032 2138 3059 Cic.
2153 3033 2182 3060 in
2191 3034 2281 3062 Somn.
2290 3034 2356 3070 Scip.
2365 3041 2394 3070 ιᾳ
2428 3048 2429 3053 =

244 3080 347 3100 vertere
359 3073 463 3099 animos
490 3071 529 3098 Id.
545 3071 573 3097 iii
586 3071 660 3097 Orat.
674 3079 717 3097 20.
789 3070 915 3096 Animum
931 3075 1086 3096 conuertere
1105 3070 1136 3096 ad
1155 3070 1288 3097 crudelem
1350 3072 1438 3099 Huius
1457 3070 1566 3106 quidem
1585 3071 1648 3097 anni
1666 3068 1784 3096 nondum
1804 3067 1956 3103 vigesimam
1974 3073 2075 3101 partem
2093 3068 2158 3095 scito
2172 3070 2220 3096 efl'e
2232 3072 2411 3106 conuersamq,

246 3108 435 3143 superbamque
447 3108 503 3134 vim
535 3107 594 3133 Liu.
610 3115 632 3139 3,
645 3114 691 3139 44.
762 3105 873 3132 Animos
887 3105 919 3131 ad
937 3114 1030 3139 agrum
1044 3106 1186 3132 colendum
1213 3106 1288 3133 Idem
1350 3107 1391 3135 Ad
1406 3106 1511 3134 caedem
1530 3112 1555 3132 et
1573 3106 1653 3132 funus
1666 3104 1783 3132 ciuitatis
1803 3102 1922 3131 conuersi
1942 3102 2000 3129 ludi
2031 3103 2106 3130 Idem
2119 3104 2151 3131 de
2163 3106 2256 3140 Arusp.
2272 3107 2348 3141 Resp.
2361 3104 2417 3142 uf..

245 3146 291 3176 26,
305 3153 348 3177 40.
421 3144 533 3170 Animos
547 3142 733 3177 imperitorum
752 3141 784 3168 ad
797 3141 909 3169 deorum
927 3141 1025 3167 cultum
1040 3150 1054 3167 a
1069 3141 1140 3168 vitae
1159 3143 1289 3177 prauitate
1351 3153 1373 3170 c.
1390 3152 1422 3170 ιι.
1458 3142 1553 3169 Lintea
1564 3142 1691 3168 conuersa
1704 3141 1824 3173 domum,
1838 3139 1900 3179 dare
1911 3147 1966 3165 non
1979 3138 2080 3173 pigeat,
2099 3142 2117 3166 i.
2130 3140 2213 3168 redire
2234 3143 2300 3169 Hor.
2310 3135 2431 3179 Εροάῃιίι)
2452 3167 2456 3179 ,

246 3184 401 3205 conuertere
421 3180 477 3206 Cic.
490 3179 522 3205 dc
537 3179 598 3205 Nat.
607 3179 687 3204 Deor.
704 3186 723 3210 1,
737 3184 782 3212 77.
833 3178 943 3203 Animos
956 3178 984 3203 in
997 3176 1157 3204 hilaritatem
1170 3178 1288 3205 risumue
1353 3187 1389 3212 ις,
1409 3186 1452 3214 27.
1489 3178 1584 3205 Lintea
1606 3179 1661 3204 vela
1673 3177 1744 3212 suun
1817 3176 1937 3202 Numina
1959 3176 2099 3208 conuersa,
2125 3179 2143 3202 ι’.
2165 3177 2299 3204 Contraria
2319 3178 2399 3214 Virg.l
2418 3173 2422 3185 ⁴

247 3214 321 3241 Idem
336 3214 363 3240 in
377 3215 450 3241 Orat.
466 3220 515 3247 138.
587 3214 713 3240 Animum
737 3213 769 3239 ad
789 3212 891 3239 labores
905 3213 1017 3239 alicuius
1047 3213 1135 3239 Valer.
1148 3214 1246 3248 Argon.
1261 3223 1288 3247 4,
1306 3218 1334 3247 85
1352 3216 1417 3242 Aen.
1437 3222 1458 3247 ς,
1478 3216 1542 3247 466.
1611 3212 1710 3240 Studiis
1722 3210 1854 3239 conuersis
1868 3214 1916 3237 int.
1929 3210 1963 3237 ad
1973 3212 2025 3237 alia
2055 3212 2123 3238 Hor.
2136 3212 2164 3238 in
2178 3213 2242 3239 Arte
2253 3214 2324 3241 Poet.
2339 3214 2384 3241 166

249 3258 304 3284 339.
359 3250 484 3276 Animum
497 3250 529 3277 ad
541 3251 648 3284 negotia
661 3249 762 3276 vrbana
778 3248 838 3275 Liii.
853 3258 870 3278 i,
885 3256 921 3281 53.
993 3248 1118 3275 Animum
1132 3249 1245 3276 alicuius
1261 3251 1289 3276 in
1351 3251 1455 3278 Timor
1477 3249 1618 3276 conuersus
1638 3250 1667 3276 ιιι
1685 3249 1752 3275 iram
1782 3248 1880 3274 Lucan.
1895 3255 1921 3280 4,
1934 3249 1993 3281 267.
2065 3247 2116 3273 Via
2128 3249 2200 3275 vitae
2231 3250 2298 3276 Hor.
2315 3249 2360 3285 Ep'
2380 3277 2385 3280 ,

249 3287 274 3315 se
294 3285 366 3312 Ideni
382 3294 422 3319 24,
435 3294 462 3318 4.
531 3286 586 3312 Cic.
603 3286 632 3312 in
645 3285 731 3311 Pison.
747 3293 774 3318 ¹9
794 3284 904 3311 Auxilio
921 3284 991 3310 milii
1003 3293 1069 3320 opus
1082 3284 1168 3311 fuerat
1181 3291 1206 3311 et
1220 3286 1289 3312 Coii-
1352 3296 1371 3318 1,
1387 3294 1426 3321 17,
1441 3287 1483 3313 26.
1555 3286 1611 3312 Cic.
1627 3285 1680 3312 Att.
1693 3293 1716 3318 2,
1730 3293 1746 3317 9
1772 3284 1812 3310 Sic
1827 3281 1928 3319 Orbem
1937 3281 2050 3317 Reipub.
2065 3283 2114 3309 esse
2126 3286 2292 3316 conuersum,
2305 3292 2334 3312 vt
2346 3284 2392 3316 viz,
2421 3268 2432 3310 i

249 3321 311 3348 sulis
325 3329 350 3347 et
366 3320 485 3346 Senatus:
501 3329 614 3355 quorum
629 3321 740 3347 alterum
753 3320 833 3347 etiam
847 3320 878 3346 ad
891 3320 1035 3355 perniciem
1048 3329 1133 3346 ineam
1147 3326 1202 3347 erat
1216 3329 1230 3347 a
1244 3331 1290 3348 vo-
1352 3323 1468 3349 sonitum
1482 3321 1592 3354 audire,
1613 3321 1660 3348 vix
1674 3320 1822 3355 impressam
1836 3318 1952 3345 orbitam
1963 3317 2056 3344 videre
2068 3319 2204 3352 possemus.
2259 3319 2419 3354 Qiiiiffflyw

249 3358 290 3385 bis
311 3355 474 3384 Consulibus
498 3357 668 3389 conuersum,
700 3356 811 3383 alterum
840 3355 1013 3391 Reipublicae
1038 3356 1140 3390 penitus
1161 3363 1287 3390 ereptum.
1351 3362 1446 3391 11,1,81
1466 3357 1551 3384 Potest
1565 3357 1636 3383 enim
1650 3356 1738 3383 videri
1751 3353 1911 3385 emendatus,
1929 3354 1976 3389 qui
1988 3354 2018 3380 in
2031 3353 2124 3381 odium
2137 3364 2242 3389 eorum,
2254 3357 2282 3384 in
2296 3349 2420 3392 quibuffi'

249 3392 351 3420 Bellum
368 3391 448 3418 ciuile
467 3391 704 3425 periculosissinium
723 3392 923 3427 maximumque
943 3391 1107 3419 humanitate
1125 3397 1151 3419 et
1164 3393 1290 3427 sapientia
1298 3406 1332 3431 90
1352 3399 1487 3421 erranei-at
1501 3394 1570 3428 ipse,
1587 3392 1729 3420 conuersus
1749 3391 1793 3418 est.
1847 3390 1995 3417 conuersus
2009 3389 2038 3416 in
2050 3391 2262 3426 poenitentiam,
2287 3391 2429 3429 Suetonii?

249 3429 280 3455 ad
295 3436 384 3463 pacem
396 3425 616 3461 concordiamque
629 3434 784 3454 conuertere
802 3427 875 3454 Ideni
884 3427 996 3462 Philipp.
1006 3435 1028 3461 ς,
1041 3436 1078 3461 40
1088 3437 1110 3454 c.
1123 3436 1157 3461 ις.
1215 3429 1287 3456 Caes.
1350 3430 1379 3457 in
1394 3428 1486 3456 Claud.
1500 3429 1573 3456 Caes.
1593 3438 1614 3455 c.
1629 3437 1662 3460 13.
2388 3433 2397 3445 ³
2426 3434 2429 3438 ·

250 3464 315 3491 Bell.
329 3462 411 3491 Ciiiil.
429 3471 449 3496 i,
464 3467 489 3492 81
509 3461 586 3488 Tota
599 3462 677 3488 nodie
694 3463 1028 3498 munitiones-,proferuiit‚
1046 3463 1188 3498 Castraque
1201 3464 1289 3492 castris
1389 3471 1407 3492 c
1418 3472 1496 3493 0Nv
1507 3471 1551 3491 ER
1561 3471 1641 3497 svs,
1667 3462 1707 3490 sis,
1734 3471 1771 3489 m.
1806 3460 1927 3488 Macrob.
1939 3460 2041 3488 Saturn.
2053 3469 2081 3496 7,
2094 3470 2112 3496 9
2142 3462 2289 3498 Qigyros
2302 3453 2401 3495 efficiis'
2414 3475 2416 3477 ·

251 3505 424 3532 conuertunt,
444 3501 462 3524 i.
475 3504 628 3533 permutant.
685 3499 782 3533 Copias
797 3506 952 3526 conuertere
964 3499 996 3526 ad
1013 3499 1160 3534 periculum
1179 3500 1289 3534 patriae,
1350 3502 1444 3529 erebro
1459 3501 1587 3527 coniiersii
1601 3499 1700 3526 turbat.
1732 3497 1800 3525 Add.
1820 3497 1881 3532 Dig.
1894 3502 1928 3530 48
1942 3503 1960 3523 t.
1976 3499 1993 3523 6
2008 3496 2026 3523 1.
2041 3505 2063 3531 ς.
2208 3519 2209 3522 ,
2390 3496 2418 3531 ιζ’

251 3544 314 3568 quas
333 3533 500 3562 simulatione
519 3532 594 3567 Reip.
615 3533 800 3567 comparabant
825 3535 881 3562 Cic.
895 3535 966 3562 Fam.
987 3543 1019 3565 ιι,
1042 3543 1074 3568 ι3,
1148 3534 1220 3562 Idem
1241 3545 1288 3570 pro
1386 3542 1632 3566 conversio,
1650 3535 1719 3561 onis.
1739 3533 1758 3560 f.
1789 3531 1940 3567 [ἓπιςροφιὴ
1957 3531 2141 3568 §vaticinam-is]
2181 3534 2230 3566 Vt,
2248 3532 2394 3564 Conuerfifl'

252 3570 334 3597 Flacc.
348 3573 382 3603 69
403 3569 540 3603 Qioniam
554 3568 624 3603 quod
639 3569 748 3595 Crimen
760 3571 808 3596 ess'e
821 3570 944 3603 voluisti,
964 3570 991 3597 id
1005 3576 1091 3597 totum
1104 3570 1177 3598 vides
1193 3570 1221 3596 in
1234 3571 1288 3598 laii-
1302 3578 1333 3605 95
1352 3572 1489 3600 Astroruin
1509 3572 1565 3599 Cic.
1579 3572 1662 3598 Tusc.
1677 3579 1687 3596 1
1699 3579 1720 3596 c.
1734 3576 1773 3602 25.
1829 3567 1976 3596 Conuersio
1988 3567 2108 3601 Vesicae,
2126 3569 2150 3595 h.
2162 3577 2182 3594 e.
2201 3569 2305 3604 inucrfio
2320 3576 2404 3601 etssrtq

251 3606 310 3632 dein
325 3607 373 3632 csse
386 3605 550 3632 coiiiierfimi.
623 3605 653 3630 Et
667 3603 699 3630 de
713 3605 816 3631 Inucnt.
830 3614 849 3638 ι,
865 3614 876 3637 3
889 3616 910 3632 c.
925 3615 940 3633 2
961 3607 997 3633 Ac
1010 3606 1079 3633 inihi
1094 3607 1202 3642 quidem
1216 3607 1289 3634 vide·
1351 3609 1446 3636 volutio
1472 3607 1539 3634 Plin.
1554 3612 1578 3640 8,
1591 3615 1627 3640 42
1658 3607 1689 3633 Et
1702 3605 1850 3632 Vuluarum
1865 3602 2010 3631 conuerfio.
2041 3603 2108 3631 Idem
2120 3611 2165 3636 20,
2177 3612 2218 3630 22.
2291 3603 2409 3642 Cim-1²13:

252 3647 294 3667 tur
308 3640 374 3674 hoc,
393 3650 440 3667 nec
454 3640 548 3670 tacita,
566 3647 612 3666 nec
627 3639 702 3673 inops
720 3638 826 3666 dicendi
839 3642 966 3675 sapientia
978 3641 1104 3676 perficere
1118 3642 1242 3677 potuisse,
1260 3649 1288 3670 vt
1351 3644 1441 3671 Somn.
1455 3643 1522 3678 Scip.
1537 3651 1562 3669 12
1592 3642 1712 3669 Summus
1728 3640 1774 3667 ille
1786 3640 1851 3667 caeli
1865 3639 1986 3666 stelliferi
1997 3639 2100 3671 cursus,
2117 3638 2192 3665 cuius
2208 3639 2344 3668 comici-tio
2353 3637 2400 3675 esp

252 3677 381 3702 lloiiiines
394 3685 408 3702 a
422 3675 610 3703 consuetudine
623 3674 711 3701 subito
724 3681 908 3708 conuerteret,
927 3681 946 3703 ι’.
959 3685 1088 3705 auerteret.
1141 3679 1203 3705 Aur.
1216 3678 1288 3705 ViCt.
1352 3679 1505 3711 incitatior,
1523 3684 1600 3706 acuto
1619 3684 1645 3705 et
1667 3677 1782 3704 excitato
1799 3681 1926 3703 mouetur
1945 3674 2019 3702 sono.
2075 3674 2150 3709 Cimf.
2166 3674 2198 3701 de
2213 3675 2248 3702 N.
2263 3677 2322 3707 Du
2333 3679 2388 3709 ειῖςι
2421 3700 2430 3715 Ι

252 3711 284 3738 de
297 3711 353 3738 Vir.
363 3711 443 3738 lllust.
459 3721 498 3745 14,
514 3720 526 3743 3
552 3711 674 3737 Veientes
689 3709 722 3736 ad
735 3710 818 3736 Dolos
830 3712 946 3738 conuersi
956 3732 964 3744 ‚
984 3722 1077 3747 pecora
1091 3722 1123 3741 ex
1135 3713 1245 3740 aduerso
1259 3714 1288 3740 in
1351 3714 1542 3745 Incitatissiina,
1566 3713 1618 3740 vid.
1651 3721 1662 3740 1
1671 3719 1718 3740 Nc
1728 3720 1736 3738 1
1746 3718 1768 3738 'r
1777 3718 1807 3739 o.
1878 3710 2010 3745 Qiinc'til.
2019 3717 2046 3743 5,
2059 3717 2089 3736 ιο
2119 3710 2253 3738 Malorum
2268 3710 2392 3738 euitano..

251 3746 389 3780 conspcftu
404 3747 511 3774 illorum
528 3747 678 3781 posuerunt.
734 3745 803 3772 Gell.
818 3753 841 3778 ς,
854 3755 866 3778 5
886 3741 1045 3776 Ostendebat
1059 3749 1084 3775 ei
1101 3748 1247 3776 Antiochus
1261 3750 1288 3776 iii
1298 3759 1345 3778 100
1354 3760 1430 3782 nem,
1449 3749 1651 3782 liberationem,
1670 3747 1906 3779 imminutionem,
1925 3743 2142 3778 conuerfionem,
2161 3749 2180 3772 i.
2193 3747 2390 3774 muratimiemtin

251 3791 343 3816 campo
362 3782 450 3816 copias
469 3783 586 3817 ingentes
596 3803 604 3815 ,
615 3790 686 3816 quas
704 3780 804 3808 bellum
816 3782 883 3816 Pop,
901 3783 1021 3810 Romano
1039 3784 1171 3818 facturus,
1186 3793 1290 3820 compa·
1353 3788 1447 3814 melius.
1503 3785 1632 3813 Mensium
1647 3791 1832 3818 annorumque
1845 3780 2026 3809 comici-{iones
2062 3780 2118 3807 Cic.
2127 3780 2165 3808 de
2179 3781 2300 3813 Vniuers.
2313 3789 2335 3808 c.
2348 3786 2387 3814 14·-

251 3823 372 3849 rauerat‚
392 3817 616 3853 coniiertebatque
627 3817 779 3844 Exercitum
797 3816 942 3851 insignibus
961 3821 1090 3853 argenteis
1104 3826 1130 3847 et
1142 3821 1229 3848 aureis
1244 3821 1290 3847 flo-
1353 3823 1379 3849 h.
1394 3832 1414 3849 e.
1429 3823 1608 3848 Reuolutiones.
1679 3819 1754 3854 Reip.
1769 3817 1895 3852 Conuerfio
1913 3815 1986 3843 Idem
2001 3815 2033 3841 de
2048 3815 2140 3843 Diuin.
2153 3825 2172 3844 2.
2181 3825 2203 3843 c.
2217 3825 2243 3844 2.
2289 3817 2329 3849 ,R
2339 3821 2388 3853 pro
2425 3819 2428 3822 ’

250 3860 368 3884 rentem,
387 3855 406 3878 ι’.
427 3854 551 3880 exercebat
569 3856 663 3888 armis,
684 3852 812 3879 decurrere
826 3853 929 3879 iubebat.
1001 3856 1109 3882 Ferrum
1128 3857 1156 3882 ιιι
1174 3857 1290 3892 aliquem
1353 3858 1437 3884 Flacc.
1451 3866 1486 3890 94
1500 3866 1520 3884 c.
1536 3865 1567 3892 37
1581 3863 1646 3884 extr.
1669 3853 1789 3884 videtis,
1803 3863 1858 3888 quo
1871 3853 1900 3879 in
1912 3857 1985 3878 motu
2000 3856 2166 3886 temporum,
2181 3850 2321 3887 quanm-51¹
2329 3858 2396 3892 ‘0¹¹1

252 3890 328 3923 Virg.
343 3889 408 3915 Aen.
420 3896 446 3920 9,
461 3896 523 3922 427.
594 3889 741 3916 Fortunam
756 3887 784 3914 in
802 3888 904 3922 culpam
929 3889 985 3915 Cic.
1000 3899 1047 3924 pro
1063 3891 1153 3918 Rabir.
1166 3892 1232 3919 Post.
1248 3901 1287 3925 29·
1354 3893 1474 3920 versione
1488 3893 1586 3919 Rerum
1596 3913 1605 3925 ,
1631 3901 1662 3920 ac
1679 3889 1881 3926 perturbatione
1893 3887 2036 3914 versemur.
2109 3887 2308 3922 Tempestatum
2327 3885 2392 3918 Cic:

250 3925 309 3951 Liii.
328 3932 369 3956 30,
385 3928 410 3954 18
435 3922 604 3958 Posteaquam
626 3924 728 3951 femine
749 3922 874 3951 transfixo
894 3923 1046 3959 cadentem,
1077 3927 1232 3963 auferrique
1255 3937 1288 3955 ex
1302 3937 1402 3966 105pro
1416 3929 1510 3956 Flacco
1529 3937 1552 3955 c.
1567 3936 1600 3960 13.
1664 3928 1715 3954 Pro
1725 3931 1799 3962 paru
1816 3921 1932 3959 conuerfii
1946 3922 2144 3950 conuerfionem
2157 3921 2226 3950 dixit
2258 3918 2403 3984 ‘³2¹quss-

2301 3976 2310 3990 2
2322 3963 2359 3991 ¹7⁵
