2474 4182
73 145 154 193 ¹¹69
435 140 472 181 C
560 140 625 180 0¹
685 138 729 178 N

75 231 169 258 mincis
182 227 318 256 obteniat-t
333 228 443 257 difficile
455 228 498 256 est.
535 229 639 255 Colum.
658 235 690 258 11,
703 234 728 256 2,
739 230 766 257 83
796 225 897 253 Siluam
919 226 936 253 fl
951 220 1119 269 quis-barba.

73 267 170 297 ticam,
187 265 214 291 id
227 264 263 291 est
281 266 477 292 consemineam
496 264 562 291 velit
583 264 686 294 facere,
704 260 776 287 redte
794 263 913 290 conseret
933 264 1072 299 glandibus
1091 270 1118 291 et

75 301 184 329 caeteris
197 300 350 327 seminibus.

109 338 443 368 consnniinfitis,
473 344 497 362 e.
984 335 1119 362 Columel.

533 331 593 361 Adi.
637 331 814 372 [ἇμᾶσπιρος]
864 334 939 361 Idem.

35 367 36 374 ¹
76 379 112 402 η,
127 378 169 404 45,
183 374 199 397 6
228 373 336 406 Propter
355 372 426 407 quod
445 371 526 398 etiam
542 368 760 395 conseininaliuui
780 378 918 397 Vinearum
940 379 994 397 non
1014 377 1066 397 tam
1083 371 1120 397 est
1144 378 1158 405 5

35 398 36 414 ³
75 406 182 433 firmum
200 416 308 440 vinum,
331 416 409 443 quain
429 407 447 433 si
468 414 514 441 per
537 405 562 430 se
585 403 714 444 sincerum
735 405 885 438 amineum,
911 407 953 433 ve'l
977 407 1119 449 apiarium,

35 435 36 477 1
73 448 119 468 aut
136 443 217 469 etiam
237 444 356 470 fecinum
374 440 531 469 condideris.
552 472 559 479 ,
585 440 797 480 Constmmales,
818 450 878 482 quae
893 450 923 467 ex
936 446 1019 468 variis
1030 442 1119 477 surcu-

35 491 37 511 s
72 479 151 505 lorum
165 485 187 504 et
196 480 343 515 plantarum
355 478 482 515 generibus
494 476 599 509 consitae
606 481 680 511 Junt,
699 483 781 512 nempe
794 476 891 508 acidas,
908 477 1018 509 acerbas,
1038 478 1121 505 dulces

71 521 134 540 uuas
149 514 301 550 ferentibus.
592 546 597 551 .
976 547 981 552 .

111 554 510 580 0οΝ51ῑΜΡιΤΕ11Νν5,3,11111.
547 546 650 572 Αάιοὲἲ.
686 547 1098 581 Fulgent.contraArrian.extr.

112 591 128 611 c
137 592 156 611 0
167 593 187 612 N
197 594 210 612 s
220 593 236 612 13
245 593 267 612 N
276 593 292 612 E
302 593 314 612 s
326 591 342 611 c
355 591 389 616 ο,
410 582 551 615 consenui,
568 585 622 609 ere.
650 582 799 618 [γηροέσκω]
834 582 995 624 Serzemjierl3
1033 583 1117 626 l'laut.

74 620 150 654 Capt.
168 630 193 653 i,
207 630 236 654 2,
255 630 280 654 3¹
301 619 436 650 Macesco,
455 619 629 650 consenesce,
648 624 674 644 et
688 618 792 645 tabesco
806 619 893 645 miser.
965 620 1020 660 Cic.
1043 619 1118 646 susc.

74 664 100 687 2,
116 663 129 688 5
157 658 244 691 Atque
262 662 397 683 oratorum
410 654 519 688 quidem
534 654 590 680 13115
604 654 642 680 ita
656 654 734 680 1111813
751 655 785 681 ab
799 654 897 681 humili
912 661 986 681 venit
1005 654 1037 681 ad
1051 655 1118 681 sum-

74 700 165 725 mum,
186 699 215 719 vt
229 693 281 719 iani
299 689 389 724 (quod
402 696 494 716 natura
514 690 566 716 fert
581 690 608 715 in
623 690 748 717 omnibus
762 690 819 716 fere
831 690 928 722 rebus)
948 691 1120 722 consenescat,

74 726 207 762 breuique
224 727 255 754 ad
268 725 383 753 nihilum
403 732 516 752 ventura
529 725 660 752 videatur.

74 762 143 789 scere
158 764 214 790 Cic.
228 764 279 790 Att.
293 770 321 794 2,
342 770 374 794 ¹3·
446 762 566 796 Propert.
580 770 602 793 3,
616 769 642 796 7,
657 763 687 791 36
713 763 863 801 Ventorum
885 762 921 787 est
942 762 1119 797 quodcunque

33 804 36 832 J
72 806 163 832 paras,
179 797 246 825 haud
259 798 314 824 vlla
327 798 424 824 Carina
451 798 609 829 Consenuit,
624 796 696 823 fallit
710 804 802 837 portus
815 803 841 823 et
853 798 907 831 ipse
920 797 1008 823 fidem.
1064 799 1119 825 Ne-

34 839 36 856 ἰ
73 837 132 860 111115
151 834 285 861 consenuit
305 833 398 860 Claud.
416 834 505 867 Epigr.
520 841 542 864 2,
562 835 598 859 16.
670 832 701 857 In
720 841 802 858 arinis
820 833 1003 860 consenescere
1022 835 1117 860 Horat.

32 862 35 889 1
73 869 159 896 Carm.
174 879 195 903 3,
209 878 231 903 5,
246 875 268 900 8.
342 870 431 896 Donec
446 869 533 895 rabies
547 874 573 895 et
585 869 698 902 impetus
713 868 909 908 consenesceret
947 869 1019 896 Flor.
1044 879 1068 902 3,
1094 879 1117 902 3,

34 904 35 907 ,
70 899 93 938 5.
116 908 134 931 i.
147 908 316 942 mitigaretur.
367 907 399 932 In
418 903 615 931 commentariis
629 902 777 929 Rhetoruin
790 903 900 938 Quntffi.
916 912 939 936 3,
953 910 976 937 8,
990 908 1033 940 67.
1095 941 1099 946 .

34 937 35 964 i
72 940 154 967 exilio
170 942 229 968 Liu.
242 950 280 974 35,
318 961 325 967 .
363 961 369 967 .
440 940 559 976 Ignobili
572 939 698 965 seruitute
718 940 828 973 Eutrop.
844 948 869 972 9,
884 942 909 966 6.
983 942 1013 967 In
1033 948 1118 982 patri-a

70 977 229 1004 consenuiss'e
248 976 348 1012 placuit
367 976 449 1004 Ouid.
464 977 494 1003 T
496 976 550 1003 rist.
563 985 590 1009 4.
609 980 632 1007 8,
654 983 690 1001 iz.
760 975 953 1018 Consencscere
970 977 1018 1003 sub
1037 985 1118 1004 armis

34 1005 35 1019 ³
69 1011 128 1038 Liu.
145 1021 173 1045 32
229 1034 235 1040 .
272 1033 278 1039 .
477 1009 499 1049 ἦ
521 1020 533 1037 2
570 1011 683 1045 Metaph.
704 1010 851 1043 Debilitarz,
864 1012 1025 1047 languidum,
1045 1013 1118 1039 imbe-

33 1047 34 1070 ἕ
67 1048 146 1075 ciuem
154 1034 226 1085 fiiri.
262 1048 453 1075 consenescere
465 1055 590 1074 moerore
602 1054 627 1072 et
640 1046 755 1072 lacrimis
769 1046 825 1073 Cic.
836 1056 885 1081 pro
899 1047 1001 1087 Cluent.
1017 1056 1041 1080 13
1060 1057 1081 1074 c.
1095 1055 1118 1081 5.

68 1084 273 1112 Consemicrunt
286 1085 356 1111 vires
368 1090 447 1119 atque
460 1083 613 1109 defecerunt
626 1081 700 1108 Idem
713 1081 746 1108 de
759 1082 860 1109 8011οέ1.
868 1091 903 1125 29
921 1092 943 1110 c.
952 1092 979 1116 9.
997 1121 1000 1126 ι

30 1132 34 1141 1
67 1120 220 1149 aduersario
239 1120 420 1147 consenescere
433 1119 489 1146 Cic.
499 1120 550 1146 Art.
566 1127 589 1150 2,
603 1126 639 1149 23.
665 1118 690 1144 h.
700 1127 720 1144 e.
731 1120 817 1154 populi
827 1126 938 1154 gratiam
949 1125 1080 1161 amittere,
1094 1126 1119 1146 ct

67 1160 95 1182 in
110 1158 233 1185 inuidiam
244 1157 335 1183 adduci
347 1159 440 1181 rtcmine
454 1162 534 1180 tamen
547 1163 587 1180 eos
600 1161 764 1216 oppufinante.
796 1155 841 1181 Ad
851 1155 1002 1190 languorem,
1015 1162 1118 1195 vitium-

69 1201 116 1228 que
135 1194 193 1220 adeo
202 1197 331 1229 pertinent
344 1195 419 1217 etiam
432 1189 495 1224 ista:
519 1192 604 1216 Varro
618 1190 649 1215 R.
688 1209 694 1215 .
708 1199 731 1222 3,
746 1197 771 1224 7,
785 1192 802 1216 6
827 1191 1020 1217 Consenescunt
1032 1191 1116 1218 inclu-

68 1229 110 1256 sae
124 1229 272 1256 columbae.
338 1228 369 1254 Et
387 1235 416 1259 3,
429 1235 455 1260 9,
470 1231 483 1256 8
504 1226 697 1253 Consenescunt
715 1234 768 1252 oua
787 1225 926 1257 incubata,
944 1229 963 1251 i.
977 1229 1115 1260 vitiantur,

67 1271 98 1291 ve
110 1266 178 1293 nihil
189 1264 247 1293 inde
258 1263 412 1290 excludatur.
714 1298 718 1300 η
774 1296 778 1300 .
1108 1299 1113 1303 .

32 1301 33 1324 l
69 1302 101 1329 Et
120 1310 147 1337 7,
163 1310 185 1335 ς,
198 1309 210 1333 3
230 1299 365 1328 Conducit
383 1297 494 1333 pecudes
515 1304 630 1334 aegrotas
649 1297 822 1323 mediocriter
840 1305 980 1330 exercere,
998 1307 1046 1325 nec
1061 1305 1116 1333 pati

31 1352 32 1359 .
68 1344 180 1365 veterno
193 1336 373 1363 consenescere
386 1340 466 1368 atque
478 1333 618 1367 exstingui.
690 1332 799 1372 Qlin&
818 1340 845 1365 9,
867 1341 942 1365 4,1iz
968 1335 1115 1375 V‘Pratios

31 1361 32 1374 1
70 1384 138 1410 quae
151 1372 216 1400 ferri
229 1372 306 1398 debet
319 1380 347 1398 ac
362 1371 443 1396 fluere
452 1390 459 1401 ,
479 1368 650 1411 dimetiendis
664 1367 774 1402 pedzbus
792 1377 821 1394 ac
834 1368 1027 1421 perpendendis
1040 1370 1114 1411 sylla-

31 1415 32 1424 1
68 1410 111 1438 bis
129 1409 299 1437 consenescat,
353 1405 421 1433 Add.
435 1406 502 1431 Cart.
515 1405 548 1431 ad
557 1404 619 1431 illud
631 1403 730 1429 Sallust.
745 1403 802 1429 Cat.
818 1411 858 1435 20,
874 1412 902 1429 io
931 1404 1020 1432 hobis
1040 1411 1115 1441 Viget

105 1488 121 1509 c
135 1489 155 1508 o
166 1485 359 1510 NerTEs,
387 1477 447 1509 Dii,
468 1480 523 1511 qui,
542 1482 570 1501 ue
582 1474 719 1508 Augustin.
732 1483 761 1508 4,
779 1483 808 1506 23
834 1475 866 1501 de
881 1476 965 1503 Ciuis.
979 1478 1030 1503 Dei
1045 1477 1115 1513 scri-

65 1518 104 1544 bit
136 1519 164 1544 in
178 1515 315 1543 consilium
326 1513 399 1540 Iouis
412 1511 536 1538 adhiberi
545 1511 712 1546 putabantur.
762 1511 801 1536 De
813 1510 854 1537 his
868 1512 956 1539 Varro
969 1512 1000 1539 R.
1013 1514 1044 1539 R.
1058 1522 1078 1544 1,
1092 1522 1113 1546 i,

111 1537 248 1579 ’Inuocabo
277 1565 323 1571 —
351 1549 400 1575 xii
421 1547 483 1573 deos
498 1547 658 1579 Consentes,
677 1555 732 1572 non
745 1553 833 1572 tamen
844 1555 890 1573 eos
904 1547 1038 1589 urbanos,
1045 1558 1112 1584 quo-

65 1563 126 1616 1411111
141 1588 268 1622 imagines
281 1589 387 1611 auratae
405 1582 438 1609 ad
451 1583 542 1609 forum
557 1582 640 1614 stant,
658 1582 702 1608 sex
716 1591 802 1608 mares
820 1587 846 1608 et
859 1583 976 1610 feminae
988 1585 1112 1612 totidem.

65 1624 113 1651 Sed
127 1624 186 1650 illos
200 1623 251 1649 XII
268 1620 344 1650 01005,
364 1618 411 1654 qui
423 1618 539 1644 maxime
552 1616 729 1652 agricolarum
748 1617 825 1644 duces
844 1619 924 1645 sunt:
947 1629 1008 1656 quos
1059 1657 1064 1662 Ι

62 1659 177 1695 recenset.
234 1658 288 1684 Hos
305 1655 404 1682 Ennius
424 1654 491 1689 apud
504 1654 611 1688 Apulei.
626 1653 658 1680 de
670 1654 728 1680 Deo
740 1654 812 1680 Socr.
833 1664 857 1688 p.
870 1663 914 1688 42.
941 1662 965 1682 et
982 1657 1110 1697 Martiam

61 1695 163 1731 Capell.
179 1702 188 1720 1
209 1702 234 1728 p.
244 1700 269 1725 15
290 1692 331 1719 his
343 1690 434 1716 duobus
446 1688 555 1722 verlibus
566 1690 704 1724 complexus
718 1688 762 1722 ist,
777 1691 856 1730 Iuno,
870 1690 962 1723 Vesta,
975 1692 1111 1724 Minerua,

63 1732 144 1758 Ceres
179 1729 280 1761 Diana,
299 1728 404 1758 Venus,
421 1726 510 1758 Mars,
544 1725 707 1756 Mercurius,
723 1727 815 1758 Iouis,
836 1726 994 1760 Neptunus,
1015 1727 1111 1754 Vulca-

28 1780 30 1782 ·
61 1776 110 1794 nus
119 1787 127 1800 ,
146 1751 251 1801 Apollo.
305 1764 401 1789 Horum
414 1764 544 1797 unicuique
551 1760 681 1797 signorum
696 1759 832 1793 caelestium
847 1771 922 1787 vnum
933 1761 1041 1798 qffignat
1054 1765 1112 1790 Ma—

24 1823 28 1827 >
61 1799 291 1842 nii.2,4;9s31q.
338 1834 343 1838 ,
435 1833 440 1837 .
514 1842 520 1847 ,
671 1832 677 1836 .
714 1832 719 1837 .
754 1833 759 1837 .
794 1832 799 1836 .
949 1834 953 1838 .

61 1840 164 1868 Varro,
183 1841 279 1872 inquit,
298 1843 347 1869 qui
359 1834 418 1860 sunt
433 1838 516 1859 introi
523 1833 563 1859 sus
577 1837 656 1867 atque
668 1840 698 1858 in
711 1837 814 1858 intimis
828 1833 1025 1874 penetralibus,
1044 1834 1109 1876 deos

62 1875 112 1901 esse
126 1874 226 1903 censet,
246 1879 313 1906 quos
331 1869 485 1904 loquimur,
502 1877 549 1895 nec
563 1877 658 1895 eorum
671 1876 830 1901 numerum,
846 1877 894 1909 nec
914 1878 1025 1896 nomina
1037 1871 1109 1897 sciri.

61 1911 119 1938 Hos
139 1910 273 1936 consentes
294 1912 319 1933 et
338 1904 480 1939 complices
505 1904 608 1931 Etrusci
627 1904 768 1944 aiunt‚·et
785 1911 940 1944 nominant,
963 1905 1036 1946 quod
1050 1915 1108 1946 ⁴vna

59 1947 182 1973 oriantur
201 1950 226 1970 et
243 1942 366 1969 occidant
382 1949 450 1973 vna,
472 1940 516 1966 sex
536 1948 621 1966 mares
643 1945 668 1966 et
686 1939 799 1966 totidem
819 1939 931 1967 feminas
951 1941 1109 1969 nominibus

59 2023 88 2045 a'c
102 2017 234 2053 principes
248 2012 403 2041 existimari.
456 2011 534 2047 Apud
545 2011 624 2038 Mart.
639 2011 773 2052 Capellam
783 2011 809 2052 ι1.
821 2021 843 2038 0.
863 2020 987 2056 vocantur
1000 2014 1108 2041 Senato-

59 2062 103 2081 res
122 2052 250 2083 deorum,
270 2049 317 2084 qui
331 2049 436 2074 Penates
458 2046 612 2074 serebantur
626 2047 762 2074 Tonantis
781 2047 860 2082 ipsius
893 2063 939 2069 —-
974 2056 1004 2076 it.
1019 2050 1108 2077 Colle-

61 2096 109 2124 gae
121 2087 193 2115 Iouis
208 2085 310 2113 bitreni.
349 2083 396 2111 Dii
405 2084 547 2124 Consentes
566 2092 591 2124 p.
605 2083 642 2110 16.
701 2084 788 2124 Senec.
803 2083 909 2125 Qiaest.
923 2084 1020 2113 Natur.
1035 2095 1061 2120 2,
1075 2095 1106 2120 41

61 2123 163 2152 Etrusci
176 2121 289 2149 fulmina
302 2120 393 2147 dicunt
407 2128 422 2145 a
434 2121 499 2145 Ioue
510 2124 598 2150 mitti,
616 2124 642 2144 et
656 2123 708 2145 tres
721 2118 764 2145 illi
777 2119 916 2147 manubias
928 2120 993 2148 dant
1025 2137 1072 2142 -—

26 2194 27 2204 ¹
61 2195 208 2224 Duodecim
221 2193 294 2220 enim
310 2191 374 2218 deos
388 2190 515 2222 aduocat,
534 2196 579 2216 etc.
616 2191 655 2215 De
671 2189 835 2215 declinatione
847 2189 924 2216 huius
938 2193 1044 2216 nominis
1059 2192 1105 2216 Ge-

59 2233 140 2257 nitiuo
154 2230 252 2264 plurali
270 2229 358 2253 varro
376 2226 409 2252 de
423 2224 452 2251 L.
466 2226 496 2251 L.
512 2231 538 2259 7,
560 2229 588 2256 38
613 2233 638 2259 p.
651 2229 699 2257 98,
720 2232 746 2250 12
770 2225 837 2251 Item
857 2232 1006 2260 quaerunt,
1034 2226 1053 2252 fi
1072 2225 1104 2252 sit

57 2266 195 2300 analogia,
206 2272 254 2290 cur
266 2261 399 2298 appellant
417 2269 507 2287 omnes
523 2260 616 2287 aedem
629 2259 715 2287 Deum
727 2260 890 2287 Consentum
898 2280 907 2293 ‚
927 2267 953 2287 et
966 2271 1023 2288 non
1035 2262 1104 2289 Deo-

56 2309 118 2329 rum
138 2299 334 2328 Consentium3
370 2299 409 2324 De
427 2296 591 2332 etymologia,
614 2304 630 2322 a
643 2296 769 2322 consensu
785 2295 900 2332 quidam,
917 2297 985 2333 quast
996 2299 1105 2325 consen-

48 2373 124 2411 sorte
140 2375 214 2398 etiam
233 2379 318 2396 nomen
336 2369 455 2399 Consus,
472 2373 496 2393 et
510 2368 643 2410 Consulo,
662 2373 687 2394 et
712 2367 860 2394 Consilium
878 2370 993 2396 deriuari
1007 2371 1104 2403 potuit.

55 2410 113 2437 Nec
132 2406 262 2444 absurdum
277 2405 353 2442 sorte
373 2401 408 2437 est
429 2403 572 2430 Consentes
591 2403 656 2435 dici,
679 2409 710 2430 vt
731 2404 879 2431 Praesentes
904 2405 946 2430 vel
965 2403 1103 2429 Absentes.

25 2436 27 2446 ⁴
53 2441 678 2517 {?3“?5't³3¹f⁶.3’?⁰2”18‡2“33?t.35”ffi;3ffl
683 2473 974 2506 ..Q
981 2473 1100 2501 s

55 2512 374 2544 CONSENTIBVS.
430 2512 461 2537 Et
477 2519 580 2545 p.3,3
796 2547 800 2550 ι
931 2546 933 2549 ¹

52 2551 143 2580 PVR.
191 2546 526 2577 CONSENTIBVS.
589 2545 620 2570 Et
647 2543 714 2579 apud
734 2543 840 2570 Gudzum
859 2553 884 2579 p.
904 2553 951 2578 14,
973 2550 1002 2571 io
1034 2546 1100 2573 CE-

53 2587 153 2616 RERI
173 2581 463 2613 FRVGIFERAE,
488 2586 514 2606 et
534 2579 691 2606 LIBERO
714 2579 848 2606 PATRI
871 2581 1102 2609 CONSENTI

53 2621 240 2651 sacavm.
301 2617 440 2651 Ibidemque
457 2624 483 2649 p.
503 2622 547 2647 ες,
566 2620 580 2645 8
611 2615 844 2642 Mi-:Rcva
870 2617 1102 2645 CONSENTI

54 2655 238 2686 SACRVM.
279 2651 339 2679 Vid.
352 2652 440 2687 Georg.
453 2649 594 2677 d'Arnaud
611 2650 639 2677 de
654 2652 715 2679 DIS
732 2649 853 2687 παρέδροις
871 2661 893 2678 0.
908 2654 935 2685 6,
951 2659 977 2686 7.

24 2740 25 2749 1
55 2727 289 2792 pegiiswegglixissi
296 2723 490 2792 νιῖξξιὲἰὲἶῖιανῑιη
495 2722 596 2785 3522.st
608 2759 740 2785 concilium
748 2756 836 2784 Desim
844 2758 1017 2786 Consentum.
1042 2760 1102 2788 Vet.

53 2800 134 2827 Inscr.
149 2799 364 2859 Gruter.1p.3‚i
395 2794 659 2822 CONSENTIO
689 2795 872 2821 DEORVM
896 2796 1101 2824 MARIANA

24 2828 25 2835 ¹
54 2833 259 2864 sozomen
288 2851 294 2859 .

56 2907 115 2935 Vna
128 2907 169 2933 vel
181 2905 246 2932 idem
251 2903 356 2941 sentire.
393 2901 449 2928 Cic.
464 2903 542 2928 Verr.
558 2909 580 2934 5,
593 2906 621 2933 38
642 2902 755 2943 Seruos,
768 2909 835 2942 quos
847 2901 903 2936 ipse
916 2905 976 2944 eum
989 2903 1101 2945 consilio

51 2942 120 2970 belli
135 2940 251 2969 faciendi
269 2939 344 2966 causa
363 2937 512 2964 consensisse
534 2937 681 2970 iudicauit,
702 2946 746 2964 eos
766 2938 819 2963 linc
837 2937 941 2965 consilii
959 2939 1103 2972 sententia,

50 2979 99 3007 sua
110 2978 201 3013 sponte
231 2975 309 3003 omni
320 2973 449 3008 supplicio
464 2973 599 3000 liberauit.
655 2974 706 3000 Hic
720 2972 755 2999 ad
765 2975 959 3013 coniurationem
977 2974 1101 3016 refertur,

50 3013 82 3041 ot
95 3014 169 3041 Fam.
182 2997 216 3046 6‚’
225 3017 251 3042 18
275 3010 357 3045 Qiod
369 3009 530 3037 consenfiss'et
542 3018 601 3037 cum
613 3009 738 3050 Hispanis
752 3007 920 3050 quibusdam.
992 3013 1049 3038 Cic.
1067 3011 1100 3038 de

51 3048 142 3077 Finib.
156 3057 179 3081 3,
192 3057 222 3075 io
247 3047 328 3074 Ratio
345 3046 418 3073 enim
437 3045 525 3072 nostra
545 3046 691 3077 consentit,
711 3050 801 3086 oratio
820 3051 927 3080 pugnat.
1042 3085 1046 3088 ι

8 3095 14 3102 ’
51 3084 199 3113 honestates
218 3082 351 3116 ciuitatis,
376 3090 469 3108 01111105
487 3087 601 3114 aetates,
622 3090 714 3108 omnes
734 3080 842 3108 ordines
862 3090 915 3124 vna
930 3083 1099 3111 consentiunt

52 3120 129 3149 Idem
142 3128 191 3155 pro
203 3119 271 3146 Sext.
287 3125 334 3151 109
354 3126 376 3143 c.
388 3125 423 3150 51.
494 3118 525 3144 Εε
537 3117 652 3152 Philipp.
669 3126 695 3149 1,
709 3125 738 3143 21
760 3117 859 3158 Omnes
871 3126 944 3145 enim
956 3119 1011 3146 iam
1024 3120 1098 3148 ciue·

52 3157 85 3184 de
98 3154 221 3190 Reipubl.
236 3153 318 3180 salute
331 3154 390 3179 Vna
407 3158 434 3179 et
449 3159 537 3179 mente
554 3159 581 3180 et
599 3162 667 3180 voce
688 3153 863 3194 consentiunt.
916 3154 985 3197 Adii:
999 3165 1018 3190 4
1038 3165 1060 3183 c.
1074 3165 1098 3190 3.

51 3194 114 3220 Vno
125 3199 174 3219 ore
185 3198 276 3217 onmes
295 3188 328 3215 de
339 3188 455 3216 vtilitate
468 3188 603 3216 amicitiae
622 3189 789 3216 consentiunt
807 3190 862 3217 Cic.
875 3189 909 3217 de
921 3193 1007 3218 Amic.
1020 3197 1049 3223 88
1073 3201 1095 3219 0.

49 3237 126 3292 tatii-ae
145 3262 265 3290 bonitate
278 3261 416 3292 vincatur,
435 3268 522 3295 neque
542 3261 688 3288 amicitiam
709 3260 797 3288 colere
815 3261 898 3297 possit.
916 3298 922 3303 .
959 3264 1027 3303 Cic.
1047 3273 1099 3299 pro

20 3299 22 3305 ’
49 3300 156 3328 Cluent.
170 3301 205 3325 60
230 3297 339 3324 Tamen
359 3296 388 3322 in
403 3296 552 3331 Oppianico
569 3297 618 3324 sibi
638 3296 772 3330 constare,
790 3302 818 3324 et
835 3298 1018 3339 superioribus
1036 3309 1098 3327 con-

49 3336 148 3364 sentire
162 3333 272 3361 Iudiciis
284 3331 444 3359 debuerimt.
515 3332 634 3360 Naturae
647 3334 813 3366 consentire,
831 3333 891 3361 finis
906 3334 1040 3363 bonorum
1060 3336 1097 3363 est

49 3372 145 3400 Stoicis
165 3370 238 3398 Idem
258 3369 291 3395 de
305 3367 394 3395 Finib.
409 3376 441 3400 2,
479 3387 485 3394 .
523 3388 530 3395 .
600 3369 712 3404 Nuptiis
731 3369 748 3395 l.
763 3378 792 3396 10
812 3369 839 3396 ff.
853 3370 886 3396 de
898 3371 1015 3406 Sponsal.
1034 3375 1053 3399 i.
1068 3375 1096 3399 in

124 3416 160 3433 as.

13 3440 16 3450 ¹
49 3414 208 3471 gigan-tit.
223 3450 262 3475 52.
332 3439 473 3474 Principiis
486 3441 648 3468 consentiant
661 3441 747 3468 exitus
759 3441 832 3468 idem
846 3442 917 3469 Fam.
931 3452 964 3477 11,
976 3452 997 3477 5.
1053 3445 1096 3472 Se-

51 3478 130 3506 natus
141 3477 270 3505 consensit
287 3475 406 3508 bellum,
419 3475 557 3511 profi-init
570 3476 631 3504 Liu.
645 3482 675 3510 8,
689 3479 715 3504 6.
788 3477 886 3505 Studiis
903 3479 1014 3506 alicuius
1033 3488 1096 3507 con-

52 3514 150 3542 sentire
162 3515 258 3541 Horat.
273 3511 353 3547 Epist.
365 3520 386 3544 1,
399 3519 438 3543 19,
451 3512 492 3544 65.
563 3512 621 3539 Cic.
634 3513 688 3540 Ati.
701 3520 731 3546 5,
750 3518 775 3543 18
796 3514 927 3548 Expedito
945 3515 978 3542 ad
992 3521 1095 3543 mutan-

50 3550 117 3577 dum
130 3548 218 3576 locum
232 3557 316 3584 paruo
329 3547 446 3574 exercitu
455 3566 464 3579 ,
482 3546 536 3580 sed,
548 3553 579 3574 vt
589 3549 675 3584 spero,
687 3549 720 3576 ad
733 3548 949 3577 beneuolentiam
965 3559 1028 3586 erga
1046 3561 1096 3579 nos

49 3584 239 3619 consentiente.

52 3630 100 3648 cor
115 3620 253 3653 consentit,
268 3629 328 3647 cum
344 3619 484 3646 oculorum
497 3618 632 3660 adspectu..
722 3656 728 3661 .

49 3662 89 3684 tes
103 3663 182 3691 atque
195 3656 337 3683 sententiae
349 3655 503 3690 aliquorum
517 3655 683 3682 consentiunt
695 3656 751 3682 Cic.
759 3664 809 3690 pro
822 3657 942 3685 Muraen.
951 3667 970 3686 1.
1020 3660 1094 3687 Caes.

1 3679 3 3696 ³
49 3690 116 3720 Bell.
129 3691 192 3719 Ciu.
206 3699 226 3723 i,
239 3699 269 3724 19
286 3692 378 3726 Qium
391 3691 480 3718 vultus
493 3691 610 3718 Domitii
630 3699 691 3718 cuin
704 3691 834 3719 Oratione
852 3701 907 3719 non
924 3695 1094 3723 consentiret.

50 3728 109 3756 Cic.
122 3725 201 3754 Acad.
215 3735 242 3760 4,
254 3734 291 3758 131
308 3735 331 3754 c.
343 3737 379 3762 42
399 3726 458 3754 Post
472 3727 609 3762 Epicurus,
621 3728 696 3754 cuius
710 3726 746 3754 est
759 3726 899 3769 disciplina
911 3738 980 3757 nunc
993 3731 1095 3764 notior,

49 3772 99 3791 nee
114 3768 204 3790 tamen
221 3770 283 3789 cum
381 3763 445 3790 aicis
464 3762 496 3789 de
516 3763 570 3798 ipsa
589 3763 726 3798 voluptate
744 3764 917 3791 consentiens.
988 3767 1046 3793 Cic.
1061 3767 1095 3794 de

17 3802 19 3820 ¹
49 3797 177 3826 Vniuers.
189 3799 206 3824 6
224 3797 301 3824 Tota
315 3796 432 3827 dilucide
450 3806 476 3826 et
490 3799 567 3835 plane
580 3804 707 3827 exornata
721 3799 810 3826 oratio
821 3799 871 3827 sibi
885 3800 1000 3841 constet,
1020 3808 1046 3829 et
1061 3811 1094 3830 ex

16 3854 18 3857 .
50 3833 128 3862 omni
140 3839 213 3869 parte
231 3833 318 3860 secum
333 3833 387 3868 ipsa
399 3836 559 3868 consentiat,
576 3842 623 3862 etc.
692 3835 766 3875 Idem
780 3835 818 3875 *de
830 3836 916 3862 Amic.
932 3841 961 3867 88
985 3838 1044 3865 Vna
1057 3839 1095 3866 est

51 3870 126 3897 enim
143 3868 261 3896 amicitia
276 3869 306 3896 in
323 3869 403 3898 rebus
420 3870 561 3903 humanis,
580 3871 613 3898 de
633 3871 707 3898 cuius
726 3870 842 3898 vtilitate
862 3879 954 3899 omnes
972 3881 1026 3900 vno
1045 3883 1093 3902 ore

667 3621 735 3647 Cum
749 3621 887 3648 voluntate
899 3621 1010 3650 alicuius
1023 3632 1096 3650 men-

51 3904 230 3933 consentiunt.
298 3905 338 3932 De
350 3904 472 3934 laudibus
485 3907 598 3935 alieuius
611 3908 734 3935 omnium
747 3907 818 3933 fama
834 3908 965 3934 consentit
982 3909 1038 3936 Cic.
1059 3910 1092 3938 de

48 3940 152 3970 Sene&
165 3942 194 3969 61
203 3946 291 4004 {mcii
325 3977 349 4006 ι.

731 727 800 752 011111
820 727 981 760 cognomine
998 728 1120 753 consene-
1138 740 1163 766 ¹5
1182 727 1247 761 quid
1261 727 1382 755 futurum
1395 728 1449 755 est?

1088 906 1119 931 In
1136 920 1168 939 20
1183 914 1230 931 nec
1251 915 1342 941 regem
1361 917 1523 943 quemquam
1542 909 1602 936 satis
1614 909 1750 942 validum,

1031 1083 1118 1110 Nullo
1135 1093 1148 1112 a

465 1262 598 1288 Columel.
612 1270 638 1294 4,
652 1270 688 1292 22,
702 1266 715 1291 8
733 1261 879 1288 Consenuit
892 1261 956 1287 vitis
972 1263 1044 1289 vitio
1055 1263 1124 1289 soli.¹

1133 1279 1165 1303 30
1179 1264 1292 1290 sentiens
1313 1264 1411 1293 habent
1428 1267 1516 1294 stellae
1537 1267 1611 1294 Idem
1632 1269 1664 1295 de
1677 1270 1740 1296 Diu.
1753 1278 1786 1302 2,
1800 1276 1840 1304 89.

30 1440 32 1449 ¹
66 1453 145 1479 aetas,
154 1445 256 1472 animus
264 1443 350 1473 valet,
364 1448 454 1468 contra
462 1441 516 1467 illis
523 1441 598 1467 annis
606 1445 683 1472 atque
690 1438 797 1465 diuitiis
804 1440 894 1466 onmia
902 1442 1104 1468 consenuerunt.
1130 1446 1159 1473 35

60 1981 160 2013 ignotis
178 1986 204 2007 et
221 1977 401 2006 miserationis
415 1975 594 2011 parciffimae:
619 1975 662 2002 sed
682 1984 727 2002 eos
743 1976 841 2002 summi
854 1977 928 2003 Iouis
943 1977 1109 2005 consiliarios
1125 1987 1158 2015 50
1172 1978 1278 2011 sensus,
1297 1981 1444 2014 gratiarum
1460 1981 1549 2015 38110,
1570 1982 1767 2018 gratulatioque
1785 1984 1844 2011 Cic.
1858 1985 1930 2013 Fam.
1945 1995 1969 2020 3,
1982 1996 2004 2020 3.

62 2159 210 2187 Secundam
225 2156 362 2184 manubiam
381 2155 464 2182 mittit
482 2154 591 2189 quidem
604 2152 721 2188 Iupiter,
739 2154 783 2180 sed
802 2162 834 2180 ex
848 2156 950 2181 confilii
964 2156 1105 2182 sententia.
1123 2167 1152 2194 55

55 2337 151 2365 tientes
169 2336 222 2363 dici
239 2335 328 2362 volunt
341 2343 349 2358 :
376 2334 423 2358 alii
439 2341 455 2358 a
474 2331 622 2364 censendo,
641 2332 706 2367 quod
719 2332 854 2359 consulere
859 2331 1005 2369 fignifica,
1024 2344 1040 2360 a
1056 2343 1105 2370 quo
1112 2341 1148 2366 60

607 2511 628 2536 1.
642 2510 676 2536 O.
690 2510 729 2535 M.
756 2509 824 2534 DIS
848 2508 1101 2544 DEABVSQVE
1116 2513 1148 2546 6,-

24 2695 25 2707 ¹
91 2699 109 2720 c
118 2698 139 2719 0
148 2698 172 2718 N
180 2697 194 2717 s
202 2697 219 2717 Ε
228 2697 251 2717 Ν
259 2696 282 2716 'r
289 2696 300 2715 1
308 2695 331 2715 A
354 2688 439 2719 sacra,
465 2695 534 2722 quae
549 2695 582 2713 ex
602 2686 750 2714 multorum
767 2688 893 2714 consensu
914 2688 974 2715 sunt
992 2687 1086 2716 statuta
1093 2709 1102 2723 ,
1111 2701 1148 2730 70

145 3226 220 3254 Idem
233 3225 286 3253 Offi
300 3233 320 3256 1,
331 3232 345 3258 5
369 3224 422 3251 Hic
440 3223 458 3250 fi
471 3224 520 3251 fibi
532 3225 587 3260 ipse
601 3226 764 3257 consentiat,
783 3231 808 3252 et
827 3234 882 3252 non
899 3226 1035 3255 interdum
1052 3237 1097 3255 113-
1114 3235 1145 3265 85
1160 3231 1365 3260 consentaneum
1384 3233 1438 3261 Cic.
1452 3233 1524 3259 Fam.
1539 3243 1573 3266 4,
1594 3242 1628 3266 13.

291 3583 365 3611 Idem
379 3582 457 3610 Acad.
465 3591 494 3616 4,
507 3590 536 3616 52
558 3591 580 3610 c.
595 3590 624 3619 17
643 3593 673 3611 ex
685 3586 776 3618 Poma,
795 3585 844 3612 Sed
857 3585 925 3612 mihi
937 3589 1094 3623 neutiquam
1108 3597 1140 3623 95
1156 3592 1328 3618 consentanea
1340 3591 1398 3617 sunt
1417 3591 1492 3618 Idem
1505 3590 1537 3618 de
1549 3591 1613 3619 Diu.
1626 3601 1649 3626 2,
1661 3602 1715 3628 134.

1103 3778 1152 3798 100
1159 3770 1224 3805 quid
1238 3770 1284 3802 fit,
1302 3770 1449 3810 perspicere
1463 3771 1537 3798 Idem
1551 3772 1603 3799 Off.
1618 3782 1642 3806 2,
1655 3779 1688 3804 18.

1584 147 1619 188 (ἶ
1708 148 1744 188 0
1824 150 1868 191 Ν
2144 178 2226 216 ¹¹70

1183 227 1350 267 consentiunt
1362 231 1418 258 Cic.
1433 232 1487 272 Ass:
1501 241 1528 268 7,
1542 243 1563 266 3.
1605 236 1677 263 Idem
1689 237 1721 264 de
1736 238 1793 265 Fin.
1808 247 1829 271 2,
1844 248 1885 275 117
1904 251 1924 268 c.
1934 251 1961 276 35
1981 255 2033 273 cum
2042 249 2158 284 pofijffit
2171 253 2225 279 ‹210-

1183 272 1274 297 gium,
1292 266 1351 292 Vno
1371 276 1419 293 ore
1440 277 1484 294 cui
1504 270 1631 303 plurimae
1649 274 1816 302 consentiunt
1835 282 1940 310 gentes,
1959 282 2049 314 populi
2069 286 2226 317 prium-ium

1183 298 1260 325 t'uiffe
1274 300 1378 334 virum,
1392 302 1476 335 addit,
1495 304 1559 331 Idne
1572 308 1720 335 consensisse
1734 310 1765 336 de
1780 311 1901 339 Calatino
1916 314 2041 347 plurimas
2055 327 2142 351 gentes
2156 325 2226 350 arbi-

1183 339 1301 366 tramur,
1317 338 1475 370 primarium
1488 341 1581 374 populi
1597 343 1687 376 fuisse,
1703 346 1775 379 quod
1790 348 2013 381 praestantissimus
2027 352 2112 380 fuisset
2124 356 2152 382 in
2166 367 2226 384 con.

1184 368 1304 409 ficiendis
1322 374 1506 408 voluptatibus
1521 376 1529 401 3
1565 379 1602 402 De
1615 379 1696 405 eadem
1709 391 1736 406 re
1750 382 1806 409 Cic.
1820 383 1852 409 de
1866 384 1965 411 8011001.
1982 388 2015 412 62
2037 396 2058 413 c.
2076 397 2103 423 17
2123 393 2227 423 Qianta

1183 413 1212 431 in
1227 407 1323 433 Attilio
1335 410 1476 436 Calatino?
1496 410 1525 436 in
1539 419 1618 445 quem
1633 414 1698 440 illud
1711 416 1827 451 elogium
1841 421 1964 452 vnicuin,
1978 422 2108 456 plurimae
2124 428 2229 455 consen-

1183 441 1253 467 tiunt
1268 450 1372 477 gentes,
1387 446 1482 480 Populi
1492 446 1655 507 primarium
1667 450 1741 477 fuiffe
1754 453 1852 480 virum.
1923 457 1995 483 Idem
2009 458 2061 484 Off.
2075 468 2095 490 i,
2110 469 2122 491 5
2142 461 2172 486 Et
2185 462 2228 489 de.

1184 476 1262 503 106131
1278 478 1327 505 hoc
1343 480 1415 514 ipso,
1435 490 1490 543 qpo
1522 482 1593 510 inter
1608 484 1633 510 se
1647 493 1737 512 omnes
1750 495 1836 522 partes
1855 499 1915 518 cum
1934 493 2050 528 quodam
2064 494 2154 528 lepore
2169 506 2229 524 con.

1435 526 1445 543 i
1467 537 1472 543 .
1493 526 1515 543 c.
1529 523 1568 548 28.

1184 512 1307 539 sentiunt.
1350 517 1419 543 Add.
1640 520 1695 546 Cic.
1711 521 1742 548 de
1757 524 1844 551 Finib.
1865 535 1890 559 1,
1910 530 1942 561 65
1968 530 2002 555 At
2022 538 2087 556 vero
2102 531 2227 565 Epicurus

1136 564 1165 582 10
1184 557 1236 574 vna
1251 548 1278 574 in
1293 549 1391 584 domo,
1411 558 1437 579 et
1450 561 1480 579 03
1491 553 1602 588 quidem
1615 556 1738 590 angusta,
1758 568 1837 593 quam
1850 571 1973 597 magnos,
1993 572 2143 601 quantaque
2156 576 2228 595 amo-

1181 584 1219 610 ris
1238 585 1435 618 conspiratione
1460 590 1653 617 consentientes
1674 593 1760 619 tenuit
1783 597 1930 624 amicorum
1950 602 2063 634 greges?
2133 604 2228 630 Horat.

1182 620 1269 646 Carni.
1284 628 1310 652 2,
1324 628 1362 655 17,
1373 631 1406 648 22
1423 625 1572 660 Vtrumque
1586 626 1705 653 nostrum
1720 628 1872 658 incredibili
1886 634 1966 661 modo
1980 637 2108 664 consentit
2122 638 2227 666 astrum.

1182 655 1242 682 Vct.
1258 655 1344 683 Schol.
1383 658 1552 694 Horoscopos
1574 662 1634 688 suos
1654 662 1751 690 similes
1770 667 1834 698 esse,
1855 674 1881 694 et
1901 670 1971 698 inter
1985 672 2010 697 se
2029 673 2115 700 asserit
2133 683 2229 701 conue›

1180 691 1248 718 nire.
1305 692 1362 719 Cic.
1377 692 1408 718 de
1418 694 1486 729 Lege
1495 700 1556 730 Agr.
1567 705 1587 729 1,
1597 705 1622 731 ις
1643 698 1671 725 Si
1685 701 1862 729 consenserint
1876 706 2022 737 possessores
2035 717 2088 734 non
2103 710 2228 743 vendere,

1517 734 1639 770 imperat.
1676 735 1733 762 Cic.
1742 737 1795 762 Art.
1811 740 1848 769 16,
1862 747 1891 771 14
1915 742 2041 768 Consenti
2055 744 2081 769 in
2094 743 2141 771 hac
2155 755 2228 779 cura,

1182 763 1229 789 vbi
1246 763 1314 795 sum,
1334 769 1363 790 vt
1375 773 1417 791 me
1430 765 1577 805 expediam.
1649 770 1739 805 Paſjiu.
1776 773 1815 799 De
1830 774 1966 807 prioribus
1984 779 2146 807 consentitur
2159 782 2227 809 Tac.

1183 799 1251 825 Anu.
1267 808 1286 831 1,
1302 808 1335 832 13,
1349 808 1370 832 3.
1425 801 1534 835 Qun&
1548 810 1575 834 9,
1591 811 1611 834 ¹,
1626 812 1655 839 17
1676 808 1748 834 Inter
1761 808 1907 843 plurim05‚
1925 813 1998 847 quod
2011 815 2107 848 sciam,
2122 817 2228 844 consen-

1183 834 1240 860 sum
1256 835 1307 867 cst,
1326 835 1390 862 duas
1402 837 1451 863 ess'e
1465 837 1521 864 eius
1535 843 1629 872 partes.

1220 875 1237 895 c
1248 876 1267 896 o
1280 877 1302 896 N
1314 879 1326 898 s
1336 878 1352 898 E
1361 879 1383 899 N
1391 879 1413 899 ‘r
1422 879 1432 898 i
1441 879 1458 899 Ε
1468 879 1490 898 Ν
1499 873 1605 905 s‚entis.
1621 874 1715 901 Partic.
1735 876 1868 913 [ὁμονοῶν]
1891 881 2023 909 Aduersus
2031 886 2231 920 consentientes,

1766 922 1813 952 nec
1827 920 1967 947 tyrannum
1980 919 2040 945 fore
2053 921 2113 947 Liu.
2127 931 2170 956 34,
2183 932 2229 957 49.

1182 941 1239 968 Cic.
1259 942 1291 968 de
1306 943 1369 969 Diu.
1386 952 1417 976 2,
1438 953 1479 977 119
1499 945 1661 972 Animorum
1680 946 1899 977 consentientium
1921 954 2092 982 multitudine
2115 959 2230 993 comple-

1181 982 1238 1003 tum
1253 978 1300 1003 esle
1313 979 1453 1006 mundum.
1527 980 1695 1008 Auctoritate
1711 982 1853 1009 hominum
1872 989 2049 1016 consentiente
2066 995 2186 1020 contenti
2200 994 2230 1020 si-

1181 1021 1239 1038 mus
1254 1012 1327 1040 Idem
1341 1014 1373 1040 de
1388 1016 1451 1042 Diu.
1461 1024 1479 1046 1,
1487 1021 1529 1049 84.
1584 1017 1688 1043 Ciuitas
1695 1018 1722 1044 in
1729 1019 1995 1049 retinendalibertate
2002 1028 2164 1054 consentiens
2172 1030 2228 1056 Cic.

1181 1048 1253 1074 Fam.
1280 1057 1316 1082 15,
1338 1052 1363 1076 6.
1436 1053 1499 1078 Item
1523 1051 1555 1078 ad
1580 1053 1692 1080 Brutum
1713 1053 1759 1089 Ep.
1782 1062 1806 1089 ις
1878 1057 2020 1092 Metaphor.
2042 1063 2229 1091 Consentiente

1150 1092 1164 1118 ς
1179 1084 1265 1118 capite
1283 1085 1386 1120 scilicet
1411 1096 1466 1113 cum
1484 1086 1613 1120 stomacho
1632 1089 1706 1125 aeg'ro
1724 1090 1845 1117 Scribon.
1867 1100 1924 1126 104.
1943 1096 1962 1119 i.
1983 1095 2103 1123 Similiter
2128 1100 2228 1131 afftrflo.

1181 1121 1387 1154 coagmentatio
1418 1128 1528 1149 naturae
1553 1124 1585 1150 ad
1611 1124 1827 1154 incolumitatem
1862 1128 1955 1154 mundi
1982 1130 2146 1158 consentiens
2172 1136 2228 1163 Cic,

1181 1155 1214 1182 de
1227 1155 1324 1183 Natur.
1340 1158 1421 1185 Deor.
1436 1168 1461 1189 2,
1479 1167 1529 1191 119.
1603 1161 1736 1195 Cognatio
1756 1171 1846 1190 rernm
1867 1165 2049 1198 consentiens,
2071 1169 2232 1204 conspirans,

1179 1192 1334 1219 continuata
1345 1193 1420 1220 Idem
1433 1194 1465 1221 de
1479 1195 1577 1222 Natnr.
1590 1196 1671 1224 Deor.
1687 1206 1712 1230 2,
1727 1207 1763 1231 19.

1179 1232 1206 1253 et
1222 1236 1303 1262 paene
1321 1230 1473 1264 conspirans
1494 1232 1548 1258 Cic.
1562 1232 1644 1259 Tusc.
1659 1240 1682 1266 5,
1695 1241 1739 1268 72.

1822 1199 1971 1226 Consilium
1986 1202 2057 1228 vitae
2068 1205 2233 1231 consentiens

1812 1235 1995 1264 Coniunc‘tum
2009 1237 2112 1273 aliquid
2129 1246 2155 1267 ct
2172 1250 2233 1267 con-

1911 1273 1943 1298 Et
1956 1272 1988 1299 de
2003 1274 2104 1301 Sene&
2119 1277 2148 1302 61
2168 1285 2190 1303 c.
2204 1285 2234 1314 17

1179 1300 1242 1326 Iure
1254 1300 1339 1335 igitur
1353 1303 1458 1337 grauis,
1478 1303 1553 1329 cuius
1568 1304 1600 1330 de
1612 1304 1735 1332 laudibus
1748 1307 1872 1333 omnium
1884 1308 1944 1335 esset
1959 1309 2037 1336 Fama
2056 1312 2232 1340 consentiens.

1180 1336 1270 1362 Motus
1291 1345 1351 1363 curn
1372 1338 1463 1365 verbis
1483 1340 1672 1375 sententiisque
1691 1342 1857 1368 consentiens
1877 1343 1935 1370 Cic.
1951 1343 1985 1370 de
2004 1346 2075 1372 Clar.
2087 1347 2163 1374 Orat.
2181 1357 2233 1382 141.

1178 1371 1299 1398 Sensibus
1311 1379 1365 1399 tam
1382 1374 1451 1400 mihi
1469 1376 1696 1403 consentientibus
1710 1386 1790 1404 nemo
1809 1379 1844 1404 est
1859 1379 1886 1405 in
1901 1380 1980 1406 terris
1995 1381 2069 1407 Idem
2085 1384 2138 1409 Att.
2152 1393 2181 1418 4,
2193 1386 2233 1411 16.

1179 1406 1242 1432 Vita
1257 1409 1423 1436 consentiens
1437 1410 1638 1446 virtutibusque
1651 1413 1811 1446 respondens
1826 1415 1881 1440 Cic.
1896 1415 1928 1442 de
1943 1417 1962 1442 F
1965 1416 2030 1443 inib.
2046 1426 2069 1450 5,
2109 1439 2114 1444 .
2154 1440 2160 1446 .

1217 1448 1235 1468 c
1250 1449 1269 1468 o
1281 1450 1303 1468 N
1312 1451 1324 1470 s
1333 1451 1350 1470 E
1360 1452 1381 1470 N
1392 1452 1404 1471 5
1414 1453 1433 1471 ν
1443 1453 1456 1472 s
1468 1466 1475 1478 ,
1495 1455 1521 1479 a,
1539 1456 1594 1474 um.
1632 1449 1727 1475 Partic.
1747 1450 1807 1482 pals.
1836 1450 2034 1486 [ὁμολογηθεὶς]
2070 1454 2138 1480 Gell.
2153 1462 2189 1488 ις,
2201 1457 2235 1483 26

1177 1476 1348 1512 syllogismus
1368 1480 1404 1506 est
1419 1482 1526 1514 oratio,
1544 1483 1572 1509 in
1585 1492 1637 1518 qua
1651 1484 1780 1510 consensis
1795 1485 1956 1519 quibusdam
1969 1494 1995 1513 et
2008 1489 2141 1522 confessis,
2158 1491 2234 1518 aliud

1176 1512 1258 1574 quiq?
1269 1522 1356 1554 ⁸quain
1372 1524 1439 1550 quae
1452 1519 1655 1551 conceffaesunt,
1675 1528 1723 1554 per
1736 1528 1777 1553 ea,
1790 1529 1858 1555 quae
1871 1523 1986 1549 concessa
1999 1523 2073 1557 sunt,
2091 1527 2234 1554 neeessario

1180 1557 1231 1575 eon
1251 1556 1331 1577 citur.

1213 1590 1230 1610 c
1244 1591 1265 1612 0
1278 1591 1300 1611 N
1312 1592 1473 1620 SENsvs,
1501 1586 1541 1614 sis.
1576 1597 1612 1615 m.
1650 1587 1788 1625 [ὅμόνοιοι]
1825 1590 1883 1617 Cic.
1906 1591 1939 1618 de
1959 1592 2055 1621 Natur.
2069 1595 2149 1623 Deor.
2162 1605 2186 1629 3,
2204 1601 2234 1628 28

1025 1620 1112 1648 deinde
1119 1635 1157 1661 40
1175 1620 1267 1655 Itaque
1279 1621 1327 1648 illa
1340 1621 1411 1649 mihi
1423 1623 1544 1658 placebat
1561 1624 1651 1651 oratio
1668 1624 1701 1651 de
1719 1626 1910 1654 conuenientia
1923 1629 2102 1666 consensuque
2115 1638 2234 1659 naturae.

1175 1656 1271 1683 Claud.
1290 1657 1323 1684 de
1347 1658 1412 1685 Bell.
1427 1659 1500 1685 Gild.
1521 1668 1565 1692 301
1596 1660 1729 1687 Diffensus
1750 1661 1876 1695 acerbus,
1911 1664 1942 1690 Et
1963 1666 2073 1698 grauior
2093 1669 2235 1695 consensus

1176 1698 1240 1718 erat.
1313 1694 1370 1721 Cic.
1393 1694 1425 1721 de
1446 1695 1509 1721 Diu.
1524 1704 1550 1727 2,
1569 1704 1602 1729 34
1628 1697 1689 1730 Qia
1709 1705 1741 1723 ex
1762 1698 1953 1725 coniunctione
1970 1706 2098 1736 naturae,
2116 1709 2142 1730 et
2162 1703 2234 1740 quasi

1177 1734 1325 1762 concentu,
1351 1736 1431 1764 atque
1451 1731 1596 1764 consensu,
1624 1740 1705 1766 quani
1724 1733 1884 1765 συμπάθειαν
1901 1735 1999 1762 Graeci
2017 1739 2166 1773 appellant,
2186 1747 2234 1767 etc.

1173 1763 1241 1790 Plin.
1262 1773 1308 1797 14,
1328 1766 1346 1791 6
1377 1765 1427 1792 Sed
1448 1765 1482 1792 de
1502 1766 1601 1801 quibus
1620 1768 1759 1794 consensus
1779 1769 1841 1795 aeui
1861 1769 2058 1807 iudicauerint,
2080 1774 2143 1801 hacc
2165 1775 2234 1802 sunt.

347 1796 448 1824 Arnob.
462 1805 474 1828 3
501 1806 525 1831 p.
541 1805 581 1829 123
605 1796 633 1822 de
652 1795 794 1823 Penatibus
812 1796 943 1833 disputans
961 1801 1030 1825 inter
1047 1800 1110 1834 alia,
1121 1807 1156 1834 45
1174 1799 1399 1827 Contrahentium
1418 1802 1557 1828 consensus
1581 1803 1652 1829 Paul.
1671 1803 1699 1829 in
1720 1804 1738 1830 l.
1757 1804 1891 1840 obligatio
1909 1807 2036 1836 mandati.
2063 1811 2095 1837 D.
2117 1811 2233 1839 mandat.

1172 1835 1216 1860 vel
1230 1841 1315 1862 contr.
1369 1836 1561 1865 Doctrinarum
1575 1838 1662 1866 mirus
1676 1839 1787 1874 quidam
1800 1842 1923 1868 omniuui
1936 1844 2008 1878 quasi
2021 1848 2158 1874 consensus
2172 1856 2234 1874 con-

1174 1876 1318 1905 centusque
1331 1872 1387 1899 Cic.
1403 1873 1435 1899 de
1448 1874 1523 1901 Orat.
1538 1883 1560 1907 3,
1574 1883 1609 1901 21.
1680 1876 1838 1903 Mortalium
1854 1879 1990 1906 consensus
2002 1880 2032 1908 in
2047 1890 2080 1909 eo
2092 1883 2159 1910 Plin.
2174 1892 2198 1916 2,
2211 1893 2234 1911 2.

1174 1906 1305 1933 Omnium
1321 1909 1474 1942 consensus,
1494 1916 1605 1937 naturae
1617 1919 1670 1937 vox
1684 1911 1720 1937 est
1735 1912 1793 1938 Cic.
1807 1913 1890 1940 Tusc.
1906 1923 1932 1947 1,
1951 1923 1973 1948 5.
2045 1918 2180 1946 Ordinum
2193 1919 2233 1946 di-

1173 1942 1264 1969 vulsus
1278 1944 1416 1971 consensus
1430 1945 1504 1972 Idem
1517 1946 1550 1972 de
1562 1946 1656 1981 Ariisp.
1674 1947 1751 1982 Resp.
1767 1950 1812 1975 60.
1884 1951 2015 1979 Omnium
2027 1953 2156 1982 ordinum
2170 1964 2232 1982 con-

2062 1991 2111 2016 Con
2131 2009 2137 2018 .
2157 1991 2233 2019 Idem

1171 2013 1204 2040 ad
1218 2014 1292 2041 Brut.
1305 2016 1351 2051 Ep.
1364 2025 1386 2049 3.
1461 2017 1627 2052 Signantiurn
1642 2019 1768 2046 consensu
1782 2020 1808 2046 se
1820 2022 1891 2048 tueri
1905 2023 2016 2056 Qiin&
2031 2032 2055 2057 5,
2068 2032 2094 2059 7.
2108 1991 2134 2027 s
2168 2027 2233 2052 Vir-

1171 2054 1260 2076 tutum
1275 2052 1437 2087 conspiratio
1451 2054 1644 2090 conscnsusque
1662 2054 1719 2081 Cic.
1731 2055 1764 2082 de
1778 2056 1866 2083 Finib.
1879 2065 1903 2088 2,
1917 2060 1961 2083 66.
2031 2061 2143 2094 Magnus
2161 2060 2234 2089 inter

1170 2086 1276 2121 aliquos
1290 2087 1364 2114 Idem
1378 2088 1493 2123 Philipp.
1502 2099 1529 2124 4,
1539 2098 1575 2116 12.
1647 2090 1708 2124 le.
1727 2090 1774 2122 l.4
1784 2091 1825 2129 ⁴D.
1841 2091 1874 2116 de
1886 2092 1999 2125 sponsal.
2019 2094 2120 2123 Sufficit
2134 2096 2232 2124 Nudus

1171 2122 1310 2149 consensus
1324 2123 1357 2149 ad
1369 2123 1553 2150 constituenda
1567 2124 1706 2157 sponsalia.
1762 2125 1823 2151 Pius
1837 2126 2063 2164 Sen.OtStau.485.
2099 2133 2231 2162 Omnium

1169 2157 1296 2182 consensu
1316 2157 1348 2183 ad
1368 2166 1430 2183 eum
1451 2158 1573 2185 defertur
1590 2158 1737 2193 imperium
1758 2160 1830 2187 Caes.
1849 2162 1915 2189 Bell.
1934 2164 2002 2191 Gall.
2016 2173 2050 2200 7,
2068 2176 2097 2201 4.
2167 2170 2231 2196 Vno

1168 2191 1296 2217 consensu
1315 2191 1408 2220 10111913
1427 2199 1454 2220 01
1473 2194 1612 2221 continens
1631 2201 1726 2222 natura
1748 2196 1804 2222 Cic.
1824 2197 1857 2223 de
1871 2198 1934 2224 Diu.
1949 2207 1983 2232 2,
2001 2208 2039 2233 33.
2111 2203 2229 2233 Defendi

1169 2227 1297 2254 consensu
1314 2228 1425 2262 Quin&
1439 2238 1460 2261 1,
1473 2237 1496 2262 5,
1512 2238 1546 2261 13.
1600 2229 1752 2264 Compleffl
1764 2231 1874 2258 alterius
1887 2235 2059 2270 consensum,
2077 2239 2132 2265 vid.
2148 2246 2228 2268 COM-

1172 2268 1336 2289 PLECTOR.
1375 2281 1377 2286 ¹
1408 2265 1513 2290 Metuit
1530 2264 1655 2291 omnium
1672 2266 1827 2293 consensum
1846 2269 1956 2302 Quin&
1970 2278 1992 2304 5,
2006 2280 2027 2298 1.
2100 2275 2228 2309 Qiorum

1169 2298 1295 2324 consensu
1309 2304 1429 2331 praeerat
1448 2299 1518 2333 Nep.
1535 2307 1574 2331 10,
1595 2301 1621 2331 6,
1638 2308 1662 2332 3.
1736 2302 1851 2329 Vertere
1870 2305 1900 2331 in
1918 2307 2073 2335 consensum
2087 2309 2180 2338 Tacit.
2194 2312 2227 2339 de

1167 2333 1259 2358 Germ.
1275 2332 1377 2359 Morib.
1391 2341 1427 2366 31.
1484 2335 1648 2369 consensus,
1661 2342 1713 2372 pro
1727 2337 1897 2373 sympathia,
1915 2341 1971 2369 vid.
1985 2350 2188 2375 SYMPATHIA.

1204 2374 1222 2394 C
1230 2373 1249 2394 Ο
1260 2373 1284 2393 Ν
1296 2375 1309 2394 S
1318 2375 1335 2395 E
1347 2374 1369 2394 N
1380 2376 1393 2396 S
1403 2375 1441 2397 10
1449 2389 1458 2402 ,
1477 2370 1547 2397 onis.
1578 2371 1598 2398 f.
1633 2372 1804 2409 [σύμφρκσις,
1816 2378 1954 2410 συμφωνία,
1969 2377 2110 2416 ὅμολογία]
2145 2383 2224 2411 [dem.

1166 2402 1222 2429 Cic.
1237 2402 1269 2429 de
1283 2404 1380 2433 Reditu
1396 2405 1443 2431 suo
1456 2406 1489 2432 ad
1502 2406 1582 2440 Qiir.
1592 2411 1619 2438 18
1638 2408 1731 2435 Tanta
1743 2410 1912 2438 consenfione
1924 2413 2026 2442 Italiae.
2060 2417 2136 2445 Idem
2150 2419 2224 2447 Fam.

1165 2446 1187 2471 1,
1200 2447 1218 2471 9
1239 2439 1334 2474 Populi
1347 2449 1413 2467 vero
1426 2441 1505 2468 Rom.
1519 2443 1656 2478 totiusque
1668 2445 1762 2472 Italiae
1776 2447 1846 2473 mira
1859 2449 2003 2478 consensio.
2073 2454 2225 2484 Ciuitatum

1166 2480 1257 2509 aperta
1270 2475 1407 2503 consensio
1421 2477 1514 2504 Tacit.
1526 2479 1596 2505 Ann.
1610 2487 1632 2511 3,
1646 2488 1688 2513 43.
1760 2482 1889 2510 Omnium
1904 2487 2026 2519 gentium
2043 2490 2180 2518 consensio
2192 2491 2224 2518 in

1165 2510 1242 2536 omni
1273 2520 1303 2538 re
1336 2512 1379 2538 lex
1411 2519 1521 2540 naturae
1554 2515 1670 2549 putanda
1701 2516 1738 2543 est
1767 2518 1822 2545 Cic.
1854 2519 1938 2547 Tusc.
1970 2531 1982 2549 i
2002 2532 2024 2550 c.
2045 2533 2080 2557 13.
2134 2527 2223 2562 Magi.

1165 2545 1260 2573 stratus
1273 2547 1409 2575 consensio
1426 2549 1459 2575 de
1473 2550 1611 2586 aliquibus
1630 2551 1706 2578 Idem
1719 2553 1777 2588 post
1789 2554 1868 2582 redit.
1884 2556 1913 2583 in
1926 2558 2012 2586 Senat.
2026 2565 2064 2592 38.
2136 2563 2170 2590 Et
2189 2563 2222 2590 de

1165 2582 1239 2609 Orat.
1252 2591 1276 2616 3,
1289 2591 1317 2616 53
1345 2584 1445 2612 Omnia
1458 2585 1537 2619 haec,
1557 2595 1625 2622 quae
1638 2588 1715 2623 supra
1730 2595 1757 2616 et
1770 2589 1875 2624 subter,
1896 2601 1979 2620 vnum
1993 2596 2058 2629 esse,
2079 2602 2106 2624 ct
2120 2607 2171 2625 vna
2191 2600 2221 2626 vi

1164 2623 1245 2652 atque
1261 2628 1313 2646 vna
1325 2620 1495 2648 consensione
1508 2623 1629 2650 Naturae
1640 2624 1782 2652 constricta
1798 2627 1847 2653 effe
1858 2633 1961 2656 veteres
1973 2629 2109 2660 dixerunt.
2155 2635 2221 2662 Vni-

1163 2655 1305 2681 versorum
1317 2664 1366 2682 nee
1377 2657 1533 2690 voluntatis,
1545 2668 1592 2685 nec
1607 2660 1736 2687 sermonis
1748 2662 1946 2691 consensionem
1957 2666 2090 2695 maiorem
2102 2678 2220 2705 vnquam

1164 2689 1241 2716 fuisse
1255 2691 1311 2718 Cic.
1326 2692 1380 2718 Att.
1398 2701 1424 2725 2,
1461 2713 1468 2720 .
1542 2695 1735 2729 Voluntatum,
1752 2697 1921 2733 studiorum,
1939 2702 2130 2731 sententiarum
2148 2706 2218 2732 sum-

1164 2734 1208 2752 ina
1221 2726 1356 2754 consensio
1368 2728 1489 2757 Idemde
1503 2731 1612 2757 Amicit.
1628 2740 1653 2765 ι,-
1673 2742 1695 2760 0.
1706 2742 1734 2766 4.
1806 2736 1838 2761 Et
1851 2737 1928 2763 Vei-r.
1941 2745 1965 2770 5,
1978 2746 1996 2771 9
2023 2737 2098 2772 Qiid
2117 2740 2219 2775 igitur?

1163 2762 1268 2790 nulline
1279 2769 1367 2791 motus
1380 2764 1410 2791 in
1424 2765 1515 2793 Sicilia
1534 2767 1675 2795 seruorum
1690 2769 1776 2796 Verre
1795 2771 1919 2798 Praetor-e
1932 2773 1942 2799 3

1164 2797 1249 2824 tiones
1256 2799 1350 2826 Fadiae
1365 2801 1414 2827 else
1427 2801 1554 2830 dicuntur
1566 2804 1576 2830 Ξ

1965 2773 2090 2801 nullaene
2109 2777 2217 2803 consen-

1647 2804 1704 2831 Cic.
1719 2805 1753 2832 de
1767 2806 1830 2833 Nat.
1845 2807 1926 2833 Deor.
1940 2815 1960 2839 1,
1972 2817 2012 2842 44
2036 2811 2128 2844 Qiurn
2142 2812 2216 2840 enim

1163 2843 1219 2860 non
1233 2835 1356 2862 instituto
1368 2836 1478 2872 aliquo,
1497 2845 1543 2866 aut
1558 2848 1653 2873 more,
1676 2847 1722 2868 aut
1741 2841 1799 2877 lege
1818 2842 1849 2869 sit
1869 2843 1966 2878 opinio
1984 2845 2139 2880 constituta,
2159 2856 2214 2875 nia-

24 2882 25 2896 1
91 2877 110 2898 c
123 2876 198 2898 ons
208 2873 349 2899 εΝΤιο,
375 2865 411 2898 fi,
444 2866 518 2899 sum,
543 2865 604 2892 tire.
640 2863 775 2899 [ἑμονοέω,
793 2868 940 2899 σνμφωνέω,
959 2865 1100 2903 σύμφημι]
1114 2877 1147 2908 7ς
1158 2876 1275 2906 neatquc
1293 2871 1326 2898 ad
1341 2881 1422 2900 vnum
1440 2874 1562 2901 omnium
1577 2877 1667 2903 Firma
1678 2877 1828 2910 consensio,
1848 2879 1964 2913 intelligi
1981 2882 2078 2907 neceti'e
2100 2883 2146 2915 est,
2164 2885 2213 2911 else

1163 2905 1236 2933 deos.
1307 2907 1452 2936 Sceleratae
1471 2911 1648 2939 consensionis
1665 2913 1818 2948 aliquorum
1832 2912 1909 2947 fides,
1929 2924 1984 2950 quo
1997 2919 2129 2952 eruperit,
2136 2920 2212 2947 vides

1164 2942 1221 2970 Cic.
1236 2943 1290 2970 Att.
1304 2952 1344 2979 10,
1357 2953 1387 2979 4.
1437 2945 1507 2974 Add.
1521 2947 1591 2983 Nep.
1605 2956 1633 2983 7,
1643 2956 1666 2980 3,
1677 2957 1700 2980 3.
1725 2954 1749 2974 et
1767 2956 1809 2981 25,
1821 2954 1845 2981 8,
1858 2959 1886 2983 4.

1201 2984 1218 3006 C
1229 2985 1249 3006 Ο
1260 2985 1282 3006 N
1295 2985 1309 3006 s
1317 2986 1335 3007 E
1344 2987 1367 3007 N
1376 2987 1398 3008 Τ
1406 2988 1429 3009 Λ
1439 2988 1461 3007 Ν
1470 2989 1488 3010 E
1497 2989 1519 3009 V
1529 2990 1543 3010 s
1550 3003 1559 3016 ,
1583 2993 1598 3010 a
1606 3003 1615 3016 ,
1639 2992 1694 3010 um.
1730 2983 1834 3011 Adieci.
1869 2982 2007 3022 [εὔλογος]
2049 2988 2211 3019 Conuem'ens.

1162 3013 1220 3041 Cic.
1235 3014 1267 3041 de
1279 3015 1369 3043 Finib.
1383 3024 1397 3050 5
1416 3026 1438 3045 c.
1451 3026 1479 3045 21
1504 3019 1596 3054 Itaque
1615 3019 1703 3046 omnis
1719 3019 1823 3053 honos,
1843 3021 1932 3047 omnis
1952 3022 2112 3058 admiratio,
2131 3035 2212 3055 omne

998 3048 1146 3084 Omnes‘go
1161 3049 1278 3078 studium
1292 3051 1324 3079 ad
1337 3053 1482 3087 virtutem,
1501 3060 1527 3081 et
1545 3054 1576 3081 ad
1595 3063 1638 3081 eas
1652 3054 1786 3088 actiones,
1805 3065 1875 3091 quae
1895 3057 1991 3084 virtuti
2004 3059 2063 3086 sunt
2077 3063 2211 3090 consenta-

1158 3094 1233 3120 neae,
1245 3087 1371 3116 refertur.
1443 3090 1569 3117 Actiones
1582 3090 1766 3117 consentaneas
1779 3091 1899 3119 motibus
1912 3094 2090 3130 voluntariis,
2109 3099 2211 3126 conati·

1159 3121 1225 3156 bus,
1245 3129 1272 3150 et
1284 3125 1494 3159 appetitionibus
1512 3125 1606 3152 mundi
1618 3125 1728 3153 adhibet
1745 3134 1839 3154 natura
1859 3128 1917 3155 Cic.
1931 3129 1964 3155 de
1978 3130 2075 3167 Natiir.
2089 3134 2170 3161 Deor.
2183 3144 2211 3168 2,

1159 3163 1197 3192 58.
1250 3160 1412 3195 Argumenta
1426 3162 1596 3188 consentanea
1609 3167 1636 3188 et
1649 3162 1805 3190 dissentanea
1819 3162 1893 3190 Idem
1906 3164 1935 3191 in
1944 3166 2036 3194 Partit.
2045 3175 2071 3203 7.
2104 3170 2211 3198 Diuisio

1159 3195 1331 3223 consentanea
1350 3197 1481 3232 Qninffll.
1498 3200 1524 3229 6,
1545 3206 1569 3230 3,
1588 3206 1640 3230 103.
1711 3199 1801 3225 Genus
1820 3199 1959 3228 literarum
1979 3202 2021 3229 his
2041 3208 2210 3240 temporibus

1699 3234 1782 3269 Leges
1801 3234 1864 3263 dare
1878 3238 2064 3266 consentaneas
2080 3242 2154 3268 Idem
2175 3242 2210 3268 de

1160 3266 1252 3302 Legib.
1266 3277 1289 3301 2,
1302 3277 1342 3301 23.
1413 3270 1488 3302 Qiae
1501 3270 1629 3296 sententia
1641 3268 1753 3297 vtilitati
1767 3279 1859 3298 rerum
1877 3274 2050 3302 consentanea
2065 3277 2102 3303 est
2115 3278 2174 3311 le.
2188 3277 2207 3303 l.

1159 3301 1178 3328 si
1191 3304 1390 3337 remunerandi,
1409 3304 1438 3330 in
1450 3304 1510 3331 fine.
1534 3306 1566 3331 D.
1585 3304 1700 3331 mandat.
1713 3305 1756 3332 vel
1767 3313 1852 3335 contr.
1922 3309 1978 3337 Cic.
1993 3311 2047 3339 Off.
2062 3321 2088 3345 i,
2107 3315 2124 3338 6
2148 3312 2206 3339 Hae

1159 3337 1313 3374 disciplinae
1325 3341 1418 3376 igitur,
1432 3339 1450 3366 fi
1464 3340 1513 3367 [ibi
1526 3342 1714 3368 consentaneae
1729 3342 1815 3370 velint
1832 3344 1898 3377 esse,
1913 3344 1946 3372 de
1958 3345 2050 3374 officio
2062 3347 2131 3374 nihil
2144 3356 2207 3382 que-

1158 3380 1203 3402 ant
1215 3376 1313 3404 dicere.
1385 3377 1481 3403 Patere.
1501 3377 1548 3403 lib.
1561 3385 1577 3404 2
1596 3385 1618 3403 c.
1632 3379 1672 3409 63,
1686 3386 1702 3404 2
1724 3378 1777 3405 Sub
1791 3379 2058 3417 Antoniiingreffim
2071 3384 2100 3409 in
2115 3384 2206 3416 castra,

231 3404 370 3436 Petronis,
389 3403 570 3438 temporibus,
582 3403 662 3437 locis,
680 3414 748 3440 quae
761 3412 915 3439 narrantur,
928 3407 1096 3436 consentiunt
1104 3423 1142 3449 90
1158 3410 1299 3439 quentius
1313 3411 1469 3446 Laterensis,
1483 3413 1536 3439 Vir
1549 3413 1604 3439 vita
1617 3421 1645 3439 ac
1659 3419 1746 3441 morte
1761 3416 1965 3450 consentaneus,
1980 3427 2062 3453 quum
2075 3419 2205 3445 acerrime

1159 3446 1270 3475 suasisset
1282 3447 1401 3483 Lepido,
1418 3457 1451 3474 ne
1466 3448 1492 3474 se
1512 3457 1571 3474 cum
1585 3449 1705 3477 Antonio
1721 3449 1796 3477 hoste
1812 3451 1930 3480 iudicato
1952 3454 2091 3488 iungeret,
2110 3454 2204 3481 irritus

1158 3479 1277 3517 consilii,
1297 3483 1386 3519 gladio
1405 3484 1431 3510 se
1449 3483 1504 3518 ipse
1523 3484 1662 3511 transfixit.
1738 3486 1916 3515 Excellentiae
1933 3489 2051 3516 hominis
2069 3490 2203 3517 consenta-

1156 3527 1245 3552 neum,
1253 3520 1281 3546 in
1294 3529 1344 3552 eo,
1364 3528 1419 3554 quo
1433 3526 1527 3547 natura
1540 3520 1598 3546 eius
1608 3529 1624 3547 a
1635 3520 1748 3557 reliquis
1761 3523 1942 3551 animantibus
1955 3524 2059 3564 differt,
2078 3524 2106 3550 id
2125 3524 2203 3552 deco-

1157 3563 1218 3582 rum
1231 3556 1267 3582 est
1281 3556 1336 3583 Cic.
1350 3555 1403 3582 Off.
1417 3564 1436 3586 1,
1448 3557 1492 3588 96.
1563 3556 1697 3584 Maiestati
1711 3558 1824 3586 deorum
1837 3559 1948 3587 obscura
1966 3560 2070 3586 somnia
2087 3561 2202 3588 minime

1784 3594 1904 3622 Naturae
1921 3596 2124 3622 consentaneum
2143 3597 2201 3623 Cic.

1157 3626 1211 3654 Off.
1226 3636 1247 3660 1,
1260 3630 1291 3657 68
1311 3636 1332 3653 c.
1344 3632 1385 3661 27.
1456 3627 1593 3662 Tempori
1603 3634 1630 3656 et
1660 3630 1768 3657 ersonae
1781 3637 1872 3665 aptum
1883 3631 1931 3658 effe
1943 3631 2202 3667 consentaneumque

1155 3662 1230 3689 Idem
1251 3663 1279 3690 in
1297 3663 1371 3690 Orat.
1391 3669 1437 3696 74.
1485 3664 1607 3698 Difinitio
1625 3638 1660 3699 13Ιῖ
1678 3666 1749 3694 verbi
1769 3667 1876 3693 Decerc.
1946 3666 2025 3692 Vitae
2047 3667 2201 3708 sanetislime

1157 3698 1230 3726 assae
1248 3707 1321 3725 mors
1341 3698 1512 3725 consentanea
1530 3699 1586 3727 Cic.
1605 3700 1721 3738 Philipp.
1740 3710 1773 3735 9,
1795 3710 1820 3735 ις
1843 3710 1866 3728 c.
1877 3708 1903 3736 7.
1921 3735 1928 3741 ⁶
1974 3701 2043 3727 Cum
2060 3711 2090 3729 re
2107 3703 2198 3738 aliqua

1159 3736 1362 3761 consentaneum
1375 3734 1431 3761 Cic.
1446 3735 1520 3762 Fam.
1532 3744 1555 3768 3,
1569 3738 1595 3763 6.
1657 3738 1866 3765 Consentaneum
1885 3744 1983 3770 cuique
1996 3741 2022 3764 et
2037 3739 2199 3773 consequens

1759 3774 1791 3800 Et
1805 3773 1836 3799 dc
1849 3771 1936 3798 Finib.
1951 3781 1974 3804 3,
1987 3776 2021 3805 48
2047 3773 2096 3799 Sed
2115 3781 2198 3809 quum

1159 3812 1229 3832 certe
1244 3806 1380 3839 superiora
1393 3805 1470 3833 firma
1483 3815 1512 3833 ac
1527 3817 1591 3835 vera
1605 3808 1670 3842 sint,
1691 3808 1732 3835 his
1752 3814 1840 3834 autem
1852 3815 1882 3833 ea
1895 3808 2066 3849 consentanea
2082 3819 2087 3834 :
2112 3818 2146 3835 ne
2164 3809 2198 3835 de

1157 3850 1251 3868 eorum
1265 3841 1375 3876 quidem
1387 3841 1424 3869 est
1435 3843 1547 3870 veritate
1559 3843 1743 3871 dubitandum.
1814 3843 1851 3868 Ex
1870 3843 2066 3883 consentaneis,
2080 3851 2106 3872 et
2125 3851 2198 3878 prae-

1157 3877 1342 3909 currentibus,
1361 3884 1387 3903 01
1403 3879 1609 3914 repugnantibus
1629 3884 1781 3915 argumenta
1799 3877 1931 3918 ducuntur
1953 3879 2010 3906 Cic.
2031 3879 2063 3905 de
2081 3880 2154 3905 Orat.
2169 3886 2196 3917 a,

1157 3920 1215 3947 170.
1273 3912 1346 3939 Idem
1359 3912 1392 3939 de
1405 3914 1502 3941 Natur.
1516 3915 1597 3942 Deor.
1611 3924 1634 3948 2,
1650 3924 1686 3950 42
1712 3916 1801 3948 Qiare
1815 3922 1896 3947 quum
1915 3922 1944 3940 in
1958 3914 2065 3941 aethere
2077 3914 2143 3940 astra
2156 3921 2196 3947 gi·

343 3941 401 3974 Eis.
412 3951 480 3979 quae
491 3942 525 3971 de
538 3943 622 3972 Fabio
636 3943 806 3980 Caninioque
817 3942 875 3971 atita
887 3943 995 3979 scribis,
1013 3946 1091 3974 valde
1104 3960 1147 3988 ,ος
1155 3953 1285 3984 guantur,
1303 3949 1506 3977 consentaneum
1519 3951 1557 3978 est
1571 3951 1600 3978 in
1612 3950 1653 3979 his
1673 3951 1775 3977 sensum
1794 3949 1873 3976 inesse
1886 3954 1912 3975 et
1931 3949 2150 3984 intelligentiam,
2174 3950 2194 3973 1·-

1464 3993 1483 4021 7
1504 3987 1516 4013 1
2136 3991 2197 4010 vero
