2474 4182
879 75 1674 128 PRAEFATIO.

220 202 508 266 sexagemsio
540 195 852 261 propinquuS,
885 189 1031 239 homo
1051 207 1187 255 quem
1203 188 1288 238 suis
1314 188 1701 251 congressionibus
1725 204 1822 237 non
1847 187 2083 249 indignum
2105 186 2362 235 iudicarunt

222 287 294 334 vel
312 284 462 331 dulces
481 276 674 327 amiciet
692 272 900 336 aequales
919 308 932 330 ,
971 271 1044 320 vel
1071 273 1266 318 maiores
1286 271 1454 327 etiam,
1490 268 1562 314 cui
1589 270 1829 331 contigerit
1853 283 1950 316 non
1968 265 2106 314 semel
2130 268 2199 315 illa
2216 267 2364 315 Hora-

224 366 346 413 tiana
370 360 510 422 gloria
533 366 854 417 paupeiemque
872 353 1023 402 Diues
1047 366 1113 399 me
1138 353 1291 414 petit:
1333 348 1442 398 illud
1466 362 1573 396 vere
1598 349 1870 396 confirmare
1895 346 2099 411 possum,
2142 361 2365 410 nusquam

225 437 500 491 mihimelius
517 432 624 493 esse,
658 433 787 496 (post
808 443 1100 480 aeternorum
1119 429 1305 494 quidem
1320 429 1556 478 bonorum
1574 428 1922 492 cogitationem)
1954 441 2091 491 quam
2109 427 2287 490 quoties
2303 428 2367 473 in·

226 536 294 570 ter
316 529 502 577 magnas
528 514 620 562 illas
644 514 816 561 animas
850 527 984 573 agere
1001 548 1013 569 ,
1048 526 1169 558 nunc
1196 510 1403 568 Platoni,
1446 506 1555 572 (sed
1582 506 1654 569 ipsi
1674 506 1876 568 Platoni,
1917 522 2015 555 non
2041 506 2296 554 infidelibus
2323 506 2369 555 in

225 598 400 661 optima
417 596 552 643 etiam
571 594 808 641 voluntate
827 589 1183 653 interpretibus>
1228 590 1336 637 dare
1362 603 1552 652 operam
1572 623 1584 645 ,
1616 586 1688 634 vel
1709 586 1833 648 ipsius
1858 585 2178 649 discipulorum
2209 585 2372 641 alicui,

223 692 346 726 nunc
364 688 682 740 quemcunque
700 672 836 720 alium
855 671 926 718 vel
942 656 1164 717 Graeciae
1180 669 1251 717 vel
1270 669 1391 717 Latii
1416 669 1588 731 antiqui
1605 681 1847 729 procerum
1866 669 1915 714 in
1933 667 2114 715 consilio
2134 665 2304 713 habere
2327 665 2374 712 11-

224 770 297 807 661
314 797 326 820 ,
358 768 405 804 et
423 753 511 802 frui
528 754 598 801 illa
617 751 893 799 iucunditate
909 787 922 810 ,
955 764 1094 812 quam
1111 748 1234 810 apud
1251 747 1421 796 inferos
1446 747 1653 810 sperabat
1671 746 1892 794 Socrates.
1966 748 2036 796 Vt
2061 762 2165 794 vero
2192 745 2376 808 colloqui

225 854 323 888 cum
343 835 518 898 Orpheo
538 870 551 892 ,
582 832 790 892 lllosoeo,
826 830 1024 878 Homero
1043 866 1054 884 ‚
1085 825 1273 892 Hcfiodo
1291 829 1453 887 liceat,
1486 828 1646 891 quanti
1663 828 1835 874 tandem
1853 826 2126 888 aestimatis?
2159 826 2378 890 Equidem

209 920 346 981 fizepe
365 916 525 972 emori,
542 910 709 977 stfierl
725 905 882 974 pfflot,
921 906 1091 966 vellem,
1124 916 1174 956 vt
1191 922 1261 968 eo,
1283 921 1395 970 quoe
1416 909 1533 968 dico,
1558 906 1667 954 mihi
1685 905 1843 953 liceret
1862 899 2063 968 iizue'nire
2082 920 2192 954 caet.
2262 905 2379 953 Non

228 1012 344 1061 opus
362 995 445 1053 est,
475 1006 524 1041 vt
543 991 833 1047 emoriamur,
850 988 975 1037 bone
986 985 1281 1050 Sophronisci
1298 987 1381 1035 fili:
1420 986 1658 1034 iucundius
1677 983 1797 1033 forte
1814 986 1997 1033 vltimos
2016 998 2118 1034 tuos
2136 986 2382 1042 sermones,

228 1094 254 1126 a
275 1072 591 1137 Xenophonte
614 1069 874 1134 praesertim
890 1069 1056 1117 relatos
1075 1069 1121 1116 in
1138 1068 1287 1116 literas
1306 1107 1318 1129 ‚
1351 1068 1399 1115 in
1418 1081 1525 1114 1060
1550 1064 1762 1113 cubiculo
1781 1063 2010 1127 cognosco
2022 1105 2034 1126 ,
2067 1081 2203 1129 quam
2221 1066 2296 1129 ipsi
2314 1065 2381 1113 tui

229 1157 390 1214 amici,
432 1154 510 1218 qui
528 1168 626 1200 non
650 1151 738 1198 fine
758 1149 952 1197 lacrimis
978 1149 1170 1196 cicutam
1189 1148 1366 1195 bibenti
1389 1144 1589 1196 adfuere.

383 1270 419 1298 2.
460 1250 555 1299 Sed
568 1246 785 1313 quorsum
804 1245 919 1293 ista
905 1246 930 1279 Ῥ
965 1244 1093 1293 Cur
1081 1245 1216 1306 igitur
1232 1242 1433 1306 gaudeS,
1473 1244 1594 1292 dicet
1619 1243 1806 1308 aliquiS,
1838 1241 2045 1292 absoluto
2072 1243 2159 1291 isto
2185 1242 2375 1291 labore
2360 1243 2387 1273 ‘²

229 1333 414 1395 Nempe
433 1330 562 1378 ob1d
582 1326 758 1392 ipsum,
801 1325 930 1391 quod
956 1324 1139 1372 liberius
1159 1322 1247 1372 frui
1286 1326 1445 1373 amicis
1465 1324 1547 1373 illis
1579 1325 1774 1372 mortuis
1792 1323 1972 1384 licebit,
1991 1324 2019 1370 11
2037 1324 2146 1388 quid
2172 1323 2389 1386 placuerit

230 1414 399 1463 addere
426 1409 555 1458 annis
579 1408 774 1467 nostris,
818 1405 1162 1468 prouidentiae,
1202 1404 1330 1467 quod
1346 1419 1445 1452 non
1463 1405 1523 1453 ita
1540 1405 1671 1468 saepe
1690 1403 1945 1467 relinquere
1964 1418 2103 1475 cogar
2133 1405 2303 1452 inuitus
2326 1390 2391 1451 10-

230 1509 337 1543 cum
351 1505 631 1549 amoenum,
670 1501 793 1534 nunc
812 1485 949 1533 istum
966 1498 1089 1531 nunc
1107 1483 1277 1544 alium,
1307 1485 1353 1532 in
1371 1500 1464 1549 quo
1484 1483 1649 1534 versari
1664 1483 1852 1532 lubebat
1867 1483 2045 1532 diutius.
2120 1483 2236 1533 Non
2259 1483 2392 1531 labor

230 1589 308 1624 me
331 1570 556 1633 fatigauit,
582 1567 754 1616 credite
771 1565 938 1626 amici,
977 1562 1055 1612 sed
1076 1563 1206 1625 illud,
1247 1564 1374 1628 quod
1394 1565 1632 1628 postremis
1653 1565 1859 1628 inprimis
1879 1576 2076 1628 quatuor
2093 1564 2220 1612 annis
2241 1579 2297 1612 ex
2317 1563 2393 1611 illo

232 1652 458 1702 decennio
477 1689 490 1711 ,
522 1663 615 1713 quo
633 1662 743 1710 prae
761 1645 972 1695 manibus
991 1643 1132 1692 habui
1151 1644 1361 1693 Lexicon
1381 1681 1394 1704 ‚
1436 1657 1626 1708 vrgente
1662 1643 1752 1708 ipsa
1767 1637 2024 1693 necessitate
2039 1683 2053 1705 ,
2091 1644 2119 1691 si
2139 1643 2302 1692 vellem
2325 1643 2396 1691 vir
2449 1684 2451 1686 .

230 1734 385 1782 bonus
403 1729 487 1779 esse
506 1744 613 1791 erga
630 1729 784 1776 bonos
803 1724 973 1783 sociOS‚
992 1725 1020 1772 fi
1039 1724 1210 1773 nollem
1231 1726 1544 1787 committere,
1575 1738 1625 1775 vt
1640 1725 1668 1774 fi
1687 1726 1958 1773 immorerer
1972 1721 2094 1772 forte
2112 1723 2263 1787 operi,
2296 1738 2397 1786 per·

232 1815 320 1862 iret
337 1811 468 1859 labor
487 1807 637 1857 omnis
655 1804 885 1869 superior,
916 1815 964 1852 et
981 1803 1181 1867 pasceret
1199 1806 1371 1853 tineas:
1411 1805 1612 1866 cogebar
1632 1806 1774 1866 magis
1793 1802 2004 1852 festinare
2023 1840 2036 1863 ,
2076 1802 2398 1852 submittendis
2428 1825 2432 1832 ’

230 1893 294 1942 ad
311 1904 556 1939 numerum
575 1884 902 1951 praescriptum
920 1884 1127 1947 plagulis,
1159 1883 1536 1947 impediebarque
1553 1882 1670 1930 adeo
1689 1883 1855 1944 fingula
1874 1885 1958 1944 ita,
1989 1895 2040 1932 vt
2059 1882 2299 1945 optabam,
2322 1899 2397 1930 ex-

235 1972 451 2037 (11111616,
493 1968 724 2016 dimittere
752 1965 951 2029 denique
976 1978 1124 2027 opus,
1158 1963 1208 2010 in
1229 1977 1323 2027 quo
1344 1961 1454 2026 quid
1481 1959 1718 2008 defiderari
1745 1961 1915 2022 posset,
1945 1959 2048 2021 ipse
2072 1960 2192 2010 forte
2209 1963 2368 2011 melius
2387 2000 2402 2023 ‚

235 2067 376 2118 quam
394 2050 502 2114 ple1
493 2064 608 2112 ique,
618 2047 838 2098 viderem.
904 2045 1005 2094 Hac
1023 2058 1147 2093 nunc
1166 2042 1432 2108 quotidiana
1454 2054 1599 2104 paene
1614 2038 1819 2088 molestia
1836 2038 2023 2086 tandem
2042 2038 2288 2105 obfirmato
2306 2043 2399 2087 ani

234 2147 319 2185 mo
334 2130 563 2194 superata,
590 2127 757 2176 11131011
774 2127 893 2188 1016,
928 2140 1066 2190 quam
1084 2123 1156 2173 ille
1171 2123 1295 2187 apud
1310 2120 1558 2171 Consulem
1574 2119 1765 2168 Plinium
1783 2116 1996 2167 Classicus
2015 2118 2269 2167 exclamare
2286 2117 2400 2169 mihi

239 2213 422 2271 videor,
455 2211 526 2270 Io,
546 2209 627 2257 io!
659 2207 776 2257 liber
791 2207 958 2256 venio!
997 2204 1113 2254 liber
1131 2218 1230 2252 non
1246 2203 1307 2252 ab
1325 2200 1618 2268 inquirendi
1606 2215 1654 2251 10
1670 2197 1951 2259 sermonem,
1983 2196 2076 2247 hoc
2093 2199 2226 2247 estin
2252 2200 2401 2247 erudi·

239 2294 420 2342 tionem
439 2301 485 2338 61
500 2291 721 2338 virtutem
738 2299 785 2336 et
801 2285 1064 2350 sapientiam
1083 2296 1294 2334 veterum
1310 2284 1486 2344 studio,
1517 2279 1593 2330 sed
1609 2280 1737 2342 liber,
1756 2291 1807 2328 vt
1824 2279 1967 2342 magis
1985 2294 2092 2328 meo
2116 2279 2162 2327 id
2179 2279 2401 2328 arbitratu

241 2370 424 2431 facere,
466 2370 645 2433 quoties
663 2369 749 2417 erit
765 2369 944 2429 otium,
985 2366 1116 2415 nullis
1134 2377 1401 2429 temporum
1418 2361 1631 2426 angustiis
1656 2358 1924 2409 60011116103
1941 2357 2132 2427 possim:
2173 2371 2223 2408 vt
2249 2359 2401 2407 redire

243 2466 412 2517 queam
425 2450 485 2498 ad
504 2448 745 2497 intermissa
762 2463 869 2496 cum
887 2448 1042 2496 amicis
1061 2446 1237 2495 literata
1255 2445 1514 2510 colloquia,
1545 2440 1604 2490 ad
1622 2439 1853 2498 officium,
1887 2440 2016 2504 quod
2039 2439 2210 2489 debere
2230 2439 2402 2528 10111113,

245 2544 293 2582 61
309 2546 363 2581 63
381 2546 433 2579 16
448 2528 703 2578 rusticitatis
732 2540 812 2576 aut
834 2526 1070 2591 superbiae
1089 2526 1286 2591 speciem
1304 2524 1482 2582 subire,
1514 2518 1695 2570 6036103
1721 2518 1831 2568 sum.

400 2642 441 2689 3.
473 2625 564 2676 Sed
583 2625 665 2674 alia
685 2622 818 2684 sunt,
849 2624 907 2672 de
927 2625 1090 2688 quibus
1107 2623 1183 2672 hic
1201 2623 1290 2673 dici
1309 2619 1476 2685 aliquid
1493 2616 1681 2671 16610163
1701 2615 1972 2681 61119661301.
2055 2617 2257 2684 Qidam
2281 2615 2404 2668 forte
2451 2651 2453 2655 .

249 2709 477 2773 galeatum
494 2706 690 2769 aliquem
709 2704 957 2769 prologum
972 2739 986 2762 ,
1026 2718 1113 2767 pro
1134 2701 1204 2751 his
1221 2740 1233 2762 ‚
1267 2701 1344 2765 qui
1376 2701 1424 2749 in
1442 2699 1621 2748 Lexicis
1639 2713 1728 2763 qua
1744 2695 1990 2746 scribendis
2013 2713 2101 2761 qua
2120 2697 2338 2760 augendis
2357 2709 2405 2765 et

250 2786 548 2839 emendandis
567 2784 734 2849 aliquid
752 2799 922 2848 operae
939 2781 1043 2832 suae
1061 2782 1300 2831 collocant.
1379 2780 1470 2830 Sed
1487 2778 1578 2828 hoc
1596 2788 1763 2841 genere
1773 2778 1907 2841 plane
1915 2776 2204 2841 supersedere
2215 2778 2406 2841 possum,

250 2869 326 2920 vel
344 2866 474 2933 quod
491 2879 588 2914 non
605 2864 738 2913 valde
756 2863 1047 2914 necessarium
1062 2863 1128 2911 est
1145 2899 1158 2922 ,
1199 2876 1305 2911 cum
1321 2860 1503 2909 Lexicis
1520 2859 1756 2922 contingat
1773 2897 1785 2918 ,
1817 2858 1944 2923 quod
1961 2857 2264 2922 mulierculis,
2284 2873 2405 2919 ‚cum

253 2949 334 2997 diu
351 2949 398 2996 in
417 2961 492 2995 eas
511 2942 794 2993 10066111οη1
812 2945 897 2993 viri
915 2981 928 3004 ,
951 2944 1072 2993 Vltro
1089 2943 1149 2992 ad
1165 2957 1241 2991 eas
1258 2929 1556 3005 supplicatum
1574 2940 1762 2989 veniunt
1779 2975 1791 2998 ,
1825 2949 1872 2987 et
1889 2937 2297 2987 commoditatibus
2318 2938 2406 2993 1113·-

255 3042 360 3077 rum
376 3028 443 3074 vti
461 3024 691 3088 gaudent:
735 3024 808 3072 vel
830 3025 958 3088 quod
977 3035 1199 3087 quantum
1217 3036 1334 3085 opus
1358 3021 1424 3069 est
1448 3021 1537 3069 alio
1562 3021 1609 3068 in
1634 3011 1739 3069 loco
1757 3019 1922 3068 videor
1946 3031 2000 3066 63
2017 3017 2076 3066 de
2105 3033 2156 3066 re
2183 3016 2333 3066 dixisse
2366 3019 2404 3065 ³¹⁶.

257 3107 394 3175 Qae
410 3106 547 3153 iustae
571 3103 674 3153 sunt
692 3101 1201 3152 (10610101111101010010
1219 3142 1231 3161 ‚
1271 3116 1470 3166 quorum
1483 3116 1537 3149 63
1553 3101 1619 3149 611
1637 3099 1906 3149 existimatio
1923 3136 1936 3159 ‚
1970 3097 2179 3162 querelae
2197 3097 2255 3146 de
2271 3097 2406 3146 Lexi-

258 3189 322 3236 cis
338 3224 351 3246 ,
386 3200 461 3234 eas
477 3185 704 3245 minuere,
724 3194 946 3248 quantum
963 3183 1114 3246 potest
1130 3219 1143 3243 ,
1181 3182 1455 3243 studuimUS,
1487 3192 1534 3229 et
1552 3180 1660 3230 vitia
1683 3179 1733 3227 in
1750 3195 1867 3244 quae
1883 3176 2184 3239 inuehuntur,
2214 3176 2405 3224 euitare:

260 3268 452 3330 ignauos
469 3264 681 3313 homines
700 3301 713 3323 ,
751 3274 832 3312 aut
849 3278 1003 3310 rerum
1023 3263 1279 3326 imperitos,
1312 3261 1476 3327 quibus
1492 3258 1754 3309 totum'hoc
1773 3257 1994 3323 displicet,
2024 3259 2173 3333 legpre
2190 3255 2405 3320 antiquos

261 3347 402 3396 libros
419 3382 434 3407 ,
465 3356 512 3395 et
529 3356 580 3394 vt
598 3344 784 3405 intelligi
810 3341 977 3407 poffint
1005 3342 1186 3391 efficere
1202 3380 1215 3403 ,
1246 3342 1407 3392 melius
1425 3341 1595 3390 docere
1612 3340 1641 3388 fi
1660 3339 1770 3398 velis
1786 3376 1801 3400 ,

597 3419 802 3486 sInftlix'
820 3437 996 3488 operam
1023 3423 1191 3487 perdas
1217 3461 1229 3482 ,
1265 3431 1315 3472 vt
1325 3419 1381 3488 st
1400 3423 1505 3486 quis
1531 3420 1704 3482 (ffi’llum

616 3504 672 3555 In
699 3516 854 3566 campo
885 3503 1038 3553 doceat
1058 3512 1294 3581 parentem
1319 3516 1511 3551 currere
1521 3499 1700 3564 frenis.

266 3566 423 3635 Qare

611 3633 663 3682 Si
692 3633 806 3681 molo
830 3632 1080 3682 condiderit
1108 3635 1213 3698 quis
1232 3632 1446 3689 Lexica‚
1486 3630 1619 3680 mulio
1631 3619 1811 3692 surque

569 3712 819 3771 Audiat,
851 3711 972 3762 haud
985 3727 1156 3769 renu03
1178 3711 1234 3778 st
1249 3714 1355 3777 quis
1381 3711 1531 3761 mola:
1556 3710 1647 3773 fi’d
1666 3709 1776 3759 bona
1790 3697 1838 3767 fi
1856 3699 1964 3765 quis

615 3790 876 3840 Condiderit
891 3793 1045 3854 ,sano
1069 3793 1279 3842 laudetur
1307 3791 1463 3841 iudice.
1482 3873 1486 3877 ὁ
2275 3871 2278 3874 ι
2291 3843 2407 3911 Qss

313 3946 334 4002 f
357 3945 392 3978 In
407 3942 598 3979 rraefan'one
613 3945 775 3980 Thesauro
789 3948 985 3990 Reyheriano
1000 3948 1158 3995 praemissa
1172 3977 1181 3992 ,
1213 3964 1289 3999 quae
1301 3948 1402 3985 recusa
1418 3946 1459 3982 est
1474 3951 1505 3982 in
1519 3943 1746 3994 opusculorum
1761 3940 1938 3977 nostrorum
1953 3941 2050 3976 Tom.
2068 3944 2135 3977 VII.
2156 3957 2185 3991 p.
2201 3952 2260 3985 281.
2276 3942 2357 3990 seqq.
