2474 4182
2359 9 2369 13 '
2431 0 2439 46 l

283 115 359 165 695
674 110 709 150 C
770 111 810 149 A
871 106 908 146 L
1807 104 1842 145 C
1892 104 1934 144 A
1993 99 2029 146 L
2343 77 2435 167 696ἓ

282 202 324 231 his
336 201 426 228 verbis.
498 201 628 228 Videbam
637 220 644 233 ‚
664 197 810 233 perniciem
823 202 909 222 meam
923 203 982 222 cuni
996 203 1089 230 magna
1103 192 1326 232 calaniitateteip.
1428 196 1475 217 CA
1485 197 1502 216 L
1511 199 1534 218 A
1544 198 1565 218 ‘r
1577 200 1597 220 H
1607 200 1617 220 1
1627 193 1681 220 AN
1690 201 1711 221 A
1721 213 1729 226 ‚
1748 202 1787 221 30,
1808 193 1827 220 fl
1863 191 1958 220 Viotae
1970 201 2065 227 genus,
2083 202 2108 223 ὃ(
2117 196 2213 225 mathi
2230 197 2321 234 figura·
2359 198 2418 234 mm

285 239 333 264 effe
366 237 533 265 coniunfitani
572 238 628 262 Cic.
649 234 725 261 Catil.
742 242 748 258 1
768 242 789 258 c.
803 241 825 265 ς.
895 230 1040 258 Detrahere
1061 231 1115 258 Cic.
1131 230 1187 256 Post
1202 228 1279 254 redit.
1292 226 1326 266 ad
1391 234 1427 258 21,
1441 228 1458 252 6
1471 227 1488 252 s.
1503 235 1533 260 ¹4
1550 230 1607 255 Alii
1620 231 1704 266 legunt
1717 229 1871 261 Cahhiana,
1908 230 1940 255 al.
1961 229 2088 257 Calatina,

287 273 387 307 Qiirit.
400 275 426 300 6.
497 274 575 300 Ferre
583 271 758 298 calamitatem
777 268 868 302 Nepos
882 276 924 298 20,
938 275 957 299 1,
971 276 989 300 4
1008 269 1095 301 Quam
1109 265 1282 292 calamitatem
1292 268 1328 288 ita
1429 267 1446 289 C
1455 268 1501 288 AL
1510 269 1532 289 A
1541 268 1608 290 TiA
1617 284 1626 297 ‚
1644 274 1683 292 ae.
1719 266 1740 292 f.
1778 265 1902 301 Oppidum
1916 265 2071 300 Campaniae.
2108 267 2280 303 Qantitatem
2295 269 2418 305 doceatSil.
2433 284 2435 289 ’

287 310 423 336 moderate
436 308 513 340 tulit,
533 315 577 333 etc.
598 306 626 331 dc
639 306 769 331 Caecitate.
840 303 1023 330 Calamitatem
1048 302 1113 329 belli
1133 301 1234 326 diutius
1254 299 1325 324 fei-re
1392 301 1416 330 8,
1431 304 1483 330 544
1518 312 1564 318 --
1598 307 1644 326 nec
1658 301 1747 336 paruis
1758 301 1848 328 aberat
1861 299 1961 328 Calatia
1976 300 2068 327 muris·
2358 316 2361 321 Ι

286 354 341 372 non
353 346 421 380 poss'e
443 345 512 378 Nep.
525 351 567 373 22,
583 350 602 373 1,
615 350 636 372 3.
709 339 826 366 naurire
851 340 907 366 Cic.
921 348 969 374 pro
983 339 1070 365 Domo
1087 346 1126 369 30.
1198 337 1326 373 Iinporta-
1350 329 1365 360 3
1427 339 1474 360 CA
1484 339 1500 358 L
1510 339 1532 360 A
1543 339 1565 360 Τ
1575 340 1594 361 0
1603 340 1639 366 R,
1656 336 1710 363 vid.
1732 343 1802 364 CAL
1812 344 1841 363 υ,
2428 348 2431 351 ,

287 390 316 408 re
329 381 503 407 calamitatem
518 374 748 404 conseruatoribus
761 375 829 408 suis,
863 375 960 401 Incidit
974 374 1060 400 amori
1080 372 1169 398 nostro
1188 370 1328 409 calamitas,
1429 374 1501 395 CAL
1511 375 1590 395 AVR
1600 370 1646 396 EA
1657 370 1725 404 ,flue
1743 379 1760 399 ς
1770 380 1792 399 A
1802 379 1818 398 L
1827 379 1878 400 AV
1887 378 1907 399 R
1917 369 1966 398 i'A.
2003 369 2114 404 [Καλωύ
2129 371 2196 408 aas:
2209 373 2353 411 Καλανρία]
2383 372 2420 407 13„
2470 399 2471 403 ,

287 417 390 444 inferre
403 415 576 442 calamitatem
591 411 712 443 ciuitati,
747 410 801 437 vid.
809 410 859 447 sub
872 411 912 437 his
925 410 1015 437 verbis.
1086 407 1208 442 insigniri
1223 406 1328 432 calami·
1385 402 1445 445 su-Ia
1458 407 1537 431 maris
1549 404 1730 433 Mednmmxei
1739 407 1833 442 infirm
1845 408 1966 444 Argolico
1985 413 2074 433 contra
2123 411 2276 441 roezem'um,
2298 410 2441 447 Demfflbw¹
2459 404 2474 432 ,“

288 453 386 479 tatibus
406 452 474 477 Suet.
489 448 574 482 Calig.
589 456 624 480 31.
695 447 794 473 Leuare
808 446 984 473 calamitatem
998 446 1182 475 innocentem,
1201 442 1255 468 vid.
1280 447 1327 468 LE·
1392 449 1434 466 ms
1448 442 1553 466 interitu
1566 440 1700 467 nobilitata
1731 442 1798 469 Plin.
1812 454 1839 477 4,
1853 453 1880 470 ια.
1893 444 1912 470 s.
1926 451 1954 476 19
1975 443 2013 470 De
2027 451 2075 478 qua
2087 443 2167 478 insula
2174 445 2305 478 prouerbio
2317 446 2420 478 damno,

290 496 348 515 vis.
419 486 474 512 Cic.
509 503 516 511 .
555 504 561 510 .
598 484 646 509 His
663 482 805 517 aliquando
819 481 1011 509 calamitatibus
1028 479 1154 505 liberetis.
1226 476 1328 504 Machi-
1393 484 1452 507 cus,
1472 484 1521 510 pro
1535 475 1603 502 Delo
1617 475 1757 510 Calauria,
1771 480 1798 504 in
1811 483 1888 505 mutui
1899 478 2010 514 beneficii
2022 481 2146 504 memoria.
2183 479 2272 506 Fertur
2284 484 2345 508 enim
2355 470 2431 519 insul
2459 498 2461 504 .

288 525 343 550 nm
359 522 532 548 calamitatem
553 519 630 545 Au&
644 517 677 545 ad
690 519 787 546 Hel-en,
801 530 829 552 4,
846 527 879 551 13·
951 515 1096 543 Prohibere
1112 513 1257 541 calamitate
1271 513 1327 553 Cic.
1346 515 1376 535 10
1393 511 1473 543 bulis,
1495 513 1635 549 Neptunum
1646 518 1700 539 cum
1713 513 1809 539 Latona
1817 519 2022 548 permutationem
2029 512 2132 550 seciffe,
2152 519 2176 539 et
2191 513 2250 540 data
2265 517 2333 549 Delo,
2345 518 2431 548 Calui
2454 527 2455 530 ¹

288 567 335 594 pro
350 559 418 592 Lege
431 556 525 582 Manil.
542 560 575 585 18.
645 554 727 589 Serpit
741 554 872 581 calamitas
887 552 1055 580 Pseudo-Cic.
1065 551 1159 585 Anteq.
1168 550 1219 577 iret
1232 550 1258 576 in
1267 548 1329 575 exil.
1392 550 1458 574 riam
1471 545 1598 580 habitaſje.
1640 547 1698 574 Vid.
1713 548 1810 584 Erasini
1822 549 1959 576 Chiliadas.
1996 551 2200 587 Hincintelligas
2207 550 2272 577 illud
2282 547 2459 584 Ouid.Met‚=1.s

289 604 327 628 ¹4·
400 592 494 619 Subire
506 590 681 618 calamitatem
701 590 758 617 Cic.
772 590 803 617 ad
811 590 884 617 Brut.
895 598 931 615 12.
1002 588 1113 621 Magnae
1125 587 1173 613 ess'e
1186 584 1330 612 calamitati
1393 589 1421 617 7,
1434 587 1482 616 384
1506 583 1568 610 Inde
1582 582 1725 610 Calaureae
1737 583 1865 611 Latoidos
1878 586 1970 620 aspicit
1984 594 2057 612 arua.
2100 586 2159 612 Via.
2173 586 2260 613 Burm.
2432 595 2445 609 a·

287 630 357 664 Nep.
373 637 412 661 14,
426 630 453 660 6,
467 630 492 654 6.
561 625 712 653 Tabescere
730 627 758 652 in
771 625 919 653 calamitate
936 623 993 651 Cic.
1005 624 1058 649 Att.
1073 630 1095 655 3,
1103 631 1142 656 23.
1214 621 1329 648 Tolera·
1429 625 1447 645 c
1456 625 1478 644 A
1487 625 1503 643 L
1513 625 1535 646 A
1544 624 1564 644 v
1576 625 1597 646 Τ
1608 627 1618 644 ι
1626 625 1643 646 c
1651 626 1673 646 A
1685 636 1694 652 ,
1711 619 1765 646 vid.
1784 626 1801 647 c
1810 627 1831 648 A
1840 627 1856 647 L
1865 627 1917 647 AN
1926 628 1947 648 T
1957 628 1991 649 ic
1999 629 2031 649 A.
2429 635 2430 638 ,

287 674 315 692 re
345 664 520 691 calamitatem
558 661 603 689 Id.¹
629 662 702 689 Fain.
727 671 746 697 4
756 682 764 694 ,
783 663 808 688 6.
880 659 1006 688 Trahere
1024 659 1054 686 in
1076 658 1252 685 calamitatem
1272 657 1330 683 Cic.
1432 659 1479 680 CA
1487 658 1503 680 L
1512 660 1533 681 A
1542 659 1558 680 z
1568 660 1587 681 o
1595 661 1610 681 ι)
1618 661 1638 681 ιι
1648 662 1666 681 γ
1676 661 1692 680 L
1700 662 1722 682 A
1730 662 1747 682 c
1756 662 1773 682 Ε
1781 663 1794 682 s
1803 675 1811 688 ,
1831 656 1885 682 vid.
1904 662 1949 683 cii
1959 664 1981 684 A
1989 663 2005 683 L
2015 662 2061 685 ΑΖ
2069 663 2088 684 0
2099 663 2115 683 r
2127 663 2148 683 H
2157 663 2176 684 γ
2184 662 2200 683 L
2208 661 2255 683 Ac
2263 662 2318 683 Es„

285 708 334 737 pro
350 701 418 734 Lege
431 699 523 726 Manil.
537 706 573 731 19.
1304 729 1308 732 -
1348 687 1374 715 ι5
1431 694 1505 715 CAL
1515 695 1573 716 ΒΕῙ
1587 709 1597 722 ,
1632 688 1733 717 auclore
1758 691 1834 718 Festo
1865 691 2020 720 dicebantur
2043 692 2189 724 Armillae,
2228 691 2323 726 quibus
2341 690 2433 732 trima,¹
2448 707 2453 722 3
2468 711 2474 726 -.

321 743 338 763 c
347 743 368 763 A
377 743 393 762 L
403 743 424 762 A
434 742 458 761 Μ
468 742 477 762 1
486 741 507 761 T
516 736 536 762 6
545 741 558 760 s
571 739 591 759 V
602 740 614 761 S
625 753 633 766 ‚
651 741 680 765 a,
699 742 753 764 uni,
773 731 832 758 Adi.
856 726 989 767 [ὄιξνρδς]
1026 730 1072 756 Cui
1082 730 1214 755 caIamitas
1225 726 1330 758 accidit,
1393 722 1502 758 phantes
1516 725 1674 760 vtebantur,
1701 732 1728 753 et
1745 726 1841 761 quibus
1859 726 1895 754 ob
1915 727 2042 756 virtutem
2054 728 2155 755 milites
2173 727 2351 761 donabantur,
2375 731 2427 765 φῇ»
2437 725 2443 737 ’
2471 746 2474 751 .

284 779 328 799 aut
336 772 402 809 solet
415 771 473 798 adeo
490 769 609 796 accidere.
650 770 755 804 Proprie
768 770 848 805 igitur
860 774 884 794 et
897 767 974 803 ipsum
987 766 1021 792 ad
1031 774 1107 802 agros
1115 766 1237 798 pertinet.
1265 771 1291 788 v.
1303 771 1330 802 g.
1394 765 1416 786 G
1425 767 1447 786 A
1457 766 1472 786 L
1482 765 1499 787 Β
1508 766 1555 787 Ev
1564 768 1602 788 M.
2374 762 2403 794 0⁴(
2418 755 2474 800 [lsi

286 808 352 835 Ptin.
366 812 399 840 ¹8,
413 814 430 842 7
449 805 588 834 Hordeum
608 813 639 831 ex
654 805 729 831 omni
748 804 884 831 frumento
904 802 1016 829 minime
1030 799 1210 839 calamitosum
1226 808 1232 824 ι
1267 802 1331 832 quia
1429 802 1447 823 C
1455 803 1478 823 A
1487 802 1503 822 L
1513 802 1530 823 C
1538 804 1559 823 A
1567 804 1589 823 N
1599 803 1644 824 EV
1653 804 1666 824 s
1677 817 1686 830 ‚
1721 803 1739 825 C
1747 804 1769 824 A
1777 805 1793 824 L
1802 804 1819 825 C
1828 804 1848 825 A
1858 803 1877 825 R
1885 818 1894 831 ‚
1929 798 1984 827 vid.
2004 806 2021 827 C
2029 806 2051 826 A
2060 806 2075 826 L
2084 807 2114 827 x.
2370 795 2398 839 ὅ.
2419 800 2449 833 ις,

286 843 402 875 tollitur,
417 848 556 878 antequam
569 841 690 867 triticum
705 846 813 874 occupet
827 839 933 874 rubigo.
1004 834 1177 875 Calamitosus
1191 841 1253 868 ager
1265 832 1333 868 apud
1348 868 1350 870 ‚
1431 836 1479 872 eft
1489 838 1505 858 L
1515 838 1532 859 c
1539 839 1560 858 A
1570 839 1589 859 R
1598 840 1607 860 1
1615 840 1636 860 ν
1645 840 1658 861 s
1667 853 1676 866 ,
1699 839 1716 860 c
1724 841 1746 861 A
1755 841 1772 860 L
1781 840 1798 861 c
1807 841 1829 860 A
1838 841 1859 860 T
1869 841 1888 861 ο
1897 840 1934 863 ai
1945 841 1964 862 v
1973 841 1998 863 M
2006 855 2016 868 ,
2037 841 2054 863 c
2062 842 2084 863 A
2092 843 2108 862 i.
2117 841 2134 863 c
2142 841 2165 865 A
2172 839 2194 861 'r
2203 840 2224 862 v
2232 839 2246 860 s
2253 853 2263 866 ,
2278 832 2332 862 vid.
2341 840 2358 864 c
2368 859 2369 862 ,
2421 838 2439 880 Ν,
2468 854 2474 862 ,

286 880 416 907 Catonem
430 887 467 912 35,
484 886 502 904 1.
536 885 560 904 et
575 875 762 904 Calamitosum
778 875 877 902 caelum
904 883 924 905 i,
937 881 961 899 2.
1034 871 1089 897 cic.
1097 871 1189 904 Agrar.
1197 878 1223 902 2,
1231 874 1291 899 goe.
1299 877 1330 902 ²9
1343 871 1379 892 20
1395 866 1474 902 Lapis
1489 867 1588 894 codtus.
2357 872 2370 902 4-
2381 867 2435 903 ῑμιὶἸ

286 916 319 942 At
338 923 404 942 vero
425 914 475 940 hoc
495 913 551 948 agri
571 912 699 947 Campani
719 910 845 945 vectigal,
865 918 923 935 cuni
939 906 1071 933 eiusmodi
1086 905 1122 932 est
1131 922 1140 938 ,
1159 904 1275 946 ¹iit-domi
1290 904 1331 937 fit,
1430 910 1502 930 CA.1.
1511 910 1528 931 C
1537 911 1582 931 EA
1591 911 1610 931 R
1620 911 1629 931 1
1639 910 1660 930 v
1669 910 1695 931 M
1708 924 1718 938 ,
1765 910 1783 932 c
1792 911 1813 931 A
1823 911 1839 931 L
1850 911 1892 933 (τε
1901 913 1923 932 A
1932 912 2014 932 ΜΕΝ
2026 925 2036 939 ,
2079 912 2095 933 c
2105 913 2127 933 A
2136 912 2152 932 L
2162 911 2178 932 C
2187 911 2203 932 E
2212 905 2234 932 A
2243 910 2351 934 MENT
2366 916 2375 938 {¹
2400 895 2428 942 ’ἱ
2460 914 2474 922 ψ.

284 958 311 977 et
323 950 447 977 omnibus
461 948 594 984 praesidiis
607 948 766 983 oppidorum
779 953 881 980 tegatur
894 955 899 970 :
935 950 992 969 tum
1003 950 1090 976 neque
1102 941 1179 967 bellis
1192 941 1328 973 infestum,
1394 944 1466 966 CAL
1474 946 1491 967 C
1500 946 1516 967 E
1526 948 1548 967 A
1556 946 1578 966 T
1587 947 1607 966 v
1617 947 1630 968 s
1639 960 1648 973 ,
1675 940 1730 966 vid.
1749 946 1768 967 C
1777 948 1799 967 A
1807 948 1824 967 Ι.
1834 949 1852 968 Χ
1861 961 1871 974 ,
1897 948 1946 977 pro
1958 940 2094 976 pqlieriore
2101 948 2176 978 parte
2182 941 2266 977 pedis.
2365 949 2371 965 ι
2447 943 2451 950 ·

284 995 331 1014 nec
345 985 477 1014 fruc‘tibus
490 985 596 1012 varium
604 1004 613 1017 ,
628 993 675 1010 nec
688 982 761 1009 caelo
775 990 802 1007 ac
816 981 876 1006 loco
890 977 1071 1005 calamitosum
1085 977 1133 1004 else
1141 974 1214 1003 solet.
1252 978 1330 1003 Dein·
1428 981 1446 1002 c
1455 983 1478 1002 A
1486 983 1502 1002 L
1511 982 1528 1003 c
1538 983 1554 1002 E
1563 983 1581 1003 D
1590 983 1609 1003 o
1618 983 1638 1001 N
1650 983 1660 1002 1
1669 983 1689 1003 A
1699 996 1706 1007 ‚
1741 976 1794 1002 uid.
1819 983 1837 1004 c
1845 984 1865 1003 H
1874 984 1895 1004 A
1907 983 1924 1002 L
1935 983 1952 1005 c
1961 984 1978 1004 ιε
1988 983 2006 1004 1)
2016 984 2035 1004 0
2044 984 2077 1004 N,
2360 983 2361 988 =

283 1022 313 1051 de
327 1022 458 1057 unium-sim
471 1020 643 1048 Calamitosus
652 1039 660 1052 ,
678 1013 903 1055 Aerumnqfitslqsi,
913 1013 1249 1054 malis'calamitatibusque
1257 1021 1330 1053 prae.
1431 1017 1449 1038 C
1458 1018 1480 1038 A
1490 1018 1505 1037 L
1515 1018 1557 1038 CE
1566 1019 1587 1038 N
1596 1018 1614 1039 D
1624 1019 1633 1038 1
1642 1020 1659 1038 x
1670 1032 1679 1044 ‚
1697 1012 1788 1044 Festo,
1808 1012 1931 1040 Conchae
1940 1021 2020 1048 genus
2032 1011 2075 1046 effi
2088 1011 2198 1039 dicitur:
2212 1010 2261 1048 [τά
2271 1020 2321 1038 non
2337 1013 2343 1020 .
2356 1010 2364 1034 .'
2422 1000 2425 1002 ·
2470 1027 2474 1035 1

284 1065 407 1094 grauatus
416 1078 424 1091 ‚
442 1060 525 1094 inquit
540 1056 645 1083 Nonius
660 1063 680 1085 1,
694 1061 746 1085 143.
817 1051 873 1078 Cic.
887 1050 979 1077 Dium.
993 1059 1021 1075 in
1035 1049 1133 1076 Caecil.
1147 1056 1183 1083 70
1208 1049 1328 1075 Honoris
1347 1049 1379 1077 23
1430 1054 1448 1074 c
1456 1054 1477 1074 A
1486 1054 1502 1074 L
1513 1054 1529 1074 C
1537 1054 1553 1074 E
1562 1054 1593 1080 O,
1606 1056 1643 1080 as,
1662 1054 1679 1075 C
1687 1055 1710 1075 A
1719 1054 1735 1075 L
1744 1054 1761 1075 C
1769 1055 1786 1075 E
1795 1055 1814 1077 Ο
1822 1054 1839 1075 L
1848 1056 1868 1076 V
1878 1056 1902 1082 s,
1922 1055 1939 1076 C
1947 1056 1969 1076 A
1978 1054 1994 1074 L
2003 1052 2045 1076 ΟΕ
2055 1054 2076 1076 v
2085 1055 2115 1081 S,
2135 1048 2190 1075 vid.
2211 1053 2283 1076 CAL
2292 1054 2323 1081 x,
2345 1056 2369 1076 *.'

2354 1100 2357 1107 .
2414 1088 2436 1138 αἱ

284 1094 434 1129 ampliffimi
446 1099 512 1128 puto
527 1092 590 1123 else,
610 1089 727 1117 accusare
739 1086 890 1122 improbos:
925 1090 951 1112 et
965 1085 1091 1118 miseros,
1110 1084 1328 1119 calamitososque
1347 1090 1358 1100 ·
1387 1080 1496 1116 steriore
1506 1091 1581 1119 parte
1588 1084 1671 1119 pedis.

285 1130 435 1157 defendere.
508 1128 576 1161 Qtis
589 1126 668 1154 vllam
683 1122 839 1150 calamitolis
854 1120 948 1149 deberi
961 1127 1035 1157 putat
1049 1122 1160 1156 gratiam
1181 1120 1249 1147 Vell.
1258 1129 1283 1152 2,
1293 1128 1330 1153 53,
1429 1125 1447 1146 C
1456 1126 1501 1146 AL
1510 1126 1526 1146 C
1535 1126 1550 1146 E
1560 1125 1588 1150 S,
1608 1119 1683 1146 Festo
1696 1117 1834 1154 Ampullae
1848 1119 2003 1155 plumbeae,
2022 1117 2140 1156 quid-fibi
2151 1120 2248 1151 velim,
2265 1127 2314 1145 non
2330 1131 2335 1140 a
2347 1119 2352 1126 ⁸
2373 1121 2375 1123 ’
2420 1139 2431 1144 .,

284 1175 311 1194 2.
381 1163 617 1193 Calamitofillimus
629 1160 751 1187 omnium
764 1158 880 1193 Regulus
903 1157 961 1185 Scn.
973 1158 1018 1192 Ep.
1034 1165 1073 1192 71.
1146 1157 1331 1188 Calamitosus,
1431 1161 1448 1182 C
1456 1162 1479 1181 A
1488 1162 1504 1181 L
1513 1162 1530 1182 C
1538 1161 1559 1182 H
1568 1162 1589 1181 A
1599 1160 1630 1193 ξ,
1650 1155 1717 1182 antis
1745 1155 1896 1191 [Κάλχας]
1920 1155 2049 1190 Thestoris
2061 1156 2170 1182 Troiani
2175 1154 2259 1190 filius,
2271 1163 2303 1181 au
2362 1174 2368 1186 ὲ
2410 1146 2439 1210 ἔξ
2471 1160 2474 1162 ·

284 1205 358 1229 etiam
387 1204 430 1238 qui
461 1201 625 1226 calamitatem
657 1195 760 1231 infert,-
794 1201 841 1227 vt,
858 1195 938 1221 Fama
959 1193 1110 1220 calamitosa
1129 1193 1184 1219 Cic.
1206 1201 1255 1227 pro
1269 1192 1331 1218 Clu·
1394 1200 1457 1223 vius,
1471 1194 1540 1217 cuius
1550 1192 1648 1224 consilio
1655 1191 1733 1225 inad
1743 1192 1846 1218 Troiam
1856 1193 1952 1219 Gracci,
1979 1193 2053 1227 Virg.
2062 1192 2128 1217 Aen.
2137 1199 2210 1223 2,122.
2229 1190 2281 1216 Hic
2289 1191 2311 1217 lt
2331 1195 2372 1218 a'
2429 1190 2439 1222 Ι·

283 1243 335 1265 ent.
372 1256 379 1264 .
416 1256 423 1262 .
461 1255 467 1261 .
504 1235 576 1268 Fuga
589 1231 739 1259 calamitosa
752 1229 869 1265 patriae,
884 1229 962 1256 nobis
977 1228 1092 1264 gloriosa
1113 1229 1168 1255 Cic.
1183 1228 1215 1255 de
1234 1228 1328 1255 Diuin.
1346 1231 1380 1256 30
1395 1232 1451 1253 tem
1463 1236 1560 1261 magno
1573 1226 1716 1253 Calchanta
1728 1227 1846 1254 tumultu
1872 1227 2006 1255 Protrahit
2025 1228 2054 1255 in
2065 1225 2178 1253 medios.
2213 1227 2245 1253 V.
2258 1225 2305 1253 Sil.
2318 1233 2352 1260 13,
2369 1227 2373 1233 “’
2408 1211 2438 1282 ΞΓ,

285 1282 304 1305 ι,
319 1281 349 1306 59
363 1281 384 1299 c.
397 1276 438 1301 28.
507 1270 575 1296 Cato
587 1269 618 1295 R.
633 1269 664 1294 R.
679 1276 717 1302 pr.
737 1275 749 1299 3
776 1265 956 1292 Periculosum
976 1271 1003 1291 et
1022 1264 1212 1292 calamitosum
1231 1273 1329 1290 merca·
1432 1269 1449 1290 C
1459 1269 1480 1289 A
1490 1269 1505 1288 L
1516 1269 1533 1289 C
1541 1270 1561 1289 Η
1571 1270 1586 1289 E
1596 1269 1614 1289 D
1623 1269 1642 1289 o
1653 1270 1675 1289 N
1685 1270 1694 1289 1
1703 1269 1724 1288 v
1734 1270 1764 1296 s,
1791 1263 1845 1292 vid.
1870 1270 1887 1291 C
1895 1272 1917 1291 A
1926 1271 1945 1291 R
1955 1271 1972 1292 c
1981 1272 2001 1291 H
2010 1271 2027 1291 E
2036 1271 2054 1290 ι)
2062 1270 2082 1290 0
2091 1270 2112 1289 N
2121 1270 2130 1289 1
2139 1270 2159 1289 v
2170 1269 2193 1289 s.
2363 1263 2406 1290 ,ῇῖ
2436 1267 2438 1287 ῑ

282 1316 349 1336 tura.
421 1306 515 1333 Otium
527 1303 708 1331 calamitosum
728 1302 782 1329 Cic.
795 1301 828 1328 de
841 1301 900 1328 Fin.
917 1309 940 1335 ς,
955 1309 988 1335 54
1001 1310 1022 1327 c.
1037 1309 1074 1333 19.
1144 1301 1270 1327 Praetura
1290 1308 1330 1326 ca·
1431 1305 1449 1325 c
1458 1306 1480 1325 A
1489 1305 1505 1324 L
1514 1305 1531 1326 c
1541 1305 1608 1325 1AR
1618 1306 1627 1324 1
1636 1305 1657 1325 v
1666 1305 1691 1324 M
1700 1316 1709 1329 ‚
1728 1298 1780 1325 vid.
1803 1305 1874 1327 cAi.
1883 1308 1919 1332 x,
1933 1307 1983 1336 pro
1994 1298 2132 1336 posteriore
2139 1304 2216 1334 parte
2223 1296 2307 1333 pedis.
2346 1295 2362 1330 η’,
2380 1298 2394 1303 “’
2436 1312 2437 1315 =

282 1343 403 1371 lamitosa
416 1341 507 1369 Verris
525 1341 579 1368 Cic.
597 1341 673 1366 Verr.
687 1348 716 1372 4,
753 1357 760 1365 .
797 1356 805 1365 .
842 1355 849 1364 .
921 1334 1079 1371 Tempestas
1098 1336 1250 1363 calamitosa
1290 1336 1329 1362 Id.
1432 1341 1479 1362 CA
1490 1340 1507 1360 1.
1518 1340 1715 1366 C1FRAGA,
1733 1343 1773 1361 ae.
1808 1336 1962 1372 [ἔμπηρος]
1999 1335 2083 1362 Herba
2101 1335 2130 1361 in
2150 1333 2294 1361 maritimis
2312 1345 2316 1356 ι
2331 1344 2351 1358 Ἰι,
2372 1331 2375 1340 “
2406 1344 2407 1352 ¹

281 1381 357 1406 Verr.
375 1388 393 1410 ι,
408 1379 442 1412 96
454 1387 476 1404 c.
490 1382 535 1417 38..
599 1377 623 1402 O
643 1384 701 1416 rem
723 1374 846 1401 miseram
867 1378 893 1414 et
914 1370 1093 1414 calamitosam
1120 1373 1176 1399 Cic.
1191 1381 1239 1413 pro
1254 1372 1329 1398 Rosc.
1394 1370 1488 1398 sercin
1500 1370 1562 1397 saxo
1574 1370 1711 1403 nascens,a
1722 1371 1990 1408 calculisfrangendit
2001 1374 2041 1398 ita
2053 1369 2138 1403 dit-ia,
2148 1369 2188 1411 ⁴de
2200 1378 2250 1406 qua
2265 1367 2358 1396 vtdfflt·
2388 1361 2433 1413 ff

281 1416 340 1442 Am.
357 1424 378 1441 c.
393 1420 431 1444 28.
502 1414 550 1439 Vis
564 1411 730 1438 calamitosae
743 1409 904 1444 tempestatis
918 1409 935 1435 fi
951 1414 1103 1444 contigerit.
1126 1409 1187 1443 le.
1209 1417 1237 1435 in
1256 1408 1274 1434 l.
1295 1416 1328 1435 cx
1347 1406 1377 1435 33
1394 1415 1412 1440 9
1428 1407 1446 1433 s.
1461 1415 1496 1440 51.
1568 1406 1660 1434 Herba
1687 1404 1860 1441 σκολοπένδςιον
1872 1426 1881 1440 ,
1911 1416 1991 1443 quam
2018 1415 2067 1434 nos
2090 1406 2261 1441 calcifragam
2282 1412 2344 1440 appe
2430 1413 2437 1432 ,·

280 1450 421 1479 conducio.
435 1449 467 1476 D.
480 1448 582 1475 Locati.
654 1445 756 1473 Bellum
773 1442 1021 1472 calamitofissimum
1040 1444 1097 1471 Cic.
1111 1444 1183 1470 Fam.
1198 1446 1224 1477 6,
1237 1452 1274 1470 21.
1394 1442 1514 1470 Scribon.
1530 1450 1581 1476 130.
2368 1448 2370 1450 ·

317 1486 595 1514 CALAMITGSE.
622 1482 689 1509 Adu.
714 1480 845 1516 [δι-ξυρῶς]
881 1480 983 1518 Mifire.
1026 1479 1082 1506 Cic.
1097 1479 1244 1512 Offi2‚105
1259 1489 1280 1506 c.
1295 1487 1330 1513 29
1432 1484 1651 1510 ‹mccii-Ro,
1687 1482 1834 1511 cALco‚
1868 1478 1923 1506 uid.
1943 1485 2056 1506 CALx.
2433 1502 2436 1507 ,

281 1520 354 1550 Nam
366 1520 439 1556 quod
453 1520 543 1550 aiunt,
559 1519 670 1545 minima
685 1517 717 1544 de
729 1515 822 1550 malis,
841 1516 869 1543 id
883 1516 936 1549 est,
955 1522 985 1543 vt
999 1517 1112 1551 turpiter
1124 1517 1230 1551 potius,
1249 1524 1330 1550 quam
1432 1512 1652 1547 CALCGLVS,
1672 1512 1691 1540 i.
1713 1523 1749 1541 m.
1785 1513 1893 1549 [φηφιξ,
1914 1514 2011 1550 ψῆφος]
2048 1513 2127 1549 Lapis
2146 1511 2239 1541 breuis
2255 1518 2340 1540 terrae
2360 1531 2362 1533 »
2374 1544 2380 1546 -
2390 1538 2396 1542 ,,
2436 1542 2440 1547 η

280 1557 431 1588 calamitose
447 1566 452 1581 ε
488 1564 521 1581 an
534 1554 570 1580 est
585 1553 670 1580 vllum
683 1553 769 1580 maius
783 1552 883 1578 malum
902 1552 1088 1587 turpitudine?
1393 1549 1460 1577 stus:
1482 1549 1515 1577 fic
1528 1548 1613 1585 dieitis
1627 1549 1700 1584 quod
1715 1549 1768 1576 fine
1780 1550 1900 1577 molestia
1912 1551 1953 1577 sui
1967 1550 2098 1577 breuitate
2112 1549 2236 1577 calcetur.
2273 1549 2315 1577 Sic
2373 1534 2423 1588 ᾖ,
2432 1550 2439 1579 'l

317 1600 391 1621 cAL
403 1597 553 1623 AM1T0,
573 1594 625 1616 are.
662 1588 852 1615 Calamitosum
870 1587 989 1615 reddere.
1026 1587 1132 1615 Cathol.
1341 1590 1380 1618 40
1394 1586 1429 1614 ad
1445 1586 1520 1621 Virg.
1535 1585 1632 1620 Georg.
1647 1593 1672 1617 2,
1688 1590 1732 1616 180
1767 1585 1875 1613 Tenuis
1893 1585 1941 1614 vbi
1958 1586 2068 1622 argilla,
2093 1591 2119 1613 et
2135 1585 2251 1618 dumosis
2271 1581 2350 1611 calci-tl
2395 1573 2431 1601 *⁹¹

316 1637 334 1657 e
343 1636 388 1656 AL
398 1635 451 1654 AN
460 1633 481 1652 Τ
492 1625 502 1652 ἰ
512 1632 559 1653 CA
568 1645 576 1657 ‚
589 1624 658 1668 pue,
678 1632 708 1650 vt
720 1626 847 1656 meliores,
869 1630 886 1651 c
895 1629 941 1650 AL
951 1631 973 1651 A
982 1631 1003 1650 v
1012 1630 1033 1651 T
1043 1630 1076 1651 ic
1085 1630 1124 1656 A,
1145 1631 1184 1650 ae.
1210 1622 1231 1649 f.
1256 1619 1328 1659 [κρῆ-
1393 1623 1442 1650 vii.
1479 1622 1573 1649 Melius
1587 1618 1701 1654 dixtffi‘t,
1721 1619 1764 1654 effe
1778 1621 1952 1649 diminutiuum
1965 1632 1981 1649 a
1994 1622 2074 1655 Calx,
2093 1625 2112 1649 i.
2125 1623 2200 1657 lapis.
2225 1618 2226 1626 ¹
2256 1620 2304 1648 Cic

280 1663 378 1700 ἅμμον,
399 1658 771 1698 ioeffldsaffiiov,313ntssi>xmov]
806 1660 932 1694 Tegmen
945 1659 1087 1692 muliebre,
1103 1659 1176 1694 quod
1191 1659 1271 1693 capiti
1290 1660 1330 1685 in·
1394 1665 1422 1691 ι,
1441 1660 1492 1685 262
1511 1665 1532 1684 c.
1551 1659 1580 1684 61
1611 1656 1668 1690 Qui
1688 1657 1769 1683 etiam
1789 1657 1917 1684 conieotis
1937 1658 1967 1684 in
1985 1667 2015 1685 os
2035 1658 2159 1690 calculis,
2179 1658 2280 1684 summa
2293 1665 2312 1683 v

281 1701 405 1728 neftitur.
477 1696 534 1723 Cic.
549 1696 578 1721 in
586 1694 723 1726 Clodium,
734 1694 833 1726 Tune,
853 1704 935 1728 quum
949 1695 1120 1722 vincerentur
1135 1694 1212 1730 pedes
1231 1695 1330 1726 fasciis,
1394 1692 1527 1727 Qiinetil.
1542 1701 1580 1724 12,
1593 1699 1632 1724 ιο,
1646 1700 1674 1725 25
1697 1692 1753 1726 Qi
1767 1693 1841 1720 tenui
1856 1692 1952 1721 venula
1966 1703 2014 1729 per
2027 1694 2141 1722 calculos
2154 1694 2241 1720 fluunt
2259 1691 2289 1719 de

279 1746 363 1771 quum
375 1732 530 1762 calanticam
542 1731 623 1765 capiti
636 1729 850 1756 accommodares
862 1731 872 1755 3
908 1732 975 1756 Haec
989 1731 1095 1757 Nonius
1112 1738 1141 1763 14
1150 1751 1158 1763 ‚
1172 1739 1193 1756 2.
1230 1730 1328 1756 Auson.
1392 1731 1469 1754 nimis
1481 1731 1572 1754 ieiimis
1584 1734 1607 1753 et
1615 1727 1840 1762 Pfiudo-Atticis.
2036 1728 2057 1768 ff
2082 1738 2096 1756 2
2131 1729 2273 1762 Calculus,
2289 1729 2370 1763 Iapi‘J
2382 1738 2406 1758 ¹.
2424 1750 2425 1753 ,
2437 1739 2439 1743 ⁴

280 1770 408 1799 Periocha
421 1767 509 1800 Odyff.
524 1774 537 1800 ς
554 1768 630 1800 Quae
644 1765 714 1799 (Ino
727 1764 802 1798 Dea)
815 1764 967 1790 calanticam
987 1766 1068 1799 capiti
1087 1766 1134 1792 suo
1153 1766 1267 1792 detritam
1286 1774 1331 1791 na·
1343 1766 1378 1795 45
1393 1770 1509 1799 corpore,
1529 1761 1622 1796 vostea,
1641 1761 1757 1794 renibus,
1782 1772 1812 1789 ex
1825 1771 1871 1799 quo
1883 1768 2007 1791 maximus
2017 1769 2147 1793 cruciatus
2156 1767 2283 1802 gig-nitur.
2326 1759 2420 1790 leun
2437 1759 2439 1795 l

279 1808 347 1835 tanti
367 1803 558 1833 accommodat.
605 1798 735 1837 Κρῆδεμνον
754 1797 787 1833 est
807 1799 875 1835 apud
889 1801 1034 1831 Homerum,
1054 1800 1120 1835 quod
1131 1803 1330 1836 interpretantur
1396 1806 1428 1834 37
1448 1799 1496 1826 Sed
1509 1798 1649 1825 hominum
1663 1796 1823 1832 quibusdam
1844 1797 1906 1824 diro
1920 1801 2039 1826 cruciatu
2057 1801 2169 1827 subinde
2189 1801 2320 1827 nascentes
2336 1795 2420 1826 calkt'll'
2432 1797 2439 1805 '¹

280 1845 371 1870 Graeci
384 1841 514 1873 κάλυμμα
529 1839 638 1872 κεφαλῆς
650 1837 786 1871 παρειμένον
807 1836 886 1869 μέχρι
903 1835 949 1860 τῶν
967 1833 1036 1867 ὤμων
1053 1841 1218 1871 tegumentum
1238 1839 1332 1871 capitis
1394 1841 1423 1862 et
1434 1835 1548 1861 setarum
1561 1833 1751 1868 capillamenta.
1823 1832 1862 1859 Id.
1880 1841 1919 1865 33,
1933 1841 1943 1859 1
1957 1833 1977 1860 s.
1989 1841 2025 1868 27
2044 1835 2075 1861 In
2095 1837 2229 1870 sanguinis
2248 1831 2426 1869 fluxione-pail

281 1879 315 1906 ad
330 1879 441 1906 humeros
454 1873 585 1908 demifficm.
621 1873 720 1907 Hygin.
734 1872 754 1898 f.
771 1879 813 1904 ¹23
832 1871 953 1898 Balteuin
966 1871 1090 1906 appellat,
1109 1879 1164 1905 quo
1178 1870 1228 1897 fibi
1241 1871 1331 1905 peetus
1395 1870 1496 1896 excisos
1514 1869 1638 1896 calculos.
1708 1867 1776 1895 Cels.
1785 1876 1812 1903 7,
1826 1871 1859 1894 26
1879 1869 1945 1894 Sunt
1957 1870 2028 1896 enirn
2041 1871 2149 1905 quidam
2163 1880 2218 1898 non
2231 1871 2316 1906 asperi
2326 1872 2439 1902 tantum«

280 1915 412 1947 vinciret,
432 1921 465 1939 ne
478 1911 575 1946 pess'um
588 1908 682 1935 abiret.
720 1909 807 1934 Potuit
820 1908 873 1933 uelo
885 1909 979 1970 utidpro
991 1907 1078 1933 balteo.
1115 1905 1241 1933 Sedetiam
1249 1905 1330 1933 Gloss'.
1396 1905 1478 1931 modo
1487 1923 1496 1938 ,
1517 1904 1560 1931 sed
1573 1903 1669 1938 spinofi
1683 1912 1791 1938 quoque
1805 1903 1914 1936 calculi,
1933 1904 1980 1939 qui
1998 1913 2044 1939 per
2061 1907 2088 1932 se
2106 1906 2216 1941 quidem
2236 1904 2330 1940 delapfi
2344 1905 2372 1932 in
2384 1911 2422 1937 ccx
2432 1899 2438 1930 s.

280 1951 384 1978 Philox.
412 1946 551 1976 Cacautica
566 1945 620 1980 (stc
633 1942 667 1979 est
676 1950 724 1980 pro
738 1943 891 1975 Calantica)
908 1940 924 1972 ἶ
937 1953 958 1969 ος
973 1941 1051 1978 ζώνης,
1088 1941 1198 1969 Seruius
1213 1941 1247 1968 ad
1264 1942 1330 1968 Aen.
1347 1949 1380 1976 50
1395 1940 1484 1967 viceni
1495 1939 1549 1966 fine
1562 1938 1683 1974 periculo
1697 1938 1857 1974 eximuntur.
1913 1939 2145 1971 Calendis-demum
2159 1951 2206 1977 pei·
2217 1942 2322 1970 vrinarn
2334 1938 2422 1967 citetis
2437 1934 2439 1946 ¹

282 1989 363 2020 9,6i6
372 1985 468 2012 Mitrae
482 1982 652 2012 feminarum,
661 1988 724 2014 quas
730 1978 875 2005 Calantieas
883 1978 984 2004 dicunt.
1027 1979 1115 2005 Vtitur
1122 1981 1194 2005 etlam
1203 1978 1331 2012 leianus
1396 1975 1535 2003 leuabatur
1552 1975 1622 2002 Suet.
1634 1974 1702 2009 Aug.
1716 1979 1757 2004 80.
1954 1972 1977 2012 ff
1995 1983 2008 2008 3
2045 1977 2161 2011 Calculi,
2195 1987 2239 2005 uas
2256 1977 2384 2008 Latrones
2390 1975 2420 2011 se

283 2022 301 2049 1.
315 2030 345 2054 25
360 2019 384 2058 §.
399 2028 427 2046 10
436 2019 495 2053 Dig.
510 2017 543 2044 de
550 2017 625 2042 Auro
638 2024 693 2049 arg.
706 2013 808 2040 mundo
817 2013 860 2039 vbi
868 2014 1026 2040 florentinus
1034 2014 1096 2039 liber
1107 2013 1244 2040 Calantica
1253 2014 1333 2045 habet,
1395 2012 1558 2040 latrunculos
1571 2010 1729 2046 appellarunt
1740 2014 1852 2042 veteres,
1868 2009 1956 2046 quibus
1967 2010 2062 2038 Iudifur
2075 2016 2102 2038 in
2114 2014 2179 2040 alueo
2190 2023 2212 2040 o.
2224 2010 2228 2013 ’
2284 2010 2353 2038 Geli.
2369 2019 2410 2044 14,

281 2056 349 2097 quod
361 2056 390 2083 de
407 2055 475 2082 endit
487 2056 562 2080 ctiam
575 2052 658 2078 Cuiac.
678 2048 744 2083 Obſji
761 2058 797 2081 10,
811 2058 848 2083 ¹7·
885 2049 932 2074 alii
946 2047 1071 2074 Calatica.
1110 2047 1244 2075 Calautica
1257 2052 1333 2075 ctiam
1398 2049 1454 2076 Cur
1467 2047 1572 2075 tandem
1585 2055 1640 2073 non
1653 2045 1686 2072 de
1699 2045 1755 2072 alea
1768 2054 1893 2081 quoque,
1917 2054 1948 2073 ac
1962 2045 1995 2072 de
2010 2046 2113 2073 calculis
2127 2053 2153 2073 et
2172 2047 2279 2074 alneolo
2291 2046 2386 2073 audent
2397 2045 2421 2070 di

282 2103 313 2121 ex
326 2093 375 2120 MS
395 2111 401 2118 .
414 2089 448 2123 est
460 2087 562 2116 Arnob.
576 2096 593 2115 2
607 2096 632 2122 p.
647 2093 686 2119 59.
725 2091 749 2112 et
761 2084 875 2120 defendit
888 2083 989 2119 Salmas]
1003 2083 1037 2109 ad
1053 2082 1136 2109 Solin.
1157 2091 1182 2117 p.
1202 2091 1266 2115 392,
1277 2083 1331 2109 bB.
1397 2092 1472 2116 cere,
1501 2083 1613 2118 quinam
1630 2081 1672 2109 ibi
1689 2081 1839 2108 ludentium
1856 2082 1946 2108 vincat
1958 2082 1968 2109 3
2039 2081 2155 2109 Martial.
2169 2087 2211 2115 14,
2223 2089 2252 2116 17
2276 2083 2308 2109 ln
2321 2080 2404 2106 tabul
2423 2104 2425 2107 ,

283 2129 428 2164 deriuatque
448 2135 478 2152 ex
502 2125 549 2151 Gr.
570 2120 720 2151 καλυκτικῆ.
765 2119 821 2147 Adi
845 2121 961 2147 Vinctum
974 2119 1009 2146 ad
1024 2118 1123 2145 Auson.
1136 2119 1153 2145 1.
1167 2127 1189 2146 c.
1224 2124 1248 2144 et
1266 2116 1331 2151 Voffi
1350 2121 1379 2148 55
1398 2117 1541 2148 lusoriam,
1576 2118 1649 2143 Haec
1666 2116 1737 2144 mihi
1755 2116 1857 2145 biss'eno
1875 2122 2031 2144 numeratur
2048 2117 2138 2146 tessera
2155 2115 2272 2152 puncto,
2317 2115 2406 2145 calci

284 2166 366 2202 Etym.
373 2170 402 2198 p.
411 2172 455 2203 ..9¹²
491 2158 566 2195 C⁰²¹s·
588 2162 812 2185 DECALATICO.
1397 2152 1440 2179 hic
1454 2151 1560 2186 gemino
1573 2151 1689 2191 discolor
1700 2151 1775 2178 hoste
1787 2152 1867 2186 perit.
1937 2152 2056 2180 Mai-rial.
2069 2161 2109 2187 14,
2120 2160 2155 2179 20
2164 2180 2165 2183 ,
2175 2153 2316 2179 Gemmeus
2328 2149 2376 2177 iste

319 2207 336 2228 c
345 2206 368 2226 A
376 2206 393 2225 L
402 2206 424 2224 A
431 2204 450 2224 n
459 2203 469 2222 1
478 2203 490 2223 s
500 2216 509 2228 ‚
522 2202 540 2222 c
548 2202 570 2221 A
578 2200 594 2220 L
604 2201 627 2221 A
635 2200 653 2220 R
662 2199 701 2219 ιτ
709 2199 731 2219 A
739 2199 762 2218 N
771 2199 792 2218 v
801 2198 814 2218 s
822 2211 831 2224 ‚
848 2190 901 2218 vid.
922 2197 969 2218 CA
977 2197 997 2217 R
1006 2197 1028 2217 A
1037 2196 1053 2216 L
1063 2197 1073 2217 1
1083 2196 1107 2217 s.
1396 2187 1473 2215 miles
1487 2193 1513 2213 et
1526 2184 1609 2213 hostis
1620 2190 1682 2212 erit.
1754 2186 1836 2212 Ouid.
1851 2187 1908 2212 Art.
1922 2195 1949 2219 2,
1961 2194 2015 2221 207
2043 2188 2104 2213 Siue
2117 2187 2255 2214 latrocinii
2265 2185 2315 2214 rub
2327 2186 2364 2214 im

322 2242 339 2262 c
348 2241 394 2261 AL
404 2240 426 2260 A
435 2240 447 2259 s
457 2238 488 2258 is
497 2251 505 2263 ‚
517 2230 542 2266 fi
555 2236 586 2256 vt
597 2228 696 2264 quidam
710 2234 727 2255 c
736 2234 758 2255 A
767 2234 783 2254 L
792 2234 834 2254 As
845 2234 857 2253 s
866 2234 875 2253 1
885 2233 897 2252 s
906 2245 914 2257 ‚
930 2226 1053 2253 Tunicae
1066 2233 1157 2260 genus,
1173 2223 1244 2260 quod
1252 2224 1334 2252 Grae·
1398 2222 1514 2250 calculus
1528 2221 1596 2255 ibit,
1614 2222 1663 2248 Fac
1677 2227 1767 2255 pereat
1780 2221 1869 2248 vitreo
1882 2221 1959 2248 miles
1973 2221 2006 2248 ab
2020 2220 2094 2248 hoste
2106 2228 2176 2249 tuus.
2237 2222 2276 2250 Id.
2289 2223 2347 2249 Art.

284 2271 310 2299 ci
322 2268 450 2303 καλαέωριν
462 2266 560 2293 dicunt.
598 2264 654 2291 Alii
673 2263 765 2290 dicunt
784 2261 897 2289 Nodum
916 2263 965 2287 effe
984 2262 1088 2288 tunicae
1103 2260 1261 2293 muliebris,
1279 2269 1334 2295 quo
1398 2260 1536 2293 Cautaque
1553 2265 1608 2283 non
1626 2256 1703 2283 stulte
1722 2256 1856 2283 latronum
1877 2257 1977 2292 praelia
1990 2257 2078 2291 ludat,
2104 2259 2178 2285 Vnus
2191 2267 2252 2285 cum
2272 2259 2380 2293 gemin·

283 2313 401 2335 connexa
414 2304 482 2330 circa
496 2300 626 2328 ceruicem
638 2299 726 2325 tunica
740 2297 922 2325 summittitur.
960 2298 1028 2323 Haec
1036 2297 1133 2323 Festus.
1169 2297 1282 2332 Scaliger
1288 2298 1336 2327 ait,
1350 2295 1385 2321 60
1399 2294 1473 2321 culus
1487 2293 1560 2321 hoste
1574 2292 1651 2328 perit.
1698 2293 1729 2319 Ec
1740 2292 1826 2319 Trist.
1840 2301 1867 2326 2,
1879 2298 1931 2328 478
1951 2293 2076 2320 Discolor
2086 2299 2115 2320 vt
2129 2294 2200 2321 tec'to
2213 2295 2338 2328 grassetur
2355 2293 2376 2321 l·

283 2343 333 2371 else
347 2340 467 2375 κοίλοισιν,
475 2339 639 2364 laxamentum
650 2329 822 2361 tunicae⁸nodo
833 2339 963 2359 retentum.
999 2332 1089 2359 Eadem
1097 2331 1198 2359 videtur
1204 2330 1315 2358 Aclassis.
1400 2330 1492 2363 miles,
1512 2330 1582 2356 Cum
1595 2328 1698 2355 medius
1710 2329 1818 2363 gemino
1830 2328 1942 2355 calculus
1956 2328 2029 2355 hoste
2046 2329 2123 2363 perit.
2159 2329 2251 2356 Tecto
2263 2330 2350 2357 limite
2368 2335 2378 2351 ³-

320 2385 367 2406 CA
376 2381 476 2403 LAST
486 2380 502 2400 E
511 2380 529 2399 R
538 2392 547 2405 ‚
561 2371 615 2398 vid.
632 2371 707 2407 infra
724 2374 926 2398 CATLASTER.
1399 2366 1456 2393 dum
1463 2372 1541 2402 puto,
1560 2367 1579 2391 i.
1592 2367 1635 2391 via
1649 2366 1760 2397 occulta,
1784 2374 1834 2391 ‘non
1845 2364 1935 2398 rofio,
1958 2364 2023 2400 quod
2039 2364 2179 2391 rationibus
2197 2365 2251 2391 Iudi
2263 2365 2358 2402 advers

323 2420 370 2441 cA
381 2419 397 2438 L
407 2418 450 2438 As
460 2416 481 2436 'r
491 2414 554 2437 icv
565 2415 595 2440 s,
616 2415 646 2439 a,
664 2415 719 2432 um.
739 2405 800 2431 Adi.
835 2403 894 2430 Th.
925 2402 1002 2430 Prisc.
1037 2402 1069 2429 de
1099 2402 1195 2429 Diaeta
1227 2410 1282 2437 cap.
1309 2410 1335 2435 9.
1399 2401 1480 2430 detur.
1553 2400 1611 2427 Val.
1625 2401 1696 2427 Max.
1711 2405 1735 2433 8,
1749 2405 1772 2433 8,
1785 2409 1802 2427 2.
1824 2401 1862 2427 De
1875 2401 2006 2433 Scaeuola,
2026 2400 2112 2426 Alueo
2127 2408 2235 2436 quoque
2246 2407 2274 2428 et
2283 2400 2374 2430 calcul'

287 2448 381 2477 oetan.
395 2449 490 2475 Horat.
504 2453 524 2477 1,
539 2451 557 2479 7
570 2450 594 2470 et
605 2451 630 2476 ις
650 2442 751 2468 videtur
764 2439 808 2475 effe
820 2438 962 2474 χαλαςικδς
974 2441 1027 2466 vim
1039 2438 1146 2466 laxandi
1158 2445 1182 2465 et
1199 2438 1337 2475 rqsbluendi
1400 2438 1507 2465 terdutn
1524 2437 1621 2464 vacasse
1636 2436 1744 2464 dicitur.
1798 2436 1854 2463 Hoc
1872 2436 1970 2472 quidem
1989 2435 2018 2462 de
2036 2435 2101 2462 ludo
2121 2435 2259 2463 duodecim
2281 2437 2379 2472 script

287 2485 388 2514 habens.
429 2479 489 2510 Vid.
504 2483 738 2508 CHALASTICVS.
1351 2479 1384 2512 ⁶3
1400 2472 1585 2536 imffliligffldum
1599 2470 1642 2505 effe
1656 2472 1772 2505 uidetur,
1801 2479 1830 2499 ot
1842 2475 1870 2498 in
1886 2473 1917 2499 'ra
1934 2474 1963 2498 in
1992 2477 2162 2499 SCRIPTV
2172 2478 2197 2498 Μ
2221 2471 2268 2509 ,Ιίιῦ
2297 2473 2418 2502 SCR1'1

322 2527 370 2548 CA
379 2526 395 2546 L
404 2526 426 2546 A
436 2525 457 2545 T
467 2524 489 2544 A
498 2536 506 2549 ,
526 2515 580 2542 vid.
594 2521 610 2542 c
619 2521 640 2541 A
650 2521 666 2540 L
675 2520 704 2540 ο.
1401 2508 1465 2543 osten
1485 2512 1562 2541 imus,
1579 2508 1623 2535 vbi
1635 2510 1708 2535 etiam
1715 2508 1854 2544 formulam
1892 2507 2003 2534 educere
2017 2507 2144 2535 calculum
2159 2508 2310 2543 explicamus.
2357 2507 2385 2534 .1’
2413 2521 2422 2530 ·-

323 2563 342 2584 c
351 2563 398 2582 AL
407 2552 458 2582 A'T
468 2560 489 2579 H
498 2558 519 2577 ν
529 2558 543 2577 s
552 2571 561 2584 ,
580 2550 599 2577 i.
621 2559 657 2576 m.
676 2546 829 2583 [κάλαᾶος]
855 2545 958 2573 Festus:
979 2544 1104 2573 Calathos
1119 2545 1226 2579 Graeci,
1234 2554 1283 2573 nos
1295 2544 1335 2572 di·
1401 2547 1447 2581 Ep.
1462 2553 1489 2581 7,
1504 2553 1550 2580 24,
1562 2551 1575 2578 5
1594 2544 1695 2571 Laxare
1708 2544 1826 2570 animum
1841 2543 1899 2570 lusu
1914 2543 2087 2570 calculorum.
2142 2543 2307 2572 Calculorum
2317 2541 2383 2571 illum
2393 2543 2424 2568 lu·

289 2591 373 2619 cimus
387 2588 526 2624 Qiafillos.
561 2585 710 2621 Porphyrio
724 2604 732 2616 ,
749 2584 800 2610 Vas
812 2583 978 2614 vimineum,
996 2582 1025 2608 in
1040 2590 1092 2617 qua
1112 2582 1238 2608 mulieres
1259 2582 1336 2617 pensa
1394 2582 1453 2619 sum
1466 2591 1520 2608 cum
1531 2580 1621 2608 scacho
1633 2578 1751 2607 hodierno
1763 2580 1840 2607 multa
1856 2578 1961 2613 habuiffe
1975 2582 2125 2611 communia,
2143 2588 2193 2607 non
2203 2579 2323 2617 neg-ubit,⁴
2368 2579 2374 2585 '
2388 2577 2424 2605 bu

289 2627 333 2654 vel
348 2633 460 2653 tramam
471 2622 623 2650 reuoluunt.
695 2620 752 2648 Nec
768 2618 876 2646 calathis
888 2617 993 2645 adsueta
1005 2626 1096 2644 manus
1107 2624 1270 2653 operataque
1277 2618 1337 2645 fuso
1398 2621 1438 2645 ius
1457 2627 1506 2644 non
1524 2618 1656 2652 imperitus
1675 2615 1819 2653 cog-noscere
1835 2617 1902 2643 volet
1919 2614 1968 2650 ΨΒ
1986 2615 2086 2642 Lucani
2104 2616 2145 2642 vel
2160 2586 2424 2652 quisquiswdqxffil

290 2663 336 2691 Sil.
350 2671 375 2695 2,
388 2669 433 2698 70.
505 2659 541 2684 Ex
558 2657 632 2691 Virg.
646 2657 710 2683 Aen.
723 2663 751 2690 7,
765 2660 811 2688 805
831 2655 896 2681 Non
908 2653 956 2681 illa
968 2654 1029 2680 colo
1043 2652 1186 2680 calathisue
1198 2654 1337 2681 Mineruae
1345 2662 1382 2691 70
1399 2653 1432 2682 ad
1439 2653 1543 2682 Pisones
1556 2661 1582 2679 v.
1598 2655 1643 2686 178
2285 2663 2297 2667 ·=

2376 2696 2386 2707 t

290 2698 429 2726 Femineas
442 2695 537 2723 assueta
547 2701 648 2719 manus.
723 2690 806 2718 Ouid.
819 2691 883 2716 Met.
898 2698 936 2722 12,
944 2697 996 2724 475
1016 2689 1166 2724 columque
1180 2690 1191 2716 Ι
1205 2698 1268 2725 cape
1275 2698 1337 2717 cum
1504 2689 1551 2716 Te
1572 2687 1590 2714 fi
1611 2687 1682 2714 forte
1699 2685 1776 2713 iuuat
1795 2686 1944 2714 studiorum
1964 2686 2082 2723 pondere
2100 2686 2193 2714 fessum
2208 2688 2209 2693 ¹
2386 2676 2415 2715 *ὖ

291 2733 410 2761 calathis.
442 2729 606 2765 Exprobratio
620 2729 699 2753 animi
711 2727 751 2752 vel
763 2728 876 2761 corporis
888 2725 1036 2759 effiminati.
1068 2725 1150 2752 Ouid.
1164 2725 1228 2752 Fast.
1243 2734 1276 2759 4,
1289 2733 1338 2760 435
1504 2724 1572 2752 Non
1591 2723 1716 2758 languere
1735 2728 1838 2756 tamen,
1864 2723 1988 2759 lususque
2003 2732 2114 2750 mouere
2132 2731 2180 2759 per
2195 2719 2290 2758 artem
2305 2734 2308 2737 ·
2336 2726 2340 2730 ”
2361 2731 2434 2757 ημη

292 2771 364 2797 Haec
376 2767 471 2804 implet
483 2763 599 2792 calathos
610 2763 682 2790 lento
695 2762 726 2788 de
738 2761 842 2788 vimine
853 2769 942 2787 nexos.
1014 2761 1094 2788 Ouid.
1109 2761 1188 2797 Epist.
1201 2770 1233 2795 9,
1244 2763 1281 2796 76
1507 2759 1658 2787 Callidiore
1675 2757 1757 2785 modo
1777 2758 1866 2786 tabula
1884 2759 2006 2786 variatur
2023 2765 2112 2794 aperta
2355 2768 2364 2782 a
2415 2764 2436 2778 ¹2

484 2801 554 2828 'Non
569 2799 639 2834 fugis
653 2797 745 2825 Alcide
757 2796 895 2836 viotricem
909 2796 983 2822 mille
1002 2795 1126 2824 laborum
1506 2795 1646 2828 Calculus,
1672 2799 1698 2821 et
1717 2793 1807 2821 vitreo
1826 2801 1986 2830 peraguntur
2003 2795 2091 2821 milite
2111 2793 2196 2828 bella,
2323 2810 2335 2828 ·.
2370 2790 2412 2835 ff

486 2835 633 2864 ViGtricem
646 2833 762 2861 Calathis
776 2833 923 2867 imposuisse
942 2840 1066 2860 manum:
1160 2838 1163 2841 *
1352 2838 1389 2867 ’75
1506 2833 1543 2858 Vt
1559 2831 1654 2858 niueus
1672 2830 1780 2865 nigros,
1804 2839 1874 2858 nunc
1892 2837 1919 2857 et
1938 2831 2015 2866 niger
2031 2830 2121 2865 alliget
2143 2830 2228 2857 albos
2321 2856 2325 2859 Α
2344 2838 2365 2848 ·=·
2401 2859 2403 2862 ⁸
2425 2847 2431 2851 -

489 2872 628 2906 Crassaque
641 2868 749 2896 robusto
762 2867 867 2895 deducis
881 2867 978 2902 pollice
999 2868 1043 2895 fila
1062 2874 1109 2895 etc.
1506 2867 1556 2895 Sed
1576 2866 1628 2894 tibi
1645 2866 1705 2902 quis
1724 2874 1779 2892 non
1798 2871 1870 2901 terga
1887 2865 1975 2899 dedit,
1999 2866 2057 2902 quis
2076 2872 2102 2893 te
2120 2865 2186 2892 duce
2204 2863 2274 2893 ceffit
2371 2867 2375 2874 ¹
2406 2850 2434 2915 ᾖ

293 2911 386 2939 quen.
400 2909 449 2936 Sat.
458 2916 483 2940 2,
491 2915 524 2941 34
544 2908 599 2934 Vos
614 2906 700 2933 lanam
712 2903 834 2936 trahitis,
852 2903 1014 2938 calathisque
1027 2904 1132 2939 pendia
1144 2902 1250 2931 refertis
1277 2902 1338 2929 Vel·
1506 2902 1646 2934 Calculus?
1671 2906 1716 2929 aut
1734 2901 1794 2936 quis
1813 2910 1868 2929 non
1886 2902 2020 2937 periturus
2037 2901 2154 2937 perdidit
2172 2901 2294 2930 hostem3
2404 2896 2433 2944 vi.

293 2947 364 2979 lera,
384 2953 430 2972 etc.
466 2943 514 2971 Sed
526 2949 608 2969 tamen
621 2943 681 2969 aliis
697 2943 771 2967 ctiam
785 2939 935 2966 adhibetur:
971 2940 1046 2975 virg.
1060 2939 1112 2967 Ecl.
1126 2947 1190 2972 2,4;
1224 2954 1270 2959 --
1306 2939 1340 2965 ti·
1509 2938 1588 2966 Mille
1607 2937 1693 2965 modis
1711 2938 1780 2965 acies
1797 2943 1842 2964 tua
1861 2937 1987 2971 dimicat,
2003 2937 2051 2964 ille
2066 2942 2198 2972 petentem
2406 2953 2426 2977 ‘l

292 2983 324 3010 bi
336 2982 395 3009 lilia
409 2979 494 3016 plenis
528 2979 593 3005 Ecce
616 2978 707 3004 ferunt·
722 2974 853 3010 nymphae
872 2973 989 3001 calathis.
1228 2983 1243 3001 2
1265 2974 1339 3002 Cala-
1505 2975 1578 3002 Dum
1596 2974 1682 3009 fugit,
1701 2973 1756 3008 ipse
1775 2973 1858 3008 rapit:
1875 2973 1957 3008 longo
1975 2974 2050 3000 venit
2069 2973 2116 3000 ille
2135 2973 2250 3006 recess‘u,
2407 2983 2418 3000 κ

293 3018 372 3050 thus,
392 3018 444 3043 Vas
462 3014 622 3048 aereum„in
641 3021 695 3049 quo
716 3011 755 3038 lac
776 3010 820 3038 vel
838 3018 928 3038 recens
950 3011 1035 3036 caseus
1053 3009 1083 3037 in
1094 3009 1161 3038 vrbe
1174 3009 1340 3043 distrahitur,
1353 3013 1386 3040 80
1511 3011 1569 3044 Qui
1586 3009 1656 3037 stetit
1671 3010 1700 3037 in
1716 3009 1842 3045 speculis,
1865 3008 1910 3036 hie
1929 3010 1956 3036 se
1976 3009 2143 3036 committere
2159 3008 2234 3035 rixae
2354 3007 2361 3022 ¹⁴

293 3055 368 3082 Sci-ii.
379 3052 413 3080 ad
425 3050 498 3085 Virg.
513 3050 610 3085 Georg.
624 3058 647 3082 3,
666 3057 721 3082 400
937 3080 942 3086 ¹
1510 3046 1616 3079 Audet,
1639 3051 1666 3073 et
1684 3045 1713 3072 in
1732 3044 1854 3081 praedam
1871 3044 2022 3072 venientem
2041 3044 2140 3079 decipit
2159 3043 2270 3074 hostem.

449 3086 530 3120 Qiod
543 3087 662 3120 surgente
673 3083 716 3111 die
735 3082 866 3122 mulsere,
882 3080 1009 3121 horisque
1029 3079 1148 3114 diurnis,
1510 3082 1649 3117 Ancipites
1668 3080 1738 3109 subit
1757 3080 1804 3107 ille
1823 3088 1928 3113 moras,
1945 3080 2092 3116 similisque
2109 3080 2193 3116 ligato

452 3121 541 3149 Νοᾶὶο
556 3126 678 3157 premunt
692 3130 697 3146 :
732 3117 805 3154 quod
817 3126 871 3144 iam
884 3116 1000 3144 tenebris
1013 3122 1038 3143 et
1051 3116 1106 3144 sole
1118 3116 1235 3149 cadente,
1513 3117 1622 3152 Obligat
1640 3117 1695 3153 ipse
1711 3115 1790 3144 duos:
1810 3115 1853 3143 hic
1872 3116 1905 3143 ad
1924 3116 2028 3144 maiora
2046 3123 2185 3148 mouetur,

452 3157 506 3184 Sub
522 3158 607 3184 lucem
621 3160 759 3191 exportant
777 3152 893 3180 calathis.
987 3186 993 3192 ι
1509 3154 1547 3182 Vt
1566 3153 1634 3181 citus
1652 3159 1679 3180 et
1697 3151 1781 3179 fratta
1799 3159 1954 3187 prorumpat
1973 3153 2002 3180 in
2022 3153 2127 3188 agmina
2145 3150 2274 3184 mandra,
2345 3149 2352 3165 ⁸

298 3192 347 3222 Sed
358 3193 465 3220 Colum.
479 3201 506 3228 7,
519 3198 543 3226 8,
556 3202 568 3226 3
588 3192 616 3219 de
629 3202 657 3219 ca
671 3194 705 3218 eis
710 3189 859 3227 faciendis,
876 3186 1023 3216 Confestim
1030 3186 1234 3214 cumconcreuit
1248 3186 1339 3219 liquor
1356 3196 1386 3227 ες
1510 3189 1657 3225 Clausaque
1677 3188 1781 3216 deicolo
1799 3188 1943 3223 populetur
1960 3190 2067 3216 moenia
2083 3188 2165 3215 vallo.

299 3230 362 3263 (Iac
374 3231 403 3256 in
415 3230 528 3264 multra)
542 3230 570 3255 in
582 3229 648 3255 fiscel
663 3237 702 3259 as,
717 3231 762 3253 aut
781 3225 809 3252 in
828 3223 943 3252 calathos
960 3223 1002 3250 vel
1022 3222 1121 3249 forinas
1145 3223 1340 3250 transferendus
1506 3225 1612 3253 Interea
1629 3224 1704 3252 scetis
1724 3224 1845 3260 quamuis
1863 3224 1992 3251 acerrima
2012 3225 2116 3259 surgant

299 3264 345 3292 est.
382 3264 422 3291 sic
437 3265 495 3291 Col.
510 3273 548 3297 ιο,
561 3272 610 3299 397
629 3261 747 3291 Calathis
757 3261 874 3288 infusum
888 3260 934 3286 lac.
1007 3257 1147 3291 calathus,
1172 3259 1243 3298 Caiix
1255 3258 1340 3295 adfii—
1505 3260 1608 3288 Praelia
1626 3259 1776 3293 militibus,
1800 3259 1876 3294 plena
1896 3266 1984 3287 tamen
2000 3260 2055 3295 ipse
2074 3259 2220 3295 phalange,

300 3298 423 3336 orificium
435 3306 516 3335 aptus.
552 3300 624 3335 Virg.
640 3299 693 3326 Ecl.
707 3306 729 3332 5,
741 3305 771 3332 71
792 3296 860 3324 Vina
873 3303 975 3322 nouum
988 3293 1098 3321 fundam
1116 3294 1224 3321 calathis
1238 3294 1342 3323 Ariusia
1507 3297 1563 3324 Aut
1586 3297 1666 3324 etiam
1684 3304 1768 3332 pauco
1787 3295 1898 3330 spoliata
1916 3296 2006 3323 milite
2023 3296 2108 3324 vincis
2118 3315 2128 3329 ‚

301 3335 400 3363 Μὲἲὸῐ·
471 3335 502 3361 Et
512 3335 629 3370 Propert.
643 3344 666 3367 2,
682 3342 717 3368 13²
730 3341 770 3367 50·
804 3335 834 3359 1'5·
848 3330 996 3373 Mflr‘?³¹·92
1010 3338 1049 3372 ,⁵9⁰
1216 3328 1243 3391 2
1265 3331 1340 3363 3Ca-
1508 3332 1541 3359 Et
1559 3331 1612 3360 tibi
1630 3332 1735 3367 captiua
1753 3331 1857 3359 resonat
1875 3341 1968 3359 manus
1987 3338 2099 3367 vti-aque
2117 3329 2204 3358 turba.

302 3370 404 3399 lathum
418 3376 575 3405 uocat‚qucm
587 3373 686 3397 calicem
703 3371 769 3396 alias
779 3369 904 3404 appellant
915 3376 942 3393 m
949 3366 1067 3403 fioribus,
1089 3364 1186 3392 Auson.
1194 3365 1223 3391 Ei
1243 3365 1286 3399 yll.
1301 3375 1341 3401 14,
1352 3378 1389 3405 90
1408 3365 1500 3393 Totum
1516 3367 1652 3405 describere
1669 3369 1748 3395 Iocum
1760 3376 1808 3394 mm
1822 3371 1928 3404 piguit,
1945 3377 1999 3395 cum
2011 3364 2118 3401 studiqfi
2134 3367 2210 3393 multi
2221 3365 2323 3391 careant
2343 3365 2355 3380 ι’

303 3416 340 3440 ‚3¹-
413 3407 506 3440 Nempc
519 3403 584 3432 reflc
597 3406 736 3433 Calathum
761 3405 906 3431 Hermolaus
922 3402 1056 3429 Turbinem
1065 3398 1246 3440 rectum-vocat
1259 3412 1268 3430 ‚·
1299 3404 1341 3428 cui
1403 3404 1482 3428 mine:
1501 3409 1526 3430 et
1545 3407 1584 3431 ita
1602 3402 1768 3440 cifimus-fit,
1791 3409 1821 3430 vt
1834 3408 1880 3430 vix
1892 3403 2070 3430 dubitationem
2087 3403 2221 3438 relinquat.
2257 3400 2353 3434 1811qu

303 3445 436 3479 opponitur
448 3442 536 3473 Meta,
554 3443 572 3466 i.
591 3442 673 3468 Turbo
691 3440 811 3476 inuti-stes.
848 3438 914 3466 Plin.
933 3446 976 3478 21.,
996 3443 1009 3471 ς
1029 3435 1137 3464 Candor
1147 3444 1205 3476 eius
1218 3437 1342 3470 eximius,
1397 3439 1494 3499 ⁴primis
1512 3439 1572 3476 ustu-
1588 3438 1622 3473 est
1643 3438 1678 3466 ad
1695 3437 1869 3466 declarandum
1890 3440 2040 3467 calcum—um
2055 3438 2139 3466 ludum
2162 3434 2264 3472 Salmas:
2286 3432 2320 3460 ad
2354 3434 2365 3465 ’ξς

306 3478 380 3505 foliis
392 3476 460 3504 foris
472 3475 584 3509 striatis,
604 3483 630 3503 et
643 3476 675 3505 ab
688 3475 812 3512 angustiis
826 3475 854 3501 in
867 3473 1034 3501 latitudinem
1046 3471 1181 3507 paullatim
1190 3472 1242 3498 sese
1255 3472 1342 3500 laxati·
1423 3481 1479 3500 roc.
1495 3483 1519 3507 13
1532 3483 1557 3510 p.
1574 3482 1625 3512 737
1637 3475 1696 3512 sqq.
1892 3472 1915 3512 ff
1934 3483 1955 3508 4
1988 3475 2027 3502 De
2045 3472 2150 3501 calculis
2162 3472 2304 3508 felicitatis
2351 3479 2355 3494 z

305 3513 393 3545 tibus,
412 3510 499 3547 effigie
511 3510 616 3538 calathi.
686 3513 727 3539 Sic
738 3511 843 3538 Colum.
859 3519 898 3543 10,
914 3517 968 3542 240
993 3508 1022 3534 de
1036 3509 1141 3540 cinara,
1167 3507 1246 3534 Nunc
1265 3508 1349 3543 pinea*
1404 3508 1471 3535 Plin.
1489 3517 1515 3545 7,
1528 3519 1565 3544 40
1589 3512 1663 3538 Vana
1681 3509 1828 3538 mortalitas
1863 3524 1909 3530 -
1943 3505 2078 3546 computat
2097 3516 2173 3535 more
2191 3499 2340 3534 Thrac'‘

306 3550 323 3583 (
329 3553 346 3575 i.
359 3556 476 3584 tanquam
504 3547 582 3581 inea)
597 3546 696 3574 vertice
711 3547 818 3582 pungit,
836 3546 915 3574 Nunc
929 3543 1020 3572 fimilis
1033 3542 1145 3570 calatho.
1164 3545 1182 3568 i.
1189 3542 1268 3578 supra
1274 3551 1345 3579 aper.
1357 3554 1390 3582 95
1405 3552 1473 3579 quae
1487 3546 1600 3574 calculos
1613 3545 1705 3574 colore
1723 3545 1860 3573 diltinCtos
1880 3555 1930 3582 pro
1943 3546 2125 3581 experimento
2140 3543 2270 3577 cuiusque
2292 3539 2313 3561 ·-'

306 3591 333 3610 ta
345 3590 368 3610 et
383 3585 461 3611 latior
472 3592 484 3610 e
508 3602 515 3609 .
584 3582 708 3609 Calathus
722 3581 769 3616 qli,
785 3582 851 3618 quod
864 3585 890 3608 in
904 3583 984 3617 capite
995 3580 1161 3607 columnarum
1169 3578 1294 3605 Corinthii
1306 3589 1346 3607 or—
1405 3589 1467 3607 nani
1479 3581 1586 3616 condit,
1612 3590 1641 3609 ac
1659 3582 1782 3617 supremo
1799 3582 1843 3609 die
1860 3583 1990 3618 separatos
2002 3580 2168 3611 dinumerat,
2186 3583 2266 3613 atque
2275 3575 2287 3595 ·“

307 3619 375 3645 dinis·
387 3619 548 3655 conspicitur.
583 3618 689 3644 Vitruu.
703 3626 732 3650 4,
746 3626 755 3644 ι
771 3627 794 3652 p.
809 3620 839 3644 61
859 3618 921 3644 Eius
939 3614 1048 3652 capituli
1067 3614 1151 3650 prima
1171 3613 1292 3641 inuentio
1309 3615 1343 3642 fio
1406 3624 1459 3651 que
1471 3617 1637 3652 pronunciat.
1673 3616 1748 3651 Quid
1755 3617 1827 3653 quod
1841 3617 1888 3645 iste
1900 3616 1996 3644 calculi
2007 3614 2120 3642 candore
2129 3615 2177 3641 illo
2190 3612 2250 3640 laud

309 3661 470 3682 memoratur
483 3654 531 3681 esse
545 3653 621 3680 facta.
659 3653 743 3687 Virgo
756 3653 823 3679 ciuis
829 3652 970 3680 Corinthia
1173 3649 1249 3676 Tum
1264 3650 1346 3678 Calli·
1407 3651 1496 3686 ginem
1515 3653 1580 3680 mali
1591 3653 1694 3680 habuit.
1766 3653 1832 3680 Plin.
1852 3652 1929 3688 Epist.
1943 3653 1969 3684 6,
1982 3659 2004 3678 11
2029 3651 2053 3677 O
2066 3650 2137 3677 diem
2157 3650 2253 3676 laetum
2260 3646 2295 3680 ,-ἱῚ

310 3690 415 3716 machus
450 3704 495 3711 ——
530 3688 690 3724 praeteriens
707 3687 756 3714 hoc
768 3696 987 3720 monumentum,
1004 3684 1191 3713 animaduertit
1204 3693 1264 3712 eum
1279 3686 1346 3713 cala·
1407 3696 1459 3722 que
1471 3689 1540 3716 mihi
1553 3688 1732 3716 candidiffiino
1743 3684 1851 3716 calculo.
1891 3686 1949 3715 Vid-
1961 3685 2077 3713 Manial·
2090 3691 2113 3719 8³
2126 3694 2159 3721 45
2179 3686 2253 3712 Hanc
2264 3683 2292 3710 ¹¹¹

309 3725 402 3756 thum,
440 3731 466 3752 et
495 3725 566 3752 circa
597 3724 735 3757 foliorum·
757 3723 903 3750 nascentem
935 3722 1117 3754 teneritatem,
1150 3719 1511 3757 dele&atusqueioogemma
1522 3731 1606 3752 notet,
1653 3726 1687 3751 Vt
1703 3725 1746 3752 hic
1763 3723 1892 3759 gemmam
1903 3722 2003 3758 firmia·
2035 3724 2073 3748 ita
2091 3724 2246 3758 margaritas
2263 3716 2322 3745 adlit

310 3768 405 3795 genere
434 3766 460 3786 et
491 3761 596 3787 formae
631 3759 751 3787 nouitate
784 3757 816 3785 ad
841 3758 870 3785 id
893 3758 1028 3794 exemplar
1054 3756 1188 3785 columnas
1207 3755 1275 3791 apud
1294 3758 1345 3784 Co·
1408 3759 1473 3786 Silii.
1487 3769 1516 3794 4,
1529 3762 1595 3793 6,18
1611 3760 1636 3788 Ο
1648 3759 1720 3787 bona
1738 3768 1792 3787 nox
1825 3768 1872 3779 -ι
1911 3756 2055 3791 Erythralis
2074 3755 2211 3785 Thetidos
2229 3749 2349 3789 fignanth‘

308 3795 424 3823 cinthios
437 3795 516 3829 fecit,
533 3803 578 3823 etc.
1408 3793 1450 3821 lis.
1502 3795 1571 3823 Adel.
1584 3797 1663 3824 Mart.
1682 3804 1710 3829 9,
1723 3803 1761 3829 53,
1773 3803 1806 3828 4:
1826 3795 1956 3834 inprimis
1976 3800 2014 3826 12,
2029 3801 2061 3827 34
2082 3793 2113 3820 Et
2126 3792 2144 3820 fi
2159 3789 2271 3820 calculus
2289 3795 2333 3814 om

2326 3523 2335 3551 ἴ,

344 3836 640 3871 cA1.ATH18CVS·
659 3829 761 3857 Dimin.
781 3827 957 3869 [καλαθίσκςε]
977 3828 1174 3861 catull.65,310
1191 3827 1259 3854 Ante
1270 3826 1348 3868 pedes
1409 3835 1436 3857 et
1450 3829 1514 3858 illuc
1527 3831 1654 3860 Diuersus
1671 3830 1775 3858 bicolor
1794 3837 1828 3856 ue
1847 3827 1998 3862 digeratur,
2022 3829 2116 3855 vincet
2134 3825 2243 3855 candida
2254 3821 2351 3852 turbt·

309 3871 398 3893 autem
412 3864 545 3894 candentis
556 3866 650 3901 molli—a,
663 3866 737 3893 lanae
773 3864 880 3892 Vellera
903 3865 1002 3898 virgati
1023 3863 1189 3891 custodibant
1205 3862 1346 3890 calathisci.
1409 3874 1475 3892 rem.
1687 3863 1710 3903 q
1729 3872 1744 3897 ς
1775 3838 1880 3891 Calculi
1899 3866 1974 3890 etiam
1992 3871 2130 3898 vocantur,
2159 3863 2245 3900 quibus
2259 3862 2288 3886 in
2304 3866 2327 3884 r

314 3900 373 3930 νῆά,
386 3901 527 3934 Petron.4i
544 3901 587 3928 uhi
599 3901 886 3930 calathiseumvuarum
897 3902 972 3926 etiam
970 3896 1176 3937 fig'uradaclarat
1183 3899 1347 3926 num-nnus.
1359 3908 1402 3936 ¹05
1410 3899 1529 3928 ducendis
1534 3899 1704 3942 parandique
1715 3899 1863 3931 utebantur,
1881 3901 1926 3935 qui
1942 3899 2028 3927 valent
2046 3903 2165 3932 omenes,
2193 3893 2312 3925 accarim·
2344 3935 2346 3940 .
2444 3895 2454 3910 ⁵·
