2474 4182
473 116 762 156 CON

93 219 147 238 non
160 207 318 236 conueniunt
331 205 386 232 istis
401 204 504 232 viribus
524 205 603 232 Ouid.
620 205 683 231 Met.
696 212 720 234 2,
733 210 774 236 54.
845 203 911 230 Cato
924 207 940 230 6
961 206 1085 232 Caeterae
1093 205 1134 232 vi..

94 253 145 278 tes,
165 250 191 271 et
209 244 240 270 de
261 242 301 268 his
321 242 452 268 miscellae
471 242 600 271 maxime,
621 241 649 265 in
684 238 806 272 quemuis
836 248 928 273 agrum
961 243 1133 268 conueniunt.

92 283 160 308 Cato
173 288 201 306 21
219 279 256 304 Eo
271 278 381 304 fistulam
397 277 510 303 ferream
524 276 637 306 indito,·
651 283 717 308 quae
732 275 759 300 in
780 274 966 302 columnellam
985 278 1134 307 conueniat,

93 323 119 344 et
133 316 161 342 in
174 323 276 349 cupam.
347 313 481 339 Conuenit
494 312 592 345 optime
603 309 634 336 ad
650 309 742 343 pedem
755 311 898 337 cothurnus
926 312 981 338 Cic.
998 312 1029 338 de
1044 313 1132 340 Finib.

92 361 115 385 3,
129 358 172 385 49.
463 347 586 381 Aliquem
604 346 762 377 conuenire,
785 345 817 379 est
832 357 857 372 121
870 350 909 373 ius
923 357 1018 373 vocat-c.

92 388 121 414 in
134 386 151 412 l.
167 385 293 411 Neratius
306 385 337 411 D.
350 384 382 409 de
395 382 470 417 relig.
484 388 509 408 et
523 382 596 407 finnt.
610 380 698 406 funer.
716 382 742 407 Si
755 390 820 408 vero
833 383 901 408 alius
914 384 1057 414 funerauit,
1065 384 1133 417 polle

90 430 150 448 eum
165 421 289 447 maritum
303 419 454 446 conuenire.
522 415 685 448 Conucniri,
706 420 732 442 in
748 421 788 443 ius
802 421 888 444 uocari
906 418 1062 452 Papinianus
1078 418 1131 444 inl.

92 457 184 491 capitis
198 457 229 482 D.
243 456 275 482 de
288 455 397 481 fideiufl',
459 451 580 484 *Ac‘tione
593 453 731 478 conueniri
760 454 817 487 le.
832 454 859 478 in
874 454 890 479 l.
906 462 918 485 3
929 453 951 490 9.
967 456 1132 488 Qiacunque

91 493 123 520 D.
137 493 169 518 de
182 490 365 518 iureiurando.
437 489 478 514 Sic
499 486 556 520 le.
573 487 600 512 in
618 487 634 513 l.
655 487 672 513 ss
693 495 892 522 procuratorem
910 486 933 525 9.
948 488 965 514 ii
982 490 1132 522 ignorantes

94 136 178 172 1229

92 529 125 555 D.
138 527 272 559 Mandati,
292 526 339 552 Sed
353 531 378 551 et
391 524 409 550 fi
423 521 513 549 testato
529 530 707 549 conuenerunt
722 524 888 557 debitorem,
905 529 934 549 vt
954 524 972 549 ti
986 526 1040 558 ipse
1059 531 1132 558 puta-
1143 531 1177 551 ⁴10

93 569 150 595 ret,
168 563 308 597 appellaret
322 572 327 587 z
363 565 426 594 puto
439 557 570 584 rationem
584 559 620 586 eis
634 559 759 586 constare.
832 559 978 586 Conueniri
995 561 1023 586 in
1042 561 1132 585 vsuras

92 599 153 633 le.
176 598 193 624 l.
218 598 343 631 Idemque
361 600 386 621 et
407 591 430 628 §.
446 592 472 619 Si
488 601 643 626 procurator
655 596 686 620 D.
700 595 816 621 Mandat.
830 595 871 622 vel
887 601 971 622 contr.
1042 595 1092 621 Pro
1104 604 1133 621 re

91 633 180 668 aliqua
194 632 334 660 conueniri
351 629 452 657 Paullus
468 629 497 654 in
509 630 525 655 l.
541 630 567 656 Si
581 630 692 657 mandat.
707 629 850 667 §.Paullus
864 630 998 665 respondit
1011 631 1132 657 vnumD.

90 669 218 697 Mandati.
289 669 379 699 Nempe
400 667 536 700 generatim
560 667 712 692 Conuenire
734 667 849 701 aliquem
868 666 901 699 est
918 667 1017 702 alloqui.
1064 667 1133 693 Ter.

91 705 188 732 fleam,
203 713 231 737 4,
246 711 271 738 7,
286 710 313 734 23
335 701 383 726 Dic
399 701 563 733 conueniss’e,
584 702 661 735 cgifl'e
674 702 705 728 dc
719 703 827 737 nuptiis.

92 749 118 773 2,
133 749 158 772 ις
178 739 256 767 Nihil
278 745 385 767 moror,
407 736 515 762 molesta
541 737 566 763 ei
591 738 638 763 effe
661 738 741 770 nolo,
761 739 817 772 post
840 746 999 764 conuenere.
1076 738 1133 764 Cic.

90 776 161 803 Fam.
171 783 192 809 ς,
207 784 228 802 11
249 774 373 806 Eamque,
397 771 414 798 li
434 781 500 806 opus
525 773 573 798 cll'e
596 773 748 805 videbitur,
769 774 936 800 conueniani.
1010 773 1134 806 Nonius,

87 811 257 845 Interpellare
268 811 450 842 intrepi-statur
464 817 492 841 4,
505 810 548 840 96.
638 809 792 835 Conucnirc
805 815 830 835 et
844 808 964 844 colloqui
982 809 1051 835 Ter.
1067 810 1132 835 Eun.

88 856 112 880 3,
127 855 149 879 2,
163 855 201 879 14.
287 844 419 870 Postumia
432 849 477 869 tua
490 853 532 870 me
544 845 669 871 conuenit
687 845 743 871 Cic.
759 846 829 871 Fam.
843 854 870 877 4,
883 854 907 870 2.
998 844 1060 870 Eius
1075 854 1136 871 con-

89 881 213 909 veniendi
238 879 335 907 habere
357 879 509 914 potestatem
540 879 607 913 Nep.
629 888 654 915 7,
673 889 699 912 9,
720 888 741 911 ς.
789 915 794 919 ¹

92 916 198 945 venerea
211 916 312 942 dicitur.
383 914 512 941 Clunibus
526 918 687 942 conueniunt
707 924 796 942 aranei
811 924 816 939 :

87 953 152 981 Ptin.
164 960 197 985 11,
211 961 247 985 24
259 952 276 977 s.
291 960 330 984 29.
402 951 506 977 Lucrct.
522 959 547 982 2,
561 959 606 982 921

243 987 347 1014 Scilicet
362 992 390 1014 vt
404 992 535 1021 nequeant
555 986 688 1017 homines,
705 992 839 1019 armenta,
860 987 1002 1022 feraeque,

242 1025 315 1050 Inter
329 1023 353 1048 se
369 1022 467 1048 nullam
483 1031 539 1048 rein
552 1022 658 1056 gignere
674 1022 862 1048 conueniundo

241 1060 289 1086 Per
303 1059 412 1085 Veneris
425 1066 480 1090 res,
498 1064 571 1084 extra
585 1057 721 1090 homines,
741 1065 874 1090 armenta,
896 1058 1028 1093 ferasque.

88 1094 170 1122 Ouid.
185 1095 241 1121 Art.
257 1103 279 1127 3,
293 1100 336 1127 58,-
356 1095 415 1120 Hoc
429 1094 480 1125 est,
497 1102 591 1120 vxores
606 1093 677 1128 quod
692 1103 745 1120 non
759 1095 873 1128 patiatur
892 1095 975 1120 amari
989 1105 995 1120 :
1032 1094 1137 1119 Conue-

86 1131 163 1157 niunt
178 1131 250 1163 illas,
269 1139 329 1157 cum
352 1129 477 1161 voluere,
498 1129 560 1155 viri.
633 1129 765 1155 Constitui
778 1139 837 1156 cum
850 1129 964 1164 quodam
978 1129 1081 1163 hospite
1092 1138 1134 1155 me

85 1167 135 1193 esse
155 1167 231 1193 illum
251 1172 440 1192 conuenturam
467 1165 536 1191 Ter.
558 1166 621 1191 Hec.
637 1173 646 1190 1
656 1184 664 1197 ‚
678 1173 694 1191 2
707 1173 770 1191 extr.
844 1165 948 1199 Cupido
960 1165 1077 1191 cubiculi
1092 1175 1134 1191 cu·-

84 1202 171 1230 {todia
186 1201 357 1228 coercebatur
371 1201 483 1231 acriter,
503 1210 535 1226 ne
549 1210 609 1227 cum
622 1201 667 1227 sua
684 1202 772 1235 cupita
788 1201 943 1228 conueniret
977 1201 1053 1234 Apul.
1066 1202 1134 1228 Met.

86 1240 265 1273 6p.i77‚38.
472 1272 477 1276 .
550 1275 646 1279 ..
800 1275 845 1279 Η
920 1272 926 1276 .

87 1274 151 1300 nob.
167 1274 184 1300 l.
198 1281 223 1308 7.
295 1274 332 1299 Dr
344 1272 529 1299 Conuentibus
543 1272 660 1299 zuralzczs
668 1279 715 1307 per
726 1280 874 1308 prouincias
895 1272 951 1298 Cic.
967 1273 1044 1299 Verr.
1058 1281 1087 1305 2,
1105 1279 1134 1305 38

86 1308 240 1336 Aduersarii
258 1308 398 1343 postulant,
411 1314 439 1335 vt
459 1309 487 1334 in
508 1316 565 1334 eam
587 1316 643 1335 rem
656 1307 757 1334 iudices
768 1308 862 1335 dentur
874 1316 905 1333 ex
919 1308 952 1334 iis
965 1308 1133 1342 ciuitatibus,

87 1354 154 1380 quae
169 1345 197 1371 in
211 1344 238 1370 id
252 1345 342 1370 forum
355 1344 519 1370 couenircnt.
610 1343 676 1370 Plin.
689 1352 711 1376 3,
726 1352 738 1376 3
753 1344 771 1370 s.
787 1354 815 1377 4,
829 1353 842 1375 3
868 1343 1054 1377 Carthaginem
1072 1354 1132 1371 con-

85 1381 197 1408 veniunt
209 1380 300 1415 populi
312 1380 397 1412 LXV,
416 1379 494 1406 eodem
502 1378 637 1415 J}·›fie‚quo
649 1379 759 1410 dixerat,
767 1379 924 1405 Tarracone
936 1378 1079 1414 disceptant
1087 1390 1132 1414 po-

85 1416 147 1452 puli
172 1417 257 1443 XLIII
283 1422 329 1442 ccc.
379 1415 437 1442 Vid.
459 1420 674 1442 CONVENTvs.
873 1411 893 1451 Ἴ
922 1422 935 1447 ,-

852 916 959 950 pariunt
975 916 1135 942 vermiculos

86 1488 161 1514 istam
176 1487 335 1514 conuenibo.
442 1484 506 1518 Pqffl
544 1485 599 1511 Sen.
614 1483 645 1510 de
659 1484 820 1511 Breu.Vitae
834 1494 864 1519 14
887 1485 975 1512 Nodte
990 1488 1131 1514 conueniri

86 1529 112 1549 et
127 1523 244 1550 interdiu
256 1522 290 1549 ab
303 1522 426 1548 omnibus
439 1519 596 1546 mortalibus
610 1520 721 1554 possunt.
802 1522 858 1547 Cic.
871 1522 925 1548 Att.
941 1527 971 1555 8,
988 1531 1010 1548 11
1029 1524 1131 1550 Verum

86 1567 169 1594 quum
183 1558 270 1585 habeo
283 1559 413 1585 rationem
428 1556 530 1582 dierum
539 1575 547 1588 ,
567 1562 626 1581 ante
639 1562 703 1590 puto
717 1557 927 1584 transmiffiffum
936 1577 943 1589 ,
964 1567 1042 1592 quam
1054 1565 1131 1594 potu-

83 1594 136 1621 erit
148 1593 292 1620 conueniri.
1036 1595 1041 1599 '

84 1629 213 1656 venienda
224 1629 293 1654 loco.
385 1628 465 1661 Saepe
487 1627 668 1653 vnanimitatis
681 1632 741 1653 tuae
754 1628 874 1655 sermone
887 1631 1036 1657 conuenior
1059 1631 1131 1663 Sym-

82 1664 166 1691 mach.
180 1664 258 1699 Epist.
274 1672 293 1696 1,
308 1666 333 1689 6.
405 1663 474 1689 ΑΜ.
487 1663 524 1688 ld.
538 1671 565 1695 9,
579 1671 606 1688 21
621 1668 644 1688 et
657 1671 697 1694 30.
937 1667 954 1691 6
983 1667 1129 1699 Conuenit,

82 1700 207 1735 [συνήκα,
218 1700 314 1734 erpino,
327 1698 449 1733 καθήκει]
487 1698 660 1733 Imprrfhnale,
679 1701 698 1724 i.
718 1698 804 1725 decens
817 1706 841 1725 at
854 1703 1000 1727 conueniens
1006 1701 1048 1734 est.
1071 1703 1102 1728 Τ
1103 1711 1129 1728 e.

81 1742 150 1763 rent.
172 1736 235 1762 Eun.
258 1743 286 1767 3,
299 1732 329 1767 z,
343 1743 373 1767 41
394 1734 472 1760 Haud
485 1734 610 1760 conuenit
623 1743 674 1760 vna
688 1734 729 1760 ire
753 1743 813 1761 cum
837 1736 922 1762 amica
938 1737 1128 1771 imperatorem

83 1781 112 1798 in
124 1780 176 1798 via.

84 1807 179 1839 nobis,
194 1806 313 1842 periculo
327 1805 374 1832 vlli
389 1806 542 1833 submittere
556 1806 674 1831 animum
687 1805 814 1832 nostrum.
931 1809 1035 1835 Lucret.
1051 1818 1072 1840 2,
1087 1815 1128 1840 821

85 1842 270 1870 Conueniebat
283 1842 370 1875 enim,
389 1849 602 1878 ceruosflquoque
615 1842 690 1875 saepe
704 1840 822 1868 volantes
843 1843 879 1868 Ex
894 1843 961 1870 albis
969 1844 1059 1871 album
1067 1854 1129 1879 pen»

83 1880 125 1906 nis
147 1878 245 1905 lauare
266 1878 398 1910 colorem,
417 1876 476 1904 εἰκός
489 1879 523 1907 ἢν.
597 1877 662 1903 Non
681 1878 807 1904 conuenit
826 1879 912 1912 enim,
932 1889 1016 1915 quum
1031 1890 1081 1915 ego
1094 1880 1127 1908 ad

83 1913 290 1950 promerendum
310 1912 429 1940 officium
448 1920 502 1940 tam
515 1913 616 1939 fuerim
628 1912 774 1947 expeditus,
783 1923 830 1940 vos
844 1914 876 1940 ad
889 1916 1056 1943 referendam
1072 1926 1128 1951 gra-

83 1952 150 1978 tiam
182 1951 230 1976 esse
261 1949 391 1976 tardiores
421 1948 590 1975 Pseudo-Cic.
603 1954 690 1983 anteq.
703 1949 756 1975 iret
769 1949 797 1975 in
814 1950 874 1976 exil.
889 1953 913 1977 6.

86 1986 228 2018 conuenit,
248 1992 277 2012 vt
310 1986 356 2020 qui
378 1985 407 2011 in
426 1985 505 2012 rebus
524 1983 654 2018 improbis
673 1985 812 2019 populares
829 1986 946 2020 fuerint,
965 1988 1062 2021 iidem,
1084 1996 1130 2016 etc.

84 2023 147 2058 Cic..
160 2021 272 2056 Philipp.
291 2028 322 2055 7,
341 2031 368 2054 4.
477 2020 629 2057 Cogitaffe2
644 2020 710 2055 quid
723 2022 838 2048 maxime
852 2024 1008 2052 conueniret
1034 2025 1103 2052 Cels.
1120 2034 1131 2051 1

83 2057 168 2093 praef.
257 2055 403 2090 Quomodo
416 2055 525 2083 morbos
540 2065 630 2082 curare
644 2057 786 2083 conueniat
805 2057 844 2084 Ib.

121 2098 455 2124 CONVEN1ENDVS‚
489 2101 520 2124 a,
555 2101 608 2119 um.
664 2092 720 2119 Cic.
750 2094 821 2119 Fam.
839 2102 863 2124 1,
879 2099 892 2124 8
928 2095 1058 2122 Nostrum
1079 2095 1130 2122 stu.

86 2128 162 2156 dium
176 2128 285 2155 exstabit
298 2128 326 2154 in
340 2127 528 2154 conueniendis
542 2127 744 2162 magistratibus.

85 2171 130 2196 vt,
150 2165 220 2191 Inter
231 2165 257 2190 se
269 2163 451 2191 conueniendo
463 2164 574 2197 gignunt
586 2169 703 2189 armenta
722 2163 825 2188 Lucret.
834 2171 859 2194 2,
867 2172 924 2195 9²1-
1022 2165 1129 2199 leian.

84 2200 104 2226 1.
118 2199 243 2234 Idemque
256 2206 282 2226 et
293 2198 316 2236 §.
330 2199 426 2225 vltimo
448 2199 479 2224 D.
495 2198 629 2230 Mandati,
651 2198 678 2224 Si
698 2197 780 2223 modo
802 2197 897 2225 habuit
914 2198 1067 2227 facultatem
1088 2200 1132 2227 rei

83 2234 275 2267 conueniendi,
290 2233 506 2268 desiderandique
517 2238 561 2264 vt,
579 2240 625 2260 etc.

121 2275 138 2296 C
150 2276 169 2297 ο
178 2277 200 2296 Ν
210 2276 230 2296 V
238 2276 255 2296 Ε
263 2277 284 2296 Ν
294 2277 327 2296 1E
336 2276 358 2296 N
367 2275 380 2295 S
388 2287 402 2302 ,›
418 2269 493 2295 entis.
511 2269 579 2295 Part.
621 2269 667 2301 Vt,
685 2268 955 2303 Copiaagricolarum
968 2272 1130 2298 conueniens

83 2314 117 2332 ex
129 2306 204 2332 omni
217 2311 290 2339 parte
314 2306 421 2331 Lucret.
437 2307 463 2336 6,
480 2312 547 2337 ¹259-

83 2341 153 2367 tium
165 2338 197 2368 ad
212 2342 236 2367 se
250 2350 337 2367 mores
352 2340 512 2374 adstringere
527 2339 562 2365 est
577 2340 755 2374 praeceptoris
775 2341 1010 2378 Qiinffil.2,2pr.
1079 2344 1130 2368 Be-

83 2386 117 2403 ne
130 2377 315 2403 conuenientes
329 2376 475 2410 propinqui
495 2375 550 2402 Cic.
563 2375 616 2401 Off.
633 2383 651 2407 13
660 2380 689 2408 58
702 2384 770 2410 c.17.
791 2379 810 2402 i.
818 2377 962 2404 Concordes.
1033 2376 1090 2402 Cic.
1099 2376 1131 2403 de

84 2413 192 2440 Amicit.
209 2420 237 2447 17
258 2412 337 2439 Nihil
350 2411 386 2438 est
400 2412 471 2438 enim
487 2417 540 2437 tam
553 2417 661 2437 naturae
674 2417 780 2445 aptum,
798 2418 852 2438 tam
866 2411 1028 2438 conueniens
1042 2411 1074 2438 ad
1090 2421 1132 2439 res

83 2448 128 2476 vel
140 2449 262 2475 secundas
275 2448 319 2474 vel
333 2447 468 2479 aduersas,
487 2447 512 2473 h.
526 2457 546 2472 c.
559 2450 660 2481 ap‘tum,
680 2447 895 2473 accommodatum.
966 2447 1056 2473 Motus
1064 2457 1132 2474 -con-

82 2484 219 2511 venientes
238 2484 342 2509 Luc-ret.
357 2491 376 2515 1,
390 2487 459 2512 1028.

81 2520 142 2547 Ibin
153 2524 209 2553 4382
281 2519 404 2552 Tempus
417 2517 494 2552 operi
513 2517 594 2544 Ouid.
610 2525 642 2542 ex
655 2518 729 2543 Pont.
744 2525 766 2548 3,
778 2525 805 2549 9,
817 2519 857 2549 36.

81 2565 103 2581 c.
118 2563 154 2588 40
174 2554 254 2581 Talis
269 2554 304 2581 est
319 2554 402 2588 igitur
416 2552 484 2579 ordo
503 2551 640 2578 actionum
660 2551 841 2585 adhibendus,
859 2556 888 2579 v‘t
906 2554 1130 2588 quemadmodum

79 2590 110 2618 in
123 2591 245 2618 oratione
260 2589 402 2621 constanti,
414 2588 446 2614 fic
460 2589 488 2614 in
501 2588 556 2613 vita
569 2588 660 2614 onmia
674 2587 722 2614 tint
736 2594 795 2622 apta
809 2589 878 2615 inter
892 2590 918 2615 se
932 2595 958 2616 et
972 2591 1130 2619 conuenien-

80 2626 126 2653 tia.
199 2626 257 2653 Sibi
269 2624 456 2652 conuenientia
468 2623 536 2658 finge
552 2624 620 2650 Hor.
634 2623 666 2650 de
681 2624 745 2651 Arte
758 2626 831 2651 Poet.
846 2633 897 2658 119.
967 2626 1052 2653 Modo
1067 2636 1128 2654 con-

79 2662 201 2690 venienti
220 2663 325 2689 Lucret.
339 2670 364 2697 2,
377 2669 434 2693 939.
504 2658 572 2686 Pede
584 2660 755 2688 conuenienti
773 2659 847 2687 Idem
860 2668 957 2696 4‚792.

80 2707 110 2726 re
124 2699 250 2733 personae
263 2696 451 2725 conuenientia
477 2696 544 2722 Hor.
561 2695 589 2722 A.
604 2696 629 2722 P.
644 2698 695 2727 316.
791 2697 960 2724 Conuenicns
973 2696 1079 2725 homini
1093 2699 1130 2726 cst

79 2734 218 2762 hominem
230 2735 334 2762 seruare
347 2733 470 2766 voluptas
497 2731 578 2758 Ouid.
593 2740 623 2758 ex
636 2733 711 2758 Pont.
727 2740 753 2764 2,
767 2740 793 2765 9,
809 2741 849 2765 93.
966 2734 1040 2767 Quid
1054 2735 1126 2762 faCto

76 2771 278 2798 conuenientius
298 2769 447 2801 Valer.3,3‚
457 2776 476 2794 1.
546 2767 826 2795 C<5n11enientissiimuu
841 2768 913 2795 bono
925 2769 982 2803 ciui
998 2770 1066 2802 Plin.
1076 2772 1122 2806 Ep.

77 2815 102 2840 3,·
120 2811 155 2836 18-
225 2806 331 2834 Parenti
342 2805 451 2841 publico
469 2803 742 2831 conuenientissimum
759 2803 826 2831 Plin.
842 2805 935 2839 Paneg.
950 2814 971 2832 c.
981 2810 1021 2841 87.
1058 2808 1128 2834 Con.

77 2842 269 2870 venientiffima
281 2849 390 2870 nemora
411 2839 543 2867 Columel.
557 2847 584 2875 7,
597 2849 624 2874 4.
876 2858 883 2865 .

64 2882 66 2887 ¹
118 2885 136 2906 c
147 2886 166 2907 o
177 2886 197 2905 N
210 2885 231 2904 v
240 2886 257 2906 E
268 2886 308 2906 Nl
317 2886 333 2906 E
342 2884 395 2905 NT
404 2884 459 2904 ER.
479 2876 547 2902 Adu.
583 2875 780 2913 [πρεσηκὸντως]
818 2875 873 2903 Cic.
888 2876 968 2903 Acad.
983 2887 1012 2912 4,
1049 2899 1056 2906 .
1093 2899 1099 2906 .
1121 2899 1127 2906 .

78 2914 146 2943 Non
159 2915 230 2941 enim
245 2914 330 2950 potest
341 2913 531 2940 conuenienter
545 2911 615 2945 dici,
634 2912 704 2940 nihil
724 2912 913 2947 comprehendi
931 2914 1010 2948 posse.
1082 2915 1128 2942 Vi-

73 2959 142 2978 vere
154 2952 344 2978 conuenienter
354 2955 462 2976 naturae
486 2948 543 2975 Cic.
562 2949 614 2975 Off.
634 2957 658 2982 3,
671 2958 705 2981 13.
800 2949 985 2983 Congruenter
1017 2956 1126 2978 naturae

79 2987 320 3022 conuenienterque
332 2986 426 3012 viuere
443 2984 499 3012 Cic.
513 2984 545 3010 de
558 2983 616 3011 Fin.
632 2993 652 3017 3,
666 2987 700 3011 26
711 2994 732 3010 c.
746 2992 772 3019 7.
841 2984 911 3012 Add.
929 2986 997 3012 Hor.
1010 2987 1090 3021 Epist.
1105 2996 1125 3020 1,

928 2518 985 2545 Cic.
1000 2519 1052 2545 Off.
1063 2528 1129 2553 1,151

81 3030 111 3049 10
137 3031 172 3049 12.

79 3066 97 3085 2
112 3042 121 3055 ⁵
144 3077 151 3084 .
189 3077 196 3084 .
231 3078 238 3085 .
346 3057 406 3083 Lin.
418 3065 459 3089 23,
472 3065 485 3089 ς
506 3057 612 3083 Morem
625 3058 708 3092 magis
721 3057 849 3091 loquendi
864 3067 923 3084 cum
942 3058 1020 3091 sociis
1040 3060 1126 3086 serua-

79 3077 126 3121 st⁷is
139 3093 281 3128 Campani,
301 3099 347 3120 etc.
366 3101 446 3128 quam
458 3092 648 3120 conuenienter
660 3092 693 3119 ad
705 3093 867 3128 praesentem
883 3094 1007 3121 fortunae
1020 3095 1125 3126 nostrae

79 3130 176 3157 statum
191 3128 274 3155 locuti
288 3128 355 3155 estis.
418 3128 421 3129 ⁷
445 3129 534 3154 Mores
547 3129 736 3156 conuenienter
749 3135 812 3155 eunt
833 3129 938 3162 studio,
956 3132 975 3156 i.
990 3132 1053 3157 tales
1060 3131 1125 3167 sunt

79 3175 158 3193 mores
171 3167 210 3191 tui
217 3184 226 3197 ‚
243 3166 313 3200 quale
326 3161 487 3197 est'studium,
499 3166 526 3190 in
540 3173 586 3199 quo
600 3174 720 3192 exerceris
740 3164 822 3191 Ouid.
836 3164 868 3191 de
877 3166 940 3192 Arte
954 3167 1014 3192 Am.
1027 3175 1055 3199 3,
1069 3175 1126 3200 545.

80 3202 194 3236 Compar.
214 3199 407 3227 Similitudines
420 3199 663 3235 exprimendiquae
675 3201 760 3235 prima
767 3200 852 3227 fuerit
859 3201 937 3236 origo
946 3221 954 3234 ,
971 3202 1000 3228 in
1007 3211 1037 3229 ea
1044 3211 1126 3237 quam
1142 3205 1170 3234 85

79 3237 204 3273 plasticen
212 3235 306 3262 Graeci
318 3241 430 3268 vocant,
449 3234 502 3261 dici
514 3237 716 3263 conuenientius
730 3237 781 3263 erit
799 3236 866 3263 Plin.
879 3245 922 3271 34,
931 3244 957 3272 7.

79 3271 329 3301 Conuenientiffime
347 3270 484 3306 Augustin.
498 3271 578 3305 Epist.
592 3281 614 3304 3.
682 3274 713 3298 it.
728 3272 760 3298 de
776 3272 805 3299 C.
818 3272 851 3299 D.
869 3277 903 3304 18,
917 3281 964 3306 44.

115 3316 133 3336 C
143 3316 162 3335 O
170 3315 192 3335 N
201 3313 221 3333 V
232 3314 249 3334 E
259 3314 280 3334 N
288 3315 298 3334 1
308 3314 324 3334 Ε
332 3314 356 3333 N
364 3314 386 3333 Τ
398 3313 408 3332 1
418 3313 440 3335 A
449 3326 459 3340 ‚
478 3314 517 3333 ae.
555 3307 578 3334 f.
609 3307 751 3341 [ὅμολογίσι
758 3327 765 3340 ,
790 3308 936 3343 ἓφοιρμογὴ]
972 3309 1125 3342 Similitudo,

80 3346 264 3381 Congruentia,
280 3343 420 3377 Pioportio.
457 3342 514 3369 Cic.
526 3342 578 3369 Off.
591 3350 612 3376 1,
625 3352 658 3376 14
671 3352 692 3370 c.
705 3352 725 3376 4
744 3342 858 3370 Nullum
871 3343 946 3371 aliud
957 3345 1056 3371 animal
1070 3346 1128 3380 pul-

81 3380 276 3411 chritudinem,
294 3378 472 3409 venustatem,
490 3379 705 3406 conuenientiam
725 3378 841 3413 partium
866 3379 953 3406 sentit.

79 3415 266 3444 conuenientia
280 3414 308 3441 in
321 3413 438 3440 amicitia
453 3413 503 3444 est,
523 3414 552 3440 in
565 3423 594 3441 ea
610 3414 750 3446 stabilitas,
768 3415 798 3440 in
810 3423 840 3441 ea
859 3415 1005 3443 constantia
1022 3417 1080 3444 Cic.
1093 3417 1126 3443 de

81 3452 189 3480 Amicit.
203 3459 259 3479 100.
330 3449 525 3476 Conuenientia
537 3451 756 3485 conseruatioque
769 3456 878 3477 naturae
902 3451 958 3478 Cic.
973 3451 1027 3479 Off.
1043 3461 1063 3485 1,
1079 3461 1126 3479 100

82 3498 104 3514 e.
120 3496 160 3523 27·
229 3485 426 3514 Conuenientia
443 3485 651 3520 coniune'tio'que
668 3492 777 3513 naturae
805 3486 861 3513 Cic.
879 3486 912 3512 de
924 3487 1017 3513 Diuin.
1031 3496 1058 3521 2,
1073 3496 1126 3521 124.

79 3524 199 3552 Naturae
212 3521 401 3550 conuenientia
413 3529 472 3547 cum
486 3520 552 3547 extis
571 3521 645 3548 Idem
657 3521 725 3549 ibid.
739 3530 766 3554 2,
773 3530 815 3555 34.
886 3521 1058 3558 Temporuin
1066 3532 1127 3550 con-

78 3559 215 3587 venientia
232 3559 289 3586 Cic.
304 3558 339 3584 N.
354 3558 384 3583 D.
399 3565 414 3583 2
427 3565 448 3582 c.
462 3564 500 3583 21.
728 3567 731 3570 ⁴

118 3601 136 3622 C
145 3601 164 3622 Ο
173 3593 195 3621 'N
204 3593 226 3630 ‘y‘
234 3593 280 3621 ΕΝ
289 3601 311 3620 A
320 3600 336 3620 E
345 3614 353 3626 ‚
373 3598 459 3620 arum.
479 3601 501 3618 c.
536 3592 699 3627 [συνῆλποι]
730 3593 782 3627 Qti
801 3601 831 3619 ex
843 3591 947 3627 diuerfis
954 3595 1056 3630 populis
1067 3604 1126 3631 gen-

1030 3239 1126 3275 Superl.

79 3631 192 3666 cibusque
203 3631 232 3655 in
241 3639 291 3657 una
303 3632 398 3656 moenia
411 3629 573 3659 conueniunt,
583 3626 704 3663 simulque
716 3627 862 3667 coalescunt.
898 3629 954 3656 Cic.
968 3630 1000 3656 de
1013 3631 1089 3657 Orat.
1104 3639 1125 3663 1,
1152 3654 1155 3656 .

50 3663 55 3667 ”
80 3675 114 3702 37
127 3675 149 3693 c.
162 3675 179 3699 9
205 3665 246 3690 An
262 3673 326 3696 vero
347 3663 400 3691 tibi
419 3662 549 3690 Romulus
568 3662 630 3696 ille,
649 3669 694 3690 aut
706 3662 820 3698 pastores
833 3670 858 3690 et
872 3672 1002 3692 conuenas
1017 3674 1125 3700 congre-

80 3703 163 3738 gasse,
183 3706 229 3728 aut
241 3698 399 3732 Sabiimrum
408 3719 417 3733 ,
433 3707 481 3726 etc.
551 3698 617 3725 Plin.
633 3706 656 3731 ς,
670 3706 699 3733 17
722 3699 754 3724 In
768 3698 840 3725 diem
853 3708 885 3725 ex
896 3708 982 3735 aequo
994 3710 1126 3728 conuena-

80 3743 142 3766 rum
156 3736 400 3763 turba‘renaseitur.

81 3772 154 3800 viat.
169 3771 202 3798 de
211 3771 270 3798 Vir.
283 3770 379 3799 nlustr.
391 3780 414 3798 2.
517 3771 607 3805 Aquae
625 3778 759 3799 conuenae
784 3769 868 3797 Solin.
881 3779 922 3803 30.
942 3795 947 3805 Ι
1016 3772 1124 3807 Serpen.

79 3815 119 3837 tes
141 3807 183 3835 Id.
205 3816 228 3834 c.
246 3808 295 3834 60..
362 3803 432 3843 St‘iig.
472 3807 605 3834 Ammian.
628 3813 663 3840 15,
687 3813 711 3838 13
748 3806 875 3832 Conuena
905 3805 1026 3842 vndique
1056 3809 1123 3835 mul-

59 3849 61 3851 '
77 3843 213 3873 titudine.-

115 3886 133 3907 C
141 3885 161 3907 0
172 3884 194 3905 N
204 3877 250 3905 ’ΨΒ
258 3884 280 3904 N
289 3883 311 3903 Τ
319 3882 331 3904 1
338 3882 358 3903 ο
366 3897 376 3910 ,
393 3877 462 3904 finis.
487 3879 509 3905 f.
545 3878 694 3912 [συνέλευσις
701 3895 709 3909 ,
728 3874 818 3903 airadvs
825 3894 834 3907 ,
853 3877 912 3904 Vet.
925 3876 1025 3912 Gloffi]
1062 3879 1120 3906 Fere

77 3915 108 3944 de
119 3913 234 3952 confinfia
246 3919 270 3941 a
276 3911 365 3951 pastis
377 3913 520 3950 ofin-pacm.
556 3914 661 3949 leian.
674 3913 706 3940 D.
720 3912 753 3939 de
763 3911 847 3940 Paetis
861 3912 878 3939 l.
894 3921 905 3939 1
919 3913 1171 3952 ,Conuentionis105
1182 3914 1284 3952 graphi.

1071 348 1130 382 le·
1154 354 1168 381 ς

913 702 994 728 l'laut.
1013 702 1097 729 Calin.
1112 711 1134 735 3,
1152 707 1177 733 15

813 880 967 906 Conuenite
982 883 1055 906 etiam
1067 881 1095 906 de
1111 890 1136 906 re
1149 890 1183 908 20

1169 1060 1179 1067 ¹
1197 1062 1321 1084 comanis.

337 1238 432 1263 Amant
446 1237 505 1262 suos
518 1237 604 1263 foetus
617 1242 642 1262 et
655 1236 792 1271 gignendis
806 1236 968 1263 conueniunt
981 1236 1072 1263 liberis
1087 1238 1135 1264 Ar·
1146 1241 1178 1265 30

971 1415 1131 1442 Conuenibo
1146 1417 1176 1443 33

44 1463 47 1466 ·
67 1452 174 1489 ‚futuro
194 1455 294 1487 antique
313 1448 408 1478 dietum
427 1451 511 1478 Plaut.
532 1449 615 1476 Cafin.
633 1457 654 1480 3,
669 1457 691 1480 2,
706 1453 732 1478 18
748 1448 803 1475 Vbi
815 1452 922 1484 nuptiae
934 1450 1052 1484 fuerint,
1073 1457 1130 1478 tum

20 1489 22 1499 l

363 1592 437 1627 Corzf.
453 1592 535 1618 Ouid.
551 1592 582 1617 A.
596 1592 627 1617 A.
643 1600 669 1623 z,
683 1600 733 1624 394
765 1592 830 1618 Non
851 1603 905 1620 vno
919 1593 955 1620 est
968 1603 1054 1621 omnis
1071 1602 1174 1627 con-40

265 1771 337 1797 Brut.
353 1769 399 1796 sub
414 1770 469 1796 Cic.
483 1771 554 1800 Faen.
572 1778 604 1802 11,
618 1778 630 1801 3
658 1770 754 1804 Neque
766 1771 837 1796 enim
851 1771 924 1799 decet
937 1778 982 1799 aut
1001 1774 1127 1801 conuenit
1135 1780 1168 1807 45

984 1951 1038 1985 Qui
1057 1953 1130 1979 enim
1143 1959 1175 1984 50

797 2130 829 2154 Et
844 2132 871 2154 in
878 2129 968 2164 forma
980 2131 1129 2166 gerundiua,
1147 2131 1175 2157 53

639 2304 802 2338 Disciplinae
815 2306 954 2333 seueritate
969 2306 1173 2334 conuenien-60

1176 2469 1181 2474 ,
1194 2446 1355 2479 brabantia,
1394 2448 1495 2476 iamdiu
1531 2452 1579 2477 effe
1606 2452 1746 2480 defierunt.

544 2482 628 2508 Sonus
639 2483 801 2508 conueniens
812 2481 844 2507 ad
862 2482 979 2508 formam
1004 2483 1086 2510 Ouid.
1101 2484 1130 2510 in
1143 2490 1175 2521 63

1029 2662 1129 2690 Redde-
1136 2673 1171 2700 70

1162 2845 1172 2853 ¹
1191 2851 1286 2869 numos
1306 2849 1412 2877 raptura
1426 2845 1550 2872 Celaeno.

241 3022 440 3050 Conuenienter
453 3020 552 3048 rationi
566 3026 591 3047 et
605 3020 748 3047 sententiae
762 3022 820 3047 suae
833 3020 920 3048 dicere
946 3022 1003 3049 Cic.
1019 3022 1051 3049 de
1065 3024 1084 3049 F
1086 3023 1123 3050 in.
1137 3024 1170 3050 80

1026 3382 1126 3408 Rerum
1134 3389 1170 3414 90

1138 3565 1171 3593 95
1187 3567 1298 3588 ventum
1318 3567 1394 3593 agere
1412 3557 1504 3585 solent.

1571 125 1605 164 C
1701 127 1737 166 O
1822 129 1865 168 N

1197 204 1443 247 vei-buinaegenerale
1458 208 1493 234 est
1507 208 1539 236 ad
1552 213 1641 240 omnia
1654 216 1803 249 pertinens,
1825 216 1857 243 cle
1869 217 2071 256 quibusncgotii
2085 230 2227 259 conti-alien

1198 241 1225 266 di
1240 242 1451 281 tranligeiidique
1465 247 1538 271 causa
1554 249 1735 284 consentiunt,
1754 253 1801 286 qui
1815 253 1886 280 inter
1900 255 1925 279 se
1938 252 2025 289 aguni.
2066 263 2138 290 Adeo
2152 252 2239 294 ausen}

1199 283 1385 316 conuentionis
1409 287 1505 304 nomen
1525 284 1644 314 gencrale
1663 285 1714 318 est,
1735 296 1763 313 vt
1785 288 1917 323 eleganter
1931 290 1999 317 dicat
2011 294 2102 321 Pedius
2136 302 2238 329 nullum

1198 312 1247 351 elle
1261 312 1440 353 conti-aetum,
1459 315 1559 342 nullam
1573 318 1776 356 obligationem,
1796 333 1864 357 quae
1877 334 1931 351 non
1944 325 2037 353 habeat
2052 330 2079 355 in
2091 318 2117 358 se'
2128 344 2240 363 con-1311.

1198 348 1370 387 tionem,iiuc
1385 358 1430 388 re,
1449 348 1501 375 ssue
1514 352 1604 383 „verbis
1618 354 1670 381 fiat.
1744 359 1778 385 Ea
1800 360 1954 387 conditione
1975 362 2071 390 faelam
2086 356 2227 398 conticinio

1198 391 1276 413 nem,
1296 386 1314 408 11
1329 383 1408 410 nullis
1421 393 1452 410 ex
1463 394 1506 425 ine
1522 387 1642 427 susceptis
1658 391 1748 418 liberis
1762 394 1817 420 vita
1837 395 2001 426 dezniaraffct
2033 400 2110 433 Apul.
2126 405 2191 437 Apol
2232 391 2239 394 ¹

1197 426 1245 449 331·
1335 420 1488 459 Conuentio
1502 422 1607 461 publica
1622 425 1674 457 cst,
1694 436 1761 460 quae
1781 429 1809 455 tit
1824 439 1869 462 per
1888 424 1993 466 pacem,
2014 437 2118 467 quone«.
2135 426 2202 466 mter
2215 418 2240 468 {ie

1196 453 1273 492 duces
1282 453 1481 495 belli-quaedam
1491 457 1679 490 paciscunturl.
1689 463 1738 493 5dc
1747 464 1850 497 pactu
1906 467 1962 493 Seu.
1977 469 2009 494 de
2019 470 2124 498 Prouid.
2142 482 2157 499 2
2178 476 2229 503 For

1194 494 1226 514 tis
1236 494 1259 530 et
1269 497 1372 530 egregia
1387 491 1435 516 fati
1449 494 1594 532 conuentio
1602 492 1715 529 pastum,
1729 508 1774 532 quo
1782 504 1895 528 conuenit
1907 507 1972 529 inter
1982 506 2103 532 pen-cami
2116 515 2139 533 et
2149 495 2239 537 Iubam-

1195 532 1224 550 υι
1239 533 1265 565 111
1280 525 1367 550 ulnma
1381 526 1583 564 desperationrse
1596 537 1678 556 mutuo
1691 533 1866 568 interfici'rcnt.
1923 539 1970 564 Sed
1977 547 2025 574 pro
2038 551 2156 570 conuentu
2170 532 2242 572 eliani

1193 565 1299 594 ponitur
1326 569 1351 585 υ.
1365 570 1389 596 g.
1412 564 1625 590 Conucntioncni
1646 565 1758 599 habere,
1794 577 1817 595 et
1843 571 1882 597 Ad
1913 576 2118 604 conuentioneiu
2147 589 2241 608 vocare

1201 595 1275 636 Vari}
1292 593 1324 634 de
1338 595 1366 620 L.
1384 597 1412 622 L.
1428 605 1448 629 ς,
1463 607 1493 638 9..
1508 602 1525 624 1'.
1538 600 1572 625 ad
1590 609 1699 627 comum.
1745 606 1833 630 Lacum
1845 613 1921 633 tutum
1936 609 2022 636 <lunius
2038 615 2064 637 in
2085 614 2232 643 1LL1C1VM

1197 631 1239 657 SJc
1251 629 1357 669 I-ecistis
1372 639 1576 661 conuentionein
1597 637 1721 670 Cyprian.
1735 639 1814 672 Epist.
1828 649 1848 672 1,
1862 650 1881 672 3.
1953 646 2025 681 Cmf.
2042 650 2109 676 (ξονι.
2130 651 2163 677 ad
2182 638 2242 680 Sall*

1200 665 1278 701 Catil.
1293 674 1332 697 23,
1349 674 1358 691 1
1377 666 1420 691 vbi
1433 669 1508 703 legit,
1531 671 1591 697 Fuit
1606 673 1635 698 in
1648 682 1678 699 ca
1693 676 1871 702 conuentione
1886 679 1923 711 Q
1934 680 2037 707 Curius.
2235 673 2242 679 ⁹

1235 707 1251 728 c
1261 710 1280 730 0
1292 708 1313 727 N
1322 708 1343 727 v
1353 708 1369 728 E
1379 708 1400 727 N
1411 708 1449 728 '1'1
1460 711 1478 729 o
1488 711 1509 743 ixi
1520 713 1541 731 Α
1551 714 1567 732 L
1578 714 1608 734 is
1617 727 1625 739 ,
1644 717 1666 734 e.
1696 709 1757 735 Adi.
1794 712 1872 745 Apud
1891 714 1982 747 Ictus,
2004 724 2032 743 vt
2052 719 2241 754 stipulationes

1196 737 1213 763 l.
1228 745 1240 770 ς
1254 736 1279 762 ff.
1293 736 1324 762 de
1336 736 1416 764 Verb.
1434 739 1524 773 Oblig.

1233 778 1250 799 c
1261 780 1279 812 Q
1289 780 1309 798 N
1320 780 1339 798 v
1349 780 1365 799 Ε
1375 780 1396 799 N
1406 779 1492 813 ⁷1JVS,
1512 783 1537 807 a,
1557 785 1610 802 um.
1632 779 1725 805 Partic.
1763 780 1863 807 Sallust.
1877 783 1995 817 Iugurth.
2011 796 2051 814 112
2075 790 2153 825 Saepe
2167 800 2241 821 antea

1198 818 1256 835 cum
1271 808 1476 849 imperatoribus
1491 811 1616 837 Romanis
1630 822 1718 846 pacem
1739 823 1895 843 conuentam
1916 820 2019 847 frustra.
2091 827 2244 856 conflemus

1199 844 1234 870 est
1247 854 1261 884 a
1275 854 1316 884 uie
1333 846 1387 884 Cic.
1402 846 1454 871 Att.
1472 854 1506 878 15,
1522 855 1531 872 1
1541 854 1584 881 pr.
1656 849 1797 876 Conucnto
1815 854 1933 880 Antonio
1947 856 2050 884 Tiburi
2069 861 2107 887 Id.
2122 865 2151 888 16
2178 873 2189 895 3
2220 876 2234 891 r

1199 881 1312 906 Ianum-1
1320 888 1355 906 ait
1365 901 1371 912 ‚
1389 890 1454 915 opus
1468 883 1515 908 effe
1530 882 1578 908 sibi
1591 882 1702 909 domino
1716 885 1772 911 eius
1785 895 1916 915 conuento
1935 891 1994 917 Liu.
2010 901 2035 927 7,
2049 902 2069 926 ς.
2159 883 2165 895 ⁷
2187 872 2242 927 (ἐς.

1200 916 1253 942 Att.
1271 924 1308 948 10,
1322 925 1340 948 4
1358 916 1406 942 Sed
1415 926 1479 951 opus
1494 918 1546 944 fuit
1561 917 1653 944 Hirtio
1667 926 1807 946 conuento.
1878 925 1950 961 Conf.
1965 928 2046 954 Plaut.
2061 930 2116 957 Cas.
2130 942 2144 958 2
2169 940 2181 964 8
2210 919 2241 966 -3δ

1199 951 1263 977 Cist.
1279 960 1345 991 4,sp
1359 957 1395 983 38.
1469 953 1609 979 Conuenta
1626 954 1745 981 conditio
1762 955 1915 991 dicebatur,
1936 971 2016 995 quum
2037 953 2243 998 primus'sei-iiid

1200 986 1231 1012 de
1247 994 1345 1021 nuptiis
1360 994 1384 1013 ct
1398 996 1488 1014 earum
1502 990 1657 1016 conditione
1670 990 1824 1018 habebatur.
1860 994 1957 1021 Aueior
1973 999 2068 1026 Festus,

1237 1028 1253 1048 C
1268 1029 1286 1048 O
1300 1030 1319 1048 N
1330 1029 1350 1048 V
1359 1030 1375 1049 E
1386 1030 1407 1049 N
1416 1031 1437 1049 Τ
1447 1031 1465 1049 V
1476 1031 1500 1050 M
1509 1045 1516 1056 ,
1538 1025 1556 1050 i.
1578 1034 1604 1051 n.
1642 1027 1654 1059 [
1668 1026 1783 1059 σύνθημα
1795 1028 1808 1061 ]
1850 1029 1885 1054 Vt
1892 1030 1995 1063 pastum
2004 1053 2011 1064 ‚
2036 1037 2133 1071 ahquid
2149 1039 2178 1066 de
2214 1052 2244 1068 uo

1287 1093 1293 1098 ᾖ
1359 1059 1427 1084 Gell.
1442 1066 1481 1093 17,
1495 1070 1510 1092 9
1530 1061 1590 1086 Erat
1604 1069 1763 1088 conuentum
1777 1063 1847 1090 inter
1858 1072 1906 1090 eos
1922 1065 2117 1098 clandestinum,
2188 1050 2235 1103 gie

1199 1094 1230 1119 dc
1243 1094 1296 1120 Ost.
1313 1103 1332 1125 1,
1345 1103 1372 1125 3:
1386 1104 1407 1120 c.
1423 1103 1450 1120 10
1472 1096 1555 1122 Potest
1573 1096 1692 1123 accidere
1705 1099 1859 1131 promiffiun
1873 1099 1982 1135 aliquod
1996 1109 2022 1128 et
2035 1113 2190 1136 conuentum
2215 1097 2246 1139 vi

1199 1129 1226 1155 id
1246 1128 1315 1155 effici
1334 1129 1363 1155 sit
1383 1130 1477 1157 inutile
1497 1132 1537 1164 ci,
1560 1133 1607 1166 qui
1622 1134 1782 1166 promiserit.
1855 1135 1928 1162 Idem
1940 1137 1973 1163 dc
1986 1139 2059 1165 Orat.
2075 1148 2100 1172 π,
2115 1151 2159 1168 100
2173 1131 2247 1181 <2³24

1199 1165 1232 1191 At
1246 1174 1312 1191 vero
1333 1165 1360 1190 in
1382 1166 1459 1196 foro,
1486 1167 1605 1199 tabulae,
1632 1169 1800 1202 testimonia,
1825 1171 1914 1204 paeta,
1934 1182 2081 1208 conuenta,
2102 1177 2247 1212 stipulatio-

1199 1210 1260 1233 nes„
1282 1202 1469 1235 cognationes,
1487 1202 1640 1235 affinitates,
1659 1204 1779 1238 decreta,
1794 1207 1926 1240 responsa,
1945 1209 2001 1235 vita
2014 1211 2128 1247 denique
2142 1224 2234 1242 corum

1197 1237 1285 1270 quiin
1299 1238 1373 1263 causa
1388 1239 1540 1271 versantur,
1561 1246 1617 1266 tota
1631 1241 1811 1274 cognoscenda
1833 1243 1878 1268 cst.
1915 1243 1944 1269 de
1970 1246 2083 1273 formula
2106 1237 2246 1285 cauffirum’

1199 1272 1341 1299 Dieiorum
1353 1281 1600 1310 conuentorumque
1613 1276 1757 1303 constantia
1770 1283 1796 1303 ct
1810 1278 1922 1312 veritas,
1941 1279 2004 1307 fides
2020 1282 2055 1308 est
2084 1284 2140 1311 Cic.
2156 1286 2209 1314 Off.
2225 1273 2248 1321 1,

2156 157 2238 195 1230

1195 1317 1219 1341 13
1233 1318 1253 1335 c.
1268 1316 1293 1343 7.
1366 1309 1412 1335 Sil.
1429 1318 1453 1342 1,
1469 1319 1498 1336 10

1625 1348 1684 1374 Ter
1698 1349 1785 1375 Marte
1800 1348 1904 1377 sinistro

1350 1381 1525 1416 Iuratumque
1539 1383 1600 1408 Ioui
1614 1383 1723 1417 foedus,
1743 1391 1927 1420 conuentaque
1938 1393 2043 1421 patrum

1353 1416 1458 1443 Sidonii
1471 1418 1575 1452 fregere
1589 1418 1675 1445 duces.

1194 1448 1270 1475 Poeta
1298 1458 1427 1478 conuenta
1458 1453 1577 1480 dicunmr
1599 1462 1628 1480 vt
1646 1456 1712 1482 sarta
1731 1456 1816 1489 tecta,
1832 1463 1892 1484 ruta
1906 1458 1992 1492 caesa,
2010 1470 2057 1486 non
2071 1465 2247 1492 interueniente

1195 1484 1377 1524 conuinffione.
1421 1489 1450 1514 V.
1463 1488 1497 1523 gs
1511 1490 1639 1523 leianus
1651 1492 1678 1516 in
1698 1492 1716 1517 l.
1734 1492 1803 1518 Iuris
1819 1493 1937 1526 gentium
1957 1493 1978 1526 6
1994 1497 2155 1529 Qiinimino
2169 1501 2200 1525 D.
2214 1501 2248 1527 de

1195 1519 1294 1561 Paetis,
1315 1521 1434 1548 Solemus
1454 1524 1527 1550 enim
1548 1525 1652 1558 dicere,
1670 1527 1745 1560 pacta
1759 1528 1892 1554 “conuenta
1913 1526 1990 1556 incise
2003 1531 2088 1558 bonae
2102 1534 2164 1560 fidei
2178 1536 2248 1563 iudi-

1194 1565 1250 1583 ciis.
1330 1558 1445 1593 Copulum
1460 1566 1540 1585 tamen
1555 1561 1646 1586 adici-it
1662 1565 1757 1588 seneca
1771 1562 1803 1589 de
1818 1564 1907 1591 Benef.
1914 1573 1969 1599 3,15
1991 1567 2099 1595 Vtinam
2112 1570 2185 1596 nulla
2205 1571 2249 1598 sti-

1194 1591 1439 1631 pulationemtorem
1454 1595 1593 1622 venditori
1609 1597 1759 1632 obligaret,
1776 1608 1823 1625 nec
1838 1600 1912 1633 paeta
1933 1609 2120 1639 conuentaque
2139 1606 2249 1641 impres-

1195 1628 1225 1655 fis
1239 1628 1317 1662 figms
1331 1629 1533 1658 custodirentur.
1607 1633 1680 1669 Conj'.
1699 1639 1902 1662 CONVENTVS
1921 1645 1946 1662 n.
1961 1646 1981 1669 3.

1229 1670 1246 1691 C
1255 1671 1304 1704 O·N
1316 1673 1336 1691 V
1345 1672 1361 1692 Ε
1372 1674 1391 1692 Ν
1403 1674 1424 1692 Τ
1434 1674 1452 1693 o
1463 1686 1469 1697 ‚
1490 1672 1542 1693 ire.
1582 1669 1729 1704 Frequenter
1742 1674 1882 1697 conuenire.
1921 1672 2003 1699 Soliti.
2018 1682 2055 1707 40
2068 1678 2135 1711 (²7)
2157 1676 2249 1705 Exter'-

1191 1708 1251 1761 301}
1275 1708 1303 1726 in
1336 1710 1366 1727 ea
1389 1702 1519 1736 plurimos
1540 1706 1721 1738 commissise,
1742 1713 1927 1740 argumentum
1946 1708 1978 1735 de
1998 1710 2112 1738 vrbibus
2134 1719 2160 1739 et
2179 1714 2246 1741 locis

1208 1744 1222 1762 a
1245 1745 1321 1763 inius.

1229 1778 1246 1797 C
1258 1778 1277 1798 O
1287 1779 1308 1797 N
1318 1779 1339 1797 V
1349 1780 1365 1799 E
1375 1781 1397 1799 N
1407 1780 1427 1799 T
1437 1781 1457 1800 V
1468 1781 1480 1800 S
1490 1793 1496 1804 ‚
1531 1773 1569 1801 fis.
1605 1785 1641 1802 in.
1666 1793 1668 1795 -
1678 1777 1848 1812 [συνέλειως,4
1871 1777 1980 1815 σύνοδος]
2017 1783 2146 1816 Homines,
2162 1788 2205 1820 qui
2218 1789 2247 1812 in

1190 1816 1264 1832 vnum
1279 1809 1355 1848 locum
1369 1818 1542 1837 conuenerunt.
1579 1812 1635 1838 Cic.
1648 1813 1724 1839 Verr.
1734 1822 1753 1845 1,
1762 1822 1798 1847 94
1813 1815 1867 1841 Cur
1880 1816 2074 1850 pudentillimas
2088 1818 2246 1848 leffissimas-

1192 1851 1243 1877 que
1261 1843 1372 1883 feminas
1384 1845 1413 1871 in
1429 1851 1532 1872 tantum
1547 1847 1670 1874 virorum
1684 1856 1845 1876 conuentum
1860 1851 1977 1878 insolitas
1990 1853 2142 1889 inuitasque
2155 1858 2246 1891 prodi-

1193 1887 1222 1905 re
1235 1881 1332 1912 cogis?
1404 1881 1575 1915 Come-ntus,
1595 1887 1679 1920 inquit
1707 1885 1811 1918 Festus,
1832 1893 1948 1921 quatuor
1969 1889 2055 1916 modis
2076 1891 2247 1927 intelligitur.

1193 1915 1270 1946 Vno,
1288 1924 1371 1949 quum
1385 1918 1533 1951 quemlibet
1548 1918 1687 1946 hominem
1707 1921 1740 1947 ab
1760 1921 1852 1956 aliquo
1872 1930 2033 1951 conuentum
2054 1927 2102 1952 effe
2123 1927 2245 1956 dicimus.

1193 1950 1304 1983 Altero,
1324 1961 1406 1986 quum
1421 1952 1582 1987 significa-tur
1596 1955 1739 1982 multitudo
1753 1966 1785 1983 ex
1797 1958 1979 1993 compluribus
1996 1962 2137 1995 generibus
2159 1964 2247 1992 homi-

1193 1995 1257 2026 num
1272 1988 1407 2014 contraeta
1420 1989 1447 2014 in
1461 1999 1544 2016 vnum
1558 1990 1655 2017 locuni.
1708 1992 1826 2026 Tertio,
1847 2004 1929 2029 quum
1943 2005 1958 2022 a
1972 1997 2184 2032 magistratibus,
2205 2001 2247 2027 iu—

1194 2022 1259 2048 dicii
1278 2024 1367 2056 causa,
1388 2025 1501 2058 populus
1523 2033 1717 2062 congregatur:
1753 2036 1828 2056 erant
1848 2031 1920 2057 enim
1940 2032 1969 2057 in
1988 2033 2137 2066 prouinciis
2157 2035 2247 2062 statuti

1193 2064 1339 2084 conuentus
1354 2068 1400 2093 per
1412 2061 1530 2087 rectores
1545 2070 1636 2089 earum
1650 2064 1682 2089 ad
1696 2063 1797 2091 iudicia
1819 2065 1947 2092 facienda.
2021 2068 2141 2101 Qiarm,
2163 2080 2247 2105 quum

1191 2093 1311 2128 aliquem
1325 2095 1354 2120 in
1367 2095 1455 2122 locum
1469 2097 1622 2132 frequentia
1635 2098 1794 2130 hominum,
1814 2100 2014 2134 supplicationis
2033 2110 2078 2129 aut
2092 2107 2247 2138 gratulatio.

1193 2129 1233 2167 nis
1248 2130 1322 2155 causa
1335 2130 1482 2163 colligitur.
1539 2132 1669 2158 Hacienus
1683 2133 1780 2160 Festus.
1889 2136 2044 2164 Conuentus
2059 2145 2085 2165 et
2095 2141 2246 2175 frequentia

1193 2164 1250 2189 Cic.
1265 2173 1315 2197 pro
1329 2165 1416 2204 Deviot.
1431 2173 1453 2197 ς.
1551 2167 1706 2194 Conuentus
1720 2175 1746 2194 et
1757 2169 1836 2196 turba
1864 2171 1939 2205 Virg.
1954 2174 2017 2199 Aen.
2032 2176 2057 2206 6,
2074 2183 2128 2209 733.
2202 2178 2246 2205 Se.

1193 2204 1317 2239 natorum
1339 2200 1395 2226 Cic.
1410 2201 1482 2227 Fam.
1498 2209 1524 2234 4,
1541 2210 1574 2233 13.
1662 2203 1792 2230 Iul-'Verr.
1807 2213 1829 2236 3,
1845 2212 1889 2240 137
1910 2207 2011 2234 Domus
2024 2216 2080 2236 erat
2093 2220 2147 2238 non
2161 2222 2245 2241 mere-

1193 2240 1274 2269 tricio
1290 2241 1439 2267 conuentu,
1461 2236 1504 2261 sed
1517 2236 1650 2269 praetoria
1662 2237 1740 2264 turba
1752 2240 1859 2267 referta.
1929 2243 2003 2270 Inter
2015 2253 2176 2275 conuentum
2189 2259 2246 2277 ma..

1193 2275 1348 2301 “onai-um,
1368 2270 1420 2295 vid.
1442 2277 1552 2297 INTER.
1627 2272 1812 2301 celeberrimo
1830 2276 1956 2304 virorum
1969 2280 2167 2318 mulierumque
2182 2294 2245 2312 con-

1193 2310 1273 2330 ventu
1289 2305 1344 2330 dies
1358 2305 1436 2331 festos
1451 2306 1645 2334 anniuersarios
1657 2317 1735 2343 agere
1755 2311 1811 2337 Cic.
1826 2312 1904 2339 Verr.
1919 2323 1948 2347 4,
1962 2323 2012 2351 ²07
2026 2322 2096 2350 c.48.
2168 2321 2244 2349 Idem

1194 2339 1334 2380 Erut2233
1348 2349 1369 2366 c.
1384 2343 1414 2366 62
1436 2342 1551 2381 Minime
1564 2343 1657 2378 dignos
1673 2346 1792 2372 Oratores
1806 2347 1937 2382 Elegantis
1955 2359 2100 2380 conuentus
2123 2356 2243 2385 auribus.

1195 2375 1395 2415 Honestissimus
1416 2377 1582 2419 Qiiiieiil-J,
1598 2389 1619 2406 ε.
1689 2382 1720 2407 In
1734 2382 1835 2410 medios
1848 2392 1994 2413 conuentus
2007 2388 2111 2416 trahere
2124 2391 2243 2427 aliquem

1194 2411 1269 2445 Virg.
1285 2412 1349 2438 Aen.
1363 2414 1389 2445 6,
1403 2420 1458 2447 753.
1530 2415 1586 2441 Cic.
1600 2416 1653 2442 Att.
1668 2425 1687 2449 1,
1702 2419 1730 2443 16
1755 2419 1847 2454 Itaque
1857 2425 2069 2459 conuentus,qui
2081 2426 2163 2454 initio
2176 2429 2244 2455 cele-

1493 2485 1498 2490 .
1854 2456 1950 2484 Facere
1983 2468 2144 2489 conuentum
2185 2466 2243 2493 Cic.

1194 2484 1246 2509 Att.
1273 2492 1292 2516 1,
1321 2486 1358 2510 16.
1467 2486 1536 2527 Lm&
1548 2492 1586 2519 38,
1603 2497 1632 2520 29
1664 2489 1778 2524 Aegium
1802 2499 1817 2517 a
1844 2492 1977 2528 principio
2002 2496 2112 2524 Achaici
2133 2497 2244 2528 co'ncilii

1193 2519 1295 2553 semper
1308 2527 1452 2547 conuentus
1466 2528 1550 2556 gentis
1563 2523 1661 2550 Iiidie'ti
1676 2526 1749 2557 sunt,
1770 2527 1815 2553 seu
1829 2527 1953 2562 dignitati
1969 2530 2044 2558 vrbis
2056 2533 2083 2559 id
2093 2553 2101 2566 ,
2123 2536 2168 2561 seu
2187 2536 2244 2564 loci

1194 2556 1392 2595 opportunitati
1428 2556 1516 2584 datum
1547 2558 1591 2585 est.
1663 2561 1803 2589 Instituere
1836 2571 1981 2593 conuentus
2023 2569 2152 2602 Quinctil.
2176 2581 2186 2589 “
2218 2578 2241 2603 8.

1192 2592 1284 2617 Vitare
1297 2598 1460 2618 conuentum
1480 2594 1536 2620 Cic.
1551 2596 1628 2622 Verr.
1642 2603 1671 2629 ς,
1710 2617 1716 2623 .
1755 2618 1761 2624 .
1986 2601 2007 2639 ᾖ
2027 2613 2044 2630 2
2080 2590 2242 2643 Obseruz’nda

1189 2629 1321 2662 inprimis
1341 2628 1373 2660 cst
1379 2627 1545 2664 significatio,
1556 2639 1628 2666 quam
1641 2635 1743 2659 tertiam
1752 2633 1840 2660 Festus
1858 2635 1876 2661 l.
1890 2645 1912 2663 c.
1925 2637 2028 2673 postest,
2049 2648 2131 2677 nempe
2145 2645 2167 2669 I.
2178 2651 2241 2679 proe-

1189 2664 1307 2703 viricialis
1321 2664 1377 2695 illa,
1398 2674 1457 2699 quos
1471 2666 1624 2693 Conuentus
1637 2666 1743 2700 ostendit
1759 2671 1781 2696 I.
1798 2671 1825 2696 F.
1841 2671 1995 2707 cromatia,
2015 2675 2081 2709 obffi
2090 2687 2105 2708 3
2135 2689 2165 2706 22
2190 2689 2240 2706 non

1188 2697 1230 2731 effe
1243 2705 1341 2725 tantum
1355 2702 1446 2725 ciuium
1470 2702 1573 2729 Roman.
1580 2703 1629 2738 fi’d
1641 2707 1747 2731 omnium
1759 2708 1820 2732 inea
1828 2707 1886 2734 vrbe
1900 2709 2067 2744 versantium,
2087 2697 2170 2748 in'qua
2177 2723 2239 2741 con-

1188 2740 1283 2761 ventus
1298 2735 1338 2761 illi
1345 2735 1461 2775 'iuridici
1473 2737 1559 2764 haberi
1564 2739 1684 2774 solerent.
1737 2742 1778 2768 Sic
1789 2743 1897 2777 explicat
1909 2745 1976 2771 Hor.
1993 2745 2042 2772 Sat.
2058 2755 2077 2777 1,
2090 2755 2116 2781 7,
2128 2757 2159 2774 22
2180 2751 2239 2777 Per-

1191 2769 1240 2796 sius
1254 2777 1364 2805 exponit
1381 2773 1499 2805 causain,
1519 2774 1669 2802 ridetur.ab
1682 2777 1758 2803 omni
1772 2784 1905 2804 conuentu
1922 2789 1927 2804 ι
1961 2781 1992 2806 Et
2011 2782 2128 2809 quenal.
2142 2789 2172 2817 8,
2191 2794 2238 2818 129

1191 2806 1250 2832 Nec
1268 2815 1316 2841 per
1334 2813 1479 2835 conuentus
1499 2815 1525 2836 et
1543 2810 1636 2838 cundia
1658 2820 1704 2846 per
1725 2813 1822 2848 oppida
1842 2814 1930 2840 curuis
1944 2815 2083 2849 Vnguibus
2105 2819 2145 2845 ire
2162 2827 2238 2854 parat

1634 2848 1704 2874 Hinc
1719 2849 1829 2875 emendat
1841 2849 1896 2875 Cic.
1910 2851 1985 2877 Verr.
1999 2860 2009 2877 1
2032 2862 2051 2878 c.
2067 2862 2091 2885 13
2115 2855 2238 2883 Caetera-

1188 2887 1249 2904 rum
1262 2887 1353 2905 rerum
1369 2879 1458 2906 seleffl
1473 2881 1573 2908 iudices
1584 2891 1616 2909 ex
1629 2883 1731 2910 ciuium
1740 2885 1922 2915 Romanorum
1931 2893 2062 2914 conuentu
2072 2893 2189 2925 proponi
2197 2893 2239 2919 so-

1190 2913 1244 2940 lent
1259 2925 1264 2940 :
1292 2915 1342 2951 legi
1356 2915 1421 2942 iubet
1440 2916 1542 2943 ciuium
1555 2919 1738 2946 Romanorum
1756 2928 1787 2945 ex
1806 2927 1947 2947 conuentu.
2002 2923 2075 2950 Idem
2091 2927 2167 2954 Verr.
2179 2936 2192 2960 3
2213 2938 2236 2956 c.

1189 2957 1220 2983 59
1242 2950 1332 2977 Nemo
1346 2957 1402 2978 erat
1416 2952 1506 2980 Sicilia
1520 2959 1592 2987 tota,
1612 2955 1659 2989 qui
1675 2955 1800 2987 nesciret,
1821 2956 1940 2982 decumas
1959 2958 2007 2983 esse
2022 2960 2152 2989 Praetoris
2189 2978 2236 2985 —

1189 2992 1489 3021 praetereavconuentus
1505 2989 1629 3017 honestus
1643 2990 1785 3023 Syracusis,
1803 2991 1883 3018 multi
1899 2993 2000 3027 equites
2014 2995 2092 3022 Rom.
2114 2999 2169 3025 viri
2180 3000 2236 3034 pri·

1188 3023 1285 3055 marii,
1305 3032 1337 3049 ex
1351 3033 1402 3058 qua
1415 3025 1490 3059 copia
1503 3031 1700 3060 recuperatores
1711 3026 1789 3052 reiici
1802 3033 1952 3062 oporteret,
1966 3030 2013 3063 qui
2026 3031 2104 3058 aliter
2115 3034 2236 3063 iudicare

1187 3058 1262 3085 nullo
1279 3059 1362 3085 inodo
1375 3061 1482 3094 possent.
1534 3062 1597 3088 Sunt
1612 3061 1652 3087 hic
1672 3063 1698 3087 in
1717 3070 1836 3088 conuentu
1855 3064 1957 3097 equites
1971 3065 2048 3092 Rom.
2064 3068 2109 3102 scd
2119 3071 2236 3108 nonfiali.

1186 3096 1230 3123 Sic
1245 3095 1316 3122 Caes.
1331 3096 1395 3122 Bell.
1411 3097 1493 3129 Ciuil.
1512 3105 1545 3128 2,
1565 3104 1599 3122 20
1626 3096 1707 3130 Qiod
1724 3097 1824 3124 fastum
1844 3098 1911 3125 adeo
1928 3100 1986 3126 eius
2009 3110 2154 3132 conuentus
2172 3107 2236 3141 (res

1186 3134 1273 3167 agitur
1288 3132 1411 3168 Hispali)
1433 3133 1503 3158 ciues
1516 3132 1631 3158 Romani
1650 3133 1898 3167 comprobauerunt.
1959 3138 1991 3162 Et
2013 3147 2034 3164 c.
2048 3142 2082 3171 36
2100 3140 2129 3167 de
2144 3139 2235 3176 Vtica,

1190 3168 1251 3194 Erat
1268 3168 1296 3193 in
1317 3168 1417 3202 oppido
1453 3182 1497 3188 —
1533 3175 1694 3201 conuentus,
1714 3169 1762 3203 qui
1781 3177 1812 3195 ex
1832 3170 1913 3196 variis
1933 3173 2076 3205 generibus
2096 3177 2235 3205 constaret.

1189 3202 1236 3231 Sed
1246 3212 1270 3236 3,
1284 3212 1317 3236 29
1342 3205 1405 3237 Qio
1426 3203 1498 3229 faeio
1520 3209 1666 3229 conuentus
1688 3204 1788 3230 ciuium
1807 3205 1887 3232 Rom.
1912 3207 1959 3241 qui
1978 3209 2077 3237 Lissum
2095 3212 2234 3240 obtinebat

1189 3253 1234 3259 —
1271 3239 1418 3266 Antonium
1435 3239 1542 3272 recepit.
1603 3239 1672 3265 Ibid.
1686 3248 1709 3271 2,
1723 3248 1750 3272 19
1767 3241 1850 3267 Simul
1865 3242 1919 3276 ipse
1931 3244 2074 3272 Cordubae
2087 3256 2233 3275 conuentus

1188 3283 1236 3309 per
1249 3275 1274 3301 se
1288 3282 1377 3310 portas
1391 3275 1506 3301 Varroni
1527 3273 1625 3300 clausit.
1688 3277 1730 3301 sic
1748 3284 1777 3308 3,
1796 3285 1821 3302 21
1848 3278 2003 3307 conuentus
2023 3290 2096 3310 arma
2120 3291 2232 3318 ceperat.

1187 3312 1219 3337 In
1231 3310 1272 3337 his
1287 3311 1398 3337 omnihus
1409 3311 1526 3345 exemplis
1538 3309 1761 3344 Conuentusfimt
1773 3311 1897 3346 homines,
1915 3319 1958 3350 qui
1970 3319 2035 3344 iuris
2048 3325 2072 3344 et
2084 3319 2233 3345 indictorum

1186 3346 1260 3382 causa
1279 3349 1308 3372 in
1327 3355 1401 3373 vnum
1413 3346 1490 3372 locum
1509 3348 1638 3372 conuenire
1651 3346 1742 3381 solent.
1794 3347 1828 3374 II.
1841 3349 1890 3376 Sed
1899 3351 1954 3386 l'psa
1972 3361 2063 3388 quoque
2080 3354 2123 3380 illa
2136 3354 2233 3380 iudicia

1188 3387 1333 3408 conuentus
1340 3382 1411 3418 fimt-
1466 3381 1538 3407 Hirt.
1552 3381 1615 3407 Bell.
1625 3381 1693 3407 Gall.
1707 3387 1730 3414 8,
1743 3384 1780 3416 46
1801 3384 1900 3411 Paucos
1914 3387 1969 3421 ipse
1982 3388 2037 3415 dies
2051 3389 2078 3414 in
2091 3390 2231 3422 prouincia

1165 3440 1167 3442 .
1188 3423 1320 3451 moratus,
1341 3425 1400 3443 cuin
1412 3415 1535 3442 celeriter
1547 3414 1638 3443 omnes
1652 3425 1796 3445 conuentus
1807 3423 2021 3456 percucurriffct‚
2037 3424 2154 3458 publicas
2169 3433 2232 3451 con-

1187 3453 1326 3480 trouerflas
1344 3452 1521 3486 cognouiffl,
1542 3458 1588 3478 etc.
1696 3454 1768 3481 Caes.
1784 3455 1847 3482 Bell.
1862 3457 1929 3484 Gall.
1948 3467 1979 3491 2,
1998 3466 2030 3492 54
2055 3460 2148 3486 Caesar
2182 3475 2228 3480 —

1189 3489 1218 3515 in
1237 3489 1390 3516 citeriorem
1409 3486 1524 3514 Galliam
1542 3487 1575 3514 ad
1593 3495 1739 3527 conuentus
1760 3491 1874 3525 agendos
1895 3493 2029 3527 profectus
2048 3493 2092 3520 est.
2171 3496 2230 3522 Cic.

1188 3526 1265 3552 Verr.
1280 3533 1302 3557 5,
1314 3529 1345 3553 28
1365 3533 1386 3549 c·
1399 3531 1421 3549 Π
1440 3523 1477 3549 Ex
1491 3524 1524 3549 iis
1536 3523 1651 3558 oppidiS,
1666 3525 1694 3551 in
1706 3525 1803 3560 quibus
1817 3528 1951 3555 Praetores
1964 3528 2109 3561 consistere,
2127 3536 2154 3556 et
2166 3539 2229 3557 con-

1600 3559 1670 3586 Suet.
1683 3561 1784 3597 Caes.7
1810 3564 1951 3596 Quaestori
1969 3563 2082 3590 vlterior
2099 3566 2227 3600 Hispania

1188 3596 1316 3627 obuenit,
1335 3594 1384 3621 vbi
1402 3602 1463 3619 cum
1477 3593 1600 3620 mandato
1613 3596 1706 3631 Populi
1719 3597 1797 3624 Rom.
1814 3599 1869 3625 iuri
1882 3599 1996 3625 dicundo
2013 3607 2157 3627 conuentus
2177 3603 2228 3628 cir-

1187 3633 1309 3659 cumiret.
1381 3630 1453 3656 Caes.
1466 3629 1530 3655 Bell.
1545 3629 1615 3657 Gall.
1628 3638 1651 3664 ς,
1666 3641 1676 3658 1
1701 3633 1759 3668 Ipse
1780 3634 1954 3660 conuentibus
1973 3634 2105 3661 citerioris
2123 3637 2226 3664 Galliae

1187 3665 1342 3707 peraetiskin
1357 3664 1493 3697 Illyricum
1503 3665 1693 3700 proficiscitur.
1748 3669 1816 3695 Adit.
1833 3678 1853 3695 c.
1866 3678 1882 3696 2
1894 3676 1938 3704 pr.
2007 3670 2092 3704 Agere
2104 3672 2227 3699 Conuen-

1187 3710 1228 3730 tus
1242 3701 1275 3736 est
1289 3704 1362 3727 etiam
1375 3701 1431 3726 Cic.
1446 3702 1467 3726 V
1471 3709 1523 3728 err.
1537 3709 1550 3734 ς
1570 3711 1592 3728 c.
1606 3711 1638 3729 11.
1707 3705 1826 3731 Indicere
1843 3705 1918 3730 Verr.
1933 3713 1952 3736 4
1972 3713 1993 3729 c.
2007 3710 2050 3739 48.
2095 3707 2164 3734 Add.
2179 3709 2199 3735 F
2201 3717 2227 3735 a-

506 3735 637 3761 Romulus
655 3733 756 3766 asylum
776 3735 901 3766 conuenis
911 3736 1038 3771 patefecit
1057 3738 1123 3764 Aur.
1132 3747 1179 3767 100
1188 3738 1244 3765 mil.
1257 3746 1280 3770 3,
1295 3742 1308 3767 8
1336 3736 1364 3761 in
1377 3736 1467 3762 Vatin.
1481 3746 1507 3772 νιτ.
1521 3745 1543 3770 ς.
1560 3744 1570 3752 ”
1598 3740 1653 3764 Hoc
1663 3748 1742 3783 gemes
1753 3743 1791 3766 ita
1804 3739 1833 3765 dc
1852 3742 1891 3764 m‘t
1903 3739 2073 3773 Theophilus
2086 3742 2168 3769 Instit.
2180 3745 2225 3775 1‚6

1187 3775 1215 3800 τί
1226 3774 1260 3800 ἕςι
1274 3770 1418 3804 ’‘affigimus-3
1439 3773 1510 3807 ῥητός
1526 3772 1611 3809 χρόνος
1627 3785 1684 3809 nfra
1701 3773 1808 3801 διάλυσιν
1838 3775 1889 3799 Μῦν
1903 3775 2078 3809 ἔπινενωχιιιῖνπ,
2096 3784 2141 3804 etc.
2161 3779 2224 3813 finit

1185 3813 1249 3836 enim
1261 3809 1349 3843 plura·
1416 3808 1464 3834 111.
1480 3809 1548 3835 Hinc
1562 3816 1707 3836 conuentus
1720 3810 1970 3845 appellamurpartes
1979 3814 2181 3845 prouinciarum,
2196 3812 2222 3848 s.

1185 3842 1317 3874 διοικήσεις,
1336 3845 1382 3868 vni
1395 3843 1472 3870 alictii
1484 3844 1542 3870 vrbi
1559 3846 1730 3877 contributae,
1747 3852 1776 3870 vt
1787 3844 1822 3870 ibi
1835 3844 1982 3870 iudiciorum
1996 3847 2068 3882 causa
2085 3850 2222 3873 conuenit-e-

1184 3887 1240 3910 ίαν,
1260 3878 1334 3911 adeo,
1352 3885 1382 3904 vt
1401 3879 1458 3905 inde
1470 3879 1664 3915 fundamentum
1681 3879 1824 3913 diuzfionis,
1845 3885 1874 3904 vt
1892 3882 1930 3906 ita
1949 3880 2045 3914 dicam,
2061 3889 2150 3916 petant
2164 3883 2222 3907 Gro-

1360 3913 1424 3942 Plin.
1438 3923 1462 3948 3,
1477 3923 1487 3941 1
1508 3916 1526 3942 s.
1539 3924 1552 3947 3
1571 3916 1601 3942 de
1614 3917 1716 3943 Baetica
1727 3921 1802 3951 parte
1816 3914 1968 3951 Hispaniae,
1986 3917 2095 3944 Iuridici
2108 3925 2222 3942 conuen-

1490 3955 1508 3986 7
1527 3951 1566 3985 Q
1588 3959 1604 3978 2
2180 3958 2222 3978 tus
