2474 4182
673 53 1040 102 EGRVatssVE
1092 53 1534 95 AVCTORIBVS.

155 153 281 196 Mos'cst
302 154 447 199 putidas:
479 161 507 185 et
529 161 617 183 nonus
640 157 796 194 repertus-‚-

155 221 256 263 lugens
278 222 404 250 materia
428 227 462 249 vt
485 223 572 262 queat
596 212 717 245 videri:

153 283 383 328 Praeclarmqm*
406 278 499 313 liber:
530 276 672 322 boumque
692 285 770 308 tosus
782 288 805 321 .·¹

155 344 264 389 Vcijits·
288 346 394 378 addere
416 344 540 375 nominis
557 338 703 387 probati.-

157 410 298 442 Menam
319 407 414 453 titulis
429 418 440 437 .·
469 403 571 436 rubore
594 404 671 436 nullo
692 415 702 434 :

159 472 328 517 Oltsrurique
352 473 414 501 viri
427 482 439 508 ,-
468 468 609 514 rudisque
632 471 714 500 vatis
728 479 739 499 :

157 536 262 570 Ata-701·
277 535 320 575 st«
344 533 427 579 quasi
447 542 537 564 tunc:
569 530 711 577 bonusque
727 530 809 572 fiat:

157 599 251 632 Nullis
274 595 373 628 mobile
397 600 509 628 veritas
525 608 535 627 :
560 594 693 642 fidesque
718 596 765 638 cst.

155 663 197 694 Iis
221 660 326 692 demtis
349 658 422 692 liber
446 672 532 692 exeas·
556 669 661 706 aperta

155 726 190 757 In
213 725 315 769 vulgus
329 724 412 768 facie
430 736 439 755 .·
461 724 572 768 fauore
595 725 671 756 nullo
687 735 699 755 .·

153 790 190 820 Et
205 792 308 832 graiis
324 789 483 832 galeatus:
515 798 543 819 ct
565 789 675 820 latinis.

153 854 253 884 Nam:
284 851 409 883 credar:
440 853 496 883 alii
519 855 635 896 magis:
666 858 755 894 quam
779 845 837 892 ipſs

163 918 310 958 Qacrrnt
339 917 511 949 anxilimn:
536 924 620 961 petar
646 910 681 944 ab
703 911 773 942 illis.

157 979 216 1011 Sed
227 981 261 1021 st
271 981 365 1022 flatus·
388 981 441 1011 olet
456 992 466 1011 :
484 977 576 1026 proba
595 989 605 1008 :
637 977 779 1020 ligatisque.

65 1064 137 1111 Qui
151 1062 278 1102 nobilia
292 1065 377 1102 haec
392 1062 582 1102 Trochaica
598 1060 685 1110 leget
701 1088 712 1106 ‚
746 1068 779 1096 et
795 1056 971 1108 epistolam
996 1056 1038 1094 ad
1052 1059 1084 1094 S.

63 1119 97 1155 P.
114 1120 162 1166 Q
173 1120 436 1169 Bergomensem
452 1147 463 1165 ‚
497 1115 686 1162 mirabitur,
703 1127 791 1166 quae
811 1114 854 1151 de
873 1114 1018 1151 homine
1035 1113 1086 1150 di-

65 1171 117 1210 &a
134 1174 209 1211 sunt
223 1187 240 1211 a
257 1176 322 1211 luc.
337 1172 486 1225 Philippo
503 1173 605 1209 toties
623 1170 768 1209 laudato,
830 1199 853 1216 ,‚
877 1167 1083 1206 Ambrofius

65 1228 284 1278 „Calepinus
312 1238 547 1265 conterrarcus
583 1224 663 1275 (fic)
689 1235 722 1262 et
753 1234 956 1262 coaetaneus
984 1236 1083 1260 meus

62 1311 84 1330 ‚‚
100 1286 238 1335 meique
252 1283 389 1320 instituti
405 1281 591 1332 professor,
619 1283 716 1318 cuius
731 1279 988 1319 consuetudinis
1006 1278 1082 1316 sua-

63 1367 86 1386 „
101 1340 202 1376 vitate
214 1340 335 1388 iugiter
355 1336 471 1386 fruor,
496 1336 550 1374 his
573 1334 788 1385 temporibus
804 1333 989 1372 nobiscum
1005 1333 1081 1371 dul·

64 1421 87 1440 ,‚
105 1394 187 1430 citer
210 1392 408 1431 cohabitans
423 1423 433 1437 ‚
468 1395 729 1429 innumerorum
751 1388 941 1428 doctorum
967 1388 1085 1427 elucu-

64 1477 86 1495 ,,
103 1447 271 1486 brationes
288 1447 341 1484 sua
356 1448 513 1484 industria
527 1445 779 1495 magnolabore
795 1458 884 1495 opus
895 1445 1084 1494 pergrande

61 1530 84 1549 ‚‚
98 1511 197 1552 atque
213 1501 468 1550 insignissimum
484 1502 526 1539 de
541 1499 792 1538 vocabulorum
811 1503 972 1539 omnium
991 1502 1083 1538 noti-

60 1558 143 1603 „tia
166 1555 280 1593 solerti
301 1556 517 1606 indagatione
546 1555 694 1606 collegit.
764 1555 919 1607 Illudque
942 1556 1083 1593 tandem

59 1640 83 1659 ‚‚
99 1606 254 1658 dietata,
283 1621 319 1648 vt
334 1614 370 1649 in
386 1611 539 1661 pluribus
554 1612 762 1661 spargeretur
786 1620 888 1663 atque
911 1611 1083 1648 diffunde-

60 1695 84 1714 „
100 1676 210 1713 retur,
237 1669 337 1704 etiam
352 1669 503 1716 imprimi
523 1669 654 1704 curauit
671 1697 681 1714 ,
717 1667 820 1718 idque
840 1665 943 1705 doc‘la
966 1676 1000 1704 et
1016 1666 1083 1704 ele-

61 1750 84 1770 „
98 1723 191 1770 ganti
213 1721 350 1770 epistola
375 1722 417 1759 ad
437 1725 600 1759 Senatum
622 1721 862 1774 Populumque
878 1725 1088 1771 Bergomen-

58 1804 82 1824 „
97 1776 167 1813 sem
183 1775 279 1814 misit.
307 1806 330 1825 ,,
383 1777 554 1827 Supplem.
571 1777 738 1817 Clu-onie.
780 1779 890 1814 Prima
908 1777 994 1820 haec
1009 1778 1089 1814 Edi-

61 1832 112 1868 tio
127 1829 223 1868 nullo
246 1835 445 1881 paginarum
470 1833 600 1870 indicio
622 1830 777 1869 distinata
800 1832 931 1868 constat
954 1840 1090 1881 quater-

59 1884 222 1924 nionibus
242 1889 488 1937 quinquaginta
509 1888 662 1936 quinque
683 1914 695 1932 ,
738 1885 941 1921 nitidiffimo
969 1883 1087 1920 chara-

61 1939 154 1978 &ere
178 1940 328 1989 expressa
344 1969 354 1987 ‚
389 1937 553 1984 industria
568 1936 762 1987 Presbyteri
778 1938 930 1984 Diozgysti
943 1936 1084 1971 Bertho-

62 1992 116 2031 chi
136 1994 342 2046 impreſjciris.
402 1992 561 2029 Refertur
583 1992 687 2040 vsque
713 1990 754 2025 ad
769 1990 954 2025 sstietatem
970 1990 1084 2025 nomi-

65 2047 166 2085 nibus
187 2049 335 2094 ptopriis
356 2055 420 2082 etc.
452 2057 540 2095 quae
564 2043 616 2081 Cl.
634 2044 694 2080 Du
713 2044 863 2097 Cangius
884 2043 1085 2093 editionum

59 2101 254 2150 principum
290 2112 308 2136 a
325 2113 344 2136 c
361 2114 381 2136 A
395 2114 413 2136 L
428 2113 453 2151 E.
463 2113 480 2135 P
493 2113 506 2135 1
521 2112 545 2136 N
559 2112 581 2135 0
619 2097 872 2136 elaboratarum
906 2111 1084 2150 nunquam

59 2167 207 2204 compos
230 2152 365 2202 fastus,
392 2152 588 2201 addubitat,
605 2165 648 2191 an
672 2152 713 2191 ab
738 2153 812 2203 ipso
834 2166 876 2190 an
898 2167 916 2191 a
937 2154 1083 2204 posteriS

57 2208 185 2250 fuerint
199 2207 362 2259 profesta.
417 2212 536 2247 iterata
552 2209 659 2246 editio
676 2239 687 2256 ‚
721 2217 756 2247 et
771 2207 920 2246 Austori
946 2208 1007 2260 ipsi
1031 2210 1085 2247 su-

61 2277 178 2315 prema
213 2265 351 2314 prodiit‘
379 2266 502 2302 Venet.
535 2277 632 2313 1509.
660 2263 721 2302 fol.
754 2265 790 2301 in
817 2264 964 2302 officina
988 2265 1086 2303 Petri

61 2318 296 2367 Liechtenstein
311 2334 323 2356 .·
349 2321 452 2371 quam
467 2317 608 2374 Aegidio
629 2316 829 2367 Viterbie7fi
841 2321 949 2357 totius
963 2320 1087 2369 Augu-

63 2376 195 2412 stiniani
210 2377 321 2423 gregis
335 2377 562 2413 Eremitarum
579 2375 705 2413 Pastori
730 2377 953 2424 nuncupauit.
1016 2377 1087 2413 Pri-

59 2425 116 2468 'ma
132 2429 216 2468 haec
231 2429 350 2478 editio,
365 2443 468 2482 quam
484 2430 623 2480 Gefitero
645 2431 790 2479 contigit
806 2431 924 2467 videre
941 2445 948 2467 :
975 2433 1086 2468 Prima

58 2487 145 2522 item
166 2487 270 2537 quam
289 2485 465 2523 Borrichio
494 2485 614 2523 sedulo
637 2485 718 2523 licet
741 2485 973 2534 inuestigatori
995 2515 1006 2534 ,
1049 2496 1085 2524 et

59 2540 272 2577 Lexicorum
292 2542 449 2577 notitiam
479 2539 668 2590 profitenti.
735 2541 989 2578 Eruditiffimus
1023 2542 1083 2578 Dic

61 2594 213 2647 Congius
234 2603 348 2632 tamen
370 2595 558 2633 editionem
579 2597 772 2646 principem
802 2609 977 2647 nunquam
1000 2609 1083 2646 pro-

59 2649 141 2697 priis
156 2647 265 2686 oculis
279 2648 471 2687 illustratam
486 2663 558 2688 non
572 2651 687 2689 instita
703 2650 903 2689 coniestura
927 2653 1017 2689 circa
1035 2653 1081 2689 A.

61 2714 162 2749 1500.
189 2704 300 2741 statuit
314 2704 486 2754 prodiisse.
548 2705 664 2743 Editio
678 2705 817 2744 vberior
831 2705 944 2744 multo
967 2716 1001 2744 et
1027 2720 1082 2744 ca-

59 2757 212 2817 {iigatior
236 2755 294 2810 a).
333 2759 518 2809 Epistolam
559 2765 844 2812 nuncupatoriam
865 2791 876 2809 ‚
913 2764 1081 2814 quoniam

59 2825 172 2864 neque
186 2811 312 2865 vbique
334 2813 510 2863 obuiam,
551 2826 587 2854 et
613 2812 775 2854 nonnulla
792 2818 878 2854 teitu
900 2830 972 2855 non
994 2819 1084 2856 iniu-

56 2864 170 2921 cunda
187 2871 362 2916 contineat⁶
372 2899 383 2918 ‚
410 2871 520 2908 visum
535 2869 581 2909 est
599 2868 801 2911 subneCiere
819 2887 826 2909 ε

13 2927 16 2939 ¹
56 2935 117 2991 ,Ad
137 2935 345 2983 clarifftmum
369 2933 686 2994 etsapientiffmzum'
704 2941 903 2997 Theologum
918 2973 929 2991 ‚
943 2988 947 2992 Α
962 2943 1082 2981 Domi-

112 2999 199 3030 num‘
213 2993 404 3048 {nagrstrum
418 2995 574 3050 Egidium
605 2995 841 3048 Viterbiensbm
853 3027 863 3046 ‚
872 3000 984 3036 <totius
994 3015 997 3018 ·
1007 3002 1079 3038 Au-

56 3096 61 3098 -
105 3045 295 3100 gustiniani
299 3053 424 3103 gregis
430 3053 661 3090 Eremitarum
669 3052 837 3098 Pastorem
849 3051 1080 3108 dtgmffimum,

112 3098 300 3149 Ambrosius
320 3106 495 3157 Calepinus
513 3109 698 3162 Bergomas
710 3138 720 3156 ‚
737 3105 881 3146 eiusdem
900 3107 1081 3164 ‘religfionis

108 3153 149 3194 de
162 3153 386 3206 Obseruantia
396 3172 603 3216 nuncupatae
619 3166 776 3202 minimus
791 3161 827 3214 b)
837 3193 848 3212 ,
872 3165 905 3208 S.
921 3166 959 3202 P.
975 3165 1023 3203 D.

148 3267 170 3288 ‚‚
186 3243 308 3289 Quum
337 3241 519 3287 hominem
551 3247 666 3285 sen'em
693 3241 888 3298 praesertim
903 3277 912 3295 ‚
949 3246 1079 3286 bullam

56 3324 80 3344 ,‚
93 3307 182 3347 quae
207 3297 331 3333 dicitur
353 3296 419 3334 effe
453 3311 525 3337 non
551 3304 744 3350 ignorarem
767 3331 778 3348 ‚
814 3314 939 3355 meque
966 3306 1081 3354 ingra-

56 3378 79 3398 ,‚
94 3350 232 3388 vescens
256 3362 344 3388 aetas
359 3351 566 3401 colligendas
579 3359 648 3394 iam
665 3358 732 3396 effe
747 3359 889 3395 sarcinas
911 3359 1079 3397 admone-

57 3433 79 3453 „
95 3415 146 3443 ret
160 3435 171 3453 ,
197 3403 392 3444 distionum
407 3409 706 3464 interpretamenta
721 3412 808 3451 olim
823 3414 964 3464 quidem
986 3427 1079 3456 ame

55 3488 81 3508 „
94 3459 182 3498 edita
195 3462 363 3510 proximis
378 3474 463 3500 vero
476 3461 842 3514 annisincudi'ieddita
855 3462 1078 3521 etssliquanto

58 3541 82 3562 „
95 3514 290 3564 diligentius
312 3516 484 3558 amulitata
510 3518 660 3569 collegi,
674 3511 924 3574 fieffecique'x't
943 3521 1081 3574 'castiga-

28 3578 41 3594 ·
60 3570 181 3625 „tiora
202 3568 407 3626 'et‘vberiora
431 3575 466 3610 in
483 3586 604 3612 manus
621 3575 806 3615 hominum
829 3576 922 3621 exii-'e
934 3579 1080 3630 possent.

58 3649 82 3669 „
96 3624 176 3662 Hoc
189 3637 273 3663 vero
288 3626 451 3678 quicquid
467 3629 514 3666 est
533 3633 649 3680 operis
666 3660 676 3678 ‚
704 3627 866 3683 quamuis
876 3626 1001 3688 etipse
1017 3648 1082 3673 no-

855 3700 921 3727 ‚uf-⁴

1141 176 1164 196 ‚,
1179 150 1265 186 mini
1281 157 1344 186 tuo
1362 149 1476 187 dicare
1494 163 1695 202 exoptarem
1711 186 1721 203 ‚
1765 154 1872 207 idque
1896 155 2009 205 ipsum
2032 155 2178 205 religiosi

1142 233 1166 251 „
1184 213 1361 255 quotquot
1384 207 1546 254 Bergomi
1570 210 1698 258 degunt
1720 210 1881 260 Collegae
1906 212 2013 248 nostri
2033 224 2098 258 pro
2120 212 2179 249 sua

1144 288 1168 306 „
1182 261 1327 310 quisque
1349 260 1385 295 in
1406 268 1441 296 te
1464 262 1589 309 pietate
1614 276 1631 299 a
1646 278 1703 301 me
1718 269 1873 303 certatim
1905 267 2155 303 contenderent
2169 296 2180 314 ,

1145 343 1170 361 ,,
1186 313 1370 351 haerebam
1386 323 1501 352 tamen
1518 344 1528 362 ,
1556 329 1670 368 neque
1688 321 1814 367 ingenii
1830 323 1880 358 tui
1898 322 2065 359 iudicium
2085 334 2181 370 prae-

1147 370 1303 416 „sertim
1318 398 1329 416 ‚
1363 379 1401 407 vt
1423 371 1600 408 Secundus
1629 374 1674 409 ait
1689 402 1699 419 ‚
1727 371 1913 413 laceffitum
1938 375 2050 413 subire
2076 377 2180 413 aude-

1147 452 1170 471 „
1185 422 1277 461 bam.
1342 426 1464 476 Neque
1486 428 1579 462 enim
1601 425 1645 464 fic
1659 436 1736 464 toto
1753 458 1762 476 ,
1795 438 1832 465 vt
1849 431 1917 467 dici
1934 431 2019 469 solet
2035 461 2045 480 ‚
2082 430 2180 469 caelo

1147 507 1172 526 ,‚
1187 478 1341 516 errabam
1353 508 1364 526 ‚
1379 489 1416 516 vt
1431 493 1505 517 non
1522 481 1679 519 viderem
1701 495 1782 519 eum
1805 481 1874 519 esse
1895 495 1947 531 te,
1962 499 2067 536 quem
2088 485 2180 539 quafi

1148 562 1172 581 „
1185 533 1414 572 Lucillianum
1448 534 1545 572 illum
1567 535 1715 573 Perfium
1749 540 1910 574 omnium
1946 540 2181 579 doc‘tiffimum

1147 617 1171 636 „
1187 599 1341 626 metuere
1357 591 1461 626 etiam
1477 591 1601 628 eruditi
1617 590 1774 629 debeant.
1830 594 1920 644 Qus
1935 596 2026 630 enim
2042 624 2052 641 ‚
2079 586 2181 647 quae-

1148 671 1172 690 „
1188 645 1225 682 so
1243 674 1253 691 ,
1290 643 1345 681 vel
1367 647 1504 682 vnicam
1526 646 1620 692 oden
1643 642 1739 683 tu'am
1762 648 1873 695 Egidii
1894 650 2042 685 Romani
2065 649 2181 689 laudes

1148 727 1171 746 „
1189 702 1427 737 continentem
1444 699 1557 749 legere
1572 704 1687 749 potuit
1702 732 1711 749 ‚
1747 712 1783 738 vt
1803 712 1836 738 te
1853 702 2028 739 sumnmm
2045 706 2080 740 in
2095 708 2181 742 Poe-

1149 757 1251 801 „tica
1269 767 1342 792 non
1359 754 1586 804 agnosceret?
1621 759 1710 804 Qiis
1732 755 1859 793 librum
1884 757 1926 794 de
1942 757 2107 798 Ecclesiae
2131 762 2182 796 in-

1151 837 1174 856 „
1193 819 1373 847 cremento
1389 823 1407 847 a
1426 820 1461 847 te
1477 810 1710 860 conscriptum
1734 821 1768 848 et
1784 812 1900 849 diuina
1915 813 2091 850 Pontificis
2107 817 2182 850 Ma-

1151 891 1175 910 „
1191 867 1277 902 ximi
1291 878 1380 902 voce
1396 865 1570 903 laudatum
1587 879 1659 903 non
1676 866 1881 904 admiratur?
1911 870 1999 916 Qus
2016 868 2184 920 eloquen-

1150 923 1256 965 „tiae
1279 929 1359 958 tuae
1374 919 1518 959 fulmina
1537 921 1759 972 aequauerit?
1795 925 1884 970 Qiis
1908 924 1950 960 ad
1972 924 2126 973 populos
2147 934 2183 961 te

1149 1003 1174 1021 ,‚
1189 977 1458 1013 concionantem
1473 977 1615 1024 audiuit,
1634 980 1693 1028 qui
1708 990 1780 1015 non
1795 991 1901 1015 voces
1918 988 1991 1015 tuas
2000 979 2101 1016 Paulli
2118 978 2183 1016 effe

1150 1057 1173 1076 ‚‚
1189 1033 1340 1068 tonitrua
1365 1044 1437 1068 non
1452 1032 1725 1070 existimauerit?
1760 1035 1850 1081 Qus
1868 1043 1946 1071 tuae
1970 1033 2058 1071 illius
2081 1034 2184 1072 dialc-

1149 1113 1172 1131 ‚,
1189 1084 1296 1123 &ricae
1336 1085 1527 1124 subtilitatis
1569 1090 1732 1124 ceratinas
1772 1098 1807 1125 et
1842 1088 1962 1126 soritas
1995 1090 2155 1138 effugerit
2170 1087 2184 1127 ἓ

1149 1169 1172 1188 „
1188 1144 1309 1189 Quem
1336 1154 1444 1191 porro
1469 1141 1583 1187 lateat,
1594 1153 1762 1194 quantum
1788 1145 1824 1180 in
1851 1145 1912 1192 iis,
1941 1157 2028 1195 quae
2045 1143 2183 1191 Physica

1149 1224 1172 1243 ,,
1190 1208 1349 1248 quaeque
1371 1199 1456 1234 item
1477 1194 1709 1248 Metaphyfica
1729 1200 1952 1236 nominantur
1967 1228 1977 1246 ‚
2013 1209 2184 1250 quantum

1148 1280 1170 1298 ‚‚
1186 1252 1336 1303 denique
1350 1253 1386 1289 in
1401 1252 1570 1290 sacrarum
1586 1252 1758 1291 literarum
1781 1254 1898 1291 studiis
1915 1255 2049 1304 semper
2070 1254 2185 1292 excel-

1145 1334 1167 1353 „
1184 1306 1313 1346 lucris?
1342 1307 1436 1356 Qid
1458 1307 1555 1357 plura
1573 1306 1585 1345 ?
1617 1318 1652 1346 te
1666 1322 1773 1347 vnum
1790 1308 2045 1359 intelligebam,
2060 1313 2116 1347 cui
2133 1312 2185 1347 ni-

1150 1386 1173 1407 ,,
1190 1362 1239 1399 hil
1253 1375 1324 1399 non
1340 1360 1469 1400 lestum
1486 1393 1496 1412 ,
1532 1362 1619 1400 nihil
1643 1377 1716 1401 non
1732 1363 1946 1402 intellectum
1971 1364 2062 1403 effet.
2117 1366 2185 1403 Sed

1149 1446 1171 1465 ‚,
1188 1417 1276 1455 bene
1299 1431 1404 1469 quem
1423 1418 1555 1455 summa
1579 1417 1736 1456 doctrina
1758 1418 2017 1457 formidabilem
2042 1421 2184 1458 effinxe-

1150 1501 1173 1519 „
1192 1483 1241 1510 rat
1260 1503 1270 1520 ‚
1311 1473 1462 1511 eundem
1491 1476 1582 1511 vitae
1615 1473 1772 1512 sanc‘titas
1805 1473 1988 1512 amabilem
2023 1476 2186 1513 reddidit.

1148 1532 1306 1580 „Neque
1321 1531 1414 1566 enim
1431 1528 1520 1566 mihi
1534 1532 1692 1580 quamuis
1709 1543 1726 1568 a
1741 1528 1978 1578 telongissime
1994 1531 2183 1568 constituto

1146 1612 1170 1630 >⁷
1185 1584 1313 1622 nescire
1328 1587 1548 1633 permittitur,
1557 1597 1661 1636 quam
1679 1584 1794 1623 bonus
1809 1586 1983 1623 commiffi
1997 1584 2059 1623 tibi
2074 1588 2186 1635 gregis

1148 1667 1170 1686 ‚‚
1185 1639 1297 1689 pastor
1312 1641 1432 1677 existas
1448 1670 1458 1687 ‚
1493 1650 1531 1677 vt
1553 1639 1750 1689 languentes
1773 1639 1894 1678 foueas
1912 1671 1922 1689 ,
1962 1650 2000 1678 vt
2022 1641 2186 1679 demiffos

1152 1723 1175 1742 ,,
1190 1697 1297 1744 erigas
1312 1725 1322 1742 ‚
1358 1704 1396 1732 vt
1419 1694 1608 1749 salubribus
1631 1695 1774 1733 medelis
1802 1706 1860 1733 aut
1880 1698 2029 1735 venienti
2056 1695 2186 1734 morbo

1153 1776 1177 1798 ,‚
1194 1762 1355 1788 occurras
1371 1778 1383 1795 ,
1416 1759 1474 1786 aut
1492 1749 1646 1785 eundem
1666 1749 1690 1785 fi
1704 1749 1796 1786 forte
1817 1750 2067 1788 irroborauerit
2088 1764 2186 1789 amo-

1153 1832 1176 1850 „
1190 1816 1279 1841 veas.
1341 1802 1468 1839 Noster
1490 1802 1582 1839 ordo
1597 1831 1608 1848 ‚
1638 1803 1820 1853 quod‘diu
1844 1807 2090 1852 exoptauimus
2106 1835 2116 1853 ‚
2150 1815 2186 1842 te

1155 1885 1179 1903 ‚‚
1198 1855 1339 1894 austore
1355 1857 1403 1892 est
1420 1858 1608 1902 integratus
1627 1884 1638 1901 ,
1668 1866 1702 1892 te
1717 1858 1883 1904 Magistro
1899 1858 1960 1894 fibi
1985 1861 2157 1895 restitutus
2174 1861 2188 1907 ,’

1150 1937 1172 1955 ,,
1189 1920 1223 1945 te
1239 1910 1473 1945 intercedente
1489 1909 1633 1945 summis
1649 1910 1838 1959 priuilegiis
1853 1911 2069 1960 honestatum,
2098 1925 2187 1964 quae

1148 1990 1171 2007 „
1188 1976 1269 1999 cum
1288 1965 1406 2000 animo
1423 1962 1602 2001 volucrem
1621 1962 1720 2002 facile
1743 1964 1979 2015 percipiebam
2000 1997 2010 2014 ‚
2045 1977 2099 2016 te,
2124 1970 2186 2020 qui

1148 2045 1172 2064 „
1188 2018 1366 2055 vniuersos
1390 2020 1436 2055 ita
1452 2018 1616 2067 dirigeres
1633 2047 1642 2061 ‚
1676 2019 1827 2070 fingulos
1852 2035 1925 2059 non
1948 2032 2186 2061 contemnere,

1147 2100 1170 2119 ‚,
1189 2075 1270 2109 Hoc
1286 2072 1436 2125 denique
1452 2074 1544 2125 quafi
1569 2075 1683 2113 addita
1700 2075 1850 2126 obrepfit
1865 2077 2004 2115 audacia
2019 2108 2029 2125 ‚
2058 2092 2186 2130 meque

1146 2155 1168 2174 ‚‚
1185 2126 1266 2165 illuc
1283 2129 1477 2178 impulit,vt
1496 2129 1538 2167 ad
1554 2139 1599 2178 te,
1618 2130 1709 2182 quafi
1726 2132 1769 2169 ad
1786 2140 1916 2170 numen
1929 2127 2082 2184 aliquod,
2100 2147 2186 2172 con-

1147 2211 1169 2230 „
1184 2182 1355 2232 sugerem,
1368 2195 1402 2222 et
1418 2184 1675 2238 qualescunque
1691 2186 1821 2236 vigilias
1835 2201 1929 2226 meas
1945 2188 2007 2226 tibi
2023 2189 2184 2227 dicarem.

1149 2267 1172 2287 ‚,
1188 2240 1299 2287 Qod
1321 2238 1453 2277 faaum
1476 2254 1596 2278 meum
1619 2241 1705 2279 boni
1731 2243 1887 2281 consulas
1903 2241 2050 2283 obsecro
2064 2275 2075 2292 ‚
2111 2258 2186 2282 me-

1151 2322 1174 2341 „
1189 2296 1400 2346 minerisque
1427 2309 1486 2334 me
1503 2296 1593 2348 quafi
1610 2310 1682 2334 non
1699 2299 1893 2348 postremae
1910 2309 2014 2337 notae
2029 2299 2186 2338 villicum

1150 2376 1173 2396 ‚‚
1189 2349 1253 2387 hac
1277 2350 1345 2398 ipia
1366 2351 1540 2390 dicatione
1564 2355 1735 2391 rationem
1759 2357 1823 2392 otii
1845 2357 1914 2392 mei
1931 2353 2097 2393 exhibere
2119 2353 2185 2393 tibi

1149 2432 1173 2451 ³>
1187 2403 1329 2443 voluiss'e
1345 2435 1357 2452 ,
1390 2419 1495 2457 quem
1511 2416 1550 2445 tu
1567 2407 1621 2445 vel
1640 2418 1678 2445 vt
1702 2409 1846 2458 diligens
1870 2409 2111 2459 paterfamilias
2132 2413 2186 2447 in-

1151 2461 1321 2510 „spicere
1338 2473 1409 2498 non
1426 2462 1644 2511 grauaberis‚
1678 2464 1733 2501 vel
1758 2474 1849 2507 certe
1874 2473 1911 2502 vt
1933 2464 2047 2502 bonus
2071 2466 2186 2515 pastor

1148 2543 1170 2561 „
1188 2529 1230 2552 ne
1246 2514 1381 2565 pufillae
1398 2518 1541 2568 quidem
1555 2520 1634 2555 ouis
1650 2517 1787 2557 foetum
1803 2519 1867 2557 tibi
1882 2521 2185 2558 contemnendum

1147 2598 1169 2616 „
1185 2571 1346 2620 putabis,
1376 2572 1439 2613 sed
1461 2572 1582 2611 vmbra
1610 2576 1727 2622 potius
1755 2577 1807 2612 tui
1830 2577 1983 2613 nominis
2010 2586 2183 2626 proteges.

1147 2653 1170 2673 ,,
1225 2627 1298 2664 uod
1313 2624 1335 2663 [i
1351 2657 1362 2675 ‚
1389 2637 1426 2665 vt
1442 2627 1542 2677 spero
1557 2658 1568 2676 ,
1593 2626 1716 2666 feceris
1733 2659 1744 2676 ‚
1771 2630 1813 2668 ad
1827 2630 1999 2668 summam
2015 2641 2183 2669 votorum

1146 2705 1169 2727 5,
1187 2695 1348 2719 meorum
1364 2682 1556 2732 peruenisse
1572 2683 1662 2721 mihi
1683 2684 1851 2733 videbor,
1880 2698 1918 2723 ac
1934 2696 1998 2724 tuo
2015 2685 2106 2739 quasi
2123 2699 2184 2725 co-

1145 2763 1168 2784 „
1184 2737 1358 2786 lophonio
1378 2738 1541 2788 suffragio
1556 2768 1567 2786 ‚
1610 2748 1648 2776 vt
1669 2741 1706 2777 in
1722 2743 1831 2778 veteri
1847 2740 1957 2780 verbo
1980 2742 2028 2780 est
2042 2771 2052 2790 ,
2087 2743 2184 2780 adiu-

1148 2821 1172 2840 ‚‚
1185 2792 1268 2840 tus,
1303 2794 1340 2830 in
1364 2790 1502 2843 fingulis
1526 2796 1630 2831 etiam
1654 2794 1765 2833 tribus
1788 2795 1917 2846 puncf³ffl
1942 2799 2059 2835 omnia
2074 2797 2184 2834 tuliffe

1147 2860 1171 2895 5,
1185 2861 1243 2885 me
1259 2848 1462 2887 existimabo
1477 2879 1488 2897 ‚
1523 2863 1588 2887 nec
1603 2853 1720 2888 aetatis
1737 2860 1871 2889 tantum
1886 2852 2020 2890 nostrae
2035 2851 2183 2889 oblatra-

1148 2931 1171 2951 „
1187 2910 1282 2941 to'res
1300 2932 1311 2950 ‚
1345 2903 1403 2941 sed
1425 2915 1460 2943 et
1473 2903 1687 2943 celebratum
1710 2905 1808 2943 illum
1835 2905 2010 2944 veteribus
2031 2906 2184 2944 modum

1146 2986 1170 3006 ‚‚
1187 2969 1420 2998 contemnam.
1476 2960 1559 2998 Vale
1573 2971 1668 3010 pater
1687 2963 1727 2999 R.
1743 2971 1778 2999 et
1794 2963 2100 3011 congregationem
2115 2973 2183 2999 no·

1145 3039 1169 3061 5,
1183 3015 1283 3052 stram
1298 3026 1338 3051 ac
1355 3015 1555 3064 praesertim
1567 3017 1836 3066 Bergomensem
1852 3018 2078 3054 Conuentum
2090 3015 2182 3054 habe

1145 3098 1169 3116 ‚‚
1187 3070 1575 3108 commendatiffimum.
1647 3074 1738 3109 Nam
1765 3075 1808 3109 ‘et
1851 3080 1884 3108 te
1899 3100 1910 3118 ,
1946 3081 1984 3108 vt
2025 3069 2154 3109 debent
2171 3101 2182 3120 ‚

1145 3154 1168 3173 ‚,
1183 3137 1308 3162 omnes
1331 3126 1614 3164 mirifice'amant
1636 3140 1674 3164 ac
1689 3135 1888 3164 reuerentur
1904 3133 1942 3163 et.
1960 3138 2012 3164 me
2032 3123 2182 3180 decrepi-

1145 3209 1169 3228 „
1186 3190 1256 3217 tum
1265 3179 1448 3228 imnfi’nem
1467 3193 1570 3236 atque
1585 3181 1688 3219 oculis
1701 3191 1832 3233 captum
1849 3183 1937 3218 mira
1945 3183 2072 3232 pietate
2083 3194 2183 3220 com-

1145 3263 1168 3283 „
1183 3234 1391 3285 plestuntur.
1450 3235 1780 3286 BergomiKalendis
1790 3234 1958 3274 Octobris
1977 3251 2004 3274 M
2018 3251 2041 3274 D
2054 3251 2112 3274 1x.
2131 3267 2155 3285 „

1226 3304 1366 3344 Sublato
1389 3321 1409 3344 e
1437 3309 1525 3345 viuis
1543 3321 1564 3344 c
1580 3322 1600 3345 A
1616 3321 1634 3343 1.
1650 3321 1666 3342 ε
1683 3319 1700 3342 t>
1715 3320 1726 3342 1
1740 3319 1764 3342 N
1779 3320 1802 3342 ο
1827 3306 1976 3345 studiose
1999 3306 2184 3358 quamplu-

1145 3363 1224 3398 rimi
1248 3363 1283 3398 in
1309 3363 1383 3400 eius
1404 3361 1545 3400 meffem
1565 3362 1638 3399 suas
1661 3359 1766 3398 falces
1783 3363 1942 3400 iniecere.
2012 3363 2185 3400 Oneratur

1144 3415 1281 3465 prelum
1294 3426 1330 3454 et
1346 3417 1389 3454 ad
1404 3418 1594 3462 satietatem
1607 3415 1714 3466 vsque
1734 3426 1918 3454 exercetur
1936 3447 1946 3465 ‚
1981 3417 2184 3468 prodiitque

1143 3474 1302 3512 Lexic'on
1329 3486 1349 3510 c
1359 3485 1385 3510 'A
1399 3487 1418 3510 L
1433 3487 1451 3509 E
1467 3487 1484 3509 p
1498 3487 1511 3509 1
1524 3485 1548 3508 N
1563 3485 1595 3518 1,
1617 3470 1671 3520 vel
1694 3470 1813 3509 saltem
1835 3470 2091 3524 Calepinianum
2121 3485 2186 3509 no-

1144 3539 1227 3564 meu
1242 3525 1424 3576 profitens,
1433 3536 1486 3564 tot
1502 3524 1649 3574 vicibus,
1664 3536 1700 3564 vt
1713 3533 1823 3576 paene
1837 3527 1990 3565 taedium
2005 3525 2088 3575 esset
2101 3540 2186 3565 enu-

1128 3595 1288 3629 merare.
1346 3578 1442 3631 Qias
1457 3582 1629 3628 editiones
1645 3580 1700 3619 vel
1714 3581 2104 3630 oculis‘vsurpauimus‚
2130 3581 2187 3620 vel

1147 3636 1190 3674 de
1210 3638 1252 3674 iis
1277 3637 1427 3685 legendo
1448 3636 1641 3688 'quidquam
1666 3639 1863 3686 accepimus
1877 3665 1888 3684 ‚
1915 3632 2160 3676 subnectemus
2176 3667 2187 3685 ,

1226 3691 1253 3729 h
1270 3716 1275 3720 ·
2074 3691 2190 3743 plures

129 3732 138 3746 ι
150 3737 154 3742 ·
858 3746 863 3750 ,
875 3743 879 3746 Δ

97 3746 130 3781 ,0)
150 3743 263 3794 ''fido-'fi
271 3757 334 3793 ⁰1th
347 3748 446 3788 delfito
458 3752 630 3789 infictt'cabile
641 3754 752 3792 ingegno
765 3755 789 3783 le
803 3747 997 3796 dichici'rgm'oni
1011 3757 1076 3786 delle
1090 3760 1148 3787 voci
1162 3759 1176 3786 ὁ
1187 3759 1283 3797 parole
1295 3759 1340 3788 che
1354 3759 1391 3787 da
1405 3758 1552 3796 lw'fnro'no
1565 3763 1605 3788 rit-⁹
1614 3760 1751 3797 ginvanili
1768 3759 1834 3792 anni
1845 3757 1976 3796 publicare
1990 3781 1999 3794 ‚
2020 3769 2034 3786 ε
2045 3750 2132 3796 pescia
2145 3771 2191 3789 con

134 3795 254 3834 maggior
267 3787 398 3834 ‹siligenza
411 3801 526 3821 coi-rme
541 3814 549 3827 ‚
572 3803 597 3821 et
607 3798 734 3832 omphale
750 3794 853 3823 mando
862 3795 1035 3826 ›inovanti-me
1046 3799 1099 3827 alla
1108 3799 1228 3836 stampe,
1250 3810 1262 3827 e
1276 3801 1301 3828 le
1311 3799 1420 3828 intitolo'
1433 3798 1466 3826 al
1474 3800 1562 3828 padre
1573 3801 1668 3839 Egidio
1684 3800 1720 3828 du
1734 3799 1861 3832 l'itcrbo,
1868 3801 1965 3828 Priore
1980 3800 2110 3828 Generale
2123 3801 2190 3829 della

127 3825 182 3864 fim
197 3825 333 3869 Relrgaqm.
367 3831 470 3862 Ghiliui
485 3834 593 3863 Teatro
607 3835 759 3864 d'hnomiui
776 3835 901 3866 letterati.
924 3851 928 3858 ·
956 3837 984 3873 b)
1011 3840 1071 3867 Hoc
1083 3841 1120 3869 est
1133 3840 1261 3876 fortaffe,
1272 3841 1347 3880 quod
1360 3839 1515 3875 voluitllfih.
1530 3840 1565 3869 de
1578 3843 1664 3870 Ianua
1680 3863 1688 3876 ‚
1720 3862 1737 3875 „
1752 3842 1793 3868 De
1808 3840 1905 3868 ordine
1924 3839 2040 3879 fratrum
2056 3842 2192 3870 Praedica-

138 3887 156 3902 ‚,
171 3874 259 3894 torum
279 3869 402 3900 modicus.
424 3893 444 3906 „
