2474 4182
317 162 376 201 531
708 147 746 185 A
819 141 857 180 v
933 140 968 180 E
1809 141 2037 184 AVE
2349 129 2435 205 '53,

353 242 535 265 Avvrson
545 256 553 268 ,
573 235 636 261 oris.
655 243 690 259 m.
713 230 885 265 [κ’ποσπκςὴς]
921 230 987 257 ΡΙὶη.
995 239 1022 264 9,
1031 238 1064 265 45
1083 231 1137 258 Vbi
1146 230 1293 257 annlsorein
1302 229 1355 255 sen·
1410 230 1488 255 anr.
1503 232 1529 262 6,
1543 235 1598 265 738.
1634 232 1709 260 Freta
1723 235 1828 261 Auerna
1847 233 1921 269 Virg.
1937 233 2035 268 Georg.
2051 242 2082 267 2,
2100 237 2158 270 ¹⁶4—
2204 236 2252 263 Sil.
2266 244 2301 269 15,
2314 240 2354 272 76.
2365 222 2449 276 Degis*

317 273 387 305 sere,
403 272 551 299 contrat-“tae
562 270 644 296 multo
657 266 790 294 difficilius
807 265 1000 293 abstrahuntur.
1411 275 1486 291 ”ffl'CS
1498 267 1613 293 tenebris
1627 270 1725 296 anim&
1739 270 1873 296 ‘lamnam‘
1887 269 2001 296 auefflss·
2127 269 2130 275 Ι
2195 270 2218 308 Ἴ
2239 281 2250 304 3
2271 263 2447 312 Auemusff‘l

354 315 405 336 AV
417 309 463 334 EN
474 316 510 339 Α,
532 315 568 332 ae.
589 306 608 330 s.
644 310 667 329 ct
687 306 779 329 vitium
794 302 924 338 frumenti
943 301 993 336 ί1Ιῖ,
1013 303 1058 328 Gr.
1081 300 1210 335 οἷ’γῖλωῷ,
1231 307 1254 326 ff
1274 308 1356 339 gf’ms
1412 302 1492 327 Pluffl·
1550 303 1608 328 val·
1625 304 1705 331 Flam·
1720 307 1818 340 Argon*
1833 315 1858 338 2,
1871 308 1928 337 603.
1965 312 1988 330 Η
2000 312 2023 337 3’
2037 310 2084 338 343
2119 319 2165 325 ‘⁸‘
2199 307 2257 333 Viso
2272 308 2356 341 pun-'⁶¹⁵
2369 305 2447 341 dems·
2467 317 2469 319 ¹

315 344 448 380 frumenti,
456 342 519 378 quad
529 352 543 367 a
553 341 653 366 Graccis
667 338 758 373 βμῖμθς
770 338 915 373 αΡΡΡΙΙαιάν.
952 337 1106 374 Confimacre
1120 337 1219 363 videtur
1242 336 1307 362 Plin.
1322 340 1356 374 181
1410 337 1497 363 0¹¹¹f¹i⁵
1512 338 1628 365 ΑΗΕΠῙΟ·
1681 341 1857 370 Simulacrum
1875 341 1977 368 Auerni
1991 339 2088 367 sssdflffe
2101 348 2217 368 memorat
2236 343 2342 370 semim
2354 345 2386 372 ad
2396 348 2443 376 ὃν
2457 334 2462 344 .

317 389 345 415 ,7
360 381 377 406 Γ,
393 390 430 413 44
451 378 565 403 Primum
580 375 701 400 omnium
714 374 842 400 frumenti
856 374 954 400 vitium
967 382 1049 400 auena
1064 373 1116 405 cst,
1142 379 1167 398 et
1182 372 1312 398 hordeum
1328 380 1354 396 m
1374 384 1387 410 ς
1408 381 1466 407 org.
1481 381 1510 404 2>
1525 375 1581 406 ¹64·
2382 377 2384 380 Ι
2446 374 2461 383 w

316 425 374 442 eam
388 415 540 447 degenerat,
559 410 622 436 licut
635 411 690 445 ipsa
703 410 831 436 frumenti
845 409 874 436 fit
886 410 976 443 instar,
983 410 1080 444 quippe
1095 417 1177 442 quum
1197 406 1355 433 Germaniae
1445 415 1465 434 Λ
1478 415 1499 432 ν
1509 415 1553 435 ER
1564 415 1584 435 Ν
1594 410 1615 434 Ᾰ
1622 416 1658 435 Ι,·ι
1668 415 1697 442 S,
1715 420 1738 438 e.
1757 412 1817 440 Adi.
1848 412 1998 449 [Ἀόρνειος]
2035 418 2081 443 vt,
2100 412 2192 446 Aquae
2218 412 2362 441 Auernales
2377 416 2449 447 Hom,
2463 401 2467 410 Ι

315 450 407 486 populi
423 448 498 474 edant
512 455 584 477 cam,
604 455 690 480 neque
703 446 755 472 alia
769 446 840 480 pulte
857 446 957 472 viuant.
1030 446 1130 470 Narrat
1149 443 1250 474 deinde,
1270 442 1356 478 quibus
1409 444 1490 478 Epod.
1507 452 1529 476 5,
1543 446 1578 470 26
1595 445 1735 473 Auernales
1750 448 1889 483 Nymphae
1907 448 1988 475 Ouid.
2004 449 2068 474 Met.
2083 455 2106 480 ς,
2123 455 2183 481 540.
2443 448 2450 476 'j

315 485 391 517 caulis
405 483 467 509 iuml
478 485 569 509 vitium
581 485 687 508 oriatur.
757 482 813 508 Cic.
828 481 859 508 de
872 482 929 508 Fin.
944 489 956 514 5
969 490 990 507 c.
1005 489 1035 512 30
1064 480 1097 505 At
1111 480 1181 504 enim
1194 487 1243 512 qui
1258 478 1285 504 in
1300 479 1355 504 vita
1445 487 1466 506 Λ
1476 487 1496 505 v
1506 487 1521 506 ir
1532 487 1549 506 R
1560 487 1578 506 R
1587 487 1606 506 0
1616 500 1623 512 ,
1645 482 1698 507 gre,
1741 484 1863 511 ism-mdo
1877 484 1910 510 ad
1923 487 2043 510 minutim-
2055 493 2130 519 „sque
2142 482 2252 520 anfi-,73
2289 485 2361 517 Qms
2368 487 2458 522 opor-9·

316 515 359 547 est*
368 518 469 554 aliquid
482 518 561 549 mali,
581 526 610 544 ea
625 518 699 544 beata
713 517 761 544 ess'e
773 527 826 544 non
841 517 931 552 potest.
1003 516 1045 542 Ne
1067 515 1136 548 seges
1151 514 1258 549 quidem
1274 514 1356 548 igitur
1410 516 1461 542 tuit
1474 516 1562 541 amiffa
1574 515 1727 549 restituere,
1745 517 1816 545 hisce
1829 520 1910 547 etiam
1923 520 2050 555 reliquias
2064 524 2220 546 auerterunt
2238 519 2293 545 Lic.
2306 521 2392 549 Macer
2402 531 2447 560 ap„

315 556 390 591 spicis
411 554 537 581 vberibus
550 560 575 579 et
589 553 702 586 crebris,
721 553 739 579 fi
753 562 862 580 auenani
878 553 977 587 vspiam
990 550 1098 577 videris.
1135 552 1209 584 Virg.
1224 549 1354 584 Ecl.5,37.
1368 557 1397 574 ιο
1409 551 1532 579 Priscian.
1545 560 1573 577 10
1588 561 1612 585 p,
1627 560 1687 583 900-

314 599 337 617 ct
352 592 449 624 Georg.
464 599 482 621 1,
496 598 534 622 153
555 589 650 616 Infelix
666 589 776 621 lolium,
796 596 822 615 et
836 589 933 615 steriles
955 587 1125 614 dominantur
1143 594 1249 612 auenae.
1301 587 1356 621 ‚Quo
1446 595 1468 614 A
1478 594 1498 613 v
1508 594 1523 613 Ε
1533 594 1550 613 R
1562 594 1579 612 R
1590 595 1610 613 v
1624 593 1643 612 Ν
1655 594 1717 620 CO,
1738 592 1791 615 are.
1812 590 1971 625 [Ἀποτέμνω
1987 592 2045 618 Vet.
2062 590 2164 624 Gloffi]
2200 590 2341 625 Antiquam·
2351 590 2447 622 verbum¹

313 629 364 653 Ioco
379 626 500 658 Seruius,
519 624 624 652 Steriles
636 625 690 651 dici
702 634 715 651 a
729 625 845 659 Virgilio
860 625 912 656 ait,
925 623 957 650 ad
974 623 1160 649 discretionem
1175 631 1275 652 earum,
1289 630 1355 660 quae
1409 621 1542 655 rufin-um,
1564 623 1649 648 uolunt
1661 623 1760 658 quidam
1774 624 1842 660 quast
1854 628 1939 653 Runca
1954 627 2180 662 vitium-sarmenta
2199 633 2309 652 auertere
2328 634 2351 652 e,
2365 635 2441 666 ΔΨ,

310 663 443 690 seruntur.
478 664 570 697 Nempe
580 661 679 697 seritur
691 663 779 692 ctiam,
795 660 829 686 ml
838 660 962 696 pabulum.
1011 658 1116 685 Colum.
1132 667 1158 689 2,
1173 667 1205 690 11,
1219 666 1234 689 9
1256 656 1355 682 Similis
1408 664 1478 688 tare,
1498 658 1550 684 vid.
1568 665 1586 684 R
1596 664 1616 683 V
1627 665 1711 686 Neo.
1748 660 1795 687 sea
1802 660 1942 696 fimplicius
1954 661 1988 695 est
1999 663 2063 689 illua
2077 662 2189 688 derium-e
2202 671 2218 688 a
2232 663 2436 695 Verrunc0‚vm

312 698 379 724 satio
392 706 505 730 auenae,
525 705 592 732 quae
611 697 754 723 aut‘hnnno
780 697 847 728 sata,
868 696 965 730 partim
985 694 1103 721 caeditur
1123 695 1151 720 in
1170 694 1293 724 foenum,
1312 692 1354 717 vel
1411 695 1477 720 Nam
1510 695 1694 721 Auerruncare
1718 694 1895 732 [imi-eima]
1929 701 2050 725 Auertere
2069 705 2093 724 et
2112 697 2242 733 deffluere,
2258 704 2305 732 Per
2329 705 2375 725 met

312 734 456 768 pabulum,
475 733 538 760 dum
553 732 635 759 adhuc
650 733 719 759 viret
733 741 738 755 τ
776 733 872 765 partim
886 730 979 757 semini
995 730 1149 757 custoditur.
1194 730 1299 755 Interim
1312 737 1354 752 an-
1370 734 1393 760 15
1408 739 1470 756 ram.
1543 730 1602 756 Liu.
1617 735 1648 762 8,
1663 732 1680 756 6
1709 730 1808 758 Placuit
1823 734 2032 760 auerruncandae
2045 732 2125 761 desum
2139 734 2212 765 irae,
2231 732 2352 759 viffimas
2365 730 2439 767 cadi,

309 773 389 805 tiquis
403 771 521 796 Romanis
533 772 579 795 vix
598 770 673 796 aliter
687 771 792 797 Aut-na,
811 777 882 804 quam
897 774 946 802 pro
965 770 1039 792 vanis
1051 767 1137 791 culmis
1151 771 1174 790 et
1180 762 1286 803 stipulis
1293 762 1356 803 fru-
1409 766 1440 791 Et
1455 773 1491 796 10,
1508 773 1534 796 :23
1557 766 1593 791 Eo
1606 774 1675 792 anno
1688 766 1810 801 prodigia
1823 768 1907 795 multa
1919 769 2044 802 fuerunt,
2062 777 2180 804 quorum
2191 769 2382 796 auerruncand

309 815 363 842 gem
384 815 430 831 non
443 804 596 832 habentibus.
632 804 706 838 Virg.
721 804 817 837 (ieorg.
833 812 852 835 1,
867 805 917 829 226
933 802 1070 836 Expectata
1087 802 1156 833 seges
1170 808 1243 839 vanis
1254 798 1353 838 ⁴delulit
1409 801 1483 826 causa
1498 801 1698 835 supplicationes
1713 803 1740 828 in
1754 803 1865 829 biduum
1879 804 1980 832 senatus
1993 805 2120 832 decreuit.
2156 805 2224 831 Cato
2239 804 2270 830 de
2285 805 2316 830 R.
2330 804 2352 831 R
2400 798 2432 835 ῑ”’;·

311 841 410 867 auenis.
482 839 627 873 Symmach.
643 849 681 872 10,
696 841 723 865 61
740 848 763 873 p.
777 848 834 873 444
856 839 911 865 Nec
927 838 1023 870 rubigo
1038 836 1168 869 segetibus
1182 834 1289 866 obtuit,
1307 842 1354 860 nec
1408 837 1480 862 Mars
1504 843 1592 870 pater,
1618 843 1645 863 tc
1670 847 1782 872 precor,
1814 840 1964 875 quaesoque
1985 842 2026 868 vti
2048 839 2209 867 calamitates
2229 839 2402 874 intemperi
2418 842 2424 860 ’τ

308 885 392 904 auena
405 877 493 910 fruges
506 875 618 902 necauit.
667 874 820 902 Ambrosius·
834 874 865 900 de
879 873 1040 908 poenitentia
1054 871 1170 897 laudatur
1181 870 1253 896 Tur.
1268 878 1305 902 19,
1320 878 1354 902 29
1408 871 1577 906 prohibessis,
1596 872 1732 905 defendas,
1751 883 1969 910 auerruncesque.
2046 876 2102 903 Cic.
2116 877 2169 902 Att.
2182 883 2209 907 9,
2222 884 2238 902 2
2269 876 2331 908 Dii,
2344 875 2360 902 ι
2383 890 2388 907 .-
2425 870 2439 895 ’Ὗ

309 913 396 947 Atque
416 912 516 938 vtinam
529 912 593 938 hanc
606 911 727 946 stipulam
741 911 768 936 in
783 911 872 940 inesse,
895 909 943 934 hoc
957 908 992 933 est
1007 908 1112 932 inanem
1125 914 1236 932 alienam
1249 905 1353 932 frufffls
1367 914 1398 932 20
1407 914 1591 934 auerruncent.
1628 909 1700 936 Non.
1716 919 1741 945 2,
1755 919 1791 943 49
1809 919 1840 937 ex
1854 911 1938 937 Lucil.
1951 911 1998 938 lib.
2013 914 2046 938 26
2065 912 2113 938 Dii
2124 911 2267 938 maluerint
2279 911 2384 945 (Μενιι.ι
2426 905 2439 926 ¹¹¹

309 950 363 974 mei
396 957 451 974 non
481 947 598 975 obiiciat.
640 947 697 974 Via.
732 949 829 972 omnino
862 943 962 983 Salmas
995 942 1029 969 ad
1060 944 1137 983 Soliu-⁵
1158 951 1181 976 p.
1205 950 1260 973 153,
1274 941 1350 981 b·sq:
1407 943 1513 975 verint)
1532 944 1660 977 meliora,
1680 951 1760 980 atque
1773 947 1916 973 amentiam
1928 947 2130 973 auerruncass'int
2145 953 2226 973 tuam.
2298 948 2349 973 Hic
2361 956 2387 974 υ
2428 943 2439 958 '¹

308 981 329 1021 fl
349 993 365 1011 2
384 985 490 1016 Auena,
504 991 553 1019 pro
577 983 673 1010 Culmo
696 989 719 1008 cc
744 981 836 1006 fistula.
874 981 947 1013 Virg.
964 979 1015 1004 Ecl.
1031 987 1055 1010 1,
1071 986 1086 1004 2
1114 977 1352 1017 biluestrem‘temu
1405 982 1480 1006 etiam
1501 977 1534 1012 est
1557 981 1633 1008 Varr.
1657 980 1689 1007 de
1713 982 1742 1008 L.
1766 982 1796 1008 L.
1819 984 1846 1014 6,
1863 989 1876 1015 5
1891 992 1916 1017 p.
1930 987 1966 1014 81,
1979 991 2012 1009 22
2029 983 2067 1009 DI
2079 982 2215 1010 monerint
2228 982 2314 1016 (Scal.
2328 985 2356 1009 in
2382 998 2383 1001 ,
2428 982 2433 1007 3

308 1021 408 1046 musam
428 1019 564 1046 meditaris
586 1027 677 1045 auena.
752 1016 800 1044 Vbs
825 1015 931 1041 Seruius
947 1025 952 1040 :
988 1016 1092 1046 Auem-1,
1113 1013 1237 1055 Culmoh
1245 1013 1352 1053 stipula}
1405 1024 1515 1042 munera
1529 1015 1607 1047 dent)
1628 1017 1757 1049 meliora,
1775 1023 1854 1053 atque
1867 1018 2009 1045 amentiam
2023 1017 2232 1046 auerruncaflint.
2269 1018 2362 1044 Nonio
2380 1032 2395 1041 ιἸ
2436 1015 2444 1029 '

306 1055 376 1082 vnde
387 1055 479 1082 rustici
494 1056 650 1090 plerumque
663 1057 766 1079 cantare
785 1052 987 1077 consueucrunt.
1033 1057 1062 1076 vt
1077 1049 1128 1076 Ecl.
1144 1059 1165 1081 3,
1175 1058 1205 1084 27
1223 1049 1353 1075 Stridenti
1404 1051 1522 1078 laudatur
1549 1053 1692 1085 Pacuuius,
1716 1053 1817 1080 Possum
1840 1062 1890 1088 ego
1909 1053 1985 1080 istam
2005 1054 2090 1089 capite
2111 1054 2211 1080 cladem
2234 1052 2370 1081 auci-runc,
2383 1059 2393 1077 5¹
2436 1056 2437 1062 ¹

305 1092 432 1118 miserum
450 1091 543 1126 stipula
556 1089 705 1125 disperdere
721 1089 834 1113 carmen.
906 1085 1025 1125 Dicendo
1042 1091 1129 1112 autem
1145 1085 1240 1112 Tenui
1262 1093 1353 1116 auena,
1367 1094 1395 1120 25
1406 1087 1526 1121 Fulgent.
1540 1089 1627 1121 expos.
1642 1089 1716 1114 serm.
1731 1095 1783 1115 ant.
1798 1097 1825 1122 53
1856 1089 2010 1116 Antidamas
2028 1089 2057 1116 in
2077 1089 2226 1117 Moralibus
2242 1100 2247 1115 :
2282 1089 2365 1116 Fabre
2382 1103 2392 1118 ν,
2427 1083 2430 1099 ⁷

305 1127 426 1154 Humilis
444 1127 497 1153 stili
512 1135 590 1161 genus
604 1126 714 1151 latenter
727 1122 849 1149 ostendit.
879 1158 884 1162 ¹
902 1122 1065 1157 Apposztcacl
1077 1122 1141 1148 hanc
1161 1131 1211 1147 rem
1236 1121 1351 1147 Martial.
1406 1122 1512 1158 pachnu
1534 1123 1648 1155 animal,
1669 1123 1823 1157 hominem,
1859 1126 1919 1160 quis
1942 1125 2010 1152 ferat
2034 1124 2067 1152 sic
2086 1125 2125 1152 ire
2143 1131 2297 1160 pecuatum,
2334 1131 2360 1152 et
2373 1123 2393 1146 “1‘'

303 1168 328 1195 8,
342 1172 353 1195 3
369 1170 432 1189 extr.
454 1162 568 1197 Angusta
582 1168 685 1187 cantare
698 1159 759 1185 licet
783 1158 899 1185 videaris
919 1167 1018 1189 auena,
1038 1158 1108 1183 Dum
1134 1163 1177 1185 tua
1204 1156 1351 1183 multorum
1408 1158 1527 1185 runcassit
1536 1159 1619 1193 igitur
1628 1165 1680 1186 tam
1690 1160 1809 1187 Aricinas
1822 1160 1964 1188 hominum
1977 1166 2085 1188 mentes.
2123 1163 2307 1188 Auerruncare
2320 1160 2394 1191 dixi-
2427 1158 2437 1169 ‘¹

304 1199 392 1225 vincat
406 1207 488 1225 auena
501 1197 585 1224 tubas.
656 1194 704 1221 Sed
721 1194 869 1229 perlucenti
881 1200 969 1220 cantus
984 1193 1136 1220 meditabor
1149 1187 1232 1219 aliena
1252 1192 1350 1218 Tibul.
1404 1193 1547 1221 eradicare.
1587 1195 1653 1221 Illud
1669 1195 1749 1222 adhuc
1765 1196 1900 1223 notandum
1914 1196 1981 1232 apud
1995 1197 2069 1223 Non.
2085 1197 2102 1223 l.
2117 1205 2139 1224 c.
2151 1203 2229 1223 totum
2241 1197 2286 1223 hoc
2300 1196 2359 1223 verb

304 1243 327 1267 3,
340 1244 368 1267 4,
384 1242 420 1268 71.
463 1232 572 1260 structis
587 1231 675 1258 auenis
689 1236 792 1257 cantare
811 1229 892 1257 Ouid.
908 1231 972 1256 Met.
989 1238 1008 1261 1,
1023 1231 1084 1263 677.
1142 1230 1235 1264 Nempe
1251 1228 1350 1254 Fistula
1404 1230 1532 1266 Bscrlbz,
1553 1229 1663 1266 quafifit
1676 1231 1706 1257 ab
1719 1230 1884 1259 Aberrando.
1934 1232 1981 1261 Sed
1993 1231 2026 1266 est
2039 1234 2104 1259 alia,
2116 1241 2206 1268 quoque
2214 1232 2337 1268 frequens
2354 1241 2386 1259 ω

303 1269 450 1303 disparibus
464 1268 598 1303 paullatim
618 1267 701 1301 surgit
716 1267 805 1292 auenis
827 1265 908 1292 Ouid.
921 1266 984 1291 Met.
992 1270 1019 1304 ²8,
1030 1273 1083 1297 ¹92·
1240 1260 1260 1300 Ἴ
1283 1272 1294 1295 3
1318 1265 1348 1290 In
1363 1265 1477 1302 30fusto.
1534 1265 1648 1299 winstat
1663 1276 1721 1303 ergo
1736 1268 1884 1294 Varronem
1903 1268 1990 1295 audire
2004 1268 2036 1294 de
2051 1269 2081 1295 L.
2095 1269 2125 1294 L.
2139 1270 2171 1302 6,
2187 1275 2200 1302 5
2212 1277 2237 1303 p.
2252 1273 2288 1300 81,
2303 1276 2335 1302 24
2353 1268 2376 1294 A
2395 1267 2399 1272 '

302 1306 377 1332 MSS.
386 1305 451 1340 Jblrt
464 1303 587 1340 consimili
598 1312 651 1329 cum
664 1301 773 1328 Habena
788 1301 913 1328 Drakenb.
927 1301 961 1326 ud
973 1301 1018 1327 Sil.
1036 1303 1073 1332 16,
1088 1308 1148 1332 209.
1184 1299 1307 1326 Priscian.
1322 1308 1349 1325 12
1403 1301 1484 1328 tendo
1504 1302 1694 1330 Auerruncare.
2423 1300 2437 1313 ’¹

300 1350 326 1375 p.
341 1348 401 1373 1254
421 1341 511 1366 Aueria
520 1360 528 1372 ,
548 1347 616 1374 quae
629 1337 669 1365 τὸν
682 1336 774 1374 βρόμον
788 1337 931 1372 fignificat,
952 1343 977 1363 et
993 1335 1045 1362 fine
1057 1335 1234 1370 adspiratione
1255 1334 1307 1369 est,
1324 1341 1350 1362 et
1440 1344 1462 1364 A
1471 1345 1490 1363 v
1501 1344 1517 1363 E
1526 1344 1545 1364 R
1555 1345 1573 1364 R
1582 1345 1602 1364 v
1613 1344 1633 1363 N
1644 1345 1661 1365 c
1670 1345 1691 1365 v
1703 1343 1717 1365 S
1728 1358 1737 1370 ‚
1756 1338 1775 1364 i.
1795 1348 1831 1366 m.
1851 1338 2056 1376 [Ἀποτρόπαιος]
2091 1340 2159 1366 Deus
2172 1341 2215 1375 qui
2227 1339 2293 1366 mala
2304 1347 2361 1365 mm.
2419 1334 2436 1346 ¹

298 1385 346 1411 per
358 1386 375 1402 u
391 1375 527 1402 scribitur.
1211 1377 1213 1380 ’
1401 1379 1456 1405 ret,
1477 1373 1506 1399 id
1517 1371 1550 1407 est
1562 1380 1692 1401 auerteret.
1728 1375 1804 1402 Varr.
1819 1374 1851 1401 de
1864 1375 1893 1401 L.
1907 1376 1936 1401 L.
1945 1377 1972 1408 6,
1987 1383 1999 1408 5
2013 1385 2037 1410 p.
2050 1381 2075 1405 81
2096 1376 2175 1407 Deus,
2184 1375 2232 1409 qui
2246 1375 2279 1401 iis
2291 1373 2370 1401 rebus
2434 1372 2437 1383 ¹

334 1419 356 1438 Α
367 1417 389 1438 ν
401 1419 418 1438 Ε
428 1418 588 1438 NACEVS.
610 1409 670 1436 Adi.
688 1409 839 1445 [βρόμειος]
876 1409 913 1435 Ex
927 1417 1005 1435 auena
1012 1406 1132 1444 fufium,
1156 1413 1202 1439 vt,
1223 1406 1290 1433 Plin.
1303 1415 1348 1439 29,
1403 1408 1447 1441 est,
1456 1409 1632 1443 Auerruncus.
1704 1411 1796 1445 Itaque
1814 1410 1847 1436 ab
1867 1419 1901 1437 eo
1921 1413 2022 1446 precari
2044 1412 2143 1443 solent,
2164 1416 2193 1437 vt
2206 1410 2323 1445 pericula
2337 1419 2369 1436 au
2376 1417 2407 1433 -n'
2435 1410 2436 1414 ’

299 1450 317 1474 ⁶
338 1448 387 1474 Vel
400 1456 459 1474 culn
475 1447 563 1474 farina
576 1445 737 1477 hordeacea,
758 1445 800 1471 vel
815 1453 953 1471 auenflcess·
1047 1479 1053 1483 Ι
1099 1478 1104 1483 ,
1360 1447 1389 1473 33
1401 1444 1469 1471 Gell.
1486 1452 1508 1477 5,
1523 1454 1551 1471 12
1572 1446 1603 1471 In
1617 1445 1672 1472 istis
1685 1451 1773 1472 autem
1786 1446 1855 1478 diiS‚
1876 1456 1943 1481 quos
1956 1447 2053 1481 placari
2066 1451 2187 1481 oportet,
2207 1446 2247 1472 vti
2254 1446 2322 1473 mala
2334 1454 2349 1472 a
2361 1455 2389 1472 ιι
2402 1446 2406 1453 ”

335 1488 583 1510 AvENARivs.
603 1481 663 1507 Adi.
684 1480 838 1515 [βρομικός]
874 1486 919 1512 vt,
938 1480 1071 1505 Auenaria
1082 1478 1185 1511 cicada,
1197 1479 1213 1505 s.
1229 1478 1347 1505 frumen·
1400 1480 1443 1508 vel
1466 1489 1481 1507 a
1502 1480 1627 1517 frugibus
1647 1482 1715 1508 natis
1738 1488 1928 1516 amoueantur,
1948 1484 2119 1511 Auerruncus
2142 1490 2251 1517 quoque
2274 1482 2385 1509 habetur
2433 1481 2436 1501 l

299 1518 384 1550 tatia,
403 1527 469 1553 quae
482 1523 589 1552 apparet
601 1516 742 1544 frumentis
755 1515 932 1542 arescentibus
953 1515 1017 1541 Plin.
1033 1524 1065 1547 11,
1078 1517 1120 1540 26.
1399 1516 1529 1551 Robigus,
2383 1527 2386 1531 -
2433 1511 2435 1523 ¹

335 1562 387 1581 AV
398 1555 497 1581 ENTi
511 1560 531 1578 N
543 1560 561 1579 v
572 1559 594 1578 s.
630 1552 778 1584 [Ἀβεντῖνον
793 1550 861 1586 ἔρος]
896 1551 972 1576 Mons
991 1550 1064 1576 vrbis
1079 1551 1178 1576 Romae
1192 1550 1244 1582 est,
1266 1559 1346 1585 quem
1436 1559 1457 1579 A
1470 1558 1491 1577 v
1502 1559 1567 1580 ERs
1578 1558 1634 1585 10,
1672 1560 1873 1587 AVERSOR,
1913 1553 1981 1587 3149,
2018 1560 2043 1581 et
2080 1560 2282 1586 AVERSOR,
2298 1578 2301 1581 Ι
2320 1552 2394 1586 (πίῃς
2432 1544 2435 1557 ⁴

299 1589 398 1616 constat
412 1589 445 1616 ab
458 1588 553 1616 auibus
567 1588 614 1614 effe
626 1587 792 1613 nominatum
801 1606 808 1618 ,
825 1595 892 1620 quae
906 1586 937 1612 de
951 1586 1052 1612 Tiberi
1067 1585 1230 1612 ascendentes
1245 1585 1301 1612 illic
1309 1587 1345 1612 se·
1401 1595 1424 1615 A
1433 1595 1453 1615 V
1462 1595 1478 1613 Ε
1487 1594 1505 1614 R
1516 1594 1528 1612 s
1537 1595 1558 1614 v
1569 1594 1582 1614 s
1593 1607 1602 1620 ,
1637 1589 1690 1616 vid.
1710 1593 1738 1616 in
1757 1597 1779 1617 Α
1788 1597 1809 1616 v
1817 1597 1834 1616 E
1842 1597 1861 1616 R
1870 1597 1891 1616 T
1899 1597 1928 1617 o.
2021 1585 2025 1589 ’
2387 1591 2392 1609 2
2405 1587 2416 1594 ”
2430 1582 2435 1616 {

298 1625 396 1652 debant
410 1636 415 1651 :
451 1632 479 1651 vt
494 1625 522 1650 in
537 1623 634 1650 οᾶὶίιιιο
647 1623 775 1656 legimus,
796 1623 879 1653 (Aen.
893 1626 916 1654 8,
931 1625 987 1654 331)
1011 1622 1139 1648 Dirarum
1160 1621 1230 1647 nidis
1250 1621 1385 1655 domus40
1435 1630 1457 1651 Α
1467 1630 1487 1650 ν
1497 1629 1541 1649 ER
1551 1629 1574 1651 Τ
1584 1630 1623 1655 Α,
1643 1632 1682 1651 ae.
1719 1625 1836 1652 Mantica
1856 1634 1918 1660 pera
1938 1625 1982 1652 vel
2003 1630 2095 1652 auersa
2113 1624 2150 1652 est
2168 1623 2304 1651 Scholiast·
2317 1610 2384 1651 Hor'.
2400 1627 2402 1631 .
2415 1627 2425 1653 .V

297 1668 447 1695 opportuna
462 1660 609 1686 volucrum.
664 1657 781 1691 Quidam
796 1658 877 1684 etiam
888 1666 933 1683 rex
946 1657 1125 1691 Aboriginum
1138 1657 1286 1683 Auentinus
1300 1666 1346 1683 no-
1400 1668 1418 1691 1,
1439 1661 1465 1691 6,
1485 1666 1540 1693 107.
1597 1660 1709 1687 Probant
1727 1661 1772 1687 hoc
1791 1661 1842 1687 Iac.
1857 1660 1984 1688 Gothofr.
1998 1660 2030 1688 ad
2044 1662 2074 1687 C.
2083 1660 2193 1688 Theod.
2202 1660 2242 1690 l.8
2256 1666 2296 1693 t.5
2308 1659 2370 1695 1.47
2382 1672 2384 1674 ·
2416 1668 2418 1691 ¹;

295 1697 385 1728 mine,
407 1696 463 1721 illic
487 1702 513 1721 et
535 1694 636 1720 occisus
660 1699 686 1719 et
712 1693 827 1727 sepultus
850 1693 902 1725 est,
922 1693 984 1719 licut
1007 1694 1087 1718 etiam
1111 1693 1276 1718 Albanorum
1298 1702 1344 1718 rex
1399 1701 1422 1720 et
1435 1694 1592 1730 Dufresnius
1605 1697 1631 1721 in
1647 1694 1720 1729 quffi
1756 1697 1857 1724 Auerta
1869 1703 1989 1730 vocatur,
2007 1695 2134 1733 quodpost
2155 1699 2275 1732 equitem,
2294 1705 2310 1722 a
2329 1702 2368 1722 ter
2388 1715 2390 1717 .

295 1732 443 1758 Auentinus
452 1751 460 1763 ,
481 1730 524 1757 cui
536 1728 648 1756 succeffit
661 1729 762 1754 Procas.
832 1729 918 1754 Varro
939 1734 1027 1754 tamen
1040 1728 1105 1754 dicit
1118 1728 1147 1754 in
1161 1733 1237 1762 gente
1251 1728 1345 1762 populi
1398 1731 1464 1761 liar,
1481 1728 1550 1765 quasi
1562 1730 1649 1766 auersa
1661 1734 1733 1758 jacce,
2382 1752 2385 1758 Ὺ
2404 1720 2435 1776 ἃ

295 1768 427 1799 Romani,
445 1766 554 1792 Sabinos
567 1773 581 1790 a
595 1764 711 1790 Romulo
726 1764 854 1796 susceptos
863 1782 871 1794 ,
891 1762 969 1788 istum
981 1764 1103 1797 accepiffe
1117 1769 1234 1790 montem
1243 1784 1251 1796 ,
1265 1772 1345 1798 quem
1433 1772 1455 1791 A
1464 1771 1484 1791 V
1494 1771 1538 1791 ER
1548 1772 1568 1792 T
1577 1771 1600 1791 A
1609 1772 1628 1791 R
1638 1773 1647 1791 1
1658 1772 1700 1792 vs
1709 1786 1718 1798 ,
1738 1766 1757 1792 i.
1778 1776 1814 1793 m.
1851 1768 1942 1802 Equus,
1961 1770 2006 1802 qui
2021 1768 2149 1794 Auertam
2163 1766 2188 1803 s
2203 1769 2335 1793 manticam
2350 1772 2423 1802 Pon,

293 1803 328 1830 ab
343 1804 445 1829 Auente
459 1801 544 1827 fluuio
558 1799 712 1835 prouinciae
730 1799 788 1824 suae
801 1797 999 1832 appellauerunt
1016 1799 1186 1837 Auentinum.
1236 1799 1345 1825 Constat
1352 1808 1385 1833 45
1398 1799 1559 1834 Pax-hippum
1572 1800 1615 1827 vel
1632 1801 1795 1829 auertarium
1808 1801 1897 1828 nullus
1911 1803 2022 1836 accipiat
2041 1802 2107 1829 Cod.
2122 1802 2232 1830 Theod.
2246 1803 2264 1829 l.
2273 1811 2305 1829 22
2324 1802 2387 1834 (1..8
2402 1808 2428 1836 2!

293 1844 382 1865 tamen
397 1837 483 1864 varias
497 1836 542 1863 has
555 1836 695 1870 opiniones
710 1834 797 1869 postea
811 1834 939 1867 sequutas.
987 1833 1058 1859 Nam
1073 1842 1087 1859 a
1101 1834 1235 1867 principio
1258 1836 1345 1860 Auen·
1400 1835 1432 1861 de
1447 1836 1531 1862 Cursu
1545 1835 1619 1870 publ.
1808 1842 1810 1844 ¹
1871 1834 1878 1842 ⁶

292 1875 364 1901 tinus
378 1873 465 1900 dicius
479 1872 515 1899 est
528 1872 561 1899 ab
575 1871 684 1903 auibus,
705 1870 747 1897 vel
761 1879 775 1896 a
789 1878 850 1903 rege
864 1868 1053 1909 Aboriginum.
1109 1868 1182 1908 Vnde
1196 1868 1346 1908 hunclier-
1435 1878 1458 1897 Α
1468 1878 1487 1897 ν
1498 1877 1514 1897 Ε
1523 1878 1542 1897 R
1553 1877 1575 1897 T
1585 1878 1605 1898 O
1614 1891 1622 1903 ,
1641 1871 1681 1904 ti,
1700 1873 1756 1899 sum
1765 1892 1773 1905 ,
1802 1873 1855 1899 ere.
1893 1872 2057 1910 [ἀποτρέπω]
2094 1873 2217 1901 Alicmzde
2230 1870 2427 1906 conuertere‚.Jis

293 1910 361 1937 culis
383 1909 469 1936 filium
491 1908 590 1935 constat
612 1915 711 1933 nomen
735 1914 751 1932 a
773 1911 864 1931 monte
887 1906 1008 1938 accepsslc
1017 1924 1023 1935 ,
1054 1912 1109 1929 non
1135 1912 1161 1930 e1
1184 1903 1345 1938 praestitisse.
1399 1905 1522 1933 Alia-unde
1536 1915 1667 1932 remouere.
1713 1908 1769 1934 Cic.
1783 1907 1897 1942 Philipp.
1909 1915 1933 1941 5,
1947 1917 1970 1935 11
1990 1908 2105 1943 Lepidus
2119 1909 2239 1936 Antonio
2252 1907 2371 1936 diadema
2381 1908 2427 1935 cm,

293 1945 425 1972 Rabienus
449 1944 555 1971 Seruius
578 1942 612 1969 ad
631 1944 697 1968 Aen.
715 1949 743 1976 7,
763 1943 812 1975 657
847 1954 892 1960 ——-
929 1940 996 1966 satus
1010 1940 1125 1966 Hercule
1139 1938 1251 1974 pulchro
1288 1939 1346 1966 Pul·
1400 1941 1453 1967 sari
1466 1940 1620 1976 imponente
1633 1942 1659 1968 se
1671 1943 1776 1969 auertit.
1832 1944 1874 1970 Sic
1886 1943 1967 1969 Ouid.
1982 1945 2046 1970 Met.
2060 1952 2083 1975 2,
2097 1951 2150 1978 770
2181 1944 2262 1971 Videt
2295 1958 2342 1964 -—
2374 1943 2425 1970 inu*

294 1980 359 2008 Cher
372 1980 536 2011 Auentinus,
557 1985 601 2005 ‘’²0-
860 2010 866 2015 ,
1360 1985 1392 2012 50
1401 1975 1473 2004 diam
1481 1996 1490 2009 ,
1511 1976 1622 2011 visaque
1636 1977 1729 2004 oculos
1742 1978 1848 2005 auertit.
1882 1979 1914 2005 Et
1927 1986 1950 2012 5,
1965 1986 2011 2013 179
2030 1979 2141 2006 Vultum
2154 1986 2281 2008 auertere.
2324 1977 2380 2005 Cic.
2393 1988 2423 2013 pr
2437 1984 2440 2006 ι

331 2023 437 2044 ΑνΕΝ
447 2023 468 2042 Τ
479 2016 492 2041 ῐ
501 2021 586 2040 st.
606 2012 667 2038 Adi.
703 2017 749 2042 vt,
770 2010 902 2035 Auentina
916 2009 1081 2049 siluaqoiiid3
1098 2011 1163 2037 Fast.
1179 2020 1208 2043 3,
1222 2019 1278 2043 329.
1315 2012 1347 2037 Et
1403 2013 1485 2038 Corn.
1514 2012 1589 2039 Balb.
1613 2021 1636 2039 ιι
1660 2022 1681 2039 c.
1695 2021 1708 2046 5
1739 2013 1824 2040 Fuiffe
1839 2013 1956 2040 iudicem
1969 2022 2001 2040 ex
2015 2013 2070 2040 illis
2082 2015 2214 2050 equitibus
2228 2013 2370 2046 Romanis,
2386 2021 2422 2048 gr.

293 2051 360 2080 Fast.
373 2053 400 2084 6,
414 2055 464 2085 728
481 2051 535 2077 Arx
543 2048 685 2075 Auentina.
724 2045 789 2072 Idem
798 2053 819 2076 3,
830 2053 879 2084 329·
896 2045 1060 2070 Auentinum
1073 2053 1166 2078 iugum
1182 2045 1258 2071 dixit.
1298 2081 1303 2085 ἱ
1327 2080 1333 2085 ο
1401 2047 1510 2075 viffimis
1524 2048 1607 2081 viris,
1626 2049 1760 2076 neminem
1775 2049 1842 2084 quin
1854 2055 2006 2076 remoueret
2020 2049 2119 2082 oculos,
2130 2057 2157 2077 et
2169 2052 2193 2077 se
2205 2056 2291 2080 totum
2303 2054 2422 2075 auertere

328 2094 351 2115 Α
360 2093 407 2114 VE
418 2092 440 2112 N
450 2092 472 2112 ‘r
483 2093 493 2112 1
502 2092 523 2112 N
532 2092 542 2111 1
551 2092 567 2111 E
577 2091 599 2110 N
611 2090 623 2110 S
632 2091 641 2109 1
651 2089 664 2109 s
674 2102 681 2113 ,
701 2090 724 2108 e.
746 2080 817 2107 alma
829 2080 891 2106 Adi.
927 2079 985 2106 Val.
1001 2080 1071 2105 Max.
1088 2087 1121 2114 7,
1133 2088 1162 2112 3,
1177 2089 1184 2104 ι
1207 2080 1347 2119 Auentini-
1400 2082 1442 2108 Ab
1457 2083 1550 2116 aliquo
1562 2085 1588 2109 se
1600 2090 1721 2111 auertere
1738 2085 1820 2112 Plaut.
1835 2085 1896 2112 Mil.
1909 2093 1935 2117 2,
1949 2093 1975 2118 2,
1989 2090 2030 2118 48.
2079 2085 2169 2112 Armis
2179 2093 2209 2111 re
2228 2085 2324 2115 encre,
2343 2083 2425 2116 fugari

293 2123 359 2150 ensis
373 2123 474 2154 Diana,
509 2129 552 2147 uae
566 2123 593 2147 in
605 2119 733 2147 Auentino
747 2117 847 2144 colitur.
880 2115 922 2144 Sic
935 2114 1078 2152 legendum,
1097 2124 1145 2141 non
1154 2114 1347 2147 Auentinensis,
1400 2122 1521 2155 auertere
1533 2117 1653 2151 aliquem
1671 2120 1726 2146 Cic.
1740 2129 1789 2154 pro
1806 2121 1912 2147 Caecin.
1925 2129 1952 2152 33
1967 2130 1989 2147 c.
2004 2129 2039 2147 12.
2074 2119 2116 2147 Ab
2129 2120 2204 2154 impu
2225 2119 2272 2145 icis
2285 2117 2364 2144 ‘fiais
2376 2136 2379 2140 ,
2420 2120 2424 2124 .

291 2161 388 2186 monuit
400 2160 474 2185 etiam
511 2165 570 2184 ron·
585 2155 617 2182 ad
632 2155 691 2180 Liu·
704 2158 752 2185 28,
764 2153 807 2179 26·
819 2170 821 2172 ·
1313 2188 1316 2191 Ι
1360 2161 1388 2188 ςς
1400 2156 1422 2178 t1
1434 2151 1514 2183 volo,
1535 2153 1553 2177 i.
1561 2155 1639 2187 parci
1651 2153 1730 2184 mihi,
1750 2155 1817 2181 nihil
1826 2155 1977 2189 impudicum
1994 2156 2057 2182 mihi
2070 2155 2153 2182 obiici.
2207 2154 2290 2181 Plaut.
2310 2154 2388 2188 Amp
2415 2146 2429 2165 ³'

329 2201 352 2222 Α
361 2201 408 2221 VE
417 2200 453 2225 0,
476 2196 529 2219 Ere·
551 2190 716 2224 [νλῖκομαῑ]
759 2186 863 2216 Verbum
876 2184 1043 2223 dffeffiuums
1065 2183 1341 2222 C⁰²²⁶¹⁴P¹fi2r2fignfi
1401 2188 1486 2220 2546.
1524 2187 1598 2213 Caes.
1611 2187 1715 2214 B.‹Ciu.
1723 2196 1745 2220 3,
1753 2196 1788 2222 79
1815 2189 1952 2215 Caesarem
1965 2190 2109 2223 Apollonia
2121 2199 2137 2217 a
2151 2189 2256 2217 directo
2268 2189 2365 2216 itinere
2388 2191 2394 2210 Γ

291 2238 343 2260 eat.
413 2232 450 2258 Ex
464 2231 567 2257 Oriente
580 2227 743 2261 arceffendum
757 2237 765 2252 :
802 2232 853 2252 ,ἾἾΝ
874 2229 937 2252 enim
951 2224 1118 2260 concupiscere
1131 2223 1172 2258 est.
1186 2225 1190 2228 ’
1247 2224 1345 2256 Festus,
1398 2228 1482 2254 terat,
1495 2225 1513 2248 i.
1528 2221 1635 2256 excursio
1648 2223 1805 2258 Apolloniam
1812 2223 1927 2260 fissae-pra
1935 2223 2013 2259 fecit,
2027 2230 2057 2250 vt
2069 2227 2119 2251 iter
2130 2234 2179 2251 non
2191 2226 2356 2252 continuaret.
2382 2235 2384 2238 ·

295 2270 383 2295 Auere
397 2266 468 2293 nihil
482 2264 556 2292 aliud
570 2263 607 2290 est
626 2272 705 2298 quam
720 2264 839 2296 Cupere,
860 2267 1016 2295 argumento
1030 2261 1066 2286 cst
1079 2260 1211 2292 Auidum,
1235 2266 1261 2285 et
1282 2259 1347 2286 Aui-
1399 2257 1432 2284 de
1446 2258 1510 2284 Nat.
1524 2258 1605 2284 Deor.
1621 2266 1646 2290 2,
1660 2267 1700 2292 141
1716 2268 1738 2285 c.
1754 2261 1785 2291 56
1802 2260 1890 2294 Atque
1903 2265 1931 2286 vt
1945 2259 1974 2286 in
1986 2259 2114 2286 aedificiis
2128 2259 2267 2287 architc8d
2280 2265 2354 2286 auert

291 2304 403 2331 ditatem
416 2313 422 2329 t
458 2310 489 2329 ex
503 2300 601 2336 quibus
614 2299 754 2334 praecipua
768 2297 898 2331 cupiditas
911 2296 1091 2329 intelligitur,
1112 2304 1195 2330 quum
1219 2294 1347 2329 significet
1401 2293 1485 2319 oculis
1501 2292 1664 2328 naribusque
1678 2293 1914 2327 dominorum‚.ea
1931 2303 1999 2329 quae
2015 2295 2174 2329 profluentia
2187 2296 2329 2324 necessario
2342 2302 2367 2322 te
2386 2310 2388 2317 =

292 2346 319 2367 et
336 2338 465 2366 Gaudere.
523 2338 615 2371 Nempe
629 2334 693 2361 idem
705 2333 806 2360 verbum
813 2338 906 2368 putat,
925 2330 989 2366 quod
1000 2335 1027 2356 in
1038 2330 1235 2366 salutationibus
1248 2330 1385 2360 adhibe-60
1399 2329 1455 2354 sent
1470 2327 1574 2364 aliquid
1596 2328 1722 2356 habitura
1736 2340 1741 2356 :
1776 2330 1810 2356 fic
1822 2337 1915 2359 natura
1927 2339 1969 2357 res
1983 2330 2080 2357 ssmiles
2096 2331 2188 2365 procul
2201 2331 2354 2358 amandauit
2371 2350 2374 2353 ,

292 2382 352 2408 tur,
373 2376 429 2401 Aue
443 2374 483 2401 vel
494 2373 587 2404 Haue,
608 2369 673 2407 quod
677 2369 760 2406 supra
783 2370 968 2403 explicauitnus.
1025 2367 1119 2394 Melius
1141 2369 1204 2393 enim
1223 2364 1346 2402 distingui
1399 2364 1476 2391 sibus.
1549 2363 1607 2403 Cic.
1622 2365 1694 2392 Fam.
1707 2373 1736 2400 3,
1749 2374 1766 2392 2
1789 2367 1822 2393 Et
1835 2372 1906 2393 certe
1917 2366 1966 2393 nili
1979 2367 2002 2393 is
2015 2368 2163 2394 Antonium
2177 2366 2210 2394 ab
2223 2366 2296 2394 Vrbe
2309 2375 2357 2394 aue

292 2410 422 2438 videntur.
476 2410 545 2435 Hor.
559 2407 641 2434 Serm.
654 2414 674 2438 1,
689 2414 729 2438 14,
743 2410 775 2439 87
803 2405 822 2430 Ε
836 2402 934 2438 quibus
946 2411 1013 2429 vnus
1026 2408 1087 2429 auct
1100 2402 1194 2437 quauis
1208 2402 1345 2436 aspergere
1399 2403 1418 2427 i.
1439 2397 1614 2433 Prohibmſjet.
1810 2399 1831 2440 q
1857 2411 1874 2430 2
1900 2402 1947 2429 sed
1976 2409 2099 2438 ponamus
2127 2405 2178 2429 iam
2201 2403 2342 2430 dementari
2366 2415 2371 2425 ,

294 2446 412 2474 cuncios.
447 2446 541 2477 Parto,
560 2442 634 2478 quod
646 2441 741 2468 auebas
756 2439 796 2466 Id.
809 2440 859 2466 Sat.
876 2448 895 2472 1,
909 2448 929 2471 1,
940 2447 981 2472 93.
1019 2438 1074 2465 Cic.
1087 2438 1139 2465 Off.
1156 2447 1166 2464 1
1179 2447 1201 2464 c.
1217 2447 1234 2470 4
1252 2439 1345 2472 Itaque
1398 2433 1573 2469 substantiata,
1593 2434 1680 2471 quibus
1692 2438 1822 2472 iungitur.
1884 2438 1940 2465 Cic.
1955 2437 1988 2464 de
2001 2438 2109 2465 Amicit.
2124 2447 2136 2472 5
2151 2447 2172 2465 c.
2187 2447 2198 2465 1
2215 2438 2264 2465 Tu
2276 2437 2358 2464 velim
2378 2457 2380 2460 ψ

315 2491 379 2509 uum
397 2482 485 2509 sumus
503 2479 618 2515 negotiis
640 2477 762 2512 curisque
780 2475 876 2508 vacui,
896 2480 953 2501 tum
974 2482 1082 2501 auemus
1095 2473 1199 2508 aliquid
1213 2473 1306 2500 audire
1320 2478 1345 2499 et
1402 2472 1529 2498 Animum
1542 2479 1684 2506 parumper
1697 2477 1815 2505 auertas,
1833 2473 1955 2500 Laelium
1969 2474 2047 2509 loqui
2061 2474 2147 2509 ipsum
2160 2479 2244 2509 putes.
2312 2472 2362 2501 Sed
2379 2469 2409 2496 οὗ
2423 2480 2425 2487 ¹

294 2492 404 2545 discere.
441 2516 525 2544 Valde
539 2524 607 2542 aueo
620 2514 701 2546 scire,
723 2511 789 2547 quid
803 2520 863 2547 agas
888 2510 927 2538 Id.
944 2511 997 2537 Att.
1011 2518 1037 2543 2,
1053 2517 1087 2543 15.
1124 2509 1194 2536 Aaa.
1220 2509 1261 2535 Ib.
1280 2518 1311 2541 2,
1325 2518 1345 2535 1.
1357 2510 1388 2541 65
1401 2507 1464 2534 Bell.
1478 2507 1545 2534 Gall.
1559 2515 1580 2541 1,
1593 2515 1628 2534 20
1658 2507 1704 2534 Vti
1724 2508 1806 2535 totius
1820 2508 1922 2536 Galliae
1934 2509 2026 2537 Animi
2037 2518 2054 2537 a
2064 2511 2090 2536 se
2103 2514 2304 2540 auerterentur,
2320 2511 2340 2534 i.
2354 2510 2399 2535 ali
2421 2499 2429 2520 l

338 2562 350 2579 2
369 2552 492 2581 scribitur
518 2558 691 2587 nonnunquam
723 2549 835 2581 Haueo,
855 2552 884 2574 ut
906 2552 946 2583 ap.
961 2546 1018 2573 Cic.
1033 2546 1087 2572 Att.
1102 2555 1123 2578 1,
1137 2554 1161 2579 ις
1176 2551 1240 2571 extr.
1258 2545 1302 2571 vbi
1321 2554 1347 2572 v.
1400 2549 1496 2571 rentur.
1533 2542 1662 2570 Animum
1675 2542 1708 2570 ab
1722 2543 1819 2571 affiduo
1835 2552 1959 2572 moerore
1978 2545 2039 2572 Liu.
2058 2553 2095 2579 25,
2110 2550 2146 2578 38.
2182 2544 2256 2572 Idem
2269 2549 2310 2576 28,
2324 2545 2342 2570 6
2353 2543 2422 2578 Qua

294 2551 409 2618 zambin.
1401 2579 1526 2606 omnium
1544 2578 1655 2606 Animos
1673 2579 1820 2615 oculosque
1839 2579 1869 2607 id
1891 2585 2024 2608 certamen
2041 2581 2188 2613 auertiffet,
2207 2587 2284 2616 porta
2296 2579 2408 2607 mariti

333 2632 356 2652 Α
366 2630 386 2650 V
399 2629 447 2651 EN
457 2628 480 2649 S.
503 2622 598 2648 Partic.
618 2618 804 2654 [γλιχόμενος]
821 2648 823 2652 ,
840 2619 909 2645 Hor.
936 2617 1018 2644 Serm.
1034 2625 1061 2650 2,
1073 2626 1101 2650 4,
1117 2624 1126 2643 1
1164 2630 1209 2636 —
1243 2625 1298 2643 non
1311 2616 1347 2642 est
1402 2615 1469 2642 arcis
1485 2615 1572 2642 Plator
1585 2615 1719 2641 Romanos
1730 2615 1839 2650 accepit.
1910 2615 2020 2650 Qiinc't.
2034 2624 2053 2647 1,
2065 2624 2103 2649 12,
2116 2625 2142 2648 13
2178 2616 2306 2642 Auertere
2319 2614 2404 2644 Ani-1.

2424 2435 2426 2449 l

296 2660 366 2688 mihi
379 2665 481 2693 tempus
493 2657 584 2684 auenti
617 2657 717 2682 Ponere
730 2655 800 2688 figna
811 2663 889 2680 nouis
903 2653 1056 2688 praeceptis.
1126 2652 1247 2687 Caligula
1269 2661 1348 2679 auen·
1402 2650 1526 2677 discentis
1539 2649 1646 2683 taedio,
1672 2653 1720 2676 int.
1734 2661 1749 2678 a
1762 2651 1854 2678 literis.
1924 2652 2021 2679 Casum
2032 2651 2150 2686 aliquem
2183 2651 2258 2685 Virg.
2272 2651 2338 2678 Aen.
2353 2652 2376 2683 3⁴,
2421 2642 2426 2658 ¹

296 2696 368 2724 tibus
391 2693 493 2722 cunftis
508 2691 634 2728 deligitur
650 2692 714 2718 Aur.
731 2689 828 2717 ViCior
844 2689 877 2716 de
895 2690 969 2717 Caes.
989 2698 1010 2716 c.
1025 2697 1048 2721 3.
1085 2688 1158 2725 Cous.
1174 2688 1294 2715 Naeuius
1308 2697 1390 2725 ap.7o
1403 2687 1515 2713 Causam
1530 2686 1630 2713 doloris
1649 2685 1710 2712 Liu.
1725 2688 1751 2719 6,
1766 2695 1799 2720 34
1811 2694 1877 2714 extr.
1898 2686 1943 2715 vbi
1947 2686 2080 2725 fignificat
2093 2686 2250 2722 diffimulare.
2319 2685 2349 2712 C'
2374 2685 2380 2691 ⁸
2396 2691 2398 2693 '
2414 2685 2417 2693 ¹

297 2731 368 2760 Gell.
382 2739 427 2764 19,
452 2737 479 2764 7.
1402 2723 1436 2749 ab
1450 2722 1565 2749 alicuius
1578 2721 1697 2750 amicitia
1717 2722 1790 2750 Caes.
1804 2723 1832 2750 Β.
1848 2723 1878 2750 C.
1890 2731 1914 2755 3,
1926 2730 1972 2758 79.
2022 2723 2222 2757 Cogitationem
2234 2731 2250 2749 a
2261 2721 2361 2749 miser⁰
2410 2748 2418 2750 .

333 2774 384 2794 Av
394 2774 410 2793 Ε
420 2772 441 2791 N
451 2771 535 2792 TER.
556 2762 623 2789 Adu.
659 2760 791 2788 Ammian.
815 2765 852 2794 18,
874 2767 888 2794 5
911 2766 935 2787 et
957 2768 1007 2794 29,
1027 2769 1061 2793 13.
1097 2760 1175 2787 Grut.
1202 2765 1227 2787 et
1258 2759 1348 2786 Sidon.
1404 2759 1477 2785 Fam.
1492 2760 1519 2791 6,
1534 2766 1553 2786 1.
1619 2758 1736 2785 Conatus
1748 2758 1860 2786 alicuius
1875 2767 1890 2785 a
1906 2759 1971 2793 Rep.
1991 2758 2030 2785 Id.
2043 2757 2158 2793 Philipp.
2171 2760 2197 2790 6,
2211 2763 2245 2788 ιε.
2301 2756 2359 2791 Cr‘,
2394 2755 2429 2800 ἑ

297 2802 377 2838 Epist.
398 2811 430 2834 2,
450 2809 477 2827 2.
1183 2793 1199 2811 ⁴
1403 2794 1488 2821 alium
1508 2792 1618 2828 Qun&-
1630 2800 1658 2828 7,
1672 2801 1698 2825 2,
1712 2801 1749 2821 10.
1784 2793 1920 2827 Liu.31,11
1938 2794 2094 2821 excusantes
2107 2802 2226 2821 errorem
2237 2793 2369 2820 adolesc
2403 2805 2419 2840 ,ᾗ
2468 2801 2471 2815 ¹

334 2846 357 2866 A
365 2844 387 2864 v
396 2844 412 2864 Ε
422 2844 441 2864 R
449 2843 471 2863 N
479 2842 500 2862 v
509 2840 522 2861 s
532 2854 541 2867 ,
560 2834 580 2860 i.
613 2841 649 2860 m.
690 2830 820 2868 [Ἄορνος]
856 2831 886 2858 ιιι
900 2831 936 2866 pl.
957 2832 1080 2864 Auerna,
1100 2839 1189 2858 orum.
1208 2839 1234 2857 n.
1269 2831 1350 2858 Lacus
1405 2839 1456 2866 que
1465 2850 1473 2862 ,
1493 2835 1519 2856 et
1531 2829 1643 2864 Culpam
1655 2837 1763 2855 omnem
1775 2829 1805 2856 in
1816 2829 1939 2857 fraudem
1946 2829 2193 2864 Carthaginensium
2205 2835 2375 2857 auertentes.
2404 2837 2419 2869 ,χ-

298 2874 446 2909 Campaniae
455 2876 534 2908 prope
548 2870 625 2896 Baias
638 2879 645 2893 .·
682 2877 750 2903 quem
767 2869 868 2895 Plutoni
881 2867 990 2894 dicatum
1004 2865 1178 2902 opinabantur.
1237 2866 1305 2893 Hinc
1317 2866 1352 2892 ad
1360 2873 1392 2901 75
1403 2875 1444 2892 ras
1461 2865 1540 2892 dietis
1557 2865 1633 2900 Virg.
1648 2865 1712 2901 Aen.
1725 2874 1754 2899 4,
1767 2873 1826 2899 394.
1870 2890 1873 2892 ,
1898 2866 1987 2901 Equos
1999 2866 2096 2893 auertit
2109 2866 2139 2892 in
2151 2865 2232 2892 castra
2258 2865 2334 2900 Virg.
2357 2867 2379 2884 ’ἵ
2414 2869 2416 2874 ’

297 2910 396 2946 inferos
406 2909 528 2935 introitus
536 2912 625 2942 patere
638 2902 774 2931 dicebatur.
824 2903 1021 2939 Dqsoeiptiovzem
1027 2909 1151 2939 ponamus
1170 2901 1349 2936 Virgilianam
1404 2910 1468 2936 472.
1484 2903 1502 2927 i.
1517 2900 1630 2928 abduxit.
1664 2901 1702 2927 Ex
1715 2900 1801 2927 oeulis
1814 2900 1926 2928 alicuius
1939 2901 1965 2928 se
1980 2907 2117 2935 auertere,
2136 2907 2163 2928 et
2175 2901 2282 2927 auferre
2301 2900 2383 2935 Virg

1404 2947 1432 2971 4,
1447 2942 1501 2970 289.
1540 2936 1628 2963 Falces
1640 2935 1665 2963 la
1684 2937 1741 2963 ueis
1766 2937 1838 2963 Caes.
1854 2936 1918 2964 Bell.
1931 2937 2034 2972 Gall.7‚
2047 2945 2084 2963 22.
2131 2936 2224 2964 Fidem
2237 2936 2321 2971 gratia
2346 2938 2380 2964 Or(

299 2947 364 2974 Aen·
379 2947 406 2979 ⁶³
417 2951 467 2980 237
497 2976 626 3012 Spelunca
637 2974 689 3002 alta
705 2973 777 3007 fuit,
793 2973 914 3008 fastoque
934 2973 1059 3000 immanis
1079 2972 1153 2999 hiatu
1165 2993 1173 3005 ,
1403 2981 1439 3005 12,
1454 2981 1474 3005 1,
1487 2981 1531 3006 24.
1587 2973 1659 3004 Caes.
1693 2972 1737 2999 ell.
1750 2972 1833 2998 Ciuil.
1846 2980 1868 3005 3,
1880 2981 1917 3007 49
1936 2973 2036 3000 Omnia
2048 2972 2122 3000 enim
2133 2972 2256 3000 Flumina
2269 2977 2348 3007 atque
2366 2977 2377 3000 ej
2473 2977 2474 2986 ¹

497 3013 626 3047 Scrupea,
648 3017 705 3038 tuta
721 3010 780 3037 lacu
792 3009 871 3044 nigro
885 3017 1078 3044 nemorumque
1092 3008 1222 3035 tenebris:
1387 3025 1391 3026 γ
1403 3008 1497 3041 Riuos,
1525 3008 1554 3035 ui
1567 3008 1600 3035 ad
1611 3017 1683 3035 mare
1701 3007 1884 3043 pertinebant,
1901 3009 1995 3036 Caesar
2006 3014 2053 3036 aut
2064 3014 2212 3041 auerterat,
2226 3013 2271 3035 aut
2278 3016 2338 3043 mag
2359 3008 2376 3039 ”,,
2465 3006 2471 3034 l

498 3049 587 3083 Qam
601 3048 679 3082 super
691 3045 761 3073 haud
774 3045 844 3072 vilae
860 3049 981 3079 poterant
1003 3045 1111 3078 impune
1124 3044 1245 3071 volantes
1359 3051 1392 3078 80
1403 3044 1480 3071 ribus
1493 3053 1510 3071 ο
1532 3044 1678 3077 struxerat,
1697 3046 1715 3070 ι’.
1729 3044 1778 3070 alio
1792 3043 1931 3072 deriuarat.
1994 3044 2050 3071 Cic.
2065 3044 2097 3071 de
2113 3044 2175 3071 Nat.
2190 3044 2271 3071 Deor.
2283 3053 2310 3077 2,
2325 3044 2355 3070 16
2359 3043 2362 3048 '

495 3083 624 3112 Tendere
638 3083 691 3109 iter
704 3081 795 3117 pennis
810 3092 815 3108 :
851 3080 911 3107 talis
925 3080 976 3106 sese
990 3078 1087 3106 halitus
1109 3080 1173 3107 atris
1403 3080 1527 3107 Flumina
1540 3089 1673 3113 arcemus,
1692 3078 1834 3114 dirigimus
1843 3099 1852 3112 ‚
1871 3079 2027 3107 anei-timus.
2062 3080 2192 3108 furorem
2204 3079 2318 3107 alicuius
2330 3087 2344 3106 a

499 3119 630 3148 Faucibus
642 3118 778 3145 effundens
792 3118 886 3152 supera
899 3115 932 3142 ad
946 3123 1064 3142 connexa
1078 3115 1194 3142 ferebat:
1402 3124 1418 3142 a
1431 3116 1549 3150 pernicie
1564 3115 1678 3151 Reipub.
1695 3115 1757 3147 Cic<
1764 3115 1876 3150 Philipp.
1890 3125 1918 3149 4,
1934 3125 1957 3149 3.
2027 3115 2064 3145 Id.
2080 3116 2152 3143 Fam.
2166 3124 2203 3148 12,
2217 3117 2249 3142 26
2292 3115 2336 3142 Ne
2357 3127 2361 3135 ›
2467 3124 2474 3140 ι

497 3155 574 3183 Vnde
589 3155 678 3181 locum
696 3153 773 3180 Graii
786 3153 911 3179 dixerunt
925 3151 1035 3178 nomine
1053 3151 1172 3177 Aornon.
1404 3152 1502 3178 Eroten
1513 3152 1636 3178 Turium
1649 3152 1687 3185 Q
1696 3151 1783 3179 'rui-ii
1796 3150 1924 3179 libertum
1944 3156 1991 3184 (vt
2003 3151 2088 3179 adhuc
2101 3151 2183 3184 fecit)
2202 3150 2343 3179 hereditat
2355 3164 2367 3174 ·-

302 3191 345 3220 Sic
359 3192 388 3218 G.
404 3190 500 3218 Fabric.
515 3201 544 3218 ex
559 3190 634 3219 MSS.
705 3189 852 3225 Comparari
857 3186 956 3224 possunt
970 3196 1023 3213 cum
1036 3186 1076 3212 his
1087 3185 1175 3223 versus
1189 3185 1308 3213 Lucretii
1322 3187 1349 3218 6,
1403 3188 1506 3214 rianam
1519 3194 1649 3215 auertere.
1669 3190 1688 3214 i.
1711 3186 1827 3223 auferre,
1854 3190 1882 3213 in
1903 3194 1972 3214 tuam
1993 3196 2044 3214 rem
2069 3195 2181 3220 vertere,
2199 3187 2348 3222 νοσφίζεσθαι.

303 3231 348 3260 8¹9
354 3226 412 3262 sqq.
450 3227 554 3254 Auerna
568 3227 621 3254 alta
639 3225 714 3260 Virg.
729 3225 794 3252 Aen.
810 3231 834 3257 5,
847 3231 903 3258 732.
922 3225 940 3249 i.
957 3221 1097 3258 Profunda.
1170 3221 1260 3248 Aestus
1269 3224 1350 3252 Auer-
1362 3228 1391 3256 85
1404 3223 1560 3255 Pecuniam,
1581 3222 1721 3256 Praedam,
1741 3223 1816 3249 Rem.
1889 3223 2000 3250 Hostem
2011 3230 2132 3250 auertere
2149 3231 2165 3249 a
2179 3222 2264 3258 portis
2297 3222 2350 3249 eae
2360 3230 2369 3255 ¹,

304 3261 334 3289 ni
353 3263 458 3288 Lucret.
473 3265 499 3295 6,
512 3267 567 3296 830.
639 3262 728 3290 Graue
745 3260 818 3288 olens
832 3259 952 3286 Auernus
971 3259 1046 3292 Virg.
1063 3258 1128 3284 Aen.
1145 3260 1172 3290 6,
1185 3266 1228 3284 20.
1278 3257 1350 3284 Lati·
1404 3259 1475 3286 Gall.
1488 3261 1514 3291 6,
1528 3268 1567 3292 41.
1603 3260 1645 3288 Sic
1652 3259 1708 3286 Cic.
1720 3257 1753 3285 ad
1761 3259 1832 3285 Brut.
1842 3266 1867 3292 15
1883 3260 1971 3294 Atque
1985 3267 2065 3286 omne
2079 3258 2238 3295 praesidium
2250 3258 2310 3285 esset
2322 3257 2352 3290 in
2364 3271 2370 3293 3,

304 3306 345 3324 ces
359 3297 461 3323 Auerni
480 3299 554 3333 Virg.
568 3298 633 3324 Aen.
647 3307 676 3332 4,
690 3305 741 3331 5¹2·
813 3295 886 3321 Luco
894 3294 995 3321 Auerni
1009 3293 1139 3328 praescios
1154 3293 1302 3327 penetrauit
1322 3298 1348 3320 et
1404 3295 1451 3329 qui
1467 3304 1482 3321 a
1495 3294 1645 3322 ceruicibus
1658 3293 1754 3322 nostris
1767 3294 1900 3322 auertisset
1913 3295 2071 3322 Antonium.
2118 3293 2161 3321 Ab
2175 3293 2247 3321 Vrbe
2267 3293 2306 3321 Id.
2318 3292 2352 3321 ad
2364 3322 2367 3324 μ

303 3332 415 3368 reliquit
428 3333 526 3359 Aeneas
546 3334 607 3360 Stat.
623 3333 687 3360 Silu.
704 3342 732 3367 4,
747 3340 769 3364 3,
784 3339 829 3363 131.
900 3329 982 3364 Nigri
995 3329 1109 3356 sulcator
1124 3329 1241 3360 Auerni,
1261 3329 1350 3355 1'·Ch11-
1403 3331 1450 3365 Ep.
1466 3339 1488 3363 3.
1558 3330 1620 3358 Liu.
1634 3339 1673 3363 22,
1710 3349 1717 3356 .
1755 3348 1762 3357 .
1798 3349 1805 3356 .
1841 3331 1873 3357 In
1906 3330 1998 3365 fugam
2019 3335 2174 3358 auertertmt
2193 3329 2303 3356 classem.
2340 3344 2344 3347 ·
2358 3328 2364 3345 ’·’

304 3378 351 3396 ’‘0’1
371 3368 432 3395 Stat.
445 3367 538 3394 Theb·
553 3376 586 3400 ¹1,
601 3374 654 3402 588·
723 3367 824 3395 pallens
838 3365 958 3393 Auernus
997 3365 1037 3392 ld·
1052 3364 1117 3392 Silu.
1131 3372 1154 3397 5,
1168 3373 1188 3396 ¹,
1200 3371 1243 3399 27-
1305 3365 1349 3390 Pe·
1403 3372 1540 3398 auertere,
1554 3372 1605 3402 pro
1615 3367 1710 3394 Arcera
1722 3364 1752 3391 ab
1764 3371 1809 3391 etc.
1828 3366 1903 3401 Virg.
1917 3367 1983 3402 Aen.
1997 3375 2018 3398 1,
2031 3375 2072 3399 4²·
2127 3365 2214 3392 Locus
2231 3371 2301 3392 mate
2319 3365 2325 3371 “
2361 3362 2368 3399 J

305 3404 392 3432 ssiferi
404 3403 486 3430 limen
501 3404 601 3430 Auerni
621 3403 713 3431 Claud.
727 3403 758 3430 de
772 3404 848 3437 Rapt.
863 3402 980 3436 Proserp.
993 3409 1018 3433 z,
1038 3406 1092 3434 348.
1148 3400 1222 3434 Virg.
1245 3400 1310 3426 Aen.
1324 3408 1387 3439 3,90
1403 3401 1496 3428 tendus
1509 3410 1556 3436 per
1571 3401 1750 3437 cataplasmata
1775 3400 1841 3427 Cels.
1856 3410 1885 3434 5,
1898 3409 1940 3436 27.
1976 3401 2031 3428 Cic.
2051 3402 2105 3428 Att.
2119 3403 2157 3434 16,
2172 3408 2189 3436 7
2207 3402 2262 3436 Ego
2275 3409 2341 3428 vero
2360 3403 2370 3421 .·

306 3449 354 3474 441
391 3440 452 3467 Huc
464 3437 512 3465 vbi
526 3438 625 3465 delatus
639 3440 783 3466 Cumaeam
796 3437 928 3466 accesseris
939 3436 1051 3468 vrbem,
1087 3435 1255 3470 Diuinosque
1268 3435 1348 3468 lacus,
1403 3437 1499 3472 gratias
1512 3437 1593 3464 miras
1611 3445 1678 3472 ago,
1699 3436 1747 3471 qui
1761 3445 1803 3463 me
1814 3445 1830 3463 a
1843 3443 1914 3464 tanta
1928 3437 2042 3464 Infamia
2054 3436 2189 3464 auerterit.
2237 3437 2365 3465 Mentem
2411 3463 2415 3468 ,

306 3483 332 3502 et
352 3475 457 3502 Auerna
478 3474 596 3501 sonantia
610 3474 697 3508 siluis,
715 3482 760 3502 etc.
837 3473 885 3500 Vbi
898 3472 1005 3499 Seruius
1022 3482 1027 3497 :
1063 3471 1177 3498 Diuinos
1191 3471 1274 3503 lacus,
1295 3473 1313 3496 i.
1328 3480 1347 3496 ε’.
1403 3474 1445 3500 ius
1459 3481 1472 3499 a
1488 3472 1639 3500 defenfione
1652 3472 1760 3499 alterius
1780 3472 1837 3499 Cic.
1850 3481 1900 3507 pro
1913 3472 1981 3500 Sext,
1993 3474 2037 3507 67.
2109 3471 2169 3506 le,
2183 3471 2200 3499 l.
2216 3470 2326 3509 111ud.§.
2414 3474 2416 3478 ¹

306 3511 492 3542 Consecratos,
512 3511 647 3536 Auernum
662 3516 687 3536 et
703 3510 858 3537 Lucrinum.
906 3509 1022 3536 Auernus
1036 3512 1125 3533 autem
1138 3507 1166 3532 in
1178 3506 1276 3533 Plurali
1290 3507 1348 3533 Nu·
1402 3508 1436 3535 D.
1449 3508 1481 3535 de
1495 3508 1589 3535 tribut.
1603 3507 1653 3536 a&
1675 3507 1724 3534 Sed
1737 3513 1763 3534 et
1777 3507 1919 3535 fiMercem
1950 3508 2020 3536 crire
2033 3507 2115 3542 passus
2128 3507 2164 3534 est
2173 3527 2181 3540 ‚
2200 3513 2246 3534 aut
2264 3516 2323 3534 eam
2339 3515 2364 3537 a

305 3555 382 3574 mero
394 3547 559 3574 haec-Auerna
572 3545 650 3577 facit,
670 3550 699 3571 vt
710 3547 839 3573 Tartarus
855 3545 978 3576 Tartara,
992 3541 1061 3569 vnde
1073 3541 1109 3568 cst
1120 3543 1222 3569 Auerna
1229 3542 1350 3578 sonantia
1402 3550 1448 3570 aut
1461 3544 1568 3571 vilioris
1581 3543 1640 3571 data
1650 3551 1731 3578 opera
1744 3542 1881 3576 distraxit,
1899 3517 1974 3570 veifi
1987 3542 2020 3570 ab
2033 3543 2180 3570 emtoribus
2193 3543 2311 3578 pretium
2340 3554 2353 3578 >'.
2363 3555 2374 3563 ν

304 3581 385 3614 filuis.
421 3582 486 3608 Sane
498 3580 542 3608 hic
554 3580 624 3607 lacus
636 3580 759 3607 siluarum
772 3580 896 3608 densitate
908 3579 942 3607 fic
956 3576 1124 3606 ambiebatur
1139 3583 1214 3610 ante,
1229 3584 1257 3604 vt
1270 3577 1348 3604 exha-
1357 3587 1389 3612 95
1403 3580 1472 3614 gerit
1486 3590 1492 3606 :
1526 3579 1667 3606 dicendum
1690 3579 1742 3606 crit
1763 3579 1851 3606 teneri
1873 3587 1936 3605 eum
1958 3577 2119 3611 tributoria‚
2143 3577 2162 3604 fi
2194 3578 2271 3605 dolus
2294 3579 2323 3605 in
2340 3588 2369 3603 -c

307 3617 362 3644 lans
375 3617 436 3644 inde
450 3625 497 3652 per
510 3615 639 3651 angustias
660 3623 741 3650 aquae
754 3616 908 3651 sulphureae
919 3615 987 3642 odor
1002 3612 1162 3651 grauissimus
1182 3613 1350 3647 superuclan-
1403 3615 1477 3650 Conf.
1490 3615 1624 3642 Ammian.
1638 3623 1679 3649 14,
1691 3622 1713 3648 5.
1749 3614 1860 3641 Morbos
1879 3615 1947 3642 Hor.
1960 3613 2039 3648 Epist.
2053 3622 2080 3645 2,
2095 3621 2115 3645 1,
2128 3615 2180 3646 136-
2216 3614 2315 3641 Oculos
2329 3625 2336 3635 ν
2348 3627 2359 3637 ι
2407 3639 2411 3645 ,

307 3657 346 3678 tes
361 3661 422 3679 aues
436 3658 550 3680 necaret.
606 3650 681 3678 Vnde
696 3656 721 3677 ct
735 3653 855 3678 Auernus
869 3650 956 3678 didius
970 3649 1023 3683 cst,
1043 3648 1113 3684 quasi
1133 3647 1217 3684 ἄορνος.
1260 3649 1348 3682 Qiam
1403 3651 1432 3677 in
1444 3652 1469 3677 se
1489 3651 1551 3677 Liu.
1565 3659 1590 3677 2.
1626 3650 1707 3684 Qiod
1720 3651 1807 3677 Omen
1819 3650 1859 3676 dii
1870 3654 1990 3676 auertant
2010 3648 2066 3675 Cic.
2081 3649 2153 3675 Fam.
2168 3657 2206 3682 12,
2221 3651 2247 3676 6.
2285 3648 2371 3678 Ι.ιιι.,4
2406 3678 2409 3680 ,

307 3695 366 3715 reni
378 3688 507 3722 Augustus
521 3688 615 3715 Caesar
624 3686 788 3721 intelligens,
809 3686 917 3713 deieffis
924 3686 1009 3717 mnis,
1027 3693 1058 3712 ex
1072 3683 1254 3720 pestilentibus
1261 3692 1348 3710 amoe-
1403 3687 1568 3720 Opinionem
1587 3686 1681 3721 populi
1699 3695 1714 3713 a
1734 3686 1777 3721 spe
1789 3683 1949 3719 adipiscendi
1982 3684 2039 3712 Cic.
2052 3693 2101 3718 pro
2115 3685 2236 3712 Muraen.
2250 3693 2293 3719 43.
2358 3688 2361 3692 '
2377 3686 2388 3702 -'

309 3730 343 3749 na
356 3723 473 3750 reddidit
487 3723 552 3750 loca.
589 3721 720 3749 flattena:
734 3722 856 3754 Seruius,
893 3725 920 3748 ui
931 3722 1025 3758 confudi
1037 3723 1110 3748 etiam
1119 3717 1198 3755 potest
1211 3719 1245 3745 ad
1253 3719 1349 3754 Georg.
1405 3722 1467 3749 Nat.
1483 3723 1564 3749 Deor.
1579 3731 1602 3754 3,
1617 3730 1646 3755 19
1658 3731 1680 3748 c.
1694 3726 1708 3752 8
1725 3720 1854 3757 Equidem
1865 3719 1978 3749 attulisse
1992 3719 2110 3747 rationes
2121 3719 2192 3748 mihi
2203 3720 2299 3748 videor
2311 3727 2328 3746 ε·
2345 3751 2348 3756 .

308 3765 336 3790 2>
351 3760 407 3790 ¹⁶4·
477 3760 624 3786 Tartareus
639 3759 759 3784 Auernus
779 3758 840 3783 Stat.
905 3757 947 3784 eb·
961 3766 985 3790 3,
999 3761 1052 3787 108·
1089 3757 1208 3789 Vacuus,
1227 3757 1245 3780 1'-
1256 3755 1432 3790 l⁷tfer13100tu
1448 3758 1484 3784 ita
1498 3757 1613 3791 refellis,
1633 3763 1663 3784 vt
1676 3765 1760 3792 quum
1771 3764 1814 3782 me
1824 3755 2035 3789 interrogaturus
2048 3756 2096 3782 ess'e
2110 3755 2233 3788 videare,
2251 3763 2278 3782 et
2291 3762 2339 3790 ego
2400 3782 2404 3787 ,

306 3795 335 3819 in
349 3793 435 3829 quibus
448 3794 563 3821 habitant
575 3791 749 3830 defunflorum
762 3792 860 3819 umbrae
873 3799 956 3818 tenues
968 3799 992 3819 et
1003 3795 1174 3827 incorporeae,
1217 3790 1349 3826 roindcque
1402 3792 1613 3828 respondendum
1627 3789 1820 3828 compararim,
1836 3796 1944 3825 repente
1964 3797 2066 3817 auertas
2085 3791 2252 3824 orationem,
2270 3799 2317 3817 nec
2330 3797 2350 3830 ζ
2376 3816 2378 3818 ,
2394 3791 2400 3814 ἐ

307 3829 386 3856 Iocum
399 3838 445 3854 nan
458 3837 610 3865 occupantes.
639 3827 732 3856 Claud.
744 3827 776 3854 de
789 3828 865 3862 Rapt.
874 3828 991 3862 Proscrp.
1003 3836 1023 3861 1,
1032 3836 1072 3855 20.
1144 3827 1195 3854 Vm
1216 3825 1289 3851 rosus
1309 3825 1348 3851 ld.
1403 3828 1550 3863 spondendi
1562 3828 1660 3855 locum.
1729 3825 1785 3853 Cic.
1798 3826 1873 3852 Verr.
1889 3834 1909 3858 1,
1925 3833 1948 3852 ιι
1962 3835 1983 3852 c.
1995 3835 2014 3860 4
2033 3826 2139 3860 Qubus
2151 3826 2310 3861 probemus,
2346 3828 2358 3840 '¹
2371 3829 2375 3831 “

309 3862 342 3890 de
357 3864 431 3897 Rapt.
446 3863 562 3900 Proserp.
579 3874 598 3898 1,
614 3867 663 3892 116.
859 3860 879 3900 fl
897 3872 914 3889 2
934 3865 1062 3890 Auernus.
1083 3861 1143 3889 Adi.
1186 3860 1268 3891 Ouid.
1283 3861 1347 3887 Met.
1403 3863 1542 3898 quaestura
1565 3863 1704 3898 pecuniam
1725 3859 1858 3896 publicam
1881 3862 1929 3888 Cn.
1951 3862 2070 3889 Carboni
2095 3862 2206 3890 Consuli
2217 3862 2303 3895 datam
2320 3879 2323 3882 -

310 3907 350 3931 ιο,
364 3907 389 3932 5ι
410 3899 483 3925 Hanc
496 3899 570 3926 simul
579 3920 587 3933 ,
604 3907 630 3927 et
642 3900 727 3935 legem
740 3897 912 3934 Rhodopeius
926 3899 1021 3934 accipit
1034 3897 1171 3934 Orpheus,
1205 3896 1248 3924 Ne
1263 3895 1349 3922 fleetat
1402 3899 1471 3925 Add.
1484 3899 1552 3926 Tac.
1566 3899 1602 3925 H.
1615 3907 1635 3931 1,
1644 3905 1713 3932 53‚2.
1737 3895 1793 3923 uid.
1807 3896 2000 3926 Hereditatem.
2070 3897 2169 3925 Pestem
2181 3897 2298 3932 abstegy
2329 3894 2346 3901 ““
2404 3931 2408 3933 λ

308 3939 382 3963 retro
405 3935 450 3964 sua
472 3933 590 3970 lumina,
609 3935 691 3964 donec
714 3936 833 3965 Auernas
874 3934 978 3966 exierit
998 3933 1089 3966 vnues.
1160 3933 1231 3963 Loca
1252 3934 1532 3972 auem2105uu1tibeo
1552 3933 1608 3965 Cic.
1620 3933 1652 3963 de
1663 3931 1816 3962 Νικῠεοι.
1828 3940 1849 3968 ι,
1863 3940 1918 3962 102.
1988 3934 2116 3965 Auratam
2127 3936 2246 3970 optantes
2278 3963 2282 3968 ,
