2474 4182
275 82 316 118 71
685 64 907 107 ACH
1794 63 1992 104 Aoi
2371 80 2437 118 72¹

283 158 374 191 Nempe
401 157 490 184 Thetis
513 158 588 183 Nerei
600 155 667 192 filia.
723 151 848 178 Peruicax
869 151 936 190 Hor.
957 150 1038 185 Epod.
1060 159 1099 186 17,
1117 160 1155 183 ¹4·
1213 150 1322 190 l’hthius
1378 159 1439 190 pon.
1452 152 1480 177 in
1493 152 1509 178 l.
1522 153 1549 179 Si
1563 154 1633 179 vina.
1670 153 1701 179 D.
1720 154 1758 179 De
1773 153 1854 188 peric.
1870 158 1895 180 et
1909 161 2005 179 comm.
2024 154 2065 180 rei
2078 155 2177 183 veni-lit.
2231 154 2257 182 Si
2271 156 2334 182 vina
2352 163 2422 183 eme-

280 193 348 219 Ηω,
364 193 414 219 Od,
431 204 456 226 4,
471 195 497 224 6,
513 202 538 225 4,
577 193 648 225 Virg.
665 191 726 215 Aen.
743 196 767 218 2,
781 192 828 218 438
849 187 900 212 Hic
915 187 1050 221 Dolopum
1070 196 1185 226 manus&
1198 186 1241 213 hic
1265 187 1322 213 Sae-
1378 195 1447 217 rim,
1465 189 1577 226 exceptis
1590 188 1671 215 acidis
1686 195 1710 215 et
1724 189 1851 222 mucidis,
1872 196 1897 215 et
1911 189 1979 215 mihi
1993 190 2112 223 expediat
2126 191 2198 218 acida
2213 200 2320 226 quoque
2333 196 2358 216 et
2365 199 2422 218 mu.

280 238 328 254 vus
343 228 464 254 studebat
478 228 602 254 Aghilles.
637 222 766 257 Superbus
792 222 854 248 Stat.
877 222 963 248 Achil.
982 232 1005 253 2,
1026 231 1080 255 350.
1134 223 1214 249 Ouid.
1230 223 1322 248 Amor.
1380 222 1438 248 cida
1452 229 1585 256 accipere,
1611 225 1734 251 Proculus
1750 226 1802 257 ait,
1831 226 1952 260 quamuis
1966 225 1993 251 id
2008 226 2131 259 emptotis
2145 228 2219 253 causa
2231 233 2368 262 exceptum
2383 226 2422 260 fit,

280 272 305 294 2,
323 273 341 295 i,
357 273 388 295 29
408 263 479 297 Qiid
496 263 561 289 milii
578 259 707 295 profuerit
723 258 800 283 velox
822 264 937 284 cantatus
951 258 1076 284 Achilles.
1123 260 1255 293 Proprium
1269 260 1325 294 Epi-
1379 264 1466 285 tamen
1480 257 1554 296 acida
1566 265 1591 285 et
1604 260 1709 286 mucida
1723 270 1776 287 non
1790 262 1894 287 veniss'e.
1948 259 2079 288 Columel.
2093 268 2162 294 ς,10,
2175 271 2199 295 15
2230 262 2333 289 Malum
2346 262 2422 289 Funis

279 300 378 331 theron,
399 307 422 324 ct
444 301 596 324 Horam-trinu
616 292 687 318 πέδας
702 292 768 318 ὠκύς.
827 294 922 320 Statius
941 297 1007 320 inter
1020 296 1070 320 alia
1090 295 1231 319 velocitatis
1252 304 1326 330 argu-
1346 297 1360 323 5
1382 303 1441 320 cum
1454 292 1471 318 fi
1488 292 1608 326 acidum,
1627 303 1671 322 aut
1685 297 1772 323 minus
1785 296 1888 323 dulcem
1903 297 2021 324 frue'tum
2035 297 2119 329 feret,
2145 297 2195 324 hoc
2207 298 2290 324 modo
2304 297 2422 324 emenda—

279 342 360 360 mfnm
381 334 477 360 inducit
497 337 638 357 narranti-ni
658 328 779 355 Achillem
806 328 834 355 de
848 330 894 366 fiio
917 330 1030 360 Chirone,
1049 330 1128 364 Saepe
1141 329 1221 355 etiam
1235 331 1324 363 primo
1381 330 1462 357 bitur.
1604 328 1624 366 ff
1641 339 1657 357 2
1676 333 1723 358 Per
1738 333 1926 368 Metaphoram,
1950 340 1977 359 vt
1991 332 2119 364 Acerbus,
2139 333 2291 368 referturad
2303 343 2344 364 ea,
2365 342 2422 368 quae⁴

281 370 357 396 fluuii
372 376 478 404 torpore
493 365 603 403 iubebat
616 365 655 390 lre
669 365 754 399 super,
775 364 938 401 glaciemque
955 365 1007 391 leui
1022 374 1075 391 non
1091 366 1211 399 frangere
1237 366 1325 399 planta
1379 367 1420 392 vel
1431 366 1490 391 aliis
1509 362 1629 403 sinilibus,
1649 369 1689 392 vel
1701 367 1746 402 ipsi
1759 368 1818 395 adeo
1832 372 1914 394 animo
1927 372 2030 405 ingrata
2038 369 2108 404 sant.
2128 377 2153 394 υ.
2170 378 2195 404 g.
2221 368 2361 402 Piin.30‚4
2373 369 2390 394 s.
2405 377 2423 402 9

281 405 377 431 Achill.
392 414 415 433 2.
429 412 486 435 403.
539 399 665 432 Achilles,
686 402 779 427 Nomen
794 399 826 433 est
841 401 983 437 tragoediae
996 401 1025 426 ab
1045 399 1192 433 Aristarcho
1213 400 1325 436 composi·
1380 403 1466 428 Penna
1480 399 1594 426 vulturis
1608 399 1625 425 fi
1645 402 1790 438 scalpentur
1807 404 1913 436 dentes,
1943 404 2048 430 acidum
2063 403 2176 430 halitum
2197 403 2304 430 faciunt.
2360 403 2423 430 Vbi.

280 448 327 466 tae.
365 440 444 465 Plaur.
460 438 485 461 in
500 435 612 469 prologo
626 436 735 463 Poenuli
750 437 832 471 princ.
872 437 1002 462 Achillem
1017 435 1161 462 Aristarchi
1175 435 1244 462 mihi
1253 446 1323 463 coni-
1380 445 1483 471 cunque
1493 436 1567 462 dulce
1582 434 1634 467 cst,
1656 436 1695 463 ibi
1708 445 1733 464 et
1746 439 1849 467 acidum
1865 440 1984 466 inuenies
1997 441 2101 467 Petron.
2123 449 2143 465 c.
2159 444 2197 469 82.
2252 438 2333 472 Qiod
2348 439 2423 474 petis,

280 474 391 501 nientari
405 472 491 497 lubet:
528 471 591 497 inde
605 471 673 498 inihi
689 473 851 507 principium
865 474 965 507 capiam
980 471 1162 506 extragoedia.
1268 469 1289 533 ἒ
1308 480 1324 498 2
1337 475 1364 493 ¹0
1377 473 1405 499 id
1424 473 1482 498 sane
1498 471 1533 497 est
1553 471 1667 496 inuisum
1686 474 1843 510 acidumque
1857 475 1960 502 duobus
1975 477 2042 502 Hor.
2065 477 2110 510 Ep.
2125 484 2151 508 2,
2164 483 2189 507 2,
2204 474 2247 508 67.
2302 475 2370 501 Puer
2381 484 2424 503 me

286 510 417 537 Translate
425 506 520 542 sartcs,
538 511 709 543 magnaninms
723 516 745 533 ct
759 509 829 533 rvlms
841 507 915 544 gistis
928 510 1009 534 claros
1017 511 1095 539 uiros,
1115 513 1205 532 vocant
1233 507 1269 532 Ac
1293 507 1324 533 il-
1377 508 1455 535 acido
1470 508 1572 534 cantico
1587 507 1689 541 excepit
1702 509 1803 537 Petron.
1818 521 1838 537 c.
1852 520 1886 543 31.
1924 511 2020 537 Nullus
2034 512 2111 537 sonus
2123 518 2239 545 vnquam
2253 509 2356 536 acidior
2369 518 2423 545 per‘

281 547 323 571 les.
362 542 428 568 Geli.
441 551 468 574 2,
486 551 507 568 11
527 543 554 568 L.
571 544 684 569 Siccium
698 545 839 570 Dentatum
853 560 886 564 —
901 544 1026 578 scriptum
1040 543 1111 569 estin
1124 542 1200 569 libris
1215 542 1323 569 Annali·
1379 543 1450 570 culllt
1463 552 1538 570 aures
1554 552 1623 568 meas
1637 542 1674 568 ld.
1691 552 1711 569 0.
1726 547 1764 575 68.
1820 546 1929 580 Qun&
1944 549 1970 579 6,
1981 556 2003 579 3,
2018 555 2045 579 33
2064 547 2198 573 Placidum
2212 545 2339 578 nomine,
2363 547 2424 581 quia

278 581 325 606 bus
345 578 401 612 plus
423 587 482 604 uam
503 579 575 605 credi
594 579 687 605 debeat
707 580 840 605 strenuum
861 579 1017 605 bellatorem
1030 579 1114 611 fuiss'e,
1134 587 1284 612 nomenque
1298 579 1323 605 ei
1379 580 1400 606 is
1414 579 1525 606 acerbus
1539 586 1630 605 natura
1644 579 1718 611 ess'et,
1739 581 1852 608 Acidum
1867 582 1968 609 dietum
1983 583 2102 609 inuenio.
2158 582 2215 608 Sen.
2231 582 2424 617 Controu.5,34
2466 603 2470 608 .

279 614 377 640 saelum
391 623 407 640 ο
441 615 573 648 ingentem
587 615 785 646 fortitudinem,
801 616 1013 649 appellatumque
1026 615 1074 640 else
1083 614 1212 640 Achillem
1228 614 1324 640 Roma·
1379 615 1544 649 Timagenes
1553 614 1634 641 honio
1648 615 1738 640 acidae
1757 615 1862 651 linguae
1880 624 1905 644 et
1919 619 1998 644 nimis
2013 618 2091 644 liber.

277 659 350 676 num.
400 650 512 676 Achillis
526 654 600 676 ctiam
614 661 742 686 cognomi-n
759 651 839 676 cadem
855 651 882 677 ilc
897 651 969 686 caasa
983 650 1103 686 aristi-ibit
1125 652 1163 684 Q
1178 650 1260 676 Cotio
1274 650 1324 676 Va·
1343 652 1367 678 ¹5
1414 657 1460 677 AC
1472 658 1480 676 i
1490 658 1508 678 D
1519 658 1543 676 F
1574 650 1639 676 Adu.
1661 650 1762 684 Vulgat.
1786 652 1906 687 Sirac.4‚
1927 663 1943 687 9
1971 655 2035 680 Non
2049 653 2124 680 acide
2144 653 2212 679 feras
2226 653 2255 678 in
2268 652 2359 678 animo
2371 658 2424 681 tuo.

277 686 358 712 lerius
371 687 442 714 Max.
457 695 477 718 3,
498 695 523 717 2,
545 695 580 713 21.
627 686 714 712 finium
729 690 824 712 rasione
838 686 904 722 apud
918 688 991 721 Virg.
1013 686 1076 712 Aen.
1092 688 1117 718 6,
1131 692 1162 718 89
1182 685 1274 719 sihytia
1295 684 1324 711 de
1380 686 1483 720 Negat,
1502 686 1551 712 fibi
1567 695 1682 721 vnquani
1695 686 1796 712 acidius
1809 688 1885 715 fuilse
1909 690 2012 716 Petron.
2027 699 2048 716 0.
2063 698 2105 723 92.
2141 691 2159 714 i.
2174 698 2296 724 nunquam
2311 688 2425 723 plus-fibi

281 723 368 749 Turno
406 739 415 744 -
437 739 445 743 -
465 739 473 743 -
493 723 560 748 alius
574 723 652 748 Latio
666 723 718 748 iani
732 729 818 756 partus
839 722 964 748 Achilles.
1018 723 1058 748 Sic
1071 722 1152 748 Plaut.
1166 721 1248 747 Milit.
1267 729 1286 753 ι,
1304 729 1325 753 1,
1378 719 1560 754 molestiarum,
1579 721 1714 758 contigiſje.
1750 723 1856 758 Sicsane
1867 726 1966 757 malim,
1985 735 2056 761 quam
2070 724 2272 751 cumBurmanno
2285 724 2383 760 referre
2394 722 2426 752 ad
2453 727 2457 736 ²

277 760 305 784 61
342 759 497 794 Artotrogus
517 762 554 784 itu
577 762 631 794 regi
644 758 690 794 fiio
706 758 862 793 partililatiir
882 757 1042 792 Rogitabant
1063 759 1190 788 mulieres,
1210 756 1325 783 Hiccine
1378 764 1479 793 gratum
1493 767 1521 782 ex
1536 757 1676 784 acritudine
1688 758 1811 794 saporem.

277 793 393 820 Achilles
407 794 443 820 est
457 794 524 820 tibi?
560 794 646 820 Immo
663 795 718 820 eius
732 794 823 825 frater,
843 794 960 829 iuquam.
1418 799 1611 819 ACiDi'rAs
1625 813 1635 825 ‚
1667 795 1724 820 atis.
1773 793 1916 821 Aciditatet
1948 796 2082 826 Stomacbi
2123 795 2278 822 consumere
2308 793 2424 826 Marcell.

312 837 359 858 AC
371 831 551 856 Η11,1.1ῐ,·ν3.
572 830 631 856 Adi.
646 830 740 864 poss'eff.
762 829 918 864 [αἰχίλλως]
938 829 1012 862 Virg.
1029 828 1093 854 Aen.
1110 837 1133 860 3,
1157 829 1207 860 326
1337 835 1368 853 20
1380 828 1480 862 Empir.
1501 837 1522 854 c.
1537 836 1579 854 20.

386 866 443 892 Nos
457 866 540 899 patria
554 866 657 891 incensa
672 865 775 891 diuersa
789 875 834 900 per
848 874 963 900 aequora
977 864 1077 896 vefflac,
1415 871 1463 891 AC
1473 871 1481 890 1
1491 870 1509 890 D
1521 860 1563 890 ῢι.
1574 870 1632 895 vs,
1658 873 1688 896 a,
1708 874 1761 891 um.
1780 866 1880 892 Dimin.
1909 865 2036 901 [δξείδιος]
2063 869 2158 903 Ali'qua
2179 876 2208 892 cx
2225 871 2301 901 parte
2321 864 2424 900 acidum,
2453 869 2456 886 ί

388 901 482 936 Stirpis
497 901 632 927 Achilleae
644 902 738 933 salim,
760 901 938 935 iuuenemque
963 899 1106 934 superbum
1379 899 1445 936 quod
1456 907 1479 925 ct
1492 898 1652 926 Subacidum
1666 900 1768 927 dicitur.
1787 902 1851 928 Plin.
1866 910 1901 934 15,
1915 910 1939 934 ις
1982 903 2039 929 Post
2052 902 2232 934 autumnalia,
2264 900 2369 928 acidulo
2391 901 2425 929 sa·
2453 905 2455 914 ⁴

389 937 506 964 Sci-uitio
519 938 611 964 enixac
625 938 742 963 tulimus.
822 937 944 962 Achilleo
965 944 1040 961 more
1057 933 1138 961 Ouid.
1159 933 1245 960 Triss.
1267 943 1288 966 1,
1302 942 1324 966 1,
1380 944 1445 970 pore
1458 935 1581 962 iucunda.
1623 937 1661 962 De
1676 940 1746 972 pii-is
1765 938 1882 973 loquitur.
1923 937 1988 963 Plin.
2002 947 2028 970 2,
2042 947 2083 971 103
2114 938 2247 971 Lynceltis
2260 945 2342 971 aqua,
2361 944 2426 972 quae

279 982 333 1000 ioo.
443 971 464 1011 ff
484 982 499 999 2
520 973 652 999 Achilleus
667 973 764 1003 cursus,
787 972 942 1005 [Ἀχιλλεῖσς
951 969 1048 1007 δρόμος]
1067 970 1199 1005 Peninfiila
1207 968 1240 1003 est
1249 971 1325 996 Ponti
1380 977 1492 998 vocatur
1506 991 1515 1003 ,
1554 971 1673 1004 acidula,
1713 973 1771 999 vini
1792 973 1873 999 niodo
1897 973 2055 1000 temulentos
2074 975 2147 1001 facit.
2201 976 2315 1005 Admgi,
2328 981 2344 999 2
2363 973 2381 999 s.
2393 980 2426 1006 13.

277 1010 368 1035 Euxini
377 1015 454 1044 prope
470 1007 641 1042 Borysthenen.
679 1007 750 1033 Mela
763 1016 787 1039 2,
804 1016 823 1039 1,
837 1016 860 1040 51
885 1008 976 1033 'serra
994 1013 1050 1033 tuni
1065 1006 1143 1040 longe
1157 1005 1267 1032 distenta
1281 1015 1324 1032 ex·
1338 1012 1365 1037 35
1418 1014 1439 1034 Α
1449 1014 1465 1034 C
1476 1015 1484 1033 1
1494 1013 1535 1034 Ec
1545 1014 1591 1033 Vi.
1602 1014 1637 1033 A:
1670 1008 1727 1033 isid.
1739 1006 1793 1044 post
1808 1016 1855 1036 AC
1865 1017 1873 1035 1
1883 1016 1899 1035 E
1909 1017 1931 1036 s,
2387 1035 2390 1039 ‚

277 1045 368 1070 cedens
383 1045 455 1070 tenui
470 1044 557 1071 radice
571 1044 646 1070 litori
660 1043 817 1069 adnectitur.
862 1043 920 1069 Post
933 1043 1043 1077 spatiosa
1062 1042 1168 1068 modice
1184 1042 1324 1077 paullatim
1416 1050 1435 1069 Α
1446 1050 1462 1069 c
1474 1051 1480 1069 1
1492 1050 1507 1069 Ε
1518 1050 1559 1069 NS
1569 1049 1585 1068 i:
1595 1050 1625 1074 s,
1649 1042 1724 1069 Olim
1743 1044 1836 1078 populi
1856 1051 1931 1070 erant
1950 1045 1979 1071 in
1993 1044 2087 1077 Latio,
2112 1045 2160 1080 qui
2178 1053 2231 1072 vna
2243 1053 2304 1071 cum
2317 1043 2426 1082 reliquis
2458 1054 2459 1058 ¹

276 1082 301 1106 se
315 1081 367 1115 ipsa
381 1081 494 1114 fastigat,
515 1087 538 1106 et
554 1080 623 1115 quali
640 1080 667 1104 111
682 1088 836 1105 mucronem
851 1079 977 1114 colligens
990 1079 1069 1113 longa
1084 1078 1175 1109 latera,
1193 1078 1263 1104 facie
1277 1087 1323 1112 po·
1379 1079 1480 1106 Latinis
1502 1087 1590 1105 carnes
1608 1078 1637 1104 in
1657 1086 1748 1105 monte
1762 1080 1866 1106 Albano
1886 1081 2004 1107 solebant
2017 1080 2143 1115 accipere.
2167 1081 2233 1107 Plin.
2248 1080 2324 1113 lib.3.
2341 1088 2393 1115 cap.
2405 1086 2426 1114 ς.
2457 1101 2460 1107 .

277 1116 317 1142 liti
331 1116 395 1142 cnlis
414 1116 508 1142 allecia
525 1114 633 1151 (quidsi
647 1115 782 1147 31100132)
806 1115 850 1141 est.
907 1115 1025 1141 Achilles
1046 1114 1139 1140 infesta
1159 1114 1231 1140 clauc
1251 1122 1324 1140 mare
1385 1139 1397 1150 Ἰ
1415 1121 1591 1142 ΑΟΙΕΚΙει
1616 1114 1674 1139 Vid.
1694 1122 1895 1142 ACIAFRIS.
2406 1139 2410 1142 ,

278 1153 414 1178 Ponticum
435 1152 574 1185 ingressus,
604 1151 643 1177 ibi
663 1151 768 1177 ludicro
790 1152 934 1177 certamine
954 1151 1091 1177 celebrasse
1112 1149 1270 1181 victoriani,
1298 1155 1324 1176 ct
1415 1157 1545 1182 ACIES,
1568 1149 1602 1175 ci.
1623 1149 1708 1185 [οἶκ1“;,
1727 1150 1784 1182 iun,
1803 1150 1892 1185 σῖκμῆ]
1923 1151 2018 1178 dicitur
2037 1152 2149 1188 inferro
2162 1159 2270 1187 capars,
2289 1159 2349 1187 quae
2360 1150 2428 1187 secat

276 1197 335 1214 cum
349 1188 380 1213 ab
394 1188 473 1213 armis
482 1188 555 1222 quies
569 1194 634 1219 crat,
653 1187 678 1213 se
691 1196 720 1212 ac
732 1187 791 1213 suos
806 1188 986 1213 exercitauisse
999 1193 1171 1212 memoratur.
1208 1185 1272 1211 Ideo
1285 1185 1324 1211 di·
1338 1191 1369 1215 30
1377 1193 1420 1213 aut
1430 1189 1531 1222 pungit.
1572 1185 1647 1219 Virg.
1661 1186 1759 1221 Georg.
1774 1195 1806 1219 2,
1826 1189 1872 1220 363
1912 1188 1968 1221 Ipsa
1981 1188 2049 1214 acies
2063 1188 2138 1214 falcis
2157 1187 2276 1214 nondum
2295 1185 2427 1214 tentanda:

276 1223 316 1249 c'la
332 1223 367 1249 est
389 1221 473 1255 ciffum
488 1223 636 1255 Ἀχίλλειπ.
685 1223 751 1248 Plin.
765 1232 793 1256 4,
814 1231 841 1249 12
860 1223 876 1248 s.
893 1226 927 1249 26
946 1221 1001 1255 Post
1017 1221 1205 1254 Borysthenem
1219 1229 1242 1247 et
1255 1222 1324 1247 insu·
1377 1222 1420 1249 sed
1441 1222 1515 1248 vncis
1535 1221 1689 1255 Carpendae
1702 1222 1824 1248 manibus
1838 1222 1954 1249 frondes.
1990 1223 2095 1256 Plin.ii,
2108 1231 2141 1258 37
2157 1223 2302 1249 Testudin'i
2315 1222 2428 1250 marinae
2455 1234 2458 1249 ;

275 1260 326 1284 lam
340 1258 466 1288 Achillis3
487 1258 518 1284 ab
533 1267 562 1285 ea
572 1265 656 1286 cxxv
670 1259 707 1284 M.
717 1259 742 1284 P.
758 1259 895 1292 peninsula
914 1258 946 1285 ad
961 1259 1076 1284 formam
1090 1257 1173 1292 gladii
1193 1258 1221 1283 in
1242 1263 1324 1283 trans·
1378 1259 1470 1292 lingua
1483 1257 1566 1290 nulla,
1580 1257 1739 1291 necdentes,
1762 1257 1805 1284 sed
1819 1258 1899 1285 rostri
1912 1259 1968 1285 acie
1983 1260 2142 1286 comminuit
2155 1259 2254 1285 omnia.
2296 1258 2428 1294 Vnguium

275 1295 379 1320 versum
394 1294 525 1328 porrtha,
545 1295 735 1321 exercitatione
755 1294 873 1320 eiusdem
894 1295 1080 1329 cognominata
1099 1294 1214 1320 Dromos
1234 1293 1324 1319 Achil·
1378 1294 1444 1320 Plin.
1454 1298 1476 1326 8,
1491 1296 1528 1320 16.
1602 1293 1639 1319 Id.
1656 1302 1699 1328 17,
1720 1303 1762 1326 22,
1783 1300 1808 1320 et
1828 1302 1863 1329 27
1899 1294 2021 1321 Exachm
2035 1295 2109 1321 salcis
2129 1295 2213 1322 aciem
2227 1301 2338 1329 Vtraque
2351 1295 2428 1322 marin

275 1331 340 1356 leos:
361 1332 435 1356 cuius
449 1330 644 1364 longitudinem
663 1330 798 1365 octoginta
813 1331 850 1357 M.
865 1332 890 1356 P.
910 1330 992 1357 tradit
1006 1331 1131 1365 Agrippa.
1168 1330 1241 1365 Conf.
1256 1330 1324 1355 Stra·
1379 1330 1571 1364 imprimentes.
1609 1329 1690 1356 Ouid.
1705 1331 1770 1356 Met.
1780 1339 1802 1362 3,
1817 1338 1863 1364 107
1889 1330 2028 1366 Primaque
2047 1330 2079 1357 de
2098 1331 2176 1358 sulcis
2196 1331 2264 1357 acies
2284 1329 2428 1366 comparuit

273 1365 310 1393 bo
318 1374 343 1401 7.
363 1373 387 1392 et
401 1366 515 1392 Eustath.
531 1366 563 1392 ad
578 1367 685 1399 Dionys.
700 1367 800 1401 Perieg.
814 1376 840 1392 v.
854 1368 911 1398 306.
1091 1362 1112 1407 ᾗ
1131 1374 1143 1397 3
1171 1365 1324 1391 Αο11111ου111
1338 1370 1366 1396 35
1381 1365 1477 1392 hastae.
1513 1365 1606 1392 Minax
1620 1366 1755 1392 mucronis
1776 1366 1884 1392 bii-mic.
1900 1374 1920 1398 ι,
1934 1374 1955 1398 3.
2011 1367 2067 1392 Cic.
2081 1367 2157 1393 Verr.
2172 1375 2195 1400 ς,
2210 1375 2246 1399 113
2260 1375 2281 1392 0.
2290 1375 2322 1400 43
2347 1364 2427 1400 Qiod

266 1402 290 1439 J]
313 1401 456 1428 Achilleon
475 1402 604 1437 oppidum
628 1402 740 1428 'I'roadis
758 1403 832 1428 iuxta
852 1401 984 1428 tumulum
1004 1401 1133 1433 Achillis,
1158 1401 1296 1428 conditum
1310 1409 1325 1427 a
1380 1403 1434 1429 iam
1453 1406 1513 1428 ante
1533 1401 1617 1427 aciem
1637 1402 1769 1428 securium
1788 1407 1909 1434 tuarum,
1934 1401 2063 1437 Sestiique
2083 1403 2123 1428 tui
2137 1402 2269 1429 carnificis
2288 1401 2390 1428 vultum
2402 1406 2428 1429 et

274 1438 454 1470 Mitylenaeis,
473 1445 498 1464 et
512 1446 575 1464 mox
589 1437 791 1464 Atheniensibus
800 1457 808 1470 ‚
827 1437 875 1464 vbi
889 1438 968 1465 classis
982 1438 1037 1464 eius
1057 1438 1177 1470 steterat,
1196 1438 1224 1463 in
1237 1438 1322 1471 Sigeo.
1380 1447 1488 1464 manum
1502 1436 1614 1463 vidisset.
1654 1438 1727 1473 Virg.
1741 1438 1841 1470 Aen.2,
1856 1445 1948 1469 333-
1962 1437 2009 1464 stat
2022 1438 2089 1464 ferri
2102 1438 2170 1464 acies
2183 1446 2310 1465 mucrone
2322 1437 2427 1464 corusco

275 1474 466 1509 Crcd1›,fuitab
480 1477 554 1500 initio
562 1473 655 1509 fanum
666 1474 814 1507 Ἀχιλλεῖον.
967 1473 986 1511 q
1007 1484 1026 1506 4
1046 1473 1167 1500 Achillea
1187 1473 1323 1499 0011101111-
1379 1473 1491 1505 Stric‘ia,
1511 1479 1599 1507 parata
1613 1474 1679 1499 neci.
1720 1474 1835 1505 Ρ1111.36,
1853 1482 1880 1499 12
1894 1473 1910 1498 s.
1925 1481 1962 1507 47
1987 1473 2016 1499 de
2028 1473 2131 1506 cotibus,
2154 1475 2281 1509 Repertae
2295 1474 2352 1500 sunt
2365 1473 2429 1500 etin

274 1510 306 1536 lis
321 1510 404 1536 insula
417 1513 444 1535 in
459 1511 536 1536 Ponto
551 1512 653 1540 Euxino,
673 1509 707 1535 ad
720 1510 893 1544 Borysthenem
906 1510 1011 1535 tumulo
1025 1510 1080 1535 eius
1099 1509 1153 1535 viri
1168 1509 1236 1535 clara
1256 1509 1323 1535 Plin.
1379 1510 1472 1541 Italia,
1492 1517 1559 1544 aqua
1567 1508 1699 1535 trahentes
1707 1510 1790 1535 aciem
1799 1508 1931 1535 acerrimo
1945 1508 2049 1542 effectu,
2068 1513 2085 1535 i.
2099 1517 2256 1536 attenuantes
2267 1512 2341 1536 aciem
2351 1529 2358 1541 ,
2377 1507 2429 1544 stuc

274 1556 302 1579 4,
317 1554 343 1572 12
362 1547 380 1572 s.
395 1548 437 1572 26.
474 1545 543 1571 Add.
559 1546 630 1571 Mela
643 1554 668 1577 2,
683 1554 709 1578 4.
869 1542 920 1607 ³¹5
938 1547 999 1571 Alia
1008 1544 1128 1571 Achillea
1141 1545 1169 1570 in
1177 1545 1324 1571 oraloniae
1334 1553 1371 1578 40
1379 1553 1501 1571 acuentes.
1544 1544 1612 1570 Plin.
1627 1550 1661 1576 18,
1675 1551 1705 1575 28
1727 1545 1840 1572 Creticis
1859 1550 1961 1571 tantum
1979 1546 2215 1580 transmarinisque
2230 1545 2334 1572 cotibus
2347 1543 2428 1578 notin,

274 1582 341 1608 Plin.
358 1590 380 1614 ς,
396 1590 418 1612 31
434 1582 451 1607 s.
470 1589 508 1615 37.
667 1578 687 1617 fl
709 1581 725 1606 6
745 1578 866 1606 Achillea
899 1580 963 1607 erba
975 1580 1063 1607 Plinio
1076 1582 1208 1616 aliquoties
1222 1580 1326 1607 laudata
1380 1590 1427 1607 nec
1442 1580 1490 1606 nili
1505 1580 1583 1613 olei),
1603 1580 1681 1607 falcis
1697 1581 1781 1607 aciem
1793 1580 1977 1607 excitantibus.
2033 1581 2147 1616 Metaph.
2162 1581 2218 1608 Cic.
2233 1582 2288 1608 Cat.
2304 1586 2368 1614 2,98
2394 1580 2428 1617 At

273 1627 298 1644 υ.
313 1628 338 1653 g.
357 1620 401 1649 26,
422 1625 446 1650 15
460 1618 476 1643 s.
492 1625 526 1649 90
550 1616 649 1642 nimios
663 1616 762 1642 menses
775 1616 847 1642 [istit.
885 1616 974 1642 Eadem
988 1616 1124 1643 Achilleos
1143 1615 1169 1648 (ἧ
1182 1616 1325 1649 Ἀχίλλειος
1380 1626 1428 1644 rios
1442 1615 1597 1643 vicesimum
1611 1616 1664 1642 iam
1679 1616 1749 1643 diem
1765 1617 1881 1652 patimur
1894 1616 2031 1642 hebescere
2046 1617 2129 1643 aciem
2144 1616 2241 1644 horum
2254 1616 2428 1644 auctoritatin.

272 1653 375 1686 βατάνη)
398 1653 506 1683 videtur,
530 1651 558 1677 de
573 1661 620 1687 qua
641 1652 708 1677 Plin.
724 1659 764 1684 25,
779 1660 791 1684 ς
806 1652 824 1677 s.
840 1659 868 1683 19
886 1652 993 1678 Inuenit
1006 1658 1032 1678 et
1046 1652 1164 1678 Achilles
1179 1651 1325 1687 discipulus
1379 1652 1515 1680 Habemus
1529 1652 1601 1678 0111111
1615 1651 1772 1679 huiusmodi
1791 1653 1904 1685 sctum,
1943 1659 2117 1679 veruntamen
2126 1653 2260 1685 inclusum
2281 1652 2429 1685 intabuliu,

274 1688 418 1720 Chironis,
443 1697 494 1723 qua
508 1687 666 1713 vulneribus
683 1686 851 1719 mederetur,
873 1695 940 1721 quae
953 1687 989 1712 ob
1006 1687 1033 1712 id
1047 1687 1184 1713 Achilleos
1204 1694 1325 1719 vocatur,
1379 1695 1506 1723 tanquam
1521 1687 1638 1722 gladium
1654 1688 1682 1713 in
1702 1689 1797 1723 vagina
1815 1687 1999 1721 reconditum,
2025 1697 2080 1724 quo
2093 1697 2124 1715 ex
2138 1688 2206 1715 SCto
2219 1687 2390 1715 interfectum
2402 1693 2429 1715 te

274 1726 330 1751 Η10
348 1725 440 1750 sanalle
461 1723 614 1757 Telephum
636 1723 735 1748 dicitur
751 1737 792 1741 ——
810 1722 867 1748 Alii
888 1728 914 1748 et
933 1721 999 1748 113110
1019 1723 1135 1748 Ρ31130011
1160 1724 1369 1758 Ηο13010011,4ς
1381 1725 1438 1756 esse,
1446 1724 1573 1755 Catilina,
1581 1724 1716 1749 conuenit.
1750 1724 1844 1751 Aciem
1858 1725 1926 1750 ferri
1940 1724 2072 1751 Hebetare
2085 1725 2153 1752 Plin.
2168 1731 2274 1758 13,extr.
2410 1730 2428 1751 2

273 1760 321 1786 alii
334 1760 471 1791 Sideritin,
491 1765 517 1784 et
530 1758 599 1792 apud
608 1766 655 1782 1105
670 1757 846 1796 Millcfolium
855 1763 950 1782 vocant
962 1771 1008 1776 --
1022 1766 1113 1784 veram
1127 1758 1268 1786 Achilleon
1280 1766 1325 1786 etc.
1380 1762 1450 1787 Hinc
1458 1767 1507 1796 pro
1526 1760 1647 1785 nobiliore
1666 1759 1718 1796 ipso
1732 1768 1820 1796 genere
1834 1759 1909 1795 ferri
1922 1767 1946 1786 et
1958 1760 1993 1786 ad
2002 1763 2068 1786 acies
2083 1767 2142 1796 apto
2154 1779 2162 1792 ‚
2193 1763 2210 1787 i.
2238 1758 2343 1795 Chaiybe
2361 1757 2428 1786 vide·

272 1797 336 1822 Sunt
351 1798 415 1820 enim
429 1796 514 1819 multa.
550 1794 619 1818 AM.
645 1792 732 1818 Diosc.
746 1801 764 1824 4
774 1811 781 1824 ,
796 1800 833 1823 33.
1036 1800 1053 1826 7
1073 1793 1223 1821 Αο11111011111
1245 1804 1326 1830 genus
1379 1803 1422 1822 rur
1434 1798 1495 1830 poni
1510 1798 1537 1821 in
1552 1794 1594 1821 illo
1614 1795 1731 1828 Piin.34‚
1741 1804 1770 1828 14
1783 1796 1801 1821 s.
1815 1804 1846 1828 41
1879 1795 1916 1822 Ex
1930 1795 2055 1822 omnibus
2068 1803 2156 1822 autem
2176 1796 2317 1831 generibus
2343 1794 2426 1829 palm
2470 1809 2474 1812 ·

273 1831 442 1866 spongiarum
461 1836 539 1855 tenue
552 1828 714 1862 densumque
728 1836 758 1853 ex
772 1837 826 1862 quo
839 1826 975 1861 penicilli,
1015 1834 1060 1854 unt
1072 1828 1138 1854 Plin.
1160 1837 1192 1860 9,
1206 1837 1238 1862 45
1251 1831 1268 1856 s.
1282 1834 1325 1862 69.
1381 1831 1470 1858 Serico
1490 1831 1564 1857 ferro
1583 1830 1627 1856 cst.
1686 1831 1758 1857 Seres
1778 1830 1828 1857 hoc
1848 1839 1907 1858 cum
1927 1831 2044 1857 vestibus
2062 1832 2114 1858 suis
2127 1832 2294 1867 pellibusque
2313 1832 2431 1860 mittunt„

273 1874 278 1885 ¹
310 1874 384 1893 Aeli
395 1865 565 1896 iLLiDEs,
584 1873 666 1890 30.111.
686 1865 836 1895 Patronyin‚
857 1863 1042 1898 [Ἀχιλλείδης]
1057 1863 1229 1897 Aehillisfiiie
1237 1864 1327 1890 Achil·
1382 1866 1500 1891 Secunda
1512 1865 1643 1892 Parthico.
1699 1867 1795 1901 Neque
1808 1865 1860 1893 alia
1879 1876 1975 1902 genera
1992 1867 2060 1893 ferri
2075 1876 2105 1893 ex
2117 1876 2191 1894 mei-a
2209 1868 2265 1894 acie
2285 1874 2426 1908 temperan-
2467 1892 2472 1899 ,

274 1903 310 1929 101
323 1902 401 1928 filius.
438 1900 520 1927 Ouid.
534 1899 612 1933 Epist·
629 1904 652 1931 8,
667 1907 679 1930 3
701 1898 815 1930 Pyrrhus
834 1898 979 1925 Achillides
999 1901 1132 1927 animosus
1148 1900 1264 1933 imagine
1282 1909 1325 1935 pa·
1337 1908 1368 1934 50
1382 1906 1439 1926 tur:
1461 1901 1570 1926 caeteris
1583 1901 1654 1926 enim
1666 1900 1832 1928 admiscetur.
1957 1902 1978 1939 ¹]
1996 1912 2008 1935 3
2030 1904 2162 1930 Oculorum
2183 1912 2273 1939 quoque
2292 1912 2360 1929 acies
2379 1910 2424 1929 non

273 1938 330 1966 tris.
366 1937 526 1972 Diphtongus
545 1937 637 1961 Graeca
654 1942 700 1969 per
724 1936 737 1960 1
747 1936 906 1969 exprimitur,
922 1941 952 1959 vt
966 1937 993 1959 in
1006 1935 1111 1968 Pelide,
1129 1935 1223 1962 Atride
1237 1943 1282 1962 etc.
1379 1945 1429 1962 vno
1444 1935 1513 1961 modo
1527 1935 1636 1962 dicitur:
1657 1946 1712 1962 mox
1726 1940 1789 1963 enim
1798 1937 1876 1973 vistim
1887 1941 2033 1973 generatim,
2043 1948 2099 1965 mox
2108 1940 2239 1974 pupillam,
2251 1948 2307 1965 mox
2317 1937 2395 1975 jacui
2441 1955 2448 1963 .‚

311 1981 332 2001 A
342 1980 358 2000 C
368 1981 387 1999 Η
398 1981 404 1998 1
416 1980 435 1998 v
445 1979 464 1998 v
473 1981 494 1998 s.
522 1971 580 1997 Vni.
602 1978 623 1997 A
632 1977 648 1997 c
658 1977 677 1996 Η
687 1977 708 1996 Α
718 1977 725 1995 1
736 1977 767 1996 Α.
1379 1976 1428 1994 tem
1441 1970 1544 1994 videndi
1553 1969 1762 2003 praestantiorem
1775 1979 1855 1999 natat.
1892 1973 1959 1999 Plin.
1967 1982 2005 2005 10,
2013 1982 2025 2005 3
2049 1974 2167 2009 Superest
2181 1974 2325 2001 haliaeetus
2332 1975 2364 2001 Cl

311 2017 356 2037 AC
366 2016 415 2035 HN
425 2014 458 2039 E,
480 2006 592 2042 [Ἃχνη]
621 2006 685 2032 Plin.
702 2013 725 2037 ς,
740 2014 751 2037 3
769 2006 785 2031 s.
800 2006 831 2037 36
857 2003 1027 2031 Rhodiorum
1048 2004 1148 2031 insulae
1167 2003 1325 2038 Carpathus,
1380 2003 1443 2028 sima
1457 2003 1597 2041 oculorum
1611 2007 1677 2030 acie.
1730 2009 1763 2032 Et
1776 2018 1833 2035 mox,
1845 2008 1926 2035 Illum
1940 2008 2078 2043 (pullum)
2098 2010 2172 2036 cuins
2186 2011 2253 2037 acies
2266 2011 2356 2037 Firma
2411 2015 2414 2017 ’

275 2054 342 2083 quae
355 2045 422 2071 mari
436 2051 533 2069 nomen
547 2042 628 2068 dedit.
665 2042 754 2073 Casos,
768 2041 858 2067 Achne
879 2041 954 2067 olim.
1380 2044 1421 2064 tra
1437 2037 1519 2077 (solis
1533 2036 1641 2077 radios)
1662 2038 1778 2070 steterit,
1799 2041 1901 2066 educat.
1956 2046 2005 2070 Sic.
2020 2045 2076 2071 Cic.
2091 2046 2148 2073 Fin.
2164 2056 2193 2080 4,
2207 2048 2238 2080 65
2256 2056 2278 2073 c.
2286 2055 2323 2079 24
2342 2046 2368 2073 Η
2398 2072 2401 2074 .

313 2081 509 2111 Aciiditsss,
531 2077 663 2113 [α’χῶρες]
695 2078 756 2104 Sunt
769 2079 899 2103 manantia
919 2079 1012 2111 capitis
1029 2076 1126 2106 vlcera,
1149 2084 1209 2111 quae
1216 2074 1288 2111 fiunt
1298 2077 1326 2100 in
1339 2081 1367 2108 53
1381 2073 1417 2100 est
1437 2082 1555 2108 cuipiam
1574 2081 1640 2099 acies
1659 2074 1809 2099 oculorum.
1866 2074 1936 2101 Suet.
1950 2076 2050 2103 Domit.
2071 2085 2097 2107 18
2135 2082 2200 2109 Acie
2213 2080 2354 2108 hebetiore
2385 2072 2424 2106 ise.
2447 2077 2449 2082 ’

275 2118 330 2154 ipsa
342 2119 434 2152 capitis
447 2122 514 2147 cute,
544 2114 690 2149 tenuiffiniss
701 2112 874 2149 foraminibus
892 2120 970 2139 cutem
987 2111 1165 2148 perforantia,
1197 2121 1227 2138 ex
1238 2111 1325 2147 quibus
1381 2110 1485 2136 Bonum
1505 2109 1647 2135 Incolumis
1661 2109 1741 2142 acies,
1755 2110 1850 2135 misera
1864 2111 1974 2135 caecitas
1989 2111 2047 2136 Cic.
2066 2112 2124 2137 Fin.
2139 2121 2153 2144 ς
2174 2115 2250 2143 c.“28.
2289 2115 2427 2142 claudian.

268 2155 356 2191 Janies
369 2150 446 2186 etjluit
459 2150 590 2186 oliittnojii.
616 2145 621 2149 ”
654 2151 746 2175 Notum
758 2150 820 2175 mali
830 2157 922 2185 genus,
944 2151 1033 2183 pueris
1043 2147 1172 2174 admodum
1179 2147 1324 2182 familiare.
1380 2155 1394 2178 3
1409 2146 1486 2172 Coni'.
1511 2145 1582 2171 Hori.
1602 2145 1684 2180 praef.
1708 2153 1731 2177 13
1769 2147 1806 2171 De
1825 2147 1918 2180 aquilii·
1942 2145 2126 2180 Exploratores
2145 2147 2230 2173 oculis
2249 2148 2297 2182 qui
2316 2149 2429 2181 pei-tulit
2458 2167 2461 2171 -

281 2189 338 2216 ΜΔ.
355 2175 476 2214 11111Νό.
534 2188 614 2212 Habet
635 2185 730 2212 Ochu.
750 2185 889 2211 Horatian.
904 2192 924 2216 1,
939 2192 961 2218 ς.
984 2191 1008 2210 et
1020 2184 1111 2211 Macer
1124 2183 1156 2210 de
1169 2184 1238 2210 Ruta
1251 2191 1272 2216 1,
1286 2191 1325 2216 12,
1383 2182 1456 2217 ignes
1476 2180 1656 2216 Sustinuitque
1676 2181 1732 2207 acie
1751 2180 1898 2208 Nobiliore
1917 2180 1997 2208 diem.
2049 2180 2176 2209 Obtufior
2195 2182 2251 2208 Cic.
2272 2181 2304 2208 de
2324 2181 2425 2209 8011οέ1.

274 2226 317 2253 vbi·
332 2225 468 2251 Carnarius
481 2219 606 2255 restituit,
623 2231 675 2247 cnm
689 2223 810 2257 legeretur
822 2221 915 2246 Acora.
1381 2227 1403 2244 c.
1413 2226 1451 2250 23.
1493 2216 1619 2243 pervicax
1637 2217 1779 2243 oculorum
1793 2217 1850 2243 Sen.
1865 2217 1955 2251 Agam.
1976 2219 2054 2250 6‚14.
2097 2216 2177 2244 Reffli
2190 2218 2331 2244 oculorum
2345 2216 2427 2244 Ouid.

312 2258 389 2288 ᾸΟΗ
399 2260 445 2286 on
455 2266 470 2285 E
480 2265 500 2284 ν
510 2266 538 2290 5,
560 2258 678 2284 Sacerdos
693 2257 774 2292 [fidis.
796 2257 891 2283 Lucan.
901 2261 991 2291 8,475.
1005 2260 1031 2281 et
1044 2262 1135 2289 10,i75
1148 2255 1201 2290 seq.
1337 2255 1372 2281 60
1383 2255 1447 2280 Met.
1464 2262 1488 2285 z,
1502 2255 1564 2288 776.
1601 2253 1698 2287 Sagax,
1715 2255 1735 2279 i.
1757 2256 1850 2278 attenti
1862 2254 1925 2279 oculi
1952 2253 2012 2280 Stat.
2025 2251 2116 2279 Theb.
2129 2261 2166 2286 10,
2181 2261 2234 2286 593.
2272 2253 2346 2287 Virg.
2361 2253 2426 2279 Aen.
2472 2274 2474 2280 .

314 2303 360 2323 Ac
370 2303 390 2322 Η
400 2302 419 2322 R
428 2302 449 2321 A
458 2301 476 2321 1)
485 2295 496 2319 ῑ
505 2301 526 2320 Ν
536 2302 557 2320 A
566 2313 574 2326 ,
592 2294 604 2328 [
618 2292 770 2328 Ἀχραδίνη]
790 2292 938 2328 Stephano,
974 2293 1038 2318 Pars
1058 2291 1130 2317 vrbis
1149 2290 1327 2326 Syracusanae,
1382 2299 1411 2323 4,
1425 2292 1475 2322 643
1513 2289 1547 2315 At
1561 2288 1678 2324 trepida,
1702 2295 1728 2315 et
1742 2289 1841 2323 coeptis
1855 2288 2016 2315 immanibus
2028 2288 2106 2315 effera
2124 2288 2196 2315 Dido
2205 2309 2214 2322 ,
2252 2289 2427 2323 Sanguineam
2451 2301 2453 2308 ι

276 2342 328 2359 cum
347 2333 451 2358 minuis
470 2333 521 2355 eius
540 2329 611 2355 vrbis
627 2330 743 2364 partibus
758 2336 835 2364 ponte
852 2325 993 2354 coniunffa.
1049 2327 1105 2353 Cic.
1120 2326 1149 2352 in
1162 2328 1274 2359 Verr.4,
1289 2335 1330 2359 119
1383 2325 1496 2352 voluens
1515 2325 1614 2357 aciem,
1633 2330 1681 2351 etc.
1736 2323 1863 2357 Turbida
1877 2325 2015 2351 oculorum
2028 2324 2094 2351 acies
2148 2325 2206 2351 Seri.
2228 2325 2308 2351 Herc.
2329 2332 2370 2356 ii,
2390 2332 2426 2355 12,

277 2378 297 2395 c.
313 2377 339 2401 53
376 2341 465 2393 Aitera
478 2365 513 2392 est
527 2365 589 2391 vrbs
602 2364 746 2397 Syraculis,
774 2365 816 2391 cui
831 2373 929 2390 nomen
942 2361 1094 2390 Achradina
1106 2362 1149 2388 est.
1176 2364 1255 2395 (Non
1270 2362 1327 2388 bene
1384 2360 1542 2396 Vespertina
1555 2361 1622 2387 acies
1636 2360 1784 2387 restituitur
1797 2359 1854 2393 his,
1888 2369 1954 2396 quos
1967 2360 2127 2395 Nfflialopas
2140 2366 2248 2393 vacant,
2278 2363 2295 2387 i.
2309 2360 2428 2396 facultas

276 2406 370 2432 huntur
389 2401 537 2433 Acradina)
569 2401 596 2427 in
611 2409 662 2435 qua
682 2401 772 2427 forum
791 2400 955 2432 maximum,
987 2398 1182 2434 pulcherrimae
1200 2398 1328 2433 porticus,
1385 2397 1483 2433 vesperi
1504 2406 1593 2433 quoque
1612 2396 1715 2423 videndi
1750 2396 1818 2423 Plin.
1832 2401 1855 2428 8,
1870 2404 1908 2429 30.
1945 2397 2019 2422 Errat
2032 2396 2100 2422 acies
2115 2397 2246 2422 luminum
2272 2396 2328 2422 Sen.
2345 2396 2425 2422 Herc.

277 2425 467 2467 oinatiffimum
487 2439 642 2469 Prytaneum
657 2443 703 2463 etc.
751 2435 916 2463 Achradinae
924 2436 1049 2472 frequens
1060 2435 1164 2461 mentio
1177 2437 1251 2462 etiam
1265 2433 1333 2469 apud
1344 2432 1420 2466 6511,
1435 2442 1475 2466 30.
1513 2433 1580 2460 Hor.
1594 2432 1643 2459 Sat.
1658 2441 1683 2465 2,
1697 2441 1722 2464 2,
1737 2440 1750 2465 5
1786 2432 1874 2466 Stupet
1888 2432 1984 2459 insanis
1995 2432 2064 2458 acies
2083 2432 2251 2467 fulgoribus,
2282 2434 2301 2458 i.
2317 2430 2426 2458 miratur

277 2476 387 2503 Liuium
401 2484 425 2500 v.
439 2484 463 2510 g.
477 2482 522 2507 24,
535 2482 562 2499 21
575 2479 600 2498 et
614 2481 655 2499 22.
1386 2479 1455 2496 mens
1468 2475 1493 2495 et
1513 2470 1594 2495 oculus
1613 2468 1726 2495 diuitias.
1779 2467 1864 2494 Catul.
1880 2469 1931 2505 ‚64²
1947 2469 1978 2500 56
2010 2468 2091 2502 Cupit
2111 2468 2165 2503 ipsa
2178 2468 2275 2503 pupula
2288 2467 2320 2494 ad
2337 2474 2362 2493 te
2377 2466 2426 2494 fibi

316 2518 337 2537 Α
347 2517 363 2537 c
373 2517 391 2536 Η
402 2517 420 2536 R
430 2517 451 2535 Α
460 2517 472 2535 s
482 2529 489 2541 ‚
507 2509 571 2534 adis.
591 2507 714 2543 [α’χρῶς]
732 2505 954 2542 pirus-siluestris,
978 2504 1097 2539 Pir-aster.
1111 2506 1191 2533 Ruell.
1209 2507 1332 2534 Meminit
1388 2505 1506 2540 dirigere
1521 2505 1613 2531 aciem.
1656 2503 1775 2537 Effugere
1788 2503 1871 2529 aciem
1897 2503 1956 2530 Scn.
1970 2504 1999 2530 in
2012 2504 2103 2538 Again.
2116 2513 2154 2536 12,
2163 2507 2188 2531 6.
2225 2505 2357 2530 Exacuere
2364 2511 2426 2542 ocu-

279 2545 504 2579 Columel.7‚9,6
523 2543 653 2570 Achrades
668 2544 736 2576 Pyri.
764 2543 890 2579 Idemque
903 2551 974 2576 10,i,·
989 2548 1014 2568 et
1027 2551 1084 2575 250.
1387 2542 1476 2568 lorum
1496 2546 1523 2568 et
1543 2539 1644 2574 ingenii
1657 2539 1740 2565 aciem
1753 2537 1785 2564 ad
1804 2538 1874 2565 bona
1893 2539 2050 2574 deligenda,
2073 2546 2099 2566 et
2117 2539 2264 2566 reiicienda
2284 2544 2427 2578 contraria.

316 2588 392 2616 ΑΕΗ
403 2586 511 2608 YRVM
522 2599 529 2611 ‚
555 2580 573 2605 i.
587 2580 606 2605 f.
621 2579 710 2611 Palea,
735 2580 831 2606 Festus.
867 2577 909 2613 Est
923 2580 1016 2606 Graec.
1031 2578 1131 2614 ἄχυρον.
1388 2577 1446 2604 Cic.
1461 2576 1494 2603 de
1509 2575 1598 2611 Legib.
1613 2584 1639 2607 i,
1654 2577 1696 2601 60.
1743 2574 1862 2601 Excitare
1882 2575 1966 2601 aciem
1985 2575 2126 2601 oculorum
2149 2576 2215 2601 Plin.
2230 2584 2273 2606 20,
2286 2584 2312 2607 4.
2349 2575 2426 2608 Virg-

1343 2620 1380 2648 70
1388 2614 1453 2639 Aen.
1467 2615 1499 2644 6,
1512 2618 1562 2647 789
1596 2612 1653 2638 Huc
1672 2609 1789 2645 geminas
1809 2620 1877 2636 nunc
1899 2610 1987 2636 Flecte
2011 2611 2094 2637 acies:
2120 2609 2187 2637 hanc
2207 2610 2292 2645 aspice
2313 2616 2425 2643 gentem.

709 2653 737 2682 A
793 2652 820 2683 C
875 2653 888 2683 1
1388 2648 1508 2676 Flectere
1529 2647 1666 2674 oculorum
1684 2646 1768 2672 aciem
1787 2653 1861 2672 retro
1893 2646 1950 2672 Sen.
1968 2647 2048 2672 Herc.
2061 2654 2088 2679 9,
2102 2655 2146 2679 42.
2190 2646 2248 2673 Cic.
2261 2645 2345 2672 Ture.
2361 2653 2382 2677 1,
2397 2652 2427 2678 50

810 2710 816 2722 ,
1386 2693 1408 2711 c.
1423 2692 1457 2711 22
1487 2683 1529 2709 An
1539 2689 1609 2710 tanta
1620 2682 1648 2709 fit
1668 2682 1724 2708 eius
1738 2682 1865 2716 tenuitas,
1891 2688 1920 2708 vt
1934 2682 2020 2717 fugiat
2032 2682 2132 2715 aciem,
2156 2684 2174 2708 i.
2189 2682 2272 2708 videri
2283 2690 2331 2708 non
2342 2680 2426 2716 poffit.

317 2732 364 2753 Ac
374 2733 381 2751 i
392 2732 413 2752 Α
422 2744 430 2756 ,
451 2732 488 2750 ae.
509 2723 617 2757 [μίτος]
647 2722 726 2748 Filiam
740 2724 766 2746 in
777 2714 837 2751 acu,
863 2722 905 2747 vel
916 2730 975 2747 acus
983 2723 1072 2748 Linum
1085 2721 1184 2748 ducens.
1210 2720 1300 2748 Celsus
1308 2727 1332 2753 ς,
1385 2718 1527 2747 Intendere
1548 2719 1685 2746 oculorum
1704 2718 1798 2744 aciem.
1846 2717 1903 2745 Via.
1919 2725 1929 2744 1
1938 2726 1959 2745 N
1968 2725 1989 2746 Τ
1998 2725 2016 2745 Ε
2026 2725 2047 2745 Ν
2057 2725 2113 2745 Do.
2149 2717 2254 2744 Ludere
2267 2717 2351 2744 aciem
2365 2725 2427 2743 ocu-

281 2763 326 2794 26,
341 2769 370 2793 23
398 2761 516 2794 Vtraque
542 2761 611 2790 (tum
626 2758 715 2784 sutura
728 2764 779 2782 tum
795 2756 894 2788 fibula)
908 2758 1011 2791 optima
1023 2757 1059 2783 est
1072 2766 1104 2784 ex
1116 2757 1173 2784 acia
1185 2756 1264 2783 molli
1276 2765 1331 2782 nori
1389 2755 1494 2788 lorum,
1515 2758 1532 2781 i.
1553 2757 1667 2791 Decipere
1702 2754 1758 2780 Sen.
1775 2755 1854 2782 Herc.
1868 2763 1894 2787 9,
1908 2762 1939 2781 11.
1975 2754 2050 2789 Virg.
2065 2755 2129 2780 Aen.
2144 2762 2181 2786 12,
2197 2759 2238 2786 558
2273 2754 2332 2780 Huc
2347 2758 2428 2787 atque

281 2797 362 2824 nimis
376 2802 445 2822 torta
454 2815 462 2828 ‚
484 2802 538 2829 quo
552 2793 644 2819 mitius
658 2793 765 2827 corpori
781 2792 897 2819 inlideat.
952 2792 1045 2818 Aciam
1057 2793 1098 2819 hic
1111 2791 1168 2826 effi,
1188 2791 1254 2828 quod
1265 2791 1331 2818 dixi·
1341 2795 1375 2823 75
1386 2790 1436 2818 huc
1450 2791 1518 2817 acies
1531 2790 1690 2818 circumtulit
1699 2810 1707 2823 ,
1731 2790 1824 2825 aspicit
1838 2790 1939 2817 vrbem.
1977 2789 2052 2817 Idem
2065 2790 2130 2816 Aen.
2147 2792 2173 2822 6,
2188 2794 2237 2824 789
2264 2789 2324 2816 Huc
2344 2787 2425 2823 gemi-

280 2843 334 2859 mus
343 2852 349 2863 ,
375 2840 463 2868 magno
482 2836 604 2865 apparatu
624 2827 801 2861 demonstrauit
814 2830 849 2855 Io.
862 2827 989 2858 Rhodius,
1012 2829 1134 2862 peculiari
1144 2828 1208 2855 libro
1222 2827 1254 2854 de
1268 2827 1332 2854 Atia
1386 2836 1432 2853 nas
1444 2836 1512 2854 nunc
1527 2827 1602 2855 110ἃο
1615 2827 1695 2854 acies:
1715 2825 1782 2853 hanc
1796 2827 1881 2861 aspice
1895 2832 2010 2861 gentem.
2058 2825 2137 2852 Acies
2151 2826 2204 2859 ipsa
2217 2833 2269 2859 qua
2283 2825 2425 2856 cernimus,
2463 2836 2465 2842 ⁴

282 2868 364 2896 Celsi:
384 2876 431 2893 nec
444 2872 583 2902 repugnant
596 2871 692 2891 caetera
706 2866 773 2894 loca,
790 2873 850 2899 qnae
863 2864 942 2890 adhuc
952 2865 1054 2899 prolata
1061 2863 1130 2899 fiant.
1187 2864 1332 2890 Titinnius
1386 2872 1454 2899 quae
1470 2864 1567 2898 pupula
1587 2870 1710 2895 vocatur,
1740 2863 1778 2889 113
1792 2871 1873 2897 parua
1887 2861 1940 2894 est,
1959 2868 2008 2888 010.
2045 2861 2103 2888 Cic.
2118 2861 2151 2888 de
2166 2861 2229 2888 Nat.
2243 2861 2324 2887 Deor.
2338 2868 2364 2893 2,
2378 2867 2425 2894 143
2442 2863 2444 2865 '

282 2914 323 2941 ap.
338 2904 410 2931 Non.
426 2912 452 2935 1,
467 2911 495 2928 10
550 2901 665 2935 Phrygio
679 2900 719 2926 fui
733 2900 837 2934 primo,
857 2899 976 2934 beneque
990 2899 1017 2925 id
1031 2908 1097 2933 opus
1110 2898 1189 2925 sciui:
1221 2899 1332 2934 Reliqui
1387 2909 1409 2926 c.
1424 2907 1463 2934 57.
1502 2901 1595 2933 Acies,
1619 2898 1647 2926 id
1661 2898 1713 2931 est,
1740 2897 1895 2925 membrana
1913 2897 1961 2924 illa
1980 2896 2115 2932 perlucens
2129 2917 2138 2930 ,
2175 2905 2256 2932 quani
2273 2896 2366 2922 siccari
2389 2899 2423 2928 ,et
2440 2919 2441 2922 ,
2455 2905 2460 2908 ·

282 2948 343 2967 acus
357 2940 477 2973 aciasque
490 2937 556 2964 hero
570 2943 648 2971 atque
662 2936 739 2962 herae
753 2935 864 2962 nosti-ae.
921 2935 962 2962 Ab
976 2935 1032 2962 acia
1050 2941 1076 2961 et
1101 2944 1148 2961 acu
1175 2935 1266 2961 omnia
1287 2944 1330 2961 ex·
1386 2934 1539 2962 obarescere
1553 2945 1608 2963 non
1620 2940 1740 2971 oportet,
1758 2933 1807 2960 nili
1822 2933 1935 2961 humore
1948 2933 2045 2959 affiduo
2061 2933 2129 2960 tersa
2150 2941 2215 2968 pure
2237 2932 2331 2965 niteat,
2350 2929 2424 2971 obsq-

284 2976 371 3012 posuit
391 2976 493 3001 Petron.
515 2975 579 3007 c.76
609 2972 638 2998 de
653 2973 744 2999 Graeco
759 2971 873 3007 fatidico
884 2971 1004 3006 plebeium
1020 2971 1190 3005 prouerbium,
1222 2973 1239 2997 ι’.
1252 2974 1330 2997 minu·
1342 2974 1374 2999 80
1386 2970 1460 2998 lescit
1473 2971 1590 2998 Laetae
1605 2971 1676 3006 Opis.
1691 2970 1741 2997 Dei
1755 2979 1777 2996 e.
1793 2978 1830 2996 10.
1876 2969 1960 2996 Nasus
1980 2974 2120 3004 vtramque
2138 2969 2223 2995 aciem
2244 2967 2320 2994 fimul
2341 2968 2368 2994 et
2386 2964 2424 3007 dl·
2439 2990 2442 2999 ,

285 3012 376 3043 affinia
388 3013 469 3037 omnia
483 3009 545 3035 mihi
557 3008 623 3034 dixit
633 3028 640 3039 ,
661 3007 795 3034 intestinas
807 3016 878 3034 meas
885 3014 1049 3033 noueratetc.
1104 3008 1134 3033 In
1147 3006 1225 3033 Gloff.
1239 3013 1330 3033 vetere
1384 3007 1481 3033 scernit
1495 3014 1520 3034 et
1533 3008 1620 3034 munit
1637 3006 1675 3034 id.
1687 3005 1724 3033 ib.
1751 3006 1883 3032 Contenta
1902 3005 2043 3032 oculorum
2057 3005 2139 3037 acies,
2165 3007 2182 3030 i.
2197 3007 2294 3031 intenta
2322 3003 2424 3030 Lucrei.
2439 3005 2442 3022 ἱ

286 3043 477 3081 Latinograeco
485 3044 531 3081 Jiaeb
545 3045 618 3070 titulo
634 3043 666 3070 de
680 3044 771 3076 laneis,
790 3053 813 3079 p.
823 3051 874 3078 270
901 3044 970 3070 l'ulc.
992 3043 1054 3070 Acia
1067 3045 1205 3077 explicatur
1224 3041 1329 3078 ῥάμμα.
1386 3051 1407 3075 1,
1421 3050 1475 3075 3²5-
1510 3044 1602 3070 Aciem
1615 3043 1753 3071 oculorum
1766 3041 1877 3068 offendit
1891 3041 1994 3068 claritas
2008 3041 2131 3068 colorum
2152 3040 2218 3067 Plin.
2240 3047 2278 3073 35,
2295 3048 2332 3066 10.
2364 3038 2424 3078 l’ro-
2438 3067 2439 3070 Ἴ

288 3084 319 3110 In
327 3083 464 3114 alio,Acia
471 3088 496 3107 01
505 3080 594 3107 Αο1013
601 3079 735 3113 ἐκαλύφη,
755 3089 816 3115 quae
830 3077 863 3113 2ng
871 3080 963 3106 111-1103.
986 3079 1062 3105 Plane
1069 3079 1115 3104 huc
1132 3078 1200 3113 facit
1212 3078 1330 3105 Marcell.
1386 3078 1495 3105 tendere
1508 3079 1536 3105 in
1552 3089 1624 3106 mai-e
1638 3078 1722 3106 Catul.
1736 3078 1765 3104 in
1779 3078 1877 3112 Argon.
1892 3079 1944 3110 64,
1959 3084 2013 3111 127.
2049 3077 2132 3103 Succo
2152 3075 2284 3102 foeniculi
2303 3073 2424 3114 reficiunt
2437 3090 2441 3113 l

288 3118 386 3151 Empir.
400 3128 420 3144 c.
434 3127 450 3144 2
471 3118 504 3143 Ea
519 3116 637 3148 (herba)
662 3115 679 3142 fi
694 3116 723 3142 in
736 3124 822 3150 panno
835 3116 898 3142 rufo
910 3115 966 3141 aeia
978 3114 1039 3141 rufa
1051 3113 1093 3140 vel
1106 3114 1163 3140 lino
1176 3114 1239 3141 rufo
1252 3114 1333 3149 ligata
1387 3115 1518 3149 serpentes
1543 3115 1609 3142 Plin.
1623 3124 1666 3148 20,
1679 3123 1717 3147 23.
1753 3113 1899 3140 Relleciere
1920 3113 1976 3139 Sen.
2000 3113 2079 3139 Herc.
2095 3117 2117 3142 8.
2164 3111 2297 3138 Hebetare
2314 3108 2425 3137 traditur
2438 3114 2440 3135 ἰ

287 3154 371 3188 capite
384 3153 425 3179 vel
440 3152 603 3187 temporibus
616 3151 747 3187 alligetur.
1345 3151 1374 3180 85
1388 3159 1498 3185 porrum
1513 3150 1579 3177 Plin.
1597 3160 1641 3184 20,
1649 3153 1674 3178 6.
1689 3156 1714 3177 et
1723 3158 1762 3182 32,
1776 3150 1819 3184 7s.
1830 3158 1874 3184 24.
1897 3149 2041 3175 Luminum
2057 3149 2125 3174 acies
2138 3153 2227 3183 torpet
2246 3147 2304 3174 Seii.
2319 3138 2440 3178 Hert-90⁴.

326 3195 345 3215 Α
355 3195 388 3215 ci
399 3195 419 3214 Λ
431 3196 445 3214 u
455 3195 472 3214 R
483 3196 490 3214 i
500 3196 528 3220 S,
561 3188 663 3215 Securis
681 3196 771 3219 aerea,
798 3195 850 3221 qua
869 3187 898 3212 in
917 3185 1051 3212 sacrificiis
1064 3191 1166 3212 veteres
1187 3184 1333 3212 sacerdotes
1388 3186 1532 3213 Luminum
1547 3195 1560 3213 a
1573 3186 1710 3222 prospectu
1721 3194 1811 3212 rerum
1825 3194 1879 3211 non
1894 3185 1983 3211 auersa
1999 3184 2108 3218 Quin&
2125 3192 2159 3216 11,
2173 3191 2200 3217 2,
2218 3192 2256 3210 10.
2392 3187 2422 3221 Α

290 3223 437 3251 vtebantur.
460 3223 554 3249 Festus.
574 3223 652 3251 Gloss.
667 3223 770 3250 Phitox.
789 3222 856 3255 οἷξίνη
871 3221 1006 3258 ἱεροφάντκ.
1063 3221 1121 3248 Vid.
1136 3221 1226 3247 Heius.
1240 3221 1273 3248 ad
1287 3221 1334 3249 Sil.
1393 3223 1427 3248 Vc
1440 3223 1535 3257 reliqna
1548 3223 1621 3249 verba
1636 3221 1717 3258 visus,
1735 3220 1774 3255 Jic
1786 3224 1860 3247 etiam
1873 3221 1949 3247 Acies
1962 3221 2035 3257 saepe
2047 3219 2160 3282 riifertur
2177 3219 2211 3246 ad
2223 3220 2341 3258 φήην-111.
2363 3252 2370 3257 -
2389 3222 2438 3260 1¹⁶¹]

290 3263 328 3293 16,
336 3261 397 3292 264.
433 3259 555 3285 Sci-ibitur
569 3263 641 3285 ctiam
655 3259 765 3286 Acieris.
1389 3256 1422 3284 de
1435 3257 1499 3291 Leg.
1515 3267 1535 3290 i,
1548 3261 1590 3285 60.
1607 3268 1628 3285 c.
1643 3266 1672 3290 23
1692 3258 1723 3284 Et
1735 3257 1869 3283 exacuerit
1883 3256 1959 3282 illam
1972 3264 2000 3282 vt
2015 3265 2066 3282 ocu
2079 3263 2156 3282 orum
2174 3253 2208 3280 fic
2221 3259 2438 3293 ingenuae-iem„

327 3302 392 3323 Aci
403 3302 422 3321 Α
432 3301 450 3320 R
462 3301 500 3320 iv
510 3301 544 3326 M,
565 3295 582 3320 i.
596 3304 620 3320 n.
636 3296 675 3327 ab,
696 3305 762 3326 acus,
781 3292 818 3320 ils.
837 3290 989 3330 ραφιδοᾶήκὴ
1009 3292 1088 3319 6101ἶῖ
1102 3292 1158 3319 Lat.
1173 3293 1265 3320 Graec.
1389 3292 1421 3319 ad
1442 3293 1511 3320 bona
1531 3293 1668 3329 deligenda
1687 3299 1713 3320 et
1729 3291 1876 3319 reiicicnda
1898 3292 2039 3318 contraria.
2083 3291 2140 3318 Cic.
2154 3289 2182 3315 in
2196 3289 2298 3315 Catone
2311 3288 2435 3328 Maiores.

326 3338 373 3360 Ac
383 3339 390 3357 1
400 3337 417 3357 c
426 3328 469 3356 171,
479 3337 511 3361 Λ,
532 3337 570 3355 ae.
597 3330 654 3356 Vni.
669 3339 689 3357 A
698 3337 714 3358 c
724 3339 744 3358 v
753 3338 769 3358 c
779 3338 799 3356 v
809 3337 825 3357 1.
834 3337 854 3356 A
874 3328 920 3355 sub
934 3335 955 3355 Λ
965 3335 981 3356 c
991 3335 1011 3355 v
1021 3335 1042 3355 s.
1345 3334 1381 3360 90
1390 3334 1417 3360 83
1429 3338 1451 3356 c.
1465 3337 1494 3361 23
1522 3329 1621 3357 Nonne
1640 3328 1716 3357 vobis
1730 3329 1839 3355 videtur
1860 3328 1963 3354 animus
1977 3329 1999 3354 is
2013 3327 2061 3363 qui
2072 3326 2128 3365 plus
2141 3330 2249 3365 cernat,
2272 3330 2298 3351 et
2312 3323 2437 3364 longina:

328 3373 393 3395 Aci
404 3372 538 3397 DAL1A,
557 3364 725 3401 [Ἀκιδαλιά]
746 3366 856 3393 Veneris
870 3364 1016 3400 epitheton,
1036 3364 1132 3391 asonte
1140 3363 1271 3396 Acidalio,
1286 3363 1333 3399 qui
1388 3364 1482 3391 videre
1503 3365 1527 3392 se
1548 3366 1581 3392 ad
1599 3365 1710 3393 meliora
1728 3364 1874 3399 proficisci:
1904 3364 1951 3390 ille
1972 3371 2061 3391 autem
2079 3369 2153 3387 cuius
2166 3359 2292 3394 obtulior¹
2305 3358 2336 3386 sit
2347 3364 2452 3395 acm,⁴⁴

291 3403 327 3430 est
343 3403 369 3430 in
387 3401 558 3429 Orchomeno
578 3401 702 3428 Boeotiae
722 3403 843 3429 ciuitate:
868 3401 896 3427 in
909 3409 964 3436 quo
978 3401 1003 3426 se
1017 3400 1124 3426 Gratiae
1143 3399 1246 3432 lauant,
1271 3409 1335 3440 quas
1387 3410 1443 3427 non
1456 3400 1549 3427 videre
1564 3403 1572 3428 3
1645 3402 1685 3429 Sic
1705 3401 1766 3427 Fata
1785 3400 1869 3427 animi
1893 3400 1949 3427 eius
1967 3400 2050 3426 aciem
2077 3395 2299 3436 praestrinxerant
2317 3385 2437 3432 Velia}

292 3439 391 3466 Veneri
403 3437 501 3465 constat
514 3437 562 3462 01ΐο
576 3437 691 3463 sacratas.
730 3439 808 3473 lplius
821 3438 891 3464 enim
906 3444 931 3463 et
945 3436 1036 3463 Liberi
1049 3435 1120 3462 filiae
1133 3436 1204 3462 sunt:
1223 3444 1271 3462 nec
1286 3445 1335 3462 im-
1389 3442 1437 3469 118,
1453 3445 1479 3470 4.
1515 3437 1571 3463 Cic.
1584 3438 1630 3464 Ac.
1643 3445 1672 3471 4,
1687 3444 1731 3463 122
1745 3445 1766 3462 c.
1781 3444 1812 3469 39
1838 3436 1922 3463 Nulla
1934 3432 2123 3472 acjes‘humani
2137 3432 2239 3466 ingenii
2254 3437 2340 3464 tanta,
2375 3435 2435 3469 uu,

293 3475 399 3502 merito.
436 3473 542 3499 Gratiae
556 3472 627 3498 enim
642 3481 688 3507 per
701 3473 798 3500 horum
812 3475 867 3501 fere
874 3472 1014 3500 numinum
1028 3480 1137 3498 munera
1151 3471 1334 3499 conciliantur.
1390 3478 1527 3507 penetrare
1542 3473 1569 3500 in
1584 3473 1700 3505 caelum,
1722 3478 1821 3499 terrani
1836 3473 1934 3499 intrare
1946 3467 2028 3505 poffit.
2053 3468 2111 3494 Cic.
2126 3467 2158 3507 ad
2181 3468 2291 3508 Brutum
2300 3471 2325 3496 18
2373 3462 2423 3505 311‘1
2432 3480 2435 3490 v

295 3512 362 3537 Haec
375 3510 480 3536 Seruius
492 3511 518 3534 in
532 3508 594 3534 illud
612 3509 675 3534 Aen.
691 3517 710 3541 1,
724 3517 784 3543 720.
799 3526 843 3530 —
858 3515 884 3536 at
896 3517 1001 3535 memor
1015 3507 1060 3533 ille
1082 3507 1176 3534 Matris
1190 3507 1334 3540 Acidaliae,
1347 3509 1381 3537 95
1388 3507 1420 3535 ad
1434 3507 1630 3542 deprauandum
1643 3508 1743 3543 parati,
1780 3508 1827 3543 qui
1841 3505 1978 3543 splendore
1989 3502 2046 3531 falfi
2059 3502 2170 3529 honoris
2181 3502 2289 3544 01110610
2296 3522 2312 3542 ,ι
2341 3506 2434 3542 aciem.

294 3546 428 3581 paullatim
436 3545 542 3572 abolere
549 3543 687 3571 Sichaeum
757 3546 862 3580 incipit.
884 3546 948 3571 Hinc
961 3544 1039 3571 Mart.
1052 3544 1110 3575 6,13
1129 3542 1280 3570 Acidalium
1288 3552 1335 3570 no·
1388 3544 1454 3571 boni
1468 3545 1568 3578 ingenii
1588 3544 1743 3580 praestringi
1757 3544 1826 3579 posse
1840 3540 1982 3570 confidunt.
2029 3539 2212 3579 Conte'mplari
2230 3536 2334 3574 aliquid
2350 3540 2422 3564 emm

295 3580 358 3607 dum
378 3588 450 3607 vocat
469 3577 556 3614 castum
581 3581 692 3606 Veneris.
735 3581 765 3606 Et
788 3589 813 3613 9,
829 3590 851 3614 13
877 3581 985 3608 Nomen
1005 3578 1124 3605 Acidalia
1143 3580 1242 3606 meruit
1261 3578 1334 3614 quod
1389 3580 1446 3607 acie
1470 3580 1571 3614 ingenii
1601 3581 1657 3608 Cic.
1673 3579 1705 3606 de
1719 3581 1794 3607 Orat.
1809 3587 1830 3612 i,
1843 3585 1873 3612 73
1895 3583 1967 3615 ²133·
2004 3574 2098 3601 Florus
2111 3581 2139 3600 111
2153 3575 2309 3615 ΕΥΟΙΟε-Ι,Ξ
2326 3572 2433 3612 Rerum}

295 3615 422 3643 arundine
436 3617 525 3651 pingi,
543 3618 561 3642 i.
575 3617 667 3642 calamo
686 3615 788 3641 Veneris
797 3635 803 3645 ‚
827 3618 866 3643 uc!
873 3624 956 3652 penna
967 3615 996 3642 de
1009 3615 1116 3642 columba
1135 3615 1246 3642 Veneris.
1388 3615 1523 3642 diuersitas
1536 3617 1620 3643 aciem
1634 3616 1789 3642 intentionis
1801 3613 1944 3645 abrumpit.
1978 3609 2118 3638 Abducere
2131 3618 2216 3650 acie-m
2229 3615 2323 3650 mentis
2337 3616 2352 3634 a
2363 3613 2433 3634 com.

333 3650 353 3677 Ᾰ
362 3658 378 3678 c
387 3654 395 3677 ἰ’
405 3659 422 3678 D
433 3660 451 3678 v
460 3660 472 3679 s
482 3673 490 3685 ‚
509 3651 568 3678 Adi.
582 3651 614 3678 ab
627 3651 713 3683 Acco,
730 3650 835 3684 [ἆξεῖος]
858 3655 959 3687 proprie·
973 3651 1083 3681 dicitur,
1107 3649 1171 3686 quod
1181 3649 1295 3687 aercius]
1308 3653 1336 3677 in
1389 3651 1527 3678 suetudine
1539 3653 1680 3679 oculorum
1700 3652 1756 3679 Cic.
1768 3649 1800 3676 de
1813 3648 1875 3675 Nat.
1887 3646 1969 3686 Deor.
1981 3654 2008 3678 2,
2024 3648 2069 3678 64.
2107 3646 2205 3672 Mentis
2218 3653 2286 3672 acies
2294 3651 2347 3670 non
2359 3644 2419 3668 rmn-
2464 3657 2467 3663 =

297 3687 409 3713 Acorem
423 3690 517 3722 versum
530 3685 571 3720 est.
626 3687 691 3713 Plin.
701 3695 738 3718 10,
752 3694 788 3721 70
810 3686 914 3714 Culiccs
927 3687 1001 3714 acida
1014 3691 1119 3722 petunt,
1135 3685 1167 3712 ad
1181 3685 1268 3713 dulcia
1281 3691 1468 3722 non¹00quam
1484 3686 1598 3715 hebescit
1609 3687 1754 3715 Cic.Tusc.
1770 3692 1780 3712 ι
1798 3692 1820 3710 0.
1833 3690 1876 3722 3ο..
1909 3682 1984 3722 Acies
1999 3689 2082 3708 animi
2096 3680 2216 3721 hebetata
2229 3680 2331 3712 Vell.2,
2343 3681 2431 3715 ubit-¹

296 3721 429 3748 aduolant.
464 3723 544 3749 Plaut.
552 3722 708 3755 Pseud.2,4,
716 3730 752 3754 49
771 3721 870 3756 Ecquid
885 3722 964 3751 habet
972 3721 1155 3750 ishomoaceti
1169 3721 1197 3748 in
1211 3721 1335 3757 peelorei
1391 3723 1447 3749 Cic.
1469 3722 1501 3748 de
1522 3724 1612 3750 Diuin.
1621 3732 1641 3756 i,
1649 3725 1678 3750 61
1689 3731 1710 3748 0.
1728 3728 1764 3753 29
1791 3719 1848 3745 Nec
1869 3725 1960 3757 ¹¹²9P¹³
1975 3716 2082 3756 ‘neela’
2107 3725 2154 3744 ΜΕ
2168 3718 2284 3744 satietate
2298 3714 2444 3742 affluenti„-

297 3758 319 3784 C
330 3758 363 3784 Η.
383 3763 460 3791 atque
473 3758 616 3784 acidiffimi.
652 3758 801 3792 lili-raphon:
810 3776 817 3787 ,
841 3757 869 3783 ilc
890 3768 935 3793 qua
970 3758 1024 3786 vid.
1043 3766 1064 3786 Α
1074 3764 1091 3786 c
1100 3765 1116 3785 Ε
1125 3764 1146 3784 Τ
1155 3764 1174 3783 ν
1184 3764 1218 3784 M.
1254 3758 1336 3784 Latex
1388 3767 1504 3794 quorum
1513 3766 1653 3795 Vtrumque
1665 3755 1852 3793 praestringere
1864 3761 1949 3792 aciem
1964 3758 2058 3792 mentis
2072 3753 2150 3784 solet,
2163 3752 2223 3792 *siu-e
2236 3750 2305 3777 deest
2317 3753 2421 3786 naturae

297 3792 387 3819 acidus
400 3792 503 3818 Samon.
513 3801 558 3825 149
572 3801 610 3826 ct,
634 3794 735 3820 Latices
755 3792 823 3819 acidi
844 3793 880 3818 ld.
895 3802 938 3826 23,-
957 3797 974 3821 i.
989 3801 1090 3822 acetum.
1113 3793 1186 3827 Virg.
1201 3794 1297 3828 Georg.
1312 3802 1335 3825 3,
1390 3794 1543 3829 quippiam,
1569 3795 1622 3822 siue
1635 3791 1749 3821 abundat
1761 3796 1838 3824 atque
1852 3788 1943 3815 affluit.
1995 3788 2081 3829 'Acies
2100 3793 2231 3814 orationis
2253 3786 2335 3828 Plaut.
2349 3779 2419 3818 Elud-

297 3833 345 3862 380
381 3827 431 3854 Hic
445 3827 549 3853 noeicm
564 3828 627 3855 ludo
640 3829 753 3861 ducunt,
770 3835 796 3854 et
810 3828 903 3862 pocula
916 3829 977 3856 laeti
1013 3831 1171 3861 Fermento,
1191 3834 1269 3864 atque
1283 3829 1335 3855 aci·
1389 3839 1418 3862 4,
1431 3839 1451 3861 i,
1466 3839 1507 3856 20.
1663 3826 1683 3865 ff
1705 3834 1717 3860 ς
1736 3825 1794 3852 Cum
1802 3827 1829 3850 in
1838 3820 2042 3859 praeliisstrzffa
2059 3823 2198 3864 gladiorum
2217 3829 2289 3864 arque
2302 3822 2421 3846 nutricata

298 3863 338 3890 dis
349 3863 488 3890 imitantur
500 3863 571 3889 vitea
585 3864 677 3891 sorbis.
730 3863 828 3891 Acidae
841 3872 922 3890 venae
936 3865 1053 3892 fontium
1071 3865 1176 3891 Vitruu.
1190 3869 1213 3897 8,
1221 3873 1242 3897 3.
1259 3864 1513 3898 Pom-105haltarum
1533 3865 1589 3892 acie
1607 3872 1648 3892 m·
1664 3867 1781 3900 geratur:
1812 3860 1926 3895 hincpro
1938 3861 2046 3886 exora-itu
2058 3856 2181 3892 1111111180
2190 3878 2200 3891 ,
2230 3862 2328 3894 ipsaque
2335 3857 2420 3890 pug'M

2297 3890 2321 3928 fi
2329 3887 2420 3926 praeli·
