2474 4182
273 110 361 153 ¹087
660 100 695 140 C
777 98 814 137 O
895 96 943 136 M

278 193 380 225 fragm.
397 191 438 217 1.1
471 200 496 226 p.
516 193 565 224 936
590 190 657 216 Cort.
697 187 770 221 Quin
797 186 905 212 lenones
928 192 953 211 et
973 183 1073 211 vinarii
1095 183 1226 216 laniique,
1255 188 1320 215 quo-

277 237 337 254 rum
359 233 493 261 praeterea
508 227 602 260 vulgus
624 226 650 251 in
666 223 722 249 dics
741 223 815 248 vsum
832 221 926 253 habet,
947 221 1035 255 pretio
1050 218 1202 252 compositi,
1225 219 1243 256 ι’,
1258 225 1319 242 com-

272 270 361 303 parant
372 282 380 295 ,
411 266 477 289 emti.
568 262 623 288 Cic.
651 268 699 293 pro
724 258 812 284 Deiot.
833 265 868 292 17
901 266 922 283 0.
943 258 959 283 6
997 257 1083 283 Locus
1112 260 1167 280 erat
1195 252 1321 287 quidam,

278 308 307 325 111
336 307 391 333 quo
419 305 492 325 erant
520 306 549 323 ea
576 295 719 329 composita
729 314 737 326 ,
762 293 860 328 quibus
891 301 937 319 rex
966 298 992 319 te
1019 298 1157 318 munerare
1183 288 1321 321 (ironice)

278 334 458 360 constituerat.
530 333 587 358 Huc
602 338 628 356 te
648 339 661 356 e
680 330 775 356 balneo
795 329 947 364 priusquam
963 327 1127 354 accumberes
1141 325 1236 350 ducere
1250 322 1323 349 vole·
1344 328 1357 354 5

278 370 331 398 bat.
365 369 408 396 Ibi
421 369 492 395 enim
505 374 577 394 erant
591 367 696 398 armati,
711 365 795 400 quite
809 364 997 396 interficerent,
1008 364 1034 388 in
1049 371 1081 388 eo
1096 361 1152 395 ipso
1168 360 1226 385 loco
1242 359 1323 385 collo-

278 407 338 432 cati.
534 400 555 440 ff
588 411 600 435 5
640 400 838 438 s'›·e*que·rztiffima
851 404 918 427 ratio
932 398 974 433 ess,
997 408 1043 434 qua
1057 398 1235 430 Componere,
1258 396 1325 426 [συν-

278 441 391 475 γράφειν,
406 437 582 472 συντάσσεᾶαι]
619 435 791 464 [οηίωιξῖίοηε
800 438 911 472 plurium
922 434 1021 470 ailqutil
1032 432 1140 467 efficere,
1159 438 1181 457 ct
1196 433 1325 465 inprimis

278 475 423 511 deoperihns
436 476 532 509 ingenii
545 474 685 504 adhibetur,
699 480 737 505 vt,
747 473 916 507 Componere
931 470 1069 497 historiam
1090 468 1155 494 l’lin.
1165 467 1243 502 Epist.
1253 474 1279 506 7,
1290 467 1324 490 16.

279 511 399 538 Condere
408 518 432 536 ct
441 518 600 543 componere
608 510 675 535 Hor.
685 509 763 543 Epist.
774 517 866 541 1,1‚12.
904 506 1057 533 Describere
1067 511 1091 532 et
1099 511 1257 538 componere
1265 509 1324 527 iura
1341 509 1369 527 10

279 556 303 573 et
313 547 373 573 iussa
381 545 541 580 populorum
555 545 611 571 Cic.
621 545 653 571 de
662 545 755 579 Legib.
767 553 786 576 1,
794 553 831 579 17.
868 543 992 569 inuenire
1000 547 1190 575 etcomponcre
1198 547 1238 564 res
1248 537 1283 563 ld.
1292 536 1325 562 de

279 583 481 613 Clar.Orat.238.
490 580 600 615 Aliquid
609 581 641 606 de
649 581 753 607 ratione
765 579 870 606 dicendi
879 585 1038 612 componere
1049 576 1157 610 Quin&
1168 575 1195 601 in
1204 581 1324 609 prooem.

279 618 404 644 Actiones
412 617 554 648 Cic.Att.6‚
563 625 571 642 1
581 616 609 642 de
617 617 660 643 Cn.
673 617 766 643 Fidulo.
804 616 924 648 Amores,
931 612 962 648 est
971 616 1082 639 carmina
1091 609 1326 646 amatoria-scribere

278 653 344 688 apud
355 652 436 679 Ouid.
449 652 535 679 Trist.
550 661 576 685 2,
592 654 633 684 361
658 653 779 687 Denique
792 650 928 685 composui
940 656 1045 676 teneros
1058 657 1112 674 non
1126 647 1195 673 solus
1212 652 1323 671 amores.

280 690 470 723 Argumentum
483 688 538 714 Cic.
551 689 604 714 Att.
619 696 651 721 15,
667 698 693 723 4.
768 687 858 713 Artem
878 684 1008 719 Qiincffil.
1022 693 1043 717 3,
1060 693 1079 715 1,
1096 692 1128 709 11.
1155 686 1184 707 it.
1202 689 1236 711 ¹2,
1252 688 1285 710 Η,
1299 688 1324 711 4-

280 726 355 751 Artcs
370 725 426 750 Cic.
439 723 470 750 de
486 724 556 750 Clar.
571 724 646 750 Orat.
660 728 702 758 48.
773 722 925 749 Artificium
940 721 971 748 de
985 721 1043 747 iure
1057 719 1134 746 ciuili
1156 716 1192 742 Id.
1207 715 1237 740 de
1251 716 1325 755 Orat.

278 769 304 792 2,
317 769 377 793 224.
447 759 551 786 Bellum
565 760 699 786 Troicum
716 758 782 785 Vell.
800 767 820 790 1,
834 766 856 790 5,
871 767 892 790 3.
947 758 1059 785 Cantus,
1097 757 1116 779 i.
1140 755 1323 790 incuntatzones

278 795 387 822 Tibull.
403 803 422 827 1,
436 804 458 827 2,
472 803 509 828 55.
581 796 706 822 Carmina
720 795 813 821 Horat.
823 794 903 821 Scrm.
919 802 943 825 2,
960 801 979 823 1,
993 794 1033 822 63.
1102 788 1228 814 Carmina
1240 784 1272 811 ad
1288 784 1325 816 ly.

278 840 334 858 ram
350 830 580 865 Qiinffll.1,10.'
636 831 718 858 Ouid.
731 830 817 857 Trist.
833 837 856 862 5,
876 838 912 858 12,
932 832 966 854 60
992 827 1049 852 Nec
1069 829 1173 854 tamen,
1193 828 1221 848 vt
1241 821 1324 847 fatear

1343 682 1369 708 ις

278 876 371 893 verum
386 867 435 892 tibi
445 886 452 898 ‚
472 867 560 893 nostra
574 867 661 893 teneri
698 867 718 893 A
734 864 919 900 componendo
934 862 1050 888 carmine
1060 859 1135 885 Musa
1149 857 1247 893 potest,
1266 857 1290 883 h.
1306 866 1325 882 c.
1339 864 1373 883 20
1389 861 1411 886 8.

277 903 392 929 cohiberi.
463 902 543 929 Ouid.
557 903 650 929 Amor.
664 911 686 936 2,
707 911 726 935 1,
747 911 774 928 10
801 898 957 932 Composuit
970 897 1048 922 Casus
1068 895 1115 921 iste
1135 895 1214 921 Po'c'ta
1230 901 1303 919 meos
1317 893 1326 918 3

277 938 509 965 Commentarium
529 938 585 964 Cic.
600 939 654 965 Att.
671 947 690 970 1,
706 940 742 964 16.
813 934 935 960 Edictum
952 932 990 958 Id.
1005 933 1075 958 Fam.
1089 940 1112 963 3,
1127 939 1159 956 11.
1231 929 1326 962 Elegos

278 974 360 1001 Ouid.
375 975 466 1001 Amor.
482 982 504 1006 3,
519 983 553 1007 15,
569 983 589 1006 3.
647 972 800 1005 Exemplum
818 970 957 995 literarum
971 968 1028 994 Cic.
1042 966 1074 993 de
1089 967 1158 1000 Lege
1173 966 1234 999 Agr.
1252 972 1275 997 2,
1289 972 1325 997 52.

279 1010 425 1037 Exordium
439 1010 553 1036 nimium
568 1010 695 1043 apparatis
709 1006 797 1032 verbis
811 1013 971 1039 componere
986 1002 1087 1029 Αιιᾶὶοι·
1099 1002 1131 1028 ad
1140 1002 1326 1032 Herenn.1,12.

277 1045 430 1073 Formulam
458 1045 611 1080 disciplinae
635 1042 764 1078 quandam
793 1047 890 1067 certam
918 1047 1078 1074 componere
1099 1038 1156 1064 Cic.
1171 1037 1324 1068 Acad.1,17.
1339 1036 1371 1063 25

278 1083 386 1109 Formas
409 1081 570 1107 iudiciorum
590 1086 615 1104 et
632 1077 834 1112 stipulationum
854 1084 1014 1110 componere
1036 1075 1073 1101 ld.
1087 1073 1119 1100 de
1132 1073 1224 1108 Legib.
1239 1081 1264 1104 1,
1284 1081 1323 1105 14.

276 1117 450 1145 Interdictum
466 1118 617 1150 aliquorum
632 1114 705 1140 causa
720 1121 880 1147 componere
893 1112 947 1138 Cic.
962 1121 1009 1146 pro
1021 1110 1126 1137 Caecin.
1141 1111 1185 1136 60.
1222 1107 1323 1148 Laudes

275 1154 385 1179 alicuius
400 1152 497 1178 Tibul.
513 1161 541 1185 4,
556 1159 576 1182 1,
589 1158 624 1182 35.
696 1148 807 1175 Librum
822 1157 853 1174 ex
867 1147 961 1174 alienis
974 1145 1142 1174 orationibus
1157 1145 1212 1172 Cic.
1227 1144 1321 1171 Diuin.

276 1190 305 1215 in
320 1190 393 1215 Caec.
410 1197 428 1219 1,
443 1194 486 1221 47.
559 1186 656 1212 Libros
672 1184 709 1211 Id.
726 1186 797 1211 Fam.
813 1186 849 1215 16,
862 1193 905 1210 20.
979 1183 1038 1209 Liu.
1053 1189 1094 1217 27,
1109 1187 1140 1212 28
1165 1181 1209 1208 Ne
1223 1180 1321 1215 quibus

276 1225 359 1251 literis
377 1223 512 1249 crederent
532 1221 641 1248 nomine
655 1220 778 1247 Marcelli
797 1218 956 1254 compositis.
1029 1219 1102 1252 Opus
1121 1216 1153 1244 ad
1165 1216 1321 1251 aliquorum
1336 1217 1368 1242 30

715 1255 874 1283 Orationem
889 1255 921 1282 ad
939 1255 1055 1281 aliorum
1069 1253 1170 1280 iudicia
1189 1252 1228 1279 Id.
1244 1261 1266 1285 5,
1281 1261 1320 1286 14.

852 1291 981 1318 Ordinem
996 1289 1098 1316 insidiis
1111 1289 1324 1323 composuerant,

939 1328 974 1360 Q
986 1327 1070 1353 Fratr.
1086 1334 1108 1358 3,
1125 1334 1142 1351 1.
1196 1324 1323 1351 Rationes

274 1260 417 1286 vtilitatem
433 1257 565 1292 Quinem.
582 1266 602 1289 3,
619 1258 643 1283 6.

275 1295 405 1321 Ordinem
419 1295 459 1320 rei
473 1293 600 1328 gerendae
621 1292 681 1318 Liu.
695 1300 739 1325 29,
754 1294 779 1318 6.

274 1337 301 1357 vt
316 1330 407 1357 Tacit.
422 1329 488 1356 Ann.
503 1337 538 1362 15,
559 1337 598 1362 52,
613 1337 634 1354 2.
690 1329 813 1355 formata
832 1328 889 1354 Cic.
899 1327 931 1353 ad

274 1365 421 1393 familiares
442 1365 533 1392 Tacit.
549 1366 615 1390 Ann.
629 1366 662 1396 6,
677 1365 716 1390 26.
805 1364 855 1390 Res
877 1363 957 1398 gestas
978 1363 1073 1388 Horat.
1088 1360 1167 1395 Epist.
1182 1369 1208 1393 2,
1227 1368 1253 1393 1,
1271 1368 1322 1392 251.

273 1402 412 1437 Tempora
426 1401 505 1428 Iliaca
520 1400 586 1427 Vell.
604 1409 624 1432 1,
638 1408 660 1432 3,
675 1408 700 1425 2·
773 1399 830 1426 Cic.
845 1400 900 1425 Att.
920 1406 960 1431 15,
981 1406 1006 1431 15
1032 1396 1235 1424 Testimonium
1253 1404 1323 1422 com-
1341 1395 1370 1422 35

272 1439 361 1474 posui,
381 1437 454 1472 quod
467 1444 549 1473 quum
561 1436 634 1462 voles
648 1434 807 1469 obsignabis.
844 1434 981 1469 Quaedam
995 1432 1157 1468 exemplaria
1171 1432 1324 1466 leguntTe-

273 1474 437 1501 stamentum.
507 1471 588 1499 Ouid.
604 1472 666 1497 Met.
681 1479 708 1503 9,
722 1479 770 1503 520
794 1472 825 1498 Et
843 1470 969 1497 meditata
989 1478 1070 1496 manu
1090 1468 1228 1502 componit
1242 1467 1324 1494 verba

273 1509 406 1536 trementi.
478 1508 568 1534 Verba
586 1507 619 1534 ad
637 1506 797 1540 religionem
814 1505 927 1532 deorum
947 1505 1142 1532 immortalium
1162 1512 1323 1538 componere

273 1545 330 1572 Cic.
361 1554 392 1571 ro
405 1539 493 1570 Domo
509 1552 559 1575 ¹23·
631 1541 720 1568 Verba
733 1550 894 1576 componere
912 1546 938 1568 et
951 1546 1134 1575 coagmentare
1154 1539 1192 1566 Id.
1207 1539 1238 1566 de
1253 1539 1323 1567 Clar.

273 1581 346 1607 Orat.
360 1586 391 1613 98
419 1589 466 1605 non
484 1579 516 1608 est
524 1579 675 1612 simpliciter
687 1577 814 1613 scribere,
829 1577 877 1614 fid
891 1576 1026 1613 artificiose
1043 1583 1170 1603 contexere
1183 1575 1273 1608 verba,
1294 1582 1324 1601 vt
1332 1581 1369 1605 40

274 1625 384 1643 numerus
400 1616 525 1641 oratorius
538 1611 637 1645 exlstat.
691 1614 732 1640 Sic
744 1613 833 1639 Verba
844 1621 1005 1648 componere
1018 1618 1043 1639 et
1057 1612 1207 1638 construere
1221 1612 1277 1638 Cic.
1291 1611 1323 1638 de

272 1653 346 1687 Qrat.
355 1647 377 1683 3‘,
386 1653 440 1683 169.
512 1648 608 1675 Versus
629 1648 723 1675 Horat.
739 1648 821 1674 Serm.
836 1657 857 1681 1,
870 1658 898 1682 4,
914 1653 936 1678 8.
1001 1649 1170 1683 Componere
1185 1646 1324 1681 etiamfim—

266 1688 371 1723 pliciter
383 1684 416 1719 est
431 1684 581 1712 orationem
595 1683 744 1718 numerosam
752 1683 843 1718 facere
858 1693 865 1708 .·
896 1690 940 1714 vt,
957 1684 1036 1709 Viam
1052 1683 1230 1719 componendi
1244 1683 1323 1709 facile

272 1721 368 1749 efficiet
389 1721 546 1748 exercitatus
567 1719 640 1747 stilus
664 1720 719 1746 Cic.
740 1719 769 1745 in
783 1719 857 1745 Orat.
871 1726 923 1752 150.
978 1718 1027 1745 Sed
1044 1722 1117 1745 etiam
1130 1720 1181 1746 alia
1196 1719 1323 1752 componi

271 1759 404 1790 dicuntur,
422 1764 451 1784 vt
465 1757 646 1787 iudicauimus,
666 1764 727 1791 quae
739 1764 767 1781 ex
776 1753 893 1790 pluribus
904 1753 1022 1789 partibus
1033 1752 1156 1786 constant,
1176 1761 1199 1780 at
1213 1754 1323 1780 ordinem
1332 1758 1366 1785 45

270 1793 392 1831 quendam
409 1793 499 1820 habent
512 1802 520 1818 :
557 1792 598 1819 Sic
610 1791 685 1825 Virg.
700 1790 765 1817 Aen.
778 1799 801 1823 3,
815 1795 860 1824 387
887 1791 975 1823 Qiam
989 1795 1045 1816 tuta
1058 1788 1132 1824 pollis
1145 1788 1238 1816 vrbem
1251 1798 1323 1815 com-

271 1838 370 1865 ponere
389 1835 475 1861 terra,
499 1831 517 1855 i.
531 1827 670 1862 aedificare.
743 1827 912 1861 Componere
932 1825 1064 1855 fallacias,
1086 1831 1136 1860 pro
1157 1824 1283 1850 Meditari
1301 1830 1325 1850 et

271 1865 423 1901 comminisci
442 1865 524 1891 Plaut.
538 1865 617 1890 Poen.
632 1870 663 1895 3,
683 1869 710 1896 5,
730 1870 772 1895 29.
827 1863 882 1892 Sic,
903 1862 1072 1896 Componere
1092 1859 1228 1886 mendacia
1249 1859 1324 1886 Idem

271 1901 366 1935 Amph.
382 1910 401 1933 1,
415 1908 435 1933 1,
448 1909 501 1927 210.
573 1898 673 1926 Tibul.
690 1898 718 1924 de
732 1899 791 1926 Sene
805 1904 930 1930 amatore,
952 1905 972 1929 1,
986 1905 1009 1930 5,
1022 1905 1058 1929 49
1076 1897 1108 1923 Et
1121 1895 1171 1922 fibi
1181 1895 1325 1922 Blanditias

271 1937 383 1964 tremula
397 1944 557 1971 componere
569 1943 644 1966 voce,
662 1933 749 1970 versus
762 1935 897 1960 amatorios
911 1933 1052 1960 cantillare.
1122 1931 1230 1958 Insidias
1243 1931 1325 1958 alicui
1339 1935 1371 1962 50

270 1972 368 2039 Titpul.
385 1981 403 2003 1,
419 1979 446 2006 7,
460 1981 487 2006 4.
560 1971 626 1998 Non
639 1970 707 1997 bene
719 1968 842 1997 mendaci
855 1968 931 1995 Risus
945 1967 1117 2003 componitur
1129 1975 1178 1995 ore
1191 1967 1323 2002 Id.3,7,3.

269 2018 287 2034 ¹¹.
328 2018 341 2032 ll
362 2015 422 2033 ῙΠΙΥ.

301 2038 324 2070 ‘e
333 2018 360 2069 og
364 2049 387 2068 M
398 2049 413 2068 1³
423 2048 548 2068 ONENs
557 2060 566 2072 ,
587 2039 663 2067 entis.
690 2039 785 2067 Partic.
810 2039 931 2067 Vetustas
945 2039 974 2066 in
986 2038 1071 2067 maius
1084 2047 1246 2074 componens
1261 2036 1323 2066 Sall.

272 2079 384 2139 Fragmjx
394 2086 415 2103 c.
434 2085 472 2108 32.
522 2076 713 2137 6componens
738 2075 915 2110 manibusque
936 2084 1029 2102 manus
1053 2082 1133 2110 atque
1158 2075 1255 2104 oribus,
1276 2084 1325 2102 ora

271 2114 322 2141 Vir
344 2135 348 2139 .
388 2122 428 2138 en.
445 2117 469 2144 8,
487 2116 519 2144 48
541 2131 548 2138 .

308 2123 353 2176 CgO
362 2156 386 2174 M
396 2154 410 2173 F
421 2154 440 2174 O
449 2153 461 2173 S
473 2144 514 2173 i'T
525 2154 545 2173 V
554 2153 567 2172 S
576 2165 584 2178 ‚
616 2155 646 2178 a,
678 2153 733 2172 um.
769 2143 863 2171 Partic.
901 2143 1116 2178 [συντιθειμὲνος,
1134 2143 1324 2178 συνηρτημένας]

273 2185 391 2218 Propert.
406 2192 426 2213 1,
436 2191 479 2213 20,
495 2190 521 2207 22
545 2181 640 2207 Mollia
654 2179 800 2214 composita
819 2180 899 2206 litora
913 2179 1009 2206 fronde
1022 2179 1095 2213 tegit.
1165 2178 1325 2213 Compositio

274 2220 379 2247 credula
392 2217 605 2251 caulisSuspicio
618 2217 716 2242 Auson.
731 2215 810 2250 Epist.
824 2223 870 2247 24,
883 2222 908 2248 7.
941 2218 958 2241 ι’.
975 2213 1054 2248 fissis.
1110 2214 1150 2240 Ad
1164 2214 1325 2241 moestitiam

274 2255 432 2290 compositus
447 2254 537 2280 Tacit.
552 2253 620 2279 Ann.
637 2259 677 2283 13,
692 2259 733 2277 20.
778 2252 797 2276 i.
829 2249 975 2282 moestitiam
985 2249 1192 2285 praeseferens.
1263 2250 1324 2276 Liu.

274 2293 317 2323 26,
332 2300 360 2323 19
381 2290 430 2317 Sed
443 2296 498 2316 artc
513 2296 621 2323 quoque
634 2287 747 2322 quadam
760 2285 792 2312 ab
807 2285 916 2312 iuuenta
933 2285 961 2311 in
975 2283 1179 2311 ostentationem
1197 2284 1324 2318 composi·
1334 2282 1369 2308 60

274 2334 322 2353 tus.
395 2327 426 2352 In
439 2332 570 2352 rationem
586 2331 717 2350 annorum
731 2321 889 2356 compositus
902 2320 1034 2354 Quinctil.
1047 2327 1070 2353 3,
1082 2325 1105 2352 8,
1118 2327 1161 2353 54.
1231 2320 1324 2347 Tacit.

276 2364 342 2389 Ann.
357 2371 380 2394 3,
396 2371 434 2395 44
461 2361 555 2387 Tanto
575 2359 716 2394 impensius
734 2359 764 2384 In
779 2357 945 2384 securitatem
960 2356 1134 2391 compositus,
1153 2364 1239 2391 neque
1253 2354 1324 2388 loco,

274 2407 360 2433 ncque
375 2397 450 2424 vultu
464 2402 583 2429 mutato,
605 2394 663 2427 sed,
683 2400 712 2422 vt
725 2393 850 2426 solitum,
867 2402 913 2428 per
926 2392 986 2419 illos
1002 2392 1057 2419 dies
1071 2392 1134 2426 egit.
1206 2392 1322 2426 Compo-

274 2433 334 2461 situs
348 2439 374 2460 et
387 2433 461 2460 velut
475 2431 650 2460 eluctantium
663 2430 809 2457 verborum
823 2428 916 2456 Tacit.
931 2428 998 2455 Ann.
1014 2437 1034 2460 3,
1048 2436 1084 2461 31,
1097 2435 1120 2460 3.
1143 2429 1161 2453 i.
1173 2429 1248 2464 vulgo
1262 2426 1324 2461 affi-

275 2466 368 2496 flam.
439 2467 576 2495 Exercitus
596 2476 628 2494 ex
647 2465 769 2502 gentibus
787 2463 870 2492 variis
888 2464 989 2491 Sallust.
1004 2463 1123 2499 Iugurth.
1138 2468 1173 2494 18.
1245 2464 1324 2490 Com-
1340 2457 1372 2490 65

276 2505 388 2540 positum
397 2524 406 2537 ,
426 2501 593 2538 compaGtum
605 2508 631 2529 et
644 2507 855 2538 coagmentatum
873 2500 927 2527 Cic.
942 2499 974 2527 de
987 2501 1006 2527 F
1009 2499 1076 2527 inib.
1089 2507 1112 2532 3,
1125 2507 1171 2534 74.
1244 2499 1324 2526 Com-

275 2540 354 2576 positi
368 2540 438 2572 acie,
463 2539 516 2566 vid.
530 2545 634 2567 AciEs.
707 2538 796 2564 Genus
809 2537 950 2564 hominum
968 2535 1142 2571 compositum
1162 2543 1194 2561 ex
1211 2543 1324 2569 corpore

276 2582 303 2603 tt
315 2575 403 2602 anima
415 2575 516 2602 Sallust.
529 2573 648 2609 Iugur-th.
667 2583 689 2600 0.
706 2583 727 2600 2.
801 2573 924 2600 Numero
939 2571 1077 2606 compositi
1090 2571 1119 2598 in
1132 2576 1232 2598 turmas
1247 2571 1324 2605 Virg.

277 2613 342 2640 Aen.
356 2620 389 2644 11,
404 2618 461 2644 599.
503 2610 551 2637 Vbi
563 2610 686 2641 Seruius,
705 2609 827 2637 Numero
841 2608 966 2643 exponit,
983 2606 1205 2635 Rationabiliter:
1237 2606 1323 2639 Vnde,

276 2647 384 2682 inquit,
403 2651 429 2672 et
442 2647 614 2681 Saepenumero
628 2645 757 2677 dicimus,
773 2644 801 2671 id
820 2644 856 2670 est
867 2662 876 2676 ,
900 2644 1055 2678 frequenter
1071 2649 1098 2669 et
1114 2641 1322 2670 rationabiliter.
1334 2646 1370 2674 70

277 2684 347 2711 Hinc
359 2682 464 2714 emtum
477 2690 535 2708 vero
547 2683 575 2706 in
588 2690 727 2713 numerum,
746 2682 802 2708 i.1n
815 2680 947 2707 rationem
960 2685 986 2706 et
998 2678 1163 2712 rhythmum.
1224 2678 1323 2706 Somno

277 2718 435 2754 compositus
448 2716 529 2744 Ouid.
543 2716 634 2743 Amor.
649 2723 669 2748 1,
682 2725 710 2749 4,
722 2723 758 2748 53.
830 2715 935 2742 Aceruo
948 2715 1095 2750 composito
1108 2712 1242 2749 despicere
1255 2714 1323 2741 dites

278 2761 303 2782 et
316 2755 413 2781 famem
429 2752 526 2779 Tibul.
541 2761 562 2784 1,
577 2759 597 2784 1,
610 2757 650 2785 91.
721 2749 769 2778 Nil
783 2750 891 2778 videtur
902 2750 1039 2784 mundius,
1050 2751 1108 2778 Nec
1119 2750 1203 2785 magis
1217 2758 1324 2785 compo-

278 2790 355 2818 situm
368 2788 530 2824 quidquam,
548 2795 596 2814 nec
615 2785 699 2822 magis
714 2787 817 2822 elegans
834 2787 902 2814 Ter.
917 2787 981 2813 Eun.
997 2794 1020 2820 5,
1034 2795 1056 2820 ς,
1073 2788 1126 2820 (4)
1141 2795 1175 2819 13.
1246 2786 1323 2812 Aetas
1341 2810 1345 2812 .

278 2825 436 2861 composita,
477 2827 496 2851 ι’.
520 2830 619 2850 matura
634 2829 657 2849 et
671 2824 753 2859 quieta
767 2822 858 2849 Tacit.
873 2823 941 2849 Ann.
956 2831 993 2855 12,
1006 2831 1046 2856 32.
1100 2821 1217 2848 AffeEtus
1236 2821 1324 2854 mites,
1338 2824 1370 2854 75

278 2868 357 2896 atque
371 2859 509 2895 compositi
522 2857 655 2894 Quinctil.
668 2860 695 2892 6,
710 2867 737 2891 2,
751 2866 775 2891 9.
807 2861 838 2884 it.
853 2866 885 2890 11,
900 2866 922 2890 3,
935 2860 976 2890 65.
1038 2858 1125 2893 Agger
1141 2857 1238 2888 tumuli
1252 2866 1324 2885 com·

279 2897 375 2933 positus
390 2897 465 2930 Virg.
479 2895 544 2922 Aen.
560 2902 587 2930 7,
608 2896 633 2921 6.
707 2894 808 2929 Agmen
828 2893 1001 2928 compositum
1019 2894 1052 2921 ad
1071 2895 1123 2921 iter
1140 2893 1223 2928 magis
1243 2902 1324 2928 quam

278 2942 392 2968 pugnam
413 2932 474 2959 Liu.
488 2939 528 2967 37,
542 2940 564 2958 2.
636 2931 668 2957 Et
686 2937 731 2964 24,
746 2936 773 2962 35
800 2930 885 2963 Atque
896 2928 1001 2964 agmine
1014 2929 1047 2956 ad
1059 2938 1151 2956 omnes
1166 2930 1238 2957 casus
1253 2938 1323 2957 com-

278 2969 363 3004 posito
378 2967 441 2994 ibat.
514 2965 596 2994 Ouid.
612 2965 691 3002 Epist.
708 2974 743 2998 13,
758 2967 800 2998 136
820 2964 970 2999 Blandaque
986 2965 1140 3000 compositas
1159 2973 1224 2993 aura
1236 2966 1324 2992 secun.

279 3004 324 3032 det
338 3005 424 3039 Aquas
433 3023 442 3036 ,
471 3004 488 3029 i.
503 3002 663 3038 tranquillas.
733 3001 815 3028 Arma
828 3001 923 3028 Horat.
937 3001 1024 3027 Carni.
1037 3010 1066 3034 4,
1079 3009 1118 3035 14,
1133 3009 1172 3035 52.
1227 3000 1325 3028 Aucto-
1338 3003 1371 3029 80

278 3049 319 3068 res
334 3038 472 3067 seditionis
483 3038 574 3065 Tacit.
588 3037 656 3064 Hist.
671 3044 700 3071 4,
714 3045 754 3070 14,
768 3044 790 3070 3.
814 3039 833 3064 i.
847 3035 991 3070 constituti,
1004 3036 1148 3072 subornati.
1202 3036 1325 3072 Auspicia

278 3075 311 3102 ad
324 3075 468 3102 vtilitatem
482 3072 653 3109 Reipublicae
664 3074 720 3100 Cic.
737 3073 768 3100 de
780 3072 872 3108 Legib.
883 3080 906 3106 3,
919 3080 957 3105 32.
1012 3072 1118 3099 Bnstum
1129 3073 1324 3107 Lucan.8‚748.

278 3111 336 3145 Ipse
348 3110 494 3146 composito
510 3116 535 3137 et
549 3108 669 3136 delibuto
682 3109 788 3144 Capillo
802 3118 849 3145 per
862 3108 954 3135 forum
966 3105 1063 3135 volitat
1080 3107 1136 3135 Cic.
1149 3116 1198 3144 pro
1212 3108 1236 3135 S.
1249 3109 1325 3136 Rost.

1343 2108 1372 2134 53

280 3155 303 3172 0.
319 3149 363 3180 46.
419 3146 535 3178 Causae,
559 3149 577 3172 i.
585 3142 681 3181 fissae,
701 3146 837 3172 calumniae
851 3142 1036 3179 AusonAEpist.
1049 3151 1094 3176 24,
1102 3151 1127 3178 7.
1168 3143 1227 3172 Vid.
1240 3144 1325 3172 Dicta.

281 3181 362 3209 Ouid.
377 3181 441 3209 Fast.
455 3191 477 3214 3,
491 3189 543 3216 547
569 3179 791 3216 Compositusque
805 3180 896 3212 Cinis,
914 3178 1065 3215 tumulique
1080 3179 1109 3206 in
1121 3187 1254 3207 marmore
1272 3189 1327 3207 car·
1344 3182 1373 3212 85

280 3225 350 3244 men.
407 3218 506 3243 Comae
520 3215 558 3244 ld.
571 3217 649 3251 Epist.
662 3225 697 3250 12,
711 3218 763 3250 156.
820 3214 1022 3244 Controuersiae
1036 3221 1068 3242 ex
1083 3213 1201 3242 historiis
1215 3215 1326 3249 Quintis.

280 3260 304 3285 3,
317 3257 339 3282 8.
411 3252 503 3279 Crines
518 3253 615 3287 Virgil.
627 3252 725 3287 Geor-g.
738 3260 767 3286 4,
779 3259 838 3287 417.
881 3254 900 3278 ι’.
925 3253 1009 3278 comti.
1078 3249 1156 3278 Dicta
1174 3251 1326 3286 composita,

281 3286 407 3327 mpzdacia
423 3288 482 3313 Ace.
496 3295 535 3323 ap.
551 3289 624 3315 Non.
637 3296 665 3322 4,
680 3290 720 3319 68.
773 3286 922 3316 Discrimen
934 3283 1108 3322 'compositum
1123 3285 1203 3313 Ouid.
1218 3287 1248 3313 de
1262 3289 1327 3315 Arte

283 3326 341 3350 Λ111.
355 3331 380 3354 2,
394 3331 447 3354 303.
456 3357 460 3362 ¹
469 3324 610 3357 capillorum
619 3343 627 3356 ,
647 3323 767 3360 intellige.
837 3321 1011 3358 Emplastrum
1024 3321 1197 3357 compositum
1209 3322 1328 3351 Scribon.

284 3367 338 3392 214.
381 3356 513 3384 Gradibus
525 3358 685 3394 compositis,
693 3359 803 3395 Paffibus
814 3359 948 3386 moderatis
964 3358 1041 3385 eundo
1053 3356 1265 3393 Virg.Ge0rg.3,
1275 3367 1325 3392 192.
1335 3360 1371 3385 90

281 3395 357 3421 Hora
369 3392 527 3428 composita,
542 3401 591 3429 pro
606 3392 744 3428 Condic‘ia,
756 3393 890 3430 covfiieuta
904 3395 971 3421 Hor.
985 3395 1074 3421 Carm.
1084 3401 1105 3426 1,
1119 3401 1146 3427 9,
1159 3401 1199 3419 20.
1244 3395 1326 3430 Leges

282 3430 357 3463 Virg.
371 3430 436 3470 Aen.
454 3437 490 3461 12,
507 3437 559 3469 3¹5⁸,
598 3432 617 3456 i.
640 3429 794 3463 constitutae.
848 3429 932 3457 Lucil.
946 3430 1013 3466 apud
1024 3430 1081 3458 Cic.
1095 3429 1127 3456 de
1141 3429 1236 3462 Orat.3
1257 3439 1278 3457 c.
1293 3439 1325 3465 43

283 3467 370 3499 Quam
385 3464 471 3500 lepide
479 3465 574 3491 cheis
586 3466 748 3499 compostae,
769 3472 798 3493 vt
805 3466 954 3497 tesserulae,
968 3474 1061 3493 omnes
1075 3465 1150 3498 Arte,
1163 3465 1325 3499 pauimento,

282 3509 360 3535 atque
385 3500 543 3527 emblemate
571 3501 754 3528 vermiculato.
825 3501 918 3529 Locus·
931 3501 1031 3528 Graeca
1058 3499 1183 3528 comitate
1212 3506 1238 3527 et
1264 3511 1324 3536 pro-

283 3536 392 3563 vinciali
418 3535 576 3572 parsimonia
598 3535 689 3562 mistus
711 3545 739 3563 ac
762 3534 828 3563 bene
851 3535 1010 3572 compositus
1030 3536 1121 3564 Tacit.
1133 3535 1221 3571 Agric.
1242 3545 1274 3570 4,
1298 3547 1324 3571 4.
1338 3537 1371 3565 95

282 3572 356 3611 Mare
377 3571 460 3599 Ouid.
479 3572 544 3598 Met.
564 3575 588 3604 8,
607 3576 662 3605 857.
734 3571 929 3608 Medicamenta
970 3571 1090 3601 Scribon.
1106 3573 1158 3605 68⁴,
1176 3575 1214 3605 85.
1287 3573 1323 3600 Ex

282 3606 401 3641 pluribus
414 3606 557 3642 composita
568 3606 758 3633 medicamenta
770 3608 815 3642 Ep.
826 3608 870 3635 sin.
924 3607 1044 3635 Primum
1056 3612 1240 3643 argumentum
1253 3616 1323 3634 00111-

283 3641 378 3675 positae
393 3643 490 3670 Mentis
504 3642 624 3669 existima
643 3642 711 3677 posse
725 3642 879 3676 consistere,
897 3649 922 3670 et
941 3644 1029 3671 secum
1048 3643 1149 3671 morari
1168 3642 1226 3670 Sen.
1241 3643 1286 3678 Ep.
1300 3653 1324 3670 2.

280 3677 334 3706 Soli
355 3678 402 3711 qui
422 3679 564 3713 sapientiae
621 3676 679 3704 Post
710 3678 804 3704 florem
834 3679 953 3713 lepidum
982 3688 1031 3706 nee
1061 3677 1182 3706 stabilem
1212 3679 1322 3712 gradum

282 3712 381 3738 Aetatis
393 3733 400 3744 ,
426 3714 526 3740 senium
545 3713 614 3740 dicat
651 3713 748 3740 Mentis
778 3713 954 3748 compositae:
992 3713 1077 3750 qualis
1094 3714 1129 3742 ab
1148 3712 1237 3741 arduis
1283 3714 1322 3742 Ad
1332 3712 1421 3739 molis
1440 3712 1549 3746 Qiinc‘i.
1563 3721 1586 3745 2,
1597 3720 1621 3746 5,
1635 3720 1659 3745 9.

281 3748 306 3775 se
342 3749 416 3774 versa
448 3749 585 3776 laboribus
634 3748 744 3776 Vestric.
771 3749 903 3783 Spurinna
930 3749 981 3776 Od.
1005 3758 1024 3778 1.

281 3782 299 3809 si
335 3783 433 3810 terrori
469 3785 642 3820 compositum
674 3783 898 3819 Vercingentorix
929 3785 1033 3812 Florus.

280 3817 438 3852 compositae
469 3819 532 3847 Pali.
547 3821 620 3847 Nou.
635 3828 677 3852 22,
688 3825 712 3853 ’5.

280 3853 388 3881 Colum.
405 3862 442 3886 12,
454 3862 498 3889 47,
512 3864 536 3882 2.

1134 3749 1244 3778 Nomen
1262 3758 1323 3784 qua-

1110 3784 1206 3814 Oliuae
1235 3785 1321 3812 muria

804 3819 962 3855 Compositis
998 3821 1046 3848 hae
1073 3820 1213 3848 conditura
1242 3819 1323 3848 oliui·

607 3856 703 3883 Oratio
722 3855 878 3890 composita,
895 3861 1003 3889 ornata,
1023 3863 1050 3884 et
1070 3856 1186 3884 artificio
1207 3855 1323 3891 quodam

279 3896 305 3916 et
319 3888 614 3924 exposition-distinete
626 3891 684 3918 Cic.
695 3890 727 3918 de
735 3891 810 3919 Orat.
818 3899 837 3924 1,
845 3898 884 3924 50.
921 3892 1002 3918 Etiam
1015 3897 1108 3922 orator
1119 3891 1158 3920 Id.
1165 3892 1239 3920 Orat.
1247 3901 1269 3919 c.
1278 3899 1322 3926 70,
1334 3898 1377 3926 ¹05
1386 3889 1424 3916 ib.
1439 3899 1460 3917 c.
1474 3898 1513 3922 32.
1550 3893 1580 3917 it.
1598 3898 1623 3923 3,
1636 3895 1669 3922 15.

1380 535 1462 573 jib-sus
1481 534 1514 561 ad
1525 532 1673 566 mmsstiam.

1382 1719 1400 1742 i.
1408 1715 1500 1742 decore.

1381 3818 1473 3854 ficano
1493 3820 1565 3847 Caes.
1578 3818 1642 3846 Bell.
1655 3817 1737 3845 Ciuil.
1753 3825 1775 3850 1,
1787 3825 1819 3849 32
1839 3817 1950 3851 Legatos
1963 3816 1996 3843 ad.
2015 3818 2170 3854 Pompeium
2204 3829 2219 3847 e
2239 3829 2298 3847 eom

1781 88 1816 127 C
1900 88 1936 128 O
2019 91 2066 130 M
2328 103 2415 146 1033

1383 188 1438 211 232.
1461 214 1466 218 Ι
1483 213 1488 218 .
1510 179 1606 205 Vellei.
1623 188 1650 211 2,
1663 180 1708 213 76,
1727 186 1739 211 3
1767 177 1814 204 Sed
1836 178 1887 217 Pax
1903 182 1995 217 contra
2020 176 2192 206 Brundusium
2210 176 2362 215 composita,
2396 186 2416 213 i.

1383 214 1541 241 Conciliata.
1613 216 1709 241 Po'effla
1722 214 1799 255 craffe
1813 220 1837 240 et
1852 213 1961 255 illepide
1975 214 2145 246 compositum
2160 217 2253 242 Horat.
2267 217 2343 250 Epist.
2357 226 2382 251 2,
2397 227 2416 254 1,
2444 241 2445 250 ,

1384 258 1428 285 77.
1485 249 1572 275 Pudor
1586 249 1671 282 palam
1684 253 1841 284 compositus
1864 248 1945 275 Facit.
1958 249 2026 274 Ann-
2039 258 2067 282 4,
2081 257 2101 281 1,
2110 257 2131 281 5.
2155 254 2173 276 i.
2187 251 2312 284 modestus.
2326 257 2329 261 “
2360 253 2418 282 Res·
2444 255 2445 258 ’

1387 285 1491 320 publica
1507 284 1664 318 composita,
1684 289 1700 310 i.
1715 289 1797 321 quista
1812 285 1849 311 Id.
1865 285 1932 310 Ann.
1950 293 1977 318 4,
1992 292 2012 315 1,
2033 292 2052 310 1.

1388 322 1466 354 situs,
1504 324 1522 346 i.
1548 322 1689 355 coniugium
1699 321 1832 356 pacificum
1850 319 1932 346 Ouid.
1948 318 2012 346 Fast.
2026 328 2048 352 3,
2059 324 2120 352 484.

1387 365 1427 389 351
1472 357 1522 382 Tu
1547 363 1654 389 quoque
1666 356 1815 389 compositis
1835 357 1877 383 sua
1891 364 1972 390 quum
1986 354 2047 380 linit
2066 363 2113 380 ora
2124 355 2253 389 Venenis,
2287 357 2327 383 Ad
2340 358 2418 388 domi.

1387 401 1435 419 nae
1450 392 1554 422 vultus,
1573 399 1620 416 nec
1634 390 1721 424 pudor
1734 390 1833 424 obstet,
1851 400 1902 418 eas.
1974 390 2063 417 Verba
2078 389 2235 424 composita,
2274 394 2291 417 i.
2324 395 2388 420 culta
2398 391 2419 423 ἐι
2443 389 2446 407 l
2467 411 2471 424 .

1387 435 1476 455 ornata
1496 427 1555 454 Sall.
1569 427 1596 452 in
1612 425 1732 460 iugurth.
1751 435 1772 451 c·
1786 431 1813 458 85
1836 427 1899 453 Non
1917 427 1976 453 sunt
1996 425 2137 459 composita
2153 435 2210 452 mea
2223 426 2322 453 verba:
2348 432 2419 463 parui
2464 443 2467 450 .

1387 464 1415 491 ia
1430 463 1515 490 facio:
1541 463 1595 496 ipsa
1609 462 1633 487 se
1647 461 1733 487 virtus
1748 461 1807 487 satis
1821 462 1942 488 ostendit.
1985 460 2042 489 istd.
2057 461 2143 487 Lexis.
2214 462 2274 488 Vox
2287 465 2421 499 compos...
2462 455 2468 490 f

1388 501 1445 527 Sen.
1466 499 1497 525 de
1511 499 1640 525 Clement.
1656 505 1681 529 2,
1718 517 1724 522 .
1762 516 1767 522 .
1841 497 1936 524 Vultus
1958 497 2116 532 compositus
2136 497 2228 523 Tacit.
2242 497 2308 524 Ann.
2323 507 2343 532 1,
2359 507 2384 535 7.
2403 505 2420 530 i.
2463 491 2472 520 i

1726 531 1791 558 Plin.
1807 532 1884 566 Epist.
1899 541 1921 565 3,
1935 536 1963 559 16
1978 534 2111 569 placidus,
2124 532 2255 565 trtjllitiam
2268 533 2419 570 dffmulam,
2440 553 2448 568 t
2465 553 2474 568 ὦ

1389 570 1520 605 Qiimffil.
1535 579 1557 601 2,
1571 575 1583 599 8
1611 578 1636 603 p.
1654 572 1693 600 158
1720 567 1794 594 Alius
1810 567 1934 594 historiae
1953 569 2036 603 magis
2050 569 2175 602 idoneus,
2194 567 2259 595 alius
2273 571 2421 605 compositu.
2432 593 2439 601 Ἰ,
2452 575 2469 598 μ’

1388 608 1420 633 ad
1434 614 1546 632 carmen.
1620 605 1697 630 Vates
1711 603 1738 629 in
1752 603 1933 630 adulationem
1945 605 2102 638 compositus
2117 604 2191 630 Curt.
2204 613 2232 636 4,
2245 612 2272 639 7,
2286 606 2323 631 26.
2366 607 2419 637 Liu,

1388 651 1409 673 2,
1424 649 1455 676 37
1475 641 1549 667 Prius
1564 648 1641 675 quam
1659 640 1891 666 committerentur
1902 638 1977 671 ludi,
1992 640 2090 666 Tullus
2113 646 2159 672 (vt
2172 639 2246 666 domi
2259 641 2433 676 compositum.

1387 687 1447 703 cum
1462 676 1565 704 Marcio
1579 676 1684 706 fuerat)
1702 675 1734 701 ad
1753 675 1879 701 Consules
1898 675 1982 700 venit.
2051 675 2204 710 Composita
2224 676 2301 702 intell.
2318 673 2449 708 rnedikastl,b

1388 719 1476 739 menta
1495 719 1538 738 aut
1551 711 1664 744 collyria
1676 710 1796 737 Scribon.
1810 715 1847 743 38.
1900 710 2074 744 Compostus,
2087 719 2133 746 per
2140 711 2266 748 syncopen
2280 711 2351 747 Virg.
2363 710 2449 746 Ama?

1388 757 1408 781 1,
1424 757 1465 781 253
1488 749 1567 775 Nunc
1583 746 1683 782 placida
1701 746 1849 781 compostus
1870 754 1932 781 pace
1946 746 2074 781 quiescit,
2093 747 2122 773 de
2135 751 2193 773 viuo
2207 746 2286 773 adhuc
2297 749 2449 789 Anteviore„3.=

1387 785 1528 819 Comparat.
1547 784 1607 809 Liu.
1621 787 1659 815 28,
1673 790 1707 809 22
1727 782 1822 809 Acrior
1836 783 1938 817 impetu
1952 787 2030 816 atque
2044 782 2150 816 animis,
2170 791 2250 817 quam
2264 782 2421 819 compositior
2430 777 2442 807 .l

1387 820 1443 847 vllo
1455 820 1550 846 ordine
1568 827 1654 853 pugna
1667 818 1727 845 fuit.
1783 818 1881 845 Omnia
1894 824 1973 844 erunt
1981 817 2166 853 compositiora
2175 818 2285 852 Quin&
2294 818 2449 852 1Prooe'i'n.i¹›

1485 856 1540 882 Cic.
1554 854 1613 881 Act.
1628 863 1637 880 1
1652 854 1680 880 in
1694 855 1770 881 Verr.
1785 863 1814 886 32
1834 863 1855 880 c.
1870 862 1892 880 11
1914 854 1944 880 Et
1957 862 1988 879 ex
2001 854 2166 880 accusatione
2177 854 2328 888 perficiam,
2346 861 2374 884 vt
2401 853 2406 858 '
2428 846 2442 879 ll

1389 900 1434 919 mo
1447 900 1563 926 vnquam
1579 890 1635 925 post
1650 889 1791 916 hominum
1810 889 1968 916 memoriam
1981 890 2114 924 paratior,
2133 889 2305 925 vigilantior,
2324 888 2382 920 com'
2413 911 2420 917 .
2433 878 2444 919 .l

1389 927 1464 954 sitior
1477 927 1508 953 ad
1523 926 1653 954 iudicium
1666 925 1799 952 videatur.
1871 926 1994 960 Superlat.
2031 924 2088 952 Cic.
2103 927 2156 952 Att.
2170 928 2197 958 6,
2212 934 2229 959 9
2242 933 2287 962 pr.
2313 924 2421 958 Adnuffi.
2432 942 2437 955 s

1389 970 1431 991 tus
1445 964 1518 996 sum,
1536 968 1565 989 vt
1579 961 1637 989 vidi
1649 961 1812 996 obsignatam
1826 961 1963 996 epistolam
1973 981 1981 993 ,
2001 960 2160 988 breuitatem
2181 962 2237 988 eius
2251 973 2256 988 :
2281 967 2310 989 vt
2329 971 2360 998 ap

1388 1000 1477 1026 rursus
1496 998 1615 1031 σύγχυσιν
1633 997 1817 1029 merularum,
1837 1005 1904 1032 quae
1921 997 2005 1024 solent
2025 1004 2085 1024 tuae
2102 997 2326 1032 compositissimae
2343 994 2385 1026 ot*
2414 1013 2417 1015 ·

1388 1035 1499 1062 rillimae
1513 1035 1570 1060 el'i‘e.
1606 1033 1724 1066 σύγχυσιν
1733 1054 1741 1066 ,
1765 1037 1784 1060 i.
1798 1032 1977 1069 Conf‘zgsimiem,
1989 1033 2159 1060 turbationem.
2191 1034 2362 1068 Conipofltiffi

1386 1072 1410 1098 h.
1426 1082 1444 1098 c.
1460 1069 1590 1105 Bellisfime
1607 1068 1771 1102 constructae.
1808 1079 1872 1096 nunc
1888 1075 1969 1095 autem
1981 1067 2107 1105 firipfisii
2125 1071 2303 1097 vacillantibus
2314 1072 2345 1098 lit
2377 1075 2384 1080 ⁴

1386 1117 1460 1134 manu
1480 1115 1495 1133 a
1511 1106 1593 1132 morbo
1609 1109 1690 1132 minus
1704 1105 1789 1141 firma.
1846 1106 1905 1132 Non
1922 1107 2003 1141 igitur
2021 1105 2049 1131 de
2065 1103 2174 1141 Epistola
2193 1107 2322 1142 loquitur,
2338 1102 2380 1144 ¹[i'

1383 1141 1583 1170 Charafflribus.
2309 1148 2311 1151 ·
2380 1151 2386 1164 .·
2409 1140 2411 1142 ’

1421 1186 1437 1206 C
1446 1186 1465 1205 0
1476 1185 1499 1204 Μ
1509 1185 1524 1204 P
1533 1184 1552 1205 O
1561 1185 1573 1204 S
1584 1183 1622 1204 1T
1632 1183 1651 1203 O
1662 1195 1668 1203 .
1705 1175 1791 1210 [κατ-οὶ
1810 1175 1926 1207 συνθήκην
1934 1196 1943 1208 ,
1964 1175 2012 1202 α’πδ
2025 1172 2200 1211 σννθήματσς]
2235 1177 2367 1206 Ablatiuus
2430 1190 2439 1208 ν

1386 1214 1506 1241 aduerbii.
1542 1213 1665 1247 Perfugas
1678 1211 1745 1238 mala
1758 1211 1809 1238 side
1825 1212 2024 1247 compositoque
2038 1212 2125 1239 fecisse
2138 1212 2209 1247 Nep.
2222 1221 2263 1247 14,
2270 1215 2296 1246 6,
2303 1216 2328 1240 6.
2381 1209 2384 1212 ⁴
2414 1207 2440 1244 ,ι’

1387 1250 1493 1277 Ρ1101111.
1507 1257 1530 1282 5,
1546 1258 1567 1281 1,
1580 1257 1610 1282 39
1632 1247 1785 1283 Composito
1803 1247 1904 1275 fa&um
1916 1248 1969 1281 est,
1989 1248 2127 1283 quomodo
2146 1248 2213 1276 hanc
2230 1257 2318 1276 amans
2428 1260 2435 1278 1
2454 1271 2457 1279 .

2428 1297 2435 1315 1

2428 1336 2434 1348 a

2428 1370 2434 1386 ›-

2121 285 2212 312 Totus
2233 286 2298 313 bene
2318 296 2417 324 compo.

2188 321 2267 348 Ouid.
2283 323 2418 352 Rem.Am.

1386 1286 1467 1321 posset
1481 1285 1533 1312 sine
1546 1285 1616 1311 dote.
1659 1285 1787 1311 Veterum
1801 1284 1989 1319 loquutionem
2003 1282 2045 1317 <sse
2057 1284 2176 1311 Donatus
2188 1284 2309 1313 aimone!-
2332 1289 2338 1296 ‘
2353 1286 2423 1315 Com·
2438 1280 2439 1290 ³

1386 1321 1471 1357 posito
1486 1321 1586 1355 rumpit
1602 1329 1712 1352 vocem,
1729 1326 1755 1346 et
1766 1320 1799 1346 sic
1812 1329 1859 1347 ore
1872 1320 1993 1355 profatur
2008 1319 2083 1355 Virg.
2092 1321 2156 1346 Aen.
2169 1329 2194 1354 2,
2208 1328 2260 1355 159.
2311 1320 2349 1348 De
2361 1330 2374 1350 e
2414 1340 2422 1347 .

1387 1357 1472 1393 posito
1486 1358 1565 1392 Apul.
1579 1357 1655 1391 Apol.
1680 1366 1705 1391 p.
1720 1363 1778 1390 273.
1796 1359 1800 1362 '
1851 1356 1888 1384 Ex
1906 1355 2066 1390 composito,
2092 1356 2174 1383 Idem.
2228 1356 2355 1389 Laudatur

1425 1412 1432 1420 .
1470 1413 1476 1420 .
1512 1392 1591 1420 Nihil
1608 1401 1662 1418 non
1682 1401 1714 1419 ex
1727 1391 1873 1426 composito
1894 1392 2023 1425 fecimus,
2041 1391 2146 1427 pactum
2159 1392 2333 1420 [εί-1130111103.
2428 1408 2431 1418 ι
2450 1397 2455 1405 ’

1389 1436 1429 1457 Ex
1447 1429 1560 1465 praepos.
1588 1435 1611 1454 et
1628 1428 1689 1454 Liu.
1703 1436 1723 1461 1,
1735 1436 1761 1461 9.
1787 1436 1811 1460 ς,
1826 1436 1864 1462 14.
1885 1435 1909 1454 ει
1922 1437 1966 1463 24,
1981 1437 2020 1462 14.
2064 1428 2154 1455 Tacit.
2163 1427 2230 1455 Hist.
2243 1437 2272 1462 4,
2286 1431 2330 1462 66,
2341 1437 2363 1462 3.
2381 1420 2424 1450 Ῐ’·“’
2457 1446 2463 1452 -

1424 1472 1469 1492 co
1479 1472 1504 1491 M
1515 1472 1556 1492 po
1566 1469 1627 1491 S1T
1638 1470 1664 1490 13.
1682 1463 1751 1490 Adu.
1788 1464 1918 1491 Ordinatc.
1957 1464 2013 1491 Cic.
2028 1463 2059 1490 de
2073 1464 2146 1491 Orat.
2164 1473 2184 1497 1,
2199 1470 2233 1498 48
2258 1465 2304 1492 Sin
2318 1461 2432 1496 oratoris.

1387 1501 1457 1527 nihil
1472 1501 1513 1527 vis
1528 1501 1576 1526 else
1588 1499 1636 1526 nisi
1651 1499 1809 1534 composite,
1826 1508 1928 1532 ornate,
1948 1500 2054 1535 copiose
2062 1499 2163 1535 eloqui.
2236 1500 2321 1535 Agere
2331 1500 2432 1538 aliquo

1387 1536 1572 1571 compositius,
1589 1544 1669 1570 quam
1682 1535 1848 1561 festinantius
1869 1535 1961 1562 Tacit.
1972 1537 2041 1562 Ann.
2055 1543 2090 1568 15,
2103 1544 2125 1568 3.
2198 1535 2328 1566 Coluniel.
2341 1538 2365 1570 6,
2374 1531 2426 1571 23⁵5

1387 1573 1433 1599 Sin
1445 1579 1534 1600 autem
1547 1571 1646 1606 placidi
1659 1576 1685 1597 et
1698 1571 1784 1606 quieti
1796 1570 1879 1597 boues
1892 1577 1985 1605 erunt,
2004 1572 2047 1599 vel
2061 1571 2155 1598 eodem
2169 1571 2223 1605 die,
2238 1574 2292 1607 qsio
2311 1572 2433 1609 31113311οψ

1386 1609 1439 1640 ris,
1459 1616 1520 1634 ante
1532 1607 1625 1634 licebit
1640 1606 1803 1642 producere,
1823 1613 1849 1633 et
1864 1606 1959 1634 docere
1971 1616 2018 1642 per
2039 1607 2114 1634 mille
2137 1608 2219 1642 passus
2244 1602 2428 1645 compositffiit

1387 1645 1440 1671 sine
1452 1650 1552 1678 pauore
1566 1643 1711 1670 ambulare.
1782 1643 1877 1669 Dicere
1892 1644 2035 1679 composite
2049 1649 2075 1670 et
2087 1650 2146 1678 apte
2159 1644 2212 1670 sine
2225 1642 2428 1679 sententiis,1in-.

1386 1680 1458 1707 sania
1483 1679 1519 1705 est
1548 1679 1605 1705 Cic.
1627 1679 1656 1704 in
1679 1680 1753 1706 Orat.
1776 1681 1825 1711 236
1848 1688 1869 1705 c.
1884 1679 1932 1707 vlt.

2003 1679 2114 1707 Indutus
2124 1679 2268 1715 composite
2294 1679 2360 1708 Gell.
2369 1688 2393 1715 15
2402 1689 2425 1715 5.

1421 1757 1438 1777 c
1448 1758 1467 1777 ο
1477 1757 1501 1776 M
1512 1757 1527 1776 Ρ
1536 1756 1555 1776 0
1564 1756 1577 1776 s
1587 1746 1599 1775 i⁴
1608 1755 1629 1775 Τ
1639 1755 1658 1775 ο
1667 1755 1685 1775 R
1694 1769 1703 1781 ,
1724 1748 1789 1775 oris.
1821 1757 1857 1775 111.
1890 1747 2082 1785 [συγγραφεύς]
2120 1751 2177 1778 Cic.
2192 1751 2221 1778 in
2234 1752 2310 1779 Orat.
2325 1753 2354 1778 61
2367 1759 2388 1779 e.
2399 1757 2426 1785 19

1386 1786 1452 1813 Non
1468 1786 1538 1812 enim
1553 1785 1695 1817 inuentor,
1714 1789 1759 1810 aut
1773 1783 1950 1819 compositor,
1970 1791 2016 1812 aut
2033 1786 2125 1818 actor,
2143 1786 2207 1814 haec
2227 1786 2378 1823 compleitus
2390 1786 2433 1814 efl-

1387 1823 1479 1848 onmia
1492 1832 1498 1848 ε
1533 1820 1577 1846 sed
1592 1826 1617 1846 et
1630 1820 1730 1846 Graece
1744 1819 1776 1846 ab
1789 1819 1940 1854 eloquendo
1950 1819 2053 1853 rhetor,
2066 1828 2092 1847 et
2104 1821 2198 1849 Latine
2211 1822 2338 1858 eloquens
2349 1812 2428 1851 dicitu·

1388 1857 1433 1883 est.
1504 1856 1586 1882 Ouid.
1599 1855 1686 1882 Trist.
1701 1864 1724 1887 2,
1736 1857 1782 1887 356
1801 1855 1860 1881 Plus
1880 1854 1929 1881 sibi
1943 1856 2061 1890 permisit
2073 1857 2250 1892 compositore
2266 1860 2322 1886 suo.
2356 1862 2376 1886 ι’.
2389 1864 2442 1886 asni

1386 1890 1455 1919 ἐῖονε
1469 1901 1477 1917 ;
1513 1891 1542 1917 de
1553 1891 1626 1918 libris
1651 1899 1715 1918 ermo
1727 1889 1769 1922 est.
1840 1891 2009 1925 Compositor
2025 1901 2132 1921 morum
2148 1893 2216 1920 iuris
2233 1893 2376 1930 legumque
2397 1893 2425 1921 sa*

1386 1927 1479 1955 cerdos
1498 1927 1608 1962 Coripp.
1642 1935 1655 1952 e
1669 1925 1752 1953 Laud.
1765 1925 1857 1953 lustin.
1872 1934 1882 1951 1
1896 1932 1940 1961 pr.
2392 1938 2397 1944 «

1425 1969 1443 1991 c
1455 1969 1696 1994 0131031110,
1717 1961 1786 1988 onis.
1818 1961 1838 1987 f.
1876 1961 2019 1995 [σύνθεσις]
2058 1963 2112 1996 Vt,
2130 1963 2295 1999 Compositio
2316 1973 2422 1999 vnguen

1387 2005 1487 2027 torum.
1523 1999 1590 2026 Plin.
1604 2007 1648 2030 20,
1662 2006 1698 2031 24
1714 1997 1764 2024 Sed
1777 1996 1908 2023 discessiiri
1922 1996 1955 2023 ab
1975 1996 2140 2024 hortensibus
2155 1999 2251 2032 rebus,
2271 2009 2350 2027 vnum
2362 2009 2422 2028 com

1387 2035 1545 2071 positionem
1559 2043 1591 2061 ex
1604 2034 1645 2061 his
1658 2032 1822 2060 clarissimam
1835 2032 2010 2059 subtexemus.
2081 2034 2123 2060 Sic
2128 2032 2203 2070 saepe
2214 2036 2322 2061 Plinius.
2414 2037 2420 2043 ·

1387 2073 1592 2106 Vnguentorum
1605 2068 1826 2105 compositiones,
1844 2068 2013 2096 conditiones
2021 2067 2142 2095 ciborum
2151 2089 2160 2102 ‚
2182 2078 2326 2104 corporum
2339 2070 2374 2096 1..
2387 2083 2393 2100 ς
2409 2084 2419 2102 ¹.

1388 2108 1434 2133 nia
1454 2108 1510 2133 Cic.
1527 2106 1559 2132 de
1575 2107 1638 2133 Nat.
1651 2106 1733 2132 Deor.
1747 2113 1774 2138 2,
1788 2106 1837 2138 146
1848 2113 1870 2132 c.
1884 2108 1921 2138 58.
1982 2105 2186 2131 Remediorum
2206 2106 2360 2133 salutarium
2380 2098 2388 2126 Γ
2390 2107 2398 2136 ¹.
2407 2102 2419 2138 ³1³2

1389 2141 1421 2167 de
1434 2141 1524 2166 Benef.
1537 2149 1566 2173 4,
1573 2146 1612 2170 28.
1684 2140 1866 2175 Compositio,
1879 2147 1930 2176 pro
1938 2140 2083 2167 conditura.
2119 2141 2251 2168 Columel.
2261 2149 2352 2177 12,47,
2412 2139 2420 2163 ἶ

1389 2180 1415 2202 01
1429 2174 1476 2201 1113
1490 2175 1601 2209 probata
1615 2175 1788 2209 compositio,
1805 2182 1834 2202 vt
1847 2185 1930 2210 quum
1945 2176 2032 2203 muria
2047 2176 2112 2203 dura
2124 2178 2218 2204 Pausca
2232 2177 2292 2204 alba
2305 2184 2371 2208 mars
2414 2170 2419 2194 ³

1389 2211 1442 2243 rit,
1466 2219 1546 2237 omne
1560 2211 1600 2237 ius
1614 2210 1791 2244 desundatur,
1809 2216 1837 2237 et
1848 2211 1972 2238 immistis
1986 2211 2086 2238 duabus
2100 2212 2220 2246 partibus
2240 2213 2342 2240 defruti.
2416 2207 2419 2226 ³
2441 2207 2444 2210 ’

1389 2247 1457 2274 aceti
1469 2254 1536 2279 vna,
1559 2246 1692 2281 repleatur
1703 2246 1838 2281 amphora.
1910 2247 2006 2274 Eadem
2019 2247 2161 2275 conditura
2171 2249 2252 2283 posset
2265 2250 2317 2276 etia
2334 2262 2355 2275 ιι.

1387 2283 1522 2317 componi.
1558 2284 1599 2310 Sic
1621 2282 1834 2317 Compositiones
1859 2291 1949 2309 rerum
1969 2283 2162 2310 autumnalium
2183 2284 2289 2312 Colum.
2305 2293 2340 2318 12,

1388 2318 1512 2352 Glevucini
1525 2317 1580 2344 olei
1593 2317 1751 2353 compositio
1771 2318 1831 2345 Col.
1845 2326 1882 2350 12,
1896 2326 1931 2351 51,
1947 2326 1965 2345 ι.
2035 2319 2103 2346 Add.
2115 2328 2152 2352 12,
2166 2328 2211 2353 20,
2224 2323 2250 2348 6.
2320 2322 2369 2348 Co
2413 2343 2418 2353 ,

1388 2353 1448 2380 sitio
1457 2374 1466 2386 ,
1483 2354 1589 2391 abfhlute
1597 2360 1646 2389 pro
1659 2354 1833 2380 medicamento
1846 2357 1934 2390 quouis
1944 2354 2073 2390 composito
2093 2355 2214 2382 Scribon.
2227 2356 2326 2392 paffi'm.
2338 2367 2343 2370 ·
2364 2360 2383 2378 o.
2411 2360 2419 2373 ³

1387 2389 1467 2429 Rhod.
1481 2391 1540 2416 Lex.
1552 2389 1662 2416 Scribon.
1734 2389 1825 2422 Ordo,
1843 2390 2001 2423 compositio
2012 2399 2104 2418 rerum
2123 2391 2190 2426 aptis
2210 2399 2236 2418 et
2254 2394 2382 2424 3000111111
2402 2386 2433 2408 ‘³'

1388 2429 1422 2451 tis
1437 2423 1502 2450 locis
1522 2425 1578 2451 Cic.
1589 2424 1640 2451 Off.
1650 2433 1671 2457 1,
1685 2433 1739 2458 ¹42·
1808 2424 1939 2451 Modestia
1953 2426 2152 2459 compositionis
2173 2428 2304 2462 Quinem.
2317 2439 2346 2462 4,
2357 2436 2367 2454 1
2390 2413 2426 2458 ''fssl

1387 2467 1411 2486 et
1424 2460 1519 2486 Decor.
1534 2468 1561 2492 9,
1575 2467 1604 2492 4,
1617 2467 1659 2492 45.
1695 2467 1719 2485 et
1729 2461 1795 2486 alias
1809 2470 1862 2486 cum
1871 2459 2020 2496 simpliciter
2031 2463 2154 2496 ponitur,
2173 2466 2206 2488 aa
2219 2467 2356 2491 oratoriam
2373 2465 2389 2483 '

1386 2498 1510 2522 orationis
1524 2495 1745 2531 conformationem
1757 2501 1780 2520 et
1791 2494 1994 2528 confir-utimum
2007 2496 2135 2523 verborum
2147 2501 2295 2532 pertinent,
2314 2499 2380 2527 vnde
2391 2493 2407 2518 ·’
2416 2502 2420 2528 J

1387 2541 1468 2558 merus
1481 2529 1582 2564 existit,
1602 2529 1631 2556 de
1645 2539 1691 2566 qua
1697 2530 1810 2569 plurirna
1825 2531 1915 2557 Fabius
1927 2541 1953 2566 9,
1967 2540 1984 2566 4
1998 2535 2111 2568 integro,
2130 2542 2159 2559 ac
2171 2533 2228 2560 Cic.
2241 2539 2294 2560 tum
2303 2535 2378 2566 alias,

1389 2568 1465 2595 Orat.
1481 2574 1529 2601 147
1544 2575 1565 2593 c.
1580 2573 1612 2606 43
1620 2566 1679 2602 sqq.
1693 2565 1848 2601 copiffffime
1860 2575 1868 2592 :
1903 2573 1976 2601 quam
1988 2566 2178 2602 disputationem
2190 2572 2232 2595 ita
2241 2569 2366 2596 concludit
2387 2577 2402 2601 2
2416 2582 2418 2586 ·

1387 2612 1408 2629 c.
1423 2605 1455 2634 68
1475 2604 1549 2629 Hanc
1563 2603 1646 2637 igitur
1658 2601 1876 2636 compositionem
1890 2601 1943 2628 siue
1956 2602 2162 2636 perfectionem,
2181 2599 2421 2641 siuenumerumvd

1387 2639 1442 2665 cari
1454 2638 1553 2673 placet,
1573 2636 1702 2664 adhibere
1712 2638 1810 2664 necesse
1824 2637 1861 2664 est
1874 2644 1919 2664 etc.
1967 2639 2084 2665 Breuiter
2096 2640 2232 2674 complexus
2245 2644 2327 2666 omnia
2337 2643 2365 2668 ui
2397 2632 2416 2645 ⁹*
2439 2643 2444 2658 ’-

1388 2674 1467 2702 Αυᾶ.
1487 2674 1519 2701 ad
1533 2675 1599 2701 Her.
1619 2683 1648 2707 4,
1661 2678 1686 2704 18
1700 2682 1722 2700 c.
1740 2681 1765 2700 12
1786 2673 1952 2708 Compositio
1964 2673 2001 2700 est
2013 2673 2161 2702 verborum
2173 2675 2348 2710 constructio,
2413 2671 2415 2676 ¹

1387 2711 1451 2738 facit
1464 2718 1555 2737 omnes
1568 2716 1652 2744 partes
1667 2709 1797 2736 orationis
1810 2709 1988 2744 aequabiliter
1999 2709 2151 2745 perpolitas.
2221 2712 2257 2739 Ea
2272 2713 2360 2740 conset
2427 2709 2438 2718 ’“

1388 2753 1447 2778 tur,
1473 2746 1492 2772 si
1513 2746 1647 2781 fugiemus
1667 2744 1770 2772 crebras
1790 2745 1924 2773 vocalium
1945 2746 2144 2779 concursiones,
2160 2755 2228 2782 quae
2246 2745 2344 2776 vastasti
2404 2741 2408 2744 ’

1388 2782 1507 2809 hiantem
1522 2781 1673 2809 orationem
1684 2780 1798 2808 reddunt
1833 2795 1879 2802 —-
1914 2782 1945 2808 Et
1957 2781 1976 2808 si
1988 2781 2133 2808 vitabimus
2147 2783 2267 2811 eiusdem
2285 2778 2421 2817 litusens

1386 2819 1469 2846 miam
1482 2817 1656 2845 affiduitatcm
1692 2831 1738 2837 ——
1773 2817 1804 2843 Et
1818 2816 1835 2843 si
1851 2817 1970 2844 eiusdem
1984 2817 2062 2845 verbi
2074 2818 2247 2846 assiduitatem
2264 2814 2340 2848 nimi
2353 2831 2388 2844 ιιι

1388 2855 1490 2889 giemus
1525 2869 1570 2875 -—
1606 2854 1638 2880 Et
1659 2851 1677 2880 si
1696 2861 1751 2880 non
1769 2858 1875 2880 vtemur
1893 2854 2061 2880 continenter
2075 2853 2197 2882 similiter
2210 2855 2400 2886 cadentibus
2414 2862 2426 2881 o

1388 2891 1431 2918 bis
1467 2904 1512 2910 -—-
1547 2890 1579 2917 Et
1591 2888 1609 2916 fi
1622 2888 1770 2916 verborum
1783 2888 1969 2916 traiectionem
1981 2888 2126 2916 vitabimus
2136 2909 2144 2922 ,
2162 2891 2210 2918 nisi
2231 2900 2299 2927 quae
2310 2896 2382 2920 erit?>
2408 2903 2430 2936 ==g

1388 2926 1466 2953 cinna
1503 2939 1548 2966 '‘.“‘
1583 2924 1651 2953 Item
1670 2924 1762 2960 fugere
1783 2930 1891 2959 oportet
1915 2924 2021 2960 longam
2041 2925 2187 2952 verborum
2207 2927 2384 2958 continuati
2398 2912 2421 2956 ai

1389 2969 1435 2989 etc.
1473 2960 1605 2995 anffil.
1621 2970 1646 2995 9,
1661 2967 1738 2994 4,,22
1755 2960 1786 2988 In
1799 2960 1874 2987 omni
1886 2960 2078 2996 compositione
2091 2961 2142 2988 tria
2155 2963 2216 2990 sunt
2227 2965 2316 2990 necess
2341 2964 2347 2970 '
2375 2960 2377 2962 ¹

1389 2997 1441 3031 do,
1461 2996 1584 3024 iunctura
1593 3017 1601 3030 ,
1619 3004 1755 3024 numerus.
1826 2995 1874 3023 Sed
1887 3003 1965 3023 totum
1977 2997 2041 3023 illud
2051 3003 2126 3033 caput
2136 2998 2184 3026 huc
2193 3002 2316 3035 pertinet.
2360 3026 2364 3030 ,
2406 2997 2418 3012 '¹'

1387 3043 1443 3061 mox
1458 3033 1623 3068 Compositio
1636 3032 1786 3060 Verborum
1800 3037 1846 3058 etc.
1882 3032 1929 3059 Sed
1943 3040 1967 3059 et
1980 3034 2055 3060 aliam
2066 3037 2178 3069 quamuis
2196 3034 2336 3063 ordinatam
2360 3048 2361 3051 ¹
2424 3048 2425 3058 1

1388 3071 1507 3096 tutionem
1527 3067 1554 3103 st
1572 3068 1668 3105 nificat.
1739 3067 1898 3102 Disciplinae
1929 3068 2087 3104 compositio
2115 3070 2172 3098 Cic.
2193 3070 2226 3097 de
2248 3071 2336 3099 Finib.
2362 3091 2363 3096 ,
2410 3063 2426 3097 ιη’

1391 3105 1431 3132 Id.
1444 3104 1476 3132 de
1489 3104 1554 3139 Legi
1577 3125 1581 3132 .
1597 3113 1631 3138 2,
1645 3111 1673 3138 55
1693 3102 1822 3138 Totaque
1842 3102 1922 3130 huius
1942 3104 2008 3132 iuris
2028 3105 2186 3142 compositio
2205 3106 2373 3142 pontificalis,

1391 3148 1469 3176 gnam
1483 3140 1643 3175 religionem
1658 3139 1901 3174 caerimoniamque
1919 3139 2043 3168 declarat.
2113 3142 2315 3177 Magistratuum
2339 3141 2372 3165 δ’»
2420 3140 2430 3152 “’

1390 3175 1484 3212 Legib.
1508 3184 1531 3209 3,
1549 3184 1585 3204 12.
1657 3174 1843 3203 Membrorum
1866 3175 2039 3210 compositio,
2063 3178 2244 3205 conformatio
2263 3179 2326 3206 line

1389 3221 1450 3240 rum
1460 3232 1468 3245 ,
1487 3211 1588 3247 figura,
1606 3211 1703 3247 species
1716 3210 1831 3239 humana
1849 3211 1906 3238 Cic.
1925 3211 1957 3238 de
1976 3211 2039 3240 Nat.
2054 3213 2134 3241 Deor.
2152 3222 2173 3246 1,
2185 3221 2222 3249 47
2236 3223 2258 3241 0.
2272 3220 2307 3246 18.
2402 3234 2411 3242 ,ψ

1389 3248 1478 3275 monis
1496 3247 1628 3282 Qinffil.
1644 3256 1665 3281 1,
1679 3254 1703 3281 5,
1718 3248 1758 3279 36.
1778 3246 1807 3273 de
1821 3247 1972 3283 Soloectsmo.
2042 3249 2175 3281 Sonorum
2191 3250 2266 3277 varia
2279 3259 2364 3277 comm
2408 3260 2413 3276 1

1390 3283 1543 3312 harmonias
1576 3282 1657 3310 efficit
1689 3282 1777 3318 plures
1795 3282 1852 3309 Cic.
1877 3283 1960 3310 Tusc.
1986 3292 2012 3316 1,
2037 3293 2078 3319 4¹·
2151 3283 2207 3313 Cic.
2221 3286 2296 3314 Orat.
2311 3287 2368 3316 181'
2420 3279 2422 3282 ¹

1389 3321 1543 3382 Qlaeaeritur,
1563 3319 1645 3353 Qiod
1665 3317 1765 3346 dicitur
1783 3318 1811 3344 in
1832 3318 1956 3345 oratione
1973 3320 2161 3354 numerosum,
2177 3321 2205 3348 id
2218 3328 2307 3349 vtrum
2321 3331 2339 3348 n
2354 3336 2364 3343 ιν

1389 3357 1417 3382 so
1429 3363 1474 3382 um
1487 3353 1630 3386 efficiatur,
1657 3363 1690 3382 311
1708 3353 1788 3381 etiam
1807 3354 1849 3380 vel
1870 3354 2061 3390 compositione
2085 3357 2198 3391 quadarn
2212 3357 2254 3385 vel
2268 3367 2318 3393 gen
2340 3371 2357 3385 nv

1388 3391 1486 3419 borum
1501 3400 1506 3417 :
1541 3399 1575 3418 an
1593 3390 1630 3417 est
1649 3389 1723 3417 stium
1744 3389 1890 3424 cuiusque,
1909 3396 1938 3417 vt
1955 3399 2081 3418 numerus
2094 3392 2259 3427 interuallis,
2277 3402 2334 3421 com
2343 3406 2358 3424 μ,

1388 3426 1519 3459 vocibus,
1546 3435 1628 3461 genus
1639 3426 1725 3461 ipsum
1737 3424 1882 3453 verborum
1894 3426 1966 3461 quasi
1981 3427 2110 3462 quaedam
2124 3429 2211 3456 fornia
2225 3435 2251 3456 et
2268 3430 2361 3462 lum-151

1390 3463 1472 3490 tionis
1487 3469 1608 3497 appareat
1622 3470 1628 3487 ε
1663 3461 1881 3497 sitqueomnium
1894 3463 1954 3489 fons
1965 3463 2139 3498 compositio,
2154 3473 2185 3490 ex
2198 3473 2280 3500 eaque
2297 3464 2324 3492 01
2347 3474 2357 3488 =÷

1390 3508 1436 3539 rus
1447 3496 1577 3525 efficiatur
1589 3505 1634 3525 etc.
2294 3497 2298 3500 ’
2333 3495 2335 3498 ⁴

1389 3540 1447 3562 tati.

1388 3569 1482 3597 rietate
1497 3568 1740 3601 abundantiffimus‚
1746 3573 1772 3595 et
1785 3568 1839 3603 ipsa
1853 3569 2045 3604 compositione
2057 3569 2203 3597 verborum
2216 3581 2270 3599 non
2286 3573 2334 3599 im
2345 3560 2365 3592 ¹³7³
2387 3573 2397 3600 JJ
2418 3579 2419 3582 ’

1388 3605 1485 3633 Verbis
1500 3605 1539 3632 vti
1553 3604 1585 3633 ad
1598 3610 1685 3640 aptam
1698 3603 1915 3639 compositionem
1926 3610 1952 3631 ct
1960 3605 2155 3632 condecentiam
2176 3607 2231 3634 Cic.
2239 3607 2271 3635 de
2278 3600 2352 3640 Orat-v

1390 3640 1552 3668 Diffimulata
1565 3639 1723 3676 compositio
1735 3639 1918 3667 iucundissima
1932 3640 2062 3674 Quinem.
2075 3649 2105 3674 4,
2117 3649 2143 3674 2,
2159 3647 2206 3672 118.
2392 3659 2403 3668 =‚

1389 3685 1434 3710 ra,
1452 3676 1623 3709 Effeminata,
1642 3676 1754 3703 Eneruis
1773 3675 1883 3710 Quin&
1897 3685 1926 3709 4,
1939 3684 1966 3709 9,
1981 3683 2036 3710 142.
2108 3676 2205 3711 Lenis,
2225 3673 2356 3714 quadrata}
2418 3693 2419 3710 3

1731 3711 1983 3745 Orator-ifQiinfii.
1997 3719 2017 3746 1,
2032 3715 2055 3743 8,
2070 3719 2103 3743 13.
2145 3715 2225 3740 Locus
2237 3713 2345 3750 clqffim
2359 3711 2402 3742 '‘ft'
2417 3741 2419 3745 ,

1656 3747 1777 3774 Peccanu
1789 3755 1848 3773 com
1868 3747 1981 3773 ositione
2000 3747 2130 3780 Qiinetil.
2146 3758 2165 3782 1,
2180 3757 2203 3782 ς,
2216 3758 2252 3783 35.
2367 3745 2369 3747 ’
2387 3744 2389 3746 ’

1825 3755 1867 3815 Eji’
1881 3784 1953 3809 etiam
1965 3781 2145 3816 Compositio,
2164 3787 2202 3812 Di
2213 3783 2299 3813 cordia

1708 3497 1874 3532 Compositio
1886 3503 1942 3525 tota
1955 3498 2037 3525 seruit
2049 3499 2175 3533 grauitati
2189 3509 2284 3528 vocum
2298 3503 2342 3531 aut
2352 3511 2364 3523 ι’
2420 3491 2427 3525 1¹

1519 3534 1576 3561 Cic.
1590 3533 1623 3560 de
1636 3533 1710 3560 Orat.
1724 3540 1750 3566 2,
1765 3537 1793 3566 58
1807 3541 1829 3559 c.
1845 3541 1875 3566 14
1896 3534 1927 3560 Et
1940 3542 2030 3560 rerum
2049 3535 2125 3569 copia
2139 3542 2165 3561 et
2183 3536 2302 3564 sententi
2391 3551 2393 3556 ν
2426 3558 2429 3569 ‚

1425 3755 1456 3774 ve
1467 3747 1585 3774 diximus.

1397 3782 1482 3810 sarda
1498 3783 1607 3817 Quinet.
1622 3791 1649 3816 9,
1661 3791 1690 3815 4,
1703 3789 1755 3816 137.

1388 3854 1461 3882 mitti
1474 3860 1610 3889 oportere.
1679 3853 1720 3880 De
1731 3852 1922 3887 compositione
1933 3860 2010 3886 agere
2031 3854 2104 3882 Caes.
2118 3855 2149 3888 B.
2159 3856 2191 3883 C.
2211 3863 2232 3889 1,
2243 3857 2285 3883 26.

1739 3887 1827 3926 Pacis,
1850 3888 2007 3925 concordiae
2015 3908 2025 3923 ,
2044 3890 2244 3927 compositionis
2256 3889 2360 3920 ‘anfion
2400 3895 2412 3910 ·'··
