2474 4182
556 96 866 145 LATINIS,
900 91 1270 140 EORVMQVE
1321 92 1759 135 AVCTORIBVS.

81 204 167 240 intra
202 197 464 252 quadriennium
494 195 650 232 Venetiis
685 192 810 230 itidem
854 205 916 243 per
959 189 1108 229 eundern

82 253 319 302 Liechtenstcin
338 256 407 292 An.
422 251 466 289 se.
481 255 645 298 1487.-·7.
663 248 734 286 Cal.
749 251 835 285 Dec.
903 251 1033 308 Qiarta
1049 243 1109 279 de-

80 312 162 350 inde
178 311 294 348 Editio
324 314 503 360 procurata
528 312 600 342 erat
640 333 662 352 „
683 306 839 340 Venetiis
868 306 1009 352 ingemo
1039 310 1110 360 Bo-

82 395 105 415 „
123 380 147 404 N
162 380 181 402 E
197 380 218 404 Τ
238 381 251 403 1
271 377 322 402 Lo
334 377 353 399 c
368 376 388 399 A
406 375 428 398 T
443 374 461 398 ε
478 374 495 397 r.
510 373 528 396 1.
543 373 555 396 1
579 358 763 396 mandante
777 358 887 396 nobili
902 359 976 417 viro
985 357 1111 391 Domi-

84 451 108 470 „
123 434 171 459 no
192 434 244 459 oc
258 433 279 457 r
293 432 313 455 A
325 431 347 453 ν
363 431 374 453 ι
391 430 411 453 A
424 428 480 453 No
504 428 519 452 s
532 429 551 451 c
566 428 588 452 ο
604 428 626 451 Τ
642 428 665 452 o
692 416 770 452 ciue
796 406 1027 451 Modoetienfi
1051 420 1110 445 an-

85 506 108 525 „
127 489 174 514 no
193 472 311 512 natalis
325 472 472 509 Domini
491 482 589 520 1495·
620 482 655 507 12
675 470 841 509 Calendas
849 463 1071 504 Decembres.
1088 492 1110 510 „

86 534 248 569 Vertente
268 525 403 564 sacculo
421 539 438 562 r
452 540 471 562 E
487 539 523 562 T.
544 540 565 562 A
579 539 598 561 a
610 539 632 562 G
646 539 659 561 1
674 539 696 562 D
711 540 722 561 1
736 540 760 562 v
775 538 790 562 s
808 523 867 559 Vir
881 518 1111 565 dofiiffimus,

87 595 123 623 et
143 587 177 622 in
202 591 350 633 Vtroque
371 584 447 618 Iure
465 582 701 627 Licentiatus‚
719 574 906 617 catholicon
934 576 1025 623 typis
1048 576 1111 612 ite-

86 652 163 688 rum
178 634 375 683 commisit,
404 648 421 673 a
439 648 511 686 quo
532 635 579 672 sc.
595 633 729 686 clusium
738 629 867 686 prodiit
884 628 992 684 Lugd.
1010 630 1109 677 1506.

87 692 171 732 lbid.
187 692 304 730 denuo
328 689 586 741 perjAscenfium
605 702 694 739 1514.
752 686 933 725 Postremo
960 685 1111 736 denique

85 761 167 787 cum
186 746 251 784 hac
266 745 413 784 Rubrica
430 775 440 793 ‚
475 775 497 793 „
515 749 655 783 Summa
673 755 744 794 quae
759 740 972 779 Catholicon
994 738 1112 789 appel-

87 802 211 852 „latur
235 803 356 839 Fratris
378 800 547 846 ,Iohannis
569 795 737 845 Januenfis
767 797 851 834 sacri
878 795 1011 833 ordinis
1036 798 1112 856 Fra-

86 886 110 907 „
126 867 220 894 trum
235 856 502 894 Praedicatorum
522 866 629 904 nuper
647 850 818 890 Parrhifiis
840 851 998 900 diligenti
1019 850 1114 887 casti-

88 942 112 961 „
126 914 269 962 gatione
286 912 466 949 emendata
482 923 543 961 per
556 907 859 958 praestantiffimum
875 909 989 944 virum
1005 905 1113 953 magi-

87 996 111 1015 „
128 967 234 1009 strum
254 970 394 1005 Petrum
418 966 576 1014 Egidium
604 964 637 999 in
663 972 814 1013 utroque
837 965 919 1007 Jure
943 963 1114 998 Licentia-

86 1051 111 1070 „
126 1032 200 1060 tum
215 1051 225 1069 ‚
252 1035 318 1059 una
341 1018 551 1061 cumtmultis
577 1016 814 1056 additionibus
835 1027 913 1054 tum
938 1017 1117 1065 castigatis,

88 1105 111 1125 „
128 1086 205 1114 tum
221 1076 450 1126 plurimorum
468 1082 653 1123 poctarum
668 1073 844 1111 sententiis
856 1073 1018 1122 *apprime
1035 1083 1116 1120 pro-

87 1160 110 1181 „
126 1130 244 1182 positis
270 1128 423 1169 addurstis
439 1138 473 1166 et
490 1127 654 1178 probatis.
725 1130 881 1165 Necnon
903 1140 985 1165 cum
1010 1127 1115 1165 certis

88 1216 112 1234 „
126 1185 612 1224 annotationibusmemoratu
626 1183 750 1232 dignis,
760 1196 832 1234 quo
841 1181 972 1220 facilius
988 1194 1116 1233 ea‚que

89 1270 113 1290 ‚,
126 1251 325 1294 queruntur,
335 1239 526 1288 investigari
540 1239 669 1289 poffint
696 1252 721 1275 M
734 1253 754 1275 c
768 1253 788 1275 c
803 1252 822 1275 c
837 1252 856 1275 c
872 1252 891 1275 c
908 1251 931 1275 x
946 1251 982 1275 x.
998 1235 1060 1275 fol.

169 1314 271 1349 Suam
291 1318 437 1349 aetatem
460 1309 577 1359 prodit
593 1307 728 1349 Auster
752 1308 793 1346 ad
813 1306 977 1347 Catholici
998 1307 1115 1345 finem.

90 1396 115 1415 ,‚
128 1365 339 1406 Catholicon
367 1363 543 1413 (dicitur)
581 1376 627 1402 ex
643 1362 762 1401 'multis
779 1364 814 1401 <St
828 1362 966 1401 diversis
990 1360 1116 1401 dotto-

90 1450 113 1471 „
128 1435 205 1459 rum
222 1422 366 1458 texturis
383 1417 597 1456 elaboratum
619 1428 721 1470 atque
736 1427 945 1457 contextum
962 1433 969 1456 :
999 1419 1034 1456 oc
1049 1430 1114 1468 per

87 1503 110 1523 „
124 1474 231 1512 multa
250 1487 421 1513 annorum
442 1474 614 1512 curricula
635 1477 671 1511 in
687 1473 871 1512 millefimo
887 1505 897 1522 ‚
926 1471 1116 1511 ducentesi—

85 1558 110 1579 ,‚
127 1542 188 1568 mo
205 1559 216 1577 ‚
244 1527 477 1579 odiuagefimo
493 1559 504 1577 ‚
528 1528 628 1568 sexto
645 1541 737 1568 anno
752 1529 890 1568 domini
906 1531 1009 1567 nonis
1027 1541 1116 1566 mar-

88 1613 112 1633 „
128 1585 168 1622 tii
183 1584 226 1622 ad
245 1584 351 1622 finem
370 1584 477 1635 usque
491 1584 711 1634 perductum.
740 1615 762 1632 „
822 1587 935 1625 Cuius
950 1587 1035 1622 item
1061 1596 1118 1621 ae-

88 1641 168 1677 tatis
185 1647 303 1677 notam
319 1638 462 1677 exhibet
470 1639 559 1678 Cod.
576 1638 744 1678 Catholici
759 1643 833 1677 MS.
850 1642 887 1678 in
897 1639 1118 1678 Bibliotheca

87 1695 193 1743 Regis
201 1694 484 1733 Christianiffimi.
537 1693 673 1733 Au&or
687 1705 759 1734 erat
771 1710 783 1733 1
798 1710 820 1732 o
835 1710 856 1733 A
869 1709 893 1732 N
905 1710 929 1733 N
941 1710 960 1733 E
976 1709 991 1733 s
1013 1710 1030 1733 B
1045 1710 1065 1732 A
1082 1709 1120 1732 L-

92 1762 112 1786 u
127 1763 151 1787 ν
164 1763 195 1797 s,
209 1749 322 1788 nobili
337 1748 419 1789 loco
435 1759 534 1788 natus
549 1750 640 1800 apud
657 1751 871 1799 Genucnses,
896 1750 1005 1788 literis
1021 1753 1121 1787 iuxta

88 1812 125 1854 et
140 1807 267 1854 pietate
285 1804 390 1854 longe
407 1803 655 1850 celeberrimus
671 1832 682 1846 ‚
717 1807 779 1856 qui
803 1805 902 1840 aliter
923 1812 958 1840 et
975 1803 1120 1852 quidem

85 1858 219 1909 strepitis
253 1859 380 1897 dicitur
401 1872 625 1895 10ANNES
661 1869 721 1896 DE
745 1871 793 1894 1A
809 1871 930 1903 NVA,
958 1856 1016 1893 seu
1050 1869 1119 1891 1A-

89 1927 117 1952 N
129 1928 153 1951 v
167 1928 186 1952 ε
201 1927 227 1951 Ν
241 1926 258 1951 s
271 1927 285 1950 1
299 1927 314 1951 s
333 1913 390 1962 a).
419 1914 467 1949 Ita
484 1913 579 1949 enim
588 1909 780 1948 Catholicon
795 1913 829 1944 in
840 1912 958 1944 Ianua.
989 1935 1011 1953 „
1028 1910 1116 1942 Item

90 1996 116 2016 2,
134 1979 152 2004 a
175 1971 281 2012 Janua
302 1976 401 2016 porta
424 1964 536 2001 dietus
559 1963 606 2053 {l
627 1964 732 2006 Janua
753 1958 793 2009 b)
821 1961 972 2012 quedam
995 1962 1117 1997 civitas

88 2049 113 2067 ‚,
127 2030 254 2069 potens
267 2048 278 2066 ,
311 2017 439 2056 nobilis
456 2046 467 2064 ,
491 2015 573 2066 pulc
601 2028 636 2054 ra
650 2015 686 2053 Gt
701 2015 797 2053 dives
814 2016 908 2062 iuxta
933 2028 1028 2054 mare
1051 2013 1121 2063 fita,

88 2102 114 2122 ‚‚
129 2074 164 2112 ἀ
181 2073 228 2110 est
243 2071 333 2126 quasi
356 2074 520 2110 introitus
537 2071 573 2109 &
585 2079 685 2120 porta
699 2069 911 2109 Lombardie
926 2101 936 2119 ‚
963 2071 1095 2109 Tuscie
1111 2100 1122 2118 ‚

86 2159 114 2179 v
129 2130 322 2167 Provincie.
376 2125 497 2174 Huius
518 2124 672 2166 cisstatis
689 2126 860 2164 oriundus
877 2123 945 2172 fuit
960 2125 1121 2177 conpila-

87 2212 114 2232 ‚,
129 2192 186 2221 tor
199 2183 364 2234 presentis
381 2181 511 2230 libelli,
528 2183 588 2233 qui
605 2181 731 2219 dicitur
743 2179 906 2232 prosodia
921 2181 975 2219 vel
990 2181 1123 2220 Catho-

86 2237 234 2288 „licom
250 2236 457 2288 Conpilator
483 2232 651 2289 siquidem
677 2237 774 2275 istius
797 2238 914 2287 operis
939 2235 1052 2275 dietus
1075 2237 1123 2275 est

87 2292 226 2343 „frater
249 2293 420 2332 Iohannes
443 2290 610 2330 lanuenfis
636 2293 679 2329 de
699 2291 814 2330 Balbis
841 2292 885 2330 de
910 2292 1034 2329 ordine
1059 2290 1125 2330 sra-

94 2376 118 2396 „
135 2348 230 2387 trum
250 2347 506 2398 predicatorum
523 2347 703 2395 modicus,
730 2349 790 2399 qui
806 2349 919 2385 eciam
934 2346 1126 2397 compilavit

90 2430 116 2452 ‚‚
129 2402 236 2442 alium
252 2403 409 2441 libellum
425 2405 462 2455 in
479 2402 672 2452 theologia,
682 2404 743 2454 qui
758 2402 885 2449 dicitur
901 2402 1067 2452 dyalogus
1085 2400 1129 2440 de

95 2459 372 2510 „questionibus
401 2461 515 2497 anime
541 2458 583 2496 ad
598 2459 756 2508 spiritum
772 2487 784 2505 ‚
821 2459 882 2508 qui
905 2460 1010 2495 etiam
1029 2471 1129 2496 com-

94 2541 124 2562 U„
140 2513 255 2562 posuit
273 2512 452 2564 quoddam
475 2514 565 2564 otkis
579 2512 728 2564 pascale,
743 2511 807 2550 ubi
829 2513 872 2550 sc.
888 2512 931 2551 de
955 2511 1048 2551 facili
1074 2526 1127 2550 re-

102 2596 127 2616 „
142 2569 277 2617 peritur
293 2567 430 2619 pascha.
499 2567 566 2605 Sed
586 2568 657 2606 hoc
675 2581 766 2619 opus
781 2567 915 2619 pascale
938 2564 1125 2618 conposuit

94 2651 121 2671 ,,
135 2630 318 2674 antequam
334 2623 494 2662 ordinem
511 2624 662 2661 intraret.
683 2623 710 2672 '„
740 2666 742 2668 v
763 2626 832 2664 Cui
850 2624 1019 2662 consonat
1036 2627 1123 2674 Suff-

94 2675 201 2728 plem.
215 2676 381 2716 Chronie.
402 2676 604 2732 laaPhilip.
621 2678 843 2733 Bergomenfis
866 2678 907 2717 ad
917 2681 1007 2718 A.C.
1019 2676 1119 2728 1290ss

96 2760 121 2781 ,‚
132 2734 280 2777 Joanues
294 2731 418 2771 Balbus
439 2735 581 2771 natione
601 2733 803 2789 Genuenfis‘
816 2735 948 2774 ordinis
962 2735 1118 2772 Predica-

97 2815 122 2836 „
136 2795 254 2825 torum
269 2786 454 2838 professor,
479 2790 532 2826 vir
549 2787 720 2827 bonarum
738 2791 863 2828 artium
881 2789 916 2827 ἃ
928 2789 1044 2827 studiis
1058 2789 1117 2828 ad-

96 2868 122 2889 „
134 2851 294 2892 ornatus,
319 2856 382 2894 per
398 2842 472 2884 hoc
490 2841 630 2899 tempus
645 2844 794 2896 plurIma
814 2842 1031 2885 vocabula&
1045 2843 1115 2884 fer-

1172 216 1196 236 „
1211 201 1267 225 me
1283 189 1402 225 omnia
1420 198 1578 226 accurate
1595 191 1850 245 diligenterque
1866 193 1902 230 in
1920 192 2088 230 volumen
2107 191 2214 230 colle-

1174 273 1197 290 „
1214 245 1265 292 git
1282 272 1292 289 ,
1320 243 1417 293 quod
1435 243 1579 294 quidem
1596 257 1685 294 opus
1702 249 1738 296 c)
1757 247 1970 286 Catholicon
1990 278 1999 295 ,
2024 250 2047 285 i.
2064 261 2094 284 e.
2128 250 2215 285 Uni-

1176 328 1198 346 „
1215 298 1343 335 versale
1359 300 1568 336 nominauit.
1628 299 1738 336 Aliud
1759 313 1917 350 praeterea
1942 302 2152 354 opusculum
2179 306 2215 339 in

1176 382 1197 401 ‚,
1213 352 1356 401 Dialogi
1395 353 1537 400 rodum,
1555 366 1628 404 quo
1655 355 1892 405 questionibus
1917 361 2037 395 animae
2052 357 2092 396 ad
2122 359 2216 407 spiri-

1176 437 1199 456 „
1217 419 1291 445 tum
1318 423 1335 445 e
1364 409 1436 446 idit.
1510 409 1767 460 Scripseratque
1798 410 1832 447 ὅ(
1855 422 1931 448 ante
1957 414 2137 461 religionis
2164 415 2217 449 in-

1176 493 1197 511 „
1214 463 1360 512 gressum
1376 464 1418 500 de
1435 466 1569 501 ratione
1585 464 1682 513 pasce
1699 494 1709 511 ‚
1745 478 1817 515 quo
1832 466 2013 514 completo
2031 471 2096 514 jam
2116 480 2215 516 grau-

1177 548 1198 566 „
1216 519 1329 556 daevus
1351 518 1392 555 ad
1418 519 1625 567 religionem
1655 518 1815 557 transiens
1840 518 2019 559 facultates
2042 522 2115 560 suas
2139 525 2217 561 satis

1177 603 1200 623 „
1218 573 1348 627 amplas
1367 574 1578 623 pauperibus
1603 577 1769 623 erogavit.

1264 659 1281 681 B
1296 658 1317 681 A
1334 659 1351 680 L
1366 658 1383 681 B
1398 658 1422 682 v
1436 659 1461 681 M
1489 643 1671 682 aridiorem
1696 645 1851 683 nostrum
1877 644 1997 684 multis
2026 650 2218 696 praeconiis

1177 699 1402 737 honestarunt
1418 730 1428 747 ‚
1465 702 1530 751 qui
1545 702 1718 748 Ligurum
1743 713 1796 737 res
1815 710 1849 738 et
1868 700 2027 738 historias
2044 701 2191 739 tractant
2209 734 2220 751 ‚

1178 755 1234 792 vel
1259 755 1302 792 de
1319 756 1453 792 Ordine
1469 756 1751 794 Praedicatorum
1775 756 1966 807 quidquam
1992 756 2100 793 literis
2126 769 2221 794 man-

1180 810 1305 847 darunt
1320 808 1376 859 d)
1449 813 1586 848 Praeter
1603 810 1718 848 laudes
1736 824 1819 862 quas
1845 812 2039 860 exscriptis
2067 812 2221 863 vndique

1179 868 1372 915 reportauit
1387 895 1397 912 ‚
1434 879 1471 903 ea
1487 875 1559 903 erat
1585 879 1728 904 morum
1754 864 1960 916 nuditate,
1989 878 2025 903 vt
2048 869 2081 904 in
2100 881 2223 905 nume·
2257 903 2260 912 ,

1180 920 1467 959 ωιῃΞῑιηέἶοῑωῃ
1478 934 1585 970 paene
1596 920 1716 958 referri
1730 922 1915 958 videretur.
1975 936 1995 959 E
2009 935 2030 959 R
2047 937 2065 959 A
2083 936 2098 959 s
2111 937 2137 959 M
2153 936 2174 959 ν
2191 936 2223 970 s,

1181 978 1241 1027 qui
1260 975 1318 1013 fibi
1346 977 1382 1013 in
1407 977 1442 1013 id
1468 976 1581 1023 solum
1607 986 1705 1014 natus
1729 976 1794 1013 effe
1819 976 2023 1024 videbatur,
2042 987 2079 1014 vt
2101 977 2224 1016 Barba.-

1180 1033 1270 1068 riem
1286 1030 1485 1079 debellaret,
1495 1030 1625 1083 vbique
1640 1030 1713 1070 fere
1730 1031 1911 1069 aridiorem
1926 1033 2082 1070 nostrum
2098 1035 2224 1070 misere

1179 1086 1383 1136 proscindit.
1445 1114 1468 1133 „
1505 1090 1622 1124 Deum
1647 1087 1887 1125 Immortalem
1911 1088 1917 1124 !
1962 1089 2060 1141 Qas
2086 1090 2224 1125 naenias

1180 1169 1203 1190 ‚,
1221 1142 1363 1190 adducit
1379 1141 1513 1180 Auctor
1530 1142 1747 1181 Catholicon
1767 1143 1810 1180 de
1826 1144 1891 1180 hac
1915 1156 2004 1180 voce
2024 1141 2224 1198 Trzflrgonl

1182 1198 1253 1246 „O
1269 1198 1435 1235 miserum
1453 1197 1539 1235 illud
1562 1198 1737 1235 laeculum
1760 1198 1766 1235 l
1808 1211 1918 1249 quum
1943 1211 1988 1234 ex
2017 1198 2225 1236 huiusmodi

1182 1281 1205 1301 „
1221 1251 1319 1289 libris
1332 1252 1427 1290 velut
1440 1266 1483 1291 ex
1494 1253 1601 1303 adytis
1612 1252 1821 1303 petebantur
1842 1253 1982 1291 oracula
1993 1253 2183 1291 literarum.
2202 1283 2225 1301 „

1181 1308 1222 1345 ad
1232 1306 1441 1358 AstApost.
1459 1320 1517 1355 20,
1539 1322 1573 1357 9.
1632 1338 1653 1356 „
1671 1312 1739 1346 Iam
1758 1317 1889 1360 quanto
1904 1307 2081 1357 insulsius,
2110 1310 2225 1346 immo

1179 1363 1463 1413 „impudentius
1480 1363 1603 1402 delirat
1620 1363 1721 1414 super
1739 1363 1805 1401 hac
1815 1377 1905 1402 vorce
1934 1362 2104 1412 (Melota)
2131 1366 2225 1415 quis-

1176 1447 1199 1467 „
1216 1421 1294 1471 quis
1310 1417 1379 1456 fuit
1393 1417 1515 1456 aucstor
1537 1422 1655 1469 operis
1675 1422 1839 1457 omnium
1865 1417 2110 1465 indots'tiffimi,
2128 1419 2225 1470 quod

1179 1503 1203 1522 ,,
1221 1483 1349 1513 vocant
1364 1474 1581 1515 Catholicon
1600 1474 1606 1511 !
1636 1504 1659 1523 „
1695 1474 1737 1513 ad
1753 1475 1856 1525 Epist.
1875 1474 1915 1513 ad
1932 1473 2041 1512 Hebr.
2059 1488 2099 1523 11,
2117 1487 2171 1525 37.

1262 1545 1476 1595 Composuit
1495 1558 1508 1582 1
1520 1560 1538 1582 A
1551 1558 1576 1582 N
1587 1559 1611 1582 ν
1624 1559 1644 1582 E
1658 1559 1683 1594 N
1696 1559 1711 1582 s
1725 1560 1737 1582 1
1748 1558 1763 1583 s
1788 1555 1923 1594 praeter
1945 1558 2051 1595 opera
2069 1546 2227 1595 superius

1182 1601 1323 1638 recitata
1347 1630 1357 1648 ‚
1394 1600 1565 1639 Postillam
1583 1603 1618 1638 in
1635 1610 1787 1652 quatuor
1804 1599 2010 1650 Euangeha,
2035 1601 2227 1638 secundum

1183 1655 1477 1695 consuetudinem
1500 1655 1745 1693 Scholasticam
1764 1685 1775 1702 ,
1812 1656 1922 1694 hodie
1954 1657 2129 1693 visendam
2154 1659 2227 1694 Ge·
2276 1666 2279 1671 ’

1185 1723 1274 1749 nuae
1298 1713 1334 1747 in
1356 1709 1576 1746 Bibliotheca
1591 1710 1802 1745 Conuentus
1815 1713 1975 1747 Fratrum
2005 1712 2227 1748 Praedicato-

1187 1778 1266 1801 rum
1286 1762 1338 1811 e).
1402 1764 1495 1799 Cum
1510 1771 1627 1799 autem
1646 1776 1664 1798 c
1680 1776 1701 1799 A
1716 1776 1738 1798 τ
1753 1776 1776 1798 H
1792 1775 1813 1799 o
1829 1777 1847 1799 L
1863 1777 1875 1799 1
1891 1778 1910 1800 c
1925 1778 1947 1800 0
1959 1778 1984 1801 N
2008 1777 2080 1801 non
2098 1775 2167 1802 tam
2183 1765 2228 1801 de

1184 1819 1331 1866 proprio
1350 1814 1527 1852 confecit1
1541 1830 1561 1851 A
1578 1829 1603 1851 N
1617 1829 1640 1852 ν
1653 1829 1673 1852 E
1687 1829 1712 1851 N
1727 1829 1741 1852 s
1756 1830 1769 1852 1
1783 1830 1813 1862 s,
1830 1829 1934 1866 quam
1951 1830 1996 1853 ex
2011 1817 2152 1854 diuerfis
2169 1831 2228 1855 au-

1183 1869 1341 1905 &oribus
1351 1869 1606 1907 consarcinauit
1619 1896 1628 1910 ,
1656 1871 1813 1920 maxime
1829 1879 1947 1907 autem
1965 1884 2010 1908 ex
2022 1886 2039 1908 P
2055 1886 2075 1908 A
2090 1887 2108 1910 P
2123 1887 2135 1909 1
2151 1887 2172 1909 A
2192 1882 2228 1909 et

1185 1935 1210 1959 H
1223 1936 1247 1959 ν
1260 1937 1282 1959 G
1297 1936 1320 1960 ν
1335 1936 1357 1959 Τ
1371 1937 1385 1960 1
1399 1937 1421 1960 o
1435 1937 1460 1960 N
1475 1938 1494 1960 E
1516 1954 1526 1972 ‚
1555 1924 1670 1961 visum
1685 1925 1733 1961 est
1748 1925 1984 1973 necessarium,
2001 1939 2110 1976 pauca
2127 1928 2169 1964 de
2186 1930 2227 1966 iis

1188 1991 1202 2014 1
1217 1991 1236 2014 A
1247 1990 1270 2014 Ν
1283 1992 1307 2016 ν
1321 1992 1340 2015 Ε
1355 1991 1380 2015 Ν
1396 1991 1412 2016 s
1427 1993 1440 2015 1
1467 1978 1650 2018 adnectere
1665 2009 1675 2026 ‚
1715 1992 1760 2017 ne
1775 1979 1830 2018 vel
1849 1981 2047 2019 videremur
2065 1983 2226 2021 Vocabu-

1186 2031 1277 2070 listas
1300 2033 1444 2076 istorum
1462 2043 1667 2085 temporum
1693 2035 1834 2085 prorsus
1849 2036 2026 2086 negligere
2043 2068 2054 2087 ‚
2089 2038 2142 2076 vel
2165 2052 2226 2076 co-

1186 2090 1370 2181 {amurdin
1396 2089 1494 2128 istam
1522 2088 1614 2142 quali
1643 2090 1813 2129 sentinam
1836 2091 2042 2131 Barbarisini
2071 2095 2226 2144 penitius

1213 2143 1312 2182 escen
1338 2156 1406 2184 ere.
2107 2157 2110 2159 “

1623 2216 1796 2271 Papias.

1273 2306 1292 2330 P
1306 2308 1327 2331 A
1341 2307 1359 2332 P
1372 2307 1386 2331 1
1398 2308 1419 2332 A
1433 2307 1449 2332 s
1479 2295 1622 2334 natione
1646 2296 1869 2336 Lombardus
1881 2327 1893 2344 ‚
1929 2311 2035 2350 quem
2060 2311 2144 2337 cum
2167 2298 2226 2337 alii

1189 2348 1236 2402 ¹ad
1253 2362 1266 2385 1
1279 2362 1298 2385 A
1309 2362 1335 2385 Ν
1347 2363 1370 2386 ν
1382 2363 1401 2386 E
1413 2363 1437 2386 Ν
1450 2363 1465 2387 s
1477 2364 1490 2387 1
1503 2364 1518 2387 s
1532 2360 1691 2393 ¹aetatem
1707 2355 1939 2403 compingunt
1955 2383 1966 2401 ‚
1999 2353 2054 2391 alii
2071 2368 2144 2392 non
2159 2357 2226 2392 mi-

1191 2416 1258 2441 nus
1273 2404 1396 2442 inscite
1411 2418 1483 2443 vno
1497 2414 1632 2444 tantum
1650 2407 1790 2446 saeculo
1807 2410 1979 2446 maiorem
1996 2408 2149 2456 faciunt,
2173 2411 2226 2448 in·

1191 2467 1244 2496 ter
1261 2471 1351 2510 quos
1371 2473 1393 2497 Τ
1407 2474 1429 2498 R
1442 2474 1455 2498 1
1471 2474 1493 2497 T
1506 2475 1531 2498 H
1545 2476 1564 2499 Ε
1578 2476 1605 2499 Μ
1618 2476 1630 2498 1
1643 2476 1669 2499 v
1680 2476 1696 2499 s
1719 2463 1763 2500 de
1779 2465 1942 2513 Scriptor.
1960 2464 2086 2502 Eccles.
2102 2478 2132 2503 c.
2149 2477 2223 2514 413.

1192 2527 1210 2551 P
1224 2528 1242 2551 L
1256 2529 1278 2551 A
1295 2528 1317 2551 Τ
1333 2529 1347 2552 1
1358 2528 1383 2551 N
1396 2529 1417 2552 A
1434 2518 1471 2553 in
1485 2518 1555 2553 vita
1570 2520 1770 2556 Innocentis
1785 2521 1878 2556 tertii
1896 2521 1930 2555 P.
1947 2522 2000 2559 Μ.
2019 2534 2039 2556 c
2054 2534 2076 2557 o
2089 2534 2110 2557 R
2123 2533 2148 2557 N
2162 2535 2180 2558 ε
2193 2534 2223 2558 L.

1191 2583 1213 2606 A
1234 2581 1253 2606 B
1268 2583 1288 2606 E
1302 2583 1326 2606 ν
1339 2583 1362 2607 G
1375 2584 1411 2607 Η.
1427 2572 1463 2608 in
1479 2571 1651 2621 opusculo
1669 2573 1713 2610 de
1728 2572 2224 2626 incunabulisTypographiae

1187 2635 1222 2661 et
1248 2639 1346 2662 1AC.
1374 2639 1501 2663 PHIL.
1530 2640 1890 2666 BERGOMENSIS
1917 2629 1959 2666 ad
1984 2632 2030 2668 A.
2056 2633 2095 2669 C.
2130 2643 2222 2680 1199.

1169 2675 1233 2716 'Ita
1249 2681 1344 2717 enim
1360 2679 1419 2718 ille
1435 2694 1443 2718 :
1472 2710 1494 2728 „
1512 2683 1649 2732 Papias,
1663 2685 1805 2722 natione
1814 2683 2091 2733 Lonibardus,in
2102 2683 2223 2724 Latina

1182 2763 1206 2782 „
1221 2746 1261 2772 ac
1277 2737 1413 2774 Graeca
1427 2738 1562 2784 Lingua
1583 2740 1721 2787 egregie
1737 2737 1863 2778 doetus
1880 2753 1943 2789 per
1959 2741 2046 2778 haec
2063 2751 2223 2791 tempora

1178 2819 1201 2837 „
1217 2791 1349 2838 floruit,
1366 2800 1402 2828 et
1421 2791 1530 2830 multa
1545 2794 1755 2843 composuit.
1809 2797 1853 2831 Et
1869 2797 1961 2832 inter
1978 2805 2109 2833 caetera
2125 2809 2223 2845 prae-

1176 2874 1201 2894 „
1216 2854 1268 2883 ter
1289 2848 1413 2886 Latina
1441 2846 1610 2886 vocabula
1622 2877 1633 2895 ,
1660 2862 1747 2901 quae
1782 2849 1967 2899 diligenter
1994 2851 2031 2887 in
2057 2850 2223 2889 ordinem

1313 2899 1335 2939 f
2101 2931 2126 2953 „
2136 2904 2222 2958 ¹red->

134 3003 167 3034 a)
186 2999 317 3030 Confusus
329 3011 390 3032 curn
400 3001 516 3033 Antonio
528 3001 649 3044 Iameenfi
657 3003 724 3035 Ord.
733 3006 756 3035 S.
768 3005 918 3041 Augustini,
931 3005 979 3043 qni
997 3003 1121 3034 interfuit
1136 3004 1328 3034 Constantienfi
1340 2996 1470 3034 'Concilio
1492 3011 1563 3042 1418-
1590 3015 1605 3034 a
1621 3005 1662 3035 Cl.
1680 3005 1787 3044 lamesto
1806 3008 1835 3035 in
1850 3005 1947 3043 Eeloga
1959 3007 2032 3035 MSS.
2046 3005 2133 3036 Codd.
2151 3008 2222 3037 Oxu-

179 3041 242 3069 m'o·
251 3041 461 3085 Cantabrigietfi.
503 3046 572 3073 Cum
585 3040 677 3074 Rei-obv
693 3042 830 3084 lennensi,
845 3046 897 3074 siue
911 3045 945 3077 de
957 3046 1112 3085 Vorogine,
1127 3046 1237 3074 Ordinis
1250 3043 1345 3074 itidem
1360 3048 1481 3075 Fratrum
1497 3046 1713 3076 Praedicatorum
1728 3068 1736 3082 ‚
1758 3048 1888 3076 Genuenfi
1901 3047 1997 3075 deinde
2011 3047 2221 3087 Archiepiscopo

136 3111 137 3114 Ἴ
174 3081 210 3109 ab
225 3081 328 3110 Oudino
339 3083 368 3111 in
381 3084 570 3125 Supplemento
591 3085 624 3114 de
637 3082 815 3125 Scriptoribus
828 3085 1002 3114 Ecclefiassicis
1021 3096 1036 3114 u
1051 3087 1208 3123 Bellqrmino
1228 3087 1325 3115 omiffis
1341 3097 1368 3126 p.
1383 3092 1436 3122 561.
1458 3097 1538 3125 quem
1554 3097 1676 3116 errorem
1700 3089 1729 3115 in
1744 3087 1828 3127 plenis
1849 3089 2050 3121 commentariis
2068 3088 2105 3116 de
2125 3089 2221 3117 iisdem

177 3121 357 3160 scriptoribus
369 3133 476 3154 “uocat
483 3127 570 3154 Tom.
579 3136 600 3160 3.
614 3137 639 3166 p.
653 3135 712 3164 377.
752 3129 836 3155 Caute
850 3127 915 3155 item
927 3126 1124 3163 distinguendus
1138 3138 1151 3155 a
1168 3127 1271 3155 Simone
1287 3126 1422 3164 lanueifi‚
1438 3129 1485 3167 qui
1497 3128 1708 3157 vocabularium
1721 3138 1829 3166 quoque
1843 3127 2001 3166 compilauit
2012 3148 2022 3163 ,
2048 3126 2081 3156 de
2095 3139 2151 3168 quo
2169 3138 2220 3157 nos

174 3160 250 3191 aiibi.
330 3165 431 3194 Contra
443 3165 512 3201 male
531 3165 666 3203 distinguit
683 3167 837 3204 Iannmsrm
856 3168 973 3196 nostrum
995 3178 1009 3196 a
1026 3168 1144 3196 lahanue
1154 3166 1195 3196 ,de
1212 3168 1300 3196 Genua
1311 3166 1464 3207 Ambrosius
1480 3168 1515 3197 de
1529 3168 1598 3198 Alta
1611 3169 1696 3198 Mum
1709 3167 1836 3196 Biblioth.
1851 3167 2018 3198 Dominican.
2040 3180 2066 3208 p.
2082 3177 2134 3204 13³.-
2147 3171 2174 3198 b.
2192 3175 2220 3198 et

176 3213 233 3240 50¹·
246 3213 270 3232 a.
304 3205 430 3242 Imperite
441 3204 556 3234 distrahit
568 3207 596 3235 in
609 3215 727 3246 quatuor
741 3206 905 3237 Bibliotheca
920 3207 1033 3237 Siinlero
1043 3209 1172 3236 -Frisiana
1186 3226 1195 3243 -,
1216 3207 1248 3237 sc.
1264 3209 1293 3236 in
1306 3208 1448 3238 Iohannem
1462 3208 1575 3238 Balbum
1588 3229 1597 3244 ,
1619 3209 1762 3237 Iohannem
1776 3208 1951 3245 Gemaeusbm,
1972 3209 2116 3247 Iohannem
2130 3211 2164 3238 de
2178 3211 2220 3238 Ia-

245 3250 273 3272 et
287 3243 430 3272 Iohannem
444 3245 599 3285 Ianuagsemss
676 3248 704 3283 h)
724 3251 765 3277 Ita
780 3249 938 3288 posteriores
951 3257 1065 3288 coepere
1078 3248 1155 3287 loqui
1173 3259 1224 3288 pro
1235 3249 1336 3284 Genua,
1355 3251 1463 3278 ciuitate
1476 3251 1607 3286 Ligurum
1627 3249 1765 3285 magnifica
1785 3254 1812 3276 et
1827 3247 1950 3288 superba.
1998 3250 2048 3278 Sed
2070 3260 2131 3278 cum
2146 3248 2219 3289 apud

178 3286 305 3322 antiquos
321 3283 425 3323 semper
440 3285 530 3314 Genua
543 3285 747 3325 proferebantur,
767 3285 914 3318 futiliffima
925 3291 978 3318 trit
991 3289 1114 3318 Auctoris
1132 3289 1216 3317 nostri
1229 3289 1408 3327 etymologia.
1449 3292 1612 3329 Quanquam
1628 3298 1712 3327 neque
1727 3288 1799 3316 istius
1813 3292 1898 3324 gentis
1915 3290 2046 3319 historicis
2067 3290 2160 3329 potior
2175 3289 2221 3318 ad—

176 3324 230 3354 huc
244 3324 296 3353 fuit
309 3334 455 3364 comperta.
497 3346 517 3360 „
530 3327 605 3356 Vnde
617 3328 670 3358 hoe
686 3338 787 3358 nomen
800 3329 896 3357 habeat
911 3329 1018 3358 dudini-n
1039 3330 1126 3363 (Vrbs
1144 3330 1251 3365 Genua)
1279 3337 1366 3370 neque
1381 3338 1550 3371 compertum
1574 3328 1762 3369 quaerentibus
1777 3331 1814 3358 est
1826 3352 1838 3366 ‚
1866 3340 1954 3369 neque
1969 3341 2028 3358 cum
2040 3341 2140 3367 magno
2158 3329 2219 3359 vllo

176 3374 198 3400 ,3
211 3366 272 3394 sane
287 3375 386 3403 operae
400 3366 489 3406 pretio
504 3367 649 3405 quaeritur.
687 3370 760 3398 Nam
772 3379 840 3408 quae
854 3369 886 3397 de
901 3371 963 3398 lano
982 3372 1112 3405 Troiano,
1133 3378 1160 3399 et
1174 3370 1206 3399 de
1221 3370 1308 3399 altero
1323 3373 1388 3400 Iano
1398 3372 1493 3406 Genio,
1507 3373 1580 3407 Rege
1598 3368 1689 3398 Italiae
1704 3389 1713 3404 ,
1733 3379 1762 3398 ac
1775 3369 1808 3399 de
1822 3371 1913 3399 Genuo
1926 3371 2046 3410 quodam
2060 3379 2087 3399 et
2098 3371 2220 3399 Germino

175 3425 197 3442 ,‚
209 3404 335 3433 nonnulli
350 3405 533 3442 somniarunt,
549 3417 581 3435 ea
595 3417 681 3446 neque
694 3409 755 3443 vllis
769 3411 846 3438 certis
861 3410 1029 3440 historiarum
1041 3413 1240 3447 monumentis,
1252 3413 1349 3450 quibus
1363 3413 1476 3448 stemus,
1494 3411 1638 3441 traduntur
1653 3431 1661 3445 ‚
1689 3419 1719 3438 ac
1736 3420 1770 3439 ne
1783 3411 1936 3440 a'vetenim
1954 3411 2062 3450 quidem
2077 3413 2220 3440 Poetarum

179 3464 201 3481 „
215 3445 311 3475 fabulis
327 3454 478 3476 narrantur.
639 3447 714 3477 Inter
727 3458 829 3479 caetera
844 3450 926 3486 igitur
944 3449 1070 3481 vetustate
1085 3451 1253 3490 incomperta
1267 3473 1276 3487 ,
1305 3452 1382 3486 causa
1395 3457 1505 3491 quoque
1521 3448 1636 3481 nominis
1653 3451 1758 3479 nostrflc
1771 3452 1886 3480 ciuitatis
1901 3452 1954 3480 erit
1967 3463 1975 3485 3
2001 3454 2154 3490 qums-{llam
2167 3456 2219 3488 080

147 3498 154 3523 ,’
178 3505 200 3521 υ
213 3485 300 3515 ῙΜῢ
316 3496 370 3514 '¹0¹²
382 3487 485 3526 potrum
497 3507 506 3522 ³
527 3488 592 3526 quin
626 3498 674 3516 u²e
689 3487 891 3539 tacitgcogiiati
908 3495 910 3497 ’
932 3500 998 3531 sepe
1014 3492 1148 3521 volutauit
1163 3494 1300 3527 animum,
1321 3503 1380 3521 eam
1390 3495 1418 3521 in
1430 3493 1546 3521 medium
1559 3483 1702 3531 profera'm‚
1744 3490 1814 3520 Illud
1828 3493 1900 3520 inter
1911 3500 2004 3520 omnes
2017 3492 2141 3526 aridiores
2155 3502 2221 3520 con-

146 3551 148 3553 .
179 3546 200 3561 ‚‚
210 3527 262 3557 ssat
273 3545 282 3558 ⁴
302 3527 439 3563 Apennini
455 3528 562 3557 initium
578 3539 594 3556 a
607 3498 699 3558 genua
711 3526 795 3565 fieri}
814 3530 848 3560 ad
863 3491 971 3571 eassgue
985 3533 1079 3568 vrbem
1093 3531 1172 3572 Alpes
1188 3543 1249 3561 eum
1263 3535 1407 3572 Apennino
1427 3534 1559 3562 committi
1575 3550 1584 3566 ,
1603 3531 1631 3559 vt
1645 3542 1677 3560 eo
1688 3531 1768 3560 huius
1789 3533 1909 3569 regionis
1923 3542 1999 3571 pars,
2014 3531 2083 3570 q'uae
2095 3533 2134 3560 est
2148 3530 2220 3569 vltra

125 3603 127 3605 ι
148 3599 150 3601 ¹
179 3586 200 3601 ,,
212 3566 306 3594 vrbem
319 3567 454 3604 Genuam,
475 3569 585 3604 Ligures
597 3568 715 3608 Inalpini
727 3570 865 3598 vocentur.
911 3573 978 3607 Cum
991 3574 1074 3610 igitur
1090 3571 1144 3602 duo
1158 3574 1186 3601 hi
1203 3573 1372 3602 celeberrimi
1387 3573 1461 3601 orbis
1473 3579 1578 3601 montes
1597 3571 1626 3600 in
1639 3571 1768 3608 angurium
1782 3572 1818 3601 ad
1833 3573 1949 3601 Genuam
1965 3572 2098 3613 oppidum
2110 3573 2220 3604 coniun-

179 3625 200 3640 ,.
213 3614 320 3642 gantur,
339 3616 369 3635 ae
381 3604 497 3637 ferinam
511 3617 582 3645 genu
594 3609 726 3644 efficiant,
747 3609 819 3647 haud
833 3609 943 3645 omnino
956 3616 1052 3643 a‘vero
1065 3613 1184 3642 absimile
1197 3613 1249 3650 est,
1268 3614 1320 3642 hoc
1335 3613 1579 3653 oppidumaforma
1591 3619 1663 3649 genu
1671 3612 1781 3651 Ggmme
1794 3620 1895 3641 nomen
1908 3612 2042 3651 accepisse.
2060 3629 2083 3647 ³,
2111 3611 2219 3643 ,Vbera

181 3645 275 3675 min.
293 3647 530 3690 Gennetfi-Hfflir.
544 3647 592 3679 lib.
599 3661 618 3679 ι.
698 3656 722 3685 ι)
744 3649 900 3689 ίίιιΙωΙὶειιηζ
910 3642 997 3690 fredo
1016 3656 1121 3684 ratione
1136 3653 1382 3684 Grammaticalium
1396 3660 1446 3682 etc.
1469 3663 1536 3691 quae
1555 3654 1584 3682 in
1603 3662 1686 3693 opere
1709 3654 1890 3682 continentur.
1950 3655 1990 3682 Ita
2009 3651 2109 3692 scripsit
2123 3652 2220 3682 Psoi-ur

167 3686 373 3727 „Grammaticus
391 3689 515 3727 antiquus
526 3689 667 3731 §athalico-V
686 3690 731 3719 seu
743 3683 895 3730 praecepta*
923 3683 1131 3729 ³'‘ir‘itnaticali‘a,
1145 3695 1240 3733 quibus
1260 3693 1348 3723 lucem
1363 3694 1494 3722 dederunt
1506 3695 1538 3724 G.
1548 3693 1664 3723 Merula
1684 3700 1712 3722 et
1728 3695 1807 3722 lanus
1822 3691 1980 3729 Pari-imfim-
2073 3694 2114 3728 d)
2136 3691 2221 3721 Mich.

183 3721 339 3762 Gr'tfir'niam'
361 3727 432 3764 degli
443 3730 565 3758 scrittori
582 3732 672 3768 Liguri
694 3743 718 3770 p.
734 3741 786 3766 3¹2-
809 3733 829 3759 Ι.
846 3733 986 3769 ΒνιὲιξὲΙΙὶιις
1003 3734 1036 3763 de
1057 3730 1135 3764 elaris
1148 3736 1330 3773 Genuensibus
1350 3734 1421 3774 apud
1436 3734 1580 3763 Gracuium
1598 3732 1627 3762 in
1634 3732 1779 3762 Thesauro
1795 3731 1890 3771 Italiae
1897 3733 1984 3764 Tom.
1999 3741 2024 3762 's-
2046 3729 2220 3763 mountain

181 3763 469 3837 gigipzlllasprggenie
484 3770 511 3798 di
525 3772 576 3799 San
592 3773 742 3800 nomenico
762 3774 791 3800 in
806 3771 883 3801 naria
904 3771 921 3803 l.
934 3780 958 3804 a.
970 3777 997 3804 τῷ
1013 3785 1053 3810 99,
1085 3770 1185 3804 Lemni.
1201 3772 1327 3805 Albertm
1340 3775 1373 3803 de
1385 3775 1456 3803 Viris
1473 3773 1618 3804 illustribus
1633 3771 1743 3802 Ordinis
1758 3770 1985 3804 Praedicatoru'm.
2020 3774 2091 3803 Sia-t.
2107 3773 2221 3802 Semun-

204 3815 213 3832 ι
244 3814 272 3841 ¹Q
302 3828 308 3834 .
337 3817 369 3836 an
397 3819 420 3837 a.

499 3816 526 3844 e)
547 3811 656 3840 Tabula
668 3814 715 3841 issa
730 3813 774 3841 seu
790 3812 908 3847 syllabus
921 3807 1064 3855 Idffinerfis,
1086 3817 1115 3845 in
1129 3817 1152 3844 S.
1169 3818 1193 3845 Si
1207 3819 1236 3845 in
1249 3814 1453 3855 quamplurimis
1467 3814 1579 3852 Angline
1592 3814 1764 3844 Bibliothecis
1784 3812 1954 3850 delitescens,
1967 3815 2000 3844 se.
2014 3814 2128 3842 cantab.
2142 3813 2221 3842 Acad.

181 3843 256 3884 publ.
267 3843 337 3876 coli.
350 3849 381 3876 C.
394 3850 426 3878 C.
440 3857 467 3878 et
481 3849 536 3881 Bet.
550 3851 622 3880 Coll.
638 3855 756 3882 Merton.
771 3855 860 3882 Ox0n.
876 3861 937 3890 non¹
950 3853 992 3884 est*
1003 3858 1088 3887 nostri
1101 3854 1230 3898 Ianumfis
1244 3878 1255 3894 ,
1282 3856 1404 3896 νῃτὶιηὶε
1424 3862 1525 3885 temere
1545 3855 1635 3888 asserit
1649 3856 1766 3885 Oudinut
1784 3853 1803 3884 l·
1817 3864 1840 3884 c·
1860 3855 1907 3886 sed
1918 3856 2047 3889 Simonis,
2061 3864 2142 3894 quem
2161 3863 2221 3881 cum

179 3886 272 3914 nostro
287 3885 494 3930 Iohannesoties
514 3890 644 3920 confundi
662 3895 690 3921 in
711 3894 893 3933 superioribus
909 3891 1031 3934 diximus.
1322 3897 1326 3900 ⁹
1379 3897 1381 3899 ¹
1549 3895 1554 3899 ”
