2474 4182
51 58 104 98 49
458 34 687 79 A³CC
1547 32 1764 73 ACC
2140 50 2189 87 50

87 131 252 163 Accion,
271 129 326 161 idi,
346 129 431 161 isum,
450 136 494 155 ere
515 123 684 163 [περικόπτω]
703 132 732 149 ex
747 121 788 149 Ad
802 127 826 147 et
840 120 945 161 Caedo3
983 119 1086 147 caeden-
1177 118 1363 150 Acci‘rvs,
1384 119 1477 159 Partic.
1500 121 1743 155 [προσχεκλημέης]
1779 121 1931 162 Αῑςςῃῑως,
1950 130 2065 150 vocatus.
2113 126 2186 153 caefi

52 168 82 197 do
96 176 230 196 extenuare.
284 165 413 192 Accidunt
439 165 546 191 arbores
570 167 685 192 tantum,
706 164 735 185 vt
756 159 855 184 summa
877 158 972 192 species
995 165 1085 197 earum
1142 155 1172 194 Β..
1184 155 1216 180 G.
1232 159 1260 185 8,
1280 162 1304 195 3.¹
1327 162 1366 187 pr.
1401 155 1549 193 Ciuitates,
1571 166 1684 192 quarum
1699 157 1846 197 ‹eo-praelio
1867 172 1912 177 ——
1931 159 2018 193 copias
2032 161 2080 185 esse
2092 163 2186 189 accitas

51 204 171 233 stantium
186 201 351 236 relinquatur
365 201 438 228 Caes.
454 202 481 227 B.
497 200 528 226 G.
544 199 576 230 6,
598 205 640 231 27.
750 192 770 231 q
791 202 807 220 2
828 194 970 228 Metaphor.
986 193 1045 219 Liu.
1061 197 1086 224 8,
1140 189 1244 216 sciebat.
1283 188 1383 214 Sallust.
1400 197 1427 214 in
1440 190 1559 223 Iugurth.
1579 202 1600 219 c.
1617 202 1658 219 102
1680 193 1765 220 Acciti
1786 193 1868 221 ibant.
1914 195 1989 228 Virg.
2010 195 2074 221 Aen.
2089 204 2124 228 ιι,
2143 205 2186 230 ²33

51 249 85 273 29
103 241 141 266 Ita
154 237 255 272 praelio
270 246 322 263 vno
336 235 431 263 accidit
444 235 610 262 Vestinorum
623 240 679 263 rcS,
699 235 727 256 vt
740 238 794 255 non
808 229 836 254 in
850 229 929 255 castra
945 228 1028 255 solum
1044 236 1082 254 re·
1138 225 1256 259 Imperio
1274 224 1371 263 accitos
1393 223 1445 264 alt—a
1468 225 1537 265 intra
1559 227 1653 255 limina
1677 229 1749 264 cogit
1764 235 1789 256 et
1806 234 1852 262 308
1886 228 1962 264 Spem
1976 230 2075 264 siquam
2096 232 2186 259 accitis

51 276 171 309 fugerent
184 272 286 305 hostes,
308 273 349 299 sed
365 273 417 299 iam
432 280 464 297 ne
476 270 546 296 vallo
559 267 666 303 quidem
681 275 709 292 ac
723 264 792 291 follis
806 265 885 298 freti,
905 264 1083 292 dilaberentur
1099 263 1113 289 5
1139 260 1264 300 Aetolum
1284 258 1411 285 habuistis
1426 269 1454 285 in
1467 268 1561 300 armis,
1604 264 1653 289 Vl„-
1671 265 1777 291 Seruius
1796 265 1909 297 Accitis,
1929 266 2064 297 Euocatis,
2085 267 2185 294 Adiun-

50 311 79 338 in
90 309 202 344 oppida,
223 308 270 335 litu
284 308 392 335 vrbium
405 305 593 339 moenibusque
612 303 636 329 se
651 301 794 328 defensuri.
1138 296 1207 335 ctis..
1250 295 1297 322 Sed
1315 295 1389 321 edunt
1402 295 1524 335 Adscitis.
1582 298 1671 337 Accita
1685 301 1795 327 Vitellio
1815 301 1930 333 auxilia,
1947 308 2011 336 pro,
2037 310 2051 327 a
2074 303 2185 330 Vitellio

86 345 175 372 licei
187 352 199 371 s
210 352 229 371 v
239 352 251 371 s
261 364 269 377 ‚
290 345 382 371 Partic.
402 341 566 377 [περικοπιίς]
584 338 674 365 Tacit.
690 337 723 363 de
737 334 860 363 Moribus
874 336 994 362 German.
1002 341 1046 365 19,
1067 339 1084 357 2
1139 332 1230 357 Tacit.
1250 331 1299 357 An.
1319 339 1357 363 13,
1378 336 1414 362 38.
1428 331 1532 357 Milone
1547 339 1632 358 accito
1646 335 1711 361 Vell.
1727 345 1749 368 2,
1763 339 1804 369 63,
1817 346 1838 364 2,
1875 336 1961 363 clam,
1975 345 2007 363 ex
2020 337 2131 365 Graecia
2145 348 2185 365 ac.

50 379 145 409 Accitis
168 379 286 406 crinibus
314 380 434 406 nudatam
456 384 543 403 coram
567 374 723 409 propinquis
748 373 855 407 expellit
869 372 949 398 domo
964 368 1082 395 maritus.
1138 368 1190 393 cita
1204 368 1388 399 Curt.4‚1‚36.

50 416 156 443 Accisae
170 416 247 451 dapes
269 416 341 450 Virg.
356 415 417 441 Aen.
433 420 466 447 7,
487 419 528 444 125
554 411 602 437 Vbi
614 410 737 441 Seruius,
757 408 866 440 Accitis,
887 405 1083 446 Vndiquefon-
1157 438 1162 443 .
1182 403 1377 442 acc-{Tvsg
1396 399 1425 428 ὓς
1447 401 1464 441 ¹[
1473 400 1638 442 πρρσκλῆσκ]
1675 404 1822 444 Adeon-atio.
1859 408 1934 443 Virg.
1943 408 2008 434 Aen.
2024 418 2044 441 ι,
2060 410 2114 444 677
2136 410 2184 436 Re.

50 452 152 478 sumtis.
209 453 239 478 Et
265 451 314 478 hoc
331 450 366 476 est
390 447 458 483 apud
490 455 538 473 nos
572 453 638 479 Ac,
657 445 730 480 quod
761 444 828 479 apud
860 444 971 470 Graecos
1003 440 1081 472 αμφί.
1096 441 1124 459 10
1138 447 1195 473 gius
1207 444 1292 478 acc-itu
1307 437 1522 478 charirgemtoris
1537 437 1569 464 ad
1583 438 1676 465 vrbem
1703 439 1838 467 Sidoniam
1851 451 1915 476 puer
1929 444 1969 470 ire
1983 449 2064 478 parat.
2093 447 2185 472 Act-itu

50 486 72 524 q
93 498 106 514 2
128 487 233 514 Accisae
247 496 302 518 res,
321 486 483 514 Extemaitae,
502 479 611 517 affliflac
625 488 650 507 ct
663 484 805 507 imminutae
834 480 960 515 Liu.3,1q
980 475 1083 514 SIC-Ac·
1139 480 1268 514 praetoris
1285 482 1394 514 euocari
1412 474 1468 500 Cic.
1482 475 1558 499 Verr.
1576 483 1600 506 1,
1621 483 1642 500 c.
1657 478 1694 504 28.
1768 476 1806 501 ld.
1822 478 1897 504 Verr.
1912 486 1940 511 ς,
1957 482 1989 510 68
2017 481 2048 506 Et
2066 482 2187 516 quinque

50 524 117 550 cisae
131 532 194 558 opes
229 521 294 557 apud
306 520 424 549 eundem.
444 538 450 544 .
472 538 478 544 .
536 519 604 544 Hor.
625 518 676 543 Sat.
697 526 729 549 2,
749 525 781 549 2,
802 525 843 549 ¹¹4
866 515 975 545 integris
988 510 1085 544 opibus
1140 519 1223 545 primi
1237 517 1322 536 accitu
1341 509 1415 536 istius
1430 516 1583 549 euocantur.

51 559 117 587 noui
132 568 186 585 non
201 544 275 585 latius
289 556 378 587 vsum,
399 556 487 588 Quam
502 563 570 580 nunc
585 553 680 580 accitis.
719 553 772 588 Ipse
786 552 840 579 Cic.
849 549 879 575 de
887 549 965 574 Prou.
974 546 1082 573 Consul.
1176 552 1321 573 acciEN
1331 552 1348 571 n
1360 553 1378 571 v
1388 553 1399 572 s
1409 565 1416 577 ,
1438 546 1531 571 Partic.
1554 545 1611 579 pass.
1640 545 1838 585 [neoniam-³¹05]
1882 547 1938 573 Cic,
1954 549 1986 575 de
2000 552 2092 587 Amsp·
2109 553 2184 587 Resp—

52 604 85 628 34
100 605 122 622 c,
138 604 167 628 ¹4
193 592 329 627 Impolitae
350 599 414 617 vero
436 599 476 616 res
491 595 517 616 et
531 589 639 616 acerbae
661 589 679 615 fi
693 594 769 615 erunt
783 584 904 615 relictae,
925 590 1086 619 quamquam
1141 590 1169 614 23
1191 591 1212 607 c.
1228 590 1251 607 12
1272 581 1410 615 Aruspices
1423 581 1559 607 acciendos
1572 589 1603 606 ex
1619 581 1748 607 Hetruria
1763 588 1921 615 putaremus.

53 631 111 657 sunt
125 629 234 661 accisae,
254 633 341 653 tamen
357 627 381 652 se
395 626 503 652 efferent
523 625 676 660 aliquando.
841 654 847 659 ἱ
1065 655 1069 659 .
1102 620 1127 646 15
1178 625 1199 644 Α
1209 624 1225 644 C
1235 624 1270 657 C}
1281 624 1302 644 T
1313 623 1349 643 10
1359 636 1367 649 ,
1386 617 1454 657 onis.
1491 618 1632 650 Magorum
1646 618 1788 659 afcitiones
1802 617 1904 643 Arnob.
1920 617 1979 644 Lib.
1994 628 2012 652 4
2033 630 2057 654 p,
2073 631 2124 656 ¹34·

90 662 180 693 acci
189 670 231 690 ro
268 671 294 689 es
330 662 386 694 ῑιιὶ,
404 665 471 688 itum
491 661 671 698 [προσκαλέω]
691 669 720 687 ex
734 658 774 686 Ad
786 655 903 683 ncieo:
946 652 1086 679 Verbumm
1179 659 1345 684 Anemo,
1363 661 1424 685 am,
1444 661 1497 679 are.
1524 653 1739 687 [wammam]
1779 654 1824 679 fre
1843 660 1927 679 uenter
1946 663 2035 681 accire.
2072 658 2188 686 Laudant

51 711 69 729 ,υ
83 712 96 728 u
109 683 269 734 ,.a,.4ffimu7;1‚
288 683 351 724 ,siem
364 697 495 735 fignificat
511 697 578 733 quod
597 698 679 723 Accio
692 696 745 730 flue
757 691 867 720 Arceffo.
905 689 987 715 Plaut.
1003 689 1086 715 Milit.
1142 689 1247 715 Luc-ret.
1262 696 1287 728 ς,
1298 696 1348 728 945
1376 690 1410 714 Vt
1428 697 1496 714 nunc
1514 688 1649 714 montibus
1668 697 1682 714 e
1701 689 1802 723 magnis
1840 689 1943 728 ecursus
1965 692 2046 724 aquai*
2081 694 2188 722 clarim-

51 747 65 770 3
102 745 114 769 3
150 738 177 761 61
199 735 252 760 Vos
267 733 347 760 modo
363 740 451 760 curate
487 742 537 768 ego
551 733 626 759 illum
642 733 724 767 pro'be
736 730 787 755 iam
795 731 933 753 oneratum
942 724 992 751 huc
1005 725 1088 751 accie-
1142 725 1236 751 actitat
1249 724 1364 750 sitientia
1378 724 1443 750 secla
1457 725 1582 759 ferarum.
1607 723 1654 751 Sed
1666 732 1763 759 recepta
1777 735 1841 750 nunc
1855 726 1939 759 Bojjn'
1952 725 2102 754 cmn‘efiura,
2130 732 2186 757 Cla.

51 757 86 800 bf,
106 756 152 798 5241
164 771 239 796 Gron.
255 769 355 796 ambo,
396 754 487 796 Veru'm
505 770 616 804 ponitur
637 778 652 795 a
666 762 791 795 Diomede
814 761 861 788 lib.
878 770 887 788 ι
902 770 927 795 p.
944 763 989 793 363
1006 761 1035 787 in
1050 761 1087 787 se·
1143 761 1233 789 ricitat
1252 760 1320 792 late,
1340 763 1358 785 ι’.
1377 761 1486 791 Allicit,
1505 763 1614 792 inuitat,
1633 768 1717 786 euocat
1737 760 1770 786 ad
1783 759 1857 795 sitim
1877 760 2039 796 explendam:
2060 767 2100 788 cui
2112 765 2187 800 fauet

50 806 132 834 ‘unda
149 806 343 840 coniugatione,
1097 801 1132 821 20
1144 796 1212 824 Edit.
1228 798 1298 829 1486.
1320 795 1444 822 claritati
1459 804 1473 822 fl
1488 801 1522 822 te.

86 848 263 869 Accinoo
301 841 344 873 xi,
365 838 453 873 cium,
473 849 518 866 ere
542 839 696 875 [immistus.
714 833 844 868 ἔγκειρὲω,
871 829 1038 866 διασκευοίξω]
1059 841 1089 858 ex
1180 838 1435 859 ACCIPENSER.
1470 831 1525 857 vid.
1548 837 1779 858 AcirENSER.

48 878 89 905 Ad
101 885 124 904 et
138 878 240 911 Cingo,
259 862 371 914 a'gladio
384 883 407 902 et
419 879 498 902 armi,-
510 876 543 902 ad
556 884 644 902 omnm
655 873 729 898 aliam
736 870 969 905 praeparationem,
982 867 1089 903 ειμι-[εε-
1179 876 1201 895 A
1210 874 1226 895 c
1235 874 1251 895 C
1261 868 1270 893 Ϊ
1279 875 1294 894 P
1303 875 1312 894 1
1322 874 1357 899 O,
1379 868 1435 902 ?pi‚
1452 873 1542 902 eptum
1551 887 1558 900 ‚
1579 876 1632 894 ere.
1665 864 1808 902 [δέχομαι,
1827 865 1969 902 λαμέοὲνω,
1990 868 2173 904 προσλαμέοένω
2182 892 2191 905 ,

41 917 152 950 ptionem
164 916 315 949 negotiorum
327 911 448 948 refertur.
486 913 551 948 Ergo
560 911 659 948 proprie
671 907 738 933 Tac.
753 905 821 931 Hist.
837 913 872 937 4,
894 923 901 929 .
922 923 929 929 .
975 903 1086 937 Accingi
1142 901 1328 938 προσδέχομαι]
1355 912 1385 929 ex
1399 903 1440 930 Ad
1454 911 1477 929 et
1488 904 1582 937 Capio.
1611 904 1763 929 Correlatum
1776 903 1846 929 verbi
1859 903 1926 929 dare.
1964 904 2045 938 Quod
2058 905 2112 938 dat,
2126 908 2192 933 acci-

49 949 108 976 telis
129 955 252 984 tanquam
271 949 299 975 in
324 949 417 975 aciem,
474 949 506 974 Et
520 948 574 974 Val.
589 945 669 972 Flacc.
684 951 717 974 z,
736 948 784 975 197
824 940 928 974 Pugnae
959 938 1085 965 accincta.
1143 937 1229 974 pimus
1244 940 1301 970 Cic.
1318 940 1390 966 Fam.
1409 949 1433 972 1,
1450 949 1465 965 ι.
1505 940 1545 966 Sic
1566 938 1598 965 de
1613 939 1671 965 Fin.
1688 947 1709 965 2.
1732 958 1738 964 .
1762 957 1768 964 .
1789 959 1795 965 .
1832 939 1960 974 Accipio,
1979 940 2052 974 quod
2069 941 2121 968 dat.
2160 944 2192 969 Et

46 985 95 1013 Sed
107 988 179 1012 mam
198 987 334 1021 gem-ratim
390 983 534 1018 Accingere
564 982 588 1007 se
619 978 700 1005 alicui
724 977 781 1008 rei,
801 973 835 1009 ist
877 977 935 1001 Eam
954 984 1005 1002 rem
1024 984 1085 1011 gna-
1095 978 1126 1004 25
1143 975 1175 1002 de
1194 977 1270 1002 Orat.
1292 984 1322 1007 2,
1344 995 1349 1000 .
1373 995 1379 1001 .
1403 995 1410 1001 .
1441 974 1513 1009 quod
1534 974 1619 1002 datur.
1658 973 1790 1008 Qinffil.
1804 983 1835 1007 2,
1850 983 1866 1008 9
1885 982 1949 1001 extr.
1987 977 2025 1002 Ita
2040 976 2193 1012 eloquentia

46 1024 139 1048 vitera
157 1020 236 1057 gredi.
272 1021 347 1054 Virg.
364 1020 428 1046 Aen.
445 1027 453 1045 1
490 1027 534 1045 210
557 1015 601 1042 Illi
615 1015 641 1041 se
656 1012 766 1048 praedae
781 1011 928 1045 accingunt.
972 1010 1021 1037 Vbi
1029 1012 1085 1037 Scr—
1144 1011 1290 1038 coalescere
1305 1011 1414 1045 nequit,
1434 1011 1482 1037 nisi
1504 1011 1600 1037 sociata
1620 1010 1746 1037 tradentis
1768 1011 1974 1046 accipientisque
1993 1013 2151 1046 concordia,
2172 1017 2191 1041 i.

46 1057 123 1089 vius,
139 1030 305 1091 “Accingunt,
325 1055 443 1082 Studiose
463 1039 559 1089 parant.
603 1049 742 1077 Accinfms
762 1048 834 1074 enini
853 1046 998 1073 industrios
1020 1046 1086 1073 dici-
1140 1045 1253 1073 doctoris
1265 1054 1289 1072 et
1304 1047 1430 1108 dilfc1puli.
1467 1046 1541 1082 Conf.
1559 1055 1584 1079 1,
1602 1055 1625 1079 3,
1641 1055 1662 1079 3.
1705 1046 1764 1080 le.
1780 1046 1836 1081 l.71
1851 1046 1883 1073 de
1897 1047 1971 1073 verb.
1985 1047 2072 1082 signif.
2110 1049 2192 1076 Aliud

46 1101 113 1119 mus.
168 1092 239 1118 Sicut
255 1098 344 1119 contra
363 1091 528 1126 Negligentes
542 1085 689 1113 Discinctos
703 1092 836 1112 vocamus.
884 1083 961 1116 Virg.
978 1083 1043 1109 Aen.
1058 1091 1085 1115 2,
1139 1083 1177 1108 est
1191 1091 1299 1117 capere,
1313 1091 1327 1108 a
1340 1082 1385 1108 iud
1398 1083 1530 1117 accipere:
1551 1091 1642 1117 capere
1658 1091 1716 1108 cum
1731 1081 1825 1108 effectu
1841 1083 1970 1117 accipitur
1984 1094 1988 1109 :
2011 1085 2138 1119 accipere,
2146 1085 2192 1112 etii

45 1136 90 1160 23·
111 1129 256 1162 Accingunt
271 1137 362 1154 onmes
376 1126 466 1161 operi,
486 1123 602 1151 Subintel.
617 1123 657 1149 Se.
695 1120 736 1148 Ad
744 1119 906 1146 consulatum
914 1118 1016 1153 accingi
1023 1118 1085 1145 Liu.
1141 1118 1201 1153 quis
1215 1127 1270 1144 non
1286 1118 1404 1152 accepit,
1420 1124 1449 1145 vt
1464 1117 1567 1144 habeat.
1621 1118 1737 1152 Ideoque
1751 1127 1805 1143 non
1819 1118 1927 1145 videtur
1940 1119 1999 1153 quis
2013 1129 2104 1154 capere
2119 1121 2191 1155 quod

46 1144 90 1197 4,)
102 1172 126 1190 2,
181 1165 241 1190 Liu.
256 1169 303 1196 23,
324 1184 330 1190 ,
353 1183 359 1189 ,
381 1182 387 1188 .
424 1160 497 1194 Qtin
509 1159 593 1194 igitur
605 1158 637 1185 ad
652 1157 702 1184 hoc
717 1155 860 1191 accingeris
876 1156 885 1181 3
929 1155 1041 1189 Accingi
1054 1154 1087 1181 ad
1095 1158 1127 1189 39
1141 1155 1194 1181 erit
1208 1154 1387 1181 restituturus
1467 1155 1543 1180 Varie
1563 1163 1616 1180 cum
1638 1152 1861 1189 Praepositionibus
1881 1152 2047 1187 construitur,
2065 1164 2095 1182 vt
2109 1158 2191 1184 Plaut.

45 1199 181 1226 sordidum
194 1200 296 1226 lucrum
314 1196 441 1232 Qiinffll.
456 1205 484 1229 1,
504 1204 548 1228 12,
568 1197 606 1221 16.
665 1195 696 1220 Et
709 1201 753 1225 12,
772 1201 799 1224 1,
820 1199 832 1224 5
853 1189 987 1225 Spe&abit
1003 1190 1031 1217 id
1045 1191 1087 1216 so-
1142 1190 1233 1217 Pseud.
1248 1200 1283 1224 4,
1304 1198 1337 1222 2,
1360 1198 1391 1224 14
1412 1188 1453 1216 Ab
1466 1198 1499 1216 eo
1513 1196 1650 1224 argentum
1664 1189 1785 1224 accipies.
1829 1190 1885 1216 Cic.
1902 1191 1956 1216 Att.
1974 1199 2000 1223 ι,
2016 1200 2024 1217 ι
2044 1193 2117 1225 Qias
2130 1202 2192 1219 eum

45 1235 100 1262 lum
139 1235 171 1262 ad
186 1235 257 1270 quod
271 1234 421 1269 accingitur.
482 1231 557 1266 Virg.
573 1231 638 1256 Aen.
651 1238 686 1263 4,
706 1236 756 1262 493
777 1226 878 1254 Testor
888 1246 895 1258 ‚
915 1235 992 1258 cara,
1012 1226 1087 1259 deos,
1143 1226 1207 1253 dolo
1218 1225 1290 1252 malo
1303 1226 1439 1260 mancipio
1452 1225 1574 1260 accepiss'e
1588 1225 1620 1252 de
1635 1226 1718 1252 Vario
1731 1225 1839 1252 diceret.
1876 1225 1959 1253 Plaut.
1974 1227 2069 1261 Amph.
2079 1237 2104 1260 2,
2114 1237 2139 1261 2,
2150 1237 2192 1261 ¹32

44 1285 90 1292 --
109 1256 222 1306 inagicas
238 1271 348 1297 inuitam
362 1268 492 1303 accingier
505 1273 572 1293 artes
581 1287 590 1299 ,
610 1269 628 1293 i.
642 1274 684 1292 me
693 1263 806 1298 magicas
820 1269 887 1289 artes
897 1261 1014 1296 aggredi.
1025 1263 1086 1288 Liu.
1143 1263 1180 1288 Ex
1193 1267 1238 1288 tua
1252 1262 1339 1296 accepi
1351 1271 1430 1288 manu
1445 1268 1570 1296 pateram.
1624 1262 1654 1287 In
1667 1260 1831 1287 deditionem
1846 1262 1945 1296 accepit
1958 1262 2099 1290 Sueffiones
2118 1265 2191 1291 Caes.

44 1315 61 1334 2
105 1316 131 1333 ιι
161 1309 191 1333 In
215 1306 264 1333 hoe
287 1306 444 1336 discrimen,
465 1303 483 1330 si
507 1304 598 1335 iuuat,
618 1301 770 1335 accingere,
791 1304 819 1326 vt
840 1299 869 1324 in
882 1298 993 1332 singulas
1007 1298 1086 1325 horas
1142 1298 1171 1324 B.
1187 1298 1219 1324 G.
1239 1306 1271 1330 2,
1288 1307 1322 1330 13.
1378 1298 1408 1324 C.
1424 1297 1535 1324 Gracch.
1552 1295 1621 1332 apud
1635 1297 1703 1323 Gell.
1721 1306 1762 1330 15,
1778 1306 1805 1324 12
1832 1298 1872 1323 Ita
1885 1299 2002 1324 versatus
2016 1300 2073 1326 sum
2087 1300 2116 1326 in
2131 1309 2192 1335 pro-

44 1327 129 1377 ca’pitc
144 1342 252 1369 dimices
265 1348 320 1369 tuo.
377 1341 446 1371 Ter.
462 1339 566 1366 Phorm.
581 1347 614 1370 2,
625 1346 657 1369 2,
677 1345 696 1370 4
725 1336 801 1362 Tute
822 1333 873 1361 hoc
894 1334 1012 1367 intristi,
1032 1334 1086 1360 tibi
1099 1339 1128 1365 35
1142 1334 1248 1366 vincia,
1267 1339 1297 1359 vt
1316 1342 1396 1360 nemo
1418 1333 1491 1374 potiit
1510 1342 1573 1360 vere
1595 1333 1684 1360 dicere
1702 1333 1796 1365 affem,
1815 1340 1861 1359 aut
1874 1342 1908 1360 eo
1921 1334 1978 1369 plus
1994 1335 2023 1361 in
2037 1336 2192 1363 muneribus

44 1387 124 1405 omne
138 1379 174 1405 est
187 1377 348 1405 exedendum
364 1387 369 1403 :
406 1376 551 1410 accingere.
587 1375 619 1401 Es
634 1374 699 1400 Eun.
716 1379 745 1405 5,
756 1376 786 1403 8,
806 1379 838 1403 30
859 1370 997 1405 Accingar.
1037 1371 1086 1396 Ac-
1142 1378 1185 1396 me
1199 1369 1331 1404 accepiffe.
1387 1369 1454 1395 Plin.
1470 1378 1502 1402 9,
1521 1377 1558 1404 47
1572 1369 1590 1395 s.
1613 1377 1643 1403 71
1665 1369 1728 1402 Quo
1744 1370 1771 1395 in
1786 1378 1898 1396 numero
1911 1370 2008 1397 chalcis
2022 1372 2158 1407 accipitur.
2173 1375 2192 1404 ι’,

44 1415 121 1449 cinge
159 1423 208 1449 pro
231 1414 382 1448 Accingere.
439 1413 565 1446 Pompon.
589 1408 686 1436 Maccis
709 1407 823 1442 geminis
839 1417 845 1432 ε
881 1407 937 1432 Iam
951 1415 1001 1440 ego
1015 1405 1086 1432 mihi
1141 1404 1271 1436 traditur,
1285 1407 1392 1441 legitur,
1404 1405 1517 1431 auditur.
1591 1402 1611 1442 ff
1634 1413 1649 1430 2
1670 1407 1723 1431 lam
1736 1405 1823 1441 quibus
1838 1405 1950 1432 iunctum
1962 1408 2103 1434 nominibus
2115 1408 2193 1444 obscr-

44 1434 137 1476 adero’
162 1450 223 1477 dum
237 1458 287 1484 ego
299 1454 440 1480 reum-tor,
460 1456 506 1482 age
521 1454 583 1473 anus
597 1445 700 1479 accinge
713 1443 747 1470 ad
761 1442 855 1469 molas-
893 1442 1001 1469 Nonius
1010 1449 1084 1476 7,1o.
1141 1448 1226 1468 vatum
1233 1440 1283 1476 fit,
1297 1443 1439 1467 elementari
1452 1440 1538 1467 ordine
1551 1439 1705 1466 indicabitur
1720 1450 1727 1464 .·
1764 1451 1794 1466 ac
1801 1444 1887 1475 primo
1894 1448 2037 1476 ponentur,
2059 1453 2119 1479 quae
2130 1454 2192 1470 com-

44 1485 93 1513 Sed
104 1470 179 1512 miilto
192 1484 308 1520 usitatius·
319 1484 447 1519 Paffiuum.
485 1481 567 1509 Simul
575 1481 743 1507 Domitianus
758 1478 948 1512 Mutianusque
968 1479 1087 1513 accinge·
1140 1476 1207 1503 modi
1239 1476 1354 1513 uidquam
1366 1484 1410 1502 aut
1429 1476 1569 1511 acceffionis
1580 1483 1645 1502 certe
1658 1483 1748 1502 notant
1761 1486 1771 1506 ;
1795 1479 1823 1501 in
1838 1478 1943 1502 alteram
1956 1476 2051 1511 claſjkm
2063 1478 2194 1510 comestis,

44 1521 140 1547 bantur
155 1521 222 1547 Tac,
238 1520 304 1546 Hjst,
319 1514 356 1553 4‚'
375 1522 414 1548 63,
429 1522 448 1544 i.
455 1518 485 1554 fi
497 1517 636 1544 armabant.
674 1517 715 1544 Sic
728 1515 804 1549 Virg.
822 1515 978 1549 Aen.9,74
998 1515 1127 1549 Atque40
1159 1522 1202 1540 uae
1215 1486 1330 1539 damnum
1339 1515 1426 1548 potius
1440 1519 1463 1538 et
1476 1521 1565 1552 noxam
1577 1511 1736 1552 significant.
1774 1512 1831 1552 Cic.
1854 1513 1927 1539 Fam.
1945 1522 1979 1546 9,
1993 1522 2026 1540 22
2046 1515 2137 1549 Qum
2150 1525 2194 1542 me

42 1557 129 1582 omnis
142 1555 244 1585 facibus
257 1554 337 1589 pubes
351 1554 497 1588 accingitur
509 1553 582 1579 atris.
619 1551 677 1579 Val.
692 1551 776 1578 Flacc.
792 1551 892 1584 Argon.
908 1559 944 1583 4,
964 1558 1009 1584 593
1042 1551 1086 1577 Ne
1162 1549 1261 1583 ospitio
1275 1548 1388 1584 recipias
1400 1567 1409 1581 ,
1465 1548 1685 1574 Aestimationem
1706 1553 1731 1574 te
1745 1546 1862 1583 aliquam
1878 1555 1951 1583 putes
1964 1550 2090 1584 accipere.
2134 1551 2192 1578 Vid.

41 1590 122 1617 defice
135 1591 205 1616 casus
220 1590 347 1624 praedicii
362 1598 481 1622 memor,
502 1595 581 1624 atque
595 1588 697 1615 animos
713 1587 819 1621 accinge
833 1586 940 1612 futuris.
1015 1586 1085 1613 Tac.
1143 1585 1310 1612 Aestimatio.
1359 1585 1479 1610 Aetatem
1495 1584 1561 1610 Plin.
1579 1593 1625 1618 14,
1639 1591 1656 1618 7
1677 1583 1705 1609 de
1719 1587 1836 1616 vino,cui
1848 1585 1985 1611 admixtum
2000 1586 2076 1613 dulce
2083 1587 2193 1613 Tmoli-

41 1627 90 1653 An.
106 1634 150 1659 12,
170 1633 202 1659 25
222 1626 252 1652 Se
266 1634 373 1661 quoque
386 1625 533 1660 accingeret
547 1625 660 1657 iuuene,
671 1629 772 1659 partem
787 1630 910 1649 curarum
925 1621 1087 1657 capeffimro,
1142 1627 1190 1648 tes.
1246 1621 1321 1655 Virg.
1346 1621 1411 1647 Aen.
1429 1629 1456 1652 1,
1471 1627 1521 1654 307
1563 1634 1609 1639 —
1628 1620 1662 1660 in.
1671 1619 1764 1654 primis
1778 1620 1870 1654 regina
1884 1621 2006 1656 quietum
2047 1624 2152 1658 Accipit
2165 1624 2195 1650 in

38 1665 58 1688 i.
71 1664 207 1689 Domitium
219 1661 358 1697 adoptaret,
371 1671 441 1697 eoque
454 1661 572 1697 aduersus
583 1670 657 1687 curas
670 1667 694 1686 et
707 1661 808 1695 imperii
819 1661 919 1695 negotia
927 1658 956 1694 fi
970 1662 1088 1689 muniret,
1142 1657 1268 1683 Teucros
1281 1657 1411 1689 animum,
1419 1662 1587 1690 mentemque
1602 1655 1754 1691 benignam.
1789 1657 1893 1691 Aquam
1907 1665 1954 1683 ore
1962 1657 2028 1684 Plin.
2037 1666 2064 1691 9,
2073 1664 2098 1689 18
2120 1662 2195 1686 Nem-

38 1703 64 1724 et
79 1699 146 1724 velut
161 1704 278 1725 armaret.
329 1698 476 1732 Accingor,
496 1707 550 1723 cum
570 1696 707 1733 irfinitiuo.
771 1694 847 1728 Virg.
872 1694 970 1729 Georg.
996 1703 1027 1727 3,
1050 1695 1125 1727 4645
1137 1699 1171 1729 pe
1183 1693 1212 1719 de
1227 1693 1319 1726 Cibis,
1338 1694 1420 1725 Potu,
1441 1692 1713 1727 Medicamentisque,
1735 1698 1758 1718 et
1778 1692 1901 1728 quidquid
1920 1702 1961 1719 ore
1967 1694 2094 1730 sirmitur,
2105 1695 2195 1731 paffim

39 1747 85 1754 ·-—·
105 1733 223 1769 accingar
236 1733 323 1760 dicere
331 1742 429 1768 pugnas
466 1733 592 1760 Caesaris.
630 1730 742 1767 Accingi
756 1729 788 1757 ad
803 1731 875 1765 spem
889 1730 1020 1757 maiorem
1029 1730 1087 1757 Ta·
1142 1728 1283 1756 adhibetur.
1319 1729 1426 1755 Sueton.
1442 1729 1527 1754 Nero.
1542 1736 1569 1760 33
1590 1729 1621 1754 In
1637 1737 1691 1762 quo
1700 1727 1754 1754 cibi
1763 1737 1858 1763 genere
1866 1738 1999 1756 venenum
2014 1730 2035 1756 is
2050 1737 2195 1767 acceperat,

39 1769 84 1796 cit.
114 1770 164 1796 An.
196 1778 236 1802 11,
254 1774 302 1803 28,
318 1778 344 1797 2.
396 1769 454 1796 Sen.
479 1768 574 1796 Medea
600 1776 627 1801 1,
644 1776 669 1801 51
696 1766 842 1802 Accingere
875 1766 916 1793 ira
948 1772 1027 1802 teque
1057 1766 1087 1793 in
1141 1764 1235 1791 Iustin.
1251 1773 1296 1797 12,
1312 1772 1356 1796 ιο,
1373 1772 1385 1803 3
1407 1763 1499 1802 ljlerba
1514 1764 1542 1788 in
1556 1769 1621 1796 potu
1635 1769 1748 1796 accepta.
1803 1764 1885 1791 Ouid.
1908 1766 1973 1792 Met.
1989 1773 2023 1800 7,
2041 1772 2092 1801 287
2120 1769 2196 1801 Qios

37 1805 150 1832 exitium
164 1814 234 1840 para,
1143 1800 1282 1835 postquam
1297 1797 1430 1825 combibit
1444 1798 1532 1822 Aeson
1567 1797 1620 1822 Aut
1633 1805 1681 1822 ore
1696 1798 1823 1831 Acceptos
1838 1805 1883 1824 aut
1896 1801 2015 1827 vulnere.
2073 1803 2104 1827 Et
2116 1804 2194 1829 Rem.

75 1848 321 1872 ACCINCTVS,
338 1841 432 1868 Pax-tic.
454 1837 665 1875 [διεσκευασμένος
671 1859 680 1873 ,
699 1837 810 1872 ἔξαιμος]
837 1836 905 1864 Plin.
920 1837 1014 1871 Paneg.
1031 1845 1086 1871 cap.
1145 1844 1201 1869 740
1221 1837 1253 1860 Et
1268 1834 1354 1874 vomit
1369 1837 1485 1871 acceptas
1498 1839 1546 1857 ore
1560 1831 1708 1864 Charybdis
1717 1840 1811 1871 'aquas
1853 1834 1894 1861 Sic
1909 1835 2007 1868 Heivfii
2019 1835 2089 1862 liber.
2128 1840 2197 1865 Haec

37 1885 80 1904 20.
95 1890 97 1892 ·
118 1877 158 1904 Ad
173 1877 222 1904 hoc
235 1877 375 1904 comitatus
388 1877 519 1904 accinelus
528 1897 536 1909 ‚
547 1883 573 1903 et
587 1884 690 1910 parens,
708 1878 727 1900 i.
740 1883 790 1899 non
802 1880 918 1899 oneratus
930 1872 1089 1905 impedimen·
1097 1876 1129 1900 50
1143 1871 1234 1895 Burin.
1249 1868 1284 1908 ad
1296 1867 1359 1893 illud
1372 1865 1564 1906 Quicudecl.
1581 1874 1623 1899 15,
1637 1869 1654 1893 6
1670 1867 1771 1907 Odium
1786 1868 1929 1908 (poculum
1944 1870 2020 1902 odii)
2037 1873 2126 1906 accepi
2134 1883 2196 1899 con-

36 1916 73 1939 tis
94 1919 119 1939 et
140 1913 168 1939 ob
190 1913 220 1939 id
237 1916 325 1950 grauis
338 1913 546 1948 prouincialibus.
599 1912 659 1937 Vet.
691 1909 772 1934 Gloff.
804 1907 830 1931 ἒύ
842 1907 917 1937 “ωνος,
934 1905 1087 1938 Expeditus.
1143 1909 1184 1929 tra
1198 1911 1349 1937 coniugem.
1388 1905 1429 1929 Sic
1442 1901 1562 1940 Sci-ibon.
1578 1910 1600 1940 c.
1618 1910 1659 1927 101
1678 1902 1805 1935 Accipere
1821 1904 2055 1941 Medicamentum.
2094 1909 2125 1932 Et
2150 1917 2198 1940 190

37 1949 119 1984 Comp.
145 1949 243 1975 Auson.
260 1949 289 1974 in
304 1949 377 1974 Grat.
388 1947 511 1973 Aetione.
527 1955 552 1980 p.
561 1947 613 1979 726
630 1944 715 1970 Cuius
735 1955 780 1961 —-
801 1940 834 1966 ha
855 1941 908 1966 itus
925 1954 971 1959 -—-
989 1939 1087 1965 milita·
1140 1939 1185 1964 Ius
1199 1938 1306 1963 suillum
1321 1938 1427 1976 pingue.
1486 1935 1612 1976 Sedibid.
1626 1944 1656 1967 23
1670 1943 1693 1961 et
1709 1945 1754 1962 102
1775 1937 2000 1976 Medicamentum
2014 1941 2110 1975 accipit
2123 1941 2199 1976 haec,

34 1984 72 2011 ris
87 1984 256 2010 accinctior-3
292 1980 431 2008 Accintitus
447 1981 511 2007 enfis
526 1980 604 2006 lateri
624 1980 685 2006 Stat.
701 1975 795 2004 Theb.
811 1985 838 2008 1,
866 1977 906 2004 86.
960 1973 1085 1998 Accineta
1141 1975 1159 1996 i.
1177 1974 1285 2004 recipit,
1304 1970 1511 2009 haec-miscentur
1530 1979 1557 1995 in
1579 1980 1654 1996 vnum
1677 1978 1723 1997 etc.
1770 1972 1911 1999 Potionem
1925 1975 2036 2008 Qun&
2051 1984 2084 2010 7,
2103 1987 2135 2010 2,
2158 1987 2196 2014 ¹7·

35 2019 140 2054 flagello
154 2017 305 2053 Tifiphone
320 2018 394 2051 Virg‚
410 2018 475 2042 Αρη,
491 2018 524 2048 6,
542 2024 599 2048 570.
644 2014 757 2039 Animus
772 2013 801 2034 in
814 2015 930 2044 magnos·
945 2007 1004 2031 vsus
1019 2007 1081 2045 Stat.
1141 2005 1216 2030 Artes
1232 2014 1246 2030 a
1260 2005 1392 2039 magistris
1405 2004 1487 2045 Ouid.
1501 2005 1567 2045 Met.
1582 2014 1615 2046 9¹,
1636 2011 1689 2040 718.
1714 2042 1719 2046 Ι
1735 2007 1776 2034 Sic
1791 2008 1902 2042 Qun&
1918 2018 1963 2043 12,
1985 2019 2023 2044 11,
2043 2021 2074 2039 11.
2120 2015 2196 2051 Conf,

36 2055 102 2081 Silu.
123 2064 141 2087 4
175 2064 194 2088 4
231 2058 273 2087 48.
328 2054 358 2079 In
379 2053 469 2078 onmia
489 2051 589 2082 pariter
603 2048 704 2072 intenta
717 2043 822 2069 bonitas
837 2048 863 2067 et
876 2040 994 2068 accmeia
1013 2040 1081 2067 Plin.
1097 2041 1125 2067 55
1138 2049 1196 2066 mox
1209 2050 1234 2066 n.
1253 2051 1279 2074 4.
1317 2041 1401 2068 Auras
1416 2046 1528 2067 taurinis
1547 2041 1658 2068 follibus
1686 2043 1761 2077 Virg.
1777 2044 1875 2079 Georg.
1883 2054 1912 2079 4,
1925 2054 1975 2081 171.
2013 2048 2082 2075 Add.
2097 2050 2197 2084 Aen.8‚

36 2090 130 2124 Paneg.
144 2074 166 2115 ς’.
179 2074 219 2121 30'.
256 2087 394 2113 AccinGtus
410 2084 496 2110 studio
511 2081 681 2117 popularium
701 2078 794 2105 Tacit.
811 2085 855 2109 12,
876 2085 924 2110 44.
1137 2084 1203 2116 4549.
1241 2075 1405 2103 Beneficium
1419 2077 1538 2111 accipere
1558 2078 1626 2104 Ter.
1636 2077 1711 2105 Adel.
1726 2087 1758 2112 2,
1782 2088 1811 2113 3,
1833 2089 1851 2107 1.
1890 2082 2051 2110 Beneficium
2063 2087 2195 2120 accipere,

71 2122 164 2151 Acci
173 2129 239 2154 Νο,
259 2123 297 2153 is,
314 2121 358 2152 ui,
378 2125 484 2151 cutum,
504 2126 560 2149 ere,
596 2111 746 2151 [προπάδὶυ]
768 2115 805 2140 Ex
824 2112 869 2152 Ad
890 2119 914 2138 et
929 2112 1004 2139 Cano
1017 2120 1081 2138 com·
1137 2111 1291 2139 libertatem
1305 2112 1420 2139 vendere
1435 2113 1471 2139 est
1485 2112 1560 2139 Publ.
1576 2113 1663 2146 Syrus.
1690 2114 1748 2141 Sen.
1763 2114 1795 2142 de
1803 2116 1893 2144 Benef.
1908 2126 1942 2150 2,
1955 2127 1987 2151 30
2007 2121 2065 2154 Qu
2078 2121 2195 2150 libenter

27 2158 134 2196 Pofitum
142 2177 149 2189 ‚
163 2160 233 2183 cuju,-
245 2156 334 2183 „ullum
348 2155 428 2182 adhuc
441 2154 574 2189 exemplum
587 2152 742 2188 obseruatum
754 2147 802 2182 eft,
820 2150 868 2183 nist
887 2147 931 2175 vbi
950 2150 1021 2185 origo
1038 2157 1081 2175 rto-
1137 2147 1299 2175 beneficium
1313 2149 1424 2184 accepit,
1432 2148 1558 2190 reddidit.
1596 2149 1679 2176 Ouid.
1690 2151 1755 2177 Met.
1764 2160 1794 2185 14
1803 2172 1811 2185 ,
1831 2158 1885 2187 844
1905 2154 2035 2190 Coniugis
2051 2165 2098 2183 ora
2112 2158 2193 2192 mihi,

32 2197 108 2222 minis
121 2195 248 2221 Accentus
261 2191 389 2218 indicatur
401 2188 574 2221 aDiomede,
591 2184 720 2221 utstatim
732 2184 879 2225 videbimur.
917 2185 1012 2225 Nempe
1138 2193 1219 2225 quem
1234 2184 1253 2211 fi
1271 2184 1354 2212 modo
1372 2186 1442 2220 posse
1463 2185 1557 2212 videre
1593 2185 1657 2212 Fata
1676 2186 1755 2213 semel
1775 2188 1913 2222 dederint,
1935 2191 2046 2218 Caelum
2069 2195 2192 2229 accepisse

70 2237 142 2258 ACC
152 2235 295 2261 ENTvs,
313 2225 352 2254 ᾗς.
373 2236 410 2253 m.
448 2222 603 2261 [προσῳδίαι]
646 2221 748 2250 Verbale
760 2221 791 2248 ab
803 2221 914 2248 Accino.
952 2219 1077 2247 Diouied.
1085 2217 1121 2244 60
1136 2220 1262 2248 videbor.
1305 2221 1447 2258 Vid.insra
1464 2222 1555 2248 Vitam
1563 2221 1691 2249 Deorum.
1728 2223 1784 2250 Cic.
1794 2225 1864 2251 Fam.
1880 2227 1988 2259 16‚19‚2
2003 2228 2035 2254 Et
2047 2227 2065 2254 fi
2081 2229 2117 2256 ob
2131 2239 2190 2258 eam

33 2266 80 2294 lib.
97 2275 112 2293 2
126 2275 150 2301 p.
165 2272 215 2299 425
237 2265 380 2296 AccentuS,
395 2262 432 2289 est
445 2267 553 2293 acutae,
568 2259 611 2286 vel
627 2258 734 2294 grauis,
753 2257 796 2284 vel
819 2257 932 2284 inflexae
946 2257 1079 2283 orationis
1136 2265 1194 2284 rem
1209 2257 1339 2291 moraris,
1354 2258 1456 2293 accipio
1471 2258 1599 2290 Causam,
1613 2261 1632 2284 i.
1645 2259 1833 2295 excusationem.
1876 2261 1950 2288 Idem
1966 2263 1995 2289 in
2007 2264 2093 2291 Pison.
2121 2286 2128 2291 .
2150 2286 2157 2294 .
2181 2287 2188 2293 .

33 2303 131 2335 elatio,
151 2301 259 2328 vocisue
272 2299 384 2326 intenlio
398 2298 440 2326 vel
456 2296 596 2324 inclinatio
605 2315 613 2328 ,
631 2301 709 2322 acuto
731 2299 776 2320 aut
788 2294 887 2320 inflexo
907 2293 972 2319 sono
985 2301 1079 2328 regens
1136 2294 1225 2326 Qiam
1241 2302 1290 2319 nos
1304 2294 1407 2320 causam
1421 2303 1505 2329 quum
1518 2295 1707 2330 accepissemus
1736 2295 1783 2322 Sed
1794 2298 1844 2323 alio
1851 2297 1926 2333 finsu
1939 2297 1995 2325 Cic.
2008 2299 2041 2326 de
2055 2301 2103 2327 Or.
2111 2310 2189 2336 2,353

34 2338 124 2366 verba.
161 2337 233 2364 Nam
245 2342 273 2363 vt
285 2335 357 2363 nulla
370 2343 423 2361 vox
436 2333 490 2360 fine
503 2331 608 2364 vocali,
624 2331 661 2357 ita
674 2330 726 2356 fine
750 2335 857 2356 accentu
873 2328 945 2355 nulla
958 2328 994 2355 est
1009 2340 1015 2355 z
1052 2334 1079 2355 et
1135 2329 1246 2356 Tenere
1269 2338 1337 2365 quae
1356 2330 1481 2356 didiceris
1504 2330 1533 2356 in
1552 2330 1703 2365 accipienda
1720 2331 1818 2365 Causa,
1845 2336 1863 2359 i.
1879 2333 1996 2369 discenda
2015 2345 2030 2362 a
2048 2337 2187 2374 litigatore.

33 2375 71 2401 est
85 2379 209 2404 accentus,
217 2378 246 2399 vt
253 2371 361 2408 quidam
368 2370 439 2398 redte
453 2374 611 2405 putauerunt
626 2371 669 2400 (v.
683 2375 708 2401 g.
723 2366 849 2392 Mattian.
859 2364 966 2400 Capella
981 2364 999 2391 l.
1013 2373 1036 2397 3.
1053 2374 1080 2399 p.
1134 2366 1222 2391 Denuo
1234 2365 1310 2392 aliter
1326 2366 1394 2393 Ter.
1404 2367 1469 2392 Hec.
1478 2365 1548 2392 Prol.
1558 2374 1585 2400 55
1608 2367 1669 2393 Mea
1685 2368 1760 2394 causa
1781 2368 1884 2395 causam
1898 2369 1964 2397 hanc
1978 2372 2105 2406 accipite,
2119 2377 2137 2399 i.
2143 2374 2188 2410 fh.

35 2412 82 2442 60)
97 2409 169 2437 velut
183 2409 271 2436 anima
285 2408 368 2434 vocis.
422 2407 550 2433 Accentus
571 2403 658 2430 dictus
680 2401 717 2429 est
731 2401 764 2428 ab
779 2401 939 2433 accinendo,
960 2400 1034 2435 quod
1047 2401 1079 2427 fit
1089 2398 1121 2431 65
1128 2400 1223 2437 scz'pite
1235 2401 1358 2434 tuendam.
1381 2402 1596 2437 Cognomentum
1605 2402 1722 2441 Neronis
1732 2404 1863 2439 acciperet
1875 2406 1967 2433 menfis
1976 2408 2187 2442 ApriliS.Tacit.

34 2445 106 2482 quasi
120 2445 228 2480 quidam
241 2445 368 2479 cuiusque
382 2441 499 2475 Syllabae
514 2446 612 2467 cantus.
650 2439 778 2465 Accentus
792 2437 902 2477 quidam
911 2434 1025 2473 fastigia
1032 2445 1080 2463 vo·
1135 2444 1171 2469 15,
1181 2444 1228 2472 74,
1237 2445 1262 2464 2.
1300 2437 1429 2464 Colorem
1443 2437 1560 2465 alienum
1575 2438 1692 2474 quodam
1705 2441 1853 2474 repercussu
1866 2441 1934 2468 Plin.
1942 2450 1975 2475 11,
1983 2448 2011 2475 38
2032 2451 2097 2470 extr.
2119 2446 2137 2471 s.
2148 2454 2186 2478 91.

35 2488 175 2514 cauci-unt,
194 2480 267 2516 quod
286 2478 415 2514 capitibus
435 2478 573 2505 literarum
591 2480 788 2510 apponerentur
803 2485 809 2500 ε
845 2473 893 2500 alii
912 2479 1010 2498 tenores
1035 2472 1079 2498 vel
1134 2472 1322 2512 Commeatum
1349 2476 1368 2499 i.
1383 2469 1555 2509 Proseffionis
1573 2477 1672 2501 veniam
1687 2474 1754 2501 Plin.
1769 2476 1848 2510 Epist.
1864 2485 1887 2510 3,
1902 2486 1931 2511 4,
1943 2486 1969 2504 2.
2007 2480 2186 2515 Complexum

32 2525 107 2545 tonos
119 2517 248 2552 appellant
262 2527 268 2543 z
303 2514 426 2542 nonnulli
439 2516 567 2541 cacumina
579 2511 691 2538 definire
707 2510 866 2536 maluerunt.
909 2508 974 2534 Sunt
988 2513 1078 2537 autem
1134 2508 1195 2534 Liu.
1210 2516 1237 2541 2,
1251 2517 1297 2542 40.
1335 2510 1409 2536 Caes.
1425 2509 1489 2537 Bell.
1504 2509 1573 2537 Gall.
1590 2517 1613 2543 5,
1626 2518 1657 2544 41
1694 2511 1791 2537 Cicero
1811 2512 1846 2538 ad
1865 2512 1928 2540 haec
1948 2522 2032 2542 vnum
2048 2517 2131 2543 modo
2144 2526 2186 2544 re-

35 2559 103 2583 tres,
121 2552 241 2585 Acutus',
262 2552 357 2579 Grauis
365 2550 381 2584 ¹,
404 2556 430 2576 et
445 2550 538 2585 quiex
552 2547 656 2575 duobus
671 2546 755 2573 faetus
777 2545 830 2577 cst,
850 2544 1043 2571 Circumflexus
1057 2542 1079 2570 ⁶.
1133 2543 1256 2578 spondit,
1274 2553 1329 2585 non
1345 2546 1393 2571 etse
1408 2545 1625 2573 consuetudinem
1645 2554 1706 2581 pop.
1723 2547 1839 2574 Romani
1859 2550 1979 2584 accipere
1999 2551 2032 2578 ab
2049 2551 2123 2579 hoste
2144 2562 2185 2580 ar-

36 2590 105 2615 Haec
112 2587 262 2614 Diomedes.
276 2584 533 2620 Martian.Capella3
548 2594 573 2619 p.
584 2586 618 2610 62
631 2589 697 2609 extr.
724 2583 824 2608 Acutus
838 2587 957 2608 accentus
971 2582 1119 2610 notatur70
1134 2586 1208 2606 mato
1222 2580 1423 2608 Conditionem.
1461 2582 1636 2608 Conditiones
1651 2583 1708 2609 Cic.
1722 2583 1794 2609 Fam.
1811 2585 1849 2616 16,
1865 2593 1902 2611 12.
1940 2586 2001 2613 Liu.
2017 2595 2061 2619 22,
2076 2608 2083 2614 .
2107 2590 2185 2618 Laeti

38 2623 176 2658 virgula'a
196 2622 295 2648 sinistra
316 2628 388 2656 parte
402 2621 431 2647 in
444 2621 563 2647 dextram
576 2617 750 2646 ascendente'.
788 2617 884 2644 Grauis
892 2624 980 2643 autem
995 2616 1078 2643 alini·
1132 2621 1223 2642 tamen
1237 2625 1422 2652 quamcunque
1429 2616 1620 2644 Conditionem
1635 2619 1782 2652 paciscendi
1796 2627 1960 2655 acceperunt.
1991 2623 2184 2653 Comei-:turam

36 2659 87 2686 stra
95 2658 127 2685 ad
135 2659 252 2685 dextram
268 2655 444 2684 descendens'.
480 2655 575 2682 Inflexi
587 2655 687 2690 lignum
701 2654 737 2681 est
750 2653 832 2689 sigma.
844 2653 920 2687 super
935 2653 1001 2686 ipsas
1016 2652 1075 2678 lite·
1132 2652 1229 2686 accipit
1249 2652 1292 2679 hic
1307 2653 1408 2686 Status,
1422 2653 1488 2689 quid
1501 2654 1610 2680 senserit
1630 2653 1695 2688 legis
1710 2654 1869 2683 constitutor
1896 2657 2028 2691 QinCtil.
2044 2668 2073 2692 3,
2090 2663 2108 2687 6
2114 2681 2123 2694 ‚
2137 2671 2182 2695 42.

34 2703 76 2722 ras
90 2694 219 2721 deuexum
227 2695 249 2719 ''.
285 2694 323 2720 De
336 2693 376 2719 his
388 2691 484 2719 Libros
498 2700 605 2726 magnos
619 2690 739 2725 scripsisse
754 2689 927 2729 Apollonium
948 2694 975 2714 et
988 2689 1076 2715 Hero-
1133 2688 1281 2715 Consilium
1296 2689 1413 2729 Liu.-24,
1434 2709 1440 2716 .
1463 2709 1470 2716 .
1492 2709 1498 2716 .
1536 2689 1593 2716 Cic.
1608 2688 1640 2716 de
1654 2690 1725 2717 Clar.
1734 2692 1809 2718 Orat.
1819 2700 1846 2725 55
1867 2694 1959 2726 Qium
1973 2694 2005 2720 de
2020 2695 2096 2729 plebe
2112 2697 2182 2724 Con-

34 2731 143 2758 dianum
156 2730 227 2756 inter
240 2729 370 2761 Graecos,
390 2728 460 2754 inter
474 2728 583 2760 Latinos
596 2727 789 2759 Censorinum,
804 2725 949 2752 Priscianus
970 2723 1077 2757 testatur
1133 2724 1201 2750 sules
1215 2733 1270 2750 non
1283 2725 1428 2760 accipiebat
1442 2725 1559 2761 Appius,
1579 2728 1597 2752 i.
1611 2729 1733 2753 rationem
1744 2728 1893 2763 plebeiorum
1910 2739 1959 2756 non
1971 2731 2059 2758 habere
2077 2734 2183 2765 volebat,

32 2766 78 2794 lib.
92 2776 126 2800 ¹5·
161 2766 236 2792 Cuius
247 2763 323 2801 ipsius
334 2767 408 2791 etiam
421 2764 450 2790 de
464 2763 614 2791 accentibus
628 2762 696 2789 liber
720 2761 754 2796 qs}
776 2761 877 2798 Pulsa-h.
897 2767 926 2796 p.
944 2764 1009 2791 1286
1015 2760 1074 2797 sqq.
1086 2767 1118 2797 75
1132 2763 1234 2786 nomina
1247 2770 1328 2788 eorum
1340 2770 1390 2788 non
1401 2761 1535 2797 recipiebat
1546 2765 1614 2788 inter
1627 2762 1789 2790 candidatos.
1827 2764 1901 2801 Conf.
1917 2766 1977 2793 Liu.
1989 2775 2016 2800 9,
2030 2770 2068 2801 46
2086 2776 2110 2795 et
2123 2770 2183 2796 vide

35 2801 165 2836 Qiinffil.
182 2810 191 2828 1
200 2821 209 2834 ‚
219 2809 232 2834 5
241 2821 249 2834 ‚
261 2810 288 2827 22
310 2800 402 2827 Adhuc
416 2798 555 2827 difficilior
566 2799 718 2826 obseruatio
734 2797 770 2825 est
785 2807 831 2833 per
850 2803 970 2829 tenores,
988 2799 1075 2831 (quos
1129 2805 1187 2822 mox
1201 2796 1310 2823 Nomen
1324 2797 1449 2832 accipere.
1488 2797 1544 2824 Cic.
1553 2799 1630 2824 Verr.
1641 2807 1663 2831 3,
1671 2806 1700 2833 71
1720 2800 1836 2834 Imperat
1851 2802 2056 2835 Agyrinensibus
2064 2824 2073 2837 ,
2087 2810 2117 2831 vt
2130 2806 2181 2832 De-

34 2837 142 2874 quidem
155 2837 188 2864 ab
204 2837 327 2872 Antiquis
342 2835 427 2862 diuos
441 2842 548 2863 tonores
562 2835 697 2870 comperi,
710 2841 740 2862 vt
761 2833 887 2861 videlicet
907 2832 1038 2860 declinato
1059 2841 1075 2859 a
1130 2840 1219 2859 cumas
1234 2832 1281 2868 ipfi
1296 2833 1402 2868 publice
1415 2833 1559 2868 accipiant:
1580 2835 1703 2869 Apronio
1723 2835 1826 2862 lucrum
1841 2836 1911 2864 dent.
1951 2839 1991 2865 Sic
2005 2839 2071 2866 Plin.
2087 2849 2125 2874 12,
2139 2850 2178 2874 14.

35 2874 142 2902 Graecis
155 2872 258 2906 verbo,
275 2874 322 2908 qui
337 2878 414 2899 tonos
428 2871 548 2905 dicunt,)
562 2872 604 2899 vel
620 2877 750 2904 accentus,
761 2879 824 2906 quas
839 2869 934 2896 Graeci
947 2867 1075 2905 προσῳδιῖκς
1130 2869 1204 2895 Caes.
1219 2868 1283 2895 Bell.
1298 2869 1366 2896 Gall.
1382 2878 1402 2903 1,
1418 2878 1455 2903 40
1479 2871 1553 2904 Qos
1569 2875 1657 2897 tamen
1677 2870 1774 2906 aliquis
1792 2873 1851 2899 vsus
1872 2881 1901 2899 ac
1915 2869 2076 2909 Disciplina,
2098 2885 2179 2911 quam

31 2916 145 2943 vocant,
164 2918 223 2936 cum
237 2915 312 2936 acuta
324 2914 350 2935 et
364 2908 451 2943 grauis
465 2908 517 2935 alia
530 2917 578 2943 pro
592 2907 644 2935 alia
659 2907 777 2943 ponitur.
820 2907 963 2932 accentum
977 2905 1074 2932 Cicero
1129 2913 1145 2931 a
1160 2904 1238 2931 nobis
1253 2905 1420 2940 accepissent,
1435 2905 1594 2932 subleuaret.
1631 2906 1688 2933 Cic.
1705 2907 1759 2934 Att.
1778 2910 1815 2940 16,
1832 2916 1841 2934 1
1862 2908 1966 2937 Atticae
1979 2919 2054 2937 meae
2068 2912 2178 2938 Excusa-

0 2967 1 2970 ι
33 2947 127 2974 sonum
141 2946 214 2973 vocis
227 2945 334 2981 appellat
348 2944 376 2972 in
389 2945 465 2972 Orat.
481 2952 512 2980 57
527 2954 548 2971 c.
564 2952 593 2979 17
610 2944 682 2971 Mira
695 2943 732 2970 est
746 2942 818 2969 enim
833 2941 961 2977 quaedam
980 2947 1074 2968 natura
1083 2944 1116 2971 80
1129 2940 1232 2968 tionem
1253 2941 1364 2976 accipio.
1401 2941 1540 2978 Respondet
1563 2941 1666 2969 Afferre
1687 2944 1891 2970 excusationem.
1929 2944 1998 2971 Add.
2017 2947 2089 2973 Fam.
2104 2956 2132 2980 4,
2148 2957 2176 2981 4.

0 2991 1 3004 ι
33 2982 106 3010 vocis
115 3001 125 3014 ‚
143 2981 216 3008 cuius
230 2980 339 3016 quidem
351 2989 366 3007 e
380 2980 465 3008 tribus
479 2980 591 3007 omnino
605 2980 674 3006 sonis
683 2999 692 3013 ,
709 2980 808 3006 inflexo
817 2997 826 3010 ‚
844 2983 975 3011 acuto‚et
988 2978 1074 3013 graui,
1127 2977 1318 3012 Experimento
1330 2979 1378 3004 suo
1392 2978 1525 3012 accipere,
1540 2987 1570 3004 ac
1583 2984 1677 3005 natura
1690 2978 1771 3011 duce,
1785 2988 1840 3006 non
1855 2980 1910 3006 alio
1924 2981 2051 3008 tradente.
2090 2984 2178 3017 Quin-

0 3017 1 3021 ’
33 3023 105 3045 tanta
119 3017 166 3049 fit,
181 3023 207 3044 et
220 3022 274 3044 tam
288 3017 374 3043 suauis
387 3017 516 3049 varietas,
534 3016 651 3052 perfeth
666 3016 695 3043 in
709 3014 837 3042 cantibus.
882 3015 938 3041 Huc
948 3014 1073 3051 refereba-
1129 3012 1186 3040 etii.
1202 3015 1229 3046 6,
1243 3022 1270 3046 2,
1284 3021 1324 3047 25.
1361 3014 1434 3040 Caes.
1445 3013 1509 3041 Bell.
1525 3013 1607 3041 Ciuil.
1623 3023 1650 3047 2,
1665 3023 1700 3048 42
1721 3015 1821 3042 Amiffo
1834 3016 1974 3049 Exercitu,
1989 3025 2068 3052 quem
2083 3027 2097 3045 a
2111 3020 2175 3046 Cae-

0 3050 1 3080 l
30 3061 76 3081 eur
87 3054 145 3080 olim
157 3053 260 3080 Luci-et.
275 3061 305 3086 5,
323 3054 378 3087 746
395 3053 534 3088 Crepitans
547 3052 698 3079 accentibus
711 3052 774 3086 algi.
812 3048 988 3086 sedpraeclare
995 3059 1072 3077 emen·
1127 3049 1184 3076 sare
1200 3049 1263 3076 fidei
1278 3049 1443 3076 commissum
1463 3050 1602 3085 acceperit.
1646 3050 1746 3077 Sallust.
1762 3051 1791 3077 in
1804 3051 1924 3086 Iugurth.
1939 3061 1978 3086 14,
1995 3058 2019 3083 18
2040 3054 2176 3083 Postremo

0 3083 1 3123 l
31 3089 109 3117 datur
121 3088 161 3115 ille
175 3089 241 3115 Iocus
252 3098 268 3114 a
279 3089 397 3115 lambino
412 3090 551 3124 Crepitans
563 3096 592 3115 ac
605 3088 728 3115 dentibus
742 3087 839 3121 Algus,
858 3095 917 3122 quae
936 3084 970 3120 ⁶st
983 3087 1073 3113 hiemis
1127 3085 1257 3113 Mafiniss'a
1272 3094 1321 3113 nos
1335 3086 1373 3113 ita
1385 3085 1502 3113 instituit
1522 3094 1547 3113 Ρ.
1561 3093 1587 3114 C.
1603 3093 1637 3112 ne
1651 3095 1730 3121 quem
1745 3087 1901 3120 coleremus,
1914 3088 1962 3114 nisi
1977 3089 2105 3124 populum
2121 3092 2174 3118 Ro.

0 3125 1 3166 l
25 3123 192 3162 periphrafis.
246 3124 341 3151 Certior
361 3123 449 3152 auHor
469 3124 578 3158 Quinet.
594 3133 637 3158 12,
661 3134 707 3157 10,
724 3133 750 3157 33
768 3121 817 3149 Sed
832 3128 950 3150 accentus
963 3131 1071 3158 quoque
1085 3127 1114 3157 ες
1128 3130 1250 3149 manum:
1270 3131 1304 3148 ne
1318 3122 1465 3155 societates,
1473 3131 1521 3149 nec
1535 3121 1652 3149 Foedera
1666 3131 1737 3149 noua
1751 3124 1935 3158 acciperemus.
1972 3124 2173 3154 Plaut.Curcul.

0 3172 2 3184 ι
31 3175 86 3182 --
102 3160 190 3186 minus
203 3159 293 3186 suaues
306 3159 448 3194 habemus,
467 3161 530 3196 quia
543 3161 637 3188 vltima
644 3159 747 3193 Syllaba
754 3168 802 3185 nec
816 3164 888 3185 acuta
901 3168 1018 3194 vnquani
1027 3167 1070 3186 ex·
1126 3166 1155 3191 4,
1170 3167 1190 3190 1,
1205 3166 1234 3191 19
1254 3157 1307 3185 Sub
1320 3158 1472 3191 Veteribus,
1487 3158 1528 3185 ibi
1543 3159 1602 3185 sunt
1611 3178 1620 3191 ,
1634 3159 1682 3194 qui
1697 3158 1774 3191 dant,
1789 3159 1889 3194 quique
1903 3159 2035 3195 accipiunt
2050 3161 2172 3190 foenore.

0 3197 3 3214 ⁴·
30 3197 144 3228 citatur,
162 3204 209 3222 nec
224 3195 290 3221 flexa
305 3195 527 3230 circumducitur,
545 3197 630 3224 sedin
648 3205 756 3231 grauem
777 3194 820 3221 vel
840 3194 901 3222 duas
922 3203 1014 3230 graues
1029 3203 1070 3222 ca·
1126 3194 1203 3229 Virg.
1217 3195 1284 3221 Aen.
1302 3199 1332 3227 8,
1349 3202 1392 3228 150
1413 3195 1526 3229 Accipe,
1547 3194 1632 3230 daque
1652 3194 1744 3222 Fidem
1765 3194 1824 3220 Liu.
1840 3202 1892 3228 24,
1913 3215 1920 3222 .
1943 3216 1950 3222 .
1973 3216 1980 3222 .
2019 3197 2112 3232 Legati
2132 3208 2172 3226 re-

1 3219 3 3263 l
30 3232 71 3260 dit
83 3233 193 3266 semper.
303 3227 324 3268 ff
345 3239 359 3257 2
378 3232 462 3267 Magis
476 3233 584 3268 proprie
600 3233 756 3260 Ammianus
771 3232 815 3264 16,
827 3239 852 3257 12
867 3231 1002 3267 ficundum
1019 3232 1069 3258 Va·
1125 3230 1303 3265 sponderunt,
1324 3230 1389 3257 Fide
1402 3237 1514 3266 accepta.
1551 3230 1756 3264 Fidemaccepit
1770 3229 1885 3263 Fabula,
1898 3233 1916 3257 i.
1933 3232 2037 3259 Fabulae
2050 3234 2173 3261 creditum

0 3272 3 3298 ἢ
29 3267 119 3303 lelium.
139 3274 184 3294 aut
205 3275 260 3301 cap.
277 3274 317 3299 29.
354 3267 453 3295 Gruter.
487 3268 669 3304 Ahenatorum
692 3273 799 3295 accentu
823 3266 894 3302 signo
915 3266 986 3294 dato.
1023 3268 1068 3294 Ita
1124 3264 1159 3300 est
1177 3266 1294 3293 Martial.
1316 3266 1430 3302 Spe&ac.
1451 3275 1473 3300 5.
1522 3266 1579 3294 Cic.
1601 3276 1651 3302 pro
1670 3265 1790 3298 Flete-51
1813 3266 1954 3294 Pecuniam
1975 3267 2173 3298 adolescentulo

0 3303 3 3326 l
35 3302 144 3339 Valesius
159 3314 167 3329 .·
201 3309 229 3329 at
243 3303 362 3330 Occentu
377 3302 496 3330 lindebro
514 3307 562 3332 ius.
606 3307 690 3332 Etiam
703 3306 780 3331 Gron.
796 3312 821 3338 p.
837 3310 880 3338 157
900 3303 970 3331 Dato
984 3303 1110 3339 igitur90
1127 3302 1221 3337 grandi
1235 3303 1364 3336 foenore,
1384 3302 1495 3330 Fiducia
1507 3308 1596 3330 tamen
1607 3308 1724 3341 accepta,
1739 3302 1909 3336 occupauisti.
1947 3304 2023 3339 Virg.
2039 3305 2137 3341 Georg.
2149 3315 2170 3339 ι,

1 3375 3 3388 l

28 3339 202 3367 alienatorum
215 3344 321 3366 accentu
336 3338 489 3366 solemniter
510 3349 582 3375 igno.
1124 3346 1173 3374 170
1203 3355 1214 3361 -
1233 3355 1245 3361 -
1265 3355 1276 3361 -
1296 3356 1306 3361 -
1326 3344 1353 3365 et
1372 3339 1449 3366 curui
1468 3340 1593 3366 Formam
1611 3338 1706 3371 accipit
1724 3336 1811 3364 vlnius
1830 3339 1922 3366 aratri.
1960 3341 2036 3375 Virg.
2053 3342 2118 3368 Aen.
2132 3349 2170 3374 12,

66 3381 138 3403 Ace
147 3381 164 3402 Ε
173 3381 225 3402 ΝΤ
234 3382 243 3401 1
252 3381 331 3401 VNC
341 3381 362 3401 v
371 3381 388 3401 1.
398 3380 418 3400 Α
429 3394 438 3407 ,
452 3383 490 3401 ae.
507 3375 638 3404 diminute
673 3375 743 3404 Gell.
752 3383 795 3408 13,
808 3375 828 3401 6
844 3374 925 3408 dixit,
937 3378 982 3413 qui
994 3385 1066 3413 neoc·
1123 3376 1171 3408 568
1191 3374 1293 3402 Vrbem
1307 3374 1388 3402 hodie
1402 3375 1505 3402 causam
1521 3375 1602 3406 belli,
1615 3381 1694 3407 regna
1710 3373 1764 3408 ipsa
1778 3373 1887 3408 Latini,
1933 3374 1972 3402 Ni
1984 3376 2114 3404 Fraenum
2129 3386 2170 3404 ac-

2 3430 3 3439 .
28 3407 112 3445 ᾳδίαε,
130 3414 168 3438 ita
181 3410 317 3447 appellatas
335 3420 351 3437 a
371 3410 514 3442 Veteribus,
536 3419 660 3440 memorat.
1123 3411 1227 3446 cipere,
1242 3417 1268 3438 et
1282 3410 1350 3438 vieti
1364 3420 1456 3446 parere
1470 3411 1595 3438 fatentur.
1632 3408 1857 3448 C01un1e1.³12‚12‚
1871 3419 1887 3438 2
1905 3411 2038 3446 Lagenam
2052 3413 2081 3438 in
2094 3413 2169 3440 tabu.

65 3453 221 3474 Acan‘r
231 3452 279 3474 οι(
288 3466 296 3479 ,
309 3446 365 3473 oris
384 3445 476 3473 Ifidor.
490 3448 524 3479 6,
537 3455 574 3480 19.
594 3447 647 3474 uid.
669 3449 802 3475 Incentor.
1124 3446 1218 3480 latum,
1234 3447 1306 3482 quod
1320 3448 1434 3474 Fumum
1448 3448 1560 3482 accipit,
1574 3451 1721 3479 reponunt,
1742 3448 1761 3472 i.
1775 3453 1805 3472 vt
1823 3446 1887 3473 idem
1906 3450 1933 3473 in
1942 3447 1998 3484 fine
2011 3448 2116 3474 eiusdem
2129 3459 2169 3476 ca-

65 3488 203 3515 Accio,
219 3481 258 3515 is,
274 3482 330 3515 iui,
346 3485 431 3514 itum,
448 3483 497 3508 ire.
516 3483 689 3519 [προσ-καλέω,
706 3482 833 3516 ἐκκαλέω]
869 3480 1001 3517 Arcff’re,
1014 3491 1067 3510 euo-
1078 3491 1110 3519 95
1117 3486 1186 3519 pitis
1199 3486 1336 3519 exprimit,
1355 3484 1386 3510 In
1399 3483 1557 3515 tabulatum,
1565 3480 1637 3516 quod
1652 3480 1845 3517 suffumigatur,
1853 3489 1993 3517 reponunt.
2015 3484 2090 3519 Virg.
2101 3486 2167 3512 Aen.

0 3546 5 3553 ,
32 3526 96 3545 care.
131 3517 192 3545 Liu.
210 3527 234 3549 1,
249 3524 277 3551 35
294 3517 439 3545 Ludicrum
453 3518 522 3550 fuit,
538 3518 602 3554 equi
615 3519 768 3555 pugilesque
790 3527 822 3544 ex
843 3517 969 3546 Hetruria
983 3520 1067 3546 maxi·
1122 3528 1143 3552 1,
1159 3521 1209 3552 689
1232 3520 1267 3546 Vt
1284 3529 1344 3546 cum
1364 3526 1390 3546 te
1405 3520 1517 3546 Gremio
1537 3517 1648 3551 accipiat
1667 3517 1802 3544 laetiffima
1817 3518 1897 3545 Dido.
1941 3520 2013 3545 Brut.
2029 3519 2062 3546 ad
2077 3521 2134 3548 Cic.
2149 3530 2168 3555 4

30 3553 168 3580 meaeciti.
203 3553 292 3580 Acciri
305 3562 414 3589 peregre
424 3554 489 3581 vLiu.
504 3563 534 3587 2,
549 3556 566 3581 6
587 3553 642 3581 vid.
657 3561 811 3582 PEREGR
821 3560 848 3581 E.
883 3555 938 3582 Cic.
949 3557 1003 3582 Att.
1021 3563 1043 3589 5,
1058 3565 1067 3582 1
1123 3556 1215 3589 Qum
1233 3555 1400 3590 exploratum
1421 3555 1520 3582 habere
1540 3561 1652 3588 coepero
1667 3554 1804 3580 Caesarem
1819 3553 1993 3586 Honoribus,
2013 3564 2079 3590 quos
2098 3566 2169 3584 acce-

35 3586 180 3627 {ru-inuita
190 3588 330 3623 mulieres,
349 3599 398 3625 ego
416 3590 539 3617 acciuero
561 3598 666 3625 pueros.
737 3590 798 3617 Liu.
820 3597 882 3623 1,35
903 3591 934 3618 Et
947 3592 1067 3619 Numam
1141 3591 1207 3624 erit,
1223 3591 1443 3619 extraordinariis
1456 3591 1515 3617 fore
1532 3594 1693 3617 contentum.
1731 3591 1799 3617 Huic
1817 3594 1968 3625 reciprocum
1985 3589 2036 3624 est,
2057 3592 2170 3620 Deferre

31 3631 153 3657 {mamm
165 3623 255 3658 vrbis,
269 3634 324 3652 non
337 3625 478 3661 petentem,
491 3626 520 3653 in
535 3635 646 3661 regnum
659 3624 732 3652 vltro
745 3626 867 3653 accitum.
901 3627 958 3654 Cic.
967 3627 999 3654 de
1006 3628 1026 3655 F
1028 3628 1066 3654 in.
1144 3636 1248 3654 otiores.
1301 3628 1357 3654 Cic.
1379 3627 1413 3654 ad
1428 3628 1466 3661 Q
1479 3626 1553 3652 fratr.
1570 3633 1597 3658 1,
1610 3633 1621 3652 1
1642 3625 1721 3652 Certe
1737 3627 1937 3653 Humanitatem
1959 3626 1992 3652 iis
2007 3628 2168 3661 potiffimum

4 3687 5 3691 ,
35 3665 60 3691 5,
72 3665 101 3691 93
129 3659 186 3693 Qi
198 3659 224 3686 se
237 3660 367 3696 fatentur,
390 3662 498 3689 virtutis
513 3663 603 3695 causa,
626 3660 674 3688 nisi
688 3669 718 3687 ea
730 3660 1017 3697 voluptaternacciret,
1032 3662 1242 3693 neiootribuere
1256 3663 1398 3695 debemus,
1417 3671 1432 3689 a
1447 3661 1544 3697 quibus
1559 3661 1715 3696 accepimus.
1752 3661 1870 3689 Imbrem
1890 3664 1908 3687 i.
1925 3669 2021 3696 aquam
2035 3665 2169 3699 accipiunt

4 3700 5 3706 ¹
35 3701 140 3734 manuni
154 3694 261 3735 quidem
271 3698 392 3725 versuros
405 3698 488 3725 fuiss'e.
525 3699 582 3725 Cic.
592 3698 672 3725 Attic.
683 3705 716 3730 13,
724 3702 758 3730 48
779 3697 830 3729 (al.
843 3701 906 3733 47.)
940 3700 965 3726 Is
981 3700 1065 3735 igitur
1121 3708 1201 3726 naues
1208 3700 1284 3735 Virg.
1296 3701 1360 3726 Aen.
1370 3700 1450 3731 1,126.
1489 3697 1545 3724 Cic.
1554 3706 1602 3732 pro
1610 3698 1695 3724 Plane.
1703 3707 1739 3731 90
1760 3698 1815 3732 Ego
1823 3706 1888 3724 vero
1895 3706 1929 3723 ne
1936 3698 2168 3728 Immortalitatem

4 3732 5 3769 ]
34 3727 54 3755 fi
75 3736 195 3763 acciti-it,
216 3738 356 3771 accurram.
401 3735 432 3761 Et
451 3734 484 3762 de
494 3734 543 3761 Or.
558 3743 588 3767 3,
607 3743 647 3768 141
674 3734 731 3767 Qui
751 3732 820 3759 hunc
839 3733 987 3762 Alexandro
1006 3735 1066 3762 filio
1121 3735 1329 3771 quidemcontra
1339 3743 1422 3769 remp.
1430 3733 1607 3768 accipiendam
1615 3731 1745 3769 putarem.
1781 3733 1937 3768 Imperium,
1940 3736 2170 3772 pr0Parereimpe-

35 3763 171 3805 ‹lo-&ornem
180 3767 294 3795 acciu-it.
335 3769 427 3797 Tacit.
441 3771 509 3797 Ann.
522 3779 550 3803 1,
567 3778 596 3804 5,
615 3779 634 3804 4
654 3769 772 3797 Vixdum
792 3770 914 3804 ingreffus
929 3771 1066 3805 Illyricum
1121 3774 1175 3802 rio,
1189 3771 1368 3807 iuffisobedire.
1405 3770 1530 3803 Liu.25,.
1552 3790 1558 3796 .
1581 3789 1588 3796 .
1625 3771 1784 3806 Reciprocum
1792 3770 1934 3803 Imperare.
1968 3770 2038 3798 Adel.
2048 3772 2116 3807 Nep.
2125 3781 2170 3806 22,

33 3799 308 3841 lemtfflproperis
318 3806 410 3833 matris
422 3805 507 3833 literis
520 3807 629 3834 accitur.
662 3805 733 3833 Add.
748 3805 817 3833 Hist.
830 3813 861 3840 5,
873 3814 918 3841 ²5,
932 3816 955 3835 2.
992 3808 1067 3836 Mor·
1124 3816 1148 3840 3,
1162 3816 1183 3840 3.
1222 3807 1278 3834 Cic.
1294 3816 1343 3842 pro
1358 3805 1468 3840 Quinc‘t.
1482 3808 1514 3838 ⁶3
1535 3805 1668 3833 Iudicium
1684 3806 1751 3842 quin
1768 3805 1897 3839 acciperet
1910 3806 1940 3832 in
1959 3815 1989 3833 ea
2012 3808 2067 3842 ipsa
2086 3808 2170 3835 verba

4 3847 5 3853 ,
32 3841 87 3864 tem
100 3843 188 3899 κατε-ἓ
196 3836 270 3900 {imi
275 3847 304 3873 4,
315 3847 341 3875 2,
350 3848 395 3877 τε.
430 3841 526 3881 Velle'b
539 3851 564 3877 2,
575 3844 618 3878 68,
629 3843 657 3870 6.
1076 3853 1120 3880 ¹05
1126 3852 1194 3880 quae
1208 3843 1302 3872 edebat
1308 3842 1437 3903 ‘Naguius
1446 3860 1456 3875 ,
1477 3850 1532 3869 non
1552 3843 1672 3870 recusare
1681 3862 1691 3875 ,
1711 3844 1730 3868 i.
1745 3840 1876 3868 iudicium
1896 3848 2046 3878 pateretur,
2068 3843 2172 3906 iuidsscio

216 3891 223 3899 ·
572 3888 574 3890 ’
1143 3894 1145 3896 -
1370 3890 1380 3904 ³
2102 3888 2116 3906 e
2130 3888 2173 3906 en·
