2474 4182
56 126 142 165 ‚149
330 162 331 165 Ἴ
426 108 463 149 c
543 107 579 149 o
667 105 712 146 N
1532 114 1568 156 c
1655 116 1691 158 o
1776 115 1821 158 N
2104 140 2192 177 „50

52 204 140 230 serunt
152 200 287 231 homines,
307 202 433 232 quantum
453 198 482 224 in
501 197 584 233 capita
603 196 755 231 promiffinn
768 195 820 235 est.
892 195 960 222 Suet.
978 196 1085 232 August.
1147 195 1175 222 in
1188 194 1276 238 lustris
1289 197 1425 225 comedam
1437 204 1463 226 et
1475 210 1655 240 congraerem,
1667 213 1749 242 pater.
1788 205 1912 235 Trat‘lum
1923 209 1957 243 qs?
1969 220 1999 239 ex
2010 223 2074 241 more
2088 215 2191 242 Graeco-

53 248 75 265 c.
88 247 117 271 41
148 235 287 270 Congiaria
304 234 458 268 frequenter
471 233 570 273 populo
587 231 674 263 dedit,
687 230 730 256 sed
748 230 866 257 diuersae
885 231 941 258 fere
959 233 1083 264 summae,
1146 240 1214 263 rum,
1229 240 1269 271 qu!
1285 236 1503 270 compotationibus
1516 249 1545 264 ac
1559 241 1656 268 deliciis
1669 245 1729 279 plus
1743 253 1817 280 aequo
1833 243 1971 280 indulgent.
2014 250 2085 276 Vnde
2097 257 2123 279 et
2133 252 2193 278 Per.

52 273 132 301 modo
145 271 352 307 quadringenos,
371 269 453 296 modo
469 275 597 299 tricenos,
610 275 798 300 nonnunquam
812 266 940 299 ducenos,
955 269 1083 302 quinqua·
1147 274 1272 301 graecari.

52 315 182 344 genusque
199 297 301 332 nuniOS.
364 305 461 332 Lenire
480 301 676 331 multitudinem
696 301 847 336 imperitam
861 303 1004 336 congiariis
1024 304 1080 330 Cic.
1182 308 1198 328 C
1209 307 1228 327 O
1242 308 1262 327 N
1274 309 1294 328 G
1304 310 1322 329 R
1331 311 1352 330 Α
1361 312 1374 331 s
1383 312 1397 332 s
1408 311 1428 332 0
1439 313 1457 332 R
1467 326 1475 338 ,
1495 308 1543 334 ari.
1584 312 1662 346 Apud
1681 315 1863 348 Augustinum·

50 343 160 377 Philipp.
175 350 201 374 2,
216 344 256 367 116
270 350 291 367 c.
306 348 347 374 45.
403 340 456 373 Sed,
469 346 498 366 vt
511 338 627 369 diximur,
641 337 816 371 Congiarium
834 337 867 371 est
885 342 957 364 etiam
974 341 1082 372 Donum,
1107 337 1122 364 5
1180 343 1197 363 c
1208 342 1227 362 Ο
1238 344 1344 365 NGRA
1354 347 1367 366 s
1377 342 1421 380 εἷς
1431 347 1452 366 Τ
1464 347 1483 367 o
1495 349 1530 373 R,
1550 346 1612 372 aris,
1633 357 1667 374 m.
1704 351 1780 384 Apud
1799 350 1907 377 firmic.

49 377 234 415 quodp1·i⁷1c<ps
243 379 367 412 priuatim
381 375 424 402 dat
437 376 520 402 alicui.
591 372 697 398 Plancus
712 382 806 408 niagno
820 374 956 408 congiario
971 374 1081 401 donatus
1182 377 1226 398 CO
1236 380 1257 399 N
1268 379 1316 400 GR
1326 381 1345 400 Α
1356 381 1405 402 Tv
1414 384 1430 402 L
1440 382 1459 402 0
1471 384 1489 402 R
1503 398 1511 410 ,
1540 380 1586 406 ari.
1623 382 1635 414 [
1647 385 1771 420 συγχαίρω
1781 406 1787 417 ‚
1812 385 1964 422 συνήδημαι]
2006 387 2062 414 Vna
2082 388 2192 424 gamit-re

49 422 64 440 a
78 413 185 439 Caesare
204 413 259 439 Cic.
276 413 346 438 Fam.
361 416 384 441 8,
397 419 419 443 3.
454 408 521 437 Add.
534 408 588 434 Att.
602 415 640 440 10,
654 408 725 444 7fin.
797 410 866 436 Suet.
878 410 910 435 de
924 409 1079 437 ClanRhet.
1142 407 1248 433 alterws
1262 408 1321 435 bono
1336 411 1391 437 Cic·
1403 421 1452 445 pro
1470 412 1537 438 Sext.
1553 422 1583 440 :0
1613 417 1684 444 Mihi
1703 419 1818 455 denique
1834 421 1955 448 hommes
1974 430 2113 457 praecipue
2126 433 2194 451 con-

48 458 70 476 e.
84 456 114 482 27
144 448 201 475 Nec
223 457 256 474 co
270 447 371 477 minus,
384 447 466 472 immo
479 443 521 471 vel
533 443 615 477 magis
634 444 669 470 ob
685 444 734 471 hoc
748 445 866 472 Antonio
878 451 978 479 gratus:
999 454 1013 471 a
1026 454 1080 480 quo
1144 443 1349 477 gratulabantur.
1373 446 1444 473 Adde
1457 455 1506 481 pro
1520 448 1602 476 Plane.
1618 453 1651 477 66
1664 462 1684 478 c.
1700 462 1738 489 27.
1752 462 1774 481 et
1787 465 1835 490 pro
1849 457 1967 484 Marcell.
1980 466 2009 491 19
2025 467 2046 485 c.
2060 461 2085 486 6.
2117 461 2175 488 Con
2188 476 2193 479 -

46 492 110 510 mox
125 483 239 510 Consule
259 483 348 516 ingens
370 482 448 508 etiam
472 479 636 513 congiarium
657 481 764 515 accepit.
834 480 905 506 Idem
921 481 992 506 Caes.
1010 489 1030 506 c.
1045 488 1080 515 27
1143 478 1299 512 gratulantes
1314 479 1348 513 cst
1361 482 1441 508 Plaut.
1455 484 1526 509 Men.
1543 492 1562 516 1,
1579 494 1604 516 2,
1618 494 1660 512 20.

46 518 219 546 Vberrimuni
234 517 406 552 congiarium.
462 514 510 541 Sed
522 521 545 541 rt
558 517 584 540 in
599 516 700 550 Vespas.
713 525 733 542 c.
746 521 770 546 18
797 515 891 542 Colossi
909 515 1078 548 refectorem,
1096 523 1125 541 10
1177 520 1193 540 C
1204 519 1223 539 0
1235 521 1255 540 N
1266 521 1286 540 G
1296 522 1314 540 R
1324 523 1344 542 Α
1353 523 1373 542 'r
1384 525 1403 544 V
1412 525 1427 543 L
1436 525 1457 544 A
1467 526 1487 544 rr
1497 526 1505 544 1
1517 525 1537 544 ο
1547 540 1555 552 ,
1577 521 1645 547 otiis.
1673 522 1692 548 f.
1729 525 1925 562 [συνευφρκσία]
1961 528 2016 555 Cic,
2029 528 2061 555 ad
2079 529 2152 555 Brut,
2171 538 2193 562 3r

46 554 140 589 infignj
154 554 306 589 congiario,
320 558 462 586 magnaque
475 550 594 576 mercede
609 551 738 584 donauit,
759 554 777 577 i.
798 560 893 577 mamre
906 553 1076 586 lmpcratoria.
1142 548 1189 588 Sed
1205 555 1292 575 tamen
1305 553 1425 578 omnium
1441 554 1566 582 ordinum
1584 557 1738 591 consensuS,
1757 562 1900 594 gratiarum
1920 563 2007 598 aestio,
2021 565 2184 599 congratula-

46 590 113 617 Acta.
128 590 166 616 Id.
185 590 217 616 de
229 589 296 616 Clar.
313 587 386 614 Rhet.
400 594 421 611 c.
435 594 457 618 3.
526 586 657 619 Qiinelil.
672 589 697 617 6,
710 595 733 619 3,
746 595 775 620 52
796 588 824 613 In
838 586 999 621 Metalcplim
1013 595 1077 621 quo·
1139 591 1233 619 troque
1252 594 1295 610 me
1310 594 1470 614 commouet.

45 634 97 660 que
110 625 180 651 cadit
198 625 268 651 ratio
287 623 432 653 dictorum,
452 627 480 647 vt
494 621 592 648 Fabius·
607 623 739 649 Maximus
759 623 876 649 incusans
890 622 999 656 Augusti
1020 631 1080 648 con·
1175 627 1192 647 C
1202 626 1222 646 O
1233 628 1254 647 N
1263 627 1283 647 G
1294 627 1312 646 R
1322 628 1372 661 AuT
1382 630 1402 648 v
1412 631 1427 649 L
1438 625 1460 650 A
1469 631 1490 651 Τ
1502 631 1521 652 0
1533 632 1552 652 R
1561 645 1569 658 ,
1590 628 1654 653 oris.
1681 637 1716 653 in.
1752 631 1829 665 Apud
1848 633 1983 667 Augustin.

45 661 208 695 giariorum,
220 668 285 695 quae
302 657 391 684 amicis
410 656 553 690 dabantur,
571 658 757 692 exiguitatem,
780 658 926 684 heminaria
939 658 988 684 else
1001 658 1077 684 dixit.
1177 662 1194 683 C
1205 661 1224 682 0
1234 664 1255 683 N
1267 662 1287 683 G
1298 663 1316 682 R
1326 664 1347 682 A
1356 664 1376 682 v
1388 664 1407 683 ο
1418 678 1426 689 ,
1447 663 1499 686 are.
1535 662 1612 696 Apud
1628 663 1740 690 Hieron.

19 689 21 694 ¹
44 697 101 723 sen,
119 696 150 722 de
163 696 251 722 genef.
263 703 287 724 2,
299 694 327 719 16
343 691 377 717 rid
387 693 557 719 Alexandrum
570 695 608 720 M.
645 694 734 720 Liceat
756 694 814 720 sane
833 694 900 719 istud
920 693 971 720 tibi
990 709 1036 714 —-
1051 697 1124 725 vt·l3
1177 698 1194 718 C
1205 697 1225 718 Ο
1236 699 1258 718 N
1268 698 1340 719 GRE
1350 699 1386 718 D1
1397 698 1416 718 ()
1426 700 1445 719 R
1459 715 1468 728 ‚
1495 698 1589 728 gressus
1602 699 1673 731 suin,
1701 699 1753 725 edi.
1789 701 1967 736 [συνέρχομαι,
1987 703 2098 739 σύνειμι]
2134 705 2185 732 Ac.

20 728 28 776 ἰ
43 731 187 766 Congiaria
202 737 244 757 tua
258 727 334 756 vrbes
348 728 404 755 lint.
457 728 528 754 Idem
544 729 622 763 Epist.
641 738 675 762 29
704 729 823 756 Obiiciet
841 729 1004 763 philosophis
1019 738 1080 756 con·
1142 726 1224 753 cedere
1236 726 1305 764 adse
1318 730 1438 760 inuicem,
1451 736 1474 754 et
1487 736 1624 759 conuenire.
1661 735 1758 767 Varro,
1779 736 1930 772 Omnesque
1943 740 1970 766 in
1983 749 2061 766 vnani
2074 741 2187 768 domum

42 767 140 802 sima,
153 767 260 799 amicas,
272 762 379 798 eulaius
403 763 440 789 Id.
461 764 566 790 Consol.
580 764 611 791 ad
627 765 704 791 Helu.
721 773 749 790 10
773 764 802 790 de
818 768 922 799 Apicio,
947 766 1015 791 C1¹¹¹¹
1039 771 1079 792 ‘0‘
1144 763 1267 797 “ong‘effi
1287 763 1362 790 fi¹m¹¹
1380 763 1545 791 dis⁰¹¹b¹'er‘⁸'
1598 769 1646 803 ῙΡῙἰ
1661 770 1719 796 sunt
1734 771 1857 805 conngffi
1879 773 1948 808 Nep·
1964 783 2004 808 ¹4>
2018 784 2051 807 ¹¹²
2070 777 2086 801 ⁶
2100 776 2138 812 fi*-
2152 776 2187 803 ‘¹¹¹

43 803 177 838 congiaria
200 799 349 836 principum
385 813 430 819 —-
465 800 571 834 anguiis
591 800 816 826 coniissationibus
835 800 1000 833 exstirpant—t.
1047 802 1079 827 at
1143 798 1343 839 colloquendwv·⁴
1365 799 1438 835 Confi
1452 799 1620 828 Flam-Curc-
1635 812 1657 835 2,
1672 813 1691 836 ¹,
1704 813 1741 836 19-
1779 807 1988 843 Most.3‚2,97.
2013 811 2186 845 Pers.1‚1,1;.

19 828 23 868 ζ
42 838 121 865 Cons-
140 837 172 864 ad
189 837 270 864 Marc.
290 843 318 861 22
346 834 452 861 Seianus
476 843 575 870 patrem
596 843 669 862 tuum
687 835 778 862 clienti
796 836 842 861 suo
860 836 944 862 Satrio
959 836 1077 862 Secundo
1144 834 1207 860 Acie
1220 834 1359 869 congredi,
1381 835 1433 862 vid.
1453 842 1577 863 ACIES.
1649 840 1773 867 Actutum
1787 843 1948 877 congredere
1961 846 2030 871 Ter.
2043 846 2149 873 Phorm.
2162 854 2186 880 ς,

18 879 20 891 J
40 872 204 908 congiarium
218 870 305 903 dedit,
326 873 343 896 1,.
369 873 395 896 ’.η
414 872 483 897 illius
494 874 603 908 gratiam
618 870 741 906 perdidit.
789 872 819 897 Et
834 871 866 897 de
880 872 983 905 Transp
999 873 1047 898 Αη,
1062 874 1124 898 620
1143 871 1169 901 6,
1183 878 1217 895 12.
1236 873 1254 896 i.
1273 870 1371 903 accede,
1388 878 1418 897 vr
1437 877 1513 898 tecum
1531 873 1598 912 loqui
1608 873 1705 907 poffim.
1776 878 1831 903 Cic.
1848 879 1876 904 in
1890 879 1976 906 Pison.
1989 889 2019 913 59
2053 882 2132 908 Mitte
2150 882 2184 908 ad

39 907 193 944 reprehendit
206 916 259 939 cos,
269 906 317 941 qui
332 906 433 933 fercula
446 915 494 941 pro
510 907 651 940 congiariis
669 911 823 938 numerant,
839 909 857 932 i.
877 910 976 942 magnis
993 907 1078 941 benefi-
1142 914 1203 930 cum
1217 905 1352 946 libel-lum:
1387 906 1430 933 sed
1443 907 1495 947 iani
1510 906 1527 933 fi
1545 908 1599 942 ipse
1611 917 1700 935 coram
1715 913 1840 944 congredi
1854 915 1962 947 poteris,
1976 915 2186 951 meditarc,qui-

20 967 22 969 .
39 948 88 971 ciis
98 950 122 970 et
134 943 289 974 muneribus,
302 951 361 978 quae
382 945 504 976 imputare
519 942 618 977 pallius.
655 943 686 968 Et
701 941 734 968 de
745 942 844 968 Breuit.
859 942 929 968 vitae
944 947 957 972 8
982 943 1078 969 Annua
1141 939 1190 966 bus
1208 941 1298 981 yerbis
1318 943 1448 982 incensam
1474 942 1545 969 illius
1564 943 1914 985 cupiditatechomprimas
1934 957 2012 985 atque
2031 952 2185 986 restinguas.

20 974 24 1008 v,
39 978 170 1014 congiaria
192 978 313 1004 homines
331 977 462 1004 clarissimi
481 978 626 1012 acciplunt,
646 986 677 1004 ex
691 976 732 1004 his
751 983 795 1004 aut
809 976 943 1010 laborem,
957 984 1001 1005 aut
1015 987 1077 1013 ope·
1140 976 1171 1001 In
1183 975 1275 1015 aliquo
1289 977 1349 1003 loco
1368 979 1424 1004 Cic.
1439 979 1509 1004 Fam.
1527 981 1553 1011 6,
1568 988 1585 1005 1.
1638 981 1679 1007 Sic
1703 980 1786 1007 Filius
1800 987 1859 1007 tuus
1871 991 1885 1008 a
1897 993 1938 1010 me
1952 986 2036 1012 abest:
2055 987 2083 1012 in
2098 989 2185 1014 Mace-

22 1025 24 1039 ι
37 1023 109 1046 ram,
121 1020 166 1041 aut
186 1013 352 1048 diligentiam
371 1014 442 1039 suam
463 1013 558 1040 locant.
725 1010 744 1050 fi
766 1022 781 1039 2
818 1013 961 1048 Congiaria
973 1016 1000 1039 in
1022 1024 1077 1040 cau-
1141 1010 1221 1038 donia
1233 1012 1436 1052 congrediemur
1449 1014 1521 1040 Brut.
1536 1014 1568 1040 ad
1582 1014 1637 1042 Cic.
1648 1016 1691 1050 Ep.
1705 1018 1729 1042 6-
1802 1017 1884 1043 Plaut.
1897 1020 1991 1053 Amph.
2005 1030 2032 1054 4,
2046 1030 2061 1047 2
2076 1023 2185 1057 Suppos.

21 1052 152 1087 pomariae
170 1049 283 1076 tabernae
301 1046 461 1081 instrumento
480 1055 643 1075 uiritim-antur
659 1048 676 1074 l.
693 1056 715 1080 13
737 1048 881 1075 Tabernae
902 1050 932 1075 D.
956 1049 987 1075 de
1000 1049 1075 1075 lustr.
1089 1049 1120 1075 25
1141 1055 1163 1078 2,
1178 1054 1205 1079 35
1226 1048 1372 1075 Hommem
1386 1058 1419 1075 ne
1432 1049 1636 1084 congrediamur
1648 1052 1761 1085 quaeso,
1783 1053 1856 1086 prius
1872 1062 1951 1088 quam
1966 1055 2126 1082 stomachum
2142 1059 2186 1084 de..

22 1076 61 1116 flet
72 1085 146 1113 Instr.
162 1085 212 1120 leg.
230 1094 283 1111 cum
297 1084 425 1111 sextariis.
460 1085 522 1112 Sunt
538 1093 594 1120 ergo
608 1083 668 1119 vasa
679 1084 803 1118 congium
816 1088 949 1120 capientia.
1140 1083 1253 1115 texerit,
1274 1087 1292 1109 i.
1307 1084 1466 1120 alloquamur.
1487 1085 1534 1112 Sed
1546 1087 1625 1121 nescio
1636 1097 1707 1122 quam
1721 1088 1784 1114 bene.
1857 1089 1929 1115 Caes.
1943 1090 2007 1116 Bell.
2019 1091 2100 1117 Ciuil.
2116 1101 2135 1123 1,
2149 1103 2187 1126 40

27 1118 28 1131 l
70 1127 146 1148 CON
155 1128 175 1147 G
186 1128 231 1147 LA
242 1126 305 1147 Clo
319 1139 326 1152 ,
351 1124 401 1146 sire.
438 1119 653 1153 [συμπήγνυμσει]
690 1121 720 1146 In
737 1121 840 1156 glaciem
860 1122 979 1146 conuerti.
1017 1120 1073 1147 Cic.
1140 1119 1295 1153 Congress'ae
1308 1120 1507 1153 pabulatoribus
1525 1121 1641 1156 legiones
1660 1123 1777 1149 videntur
1797 1133 1847 1149 vna
1861 1123 1963 1160 egrqffiie
1980 1124 2070 1158 castris
2083 1128 2187 1161 pabula-

35 1157 67 1184 de
81 1157 145 1184 Nat.
158 1157 238 1183 Deor.
252 1165 277 1189 2,
293 1157 327 1182 26
345 1163 366 1181 c.
382 1163 409 1181 io
435 1157 523 1190 Atque
542 1163 623 1190 aquae
638 1155 718 1182 etiam
732 1156 872 1182 admistum
887 1156 934 1182 else
947 1155 1073 1188 calorem,
1138 1161 1220 1180 torum
1239 1156 1383 1181 tuendorum
1402 1157 1483 1192 causa.
1538 1158 1586 1184 Sed
1597 1165 1693 1194 pugnae
1709 1162 1812 1186 initiam
1825 1167 1905 1186 notat.
1929 1160 1986 1187 Cic.
2000 1170 2049 1195 pro
2066 1161 2135 1187 Sulla
2149 1170 2186 1197 47

34 1194 151 1229 primum
173 1192 227 1227 ipse
245 1191 335 1226 liquor
343 1199 428 1231 aquae
445 1190 557 1231 declarat
577 1190 686 1222 effiffac,
708 1200 775 1226 quae
796 1200 881 1226 neque
899 1191 1075 1224 conglaciaret
1138 1198 1160 1215 c.
1174 1191 1203 1216 16
1224 1190 1353 1217 Nondum
1367 1191 1450 1218 statuo
1465 1198 1490 1218 te
1510 1193 1611 1219 virium
1626 1194 1685 1220 satis
1705 1194 1820 1227 habere,
1841 1201 1870 1222 vt
1883 1205 1932 1230 ego
1952 1201 2038 1223 tecum
2051 1196 2147 1223 luctari
2161 1203 2187 1224 et

34 1228 198 1263 frigoribus,
219 1235 304 1263 neque
323 1234 384 1252 uiue
399 1235 547 1261 pruinaque
565 1227 750 1253 concresceret.
787 1228 818 1254 In
833 1226 978 1262 quibusdam
998 1237 1074 1253 exem-
1091 1227 1123 1250 30
1140 1225 1266 1260 congredi
1284 1226 1401 1253 debeam.
1474 1229 1640 1255 Criminibus
1663 1239 1722 1257 cuni
1746 1230 1838 1266 aliquo
1869 1232 1925 1259 Cic.
1944 1241 1994 1266 pro
2007 1233 2128 1259 Muraen.
2141 1235 2187 1267 67.

27 1264 145 1301 plan-ibus
164 1264 272 1297 legitur,
300 1262 396 1296 Neque
420 1262 633 1296 conglaciarctur.
724 1263 835 1298 Metaph.
864 1262 935 1288 Cael.
957 1263 990 1288 ad
1015 1263 1071 1289 Cic.
1139 1261 1215 1296 Virg.
1229 1262 1293 1288 Aen.
1314 1271 1351 1296 12,
1365 1272 1409 1296 233
1445 1264 1500 1290 Vix
1520 1263 1636 1296 hostem,
1657 1266 1752 1293 alterni
1771 1266 1788 1293 si
1810 1268 2030 1303 congrediamur,
2048 1267 2188 1301 habemus,

36 1301 106 1327 Fam.
128 1305 152 1331 8,
172 1301 188 1326 6
226 1297 339 1326 Curioni
359 1297 448 1324 nostro
462 1298 630 1325 Tribunatus
644 1297 804 1334 conglaciat,
823 1300 841 1323 i.
855 1297 952 1334 friget,
964 1299 1071 1335 prorsus
1139 1299 1157 1323 ι’.
1179 1299 1257 1337 altero
1270 1305 1340 1325 tanto
1349 1299 1541 1336 plures-sumus.
1598 1301 1680 1328 Plaut.
1694 1302 1782 1329 Pseud.
1798 1311 1823 1335 2,
1838 1311 1857 1335 1,
1873 1306 1890 1330 6
1912 1305 1947 1330 Vt
1959 1303 2112 1339 vbicunque
2125 1313 2188 1331 cui-11

33 1336 99 1362 nibil
113 1337 168 1372 agit
182 1335 262 1365 Curio,
273 1340 389 1369 tanquam
405 1333 541 1360 Tribunus.
1140 1332 1260 1361 hostibus
1283 1334 1448 1369 congrediar.
1483 1336 1552 1362 Add.
1571 1336 1640 1371 Nep.
1658 1346 1693 1370 23,
1707 1347 1727 1369 1,
1740 1347 1764 1364 2.
1836 1340 1892 1366 Cic.
1914 1339 1946 1365 de
1960 1340 2022 1366 Nat.
2036 1340 2115 1366 Deor.
2135 1348 2160 1373 2,
2176 1349 2187 1367 ι

70 1370 381 1398 ροΝῦιΑειᾹΤνε
395 1389 404 1401 ,
430 1377 458 1401 a,
486 1378 540 1396 um.
576 1369 669 1396 Partic.
723 1368 790 1396 Plin.
807 1377 834 1402 2,
853 1370 870 1395 6
908 1369 1071 1399 Grandinem
1140 1368 1199 1394 Nae
1216 1378 1266 1403 ego
1286 1370 1419 1402 incautus,
1441 1372 1488 1405 qui
1508 1381 1566 1398 cum
1587 1373 1761 1408 Academico,
1782 1380 1807 1399 et
1828 1375 1921 1401 eodem
1940 1375 2047 1402 rhetore
2060 1375 2189 1410 congredi

34 1406 196 1441 conglaciato
209 1405 294 1432 imbre
307 1404 390 1440 gigni,
1086 1407 1115 1433 ΒΞ
1137 1409 1245 1430 conatus
1259 1406 1324 1431 sum.
1395 1405 1468 1433 Idem
1482 1416 1532 1442 pro
1545 1408 1634 1442 Ligar-
1649 1417 1667 1442 9
1689 1418 1711 1435 c.
1724 1418 1736 1441 3
1774 1410 1874 1437 Contra
1895 1411 1980 1445 ipsum
1995 1412 2131 1439 Caesarem
2149 1412 2187 1439 est

71 1447 89 1470 c
102 1448 121 1469 0
130 1449 152 1469 N
160 1448 181 1468 G
189 1447 205 1468 1.
214 1448 231 1468 E
240 1447 256 1468 Β
265 1448 284 1467 o
294 1460 302 1473 ‚
336 1439 401 1466 vnde
1136 1440 1284 1473 congressus
1301 1446 1424 1468 armatus.

71 1483 89 1504 c
100 1484 120 1504 o
130 1485 150 1504 N
159 1483 205 1504 GL
214 1481 341 1504 EBA‘rv
350 1483 363 1503 s
376 1495 385 1508 ,
407 1483 439 1508 a,
458 1484 512 1501 um.
529 1475 596 1501 Part.
627 1473 671 1506 Vt,
685 1473 776 1502 Tei-ra
790 1474 904 1503 humore
917 1475 997 1503 denso
1010 1486 1072 1508 con·
1173 1481 1249 1502 con
1259 1482 1279 1502 G
1289 1483 1307 1502 R
1317 1483 1333 1502 E
1342 1483 1361 1503 D
1371 1484 1380 1502 1
1391 1483 1424 1503 ο.
1457 1478 1563 1513 Legitur
1581 1479 1648 1514 apud
1667 1483 1798 1515 antiquos,
1814 1479 1872 1513 teste
1890 1481 1985 1507 Nonio
2004 1489 2031 1516 7,
2049 1491 2082 1516 42
2101 1483 2190 1511 plaut,

26 1512 135 1548 -glebata
148 1518 173 1539 et
185 1513 293 1547 puluere
306 1511 426 1538 Prudent.
440 1510 521 1544 praef.
536 1511 653 1536 Hamart.
669 1519 694 1536 v.
710 1518 747 1543 53.
1135 1510 1210 1545 Epid.
1233 1511 1308 1545 Qiid
1322 1511 1340 1537 fi
1355 1512 1464 1538 adeam?
1485 1513 1555 1539 haud
1569 1514 1624 1540 scio
1638 1523 1670 1540 an
1684 1515 1854 1549 congaedias,
1870 1515 1887 1541 fi
1907 1515 1970 1542 haec
1984 1525 2013 1543 ea
2027 1518 2072 1543 est.

65 1553 261 1580 coNGLisco,
281 1549 334 1574 ‘ere-
370 1545 527 1580 Concrqlcere
541 1544 570 1571 de
581 1545 698 1581 flamma,
717 1552 781 1572 certe
794 1549 859 1583 igni.
895 1548 978 1575 Plaut.
987 1549 1070 1576 Trin.
1175 1552 1192 1574 C
1204 1553 1222 1573 O
1231 1554 1254 1574 N
1263 1554 1284 1574 G
1293 1554 1336 1574 RE
1346 1554 1364 1574 D
1375 1554 1409 1574 ΙΕ
1418 1555 1440 1574 N
1449 1555 1462 1574 S
1476 1567 1484 1579 ‚
1511 1548 1587 1575 entis.
1624 1550 1716 1576 Partic.
1759 1551 1772 1584 [
1785 1551 1954 1586 συνερχόμενος
1968 1552 1981 1586 ]
2023 1552 2069 1578 Cui
2093 1554 2188 1588 Digre-

26 1591 54 1616 ς,
69 1592 91 1616 2,
106 1591 137 1616 52
164 1583 207 1610 Ne
225 1581 364 1609 scintillam
377 1579 484 1615 quidem
498 1580 630 1616 relinques
640 1601 648 1613 ,
662 1590 744 1616 genus
763 1583 810 1617 qui
829 1584 970 1618 congliscat
983 1590 1069 1618 tuum,
1078 1587 1116 1614 40
1135 1581 1209 1608 diens
1224 1586 1366 1619 opponitur.
1403 1583 1459 1609 Cic.
1471 1583 1503 1609 de
1518 1584 1581 1611 Nat.
1590 1585 1670 1612 Deor.
1685 1594 1708 1618 2,
1723 1594 1765 1617 103
1784 1595 1805 1611 c.
1819 1595 1856 1619 40
1881 1586 1930 1613 Sed
1943 1593 2000 1613 tuin
2013 1589 2187 1623 congrediens

26 1622 48 1644 τ’.
66 1628 96 1644 m
108 1621 232 1644 minimam
247 1617 320 1644 bonae
325 1615 414 1652 famae
421 1617 583 1651 particulam.
607 1616 666 1643 Vid.
680 1617 708 1643 de
722 1624 773 1644 toto
788 1619 839 1644 loco
853 1621 928 1646 Gran.
943 1620 1000 1656 Olafi
1010 1631 1035 1656 4,
1046 1631 1070 1653 3.
1136 1628 1195 1645 cuin
1215 1619 1285 1652 sole,
1302 1625 1359 1646 tum
1379 1618 1547 1654 digrediens,
1567 1620 1596 1648 de
1614 1622 1694 1648 Luna.
1748 1622 1782 1649 Et
1795 1621 1863 1649 Gell.
1878 1630 1912 1657 15,
1930 1625 1948 1649 6
1975 1624 2043 1650 Aiax
2057 1633 2118 1652 cum
2131 1626 2188 1653 He-

64 1659 82 1679 c
92 1659 112 1679 0
125 1659 148 1679 N
157 1659 202 1680 GL
212 1651 232 1680 ὅ
240 1658 282 1679 ΒΟ
295 1671 303 1684 ,
321 1656 373 1678 are.
410 1651 593 1687 [συναθροίζω]
629 1653 659 1679 In
671 1653 767 1689 globum
780 1655 901 1691 colligere.
937 1656 996 1682 Liu.
1010 1662 1032 1686 8,
1047 1665 1071 1683 ιι
1136 1654 1211 1681 &ore
1223 1655 1405 1690 congrediens.
1850 1659 1853 1663 '

25 1688 84 1723 Qi
98 1688 254 1715 Latinorum
263 1695 369 1722 pugnae
387 1686 569 1722 superfuerant
587 1688 678 1714 multis
692 1689 834 1716 itineribus
847 1690 971 1725 dissipati,
986 1701 1069 1726 quum
1171 1696 1188 1717 c
1202 1697 1220 1717 O
1231 1698 1252 1717 N
1263 1698 1284 1718 G
1294 1699 1313 1718 R
1322 1699 1339 1718 E
1348 1698 1360 1717 S
1370 1699 1382 1718 s
1393 1699 1413 1718 V
1422 1698 1452 1724 s,
1471 1700 1502 1724 a,
1523 1701 1577 1719 uni.
1603 1693 1698 1720 Partic.
1734 1693 1941 1729 [συνεληλυθῶς]
1977 1695 2111 1730 Congreffi
2125 1696 2189 1723 iun-

39 1724 93 1750 ein
106 1733 189 1751 vnum
205 1723 413 1758 conglobassent,
426 1724 519 1749 Vescia
532 1722 594 1750 vrbs
608 1724 664 1750 eius
677 1725 870 1759 receptaculum
884 1726 945 1752 fuit.
992 1728 1068 1754 Mare
1133 1732 1198 1760 gunt
1217 1726 1321 1754 dextras
1334 1727 1409 1761 Virg-
1425 1727 1489 1753 Aen.
1504 1732 1528 1760 8,
1542 1729 1606 1762 467.
1678 1729 1727 1755 Per
1743 1729 1851 1756 nostem
1872 1730 1996 1765 congressi
2016 1732 2056 1758 Id.
2079 1740 2105 1765 2,
2125 1740 2186 1767 397.

41 1759 200 1795 onglobatur
217 1758 335 1794 vndiquc
356 1759 412 1785 Cic.
429 1758 460 1785 de
478 1759 541 1785 Nat.
557 1759 635 1785 Deor.
654 1768 680 1792 2,
696 1762 738 1786 116
761 1770 782 1787 c.
802 1768 844 1793 45.
915 1761 975 1788 Liu.
994 1771 1035 1795 22,
1052 1771 1067 1797 ς
1083 1766 1118 1793 45
1132 1761 1177 1788 Ad
1187 1769 1222 1797 pu
1242 1763 1321 1789 nandi
1325 1762 1535 1798 significationem
1543 1767 1669 1799 pertinet,
1683 1772 1721 1797 vt,
1738 1765 1823 1792 Status
1836 1765 1888 1797 est,
1901 1767 1929 1792 in
1942 1776 1996 1801 quo
2012 1767 2131 1802 primuni
2144 1768 2187 1794 in-

33 1796 87 1822 ‘ors
108 1794 297 1830 conglobabat,
318 1799 343 1820 ct
363 1794 466 1820 animus
485 1795 544 1820 suus
564 1795 660 1829 cuique
673 1800 733 1822 ante
746 1801 791 1822 aut
802 1796 860 1830 post
871 1798 1005 1832 pugnandi
1024 1808 1068 1828 or·
1134 1797 1198 1825 sistit
1219 1773 1335 1825 defensio
1358 1799 1490 1832 congressa
1508 1799 1540 1826 ad
1557 1800 1756 1834 repugnandum
1771 1802 1826 1828 Cic.
1841 1802 1869 1828 in
1877 1802 1979 1837 Topic.
1993 1811 2033 1835 93.
2106 1803 2182 1838 Virg.

23 1831 117 1859 dinem
130 1831 217 1858 dabat.
237 1830 353 1862 subaudi,
366 1829 476 1857 Milites.
513 1829 581 1857 Add.
597 1830 714 1858 Lac'tant.
728 1830 759 1857 de
774 1832 849 1866 Opif.
862 1833 893 1859 D.
909 1842 930 1860 c.
940 1841 961 1866 ς.
1134 1833 1198 1859 Aen.
1220 1842 1258 1867 12,
1275 1836 1327 1869 465
1354 1834 1412 1860 Nec
1433 1834 1499 1868 pede
1518 1836 1680 1870 congressos,
1694 1845 1741 1863 nec
1755 1846 1839 1872 equo,
1854 1846 1901 1864 nec
1915 1838 1966 1864 tela
1985 1839 2099 1865 ferentes
2115 1840 2187 1866 Inse*

62 1867 360 1894 CONGLOBATVS
374 1887 383 1900 ,
402 1874 433 1898 a,
460 1874 514 1892 um.
551 1866 644 1892 Partic.
678 1866 880 1903 [συναθροιιθεὶς]
917 1869 1068 1904 Congloba-
1122 1869 1237 1903 quitur.
1309 1868 1384 1896 Idem
1404 1870 1469 1896 Aen.
1493 1879 1512 1903 1,
1532 1878 1584 1906 475
1611 1872 1710 1898 Infelix
1734 1881 1812 1907 puer,
1829 1880 1908 1908 atque
1928 1874 2014 1908 impar
2035 1876 2189 1909 congressus

38 1911 84 1929 um
97 1911 191 1938 corpus
210 1903 238 1929 in
251 1901 320 1938 pilae
337 1900 446 1927 modum
465 1901 532 1927 Plin.
545 1910 572 1933 9,
586 1904 631 1934 46.
704 1902 779 1929 Astra
792 1903 848 1929 Cic.
862 1905 896 1930 de
909 1904 972 1932 Nat.
986 1906 1066 1932 Deor.
1130 1903 1242 1931 Achilli.
1319 1906 1368 1931 Vbi
1380 1905 1501 1936 Seruius,
1522 1908 1691 1941 Congredior
1705 1908 1757 1935 tibi
1775 1909 1880 1944 antiqui
1900 1909 2037 1942 dicebant,
2051 1910 2114 1937 sicut
2134 1912 2183 1937 Pu-

56 1947 78 1965 c.
90 1941 135 1972 46.
190 1938 295 1965 Lucret.
309 1945 332 1969 2,
351 1944 389 1969 153
415 1936 473 1963 Nec
486 1936 638 1970 singillatim
652 1938 805 1973 corpuscula
816 1948 935 1975 quaeque
947 1950 1068 1976 vapores,
1081 1947 1112 1973 50
1131 1949 1184 1975 gno
1204 1940 1272 1976 tibi,
1287 1941 1394 1967 Dimico
1408 1942 1468 1968 tibi.
1510 1942 1601 1969 Hodie
1620 1943 1749 1977 dicimus,
1764 1945 1932 1979 Congredior
1952 1952 2037 1972 tecum
2047 1966 2055 1978 ,
2075 1947 2188 1973 Dimico

42 1973 74 2000 ed
87 1973 225 2008 complexa
236 1978 324 2001 meant
337 1972 407 2001 inter
420 1973 444 1998 se
458 1981 560 2006 conque
574 1972 695 2007 globata,
714 1976 731 2000 i.
753 1975 926 2009 Conglobata.
964 1979 1002 2003 De
1016 1985 1068 2004 ato.
1132 1982 1229 2002 tecum.
1300 1978 1330 2003 In
1345 1986 1485 2004 commune
1499 1978 1623 2013 congresli
1636 1980 1750 2014 quisque
1773 1980 1822 2007 fibi
1837 1981 1992 2009 consuluere
2006 1982 2097 2008 Tacit.
2114 1982 2188 2012 Hist.

49 2012 72 2036 is
84 2011 202 2045 quuitur.
274 2008 449 2035 Definitiones
464 2007 636 2042 conglobatae
656 2009 712 2036 Cic.
725 2009 754 2036 in
766 2010 855 2037 Parcit.
869 2020 896 2045 53
910 2021 932 2038 c.
947 2014 976 2038 16
1001 2016 1068 2040 inter
1133 2020 1158 2043 2,
1179 2019 1222 2046 54.
1294 2013 1325 2039 In
1347 2011 1445 2047 praelia
1459 2014 1585 2048 congrcffi
1598 2015 1673 2049 Virg.
1687 2016 1751 2042 Aen.
1768 2025 1800 2049 ιι,
1815 2018 1866 2048 631.

41 2047 136 2071 ationes
154 2044 324 2080 amplificandi
337 2050 482 2078 ponuntur,
501 2046 519 2070 i.
535 2043 695 2079 frequentes,
711 2045 819 2073 crebrae.
890 2047 988 2081 Figura
1008 2058 1068 2075 con-
1168 2054 1185 2074 C
1195 2055 1215 2074 0
1224 2054 1246 2073 N
1256 2054 1277 2075 G
1286 2055 1331 2075 RE
1340 2056 1353 2075 s
1364 2056 1376 2075 S
1387 2056 1406 2075 V
1416 2055 1428 2074 S
1437 2069 1445 2081 ‚
1465 2047 1503 2076 sis.
1532 2059 1567 2076 in.
1605 2051 1775 2085 [συνέλευσις]
1813 2052 1958 2087 Congrffo.
1991 2052 2048 2078 Cic.
2063 2051 2094 2078 de
2108 2051 2185 2078 Ami-

44 2073 237 2112 lobata'Dcus,
261 2079 371 2114 idemque
396 2078 502 2105 mundus
519 2080 680 2115 Xenophanis
706 2081 762 2108 Cic.
781 2081 860 2109 Acad.
878 2093 907 2118 4,
929 2089 966 2114 118
991 2094 1012 2110 c.
1027 2092 1066 2119 37.
1132 2083 1176 2109 cit.
1189 2086 1225 2118 67
1239 2093 1260 2110 c.
1275 2092 1304 2116 23
1326 2085 1361 2111 Vt
1375 2086 1522 2118 congressus
1541 2086 1682 2112 hominum
1697 2087 1783 2119 fugiat
1797 2092 1877 2119 atque
1897 2086 1994 2113 oderit.
2032 2088 2069 2113 De
2084 2089 2187 2122 praelio

32 2115 126 2142 ‘alluit
146 2115 221 2142 Orat.
237 2123 247 2142 1
261 2113 293 2141 de
307 2113 408 2149 Repub.
423 2114 482 2141 ord.
511 2114 574 2141 Non
596 2115 667 2142 orbis
687 2121 833 2152 tei-rarum,
852 2127 938 2153 neque
958 2120 1066 2146 cunetae
1085 2123 1113 2148 55
1132 2117 1205 2145 Idem
1219 2119 1250 2144 de
1263 2120 1337 2145 Orat.
1353 2128 1378 2151 2,
1392 2128 1437 2152 317
1469 2121 1536 2145 Ante
1550 2121 1712 2153 congressum
1726 2121 1810 2147 multa
1825 2121 1909 2154 fiunt,
1924 2130 1991 2156 quae
2004 2131 2058 2148 non
2077 2123 2109 2149 ad
2125 2123 2187 2150 vul-

44 2156 115 2177 entes
136 2150 322 2186 conglobatae,
349 2158 457 2176 monere
476 2156 521 2176 aut
547 2151 708 2178 contundere
725 2160 826 2186 queunt
843 2152 894 2178 hoc
912 2155 1065 2187 imperinm.
1130 2161 1194 2184 nuS,
1209 2153 1251 2178 sed
1265 2153 1297 2178 ad
1317 2154 1429 2187 speciem
1444 2155 1533 2180 valere
1547 2155 1696 2182 videantur.
1734 2156 1781 2183 Sed
1799 2158 1890 2190 Quun
1903 2159 1928 2183 se
1940 2166 1956 2183 a
1971 2159 2120 2192 congressu,
2133 2159 2184 2193 qui

47 2195 87 2213 ars
114 2191 244 2216 extrema,
270 2191 296 2213 et
324 2185 481 2219 conglobata
500 2186 570 2212 inter
592 2186 618 2211 se
639 2186 775 2212 concionis
801 2187 891 2213 Tacit.
904 2189 972 2213 Ann.
994 2196 1013 2220 1,
1028 2196 1066 2221 35.
1131 2196 1186 2213 non
1206 2187 1291 2214 solum
1310 2188 1484 2220 hominibus,
1505 2189 1548 2216 sed
1571 2191 1661 2217 multis
1684 2201 1792 2226 quoque
1813 2192 1973 2219 animalibus
1995 2194 2121 2220 naturalis
2135 2194 2186 2227 est,

45 2221 185 2256 anguineni
204 2221 390 2254 conglobatum
407 2219 535 2246 discutere
554 2220 619 2246 Plin.
641 2229 680 2253 23,
700 2230 719 2255 1.v
789 2221 881 2249 Terra
900 2223 1019 2258 Vndique
1037 2224 1067 2250 in
1131 2223 1274 2257 segregarit
1291 2224 1423 2257 Quinctil.
1445 2233 1465 2256 ι,
1478 2233 1494 2250 2
1514 2234 1539 2259 p.
1554 2233 1584 2256 30
1605 2227 1690 2252 Burni.
1763 2228 1893 2254 Materiae
1911 2230 2072 2262 congressus,
2085 2233 2103 2255 i.
2125 2240 2185 2256 cori..

37 2257 77 2282 ese
89 2256 197 2283 nutibus
207 2256 259 2282 suis
273 2255 427 2289 conglobata
441 2255 497 2282 Cic.
511 2255 543 2282 de
561 2256 623 2282 Nat.
637 2256 719 2283 Deor.
735 2265 760 2289 2,
774 2262 806 2289 98
821 2267 842 2284 c.
857 2266 897 2291 39.
1129 2257 1227 2285 iun-flio
1244 2259 1350 2285 Lucret.
1370 2266 1393 2291 ς,
1412 2262 1453 2288 68.
1525 2259 1603 2292 Quasi
1624 2269 1690 2286 vero
1703 2262 1832 2288 Virorum
1853 2263 1985 2289 clarorum
2006 2265 2100 2291 tacitos
2120 2274 2184 2291 con—

58 2297 215 2319 CONGLO
225 2298 362 2322 BATio,
382 2290 449 2317 onis.
469 2291 490 2317 f.
526 2291 709 2326 [συνάθρωσις]
744 2292 873 2320 Sen.Nat.
887 2294 991 2328 Qiaest.
1008 2304 1027 2328 1,
1039 2303 1064 2329 ις
1083 2297 1118 2322 60
1130 2295 1227 2328 greffiis
1242 2294 1290 2319 ess‘e
1305 2299 1444 2327 oporteat,
1457 2299 1501 2319 aut
1516 2293 1634 2321 ludicros
1653 2297 1787 2323 sermones
1801 2299 1858 2325 Cic.
1874 2298 1952 2325 Acad.
1966 2309 1994 2333 4,
2009 2302 2034 2326 6.
2107 2301 2184 2327 Idem

55 2327 110 2354 ulta
122 2327 326 2361 conglobatione
340 2327 443 2360 ignium
457 2326 593 2361 indigens,
613 2336 696 2361 quum
710 2327 801 2362 ingens
821 2337 914 2355 eorum
926 2330 1000 2357 orbis
1012 2340 1067 2358 ina·
1131 2330 1202 2355 Fam.
1212 2330 1265 2360 6‚4
1283 2328 1349 2354 Non
1361 2329 1432 2354 essim
1447 2328 1542 2355 dubito
1551 2350 1558 2362 ,
1567 2331 1633 2365 quin
1646 2341 1755 2367 magnae
1769 2333 1820 2359 tibi
1834 2334 1966 2360 leuationi
1978 2335 2072 2361 solitus
2087 2335 2118 2362 sit
2133 2337 2185 2363 effe

36 2363 106 2390 utini
119 2362 294 2397 amplitudine
307 2361 375 2388 Solis
388 2361 522 2388 interdum
535 2362 676 2394 exuberet,
695 2362 724 2389 de
744 2368 857 2391 mercoris
874 2365 1035 2401 quibusdam,
1051 2376 1067 2391 a
1129 2362 1303 2397 quotidianus
1317 2364 1480 2398 congressus,
1494 2371 1520 2391 ct
1533 2366 1619 2393 serino
1638 2374 1683 2394 etc.
1755 2369 1855 2403 Optare
1874 2371 2036 2405 congressum
2054 2371 2110 2398 Cic.
2125 2374 2183 2399 Att.

38 2400 142 2425 omnis?
178 2397 267 2425 Nubis
283 2396 453 2431 conglobatio
471 2397 546 2424 Idem
562 2405 583 2430 ς,
599 2407 632 2430 13.
703 2399 795 2426 Tacit.
815 2400 846 2426 de
859 2401 960 2427 Morib.
974 2402 1065 2426 Germ.
1131 2403 1154 2429 8,
1190 2418 1197 2424 .
1235 2418 1241 2424 .
1312 2399 1452 2426 Placantur
1465 2401 1587 2436 adspectu
1600 2404 1789 2438 congressuque
1797 2405 1950 2439 aliquorum
1965 2406 2036 2433 inter
2049 2408 2075 2433 se
2089 2408 2184 2435 omnia.

43 2453 52 2466 ,
62 2442 75 2466 3
96 2433 161 2460 Non
179 2434 250 2460 casus
267 2439 312 2460 aut
332 2433 451 2460 Fortuita
470 2433 640 2468 conglobatio
661 2439 776 2462 turmam
795 2441 841 2462 aut
860 2444 972 2460 cuneum
991 2435 1066 2468 facit,
1129 2432 1201 2460 Idem
1214 2433 1270 2474 .A“.·
1284 2442 1304 2467 1,
1319 2443 1357 2469 14.
1377 2435 1405 2461 de
1418 2439 1495 2462 iratis
1512 2440 1540 2463 in
1559 2439 1714 2465 concordiam
1726 2440 1879 2468 reducendis.
1951 2442 2041 2469 Petere
2061 2444 2184 2478 congres-

35 2469 67 2496 ed
85 2469 203 2496 familiae
215 2475 241 2496 et
258 2469 476 2504 propinquitates.
1079 2470 1112 2503 65
1129 2469 1170 2495 sus
1184 2469 1314 2503 alicuius,
1331 2472 1466 2498 Conuem're
1478 2473 1584 2509 aliquem
1601 2474 1676 2510 Virg.
1691 2476 1757 2502 Aen.
1772 2483 1796 2509 ς,
1813 2484 1868 2511 733.
1939 2478 2026 2505 Pollui
2044 2480 2184 2514 congressu

59 2511 76 2532 C
86 2512 105 2532 ο
117 2511 140 2531 N
149 2511 195 2532 GL
205 2511 249 2532 013
258 2506 309 2532 ᾹΤ
318 2512 327 2531 1
336 2511 370 2531 M.
407 2503 474 2531 Adu.
511 2503 589 2540 Apud
599 2503 709 2535 Liu.2;,
718 2510 752 2536 ις.
776 2503 935 2530 SedGronou.
945 2506 992 2535 ita,
1004 2506 1067 2532 Pro·
1127 2505 1290 2532 feminarum
1313 2506 1381 2533 Plin.
1396 2516 1423 2534 12
1432 2527 1440 2539 ,
1459 2517 1498 2541 14.
1525 2508 1553 2536 de
1573 2511 1671 2537 Venere.
1745 2512 1801 2538 Cic.
1815 2513 1869 2539 Act.
1884 2522 1905 2546 1,
1920 2521 1949 2548 17
1973 2514 2045 2541 Mihi
2065 2523 2130 2541 vero
2149 2520 2183 2543 vt

42 2540 123 2568 itores
149 2540 300 2576 conglobati
322 2549 383 2567 cum
410 2539 581 2575 popularium
607 2546 702 2572 agmen
723 2539 874 2572 patentibus
893 2541 977 2574 portis
995 2550 1066 2569 acce·
1126 2540 1266 2567 inuideant
1286 2542 1423 2576 piscinarii
1436 2544 1535 2577 nostri,
1549 2550 1594 2572 aut
1609 2546 1720 2573 scribam
1734 2547 1767 2574 ad
1779 2554 1804 2574 te
1817 2548 1895 2580 alias,
1909 2555 1953 2575 aut
1968 2549 1997 2576 in
2016 2552 2184 2585 congrcffiini

41 2576 114 2603 iffent
124 2583 170 2603 etc.
1127 2576 1247 2604 nostruin
1263 2578 1416 2606 reseruabo.
1488 2581 1588 2607 Venire
1609 2582 1638 2608 in
1656 2584 1819 2617 congressum
1837 2590 1863 2611 et
1882 2585 2048 2620 colloquium
2065 2586 2185 2614 alicuius

59 2617 78 2639 c
88 2617 252 2639 ONGLOM
262 2608 337 2637 fiko
353 2628 362 2641 ,
381 2612 436 2634 fite.
472 2608 635 2641 [συνελίττω,
654 2608 786 2644 σνσπεῖρω]
822 2610 850 2636 Α
863 2610 989 2644 Glomus,
1003 2612 1064 2644 cris,
1127 2613 1183 2639 Cic.
1197 2614 1250 2640 Att.
1270 2622 1290 2646 1,
1310 2616 1353 2641 26.
1425 2615 1598 2650 Congreffus‚
1619 2617 1756 2654 Corfiitffus
1770 2620 1816 2656 seu
1829 2622 1962 2655 praelium.
1999 2620 2101 2648 Sallust.
2119 2624 2187 2658 lug.-

39 2648 165 2678 nuquere,
176 2645 349 2681 superaddere.
391 2644 456 2670 Enn.
470 2642 590 2675 Thyeste
601 2643 668 2678 apud
685 2644 758 2670 Non.
777 2653 800 2676 2,
820 2647 875 2672 166.
912 2647 985 2673 Heus
1005 2657 1064 2675 mea
1078 2656 1114 2685 70
1127 2656 1164 2683 74
1185 2649 1329 2683 Congreffii
1341 2650 1430 2685 primo
1443 2651 1536 2687 fugare
1551 2651 1661 2680 hostem.
1731 2656 1764 2681 In
1775 2656 1865 2690 primo
1877 2657 2011 2691 congressu
2025 2657 2184 2685 cecideruno

29 2687 148 2714 ¹ortuna,
159 2686 189 2707 vt
200 2679 291 2706 omnia
303 2679 332 2706 in
345 2687 388 2706 me
404 2678 584 2712 conglomeras
597 2679 678 2706 mala!
699 2679 751 2706 vid.
774 2686 937 2709 GLOMERO.
1128 2685 1200 2711 Caes.
1215 2685 1279 2711 Bell.
1289 2686 1349 2712 Ciu.
1365 2695 1385 2718 1,
1399 2688 1443 2720 46.
1515 2688 1616 2716 Sallust.
1629 2691 1685 2724 Iug.
1698 2699 1720 2717 c.
1734 2698 1765 2723 59
1791 2691 1831 2718 Ni
1846 2692 1947 2727 pedites
1959 2702 2019 2719 cum
2039 2693 2181 2728 equitibus

29 2730 31 2745 ι,
59 2721 364 2746 CONGLOMEROR,
379 2715 427 2741 ari.
448 2714 535 2740 Paffiu.
555 2714 692 2748 Lucret.3,
706 2724 743 2742 211
765 2717 853 2750 Qiam
871 2718 946 2745 tenui
964 2719 1063 2746 constet
1127 2721 1254 2755 pei-mixti
1273 2730 1395 2756 magnam
1415 2722 1516 2749 cladem
1537 2724 1567 2751 in
1580 2726 1716 2759 congressu
1732 2727 1857 2754 facerent.
1929 2728 2028 2762 iniquo
2041 2730 2181 2762 congressu

36 2757 144 2782 extura,
161 2759 294 2786 quamque
306 2751 366 2777 loco
380 2751 406 2776 se
426 2750 568 2777 Continent
580 2759 680 2785 paruo,
698 2751 716 2778 si
731 2752 804 2786 poffit
816 2753 1019 2788 conglomerari.
1127 2756 1245 2791 aliquem
1261 2757 1367 2790 subire,
1380 2760 1398 2784 i.
1405 2759 1510 2795 aggredi
1524 2760 1612 2788 Valer.
1626 2762 1725 2797 Argon.
1739 2764 1764 2795 6,
1776 2771 1831 2795 322.
1885 2764 1946 2790 Vno
1966 2764 2100 2798 congressu
2121 2770 2180 2791 tres

61 2793 79 2814 c
90 2794 110 2814 o
119 2793 142 2812 Ν
151 2793 172 2814 G
181 2793 198 2813 1.
207 2793 227 2813 o
239 2794 263 2813 M
274 2793 318 2814 ER
327 2787 379 2813 A'T
389 2793 410 2813 v
418 2793 431 2813 s
439 2806 448 2820 ‚
468 2794 498 2818 a,
517 2795 571 2813 uui.
606 2787 674 2814 Part.
711 2787 778 2814 Cels.
793 2795 818 2823 7,
832 2797 860 2815 ιο
881 2790 968 2816 Venae
980 2790 1066 2818 intor-
1126 2793 1232 2819 mittere
1246 2794 1306 2819 neci
1319 2794 1395 2828 Virg.
1409 2796 1474 2821 Aen.
1489 2803 1526 2828 12,
1539 2803 1594 2831 514.

34 2831 64 2850 ae
77 2822 348 2858 conglomerataeque.
1078 2833 1110 2862 75
1162 2835 1178 2855 c
1189 2834 1208 2855 o
1219 2835 1296 2855 NGR
1305 2836 1322 2855 E
1331 2836 1344 2856 s
1353 2837 1366 2856 s
1376 2837 1386 2856 1
1395 2835 1430 2862 o,
1448 2830 1518 2858 onis.
1537 2832 1558 2859 f.
1595 2831 1750 2868 [συμέῗολῆ]
1787 2833 1862 2861 Idem.
1889 2833 1946 2860 Cic.
1959 2833 2072 2869 Philipp.
2092 2843 2116 2868 2,
2137 2836 2178 2868 46

57 2865 101 2886 co
110 2865 161 2885 NG
170 2864 404 2886 LOMERAT10
418 2877 426 2890 ,
448 2857 515 2884 anis.
540 2856 560 2884 f.
596 2857 663 2886 Cod.
678 2867 706 2886 12
719 2864 738 2886 t.
755 2868 784 2893 19
803 2859 822 2886 l.
841 2869 865 2893 13
892 2861 984 2897 Vetita
1003 2870 1064 2889 coii-
1125 2864 1245 2899 Eumque
1261 2873 1276 2891 a
1295 2870 1340 2892 tua
1358 2874 1413 2892 non
1425 2865 1508 2893 modo
1523 2867 1720 2900 familiaritate,
1734 2869 1777 2895 sed
1796 2870 1877 2896 etiam
1896 2869 2072 2904 congressione
2085 2871 2177 2905 patrio

40 2894 195 2929 lomeratio,
213 2897 232 2920 i.
249 2893 449 2926 conciliabulum,
461 2896 620 2929 congregatio
639 2901 684 2921 etc.
736 2930 737 2933 Ἴ
1125 2899 1184 2927 iure
1197 2906 1222 2926 et
1241 2900 1367 2935 potestate
1381 2901 1546 2936 prohiberet.
1583 2904 1656 2940 Cous.
1670 2904 1708 2931 Id.
1720 2913 1769 2938 pro
1783 2905 1889 2931 Cluent.
1903 2915 1924 2931 c.
1940 2914 1978 2938 14.
2049 2906 2106 2932 Cic.
2120 2906 2176 2933 Off.

57 2936 74 2957 C
82 2936 102 2957 o
110 2937 133 2956 Ν
141 2936 163 2957 G
173 2937 189 2957 ι,
199 2936 218 2956 o
226 2937 246 2957 R
254 2937 264 2956 1
272 2936 289 2957 F
298 2936 308 2956 1
316 2935 333 2956 c
343 2935 362 2956 ο
371 2949 380 2962 ,
399 2933 450 2956 are.
486 2928 652 2964 [συνδὶξοέξω]
689 2930 808 2958 Tertull.
820 2931 971 2963 deResurr.
984 2934 1063 2962 Carn.
1127 2944 1147 2968 1,
1162 2944 1204 2969 132
1220 2945 1241 2962 c.
1254 2943 1287 2971 37
1317 2937 1410 2965 Sermo
1425 2938 1455 2964 in
1473 2939 1580 2967 circulis
1589 2960 1597 2972 ,
1609 2940 1846 2974 disputationibus,
1859 2940 2080 2975 congressionibus
2095 2942 2175 2968 sami-

38 2984 45 2992 .
60 2973 97 2998 40
117 2965 312 3001 Compadmur,
323 2965 363 2992 vti
377 2971 403 2992 et
415 2964 656 2999 conglorificemur,
670 2972 717 2993 etc.
1126 2971 1235 2999 liar-ium
1252 2972 1379 3000 versetur.
1450 2975 1557 3002 Ponitur
1575 2979 1648 3003 etiam
1660 2983 1710 3009 pra
1725 2974 1864 3011 szflzffl,
1883 2983 1928 3009 vt,
1947 2976 2034 3003 Prima
2052 2978 2175 3012 congres-

59 3005 77 3028 c
88 3006 170 3028 ΘΝΕ
179 3000 274 3028 LVTf
282 3007 332 3029 Νο
345 3021 354 3034 ,
380 3005 430 3028 ὅτε.
467 3000 650 3036 [συγκολλιέω]
687 3003 798 3034 Glutino,
813 3006 948 3040 coniungo,
967 3011 992 3032 et
1003 3005 1063 3042 fer·
1082 3011 1115 3038 80
1126 3007 1196 3034 sione
1216 3007 1366 3036 funduntur
1384 3009 1475 3036 lustin.
1490 3012 1517 3044 6,
1531 3020 1558 3044 4.
1629 3011 1698 3037 Belli
1717 3011 1860 3045 congressio
1877 3011 1917 3038 Id.
1931 3019 1966 3044 ις,
1979 3020 1999 3043 ι,
2011 3014 2036 3038 6.
2107 3014 2176 3041 Cer·

38 3038 134 3069 irmino,
150 3043 174 3063 et
178 3036 252 3073 saepe
261 3037 424 3072 metaphorice
433 3042 482 3071 pro
489 3036 569 3072 firma
581 3046 674 3073 quaque
687 3036 859 3065 coniunfflone
867 3043 981 3075 ponitur.
1007 3042 1063 3068 Cic.
1125 3044 1231 3071 taminis
1244 3045 1345 3071 naualis
1359 3046 1502 3080 congressio
1520 3046 1558 3074 Id.
1571 3055 1601 3080 4,
1614 3053 1636 3079 ς.
1672 3045 1739 3073 Adel.
1754 3055 1776 3078 2,
1792 3055 1827 3079 12,
1842 3052 1864 3078 8.
1936 3047 2032 3074 Praelii
2052 3050 2176 3084 congres-

41 3072 212 3103 eOrat.1‚188
232 3073 308 3106 Quae
314 3080 372 3099 rem
386 3071 535 3099 dissolutam
548 3072 733 3108 diuulsamque
741 3073 1063 3111 conglutinaret,etratio-
1125 3079 1162 3105 fio
1175 3079 1265 3106 lustin.
1285 3089 1313 3114 4,
1327 3089 1364 3107 12.
1400 3081 1468 3108 Add.
1485 3090 1526 3116 27,
1540 3091 1564 3114 3,
1577 3090 1602 3108 z.

42 3116 56 3134 e
70 3106 181 3142 quadam
195 3107 376 3142 coniungeret.
411 3107 468 3134 Cic.
483 3107 516 3134 de
529 3108 615 3135 Amic.
624 3118 654 3141 32
667 3119 688 3136 c.
703 3118 719 3142 9
744 3110 816 3137 Nam
829 3110 848 3137 fi
859 3112 960 3139 vtilitas
971 3113 1062 3140 amici·
1162 3121 1179 3141 C
1191 3122 1210 3142 Ο
1219 3123 1240 3142 Ν
1249 3122 1270 3143 G
1279 3123 1344 3143 RES
1353 3124 1366 3144 s
1375 3123 1421 3144 OR
1431 3138 1440 3150 ,
1461 3118 1524 3144 oris.
1544 3126 1581 3144 m.
1618 3115 1741 3145 Ambros.
1749 3118 1828 3153 Epist.
1843 3128 1862 3152 4
1874 3117 1907 3145 ad
1919 3119 2056 3146 Irenaeum
2064 3119 2112 3156 fiaeb
2118 3119 2172 3156 fin.

35 3142 71 3170 'as
85 3142 294 3177 conglutinaret,
307 3143 398 3170 eadem
411 3149 570 3171 commutata
587 3144 746 3172 diffoluerct.
784 3147 816 3172 Et
827 3146 859 3173 de
871 3147 926 3174 Sen.
942 3156 974 3184 72
993 3159 1014 3175 c.
1027 3158 1062 3175 20
1123 3150 1212 3177 Bonus
1224 3153 1372 3187 congressor
1385 3162 1440 3180 non
1452 3152 1607 3179 aemulatur.

50 3177 168 3205 ominem
181 3178 270 3205 cadem
277 3179 461 3214 optime,quae
472 3179 680 3214 conglutinauit‚
693 3187 787 3208 natura
803 3181 927 3210 dissoluit.
964 3185 1063 3212 Arnici-
1078 3192 1107 3221 85
1161 3192 1179 3213 C
1193 3193 1212 3214 o
1223 3194 1302 3215 NGR
1312 3187 1390 3215 §DV
1399 3196 1428 3222 s,
1444 3198 1467 3221 a,
1489 3198 1543 3215 um.
1568 3187 1628 3215 Adi.
1667 3188 1785 3216 Auienus
1797 3188 1939 3216 Phaenom.
1955 3190 2026 3219 Atat.
2042 3199 2101 3224 1241
2122 3191 2173 3218 La-

0 3218 2 3220 ’
35 3214 71 3241 'as
83 3214 265 3249 conglutinare
283 3214 440 3241 testimoniis
447 3214 562 3242 Cic.Att.
571 3223 597 3251 7,
604 3221 626 3246 8.
664 3218 776 3243 Amores
789 3219 956 3246 meretricios
964 3221 1064 3256 nuptiis
1125 3221 1198 3249 benti
1215 3224 1345 3259 congrada
1366 3224 1430 3251 soli:
1450 3224 1468 3250 i.
1491 3224 1613 3250 Eiusdem
1626 3224 1722 3259 gradus
1735 3231 1761 3251 et
1774 3225 1838 3251 loci.

54 3259 92 3277 cr.
100 3250 182 3277 Andr.
199 3257 223 3283 ς,
235 3259 264 3283 4,
277 3258 314 3276 ιο.
356 3250 439 3276 Dolos
451 3250 632 3285 conglutinare
647 3253 827 3283 Plaut.‚Bacch.
839 3263 867 3288 4,
880 3265 909 3289 4,
924 3264 968 3289 42.
1010 3258 1062 3284 Vo-
1161 3265 1179 3286 C
1188 3264 1207 3285 ο
1217 3266 1297 3287 NGR
1307 3258 1353 3287 EG
1362 3267 1399 3293 o,
1418 3263 1469 3286 are.
1505 3261 1519 3294 s
1527 3259 1624 3295 οἶγείρω,
1650 3262 1790 3296 συναγεῖραι,
1805 3259 1927 3296 ἐθρσῖξω,
1942 3260 2050 3295 συνάγω,
2074 3260 2173 3295 οἶλίξω]

23 3291 136 3312 .untates
152 3285 367 3320 conglutinantur
379 3285 569 3313 consuetudine
587 3288 644 3315 Cic.
659 3289 730 3315 Fam.
745 3297 777 3322 ιι,
791 3297 833 3324 27.
886 3291 989 3318 Vulnus
1003 3301 1064 3319 con·
1126 3294 1158 3320 In
1180 3303 1254 3322 vnum
1273 3305 1371 3332 gregem
1387 3304 1485 3331 cogere,
1500 3297 1541 3322 vel
1557 3295 1678 3332 colligere.
1750 3296 1792 3322 Ab
1811 3302 1874 3323 ortu
1892 3301 2001 3323 naturae
2014 3296 2172 3331 congregari.

0 3328 1 3333 ¹
48 3321 152 3348 utinant
171 3321 239 3348 folia
257 3321 354 3348 vitium
374 3321 441 3348 Plin.
455 3330 482 3353 23
498 3321 527 3348 in
539 3331 659 3358 prooem.
672 3327 703 3350 it.
718 3333 740 3350 c.
754 3332 766 3358 ς
780 3325 799 3351 s.
814 3332 850 3358 32.
921 3327 958 3354 Ex
972 3327 1063 3355 libidi-
1125 3329 1181 3356 Cic.
1194 3329 1226 3357 de
1239 3331 1302 3358 Nat.
1314 3333 1395 3358 Deor.
1411 3339 1437 3362 2,
1456 3339 1505 3363 123.
1577 3331 1664 3365 Apum
1680 3331 1802 3358 examina
1814 3341 1870 3359 non
1888 3332 2075 3366 fingendorum
2093 3333 2172 3358 fauo-

41 3365 70 3389 e,
83 3356 253 3387 crudelitate,
273 3355 429 3392 petulantia,
442 3356 551 3385 audacia
568 3359 762 3394 conglutinatus
784 3361 842 3387 Cic.
855 3361 968 3398 Philipp.
988 3372 1011 3397 3,
1031 3369 1062 3394 28
1078 3372 1115 3398 90
1126 3373 1185 3391 runi
1204 3368 1278 3394 causa
1297 3373 1488 3401 congregantur
1510 3365 1583 3393 Idem
1597 3366 1649 3393 Off.
1663 3375 1685 3399 1,
1699 3374 1743 3402 157
1759 3377 1780 3394 c.
1790 3377 1837 3402 44.
1909 3369 1975 3394 Plin.
1989 3377 2024 3400 10,
2038 3376 2068 3403 73
2099 3368 2168 3406 Curn

38 3411 45 3418 .
59 3401 82 3420 n
107 3392 182 3427 Quid
198 3392 234 3419 est
256 3393 284 3419 in
303 3393 421 3419 Antonio
440 3398 544 3427 praeter
563 3393 721 3428 libidinem,
735 3395 930 3430 crudelitatem,
944 3399 1063 3434 petulan-
1125 3401 1216 3435 plausu
1236 3402 1392 3437 congregari
1410 3402 1482 3428 feros
1495 3402 1527 3429 ad
1541 3402 1631 3429 cibum
1645 3402 1674 3429 in
1685 3402 1845 3436 quibusdam
1860 3404 1988 3436 vinariis,
2002 3401 2169 3430 consuetudi-

16 3441 19 3447 ¹
36 3427 106 3462 im,
116 3428 270 3456 audaciam?
290 3436 322 3454 ex
335 3427 376 3454 his
389 3433 430 3455 10¹
441 3428 634 3463 conglutinatus
646 3431 691 3458 est·
1125 3445 1158 3462 ne
1169 3437 1306 3472 spectetur.
1378 3437 1434 3464 Cic.
1446 3446 1495 3472 pro
1507 3439 1601 3472 Qiint.
1615 3445 1645 3471 52
1680 3438 1738 3472 Qii
1750 3448 1810 3466 cum
1821 3445 1848 3467 te
1860 3446 1906 3466 aut
1918 3440 2042 3466 voluntas
2059 3444 2168 3471 congre-

60 3465 332 3497 CQNGLVTINK
341 3469 422 3496 Tvs‚
437 3471 462 3498 a,
474 3472 527 3490 um.
545 3465 611 3493 Part.
630 3467 685 3494 Cic.
698 3467 752 3493 Att.
767 3475 788 3500 ι,
797 3475 826 3502 ι7
845 3468 952 3499 Τυεοτ,
964 3475 994 3498 vt
1006 3471 1063 3505 pos-
1125 3473 1216 3507 gasl‘ct,
1234 3480 1279 3501 aut
1299 3473 1407 3500 fortuna
1425 3473 1607 3500 coniunxiffet.
1679 3474 1746 3502 Plin.
1764 3475 1842 3510 Epist.
1861 3481 1884 3506 8,
1904 3485 1943 3509 14,
1965 3484 1995 3509 ¹4
2023 3472 2168 3507 Exigebam

0 3523 2 3529 ‚
36 3494 174 3531 mihinam
184 3509 201 3527 a
210 3508 253 3527 me
265 3499 472 3534 conglutinatam
483 3501 660 3529 concordiam.
678 3502 731 3530 uid.
751 3503 828 3537 Apul.
836 3504 902 3531 Met.
909 3513 927 3537 9
939 3513 1028 3540 p.225‚
1036 3515 1063 3539 4,
1125 3516 1204 3543 ergo,
1218 3515 1261 3542 vt,
1277 3509 1324 3544 qui
1341 3508 1446 3543 capitali
1461 3509 1591 3544 ssipplici'o
1603 3506 1756 3537 afficiendos
1768 3511 1909 3545 putabant,
1923 3510 2083 3537 discederent
2098 3516 2112 3533 a
2126 3516 2168 3533 re-

64 3535 188 3573 Myrmcce
197 3535 324 3577 feminam
343 3533 464 3568 custodire
481 3534 557 3569 iusto,
575 3537 683 3564 Adfixus
701 3545 780 3574 atque
798 3540 1007 3576 conglutinatus,
1021 3550 1064 3568 ex-
1082 3549 1115 3576 95
1126 3543 1245 3579 legante,
1270 3554 1318 3572 nec
1335 3544 1444 3571 interim
1461 3551 1553 3571 contra
1568 3544 1750 3579 absoluentes,
1774 3555 1838 3574 mox
1859 3545 2008 3577 dissensuri,
2027 3551 2168 3577 congrega-

93 3579 120 3597 as
131 3568 209 3598 maim
220 3571 385 3606 prehendens
405 3570 522 3597 lacinia&
1125 3585 1231 3615 rentur,
1249 3584 1267 3607 i.
1288 3587 1538 3614 connumerarentur‚
1553 3587 1584 3608 vt
1595 3588 1712 3617 tanquam
1731 3592 1779 3608 non
1793 3583 1942 3618 abfhluentes
1953 3583 2067 3606 maiorem
2085 3587 2172 3605 nume-

64 3611 82 3632 c
94 3611 114 3632 0
125 3611 146 3631 N
155 3609 231 3632 σιν
239 3613 261 3634 ¹1·
269 3614 280 3634 1
287 3614 310 3634 N
317 3614 339 3634 Α
347 3613 386 3633 τι
396 3612 416 3633 o
431 3626 440 3639 ‚
461 3606 528 3634 onis.
556 3606 577 3633 f.
613 3609 625 3640 [
636 3608 798 3641 συγκόλλησις
810 3610 823 3644 ]
863 3611 914 3644 Vt,
927 3612 1061 3640 Circuitus
1125 3625 1178 3642 rum
1188 3616 1276 3652 stiffi-a
1294 3618 1373 3642 iorum
1385 3624 1429 3642 con
1449 3618 1527 3642 ciant.
1596 3617 1665 3644 Cum
1676 3617 1831 3652 aequalibus
1845 3617 1958 3644 libenter
1970 3615 1995 3641 se
2007 3619 2170 3654 congregant

0 3642 5 3657 ²
48 3640 276 3677 onglssfinatioque
287 3643 447 3677 verborum,
466 3643 485 3668 ί·
506 3642 644 3678 ῑΜΡΘΙῖΐίο
663 3644 719 3670 Cic·
736 3644 764 3670 in
777 3645 852 3671 Orat.
865 3651 897 3680 78
912 3656 934 3674 c.
948 3657 984 3680 23·
1030 3650 1062 3675 Et
1125 3649 1246 3680 homines
1272 3625 1327 3679 dic.
1342 3650 1374 3677 de
1387 3650 1477 3677 Finib.
1492 3659 1515 3684 ς,
1528 3660 1565 3685 4²
1583 3661 1605 3679 c.
1619 3660 1652 3686 ις.
1723 3654 1792 3680 Cum
1806 3653 1898 3687 aliquo
1913 3652 1938 3678 se
1955 3656 1981 3676 et
1997 3655 2105 3689 caeteris
2118 3647 2169 3677 ali.-

0 3678 5 3681 “
43 3685 58 3703 e
70 3675 170 3703 Sene&
182 3683 218 3712 72
242 3685 309 3705 ono
335 3678 430 3706 Omnis
449 3678 644 3713 conglutinatio
657 3688 744 3707 recens
757 3688 851 3716 aegre,
866 3681 1012 3714 inueterata
1025 3684 1063 3711 fa·
1125 3685 1187 3713 cubi
1211 3688 1284 3715 Idem
1305 3694 1354 3721 pro
1371 3685 1462 3713 Rabir.
1477 3695 1515 3713 21.
1586 3687 1655 3715 Cum
1674 3687 1797 3715 leonibus
1817 3688 1907 3722 vulpes
1926 3685 2042 3712 Martial.
2057 3694 2095 3717 10,
2110 3692 2168 3712 100.

41 3712 76 3738 ile
94 3711 240 3739 diuellitur.
1070 3727 1117 3745 100
1124 3722 1154 3748 In
1166 3722 1254 3750 locum
1267 3731 1350 3750 vnum
1362 3729 1521 3756 congregare
1533 3723 1591 3751 Cic.
1603 3724 1633 3750 in
1645 3724 1723 3751 Catil.
1738 3733 1757 3755 1,
1794 3744 1800 3750 .
1839 3742 1846 3749 .
1886 3720 1953 3748 Add.
1969 3719 2053 3760 1d3de
2065 3721 2141 3762 Orat.
2155 3730 2167 3749 1

61 3753 167 3775 CONG
176 3753 192 3773 l.
205 3752 224 3773 v
233 3747 380 3777 'riNt'Ssv
389 3757 402 3777 s
411 3769 420 3783 ‚
440 3758 469 3782 a,
486 3758 540 3775 um.
573 3749 635 3777 Adi.
677 3750 727 3783 Vt,
741 3751 871 3779 Humoris
883 3761 943 3788 pars
955 3754 1063 3790 conglu-
1125 3766 1147 3785 c,
1162 3763 1186 3789 2,
1255 3759 1286 3785 In
1301 3766 1382 3784 vnum
1393 3756 1482 3784 locum
1495 3759 1566 3785 ciues
1578 3760 1605 3786 se
1617 3760 1649 3786 ad
1663 3760 1763 3786 curiam
1775 3756 1968 3792 congregabant
1980 3755 2037 3782 Cic.
2051 3755 2166 3791 Philipp.

40 3781 112 3810 'nosa
130 3782 161 3810 fit
174 3783 205 3809 in
221 3783 379 3818 praecordiis
391 3786 483 3820 Veget.
497 3784 610 3812 Mulom·
626 3794 647 3818 ¹,
659 3795 706 3820 409
722 3794 744 3812 2·
1125 3802 1164 3828 14,
1179 3802 1212 3828 ις.
1284 3792 1358 3820 Idem
1371 3793 1400 3819 in
1414 3794 1503 3820 Vatin.
1517 3801 1548 3827 ις
1575 3796 1720 3822 Hominem
1733 3794 1767 3821 ad
1780 3791 1984 3820 conseruandam
1996 3791 2165 3826 Rempublic.

65 3824 83 3845 C
91 3825 112 3846 0
120 3825 142 3844 Ν
151 3823 173 3845 G
181 3824 285 3846 ΚΑΙ-Ἰν
293 3826 324 3851 s,
343 3827 373 3852 ὅ,
390 3828 444 3848 um·
465 3821 516 3847 vid·
527 3819 582 3857 Post
605 3826 623 3848 C
635 3828 654 3848 0
664 3829 687 3848 N
695 3828 716 3848 G
725 3828 744 3848 R
754 3828 770 3848 Ε
779 3828 798 3848 D
809 3829 819 3848 1
829 3828 848 3848 0
856 3829 885 3849 R·
1125 3836 1215 3856 natum
1224 3848 1234 3863 ‚
1254 3829 1283 3855 in
1303 3828 1373 3855 idem
1390 3828 1479 3856 Veffii
1497 3830 1644 3863 iudicium,
1665 3836 1744 3865 atque
1764 3830 1791 3855 in
1809 3827 1922 3854 eundem
1935 3826 2004 3866 lium:
2022 3836 2166 3854 numerum

63 3858 82 3880 c
94 3859 114 3880 o
122 3859 176 3881 NG
184 3859 312 3882 RAiico
325 3874 335 3888 ,
355 3856 396 3882 vet
420 3862 437 3883 c
446 3863 466 3884 o
475 3864 497 3884 N
505 3863 555 3885 GR
563 3864 583 3884 A
593 3864 609 3883 E
617 3864 634 3884 c
645 3864 664 3884 ο
673 3864 691 3884 κ
705 3877 713 3888 ,
741 3857 788 3884 iri.
831 3857 844 3891 [
851 3858 984 3893 οἰνοφλυγῶ·
994 3880 1003 3893 ,
1021 3872 1064 3887 ιω.
1125 3864 1295 3900 congregasti.
1366 3864 1503 3900 Dissipatos
1515 3865 1638 3896 homines
1653 3873 1824 3899 congregare,
1837 3869 1864 3890 et
1880 3862 1997 3902 advitae
2014 3863 2164 3889 societatem

61 3887 120 3926 13⁶]
155 3889 383 3929 eompomeronibuc
394 3891 529 3930 indulgere.
564 3893 646 3923 Plaut.
670 3892 763 3925 Bacch·
781 3901 810 3928 4»
828 3903 857 3928 4,
873 3902 904 3928 91
930 3895 1272 3932 Qiodqueiosconuocare
1298 3899 1356 3967 (iic.
1369 3899 1454 3931 Tusc.
1469 3909 1491 3938 1,
1511 3903 1552 3934 61·
1623 3899 1827 3933 mutitudinem
1843 3898 2025 3934 fugitiuorum
2041 3906 2070 3926 ac
2085 3898 2164 3959 12:¹ng

23 1725 42 1840 -σ-η--ι
