2474 4182
294 146 356 185 535
570 100 576 103 ⁴
689 131 726 169 A
792 126 830 165 v
890 125 922 164 F
1812 122 1851 160 A
1914 121 1950 160 v
2005 123 2044 162 G
2347 102 2420 179 '5³36

302 223 330 250 in
345 228 368 248 tc
387 221 543 249 transferens
558 231 563 246 z
590 226 615 246 ct
629 219 653 245 ei
669 224 754 244 tamen
767 214 922 246 confirmeS,
942 223 984 240 ine
996 213 1106 240 minime
1120 219 1206 240 totum
1220 218 1339 237 amorem
1389 210 1474 240 (Aen.
1489 214 1512 241 8,
1524 214 1577 244 77)
1609 210 1742 249 *Corniger
1757 209 1932 244 Hesperidum
1945 209 2043 236 fluuius
2055 219 2178 246 regnator
2191 222 2329 249 aquarum.
2367 215 2435 246 ιῖίᾰοἳ

302 258 336 286 ab
349 267 379 285 ea
399 267 501 284 mecum
520 255 657 283 abstulisse.
712 251 821 286 Legitur
840 253 912 276 etiam
925 250 969 277 Me
988 250 1098 276 minime
1112 255 1198 275 totum
1213 248 1339 273 Amorem
1393 252 1510 272 CORNv.
1583 246 1690 272 Violtns
1711 247 1777 272 Hor.
1793 247 1880 272 Carni.
1895 254 1917 278 3,
1932 254 1972 277 30,
1988 254 2023 272 10.
2430 250 2436 261 s

304 303 338 321 eo
351 303 454 321 mecum
468 292 585 319 attulisse.
642 289 780 314 Gronouius
794 293 883 321 pater,
900 287 945 313 Me
959 286 1057 313 intimo
1076 291 1161 311 totam
1176 291 1265 310 amore
1283 290 1339 307 eam
1429 287 1479 307 AV
1490 286 1581 319 FIUDV
1591 288 1612 307 s.
1650 281 1710 308 Adi.
1754 283 1803 314 Vt,
1817 281 1911 308 Aufida
1926 281 2013 315 stagna
2029 280 2074 307 Sil.
2088 290 2126 314 10,
2142 291 2191 317 ¹7¹·
2432 294 2435 302 t

304 338 407 357 mecum
421 328 560 355 abstuliise.
630 323 755 350 Animam
771 323 867 355 Si1.1,-‚
903 343 909 348 .
948 342 954 347 .
1026 320 1217 347 Auctoritatem
1233 316 1340 356 Qiincl.
1430 321 1628 355 ijFvGio,
1656 318 1715 351 sigi,
1742 320 1862 352 ugi'tuiu,
1888 319 1940 343 ere.
1980 316 2149 351 [ἀποφεύγω]
2197 317 2271 354 Qflfi
2289 314 2431 359 Abfussoe·3

303 374 327 398 ς,
342 374 368 400 7,
384 374 421 397 32.
493 363 557 388 Pliu.
572 362 611 392 36,
627 367 651 392 ις
673 359 690 385 s.
706 367 751 393 24,
765 364 778 389 8
805 358 898 384 Aufert
911 357 1053 388 Animum,
1072 363 1096 382 et
1117 365 1132 382 a
1152 355 1280 381 destinato
1299 353 1341 378 iti·
1362 363 1375 388 5
1394 352 1441 378 Sul
1454 353 1508 391 Cic:
1522 351 1595 376 Orat.
1610 356 1648 383 158
1668 362 1689 378 c.
1704 361 1741 387 47
1761 353 1872 389 Abfugir
1891 360 1968 387 turpe
1987 353 2074 379 visum
2093 352 2138 378 est.
2208 355 2276 380 Ter.
2290 355 2352 387 Hec,
2366 355 2402 390 35⁴⁸

304 410 366 428 nere
379 399 479 433 digredi
494 397 564 430 cogit
577 394 763 429 contemplatio
780 400 833 421 tam
848 393 972 428 prodigae
986 392 1088 418 inentis.
1131 391 1204 426 Cous.
1220 398 1253 424 27
1276 395 1340 414 extr.
1395 397 1423 413 ιο
1442 388 1564 426 Denique
1579 385 1666 426 hercle
1678 388 1827 423 aufugerim
1843 389 1947 423 potius,
1967 397 2045 423 quam
2057 388 2178 418 redeam,
2198 388 2215 415 si
2230 398 2262 415 eo
2273 389 2341 416 mihi
2357 391 2386 418 re
2401 386 2431 423 ’.ἓ

305 435 447 463 Αῐῖςᾶἰὺιις
462 431 662 467 perturbandus,
676 437 701 457 et
715 430 747 457 ab
760 430 906 457 intentione
918 428 1077 455 auferendus
1091 424 1341 457 estAiiditoi·<Q1in-
1394 423 1493 462 undum
1513 424 1565 447 liet.
1598 457 1602 461 ²
1623 423 1692 461 ‘C1c.
1706 424 1745 456 Q
1762 425 1844 451 Fratr.
1865 433 1888 457 1,
1908 433 1924 451 2
1949 425 2085 451 Praeterea
2097 423 2196 458 Aesopi
2214 419 2332 458 tragoedi
2348 420 2436 456 nostril-
2458 420 2463 427 ¹

304 472 359 498 etii.
374 480 401 503 4,
415 478 427 502 ς
446 479 470 503 p.
484 470 529 500 362
548 468 576 494 B.
646 467 712 493 Plin.
726 469 752 499 6,
769 475 802 499 29
828 465 882 493 Vbi
897 464 977 491 Nilus
997 463 1169 498 praecipitans
1190 462 1215 487 se
1235 461 1340 494 fragore
1394 458 1535 485 familiaris
1546 477 1553 489 ,
1573 458 1691 484 Licinius
1704 459 1792 485 seruus
1804 459 1856 486 tibi
1871 467 1949 486 notus
1965 459 2077 494 aufugit.
2149 460 2222 486 Idem
2235 459 2266 486 de
2280 461 2340 486 Nat.
2352 461 2430 495 Deot„
2443 469 2460 494 ,ἰ

303 507 430 534 Auditum
443 504 535 531 accolis
548 502 650 535 aufert,
668 505 686 529 i.
701 502 794 530 surdos
803 502 876 538 facit
888 501 992 527 accolet.
1067 498 1122 524 Cic.
1137 498 1175 531 Q
1187 497 1269 522 Fratr.
1288 504 1309 527 3,
1323 503 1340 527 4
1394 504 1420 526 2,
1435 503 1468 520 111
1490 493 1657 533 Andromeda
1673 493 1809 529 aufugiens
1829 496 1960 530 aspetffmm
1979 495 2077 522 moesta
2096 495 2220 529 parentis.
2255 494 2300 522 Sed
2311 496 2345 522 ibi
2355 496 2429 535 legem,
2443 493 2465 535 εἳ

301 543 327 568 Si
347 551 406 567 cuni
419 540 564 566 Aesernino
582 539 697 565 Samnite
710 537 862 565 Pacidianus
881 541 1044 570 comparatus
1065 533 1219 564 videretur,
1238 532 1341 558 auricu-
1356 540 1384 558 ιο
1394 531 1467 561 ilum,
1488 528 1558 555 haud
1578 532 1681 563 lugiens
1696 529 1830 566 BroukhusZ
1849 531 1884 557 ad
1899 533 1975 566 Prop.
1992 541 2018 564 1,
2038 540 2071 564 9,
2087 540 2127 563 30.
2164 530 2237 566 Conf.
2252 529 2474 567 Burmannm'adnffi

302 578 353 603 lani
372 576 474 602 sortass'e
488 574 620 602 mordicus
634 574 780 601 abstulisset.
852 573 938 606 Caput
952 570 1034 597 alicui
1045 569 1104 596 Liu.
1118 574 1159 601 28,
1195 588 1201 594 .
1238 588 1244 594 .
1293 568 1339 605 Ca·
1395 568 1499 592 Petron.
1521 569 1583 604 ⁶13¹
1609 574 1632 598 p.
1647 573 1706 597 402.
1766 565 1890 605 'Affiduas
1903 567 2043 594 blanditias
2057 568 2133 601 Prop.
2149 575 2170 598 1,
2184 575 2210 600 9,
2226 575 2264 597 30·
2334 567 2366 594 Li
2382 570 2395 585 τι
2416 564 2446 610 ,ἑ
2465 579 2468 584 ‹

301 613 393 639 villani
406 612 498 644 aufer,
515 619 569 637 non
582 619 631 645 ego
644 619 711 636 nunc
726 618 807 643 nugas
822 617 871 642 ago
887 608 967 634 Plaut.
978 606 1038 632 Aul.
1052 615 1078 639 4,
1092 614 1120 638 4,
1134 614 1164 631 ιι.
1236 602 1342 642 Auferi-
1395 611 1424 634 23
1447 603 1500 627 Iam
1521 600 1686 634 aliquantum
1707 601 1786 634 spatii
1803 609 1834 628 ex
1848 611 1881 629 eo
1894 603 1968 636 loco,
1991 603 2038 630 vbi
2059 608 2202 637 pugnatum
2216 601 2268 633 est,
2292 602 2370 638 aufug
2384 608 2390 636 ’ἢ
2412 600 2437 639 ’ᾖ
2450 595 2471 631 ⁸.

301 657 362 675 mur
375 648 473 679 Cultu,
492 646 602 681 gemmis
619 655 738 680 auroque
760 650 884 679 teguntur
899 642 1013 673 Omnia,
1032 650 1089 676 pars
1109 640 1219 667 minima
1234 638 1268 664 est
1288 638 1340 671 ipsa
1394 638 1477 663 Plaut.
1490 636 1550 662 Aul.
1568 644 1588 668 1,
1601 645 1623 669 2,
1638 638 1667 662 16
1685 636 1762 663 Tum
1774 645 1869 672 aquam
1882 639 2008 674 aufugisse
2024 639 2123 672 dicito,
2141 637 2159 665 fi
2178 638 2236 673 quis
2254 642 2331 672 petet.
2383 670 2387 679 Ι
2440 630 2471 703 Ἰ

300 683 388 719 puella
407 683 447 710 sui
464 682 543 709 Ouid.
557 682 631 708 Rem.
648 682 706 708 Ani.
720 690 780 714 344.
851 679 906 705 Cic.
919 680 948 704 A.
964 687 972 704 1
994 678 1022 704 in
1037 679 1112 704 Verr.
1128 685 1153 708 31
1174 676 1270 715 Decem
1286 673 1340 712 dics
2394 698 2424 712 e.

301 721 360 746 sunt
374 726 434 746 ante
448 718 524 745 ludos
535 718 655 748 votiuos,
671 726 737 751 quos
750 717 798 742 Cn.
812 714 951 749 Pompeius
966 713 1083 740 faElurus
1098 712 1146 738 est:
1168 709 1339 739 liiluil1‚Dies
1356 719 1379 746 ¹3
1814 699 1841 730 A
1914 702 1943 731 V
2016 701 2044 732 G
2244 713 2252 717 -
2390 711 2425 745 μ’(
2460 719 2465 723 .

301 755 454 790 quindecim
476 754 610 784 auferent,
643 752 737 778 deinde
759 751 887 777 continuo
909 750 1023 776 Romani
1045 749 1246 781 consequentur.
1302 745 1340 769 Ita
1431 750 1551 776 AVGA,
1564 745 1606 770 vel
1623 750 1742 777 AVGE,
1756 744 1816 771 Alei
1838 744 1894 772 filia
1907 746 1940 773 ab
1954 747 2070 774 Hercule
2082 746 2223 781 compressa
2257 759 2313 786 “-,
2337 755 2411 795 μζ]

2377 795 2381 805 1
2391 796 2393 798 ’
2406 791 2409 793 ’

302 799 384 826 prope
398 791 451 818 XL.
466 790 561 816 dicbus
575 788 749 823 interpositis,
769 793 824 813 tuni
845 786 974 820 denique,
996 792 1042 811 etc.
1076 787 1092 809 i.
1114 786 1141 808 in
1159 779 1342 819 ludis-edendis
1395 779 1742 820 Telephum.—7Profugit
1751 780 2364 820 inMoesiamadregemTeuthrantern‚qui-
2407 798 2408 803 ,

299 826 439 863 quindecim
453 824 692 860 dt'esi·o²1s11me›1tiu·.
733 822 790 850 Vicl.
804 832 860 848 mox
877 821 985 849 Noctes.
1058 818 1187 844 Dolorem
1200 814 1306 842 Tibull.
1320 823 1342 846 3,
1395 824 1444 850 pro
1459 816 1513 842 nlla
1530 815 1631 842 habuit.
1668 817 1736 842 Haec
1753 817 1852 851 Hygin.
1861 818 1880 844 f.
1888 826 1929 851 99.
1963 818 2058 845 Atidf.
2069 827 2123 844 100.
2141 817 2375 850 etvid.TE1.x-.·P1›1v
2401 802 2436 866 ᾗ
2468 849 2470 851 .

300 865 328 895 6,
344 871 364 894 3.
436 861 592 888 Doininiuni
605 860 685 886 alicui
698 859 802 894 leian.
817 858 846 884 in
861 858 878 884 1.
905 857 931 883 Si
945 856 1004 890 quis
1019 855 1131 881 seruum.
1160 853 1191 878 D.
1207 851 1238 877 de
1254 850 1341 890 noxal.
1432 858 1580 891 AvGEo,
1607 852 1650 883 xi,
1673 851 1762 884 cium,
1792 856 1846 879 ere.
1882 852 1978 885 [αὕξω,
1997 854 2113 888 ὅφέλλω,
2132 851 2318 914 ἓπιλαμζοίνωζὶ
2372 882 2374 884 v

299 897 398 924 ac‘tion.
469 896 668 924 Dubitationem
683 895 755 921 Hirt.
770 894 802 920 de
817 894 880 920 Bell.
895 892 968 918 Alex.
984 898 1008 925 7.
1081 890 1185 924 Equum
1199 886 1342 914 calcaribus
1352 886 1489 923 20facere.
1545 888 1600 914 Cic.
1615 886 1646 913 de
1661 888 1719 914 Fin.
1734 897 1754 920 1,
1769 893 1796 920 38
1818 897 1839 914 c.
1858 897 1880 914 11
1906 889 1988 916 Omni
1999 896 2088 916 autem
2103 889 2255 925 priuatione
2274 888 2308 915 do
2320 887 2385 915 01.ss
2428 888 2431 898 ι
2466 891 2474 921 ¹.

300 934 344 960 Sil.
362 942 399 965 10,
436 953 442 959 .
480 954 486 959 .
557 933 664 958 Famam
676 931 840 966 gloriamque
852 928 930 955 alicui
945 926 1010 952 Vell.
1026 934 1051 957 2,
1066 927 1111 957 66,
1129 934 1156 958 4.
1192 923 1261 950 Add.
1275 923 1341 948 Hor.
1395 929 1433 949 tat
1447 923 1573 957 Epicurus
1593 924 1731 950 terminari
1746 924 1875 950 summam
1893 925 2073 959 voluptatem,
2093 932 2123 952 vt
2143 925 2230 959 postea
2248 923 2349 951 variari
2371 936 2380 955 vg
2419 933 2431 958 γ

300 968 379 1003 Epist.
393 977 418 1000 2,
435 977 461 1000 1,
476 969 518 1002 56,
538 976 606 1004 quem
626 978 651 993 n.
662 977 676 998 3
694 966 812 992 dt'tllnllss.
884 961 1028 989 fastidium
1048 960 1114 987 Plin.
1129 968 1172 992 23,
1188 968 1207 985 1.
1279 958 1342 984 For·
1396 965 1451 993 ptas
1467 959 1734 999 distinguique-possit
1748 971 1753 985 :
1773 960 1881 994 augeri,
1900 960 2109 996 amplificarique
2127 970 2182 987 non
2196 959 2278 995 possit.
2334 960 2362 994 A,
2375 975 2385 990 ·‚
2422 970 2437 997 ‚A
2468 972 2474 998 4

299 1014 370 1031 mam
383 1004 464 1030 alicui
475 1012 534 1029 cum
546 1003 655 1030 nomine
668 1003 748 1028 Plaiit.
758 999 885 1033 Amph.2,
896 1007 914 1029 ι,
924 1006 959 1030 53.
1032 996 1159 1023 Fructum
1173 994 1342 1029 voluptatum
1396 994 1494 1029 speeiat
1514 995 1546 1021 ad
1565 1002 1755 1029 quantitatem,
1772 996 1908 1030 Ampljase
1928 997 1961 1023 ad
1979 997 2104 1031 metium·
2124 997 2141 1023 1·
2163 1005 2217 1023 non
2230 995 2344 1030 intelligi
2380 1005 2387 1018 .=
2421 993 2437 1014 ¹.
2468 1006 2474 1024 Ι

299 1041 386 1067 aufert
403 1039 518 1066 solitudo
540 1040 593 1066 Cic.
608 1039 640 1065 de
654 1037 757 1063 Amicit.
773 1041 812 1067 89.
883 1034 948 1060 Pliu.
965 1041 1010 1065 14,
1024 1041 1056 1059 22
1076 1033 1095 1058 s.
1109 1037 1139 1062 28
1161 1031 1264 1057 Etenim
1281 1029 1343 1056 haec
1396 1031 1470 1058 Diui.
1489 1031 1520 1057 D.
1536 1030 1566 1056 de
1582 1031 1640 1057 iure
1652 1031 1704 1057 lise.
1741 1031 1789 1058 Sed
1800 1031 1961 1068 intelligenda
1985 1035 2104 1059 nimirum
2138 1042 2186 1059 uon
2200 1031 2257 1068 sola
2274 1033 2346 1058 molis
2368 1036 2386 1063 ῳ]
2418 1039 2423 1049 -’

299 1077 357 1103 sunt
371 1075 506 1102 ebrietatis
518 1084 606 1110 opera.
643 1073 690 1099 Sed
704 1072 830 1098 nimirum
841 1069 908 1096 hanc
921 1069 1042 1095 Gloriam
1056 1068 1160 1094 auferre
1177 1067 1271 1093 Cicero
1288 1065 1343 1101 (fi-
1356 1076 1387 1102 25
1396 1070 1459 1093 titas
1467 1087 1475 1099 ,
1490 1066 1538 1102 fid
1549 1067 1592 1092 illa
1606 1070 1696 1100 ctiam,
1714 1075 1785 1102 quam
1799 1071 1907 1094 virtutis
1921 1068 2054 1104 appellant.
2090 1068 2147 1095 Cic.
2161 1067 2192 1094 de
2206 1068 2280 1094 Orat.
2295 1075 2315 1099 1,
2329 1075 2375 1100 94·

297 1112 369 1146 ciui)
389 1110 475 1138 voluit
495 1109 662 1137 interfe6tori
682 1107 761 1142 patris
782 1106 823 1132 sui
839 1107 877 1133 M.
893 1104 1020 1132 Antonio.
1066 1105 1089 1130 Is
1109 1104 1181 1129 enim
1201 1108 1265 1141 ante¹
1281 1111 1341 1127 euin
1396 1103 1462 1129 Eum
1477 1101 1619 1128 statuebam
1633 1102 1819 1138 eloquentem,
1840 1104 1888 1138 qui
1907 1103 2060 1130 mirabilius
2076 1110 2102 1131 et
2120 1103 2332 1138 magnificentius
2344 1110 2359 1129 a
2382 1116 2384 1133 :
2418 1109 2421 1111 ’

297 1147 444 1174 auidislinie
456 1147 604 1180 arripuerat
618 1145 682 1171 hanc
697 1143 820 1178 palmam.
868 1142 910 1170 Sic
922 1142 1019 1168 Lucan.
1034 1149 1056 1172 3,
1070 1145 1118 1173 278
1140 1138 1280 1165 Herculels
1299 1146 1343 1163 ssu-
1396 1139 1492 1173 posset,
1507 1145 1585 1173 atque
1598 1146 1708 1169 ornare,
1722 1147 1789 1172 quae
1802 1139 1891 1166 vellet.
1926 1141 1970 1168 Sic
1982 1150 2035 1166 cum
2049 1139 2083 1167 ad
2090 1140 2221 1175 personam
2233 1139 2355 1175 refertur,
2374 1140 2384 1165 t,
2420 1151 2422 1154 .

299 1184 385 1210 fertur
393 1182 586 1213 Gloriametis,
604 1184 622 1207 i.
639 1183 754 1215 eripitur.
818 1179 904 1204 Aliter
918 1177 975 1203 Cic.
989 1185 1037 1211 pro
1051 1176 1148 1202 Milon.
1164 1178 1200 1207 64
1219 1174 1283 1213 Non
1297 1172 1342 1199 du-
1394 1174 1456 1209 ficar
1481 1174 1549 1200 illum
1575 1176 1705 1205 maiorem,
1734 1176 1891 1209 ampliorem,
1911 1178 2094 1211 potentiorem,
2120 1177 2301 1211 locupletiorem
2332 1174 2385 1200 ren*
2420 1187 2422 1192 .

297 1219 444 1245 bitaturum
457 1218 556 1244 fortem
569 1217 675 1247 virum,
695 1215 776 1250 quin,
797 1223 880 1248 quum
898 1214 945 1240 suo
959 1211 1076 1247 periculo
1096 1211 1205 1237 salutem
1219 1208 1342 1243 Reipubl.
1395 1210 1477 1236 Plaut.
1493 1211 1565 1236 Men.
1579 1218 1601 1242 3,
1616 1218 1637 1242 3,
1651 1217 1682 1244 27
1706 1210 1752 1236 Dii
1767 1219 1808 1237 nie
1821 1211 1946 1246 equidem
1959 1211 2102 1244 adiuuant,
2121 1217 2232 1246 augent,
2251 1215 2348 1237 amant.
2388 1220 2389 1223 ¹
2420 1224 2422 1227 v

297 1255 438 1286 attulisset,
458 1253 560 1279 cederet
575 1261 661 1285 aequo
674 1252 765 1278 animo
779 1248 898 1284 legibus,
919 1250 1006 1275 secum
1018 1247 1135 1273 auferret
1144 1245 1266 1272 Gloriam
1275 1245 1340 1271 sem-
1350 1255 1382 1279 30
1396 1245 1449 1272 Off.
1463 1254 1485 1278 2,
1499 1254 1526 1272 21
1548 1255 1569 1272 c.
1585 1248 1602 1272 6
1628 1246 1807 1280 Qiaecunque
1826 1246 1909 1281 igitur
1927 1247 2048 1274 homines
2067 1247 2174 1274 homini
2187 1247 2316 1278 tribuunt,
2329 1244 2362 1272 ad
2382 1249 2384 1251 ’
2420 1246 2422 1251 ⁴

297 1291 444 1323 piternam,
463 1291 482 1314 i.
497 1288 648 1324 Asportaret
655 1287 737 1323 secum
750 1290 778 1312 in
790 1287 899 1311 exilium.
971 1283 1091 1310 Gratiam
1105 1281 1250 1316 Qiin&.6,
1266 1289 1285 1313 1,
1299 1289 1342 1306 20.
1395 1281 1544 1316 augendum
1554 1302 1562 1314 ,
1581 1288 1660 1316 atque
1678 1280 1885 1315 honestandum,
1906 1289 1950 1310 aut
1972 1283 2171 1310 beniuolentiae
2185 1283 2269 1317 gratia
2283 1281 2371 1314 facin,
2418 1286 2423 1301 -“

296 1325 365 1352 Ter.
379 1324 461 1351 Andr.
475 1333 498 1356 3,
513 1333 541 1357 4,
556 1329 568 1354 8
595 1323 633 1349 Ni
651 1323 765 1354 facient,
780 1330 848 1356 quae
870 1320 930 1347 illos
948 1328 1064 1354 aequum
1082 1318 1134 1350 est,
1155 1317 1225 1344 haud
1244 1316 1277 1342 sic
1297 1325 1341 1342 au·
1395 1317 1450 1344 Cic.
1460 1318 1530 1343 Fam.
1540 1325 1566 1352 7,
1580 1324 1608 1351 17
1630 1317 1736 1353 Semper
1749 1323 1775 1343 te
1787 1326 1842 1344 non
1855 1318 1936 1346 modo
1950 1320 2079 1346 tuendum
2091 1318 2175 1352 mihi,
2195 1318 2239 1345 sed
2253 1318 2333 1346 etiam
2346 1326 2361 1344 a
2382 1319 2384 1321 ’
2412 1309 2423 1335 *l

296 1361 397 1393 ferent,
417 1367 498 1395 nempe
511 1359 637 1386 inultum.
710 1359 898 1392 liiipetratiiiii,
918 1355 971 1382 vid.
988 1365 1013 1380 n.
1025 1364 1039 1387 3
1060 1364 1088 1380 cx
1102 1354 1184 1380 Plaut.
1197 1353 1258 1379 Aul.
1273 1357 1341 1392 4,.8,
1396 1353 1461 1379 dum
1474 1360 1553 1388 atque
1567 1352 1716 1380 ornandum
1730 1354 1830 1389 putaui.
1903 1355 1972 1389 Nep.
1988 1364 2026 1388 19,
2037 1364 2063 1388 2,
2074 1364 2086 1387 3
2108 1354 2208 1389 Augeri
2221 1350 2360 1388 adiuuariq
2380 1370 2390 1382 „
2407 1353 2431 1376 t*

297 1404 330 1429 ις.
386 1396 503 1423 Inultum
523 1395 641 1430 aliquid,
656 1401 711 1430 pro.
725 1396 782 1420 Non
796 1395 889 1428 puniri
908 1392 976 1418 Ter.
992 1390 1072 1417 Andr.
1087 1397 1166 1430 3,·5,
1186 1398 1213 1428 4:
1286 1389 1341 1414 Cic.
1394 1389 1512 1429 aliquo..
1568 1389 1675 1415 Sueton.
1689 1388 1781 1416 Claud.
1801 1399 1822 1416 c.
1837 1398 1865 1416 12
1891 1391 1923 1417 In
1942 1392 2023 1417 semet
2040 1390 2162 1425 augendo
2182 1399 2273 1425 parcus
2292 1398 2321 1416 ac
2341 1389 2365 1424 ci
2390 1401 2391 1404 ¹
2414 1395 2421 1402 '¹

295 1434 373 1459 verr.
391 1441 412 1464 1,
424 1440 455 1464 23
476 1441 497 1457 c.
511 1436 525 1461 8
552 1432 653 1457 Verum
667 1430 744 1456 vobis
759 1429 854 1461 dicam,
872 1428 908 1460 id,
921 1426 994 1462 quod
1008 1425 1143 1457 intellexi,
1156 1425 1272 1452 Iudices:
1292 1423 1340 1450 ho-
1352 1436 1381 1462 35
1393 1425 1503 1451 nomine
1516 1425 1687 1459 Imperatoris
1700 1424 1833 1452 abstinuit.
1869 1426 1940 1453 Add.
1954 1428 2028 1453 Cort.
2042 1426 2075 1452 ad
2086 1425 2239 1461 Plin.Epist.
2250 1434 2273 1458 3,
2285 1430 2332 1458 8,2
2351 1431 2387 1451 ee
2406 1441 2407 1446 .
2420 1427 2431 1438 ·’

295 1469 379 1494 mines
393 1468 486 1494 scitote
500 1467 548 1494 esse
561 1466 689 1500 quosdam
698 1487 705 1498 ‚
726 1474 793 1501 quos
805 1471 906 1491 tantum
922 1463 1015 1490 odium
1028 1461 1109 1489 vestri
1128 1460 1229 1500 ordinis
1242 1465 1340 1500 teneat,
1392 1460 1513 1495 Iugurth.
1522 1463 1591 1493 86,3.
1629 1461 1677 1486 Per
1684 1460 1778 1495 gradus
1786 1470 1890 1496 augere.
1927 1462 2150 1496 Qiine't.2,4,34
2169 1463 2241 1489 Nam
2249 1468 2275 1487 et
2282 1468 2377 1496 genera
2390 1470 2392 1481 ¹

295 1510 324 1530 vt
337 1503 387 1531 hoc
401 1503 487 1537 palam
498 1503 551 1529 iam
564 1502 703 1533 dietitent,
723 1503 749 1528 se
768 1501 862 1532 istum,
882 1508 961 1534 quem
980 1499 1059 1525 sciant
1079 1497 1127 1523 ess‘c
1142 1496 1280 1523 hominem
1292 1505 1340 1522 im-
1394 1497 1461 1529 tria‚
1480 1496 1566 1528 Sacri,
1586 1495 1706 1531 publici,
1727 1497 1829 1531 priuati
1843 1498 1920 1525 iuris.
1975 1500 2051 1532 Qiae
2069 1498 2166 1524 diiiisio
2189 1497 2221 1524 ad
2244 1496 2348 1523 laudem
2368 1509 2387 1520 ιι,

295 1538 477 1574 probiffimum
486 1558 494 1571 ,
513 1537 563 1563 hoc
577 1546 632 1563 vno
645 1537 754 1563 nomine
767 1536 870 1563 absolui
884 1535 969 1567 velle,
988 1541 1016 1560 vt
1029 1533 1061 1560 ab
1075 1534 1169 1559 Senatu
1177 1531 1279 1559 Iudicia
1293 1540 1340 1566 per
1391 1532 1500 1567 speetat,
1509 1532 1526 1558 li
1535 1533 1594 1566 quis
1601 1541 1658 1558 eam
1666 1541 1713 1566 per
1721 1533 1822 1560 Gradus
1830 1535 2013 1569 augeat,quod
2021 1534 2073 1567 lex,
2080 1534 2152 1569 quod
2160 1533 2275 1569 publica,
2292 1541 2357 1568 quo·
2371 1531 2377 1538 ’
2419 1536 2421 1539 ’

294 1574 469 1610 ignominiam
490 1572 733 1607 turpitudinemque
752 1572 915 1598 auferantur.
970 1572 1055 1596 Aliter
1073 1568 1204 1601 Qiinctil.
1225 1577 1259 1601 4,
1278 1575 1306 1600 5,
1325 1568 1342 1593 6
1394 1566 1821 1603 ligioneichsimconiparatasit.
1929 1568 1950 1607 q
1970 1579 1986 1597 2
1998 1568 2407 1606 Reliquaelenientorumordine-

295 1611 410 1638 Auferre
431 1609 560 1636 iudicium
581 1608 767 1642 cognoscenti,
801 1610 818 1633 ι’,
839 1606 972 1641 impetiiae,
997 1615 1026 1631 ne
1045 1603 1110 1632 rifle
1129 1604 1240 1631 iudicare
1256 1602 1341 1640 postis.
1350 1617 1386 1642 40
1396 1604 1514 1631 rabimus.
1551 1603 1678 1629 Animum
1687 1604 1962 1639 ininiicorumaugere
1976 1606 2141 1638 Cic.Att.10,
2151 1607 2187 1632 16.
2223 1605 2354 1632 Animosa
2377 1609 2410 1633 2-12

293 1646 416 1681 Iurgium
429 1645 531 1672 auferas
543 1644 615 1675 hinc,
628 1643 645 1669 si
661 1644 742 1677 sapias
755 1643 836 1669 Plaut.
847 1643 914 1668 Pers.
923 1650 945 1674 ς,
955 1650 976 1674 2,
988 1649 1024 1674 19.
1044 1644 1061 1667 i.
1070 1651 1118 1668 non
1129 1642 1248 1676 iza-geris.
1284 1639 1340 1665 Cic.
1393 1638 1521 1673 Afficmere
1528 1643 1636 1665 animum
1652 1638 1804 1675 erfiduciam
1835 1640 1997 1668 Stat.Theb.
2008 1650 2046 1674 10,
2053 1650 2091 1674 23.
2129 1643 2209 1668 Aram
2217 1649 2314 1676 augere
2328 1637 2361 1673 qli
2374 1644 2386 1671 ζ

295 1683 384 1708 Diuin.
399 1681 426 1707 in
436 1681 512 1706 Caec.
529 1688 557 1711 19
578 1678 658 1712 Qiod
671 1679 701 1704 in
713 1687 870 1713 vnaquaque
885 1687 913 1704 re
928 1677 1059 1703 beneficio
1073 1677 1181 1703 Senatus
1192 1674 1341 1709 Populique
1389 1676 1478 1712 ficare.
1521 1675 1603 1701 Plaut.
1618 1676 1701 1702 Merc.
1722 1684 1751 1708 4,
1773 1684 1798 1708 1,
1820 1684 1849 1701 10
1872 1677 1982 1711 Aliquid
2001 1676 2083 1709 cedo,
2112 1675 2157 1712 qui
2179 1676 2244 1703 hanc
2263 1676 2345 1703 vicini
2361 1683 2388 1702 n
2408 1678 2418 1705 ,ι

295 1719 407 1744 Roman.
426 1716 494 1742 Iuris
515 1714 612 1746 habui,
633 1714 661 1740 id
682 1714 751 1740 inihi
774 1722 803 1739 tu
832 1714 861 1739 C.
884 1715 980 1740 Verres
1011 1711 1129 1747 eripuisti
1150 1718 1230 1745 atque
1256 1709 1341 1736 abstu-
1395 1719 1468 1737 aram
1487 1719 1606 1744 augeam.
1658 1710 1810 1737 Vid.1nscr.
1830 1712 1865 1738 SI
1892 1712 1992 1746 QVIS
2019 1713 2123 1739 HVIC
2149 1713 2270 1740 ARAE·
2285 1710 2376 1739 DON
2389 1713 2420 1744 ,1255

294 1752 355 1778 listi.
431 1751 516 1777 Aufer
540 1750 637 1777 abhinc
657 1749 788 1776 Lacrimas
797 1768 805 1779 ,
833 1748 956 1774 barathre
971 1768 979 1780 ,
1013 1754 1039 1773 et
1064 1747 1201 1781 compesce
1221 1744 1342 1780 querelas
1394 1747 1418 1772 D
1427 1747 1448 1771 A
1457 1746 1506 1772 RE
1541 1746 1563 1771 A
1572 1747 1594 1771 V
1603 1745 1626 1771 G
1635 1746 1803 1779 EREQVE
1838 1747 1894 1773 VO
1903 1748 1982 1774 LVE
1991 1748 2072 1774 RIT
2110 1749 2131 1775 L
2141 1749 2207 1775 1OE
2216 1748 2287 1775 TO.
2359 1735 2432 1781 ΡΓ-ᾖ·

292 1789 399 1815 Lucret.
414 1795 436 1819 3,
450 1788 511 1820 967.
585 1784 702 1811 Laudem
716 1793 747 1811 ex
763 1784 852 1818 aliqua
867 1791 911 1814 re,
935 1786 952 1808 i.
967 1784 1104 1816 Reportare
1118 1783 1339 1812 Cic.Verr.1,20.
1352 1794 1386 1821 45
1396 1781 1458 1808 Cist.
1475 1789 1494 1812 1,
1508 1788 1529 1813 3,
1545 1789 1575 1814 52
1596 1780 1703 1808 Seruate
1717 1780 1818 1807 vestros
1829 1782 1915 1808 socios
1927 1789 2032 1809 veteres
2053 1789 2078 1809 ct
2092 1793 2178 1810 nouos
2192 1795 2199 1810 :
2228 1786 2321 1818 augete
2334 1783 2376 1810 Au
2391 1783 2393 1785 ’
2411 1774 2431 1805 Η

293 1824 382 1850 Litem
393 1823 476 1848 Plaut.
490 1820 557 1848 Rud.
571 1821 639 1856 prol.
654 1829 693 1847 20.
766 1819 840 1845 Idem
854 1817 951 1852 Amph.
974 1826 1000 1848 1,
1022 1825 1049 1848 ι,
1063 1822 1113 1849 298
1134 1816 1223 1842 Hodie
1245 1815 1342 1842 lumbi·
1395 1817 1489 1843 vostris
1502 1816 1575 1843 iustis
1587 1816 1700 1850 legibus.
1770 1816 1880 1851 Aliquid
1898 1816 1931 1844 ad
1945 1817 2082 1844 infinitum
2101 1819 2168 1845 Plin.
2183 1828 2233 1852 20,
2252 1828 2291 1846 21.
2366 1822 2379 1841 ⁰
2418 1808 2432 1838 ¹⁸

293 1859 409 1895 fragium
423 1857 485 1884 hinc
501 1857 614 1884 auferes.
674 1855 711 1882 Id.
728 1855 765 1882 ib.
778 1863 803 1888 2,
819 1863 842 1888 2,
858 1862 904 1888 179
921 1853 967 1879 Te
981 1852 1128 1879 dormitare
1140 1851 1238 1883 aiebas,
1252 1851 1342 1890 Mensa
1395 1853 1461 1879 Met.
1475 1857 1496 1883 8,
1504 1857 1554 1886 807
1575 1852 1691 1878 Auxerat
1699 1852 1832 1878 Articulos
1845 1853 1958 1886 macies,
1978 1862 2147 1888 genuumque
2161 1854 2280 1882 tumebat
2313 1848 2422 1887 Orbig't

292 1895 380 1923 ablata
399 1894 451 1925 est,
470 1892 591 1920 cubitum
604 1893 666 1919 hinc
680 1891 791 1918 abimus.
846 1891 936 1916 Metus
949 1889 1023 1922 Virg.
1037 1888 1102 1927 Aen.
1114 1895 1151 1919 12,
1165 1888 1218 1919 316.
1260 1886 1340 1912 Ouid.
1395 1887 1541 1913 immodico
1565 1887 1707 1921 prodibant
1729 1887 1824 1914 tubere
1845 1888 1909 1920 tali,
1935 1891 1954 1915 i.
1968 1889 2081 1915 Maiores
2100 1896 2124 1916 et
2145 1893 2319 1917 eminentior-ar
2332 1889 2423 1926 [ει-ενα

293 1931 326 1958 de
341 1932 416 1957 Rem.
432 1930 523 1956 Amor.
537 1934 579 1962 538
600 1928 649 1955 Illa
667 1927 718 1954 tibi
732 1926 833 1953 Noctes
846 1925 965 1957 auferat,
986 1924 1032 1950 illa
1047 1923 1118 1955 dm,
1144 1925 1162 1948 i.
1179 1922 1232 1948 dies
1247 1919 1343 1947 monsies-
1396 1923 1452 1949 Cic.
1467 1923 1539 1949 Fam.
1554 1930 1596 1954 13,
1614 1924 1645 1954 63
1669 1923 1798 1956 Magnum
1815 1922 1976 1950 beneficium
1997 1930 2074 1950 tuum
2093 1934 2189 1960 magno
2209 1925 2315 1953 cumulo
2332 1924 2424 1952 auxetir

291 1975 338 2003 que
356 1966 426 1992 illius
444 1963 616 2000 corzfiietuclini
633 1963 768 1998 impendas.
840 1961 949 1987 Nomen
970 1959 1076 1986 auferre
1095 1958 1171 1991 aliis,
1192 1963 1217 1984 et
1236 1957 1343 1992 fulgore
1355 1972 1387 1999 50
1396 1957 1616 1985 Beneuolentiam
1630 1957 1703 1983 auxit
1715 1957 1879 1984 consuetudo
1892 1959 1967 1984 Idem
1979 1958 2012 1985 de
2026 1959 2130 1988 Amicit.
2145 1970 2183 1989 io.
2237 1960 2380 1994 ciuitatem
2397 1968 2422 1986 ai
2436 1969 2440 1991 ι

294 2001 419 2028 claritatis
431 1999 551 2026 tenebras
565 1998 699 2027 obducere
712 1996 823 2030 Qiine’t.
839 2004 876 2028 10,
893 2004 918 2027 i,
932 2003 975 2030 72.
1045 1995 1129 2020 Plaut.
1143 1995 1230 2020 Truc.
1244 2004 1273 2027 4,
1286 2001 1314 2026 4,
1330 1998 1342 2022 8
1397 2002 1459 2029 gere
1473 1993 1658 2028 procreatione
1669 1992 1818 2020 liberorum
1830 1993 1913 2021 Plaut.
1928 1994 1996 2021 Pers.
2010 2002 2033 2026 3,
2048 2003 2072 2028 3,
2085 2002 2118 2028 ις.
2171 1997 2262 2024 Tacit.
2271 1989 2340 2024 Ἀιιιι.
2355 1994 2393 2028 12,
2406 2003 2422 2022 2
2437 1996 2439 2002 “

294 2037 369 2071 Qiid
382 2036 470 2070 agitur
481 2034 602 2068 voluptas
615 2042 674 2060 inea
688 2034 697 2058 3
722 2039 749 2058 D.
765 2040 819 2058 non
834 2030 969 2064 voluptas,
989 2029 1066 2055 aufer
1078 2030 1170 2063 Nugas
1184 2039 1190 2055 ε
1209 2028 1279 2054 nihil
1293 2036 1342 2062 ego
1396 2029 1543 2065 Agrippina
1558 2034 1738 2064 cognomento
1751 2029 1882 2064 Augustae
1898 2037 2018 2064 augetur.
2091 2031 2145 2059 Cic.
2157 2031 2269 2067 Philipp.
2283 2040 2322 2062 11,
2334 2038 2365 2064 37
2391 2030 2422 2056 Ε(
2436 2019 2440 2033 ’

293 2082 364 2100 nunc
377 2072 409 2098 de
422 2071 482 2098 istac
496 2080 525 2097 re
538 2078 596 2104 ago.
668 2067 768 2095 Sallust.
786 2067 827 2092 An
842 2066 903 2098 illa,
920 2073 987 2101 quae
1001 2063 1089 2098 paullo
1103 2069 1162 2090 ante
1175 2063 1227 2102 hoe
1240 2063 1343 2102 bellum
1396 2074 1451 2090 non
1463 2065 1534 2090 tueri
1546 2065 1632 2091 solum
1641 2085 1650 2096 ,
1670 2064 1716 2091 sed
1727 2065 1807 2092 etiam
1819 2073 1916 2100 augere
1925 2064 2082 2092 Commodis
2091 2066 2185 2093 debeo.
2245 2066 2359 2100 Culpam
2370 2065 2423 2091 suat

294 2109 325 2135 in
338 2109 386 2135 Cn.
400 2106 570 2141 Pompeium,
584 2103 780 2138 vidioriamque
795 2102 927 2135 Syllanam
946 2098 1148 2134 increpabatur,
1165 2097 1278 2125 Obliuio
1294 2096 1342 2137 ab·
1397 2107 1494 2133 augere
1507 2099 1572 2137 Plin.
1585 2100 1663 2132 Epist,
1679 2107 1702 2133 ς,
1716 2108 1739 2131 3,
1752 2108 1777 2126 2,
1851 2100 1933 2127 Ouid¹
1946 2110 1960 2127 e
1973 2102 2048 2127 Pom·
2062 2110 2092 2135 4,
2106 2109 2131 2135 ις
2155 2102 2275 2135 Augetur
2287 2099 2366 2126 remis
2385 2128 2387 2130 Ι
2401 2118 2409 2128 L

292 2144 364 2172 stulit
373 2138 674 2173 3i.12enitusoblitiestis?
693 2138 854 2174 Ouid.Epist.
864 2138 957 2170 21,146
972 2136 999 2162 Si
1007 2135 1076 2161 valet
1085 2134 1148 2161 hoc:
1161 2142 1267 2174 magnas
1274 2132 1342 2173 diui-
1355 2144 1383 2171 53
1396 2134 1436 2160 sus
1452 2138 1538 2159 euntis
1552 2141 1646 2172 aquae,
1665 2136 1684 2159 i.
1698 2134 1808 2161 Citatior
1815 2134 1862 2169 fit.
1914 2137 2019 2163 Damno
2032 2136 2124 2163 anetus
2138 2136 2175 2164 est
2186 2135 2266 2165 herus
2273 2135 2376 2162 Ter.1-1
2404 2125 2430 2164 (ft

293 2181 328 2207 tis
336 2179 498 2213 aufcrOpes.
522 2177 664 2208 Cic.Att.6,
675 2175 762 2201 illlud
770 2173 878 2209 quidem
887 2171 1143 2206 fatebinn·Seaptius,
1151 2179 1193 2196 nie
1205 2178 1246 2195 ius
1254 2168 1342 2195 dicen·
1396 2180 1424 2203 4,
1439 2178 1465 2201 ι,
1481 2175 1514 2201 ις.
1587 2169 1642 2194 cic.
1657 2168 1730 2194 Fam.
1746 2174 1786 2201 11,
1801 2172 1818 2194 6
1841 2169 1912 2196 Illud
1930 2170 1981 2197 tibi
1999 2172 2155 2204 persuadeas
2172 2171 2271 2204 velim,
2288 2178 2333 2196 me
2345 2178 2363 2196 ο
2407 2171 2419 2178 ·“

294 2214 500 2248 te,sibiomnem
507 2212 647 2238 Pecuniam
655 2219 686 2237 ex
693 2210 781 2237 edicio
789 2218 851 2236 meo
858 2207 998 2235 auferendi
1007 2206 1162 2241 potestatem
1169 2205 1254 2232 fuisse.
1264 2205 1342 2230 Pecu·
1396 2214 1464 2239 quae
1479 2203 1510 2230 ad
1523 2209 1596 2230 tuam
1610 2203 1773 2238 Dignitatem
1788 2203 1935 2238 augendam
1948 2206 2136 2239 pertinebunt,
2157 2216 2225 2241 quae
2239 2205 2275 2232 est
2288 2215 2336 2240 per
2349 2206 2381 2232 se·

294 2251 367 2278 niam
375 2250 407 2276 de
414 2248 520 2275 aerario
540 2248 735 2280 Cic.Att.7,21.
757 2246 869 2280 Pignora
876 2244 990 2275 auferre,
998 2242 1062 2278 quod
1069 2243 1133 2268 alias
1143 2242 1231 2275 Capera¹
1239 2240 1342 2278 dicitur.
1395 2239 1520 2274 plissiina,
1539 2239 1644 2265 summo
1657 2240 1759 2273 semper
1771 2239 1859 2265 studio
1878 2240 2069 2275 suscepturum.
2142 2241 2253 2268 Diuitiis
2271 2241 2362 2276 alique
2379 2255 2383 2264 ·

293 2286 334 2315 ld.
348 2286 380 2312 de
392 2286 467 2312 Orat.
480 2292 503 2316 3,
518 2293 537 2318 4
581 2283 632 2309 Hic
653 2291 737 2316 quum
757 2280 864 2307 homini
882 2285 907 2305 et
926 2277 1079 2305 vehementi
1099 2282 1125 2302 et
1142 2276 1257 2307 diserto,
1277 2280 1345 2300 etin
1397 2275 1429 2301 de
1445 2275 1514 2314 Lege
1528 2275 1590 2308 Agr.
1611 2282 1636 2305 2,
1656 2276 1688 2303 68
1715 2284 1736 2300 c.
1755 2277 1799 2301 26.
1872 2275 1954 2302 Ouid.
1975 2276 2054 2311 Epist.
2073 2285 2097 2309 3,
2114 2285 2148 2309 30
2177 2279 2316 2304 Auxerunt
2338 2276 2383 2304 bl

296 2322 389 2358 primis
401 2320 468 2348 forti
483 2319 516 2347 ad
531 2316 701 2346 resistendum
715 2316 853 2351 Philippo,
871 2314 944 2350 quasi
965 2312 1089 2348 quasdam
1109 2311 1256 2338 verborum
1275 2310 1344 2349 faces
1353 2314 1389 2339 60
1398 2309 1507 2350 grandia
1521 2309 1592 2337 dona
1605 2318 1702 2344 preceS.
1747 2310 1878 2345 Exemplis
1894 2320 1990 2346 augere
2007 2312 2124 2347 aliquem
2141 2313 2197 2340 Cic.
2211 2312 2263 2340 Off.
2279 2322 2298 2344 1,
2315 2322 2334 2340 1.
2379 2316 2388 2324 “

296 2357 451 2386 admouisset
462 2376 470 2389 ,
489 2363 544 2382 non
563 2354 625 2381 tulit
639 2353 702 2386 ille,
720 2358 746 2379 et
765 2352 882 2387 grauiter
899 2349 992 2377 exaisit
1006 2347 1217 2383 Pignoribusque
1236 2345 1346 2378 ablatis,
1385 2346 1536 2386 'citationes
1556 2344 1732 2385 animi-Idem
1746 2345 1799 2372 Off.
1821 2355 1847 2379 1,
1870 2355 1921 2379 123.
1993 2348 2073 2375 Facta
2088 2348 2201 2376 alicuius
2213 2348 2310 2376 Tibul.
2325 2355 2383 2384 1,v7

296 2394 415 2421 Crassum
433 2391 547 2425 instituit
560 2392 690 2417 coe‘rcere.
762 2387 970 2415 Pollicitationes
990 2384 1066 2412 aufer
1078 2384 1146 2410 Ter.
1160 2382 1267 2409 Phorin.
1281 2389 1304 2421 ς,
1318 2383 1345 2413 6,
1397 2382 1463 2408 ΡΙιη.
1475 2389 1518 2414 22,
1531 2390 1544 2408 2
1571 2382 1682 2408 Interim
1696 2381 1801 2408 Fortius
1815 2388 1927 2417 augetur
1945 2383 2096 2411 auotoritas.
2168 2385 2243 2412 Idem
2259 2393 2298 2418 11,
2316 2393 2354 2418 42
2383 2390 2394 2407 Ρ·

298 2438 337 2465 ¹7·
407 2428 491 2455 Plaut.
506 2426 596 2454 Pseud.
609 2434 637 2459 4,
652 2433 679 2459 7,
693 2432 740 2459 127
766 2430 788 2450 s.
803 2424 843 2450 De
855 2421 986 2456 improbis
998 2421 1065 2447 viris
1079 2419 1182 2446 auferri
1194 2420 1345 2445 Praemium
1397 2417 1426 2444 dc
1440 2418 1533 2454 castis,
1554 2417 1617 2444 Eam
1631 2423 1743 2452 augente
1757 2418 1876 2445 Gratiam
1888 2419 1982 2452 fumo,
2001 2420 2088 2455 qualis
2100 2420 2130 2447 in
2143 2421 2199 2456 ipsa
2212 2420 2282 2452 vrbe,
2299 2418 2394 2448 confic

297 2471 324 2492 et
342 2463 466 2500 praedam
485 2463 567 2489 decet.
640 2462 709 2488 Bene
727 2468 830 2487 merens
853 2458 904 2485 hoc
921 2457 1040 2485 Pretium
1063 2455 1125 2483 inde
1146 2454 1242 2481 abstuli
1263 2453 1345 2480 Plaut.
1400 2455 1493 2488 Nempe
1508 2453 1601 2489 fumus
1618 2453 1857 2492 cafti'skqui'busdagn
1877 2455 2043 2483 iucundiorem
2063 2456 2178 2493 saporem
2193 2454 2318 2492 praestat.

298 2500 377 2529 Most.
392 2509 420 2533 4,
434 2509 444 2526 1
454 2519 461 2530 ‚
475 2508 517 2526 22.
588 2497 645 2525 Cic.
666 2497 697 2523 de
712 2497 787 2523 Orat.
801 2504 828 2528 1,
846 2503 896 2527 239
920 2492 1050 2528 Equidem
1071 2491 1121 2519 hoc
1141 2492 1216 2526 saepe
1242 2489 1345 2521 audiui,
1354 2492 1385 2524 65
1397 2489 1511 2529 Philipp.
1522 2497 1562 2522 14,
1571 2490 1600 2515 16
1618 2489 1653 2515 Vt
1661 2488 1732 2529 idem
1740 2488 1794 2515 dies
1802 2498 1856 2516 non
1869 2490 1950 2517 modo
1964 2499 2007 2518 me
2020 2491 2179 2526 iniquiffima
2193 2491 2296 2519 inuidia
2308 2489 2387 2518 liber
2399 2490 2402 2497 ¹
2415 2480 2430 2513 tl

297 2536 418 2564 accessisse
428 2535 461 2562 ad
469 2534 585 2561 Crassum
598 2532 751 2560 consulendi
766 2532 840 2559 causa
853 2529 994 2566 quemdam
1006 2528 1181 2555 rusticanum:
1198 2526 1254 2562 qui,
1262 2534 1345 2560 quum
1397 2525 1441 2552 sed
1455 2532 1537 2553 etiam
1549 2523 1723 2552 celeberrima
1742 2525 1837 2559 populi
1850 2525 1928 2553 Rom.
1945 2526 2129 2554 Gratulatione
2147 2527 2261 2555 auxerit.
2331 2525 2424 2554 Hei-ed

299 2572 418 2600 Crassum
429 2570 582 2602 seduxisset,
599 2576 678 2605 atque
692 2569 724 2595 ad
738 2577 800 2595 eum
812 2566 956 2598 retuliffet,
976 2565 1192 2599 Responsumque
1207 2562 1240 2589 ab
1257 2570 1289 2588 eo
1300 2569 1345 2587 ve·
1397 2568 1496 2594 tatem,
1517 2570 1639 2597 gregem,
1660 2566 1686 2587 et
1704 2569 1831 2600 pecorum
1848 2567 1944 2596 partus.
1965 2562 1983 2588 l.
2004 2562 2052 2589 Sed
2067 2563 2134 2591 etsi.
2154 2563 2183 2590 in
2202 2563 2248 2590 fin.
2269 2562 2302 2589 D.
2324 2561 2356 2588 de
2370 2571 2404 2597 pe
2416 2561 2423 2567 ”

299 2617 361 2636 rum
374 2606 472 2640 magis,
491 2614 572 2640 quam
591 2605 623 2631 ad
639 2607 711 2632 suam
730 2613 787 2631 rein
806 2601 1034 2630 accommodatum
1054 2599 1211 2631 abstulisset,
1234 2604 1264 2624 vt
1283 2606 1345 2624 eum
1396 2597 1489 2625 hered.
1561 2598 1673 2624 Honore
1691 2604 1782 2630 augeri
1800 2597 1855 2624 Cic.
1869 2596 1902 2624 de
1915 2598 2009 2632 Arusp.
2025 2598 2100 2633 Resp.
2113 2601 2153 2632 56.
2223 2597 2382 2625 Honoribus
2417 2603 2421 2606 “

300 2643 402 2671 tristem
417 2640 502 2668 Galba
515 2640 601 2676 vidit,
616 2647 661 2668 etc.
733 2639 881 2675 Relliqiiias
894 2639 965 2665 vitae
980 2635 1107 2663 membris
1120 2644 1151 2662 ex
1163 2633 1288 2661 omnibus
1302 2643 1346 2660 au·
1398 2642 1459 2669 gere
1478 2633 1595 2668 aliquem
1613 2632 1680 2659 Plin.
1693 2632 1739 2666 Ep.
1752 2640 1781 2665 3,
1801 2637 1830 2666 8,
1850 2641 1875 2660 2.
1947 2633 2054 2661 Sueton.
2068 2635 2136 2669 Aug.
2149 2637 2186 2668 96
2209 2635 2287 2662 Circa
2300 2634 2366 2660 Peru

300 2680 354 2706 fert
368 2680 474 2706 Lucret.
489 2678 515 2710 6,
528 2682 583 2709 825.
640 2676 670 2703 Se
690 2675 812 2707 auferre,
831 2678 849 2701 i.
863 2675 941 2701 Abire
954 2673 1035 2699 Plaiit.
1048 2671 1118 2698 Asin.
1130 2680 1157 2705 2,
1170 2680 1199 2705 4,
1215 2673 1244 2703 63
1262 2670 1348 2696 Aufer
1355 2679 1390 2708 70
1400 2669 1530 2697 sacrificio
1553 2677 1608 2695 non
1628 2668 1721 2695 litante
1741 2677 1800 2695 cum
1818 2669 1911 2706 augeri
1928 2669 2034 2696 Hostias
2056 2669 2212 2704 imperasset.
2289 2669 2356 2696 Indu
2417 2665 2422 2677 Α
2472 2676 2474 2686 .

302 2715 349 2743 Te
376 2714 485 2741 domum
499 2732 508 2745 ,
543 2711 652 2738 abscede
678 2711 740 2738 hinc
776 2711 890 2738 Terent.
915 2709 1020 2736 Phorm.
1044 2717 1074 2741 3,
1094 2716 1123 2740 3,
1143 2709 1187 2735 26.
1261 2706 1346 2732 Aufer
1397 2705 1511 2733 alicuius
1525 2713 1621 2739 augere
1632 2704 1700 2731 Ter.
1715 2704 1784 2738 prol.
1798 2704 1911 2740 Adelph.
1925 2712 1965 2738 25.
2035 2705 2169 2733 Inuidiam
2181 2705 2273 2733 Tacit.
2288 2705 2368 2733 Ann..
2410 2707 2435 2739 ·“’,

302 2756 329 2778 te
341 2749 422 2782 hinc,
444 2749 517 2776 MSS.
533 2751 667 2780 omittunt,
686 2746 757 2773 hinc.
827 2745 924 2781 Virgil.
934 2748 1090 2778 Aen.4,389
1127 2758 1181 2763 —-
1215 2743 1299 2777 Seque
1313 2750 1345 2768 ex
1399 2741 1473 2769 Idem
1487 2742 1554 2767 Ann.
1568 2749 1594 2774 2,
1608 2745 1649 2773 82,
1664 2748 1674 2766 1
1694 2739 1833 2775 Postquam
1851 2740 1978 2768 valetudo
1991 2740 2144 2769 Germanici
2157 2741 2326 2777 percrebuit,
2348 2747 2388 2763 ..τ
2409 2731 2435 2775 2³3

303 2786 388 2813 oculis
408 2784 506 2812 auertit
524 2789 549 2810 et
568 2783 666 2810 aufert.
735 2781 803 2809 Cels.
817 2791 843 2815 1,
857 2791 874 2815 9
892 2781 974 2808 Calor
988 2779 1191 2808 concoctionem
1204 2777 1346 2813 prohibet,
1399 2787 1450 2814 que
1469 2783 1498 2804 vt
1518 2785 1550 2804 ex
1565 2776 1712 2811 longinquo
1732 2775 1808 2803 aneia
1826 2777 1855 2803 in
1873 2776 1989 2804 deterius
2009 2777 2210 2805 auferebantur.
2279 2778 2336 2804 Irae
2362 2778 2374 2807 if
2398 2767 2433 2799 ff*

303 2823 432 2850 Somnum
445 2820 548 2852 aufert,
571 2825 616 2845 etc.
686 2818 796 2844 Somnos
806 2818 893 2844 aufert
905 2817 988 2843 timor
1007 2817 1102 2843 Horat.
1111 2816 1200 2842 Carm.
1213 2823 1239 2847 2,
1254 2816 1292 2846 16,
1307 2815 1345 2840 16.
1399 2813 1506 2840 alterius
1519 2813 1589 2840 Ter.
1603 2810 1715 2846 Adelph.
1730 2820 1755 2844 1,
1769 2820 1792 2844 2,
1807 2814 1851 2840 66.
1922 2813 2035 2840 Laetitia
2052 2814 2146 2848 augeri
2163 2814 2219 2842 Cic.
2238 2812 2271 2840 de
2284 2813 2342 2841 Fin.
2353 2820 2372 2840 2
2406 2803 2424 2832 ss

303 2857 360 2886 Cic.
375 2856 427 2885 Off.
441 2865 464 2889 3,
477 2864 505 2882 10
521 2855 584 2882 Oris
598 2853 669 2881 enim
682 2853 867 2888 pulchritudo,
888 2853 987 2888 reliqui
994 2851 1115 2886 eorporis
1131 2849 1256 2877 imitandi
1269 2849 1347 2884 Spem
1357 2856 1388 2884 75
1400 2849 1554 2884 Largitione
1568 2856 1663 2884 augere
1676 2847 1768 2887 Tacit.
1780 2849 1849 2875 Arm.
1862 2857 1897 2882 13,
1911 2853 1947 2878 18·
2015 2848 2190 2877 Liberalitate
2205 2849 2360 2885 quempiam
2378 2853 2381 2857 ’
2411 2846 2423 2855 ⁴

302 2892 458 2925 auferebat,
478 2891 507 2917 dc
525 2891 617 2918 Venere
631 2890 661 2916 ab
674 2889 758 2927 Apelle
768 2892 844 2924 pingi
857 2896 949 2924 coepta.
1019 2887 1059 2915 Id.
1069 2886 1151 2922 Ner-r.
1165 2895 1194 2919 ς,
1209 2893 1251 2920 117
1272 2884 1347 2920 Qiid
1400 2886 1468 2912 Ann.
1483 2893 1504 2918 3,
1520 2890 1542 2915 8.
1614 2882 1717 2911 Liberis
1730 2884 1823 2918 augeri
1840 2884 1896 2911 Cic.
1907 2885 1961 2911 Att.
1977 2892 2003 2918 1,
2020 2893 2030 2911 1
2053 2892 2119 2913 extr.
2140 2886 2159 2912 s.
2172 2894 2189 2913 2
2208 2894 2247 2921 pr.
2342 2882 2375 2912 'ir
2419 2880 2421 2886 ’
2470 2890 2472 2897 '

303 2929 389 2962 dabis,
405 2938 438 2955 ne
457 2927 504 2954 diu
521 2926 653 2953 crucietur
665 2926 675 2952 3
700 2934 734 2952 ne
748 2925 848 2959 saepius
861 2925 974 2952 feriatur
988 2924 997 2950 3
1017 2932 1050 2950 ne
1068 2921 1130 2956 <lim
1144 2922 1226 2948 sensu
1245 2920 1348 2948 doloris
1400 2921 1523 2948 Latinam
1536 2919 1610 2947 Idem
1624 2919 1656 2946 de
1669 2920 1734 2947 Fato
1749 2928 1768 2946 1.
1839 2920 1971 2954 Linguam
1985 2920 2060 2955 copia
2074 2920 2221 2949 verborum
2232 2920 2272 2948 Id.
2285 2919 2369 2953 Aeaci<
2470 2917 2474 2933 ¹

303 2966 397 3001 aliquo
410 2969 456 2992 aut
468 2963 587 2990 cruciatu
595 2961 707 2997 Spiritus
721 2960 876 2988 auferatur?
941 2961 1036 2986 Horat.
1051 2959 1139 2986 Carni.
1154 2966 1176 2990 3,
1189 2966 1226 2990 12,
1239 2960 1255 2984 6
1275 2957 1348 2984 Tibi
1400 2956 1561 2993 Memoriam
1575 2955 1753 2984 immortalem
1770 2955 1930 2990 posteritatis
1945 2956 2000 2984 Cic.
2008 2956 2040 2983 de
2053 2957 2128 2984 Orat.
2143 2966 2167 2990 2,
2180 2963 2204 2988 8.
2258 2956 2298 2984 Id.
2305 2965 2356 2992 pro
2370 2960 2379 2976 ³*

304 3000 422 3036 Qialum
435 2998 580 3032 Cythereae
600 3006 666 3032 puer
679 2997 730 3024 ales
739 3017 747 3030 ,
765 2995 817 3023 tibi
829 2995 913 3022 Telas
923 3015 931 3027 ,
949 2995 1126 3029 operosaeque
1141 2994 1278 3021 Mineruae
1292 2994 1348 3019 Stu-
1401 2999 1432 3023 28
1453 2993 1570 3025 Minuis‚
1586 2991 1675 3027 inquit
1689 2990 1802 3027 gloriam
1816 2991 1944 3027 Pompeii,
1951 2992 2036 3019 immo
2051 2999 2079 3019 tu
2091 3002 2172 3028 auges
2183 2992 2344 3020 Molestiam.

304 3037 381 3064 dium
399 3035 494 3064 aufert.
565 3033 649 3061 Plaut.
663 3032 732 3060 Asin.
745 3041 774 3066 4,
787 3041 812 3064 2,
825 3039 842 3067 7
866 3030 1007 3065 Suspendas
1020 3031 1107 3065 potius
1121 3039 1180 3063 nie,
1201 3039 1279 3065 quam
1293 3030 1349 3056 Ta·
1360 3035 1392 3060 80
1400 3028 1478 3056 nifice
1497 3037 1610 3063 augere,
1640 3026 1693 3054 vid.
1713 3034 1837 3055 MVNVS.
1908 3027 1964 3055 Cic.
1981 3028 2034 3055 off.
2056 3037 2083 3060 2,
2102 3037 2138 3064 70
2164 3038 2186 3055 c.
2200 3038 2234 3058 2ο
2263 3028 2373 3064 Neque

304 3074 356 3100 cita
369 3073 433 3100 haec
449 3071 568 3102 auferas,
586 3072 606 3096 i.
648 3079 701 3095 uam
716 3075 809 3096 taceam
827 3067 855 3094 de
869 3066 915 3093 hac
932 3075 974 3093 re:
997 3073 1026 3091 υι
1039 3066 1166 3092 Inuitum.
1239 3065 1351 3092 Auferri
1403 3065 1493 3092 verbis
1506 3070 1584 3100 auget
1600 3064 1676 3092 suum
1688 3063 1802 3096 Munus,
1823 3063 1841 3090 si
1855 3072 1909 3099 quo
1921 3064 1994 3091 forte
2007 3064 2147 3100 fungitur,
2165 3064 2210 3092 sed
2222 3064 2302 3092 etiam
2317 3069 2374 3091 ext

305 3106 523 3143 Tempestatibus
537 3104 650 3140 Quineti
663 3125 669 3132 .
684 3114 722 3137 10,
735 3112 761 3139 7,
773 3113 811 3136 23.
864 3102 931 3129 Plin.
945 3106 986 3134 28,
1003 3109 1012 3127 1
1034 3100 1127 3127 Dictae
1141 3106 1214 3127 erant
1227 3102 1350 3128 omnium
1404 3103 1455 3128 Hic
1468 3101 1572 3136 Augere
1591 3107 1615 3127 et
1627 3100 1773 3127 Extenuare
1794 3101 1915 3137 opposuit.
1987 3099 2060 3127 Idem
2079 3100 2111 3127 de
2125 3101 2196 3128 Clar.
2210 3101 2284 3129 Orat.
2299 3107 2329 3135 17
2348 3099 2383 3127 V

305 3153 395 3170 reruni
415 3149 544 3175 naturae,
566 3142 636 3168 inter
654 3140 757 3167 caelum
784 3149 813 3166 ac
831 3144 930 3166 terrani
950 3137 1127 3168 nascentium,
1150 3136 1350 3172 restabantque,
1403 3137 1507 3173 pendiis
1522 3136 1603 3164 etiam
1617 3144 1714 3171 augere
1727 3134 1848 3169 pommus
1866 3135 2013 3170 largitatem
2032 3136 2074 3163 tui
2087 3137 2213 3164 muneris.
2282 3137 2351 3164 Mun
2372 3155 2374 3157 -

306 3188 373 3214 quae
386 3188 418 3206 ex
431 3179 485 3214 ipsa
501 3178 596 3205 tellure
611 3176 768 3208 fodiuntur,
784 3175 802 3202 fi
818 3183 872 3201 non
886 3172 1028 3202 herbarum
1048 3181 1076 3200 ac
1094 3172 1222 3199 fruticum
1241 3173 1352 3200 tractata
1403 3173 1476 3209 quod
1489 3171 1647 3200 cumulatius
1660 3170 1697 3199 Id.
1712 3171 1740 3197 in
1754 3171 1829 3197 Orat.
1843 3178 1884 3204 54.
1943 3171 2036 3200 Tacit.
2051 3173 2119 3200 Ann.
2132 3180 2167 3206 ις,
2181 3175 2212 3199 26
2231 3170 2352 3199 Tiberiu

305 3215 425 3242 remedia
436 3214 572 3242 auferrent
584 3213 780 3244 Transuersos,
800 3219 832 3238 ex
851 3209 910 3245 ipsis
934 3207 1094 3236 animalibus
1106 3228 1114 3241 ,
1133 3217 1201 3242 quae
1227 3209 1351 3235 sanantur
1363 3216 1391 3245 85
1403 3218 1497 3236 ronem
1517 3214 1543 3235 et
1557 3204 1684 3237 Clodium
1699 3207 1814 3234 Drusum
1833 3207 1971 3242 priuignos
1992 3208 2173 3244 imperatoriis
2191 3207 2347 3235 nominibus
2359 3234 2364 3239 ,

305 3256 408 3285 reperta
422 3251 523 3277 maiore
537 3249 676 3276 medicina.
714 3252 715 3255 ’
747 3247 895 3274 Veritatem
909 3244 993 3272 iudici
1008 3243 1115 3278 Qun&
1126 3252 1159 3274 12,
1174 3252 1195 3276 1,
1208 3246 1246 3275 36.
1303 3245 1351 3271 Vis
1403 3245 1512 3272 Nomen
1531 3243 1625 3279 populi
1643 3244 1720 3271 Rom.
1734 3243 1791 3270 Cic.
1804 3252 1852 3278 pro
1866 3243 1890 3270 S.
1905 3244 1981 3270 Rosc.
1997 3253 2028 3278 50
2050 3254 2072 3271 c.
2087 3250 2123 3275 18.
2193 3244 2346 3272 Numerum
2370 3247 2375 3272 ζ

305 3286 393 3313 omnis
405 3285 525 3312 aufertur
537 3285 634 3313 Verbis
649 3285 723 3311 Idem
736 3292 775 3316 11,
793 3291 815 3316 3,
830 3290 880 3316 152.
953 3280 1043 3307 Vitam
1057 3278 1138 3307 Ouid.
1152 3280 1230 3314 Epist.
1245 3289 1284 3312 21,
1298 3285 1350 3315 187.
1404 3279 1499 3315 Amph.
1517 3289 1537 3313 1,
1552 3289 1571 3313 1,
1586 3287 1632 3313 151.
1703 3278 1764 3306 Liu.
1779 3287 1800 3311 1,
1815 3287 1832 3313 7
1851 3279 1972 3306 Euander
1989 3279 2022 3307 ad
2036 3279 2197 3312 Herculem,
2221 3280 2267 3306 Te
2280 3278 2350 3306 mihi-
2368 3292 2370 3297 ¹

306 3321 417 3356 Qiinet.
430 3329 455 3353 9,
467 3328 492 3352 2,
506 3329 557 3352 105.
626 3321 682 3348 Cic.
697 3321 773 3346 Verr.
788 3327 807 3349 1,
821 3327 854 3345 20
874 3318 909 3344 Vt
922 3316 989 3344 alter
1003 3315 1056 3343 dies
1071 3315 1163 3342 amicis
1178 3315 1250 3342 istius
1269 3323 1294 3343 et
1308 3316 1351 3342 de·
1439 3330 1485 3336 —
1519 3316 1659 3343 aucturum
1673 3314 1821 3342 caelestium
1835 3324 1976 3342 numerum
1993 3316 2098 3343 cecinit.
2168 3316 2239 3350 Opes
2258 3315 2314 3342 Cic.
2329 3313 2362 3343 de

306 3355 473 3388 fensoribus,
493 3364 547 3382 non
563 3356 644 3387 modo
665 3357 736 3391 spem
748 3354 895 3386 vietoriae,
914 3351 957 3380 sed
977 3353 1058 3379 etiam
1071 3351 1242 3378 Voluntatem
1261 3351 1350 3379 defen·
1404 3352 1449 3379 eit.
1485 3371 1491 3378 .
1531 3373 1538 3380 .
1585 3351 1655 3386 opes
1672 3359 1718 3386 per
1731 3350 1818 3377 Scelus
1837 3351 1920 3378 Ouid.
1934 3351 1999 3379 Fast.
2016 3360 2042 3384 2,
2055 3354 2114 3384 630.
2185 3351 2258 3378 Caes.
2273 3350 2338 3378 Bell.
2354 3349 2372 3373 τ’

307 3393 386 3421 sionis
405 3391 531 3419 auferret.
1359 3397 1396 3421 90
1405 3395 1433 3422 55
1452 3385 1630 3422 Timorisque
1637 3386 1798 3422 Opinionem
1811 3386 2014 3422 quibuscunque
2025 3392 2128 3422 poterat
2141 3386 2221 3414 rebus
2234 3385 2373 3422 augebat,-

344 3437 367 3456 Α
377 3435 417 3456 131.
427 3428 450 3454 Ᾱ
459 3433 480 3454 Τ
489 3433 510 3452 V
520 3432 543 3452 s.
581 3426 673 3453 Partic.
709 3425 815 3454 Parasiti
830 3425 940 3461 persona
957 3422 1018 3450 inde
1030 3422 1116 3450 ablata
1129 3422 1197 3449 Ter.
1207 3423 1271 3449 Eun.
1282 3423 1349 3458 prol.
1404 3432 1497 3450 corum
1510 3430 1616 3459 partus,
1631 3422 1686 3450 vid.
1694 3422 1776 3459 supra
1790 3422 1972 3450 Hereditatem
1981 3443 1990 3456 ,
2009 3429 2055 3450 etc.
2127 3422 2262 3450 Peculium
2276 3421 2376 3457 plaut..

309 3466 352 3491 26.
408 3461 500 3490 Pennis
519 3460 604 3489 ablata
623 3462 721 3497 refugit
739 3462 836 3498 Virgil.
850 3462 914 3488 Aen.
927 3468 956 3493 3,
976 3463 1029 3492 258.
1102 3459 1178 3494 Equo
1196 3457 1284 3485 ablato
1304 3459 1350 3485 Sil.
1403 3469 1431 3494 4,
1448 3468 1466 3492 i,
1480 3467 1504 3494 7.
1527 3477 1537 3481 -
1576 3458 1662 3487 Pretia
1675 3466 1765 3485 rerum
1778 3459 1934 3486 commentis
1949 3459 2016 3486 Plin.
2032 3467 2067 3491 12,
2080 3466 2117 3491 19.
2188 3457 2329 3493 Religione
2355 3466 2373 3490 υ]
2419 3455 2424 3459 ’

309 3503 336 3533 6,
350 3507 406 3535 257.
426 3498 470 3527 vbi
485 3496 554 3534 conf.
569 3497 695 3525 Drakcnb.
741 3497 829 3525 Valer.
844 3498 943 3532 Argon.
963 3497 990 3528 6,
1005 3497 1054 3525 682
1088 3508 1134 3514 —-
1169 3503 1216 3520 nec
1237 3494 1350 3521 ablatam
1402 3495 1475 3522 Idem
1492 3504 1527 3528 12,
1544 3503 1582 3529 14.
1655 3494 1721 3521 Rem
1739 3494 1835 3522 Horat.
1849 3494 1927 3529 Epist.
1944 3503 1970 3528 1,
1981 3502 2009 3529 17,
2022 3501 2061 3528 71.
2117 3493 2173 3521 Cic.
2186 3493 2238 3521 Off.
2252 3502 2287 3526 2,
2299 3501 2335 3520 21.

309 3536 444 3571 sequitur,
459 3533 597 3570 quaeritue
610 3533 736 3560 sororem.
790 3534 887 3560 Foetus
901 3531 1003 3560 ablatus
1019 3529 1145 3557 vberibus
1161 3529 1228 3556 Plin.
1241 3535 1263 3562 8,
1278 3538 1314 3563 ςς.
1403 3531 1431 3557 in
1445 3530 1565 3566 augenda
1581 3529 1706 3558 festinare
1723 3536 1750 3556 et
1762 3529 1845 3557 obrui
1859 3531 1954 3558 Horat.
1968 3529 2048 3564 Epist.
2063 3537 2088 3561 1,
2103 3531 2140 3562 16,
2155 3531 2196 3559 68.
2267 3529 2334 3556 Rem
2344 3542 2365 3563 ,-

346 3577 393 3598 ΑΒ
403 3577 419 3597 ι.
428 3577 450 3598 Α
460 3575 482 3597 'r
493 3576 503 3596 1
513 3568 617 3602 monis.
636 3569 655 3594 f.
676 3569 859 3596 Tertull.adu.
868 3569 950 3596 Marc.
960 3575 988 3601 4,
997 3574 1033 3599 19.
1052 3565 1166 3592 Saluian.
1175 3565 1207 3591 de
1220 3565 1291 3592 G.D.
1300 3565 1349 3593 l-6.
1361 3574 1392 3600 93
1402 3567 1543 3599 laudando,
1556 3572 1583 3599 et
1593 3565 1778 3600 vituperando
1790 3566 1878 3593 rursus
1890 3566 2015 3600 affligere,
2031 3564 2163 3592 contraria
2176 3565 2232 3592 Cic.
2247 3563 2280 3592 de
2294 3563 2335 3592 Cl

345 3613 367 3633 A
376 3613 392 3634 Β
402 3612 418 3633 ι,
428 3613 449 3633 Α
458 3611 480 3631 Τ
490 3611 526 3632 ιν
535 3611 555 3631 ν
564 3611 587 3632 s.
624 3603 684 3630 Adi.
726 3606 759 3631 Vt
768 3625 776 3637 ,
795 3603 1001 3639 Praepofitiones
1019 3600 1150 3629 ablatiuae
1169 3600 1259 3627 isidor.
1278 3610 1298 3635 1,
1313 3610 1349 3628 12.
1403 3610 1449 3637 47.
1519 3600 1722 3637 Rcinpublicam
1736 3607 1761 3628 et
1773 3601 1919 3637 imperium
1932 3606 1958 3627 et
1970 3599 2038 3635 agris
2046 3599 2191 3628 etvrbibus
2198 3606 2224 3627 et
2237 3597 2367 3629 nationih'
2414 3629 2415 3633 ,

309 3641 389 3669 Casus
407 3640 554 3674 ablatiuus,
577 3643 595 3666 i.
611 3639 713 3672 Sextus,
727 3640 795 3674 apud
810 3639 1011 3668 Grammaticos.
1403 3647 1452 3673 pro
1472 3639 1547 3665 Rosc.
1566 3638 1655 3664 Amer.
1675 3645 1707 3671 50
1733 3647 1755 3664 c.
1775 3642 1809 3668 ιε.
1879 3635 1973 3664 Robur
1989 3635 2146 3662 florentibus
2164 3636 2286 3663 auximus
2305 3641 2379 3667 ann,

345 3683 531 3704 ABLATOR
542 3696 550 3709 ‚
568 3675 633 3703 Oris·
668 3684 704 3702 ln·
741 3677 792 3710 Ql'
803 3675 898 3712 aufert.
935 3672 1042 3709 August.
1057 3671 1089 3699 de
1102 3671 1133 3698 C.
1147 3671 1178 3698 D·
1195 3679 1232 3704 19,
1247 3680 1279 3704 13.
1404 3676 1442 3706 16,
1481 3695 1487 3700 ,
1525 3694 1530 3701 ,
1579 3673 1659 3700 Isferba
1669 3673 1733 3709 fitne
1752 3673 1884 3709 SCiPlfflso
1955 3671 2068 3698 Scientffia
2091 3671 2221 3707 aliquem—
2234 3671 2290 3699 Cic,
2307 3668 2359 3702 Offi
2372 3675 2374 3678 “
2411 3691 2420 3707 :¹

346 3718 423 3738 Avr
434 3719 441 3738 1
452 3718 557 3744 vivs,
584 3711 700 3738 Familiae
713 3711 835 3737 Romanae
854 3720 953 3743 nomen,
975 3709 1032 3737 inde
1144 3741 1149 3746 ¹
1403 3710 1480 3744 Spem
1495 3710 1566 3736 cies.
1581 3709 1645 3736 Bell.
1659 3709 1744 3736 Ciuil.
1757 3717 1783 3741 2,
1795 3716 1830 3740 31.
1904 3706 1962 3734 Cic.
1970 3705 2003 3733 de
2017 3707 2192 3743 Arusp.Resp.
2206 3715 2239 3743 57
2259 3715 2281 3734 c‘.
2292 3713 2328 3742 27
2352 3720 2359 3727 ν
2371 3709 2376 3718 ⁵
2416 3713 2417 3720 ¹

347 3753 370 3774 A
379 3753 400 3771 ν
412 3754 445 3773 ri
458 3754 475 3774 n
487 3755 495 3773 1
505 3754 526 3774 Λ
535 3754 557 3774 N
566 3754 587 3774 v
597 3754 619 3774 s.
656 3745 717 3773 Adi.
761 3747 804 3776 Vt,
816 3746 923 3773 Nomen
937 3745 1106 3773 Aufidianum
1119 3742 1174 3773 Cic·
1183 3741 1255 3775 Fam·
1266 3743 1302 3774 ¹6,
1314 3750 1523 3780 ¹9·iootempore
1537 3745 1694 3780 suscipimur
1706 3744 1832 3780 inlueem
1848 3747 1875 3769 et
1888 3741 1939 3769 hoc
1952 3741 2056 3769 caelesti
2076 3743 2178 3778 Spiritu
2195 3750 2332 3778 augemur.
2348 3735 2366 3752 '⁸
2408 3762 2419 3778 .-

346 3788 398 3808 Av
409 3788 423 3807 ι·
433 3780 443 3807 i
454 3788 532 3810 nvs.
568 3779 708 3817 [Αὔφιδος]
743 3782 849 3817 Apuliae
865 3783 981 3814 fluuius,
1001 3789 1081 3816 quein
1094 3783 1231 3806 cruentum
1244 3785 1275 3804 ex
1283 3778 1350 3804 Can·
1404 3783 1480 3808 Verr-
1495 3790 1524 3815 4>
1536 3789 1563 3813 33
1585 3790 1606 3807 c·
1623 3788 1648 3814 ις
1676 3780 1738 3811 Eius
1751 3777 1831 3813 ipsius
1851 3776 2018 3812 cupiditatis,
2040 3778 2112 3805 cuius
2133 3778 2382 3810 insimulat-enit»
2407 3785 2409 3791 ²

309 3817 380 3843 nensi
400 3817 580 3844 Romanorum
598 3817 671 3845 clade
690 3816 856 3851 aliquamdiu
871 3816 950 3853 ffflffi
966 3817 1060 3844 Florus
1073 3814 1166 3852 scribit
1185 3823 1215 3845 2,
1230 3823 1255 3848 4.
1294 3814 1351 3848 Epi.
1403 3817 1646 3851 cionen1211geret,·
1703 3814 1822 3842 Ten-am
1839 3812 1973 3840 imbribus
1992 3813 2092 3841 dicim„
2110 3816 2156 3842 δεῖ
2170 3814 2227 3842 αα.
2242 3814 2274 3840 de
2286 3812 2372 3846 Nmt
2433 3841 2437 3850 .
2454 3841 2456 3850 Ι

309 3853 379 3880 theta
393 3853 510 3885 poetica,
530 3854 596 3881 Acer
609 3852 719 3881 Aufidus
737 3853 830 3879 Horat.
838 3853 919 3880 Serin.
935 3860 958 3884 i,
973 3861 998 3885 1,
1013 3857 1049 3886 58.
1122 3847 1254 3877 Anhelans
1267 3847 1314 3875 Sil.
1327 3853 1350 3879 8.
1404 3861 1430 3884 2,
1446 3861 1497 3880 101.
1567 3851 1720 3886 Terrorem
1734 3849 1805 3878 Caes.
1819 3848 1884 3876 Bell.
1897 3848 1979 3876 Ciuil.
1994 3858 2022 3882 3,
2036 3852 2082 3884 64.
2108 3857 2132 3878 et
2151 3849 2252 3878 sallust.
2266 3848 2321 3883 Ing,
2331 3859 2334 3869 ι
2346 3845 2377 3868 'ff‘
2422 3849 2424 3854 '
2443 3856 2445 3858 ·

282 3923 288 3926 Δ
348 3908 354 3915 .
455 3887 544 3922 Longe
557 3889 649 3917 sonans
663 3890 757 3916 Horat.
771 3888 858 3915 Carm.
872 3897 905 3921 4,
924 3896 957 3921 9,
973 3897 998 3915 2.
1069 3884 1256 3914 'tauriformis
1275 3883 1349 3910 ldcni
1404 3887 1553 3922 Vectigalia
1571 3886 1638 3914 belli
1656 3884 1729 3914 Caes.
1746 3883 1812 3912 Bell.
1835 3884 1919 3911 Ciuil.
1941 3894 1968 3918 1,
1985 3893 2022 3919 33.
2104 3885 2167 3914 Vim
2187 3884 2365 3918 for-tannes
2443 3884 2450 3903 i

310 3924 400 3951 Carni.
421 3931 456 3956 4,
477 3930 522 3956 14,
542 3931 582 3956 23.
622 3925 671 3952 Vbi
684 3926 771 3951 Acron
789 3930 816 3950 et
834 3923 961 3958 Porphyr.
997 3922 1096 3951 Omnia
1115 3920 1225 3948 flumina
1241 3919 1349 3947 taurino
1358 3926 1512 3953 105mtionss
1529 3924 1670 3958 excogitare
1688 3919 1724 3947 ad
1740 3919 1848 3947 diuitias
1867 3927 1968 3956 opesque
1987 3920 2152 3958 acquirendas
2170 3922 2288 3956 Propert.
2305 3925 2331 3952 ε’·
2346 3922 2358 3940 '2
2388 3932 2421 3956 ,μ

308 3959 386 3986 vultu
399 3965 423 3985 et
437 3957 561 3985 cornibus
575 3959 726 3994 pinguntur,
736 3965 842 3995 propter
854 3959 967 3994 impetus
981 3964 1007 3986 et
1022 3959 1138 3994 mugitus
1151 3964 1294 3992 aquarum:
1314 3962 1350 3986 vt.
2365 3940 2393 3964 »ς’
2418 3956 2424 3965 ’“

2354 4097 2474 4182 ¹*lii
