2474 4182
255 146 333 183 ¹¹55
622 129 661 170 C
742 127 778 166 Ο
861 123 904 164 N

252 219 396 255 tiofiffima‚
421 217 522 254 publica
534 216 715 250 Athenicifium
724 222 805 251 poena
817 213 966 246 nobilitata,
990 220 1062 249 quam
1075 213 1164 239 Latitti
1176 210 1296 237 Cicutam

254 256 388 293 appellant.
424 255 533 282 Theod.
550 254 670 281 Priscian.
686 252 716 278 de
731 252 825 278 Diaeta
845 260 866 276 c.
880 258 918 275 21.
1277 282 1284 286 ἡ

293 297 311 318 C
325 298 344 318 0
356 298 377 316 N
388 298 418 318 is
428 297 446 318 C
457 298 476 317 O
486 311 492 321 ‚
517 295 569 317 are.
611 288 730 319 l’crbmn,
756 286 820 322 quod
839 285 909 312 hodie
921 285 1013 320 legitur
1044 284 1148 309 Lucret.
1163 290 1188 314 2,
1201 290 1246 313 320
1266 282 1297 307 ht

256 328 344 354 satiati
361 328 423 362 agni
443 327 554 357 ludunt,
581 323 730 358 blandeque
745 323 893 353 contu-ant,
912 323 930 347 i.
944 323 1069 351 arii-taut,
1090 325 1118 344 ut
1132 321 1297 353 interpretan-

256 371 314 394 tur,
333 364 373 389 vel
384 363 497 388 cornibus
506 381 513 393 ,
525 360 659 396 frontibus
671 365 751 389 certe,
765 358 794 394 se
808 360 938 392 impetunt.
996 355 1128 381 Lambinus
1140 356 1212 380 malit
1224 362 1298 378 coru·

258 400 343 429 scant,
365 399 382 424 s.
397 398 538 427 corulliint,
557 394 676 430 ›copti-{lsai
696 395 736 420 vel
755 392 886 429 κορύπἹεσι.
942 392 1013 418 Libri
1027 390 1125 425 quidam
1140 389 1298 415 clii-onissant

257 436 276 461 s.
291 435 469 462 chroniscant‚
492 431 556 467 quod
573 432 648 456 nihili
667 428 708 463 ast.
780 428 911 463 Qiinffil.
927 433 950 458 Β,
966 436 987 458 3,
1003 435 1015 452 2
1041 426 1174 463 exemplum
1186 424 1299 450 laudatu-

257 481 316 503 rus,
348 471 388 495 vlu
412 467 557 493 verborum
576 466 712 492 humilitas
730 465 785 491 vim
805 464 884 491 rebus
904 463 1009 492 afferat,
1040 470 1051 487 e
1072 464 1186 487 Cicerone
1203 459 1299 490 laudat,

258 508 344 540 Caput
355 504 484 537 opponis,
502 511 561 529 cum
575 511 607 528 eo
620 502 767 533 coniscans,
796 501 838 527 vbi
851 504 908 526 item
918 497 1031 534 μιᾶναι
1051 498 1203 532 aliquantum
1218 494 1300 525 icelii),

258 552 312 569 cum
332 540 479 570 «miscam,
505 537 657 569 terrificans,
684 537 831 564 corniscans
858 537 936 570 aliqui
949 534 1061 559 habeant.
1106 532 1185 558 Nobis
1197 532 1300 567 ambige-

258 578 301 605 bat
312 585 407 602 animus
420 582 530 609 utroque,
547 575 599 600 Ioco
612 577 678 600 inter
694 573 880 599 λαιηῖιίηὶαηιιηι
894 570 1031 601 coruss'are,
1045 575 1069 594 et
1083 571 1150 594 inter
1164 568 1301 599 cenulam,

259 616 279 639 τ’.
292 610 398 645 κυνίζειν,
416 612 541 645 puluerem
560 613 670 636 excitare
681 608 823 645 cajicltaudo
837 614 860 633 et
873 604 998 633 [afflando.

294 652 527 673 CONISTERWM.
548 645 566 671 i.
586 655 612 673 n.
652 647 730 671 Locus
745 648 771 670 in
780 640 918 679 palaestra,
928 641 1078 675 ulnpuluere
1089 637 1146 675 post
1160 637 1302 665 vnfiiomm

259 683 376 710 Athletae
389 681 607 718 adspergebantur,
621 687 650 706 vt
659 682 830 716 prehensioner
844 677 915 711 tjffffil
926 676 1063 712 firmiores.
1100 677 1187 702 Vtitur
1195 675 1301 700 Vitruu.

260 726 285 752 5,
300 727 330 744 11.
357 718 414 744 Vni.
430 718 576 745 Mercurial.
595 716 623 743 de
634 720 698 743 Arte
714 712 840 750 Qymnust.
855 724 875 746 1,
888 720 912 742 8.
1213 735 1216 738 Δ
1252 745 1255 748 ἢ

296 760 314 780 c
328 759 347 779 0
359 760 379 779 N
390 759 427 779 iT
436 761 445 779 ι
468 759 490 779 et
508 760 530 779 Λ
540 758 557 778 c
570 758 590 778 ο
601 760 622 779 N
632 760 640 778 1
651 759 672 778 ‘r
682 760 690 778 1
700 772 708 784 ,
733 750 860 777 Aduerbia
875 750 978 779 Graeca,
986 746 1059 772 κονιτῐ
1070 752 1093 785 qt
1106 744 1204 774 duom),
1213 741 1302 782 quibus

251 788 292 825 fic
304 793 386 815 utitur
405 789 470 814 Plin.
483 796 519 821 35,
537 797 559 814 ιι
574 789 594 815 s.
611 798 657 822 40,
670 796 700 819 32
721 785 886 812 Alcimachus
903 784 987 820 pinxit
1000 783 1225 820 Dioxippum,qui
1240 779 1303 803 Pan-

260 826 344 852 cratio
363 824 503 858 Olympiae
523 824 589 850 citra
609 823 726 858 pulueris
745 821 844 848 taetum
871 820 922 854 (Jic
941 818 1023 857 Hard3
1037 820 1136 855 iactum
1154 815 1206 844 al.)
1231 812 1304 853 quod

261 866 356 887 vocant
370 860 485 892 aconiti,
507 860 585 887 vicit:
601 859 685 886 coniti
700 859 842 885 Nemeaea.
922 856 988 881 Hor.
1005 850 1081 891 bpxst.
1097 858 1116 881 ι,
1132 858 1151 881 ι,
1164 858 1189 882 5ι
1221 848 1304 875 dulcis

259 896 312 923 sine
332 896 440 931 puluere
460 895 570 931 palmae.
633 894 692 923 Vici.
727 893 894 928 Impuluerea
920 888 1036 915 vietoria
1053 895 1064 912 e
1083 885 1150 911 Gell.
1170 893 1193 918 5,
1208 887 1233 911 6.
1268 886 1304 911 lt.
1317 893 1351 911 20

261 940 284 960 A
293 939 310 960 C
320 939 339 958 O
351 939 372 958 N
382 940 390 958 l
399 938 420 957 T
430 940 450 958 1.
1211 956 1216 961 .

297 974 473 1000 CONiTVM,
493 967 512 994 i.
532 975 559 994 n.
581 966 668 993 Genus
682 964 826 994 libaminis,
839 959 911 995 quod
924 958 1011 985 farina
1024 957 1159 991 conspersa
1166 955 1308 982 faciebant.

262 1004 388 1031 Afranius
408 1012 456 1038 pro
473 1003 576 1030 Ornatu
590 1008 615 1028 et
630 1001 734 1028 exculti·
749 998 844 1033 posuit.
862 994 927 1022 Fest.
953 994 1060 1034 Videtur
1071 994 1118 1029 leg.
1135 993 1270 1019 Comtum.

295 1046 314 1066 c
325 1046 344 1067 o
356 1046 377 1065 N
388 1047 397 1066 1
408 1047 428 1066 v
440 1045 456 1066 c
468 1046 488 1066 v
498 1046 520 1065 N
529 1045 547 1066 D
559 1044 578 1064 o
589 1045 607 1064 R
616 1058 624 1069 ‚
653 1037 701 1062 ari.
737 1034 815 1067 Vulg.
831 1033 941 1065 Interpr.
960 1030 1040 1056 Sirac.
1057 1036 1097 1063 37,
1110 1037 1138 1062 4.
1275 1062 1280 1068 .

298 1082 315 1103 C
326 1081 346 1102 Ο
356 1082 378 1102 N
388 1082 397 1102 1
407 1073 429 1101 θ’
438 1081 459 1101 G
470 1081 490 1101 0
499 1095 507 1106 ,
528 1078 578 1100 Ere.
615 1070 758 1104 [σνςέύγω]
796 1066 871 1104 Qfflst
885 1066 918 1093 ad
929 1075 1003 1092 unum
1018 1068 1101 1101 iugum
1114 1065 1228 1100 alligare.
1249 1064 1306 1089 Cic.
1318 1068 1346 1095 2)·

263 1111 315 1138 Off.
330 1120 350 1144 1,
365 1115 392 1144 58
406 1119 427 1136 c.
443 1118 472 1144 17
493 1110 585 1143 Estque
598 1116 628 1133 ea
642 1104 822 1132 iucundiffima
840 1102 974 1133 amicitia,
997 1110 1078 1136 quam
1090 1099 1237 1126 similitudo
1249 1108 1307 1127 mo-

261 1157 323 1174 rum
339 1146 501 1180 couiugauit.
882 1174 887 1178 Ι
1207 1170 1212 1174 ¹
1300 1169 1306 1174 ι

297 1190 315 1210 C
325 1188 345 1208 0
356 1190 377 1208 N
388 1190 396 1208 1
407 1189 426 1208 v
437 1187 456 1207 G
469 1187 490 1206 Λ
503 1185 524 1205 Τ
533 1185 591 1210 Vs,
605 1186 634 1210 a,
649 1185 703 1203 um.
725 1177 792 1202 Part.
820 1175 969 1208 Comugata
984 1171 1174 1207 apudRethores
1183 1171 1309 1197 Ciceroni

262 1219 362 1252 Topic.
379 1225 405 1242 12
426 1225 447 1241 c.
462 1223 473 1246 3
496 1214 628 1245 (licuntur,
648 1214 724 1245 Qiae
738 1212 796 1237 sunt
811 1219 842 1236 ex
854 1209 943 1236 verbis
956 1208 1058 1243 generis
1071 1206 1198 1233 eiusdem.
1234 1206 1308 1232 Eius-

262 1254 322 1280 dem
337 1260 423 1279 autcm
436 1250 539 1285 generis
553 1248 634 1275 verba
650 1249 716 1280 sunt,
735 1256 801 1282 quae
817 1252 875 1272 orta
888 1245 921 1272 ab
939 1254 993 1272 vno
1009 1243 1082 1270 varie
1097 1247 1350 1283 ςοιιιῐῑιιιιειιιίιιι-εΞΟ

263 1296 291 1316 vt
306 1289 426 1322 Sapiens,
447 1286 599 1320 Sapienter,
618 1283 758 1318 Sapientia.
802 1283 874 1308 Haec
890 1281 1036 1308 verborum
1049 1287 1218 1312 coniugatio,
1239 1285 1308 1312 συςυ-

261 1327 304 1358 ylo.
322 1323 437 1355 dicitur,
456 1330 487 1348 ex
501 1330 553 1356 qua
567 1319 754 1346 huiuscemodi
767 1318 803 1344 est
816 1323 999 1352 argumentum
1008 1316 1050 1349 ‚Si
1064 1315 1231 1349 compascuus
1246 1322 1309 1347 ager

261 1360 315 1392 est,
337 1360 377 1385 ius
397 1358 433 1385 est
451 1357 623 1392 compascere.
680 1355 727 1383 Sed
742 1354 923 1389 Coniugatus,
949 1354 1029 1380 onri
1046 1348 1150 1377 iwzHus
1168 1349 1308 1384 Augustin.

261 1395 376 1424 Confels.
391 1397 417 1427 6,
432 1402 455 1426 ι3
466 1401 509 1429 pr.
1213 1421 1218 1425 ι

298 1437 316 1458 C
329 1438 348 1457 0
358 1437 380 1456 N
394 1437 404 1457 1
415 1437 435 1456 v
445 1436 465 1456 G
476 1431 498 1455 Ᾱ
507 1436 529 1456 Τ
540 1434 559 1454 Ο
569 1434 603 1458 R,
624 1426 688 1453 oris.
705 1435 742 1453 m.
780 1423 937 1460 [σνζευκἸῆς]
979 1424 1031 1456 Vt,
1050 1422 1120 1450 Boni
1134 1429 1233 1450 amoris
1249 1429 1310 1447 con·
1321 1434 1349 1461 33

263 1468 386 1502 iugator,
407 1465 435 1492 de
451 1466 560 1499 Hymene
573 1463 670 1490 Catull.
684 1464 726 1495 62,
738 1469 779 1495 45.

298 1509 316 1530 C
327 1509 346 1529 O
357 1509 380 1528 N
391 1509 400 1528 1
410 1509 430 1528 V
440 1507 460 1527 G
468 1508 490 1527 A
499 1507 520 1526 Τ
530 1506 569 1527 10
579 1519 587 1532 ,
618 1498 684 1524 onis.
719 1497 739 1523 f.
774 1497 787 1530 [
800 1495 902 1531 συζυγία
915 1496 928 1530 ]
965 1495 1034 1530 Opus
1053 1496 1176 1520 vinitoris
1184 1513 1192 1525 ‚
1212 1502 1265 1518 cum
1278 1491 1313 1518 acl

263 1538 327 1566 idem
340 1541 423 1574 iugum
430 1538 518 1573 plures
530 1538 595 1561 vites
607 1534 753 1569 alligantur.
796 1533 852 1559 Cic.
867 1531 899 1557 de
914 1531 1013 1557 Seneet.
1028 1538 1055 1562 53
1071 1539 1092 1556 c.
1110 1537 1134 1561 15
1156 1528 1238 1555 Cuius
1253 1529 1311 1562 qui-

265 1575 324 1601 dem
339 1583 393 1599 non
410 1571 508 1598 vtilitas
521 1579 563 1596 me
578 1570 678 1600 solum,
698 1575 726 1595 vt
741 1574 800 1594 ante
815 1567 888 1600 dixi,
909 1566 951 1592 sed
966 1567 1047 1592 etiam
1061 1565 1164 1591 cultura
1178 1571 1203 1590 et
1216 1570 1311 1590 natura

265 1611 319 1645 ipsa
333 1608 443 1636 dcle&at
455 1605 679 1633 adminiculorum
703 1604 826 1635 ordines,
846 1602 962 1637 capitum
981 1601 1153 1636 coniugatio,
1175 1600 1310 1634 religatio,
1321 1613 1359 1638 40

264 1645 420 1681 propagatio
433 1643 540 1669 vitium.
732 1637 752 1677 q
777 1648 794 1665 2
836 1638 988 1665 Verborum
1003 1637 1172 1672 coniugatio,
1197 1636 1310 1671 συζυγία,

264 1681 333 1708 mocio
350 1677 457 1715 exposita
479 1687 490 1704 c
510 1678 625 1703 Cicerone
644 1678 671 1701 in
710 1680 727 1701 C
741 1681 759 1700 0
772 1681 793 1699 N
806 1681 844 1700 iv
854 1680 935 1700 GAT
945 1680 965 1698 v
975 1681 997 1700 s.
1033 1673 1089 1700 Cic.
1104 1673 1177 1707 Top.
1200 1680 1228 1698 12
1248 1681 1268 1697 c.
1289 1680 1311 1703 3.

264 1715 286 1754 fl
308 1725 319 1748 3
355 1713 518 1748 coniugatio
531 1712 597 1748 apud
608 1712 802 1740 Grammaticos,
822 1707 854 1741 est
876 1709 1046 1742 Consequens
1063 1708 1211 1736 verborum
1232 1707 1312 1734 decli-

264 1753 348 1779 natio.
390 1752 424 1778 Vt
439 1749 525 1786 definit
535 1747 658 1774 Priscian.
673 1752 686 1777 8
702 1755 727 1781 p.
738 1747 782 1777 836
796 1744 858 1771 med.
879 1745 920 1770 vel
936 1750 965 1770 vt
978 1744 1135 1770 Consentius
1149 1753 1173 1778 p.
1183 1746 1258 1775 2069
1267 1750 1312 1777 pr.

266 1788 307 1816 Est
321 1786 445 1814 colleffio
459 1784 596 1820 quaedam,
615 1791 694 1818 quam
707 1781 803 1808 Graeci
821 1779 934 1814 συζυγίαν
954 1785 1057 1809 vocant,
1073 1779 1220 1805 verborum
1233 1778 1312 1804 simili
1322 1788 1355 1815 45

265 1823 442 1851 declinatione
456 1820 628 1847 currentium.
701 1816 802 1844 Charis.
817 1824 830 1841 2
849 1824 873 1850 p.
890 1822 934 1849 145
950 1814 1012 1841 med.
1039 1815 1154 1842 Ordines
1166 1814 1313 1840 verborum

265 1859 389 1896 appellat,
415 1865 438 1885 ct
451 1857 543 1884 onmia
556 1854 653 1885 verba,
673 1856 770 1889 inquit,
791 1860 858 1887 quae
871 1851 1004 1878 eiusmodi
1017 1850 1120 1877 ordinis
1134 1855 1227 1881 erunt,
1243 1849 1313 1875 limi-

268 1896 320 1922 lem
333 1895 413 1923 etiarn
428 1892 633 1920 declinationem
646 1889 743 1916 habent
757 1895 803 1915 cte.
1000 1885 1021 1923 q
1043 1897 1062 1921 4
1101 1885 1179 1921 Apud
1191 1882 1314 1911 Diachi—

264 1942 306 1959 cos
318 1930 471 1965 coniugatio
485 1927 518 1962 est
548 1927 720 1963 roprfitionum
734 1924 777 1951 illa
790 1921 950 1957 corstrufflo,
963 1932 974 1948 e
986 1932 1033 1958 qua
1047 1921 1208 1958 syllogismus
1221 1919 1314 1953 existit.

267 1967 346 2002 Apul.
361 1967 392 1994 de
406 1966 503 2000 Syllog.
529 1985 536 1991 .
551 1964 582 1991 de
596 1962 678 1989 habit.
695 1960 786 1987 Doetr.
801 1959 864 1986 Piae
876 1968 888 1991 3
901 1968 926 1994 p.
941 1967 968 1991 35
983 1959 1044 1985 Elm.
1065 1958 1144 1985 Nunc
1156 1956 1314 1983 tradendum
1325 1969 1357 1995 50

267 2002 425 2037 est,quibus
436 2001 525 2028 Modis
540 2006 566 2027 et
583 1996 816 2033 coniugationibus
831 1995 895 2022 fiant
929 2009 976 2014 --
1011 1993 1199 2021 Conclufio'nes
1213 2000 1259 2019 etc.
1276 2001 1315 2019 re-

268 2042 352 2065 currit
365 2040 428 2064 enim
435 2036 580 2072 fizepiffrme.
777 2030 797 2070 ἦ
818 2039 831 2065 5
868 2030 1047 2064 Coniugatio‚
1062 2030 1155 2056 Coitus.
1192 2028 1314 2061 Solin.39

269 2073 299 2100 de
312 2072 377 2104 ursis
389 2071 543 2098 coeuntibus:
566 2069 647 2097 Velut
663 2068 786 2096 humanis
799 2066 1032 2101 coniugationibus
1046 2065 1211 2100 copulantur.
1265 2065 1315 2092 Pro

271 2102 363 2145 quauis
378 2105 577 2134 Cmiuncfflone
592 2109 618 2130 et
630 2104 800 2137 copulatione
814 2103 902 2135 posuit
927 2102 1005 2135 Apul.
1019 2101 1067 2128 lib.
1081 2110 1102 2133 3.
1122 2100 1224 2127 Florid.

308 2151 326 2171 c
340 2150 359 2170 0
372 2151 392 2170 N
403 2151 411 2170 1
421 2150 440 2169 v
452 2149 472 2169 G
482 2149 503 2169 A
512 2162 520 2174 ‚
541 2149 579 2167 ae.
600 2139 619 2165 f.
664 2139 767 2165 Coniux.
803 2136 882 2171 Apul.
896 2137 961 2162 Met.
975 2137 993 2162 6
1005 2145 1030 2169 p.
1047 2143 1104 2169 174,
1116 2144 1143 2167 33
1167 2135 1261 2168 Magni
1273 2136 1315 2161 10-
1326 2148 1355 2174 53

272 2181 313 2208 vis
330 2187 453 2214 germana
467 2183 492 2203 et
506 2177 635 2209 coniuga,
654 2177 673 2200 i.
691 2175 763 2200 Iuno.
778 2207 783 2212 ι
1257 2203 1262 2208 ι

308 2212 493 2245 οοΝιῢςνς,
518 2221 543 2244 a,
563 2219 617 2237 um.
648 2209 710 2235 Adi.
746 2207 814 2233 Plin.
828 2211 852 2238 8,
865 2214 895 2237 23
908 2205 927 2232 s.
942 2212 969 2237 35
997 2204 1026 2230 de
1037 2203 1178 2239 aspidibus,
1195 2205 1316 2238 Comuga

273 2252 357 2279 ferme
370 2255 512 2283 vagantur,
525 2255 572 2274 nec
584 2245 633 2272 nisi
647 2253 707 2270 cum
721 2250 844 2276 compare
860 2241 917 2267 vita
930 2240 982 2272 est,
1002 2243 1021 2266 i.
1036 2242 1175 2275 Coniugata
1188 2246 1211 2266 et
1230 2241 1318 2266 iunkla

270 2287 337 2325 quast
350 2286 516 2313 matrimonio.
536 2281 582 2310 scd
589 2279 715 2308 Harduin.
730 2288 759 2304 ex
767 2277 842 2304 MSS.
862 2277 924 2312 Reg.
937 2277 999 2311 legit
1007 2275 1149 2308 Coniugia,
1162 2278 1180 2300 i.
1194 2278 1316 2310 coniuges.

309 2330 326 2350 c
335 2329 353 2349 o
364 2330 386 2349 N
395 2330 405 2348 1
414 2328 435 2348 v
444 2327 465 2347 G
474 2319 495 2346 xi
506 2326 523 2346 1.
534 2325 556 2345 v
567 2321 598 2350 s',
617 2325 641 2348 a,
661 2324 715 2342 um.
752 2312 812 2340 Adi.
854 2312 904 2342 Vt,
924 2309 1106 2344 Coniugulum
1120 2315 1236 2342 myrtum
1250 2311 1318 2336 dixit
1330 2315 1365 2339 60

273 2360 340 2387 Cato
354 2364 376 2390 8,
389 2366 414 2384 2.
427 2363 450 2383 et
463 2364 511 2388 ι33,
525 2363 550 2381 2.
586 2353 655 2379 Hinc
668 2351 734 2378 Plin.
749 2356 784 2382 15,
792 2356 822 2381 29
834 2348 852 2374 s.
865 2355 897 2382 37
915 2348 981 2373 Cato
995 2346 1045 2372 tria
1059 2354 1155 2380 genera
1165 2345 1247 2384 myrti
1260 2354 1320 2384 pro-

275 2395 358 2422 didit:
390 2392 542 2423 candidam,
565 2390 686 2423 nigram,
712 2383 897 2419 coniugulam‚
923 2381 1033 2408 fortaffis
1053 2390 1067 2407 a
1086 2380 1218 2415 coniugiis
1231 2386 1257 2406 et
1270 2380 1319 2406 illo

273 2430 418 2458 Cluacinae
430 2435 534 2463 genere.
571 2426 650 2456 Sunt,
672 2425 715 2459 qui
728 2419 902 2455 Coniugalem
918 2419 1008 2444 malint
1016 2428 1023 2442 :
1049 2417 1114 2453 quod
1125 2427 1174 2443 non
1187 2414 1220 2449 cst
1229 2416 1320 2451 proba-

274 2467 322 2493 bile
333 2465 415 2492 tribus
434 2466 495 2491 locis
514 2467 670 2496 corrupmm:
697 2460 738 2484 vti
756 2466 800 2484 mc
811 2455 890 2489 illud,
914 2454 960 2480 duo
979 2460 1076 2480 tantum
1089 2462 1178 2490 genera
1190 2451 1291 2478 laudari
1304 2459 1320 2477 a

274 2503 365 2529 catone
386 2499 472 2527 albam
491 2504 517 2525 et
536 2498 657 2532 nigram,
689 2501 816 2529 utramque
834 2498 914 2518 autem
933 2491 1021 2516 vocari
1040 2488 1070 2516 ab
1090 2498 1114 2515 eo
1137 2487 1362 2524 coniugaleni:6;

275 2539 335 2565 licet
354 2536 412 2564 Col.
429 2544 466 2568 12,
479 2540 516 2567 38,
530 2542 539 2560 ι
571 2533 617 2559 duo
635 2537 732 2558 tantum
754 2537 844 2566 gensi-a
861 2532 983 2553 memoret.
1037 2526 1126 2561 Magis
1144 2524 1259 2556 audiam,
1278 2526 1322 2559 qui

277 2572 450 2607 coniugulum
470 2572 510 2598 vel
523 2567 692 2603 coniugulaiu
714 2570 832 2597 myrtum
850 2560 943 2590 difflant
957 2562 1044 2589 volunt
1057 2561 1086 2588 ab
1098 2570 1133 2594 eo,
1147 2559 1212 2597 quod
1227 2562 1255 2586 in
1262 2566 1321 2596 pcr-

277 2610 350 2647 gulas
364 2615 388 2634 et
402 2606 542 2633 vmbracula
549 2604 654 2640 pulchre
666 2605 822 2637 coniugatur.

317 2650 334 2671 c
347 2650 368 2671 0
382 2649 405 2669 N
417 2650 427 2669 1
436 2649 456 2668 v
465 2648 485 2668 G
494 2649 504 2667 1
515 2648 535 2667 V
549 2647 593 2672 M,
624 2639 643 2665 i.
662 2648 689 2664 n.
725 2635 864 2671 [συζυγία]
899 2634 1008 2662 Societas
1027 2635 1081 2660 viri
1098 2639 1123 2659 et
1128 2632 1257 2669 feminae,
1278 2634 1322 2667 qui

279 2680 336 2707 inde
353 2684 474 2706 vocantur
494 2675 638 2709 Coniuges.
707 2673 763 2699 Cic.
777 2672 809 2699 de
823 2671 880 2698 Fin.
893 2679 922 2703 4,
936 2677 964 2705 17
996 2669 1134 2703 Primique
1152 2677 1184 2694 ex
1198 2667 1323 2694 omnibus
1334 2677 1370 2706 70

279 2714 444 2752 philosophis
462 2721 476 2739 a
489 2716 583 2738 natura
596 2709 727 2736 tributum
746 2708 793 2734 else
807 2707 969 2738 docuerunt,
986 2711 1015 2732 vt
1028 2704 1066 2735 hi,
1079 2705 1127 2739 qui
1141 2703 1273 2739 procreati
1288 2704 1324 2729 es-

278 2754 350 2783 sent,
370 2759 385 2777 a
404 2745 619 2784 procreatoribus
642 2750 808 2776 amarentur,
822 2748 847 2769 et
861 2742 887 2769 id
896 2762 904 2775 ,
918 2741 990 2776 quod
1008 2746 1159 2775 temporum
1172 2739 1268 2767 ordine
1280 2748 1325 2766 an-

281 2787 393 2822 tiquius,
412 2791 440 2812 vt
454 2782 580 2817 coniugia
593 2781 716 2808 virorum
729 2786 754 2805 et
768 2787 895 2809 vxoruin,
909 2786 923 2804 a
935 2783 1027 2803 natura
1039 2776 1179 2802 coniuneta
1192 2776 1239 2802 effe
1255 2775 1324 2802 dice·

281 2829 356 2855 rent,
376 2830 428 2856 qua
441 2829 472 2847 ex
485 2819 564 2854 stirpe
584 2817 720 2844 orirentur
731 2814 865 2841 amicitiae
887 2813 1085 2848 cognationum.
1140 2812 1229 2839 Prima
1243 2812 1325 2838 socie-

281 2865 319 2887 tas
332 2859 360 2885 in
374 2858 429 2893 ipso
443 2855 479 2883 est
494 2854 621 2888 coniugio
641 2852 715 2879 idem
728 2849 779 2877 Off.
797 2859 815 2880 ι,
829 2859 849 2875 c.
863 2857 900 2884 17.
953 2849 1007 2875 Dos
1021 2848 1142 2882 coniugii
1163 2847 1244 2874 Ouid.
1257 2848 1323 2874 Met.
1333 2853 1365 2883 75

284 2904 325 2928 ¹4,
347 2898 403 2926 298.
475 2891 533 2918 Sen.
552 2891 644 2924 Agam.
665 2893 696 2918 80
727 2887 788 2912 Iura
807 2884 945 2920 pudorque
963 2890 988 2910 et
1006 2883 1127 2918 coniugii
1143 2884 1240 2910 sacrata
1259 2883 1323 2910 fides

282 2931 389 2965 fugiunt
403 2928 483 2955 aulas.
554 2925 667 2960 Sponsor
685 2928 710 2949 et
723 2921 797 2948 obses
810 2920 938 2953 Coniugii
956 2921 1123 2951 Hymenaeus
1147 2918 1230 2953 Ouid.
1243 2919 1323 2953 Epist.

283 2975 310 2999 2,
324 2975 365 2999 34.
435 2964 574 2998 Tempus,
593 2964 611 2988 i.
625 2960 677 2986 dies
689 2960 832 2995 nuptiarum
851 2955 924 2982 Idem
935 2955 1012 2989 Epist.
1028 2963 1120 2988 21,⁴45.
1174 2955 1248 2982 Felix
1263 2963 1324 2981 con-

284 3002 360 3036 iugio
381 2999 420 3027 Id.
435 3008 466 3026 cx
479 2999 554 3025 Pont.
569 3006 595 3030 4,
611 3005 644 3029 ιι,
659 3004 696 3022 22.
766 2992 849 3019 Rudis
874 2990 955 3018 Ouid.
971 2990 1036 3017 Fast.
1049 3000 1076 3024 4,
1091 2993 1144 3024 336.
1199 2991 1256 3018 Cic.
1270 2992 1324 3018 Att.

286 3040 313 3070 6,
326 3043 339 3068 8
366 3037 488 3062 Laetatus
507 3034 564 3060 sum
584 3032 664 3059 etiam
681 3032 801 3057 sermone
824 3027 906 3054 Piliae
927 3025 958 3052 de
972 3026 1099 3060 coniugio
1112 3026 1224 3053 Tulliae
1242 3036 1325 3054 meae.
1336 3032 1369 3058 80

286 3074 350 3101 Dira
368 3072 455 3098 Valer.
470 3071 568 3104 Argon.
582 3077 606 3099 2,
621 3074 674 3102 172.
730 3066 905 3092 Fortunarum
929 3062 1010 3089 Ouid.
1023 3062 1086 3088 Met.
1103 3071 1125 3094 2,
1140 3067 1194 3094 803.
1248 3062 1326 3088 Libe.

286 3108 351 3140 tale,
367 3107 419 3136 vid.
434 3107 458 3133 h.
473 3115 498 3132 v.
533 3103 657 3132 Max-itale
677 3101 786 3128 Colum.
798 3109 826 3126 ιι
838 3100 896 3126 Pro.
916 3107 934 3125 1.
987 3097 1130 3124 Sollemnia
1150 3098 1242 3124 Tacit.
1257 3098 1325 3125 Ann.

288 3151 322 3177 15,
335 3151 374 3178 37.
429 3140 577 3177 Superbum
597 3139 672 3173 Virg.
687 3138 751 3163 Aen.
764 3145 788 3170 3,
801 3143 861 3170 475.
917 3133 1066 3168 Abruptum
1076 3153 1083 3165 ,
1103 3133 1155 3159 vid.
1173 3140 1247 3160 ABR
1257 3140 1276 3159 v
1289 3141 1327 3162 M—

289 3187 305 3207 P
317 3185 347 3205 Ο.
407 3177 506 3212 Adepta
518 3175 672 3210 coniugium
685 3172 805 3207 regium,
833 3169 888 3197 vid.
916 3177 938 3196 Λ
948 3176 967 3196 D
977 3177 987 3196 1
996 3175 1010 3195 P
1019 3176 1029 3196 1
1038 3176 1051 3195 s
1059 3175 1076 3195 C
1086 3175 1105 3195 Ο
1114 3176 1141 3195 R.
1212 3169 1327 3203 Despon-

290 3214 352 3241 dere
364 3212 412 3240 fibi
424 3212 579 3247 coniugium
591 3209 700 3238 alterius
726 3208 784 3235 Sen.
797 3205 902 3234 Troad.
917 3214 956 3237 59.
977 3207 996 3231 i.
1009 3207 1142 3245 coniugem.
1213 3205 1327 3232 Differre
1338 3209 1367 3237 85

290 3252 408 3283 Propert.
428 3257 454 3281 2,
473 3258 499 3281 9,
523 3256 544 3281 5.
616 3244 744 3273 Fraudata
761 3242 888 3276 coniugio
911 3241 1002 3276 sponsa
1032 3239 1113 3267 Ouid.
1129 3239 1208 3279 Epist.
1228 3242 1254 3272 6,
1276 3243 1327 3274 163.

291 3285 356 3314 Frui
377 3283 449 3310 Idem
464 3284 528 3310 Fast.
543 3290 565 3316 5,
578 3287 632 3316 528.
702 3280 793 3306 Petere
819 3277 934 3318 Id.·Mct.
958 3285 1066 3317 10,.413.
1137 3276 1212 3309 Virg.
1227 3277 1291 3303 Aen.
1305 3285 1329 3309 3,

291 3322 343 3355 296
367 3319 501 3353 Coniugio
517 3317 644 3345 Aeacidae
655 3315 758 3348 Pyrrhi,
773 3316 932 3348 sceptrisque
946 3313 1080 3344 Potitum,
1098 3313 1116 3337 i.
1130 3320 1214 3337 uxore.
1256 3312 1328 3339 Idem

291 3358 357 3384 Aen.
373 3365 402 3390 4,
413 3363 456 3388 43ι
475 3354 539 3380 Non
551 3354 604 3380 iam
617 3351 771 3385 coniugium
784 3349 921 3384 antiquum
934 3347 1006 3383 quod
1014 3347 1144 3378 Prodidit,
1158 3355 1222 3386 oro,
1235 3349 1252 3373 i.
1269 3348 1331 3384 (lese-

291 3394 362 3424 ruit,
381 3390 410 3417 de
422 3391 505 3417 Acuca
517 3389 636 3415 Didonem
655 3387 783 3424 dcstrcnte.
853 3384 1012 3411 Promittere
1029 3382 1111 3410 Ouid.
1126 3382 1204 3416 Epist.
1225 3391 1268 3415 20,
1282 3392 1332 3416 ¹39·
1342 3395 1377 3421 90

292 3429 386 3456 quen.
400 3426 451 3453 Sat.
470 3432 497 3458 9,
511 3428 543 3454 80
569 3425 623 3450 Iam
638 3431 717 3456 paene
730 3421 852 3449 Solutum
886 3419 1049 3454 Coniugium
1063 3419 1092 3445 in
1104 3418 1195 3444 multis
1207 3417 1331 3445 domibus

294 3461 412 3490 seruauit
424 3460 535 3488 adulter.
604 3459 719 3485 Timere
733 3458 778 3484 suo
790 3455 916 3490 coniugio
934 3455 989 3481 Scn.
999 3455 1108 3489 Hippol-
1122 3463 1174 3488 34¹·
1194 3456 1211 3480 i.
1224 3458 1332 3491 coniugi.

293 3500 336 3527 Sic
348 3497 428 3525 Ouid.
442 3496 506 3523 Met.
521 3503 552 3527 ιι,
564 3501 617 3528 297
646 3494 723 3520 Culta
738 3488 807 3520 mihi
820 3500 869 3528 pax
883 3491 935 3523 cst,
963 3491 1031 3525 pacis
1049 3490 1118 3516 mihi
1139 3498 1200 3516 cura
1219 3491 1328 3517 tuendae

294 3533 475 3568 Coniugiique
488 3530 557 3562 fuit,
577 3529 655 3556 fratri
673 3529 729 3555 fera
746 3528 816 3555 bella
835 3526 979 3562 placebant.
1050 3526 1115 3553 Pliu.
1129 3534 1167 3558 10,
1182 3533 1210 3552 12
1241 3526 1332 3560 Itaque

296 3570 384 3604 paruis
398 3570 425 3596 in
437 3567 503 3594 vicis
515 3575 569 3592 non
584 3565 640 3599 plus
661 3564 722 3590 bina
739 3563 871 3598 Coniugia
885 3563 955 3589 sunt:
980 3561 1049 3589 circa
1062 3563 1209 3589 Cranonem
1223 3561 1331 3595 quidem
1343 3574 1376 3601 95

296 3604 446 3632 Theisauac
459 3601 557 3637 singula
570 3605 710 3636 perpetuo:
730 3599 863 3633 genitores
878 3597 965 3629 soboli
977 3598 1037 3624 loco
1051 3597 1155 3624 cedunt.
1190 3596 1254 3623 Bina
1263 3598 1333 3624 Con-

296 3641 370 3675 iugia
384 3646 457 3666 uocat
468 3640 534 3666 Bina
543 3639 636 3672 paria,
655 3634 714 3660 duos
725 3643 820 3666 inares,
839 3643 868 3660 ac
879 3633 980 3660 totidem
988 3633 1111 3669 seminas.
1179 3632 1221 3660 Sic
1235 3633 1333 3659 Coniu-

317 3676 322 3681 '
353 3676 408 3701 fere
421 3679 549 3710 vagantur
566 3671 632 3698 Plin.
645 3675 669 3703 8,
683 3678 709 3702 23
723 3670 740 3695 s.
754 3677 788 3701 35.
805 3672 822 3694 i.
833 3672 910 3702 paria
930 3668 958 3695 de
967 3669 1132 3705 serpentibus.
1202 3668 1334 3703 Coniugia

297 3684 452 3738 {tintinnis
465 3706 658 3738 submittenda,
677 3708 694 3731 i.
710 3713 782 3745 equae
802 3703 863 3730 Pall.
875 3705 952 3730 Mart.
967 3712 1002 3737 13,
1017 3713 1035 3731 ι.
1106 3703 1182 3738 Virg.
1194 3703 1292 3738 Georg.
1310 3713 1334 3737 3,

298 3754 347 3781 275
367 3746 446 3780 Saepe
459 3745 511 3771 sine
523 3743 585 3771 vllis
621 3741 763 3775 Coniugus
778 3745 859 3766 vento
872 3739 1006 3773 grauidae.
1041 3741 1079 3767 De
1092 3737 1257 3776 equabus-stne
1268 3749 1334 3766 mare
1346 3742 1429 3772 1008e
1443 3741 1473 3768 in
1487 3740 1596 3775 negotio
1610 3740 1757 3766 coniunxit.

314 3781 460 3808 urientibus.

289 3789 312 3819 Ρ
336 3815 552 3848 commatris,
565 3823 590 3841 e.
608 3811 670 3839 Adi.
689 3809 826 3845 [cdg'vyos]
847 3809 894 3849 Dii
907 3809 1066 3844 coniugales,
1093 3814 1119 3837 ui
1131 3811 1255 3846 coniugiis
1262 3815 1336 3845 prae-

292 3852 370 3889 finit,
389 3857 418 3877 ut
435 3851 504 3877 Iuno.
552 3851 650 3881 Venus,
669 3848 764 3882 Hymen
783 3846 840 3872 Sen.
857 3854 883 3871 in
897 3844 968 3871 Med.
983 3854 991 3871 1
1012 3853 1035 3872 ct
1049 3846 1169 3879 Tiyeste
1183 3853 1246 3877 1103.
1281 3845 1334 3871 Αιι.

298 3887 395 3923 gustin.
415 3885 446 3912 de
468 3885 527 3912 Ciu.
541 3885 592 3912 Dei
605 3895 631 3918 4,
643 3892 670 3910 21
706 3883 775 3909 Deos
793 3880 923 3915 nuptiales
942 3887 1027 3907 vocat.
1061 3881 1134 3915 Qud
1153 3881 1251 3908 necesse
1270 3886 1336 3913 erat,

296 3925 397 3960 inquit,
417 3920 545 3948 nubentes
564 3917 748 3948 commendare
766 3916 818 3944 diis
831 3915 1013 3951 nuptialibus,
1036 3922 1064 3944 vt
1078 3916 1146 3944 bene
1161 3917 1333 3951 coniugaren-
1346 3926 1390 3953 ¹05

1328 539 1357 557 10
1368 531 1440 557 mina
1454 531 1533 565 virgo
1549 531 1596 556 eisc
1610 538 1663 555 non
1678 529 1789 556 desinat:
1815 530 1862 556 dea
1876 531 2021 563 Parmnda,
2044 539 2111 565 quae
2125 530 2283 563 parturienti
2300 537 2325 557 et
2336 533 2399 566 pari.

1386 3455 1441 3491 stus
1447 3459 1613 3492 proprium!
1626 3458 1654 3482 in
1667 3465 1709 3482 cor
1727 3455 1878 3487 oribus„liiie
1892 3456 2041 3490 impropriae
2054 3460 2077 3480 et
2088 3453 2274 3490 metaphoricae.

1735 119 1771 160 C
1845 120 1881 160 Ο
1953 119 1997 159 N
2305 131 2391 178 1156

1364 210 1424 235 tur?
1466 209 1524 236 Vid.
1544 211 1696 237 Plutarchus
1715 210 1878 245 problemate
1890 218 1913 237 2.
1987 209 2120 244 Angustia.
2134 210 2165 238 de
2177 212 2259 239 cinit.
2271 212 2322 240 Dei
2338 218 2366 248 6,
2377 225 2394 250 9

1364 246 1434 271 Deos
1448 245 1598 279 coniugales
1611 247 1651 273 his
1663 247 1745 273 verbis
1758 246 1872 282 recenset.
1916 245 2007 278 Qfflm
2019 254 2073 271 mas
2087 254 2113 273 tt
2125 247 2224 277 femina
2238 249 2396 284 coniungun-
2440 257 2443 265 '

1365 287 1419 312 tur,
1432 281 1574 307 adbibetur
1589 281 1651 307 deus
1665 283 1813 316 Iugatinus:
1839 290 1920 317 quum
1937 281 2047 307 domum
2061 281 2097 307 est
2108 282 2264 316 deducenda,
2273 293 2338 318 quae
2351 294 2397 313 nu·
2465 302 2468 306 ι

1366 316 1422 353 bit,
1444 316 1585 342 adhibetur
1598 316 1660 342 deus
1676 318 1851 345 Domiducus:
1870 324 1897 344 vt
1911 317 1939 342 in
1953 316 2034 342 domo
2048 315 2094 348 fit,
2117 316 2256 345 adhibetur
2270 320 2333 345 deus
2346 320 2397 348 Do-
2436 320 2438 325 ’
2462 340 2466 347 ,

1368 352 1473 378 mitius:
1493 358 1522 378 vt
1536 357 1639 378 maneat
1653 361 1713 378 cum
1723 354 1785 380 viro
1794 374 1802 386 ,
1821 353 1927 380 additur
1940 352 1988 378 dea
2001 352 2155 378 Manturna:
2174 354 2331 388 Virginensis
2343 355 2396 390 dea,
2454 374 2456 379 .

1366 393 1395 413 vt
1409 387 1510 422 virgini
1528 397 1594 414 zona
1613 387 1744 414 soluatur:
1773 389 1835 415 deus
1848 389 1975 422 Subigus,
2001 394 2030 413 vt
2043 387 2104 413 viro
2118 387 2266 421 subigatur:
2287 390 2333 416 dea
2343 391 2398 418 Pre-
2441 391 2469 434 μς

1367 432 1426 455 ma,
1446 429 1475 450 vt
1489 423 1593 449 subac'h
1608 431 1640 448 ne
1655 423 1679 448 se
1691 431 1868 455 commoueat,
1884 423 2094 458 comprimatur-:⁴
2107 423 2230 457 Priapus,
2242 425 2318 458 super
2330 426 2399 454 cuius
2458 448 2459 451 ,

1367 459 1582 485 immanissimum
1594 465 1619 485 et
1633 458 1807 493 turpillimum
1822 460 1948 486 fascinum
1961 459 2049 485 sedere
2068 467 2137 484 noua
2157 466 2237 493 nupta
2250 456 2398 490 iubebatur}
2436 456 2437 462 ¹
2457 438 2474 494 ζ

1368 496 1472 527 Venus,
1492 505 1559 530 quae
1571 494 1607 520 ob
1622 494 1671 520 hoc
1686 494 1765 520 etiam
1783 494 1880 521 dicitur
1900 501 2062 529 nuncupata,
2088 494 2161 528 quod
2180 493 2232 520 sine
2250 494 2306 521 eius
2327 497 2354 522 vi
2365 497 2400 524 fe·
2424 519 2426 521 .
2463 502 2474 531 l:

1369 567 1424 593 enti
1437 567 1509 593 adlit.
1546 568 1618 592 Haec
1630 574 1661 591 ex
1675 566 1831 600 Augustino.
1878 566 1960 592 Porro
1973 566 2009 593 est
2024 573 2048 592 et
2062 567 2230 598 Hynieneus,
2257 566 2338 600 quiet
2351 568 2401 601 Hy·
2439 568 2447 584 ’
2458 564 2472 570 ⁴*

1368 612 1429 629 men
1442 603 1556 634 dicitur,
1575 601 1729 635 nuptiarum
1748 602 1811 628 deus
1834 600 1961 633 habitus,
1975 602 2048 628 sicuti
2068 601 2160 627 videre
2180 600 2216 626 est
2234 601 2300 635 apud
2319 597 2406 632 Catul->
2435 608 2438 615 ⁴

1368 639 1438 663 lum:
1468 644 1494 663 et
1511 636 1580 671 apud
1603 638 1735 663 Romanos
1754 637 1893 664 Thalaffus
1914 635 1966 662 siue
1984 636 2147 669 Thalassius,
2167 636 2214 671 qui
2232 643 2258 662 et
2273 636 2401 667 Thalama
2436 643 2437 646 ’

1368 673 1476 698 dicitur.
1524 672 1657 699 Columel.
1670 677 1692 703 8,
1700 681 1722 705 2,
1731 681 1755 699 ιι
1773 672 1949 707 Coniugalem
1962 680 2067 706 gregem
2081 678 2223 707 protegunt
2236 671 2310 707 galli,
2321 676 2340 700 i.
2351 668 2402 711 cpti-
2427 687 2444 706 (ι,

1332 712 1358 738 13
1366 711 1450 744 iugum
1458 708 1482 744 J:
1496 708 1654 744 gallinarum.

1406 751 1422 770 c
1432 750 1450 770 0
1461 751 1483 770 N
1494 752 1503 770 1
1513 751 1533 769 v
1542 751 1562 770 G
1574 752 1593 770 A
1605 751 1621 770 L
1630 752 1639 770 1
1648 751 1669 770 T
1678 751 1694 770 E
1704 750 1734 771 R.
1769 744 1837 771 Adu.
1873 742 2010 777 Augustin.
2025 743 2103 778 Epist.
2113 749 2149 778 89
2182 742 2277 770 Pudice
2290 745 2406 778 quamuis⁴
2426 730 2442 773 ‘',3

1368 780 1546 814 coniugaliter
1567 780 1672 806 viuunt.
2352 789 2355 792 ’
2382 786 2404 814 a,
2427 779 2448 805 i*

1407 822 1424 842 c
1436 822 1455 841 o
1464 823 1485 842 N
1495 822 1533 842 iv
1544 821 1563 841 G
1575 823 1583 841 1
1594 816 1616 841 Ᾱ
1625 823 1641 842 ι.
1651 823 1661 842 1
1670 823 1682 842 s
1692 835 1701 848 ‚
1716 823 1739 841 e.
1760 814 1821 841 Adi.
1849 813 1986 849 [σύζυγος]
2000 821 2004 825 ·
2018 813 2091 850 Qud
2101 813 2135 840 ad
2147 816 2287 851 coniugium
2293 811 2408 858 pertint&
2428 809 2451 852 3}

1528 923 1604 949 Atria
1625 922 1808 957 complentur,
1828 930 1875 947 nec
1892 920 2055 955 coniugialia
2067 920 2131 947 festa

1369 851 1453 878 Ouid.
1468 851 1532 878 Met.
1548 860 1571 884 5,
1586 859 1598 883 3
2388 859 2399 886 J
2428 871 2432 891 1

2372 864 2410 928 isi

1529 960 1584 992 Qui
1600 964 1689 990 canat,
1709 958 1745 984 est
1759 958 1874 989 clamor,
1894 957 1937 984 sed
1950 958 1997 992 qui
2013 957 2069 983 fera
2081 955 2185 983 nuntiet
2196 964 2278 983 arma.
2370 964 2375 968 ”
2394 954 2399 966 ”

1372 994 1446 1021 Idem
1459 995 1523 1021 Met.
1538 1004 1570 1027 ιι,
1584 1002 1634 1029 743
1671 995 1752 1020 Τιιιις
1773 1002 1879 1029 quoque
1898 993 1990 1019 mansit
2005 1001 2095 1025 amor,
2115 1000 2162 1018 nee
2179 990 2328 1027 coniugiale
2346 992 2369 1027 fi,
2380 988 2398 1023 li
2414 1008 2420 1015 ι
2438 1010 2440 1015 ›

1373 1036 1430 1057 tum
1443 1029 1479 1056 est
1516 1031 1617 1056 Foedus
1631 1031 1659 1056 in
1673 1029 1790 1056 alitibus.
1861 1030 1893 1056 Et
1906 1029 1970 1056 Met.
1991 1031 2016 1060 6,
2031 1031 2076 1062 536
2112 1028 2171 1055 Nec
2189 1036 2247 1059 mea
2266 1027 2336 1063 virgi
2355 1028 2410 1060 '·2j'³¹.

1372 1075 1421 1092 nee
1441 1065 1602 1100 coniugialia
1618 1067 1685 1092 iura.

1411 1107 1428 1128 C
1439 1108 1458 1127 O
1466 1109 1488 1128 N
1498 1109 1507 1128 1
1517 1110 1536 1128 ν
1546 1110 1564 1129 x
1574 1121 1581 1133 ‚
1601 1102 1668 1136 sigis.
1686 1110 1708 1127 c.
1744 1100 1890 1135 [cisao‘g'vyog
1902 1098 2020 1133 σύμέῗιος,
2032 1098 2147 1134 σύζυγος,
2158 1098 2266 1134 σύνζυγις
2279 1099 2338 1126 Vet.
2349 1099 2373 1130 G
2386 1102 2409 1134 ζμ

1374 1139 1479 1172 Proprie
1498 1138 1648 1172 Coniuges,
1673 1143 1704 1163 vt
1722 1140 1760 1163 ait
1779 1136 1883 1169 Festus,
1896 1136 2020 1162 Eiusdem
2033 1136 2090 1170 iugi
2102 1144 2191 1170 pares:
2211 1134 2345 1171 deindesol
2371 1139 2377 1142 ’
2401 1136 2411 1166 J,

1373 1172 1497 1199 intelle&
1507 1194 1515 1206 ,
1541 1177 1584 1209 qui
1594 1174 1662 1199 illum
1677 1171 1707 1199 ab
1726 1179 1803 1208 etymo
1817 1172 1927 1199 trabium
1937 1179 2015 1207 prope
2027 1171 2143 1205 exclusit,
2162 1171 2267 1197 Coniux
2287 1170 2320 1205 est
2359 1181 2370 1192 ι

1373 1209 1558 1245 moniisocius,
1578 1212 1685 1235 maritus
1697 1215 1739 1234 aut
1753 1217 1824 1234 uxor.
1878 1208 2023 1235 Priscianus
2032 1213 2079 1241 per
2095 1214 2117 1233 N
2129 1213 2187 1233 ante
2201 1206 2336 1242 xscriln‘t:
2348 1219 2353 1225 ¹
2376 1209 2420 1224 ⁴‘'*'

1373 1252 1438 1271 terei·
1455 1244 1523 1271 modo
1543 1245 1668 1277 Coniux,
1692 1243 1760 1270 moda
1780 1244 1920 1274 Coniunx,
1944 1243 2057 1270 detrat‘lo
2075 1243 2116 1269 vel
2126 1242 2212 1270 addito
2226 1249 2258 1269 N.
2312 1240 2386 1269 Εἰε.’

1375 1281 1444 1307 Frat.
1460 1289 1481 1313 3,
1497 1290 1508 1313 3
1527 1280 1683 1307 Fidelissima
1696 1280 1820 1306 coniunx.
1891 1281 1929 1306 De
1943 1283 2000 1306 viro
2012 1285 2053 1314 ap.
2067 1279 2225 1306 Ciceronem
2240 1275 2402 1314 numquam*

1683 886 1804 913 Fremitu
1823 885 1922 920 regalia
1940 884 2034 911 turbae

1375 1319 1403 1343 in
1423 1317 1552 1351 Inscriptt.
1566 1317 1716 1352 frequenter
1733 1318 1843 1342 inueniri
1860 1322 1932 1341 notat
1954 1315 2063 1342 fabr-etr.
2077 1324 2101 1350 p.
2115 1319 2170 1348 298.
2206 1315 2279 1349 Saepe
2291 1315 2362 1340 etiam
2378 1318 2423 1344 ,¹

1378 1388 1429 1421 est,
1453 1387 1497 1414 sed
1510 1397 1576 1423 quae
1591 1389 1650 1414 fore
1663 1388 1794 1422 speratur:
1814 1387 1922 1413 Seruius
1933 1387 1968 1414 ad
1980 1386 2043 1413 illud
2072 1386 2147 1420 Virg.
2161 1385 2214 1413 Ecl.
2227 1390 2251 1417 8,
2265 1390 2290 1415 18
2320 1377 2417 1416 Gonia?
2433 1365 2436 1375 v

1377 1424 1417 1459 gis
1431 1424 1541 1458 indigno
1558 1424 1639 1450 Nisae
1653 1423 1776 1457 deceptus
1788 1431 1890 1449 amore.
1960 1422 2034 1449 Idem
2048 1423 2113 1449 Aen.
2126 1430 2151 1455 9,
2166 1427 2206 1454 138
2241 1422 2323 1448 Ferro
2343 1419 2412 1452 stelb-
2452 1427 2453 1431 ¹

1377 1496 1450 1522 diosc
1470 1502 1559 1522 autem
1584 1495 1724 1529 Sponsam,
1747 1495 1896 1529 Coniugem
1909 1500 2003 1527 vocat,
2027 1497 2066 1520 ait
2079 1493 2196 1520 Seruius.
2267 1494 2305 1520 De
2322 1495 2333 1519 i
2355 1492 2402 1523 ”,““

1376 1532 1501 1558 amoribus
1520 1540 1610 1571 quoque
1622 1531 1690 1571 apud
1702 1533 1791 1571 Poitas
1811 1530 1863 1556 dici·
1882 1536 1954 1557 notat
1974 1529 2126 1566 Brouckhus
2138 1529 2172 1556 ad
2183 1527 2299 1555 Tubuli.
2317 1491 2413 1572 351143ιῖ

1378 1603 1498 1637 coniugis
1519 1602 1601 1634 altae,
1626 1605 1645 1629 i.
1661 1604 1773 1628 Iunonis.
1805 1601 1878 1627 Idem
1890 1601 1984 1628 Ofilau.
1999 1610 2054 1635 2¹4·
2124 1602 2214 1628 Partus
2229 1600 2286 1627 fere
2298 1599 2414 1631 concibat
2428 1597 2443 1628 ιε’

1376 1639 1480 1666 animos
1494 1639 1639 1672 coniugum
1654 1638 1692 1664 Id.
1705 1638 1784 1664 Herc.
1798 1638 1857 1663 Oct.
1879 1645 1941 1677 407.
2013 1638 2109 1672 Expers
2128 1636 2249 1670 coniugis
2275 1633 2356 1664 Prud.'
2366 1629 2414 1669 a}
2435 1645 2444 1695 7

1378 1710 1494 1745 Epitheta
1505 1712 1635 1744 utriusque
1649 1711 1765 1749 generis,
1788 1711 1868 1749 marii·
1888 1715 1912 1735 et
1921 1707 2044 1745 feminae.
2079 1708 2206 1735 Adultera
2215 1707 2316 1735 coniux
2339 1705 2405 1740 Ouid

1379 1791 1433 1809 ως.
1472 1781 1589 1807 Seruius,
1660 1780 1748 1806 Aurea
1759 1779 1816 1806 Pici
1841 1779 1916 1806 Idem
1927 1781 1992 1806 Aen.
2006 1788 2033 1814 7,
2048 1786 2100 1813 189.
2128 1781 2212 1811 Circe,
2235 1779 2290 1806 vid.
2309 1777 2447 1810 Sei-uuin-

1378 1817 1430 1843 loc.
1483 1816 1552 1843 Boni
1577 1814 1664 1841 Catul.
1680 1823 1720 1848 59,
1734 1823 1784 1847 233.
1858 1815 2008 1842 Cariffimus
2039 1815 2122 1842 Ouid.
2135 1817 2200 1843 Met.
2215 1824 2249 1848 11,
2263 1823 2325 1850 727.
2374 1814 2439 1845 Ca·-

1380 1888 1486 1914 coniux.
1559 1887 1646 1922 Digna
1658 1895 1719 1921 rege
1751 1887 1810 1913 Seu.
1825 1886 1905 1914 Herc.
1917 1888 1979 1914 Fur.
1994 1889 2020 1913 6.
2106 1887 2197 1913 Dulcis
2227 1887 2304 1921 Virg.
2319 1885 2383 1914 Aen.
2395 1887 2442 1922 22«

1380 1931 1443 1960 777.
1504 1923 1606 1951 Effrena
1626 1923 1684 1949 Seu.
1703 1922 1777 1949 Med.
1794 1931 1816 1948 2.
1886 1923 1997 1957 Egregia
2022 1922 2097 1957 Virg.
2113 1923 2178 1949 Aen.
2193 1924 2218 1953 6,
2234 1930 2287 1955 523.
2358 1920 2445 1950 Fidei·

1382 1997 1481 2030 Argon.
1496 2002 1520 2028 8,
1534 2004 1592 2029 419.
1666 1993 1805 2021 Foecuuda
1824 1994 1892 2019 Hor.
1901 1993 1984 2020 Serm.
1997 2001 2024 2026 2,
2038 2001 2061 2026 5,
2073 2002 2107 2025 31.
2175 1993 2320 2027 Imperiosa
2340 1991 2422 2020 Ouid.

1381 2033 1411 2059 in
1423 2031 1484 2058 Ibin
1497 2034 1550 2065 536.
1605 2031 1715 2057 Infamis
1735 2030 1794 2056 Sen.
1805 2028 1877 2055 Med.
1893 2036 1945 2062 353.
1999 2029 2147 2068 Irrequieta
2164 2028 2210 2054 Sil.
2225 2037 2248 2061 3,
2260 2036 2311 2060 353.
2355 2027 2430 2056 lusto.

1381 2103 1549 2138 Lepidissima
1583 2102 1668 2129 Catul.
1687 2105 1733 2137 76,
1753 2110 1773 2128 1.
1852 2100 1934 2127 Leuis
1964 2100 2022 2127 sen.
2037 2100 2118 2126 Herc.
2131 2099 2191 2125 Oet.
2209 2106 2238 2131 4.
2309 2098 2358 2124 Cat
2392 2094 2410 2121 ἶ”

1382 2140 1525 2177 Epigr321,
1534 2141 1550 2164 6
1570 2138 1612 2164 Est
1625 2138 1736 2172 pulchre
1749 2136 1801 2164 tibi
1812 2146 1871 2163 cuni
1885 2142 1932 2163 tuo
1942 2142 2065 2171 parente,
2099 2135 2130 2161 Et
2144 2143 2203 2160 cum
2215 2133 2360 2174 coniuge-Ii
2416 2140 2425 2178 'l

1385 2207 1446 2242 pida
1474 2206 1560 2233 Catul.
1583 2213 1624 2239 59,
1636 2215 1675 2239 32.
1748 2207 1846 2240 Optata
1876 2208 1938 2233 Stat.
1952 2207 2017 2234 Silu.
2037 2215 2064 2239 2,
2083 2215 2126 2233 20.

1384 2243 1495 2275 dicitur,
1516 2243 1561 2268 Cui
1572 2249 1669 2268 mortua
1681 2239 1714 2275 est
1727 2251 1792 2268 vxor
1821 2241 1895 2268 Idem
1909 2242 1974 2268 Silu.
1993 2250 2016 2275 5,
2038 2250 2060 2275 1,
2079 2250 2121 2268 20.

1376 1361 1441 1379 neca
1460 1359 1484 1378 et
1496 1354 1542 1379 alii
1556 1354 1661 1385 Poetae,
1682 1351 1734 1377 vid.
1748 1361 1773 1378 n.
1787 1360 1812 1378 2.
1865 1351 1972 1378 Coniux
1985 1350 2122 1377 interdum
2140 1349 2255 1382 dicitur,
2278 1358 2332 1376 non
2350 1357 2367 1384 q

1377 1466 1461 1487 ratam
1475 1460 1627 1486 exscindere
1640 1466 1745 1493 gentem
1782 1459 1904 1493 Coniuge
1917 1464 2063 1493 praerepta.
2122 1458 2203 1484 Verba
2221 1458 2313 1484 Turni.
2345 1453 2412 1485 1nu‘i-
2452 1463 2455 1470 ¹

1377 1569 1462 1594 Amor
1475 1576 1597 1601 perennis
1614 1575 1734 1600 coniugis
1748 1566 1830 1592 castae
1842 1571 1929 1592 manet
1949 1566 2006 1593 Sen.
2021 1565 2116 1593 O&au.
2131 1573 2185 1597 ¹92·
2255 1563 2412 1605 Obsequign
2433 1577 2435 1588 A

1377 1675 1459 1701 them.
1473 1683 1506 1706 ιι,
1523 1682 1557 1707 15.
1577 1677 1595 1700 i.
1609 1676 1672 1700 viri.
1744 1672 1818 1700 Felix
1833 1681 1947 1707 coniuge
1973 1672 2055 1699 Ouid.
2071 1673 2136 1700 Met.
2150 1681 2177 1705 9,
2190 1680 2241 1705 333.
2362 1667 2414 1713 Ίμ
2428 1692 2430 1697 .

1380 1747 1473 1772 Amor.
1487 1754 1508 1777 3,
1522 1754 1551 1785 4,
1564 1752 1604 1779 37.
1677 1746 1810 1779 Antiquus
1829 1746 1903 1778 Virg.
1918 1745 1983 1771 Aen.
1998 1754 2027 1778 4,
2038 1750 2096 1778 458.
2122 1747 2141 1771 i.
2155 1750 2200 1771 aut
2213 1744 2290 1772 Prior
2302 1725 2416 1775 aut'Cha:
2428 1762 2429 1765 η
2442 1757 2447 1780 i

1378 1852 1475 1880 rissima
1491 1852 1552 1879 Stat.
1565 1851 1630 1878 Silu.
1646 1859 1668 1883 3,
1682 1859 1705 1884 5,
1721 1859 1770 1877 ιιο.
1841 1850 1924 1878 Ouid.
1937 1851 2017 1886 Epist.
2039 1858 2066 1886 7,
2081 1859 2125 1883 103
2157 1852 2245 1878 Venio
2266 1851 2318 1878 tibi
2336 1838 2446 1882 debittll

1380 1961 1450 1987 Hor.
1465 1960 1544 1995 Epist.
1556 1969 1583 1992 2,
1596 1968 1616 1992 1,
1630 1967 1684 1993 142.
1741 1957 1841 1985 Fidelis
1860 1958 1941 1984 Ouid.
1955 1959 1984 1984 in
1995 1956 2056 1984 Ibin
2068 1966 2123 1992 354.
2180 1957 2325 1985 Fidiffimus
2335 1957 2423 1984 Valer.

1382 2068 1495 2099 coniux,
1521 2069 1646 2103 Legitima
1671 2067 1728 2093 Sen.
1745 2064 1840 2093 oetan.
1855 2072 1903 2097 133.
1979 2064 2111 2098 Legitima
2139 2063 2221 2089 Ouid.
2235 2065 2300 2089 Met.
2313 2071 2353 2094 ιο,
2372 2078 2375 2082 ›
2400 2077 2421 2083 -›

1382 2179 1498 2206 parentis
1507 2181 1517 2203 ‚·
1531 2179 1577 2198 etc.
1658 2173 1740 2200 Noua
1759 2173 1816 2198 Sen.
1836 2172 1931 2199 oetan.
1944 2174 1969 2198 6.
2040 2170 2120 2198 Noui
2131 2170 2252 2204 coniugis
2264 2168 2327 2196 dom
2372 2192 2374 2196 .

1384 2284 1462 2313 atque
1476 2279 1561 2313 impos
1575 2278 1615 2303 sui
1629 2286 1720 2304 amore
1733 2286 1811 2304 caeco
1851 2278 1909 2304 Sen.
1925 2278 2016 2313 Agam.
2029 2286 2052 2310 3.

2197 2205 2313 2233 orbatus
2331 2214 2367 2234 cu

2202 2240 2304 2268 Perfida
2321 2249 2347 2267 c·
2413 2247 2417 2249 ·
2445 2250 2451 2275 s

2123 2276 2168 2304 Pia
2197 2276 2272 2304 Idem
2285 2277 2355 2306 Tr

1384 2314 1511 2341 Pristinus
1538 2313 1613 2347 Virg.
1627 2314 1691 2339 Aen.
1705 2315 1732 2345 6,
1744 2321 1804 2348 473.
1828 2316 1847 2340 i.
1862 2315 1937 2340 Prior
1947 2333 1955 2346 ,
1979 2313 2044 2349 quod
2055 2310 2156 2347 difficile
2167 2315 2311 2345 inuenitur,
2344 2312 2350 2318 “

1384 2350 1499 2376 Seruius.
1536 2349 1608 2376 Nam
1620 2349 1652 2375 de
1665 2348 1716 2375 hoc
1728 2350 1849 2376 sermone
1864 2349 1968 2384 quaerit
1987 2355 2013 2376 et
2026 2349 2143 2381 Probus,
2164 2354 2190 2375 et
2209 2348 2265 2375 alii.

1385 2385 1454 2410 Hor.
1470 2386 1559 2411 Carm.
1572 2393 1595 2417 3,
1610 2392 1633 2417 5,
1646 2392 1686 2417 25.
1742 2384 1879 2411 Rarissima
1897 2385 1959 2412 Stat.
1975 2385 2040 2411 Silu.
2054 2392 2077 2418 5,
2092 2393 2113 2417 ι,
2126 2393 2158 2411 ιι.
2215 2384 2314 2419 Regia,
2333 2385 2377 2415 R(
2420 2390 2425 2410 t
2440 2389 2442 2392 '

1387 2419 1462 2453 Virg.
1473 2420 1538 2445 Aen.
1555 2428 1582 2453 7,
1594 2422 1633 2451 56.
1707 2419 1813 2446 Rustica
1844 2420 1925 2446 Ouid.
1940 2420 2020 2454 Epist.
2035 2429 2054 2451 1,
2067 2427 2111 2454 77.
2181 2419 2288 2447 Sanetae
2309 2427 2341 2447 co
2376 2424 2383 2441 ἴ
2421 2419 2425 2450 ¹.
2440 2404 2442 2447 l

1385 2460 1461 2482 torus
1487 2454 1545 2480 Sen.
1575 2454 1680 2480 Troad.
1708 2457 1734 2481 6.
1803 2454 1926 2481 scelestus
1955 2453 2030 2481 Idem
2045 2454 2140 2482 oetan.
2160 2461 2182 2487 5.
2273 2455 2320 2482 Sui
2341 2455 2381 2482 co
2440 2474 2444 2485 .

1386 2491 1426 2526 gis
1440 2496 1548 2517 cruenta
1561 2488 1661 2516 vi&rix
1689 2489 1728 2515 Id.
1743 2490 1835 2523 Agam.
1851 2498 1914 2525 947.
1983 2490 2093 2517 Tenera
2120 2490 2189 2516 Hor.
2207 2491 2296 2518 Carm.
2317 2500 2338 2524 ι,
2353 2494 2379 2523 Ῑ,ῑ
2404 2485 2419 2507 ·⁴
2441 2515 2443 2518 .

1386 2527 1462 2561 Virg.
1476 2526 1529 2553 Ecl.
1550 2531 1573 2557 8,
1586 2526 1621 2551 66
1657 2524 1789 2559 Coniugis
1808 2531 1837 2551 vt
1850 2525 1959 2559 magicis
1973 2526 2046 2552 sanos
2059 2530 2178 2552 auertere
2191 2525 2268 2551 sacris
2302 2526 2368 2561 Exp·
2418 2533 2425 2550 »J
2440 2521 2443 2538 ἶ

2419 2483 2426 2503 »l

2417 2513 2425 2533 i

1388 2564 1483 2590 sensus.
1557 2561 1638 2587 Sanos
1657 2560 1745 2586 sensus
1766 2559 1872 2587 Seruius
1892 2563 1993 2595 exponit
2010 2561 2076 2588 Non
2092 2565 2224 2587 amantes:
2250 2559 2319 2588 vnde
2337 2570 2389 2588 con
2416 2554 2443 2591 *J*

1390 2599 1530 2631 Amantes,
1557 2597 1663 2623 Insanos
1676 2604 1812 2623 vocamus.
1882 2597 1979 2630 Captus
1994 2596 2047 2622 alia
2059 2596 2171 2630 coniuge
2203 2596 2284 2623 Ouid.
2298 2595 2375 2631 Epist.
2403 2624 2405 2627 ⁸
2420 2582 2442 2637 <l

1388 2634 1445 2662 bin.
1460 2643 1482 2666 2,
1497 2643 1519 2666 3.
1590 2632 1666 2666 Virg.
1679 2633 1744 2658 Aen.
1762 2640 1785 2664 3,
1804 2639 1847 2666 3ι7
1886 2632 1948 2658 Heu
1964 2632 2024 2667 quis
2042 2637 2068 2658 te
2088 2631 2159 2657 casus
2178 2631 2307 2658 deie&am
2319 2640 2350 2659 co
2372 2631 2402 2653 '-'
2416 2629 2442 2651 ’-”’

1389 2675 1464 2698 tanto
1500 2668 1621 2703 ExcipitZ
1643 2671 1661 2694 i.
1674 2670 1766 2697 marito
1773 2667 1919 2703 spoliatam.
1991 2667 2064 2694 Idem
2077 2667 2174 2701 Georg.
2188 2675 2214 2699 2,
2228 2669 2277 2699 326
2436 2655 2444 2677 ⁴

1505 2705 1584 2732 Tum
1597 2709 1670 2739 pater
1681 2704 1848 2737 omnipotens
1868 2702 2005 2730 foecundis
2023 2702 2156 2730 imbribus
2170 2701 2261 2730 aether
2353 2699 2370 2726 '.'.
2387 2699 2410 2718 ’Ὗ
2422 2707 2440 2737 f,
2456 2731 2457 2734 Ἴ

1507 2740 1637 2775 Coniugis
1651 2740 1679 2766 in
1692 2739 1824 2775 gremium
1843 2739 1926 2766 laetae
1939 2738 2087 2771 descendit,
2106 2744 2132 2764 et
2144 2746 2238 2764 omnes
2349 2766 2351 2768 ,
2428 2740 2452 2765 ,“

1505 2777 1617 2811 Magnus
1635 2775 1683 2803 alit
1703 2783 1800 2810 magno
1818 2774 1970 2801 commistus
1992 2783 2104 2809 corpore
2122 2774 2221 2800 foetus.
2334 2772 2351 2804 ,t
2387 2783 2395 2803 ,’
2430 2756 2459 2805 l?

1389 2813 1464 2841 Dicit
1476 2821 1560 2839 verno
1574 2818 1693 2847 tempore
1705 2811 1754 2838 effe
1767 2811 1886 2846 pluuias,
1909 2811 2007 2846 quibus
2026 2809 2202 2837 foecundatur
2219 2815 2291 2837 terra
2302 2806 2410 2840 ae‘..2‘†''”=²

1390 2850 1539 2880 nascuntur,
1551 2855 1581 2875 vt
1597 2851 1698 2884 exponit
1712 2846 1826 2874 Seruius.
1869 2848 1963 2883 Nempe
1977 2847 2070 2873 Coniux
2085 2847 2154 2872 Iouis
2166 2844 2199 2879 cst
2217 2845 2310 2873 Tellus.
2394 2842 2403 2851 '⁴
2437 2846 2441 2850 ”

1391 2885 1441 2912 sibi
1454 2885 1595 2919 coniugem
1609 2884 1725 2918 genitam
1737 2883 1826 2910 fratris
1856 2883 1944 2909 Seucc.
1958 2882 2017 2910 061.
2031 2891 2084 2917 141.
2157 2882 2251 2909 Amata
2277 2883 2328 2908 qu
2346 2874 2367 2916 ls
2380 2885 2385 2900 ἵ
2436 2872 2443 2908 l

1394 2929 1432 2954 10,
1445 2929 1502 2954 242.
1557 2921 1654 2947 Dotata
1672 2919 1753 2946 Ouid.
1766 2919 1841 2945 Rem.
1857 2919 1948 2946 Amor.
1962 2921 2017 2952 565.
2071 2918 2171 2944 Furens
2184 2917 2335 2952 festinaque
2354 2921 2365 2940 ἲ

1393 2957 1492 2991 Argon.
1505 2964 1527 2987 2,
1541 2964 1591 2989 ι9ι.
1662 2955 1750 2982 lnuisa
1770 2955 1828 2981 Sen.
1843 2954 1937 2981 OcStau.
1949 2963 2014 2990 470.
2083 2952 2256 2980 Praetendere
2273 2959 2325 2980 tae
2338 2972 2353 2975 η
2367 2964 2369 2966 ·

1392 2992 1462 3027 iugis
1471 3012 1480 3025 ,
1502 2994 1620 3019 Animum
1641 2991 1676 3018 ad
1687 2993 1826 3027 coniugium
1839 2991 1965 3025 applicare
1993 2989 2069 3025 Virg.
2082 2990 2147 3016 Aen.
2160 2997 2188 3023 4,
2201 2994 2251 3022 338.
2320 2987 2375 3022 Vh„

1392 3027 1474 3055 taedis
1490 3028 1588 3053 coniux
1600 3026 1674 3054 ardet
1698 3025 1841 3053 Seu.'Med.
1856 3031 1905 3058 581.
1940 3055 1941 3058 Ἰ
2119 3033 2131 3058 3
2169 3026 2276 3052 Coniux
2287 3033 2320 3053 an

1393 3064 1450 3099 gis,
1466 3063 1531 3090 vnde
1551 3062 1614 3090 illud
1631 3061 1800 3094 coriti-alsium,
1816 3064 1920 3098 proprie
1937 3059 2088 3087 acliefiiuum
2107 3070 2194 3088 nomen
2207 3060 2322 3093 videtur,
2349 3053 2380 3094 *⁷2
2398 3062 2400 3064 ’

1391 3106 1477 3135 eatque
1490 3099 1565 3125 eidem
1577 3102 1636 3135 iugo
1649 3098 1787 3135 alligatum.
1858 3097 1935 3132 Apul.
1951 3105 1967 3131 7
1979 3106 2003 3131 p.
2017 3102 2070 3130 189,
2083 3098 2101 3123 6
2129 3097 2174 3123 Me
2187 3105 2246 3123 cum
2258 3105 2320 3124 meo
2331 3095 2348 3122 i·
2356 3109 2367 3131 g

1392 3144 1453 3162 meo
1474 3134 1621 3161 ueveetore
1628 3134 1677 3160 illo
1685 3142 1755 3170 equo
1769 3132 1869 3159 saelum
1883 3133 2037 3163 conseruuni
2052 3138 2130 3167 atque
2144 3132 2294 3167 coniugem.
2346 3131 2375 3161 Γ

1392 3171 1459 3199 Mun
1479 3179 1496 3196 o
1510 3179 1534 3205 p.
1542 3178 1582 3203 59,
1597 3178 1627 3203 14
1645 3170 1842 3196 Elementorum
1856 3169 1927 3196 inter
1939 3170 1964 3195 se
1976 3169 2064 3195 mutui
2079 3177 2161 3194 nexus
2173 3168 2252 3195 arffls
2264 3165 2370 3195 affinit

1392 3206 1582 3241 implicantur,
1600 3211 1625 3232 et
1639 3205 1757 3241 quinque
1776 3204 1899 3239 coniuges
1914 3204 2023 3239 copulae
2037 3203 2079 3230 his
2099 3203 2236 3231 ordinatae
2252 3201 2377 3237 vicibuae

1393 3249 1499 3273 nentur,
1512 3248 1540 3268 vt
1553 3240 1712 3268 adhaereant
1723 3241 1804 3269 etiam
1816 3240 1986 3275 grauioribus
1999 3240 2111 3267 leuiora.
2165 3239 2271 3267 Colum.
2279 3247 2302 3273 5,
2315 3241 2342 3272 6,
2362 3250 2372 3270 ι,

1394 3284 1511 3305 teneram
1524 3277 1627 3304 vlinum
1646 3276 1830 3309 maritaueris,
1849 3284 1949 3303 nouam
1963 3275 2082 3303 sufferet:
2108 3274 2127 3302 fi
2145 3275 2274 3304 vetustam
2291 3274 2320 3302 <ri
2337 3286 2368 3306 ²„

1392 3313 1533 3349 plicueriS,
1549 3313 1690 3347 coniugem
1709 3311 1821 3339 necabit.
2185 3308 2189 3317 ¹
2340 3341 2345 3345 ·
2364 3309 2368 3333 ῗ

1431 3356 1525 3377 CONI
1535 3354 1617 3376 VNG
1627 3355 1661 3381 ο,
1680 3348 1766 3381 iunxi,
1785 3346 1916 3379 iunetum,
1935 3348 1990 3374 ere.
2032 3345 2210 3382 [συξεύγννμι,
2228 3345 2340 3374 συνάπτων
2354 3363 2363 3377 ,-

1395 3384 1467 3420 χόω]
1503 3385 1637 3420 copulare,
1655 3384 1690 3411 ad
1706 3383 1770 3410 idem
1780 3383 1872 3418 iugum
1890 3383 1937 3409 duo
1950 3389 1995 3408 aut
2009 3383 2087 3418 plura
2105 3382 2208 3419 alligare
2220 3383 2340 3410 animalia
2351 3401 2356 3412 .,

1395 3420 1503 3448 deinde=1
1530 3423 1571 3447 ius
1584 3420 1618 3446 ad
1631 3420 1722 3446 nullum
1734 3429 1782 3446 mm
1794 3419 1959 3457 copulatiovzir
1971 3424 1995 3444 et
2012 3420 2172 3445 connexionis
2187 3427 2265 3455 genus
2285 3423 2342 3481 exis
2350 3427 2354 3444 s

1396 3493 1506 3527 iungere
1520 3491 1602 3518 boues
1620 3490 1696 3518 feriis
1719 3491 1771 3517 icet
1795 3490 1862 3516 Cato
1884 3494 1932 3522 138.
2003 3488 2078 3524 Virg.
2091 3488 2144 3516 Ecl.
2161 3497 2187 3521 2,
2204 3497 2234 3521 32
2270 3489 2344 3516 Patr·

1397 3527 1519 3555 Calamos
1532 3535 1591 3554 cera
1603 3527 1764 3561 coniungere
1775 3525 1862 3560 plures
1898 3524 2024 3551 Instituit.
2094 3524 2170 3558 Virg.
2182 3526 2248 3551 Aen.
2261 3533 2281 3557 1,
2296 3528 2336 3558 518
2370 3549 2373 3550 γ
2400 3542 2415 3557 ,-

1396 3563 1511 3597 titiaque
1531 3569 1658 3597 metuque
1675 3560 1748 3588 auidi
1769 3561 1930 3595 coniungere
1948 3560 2058 3587 Dextrae
2086 3559 2239 3589 zArdebant.
2318 3563 2362 3586 'as
2398 3558 2409 3563 ”⁷
2432 3584 2441 3596 =.

1397 3599 1505 3626 dextrae
1523 3598 1604 3625 Ouid.
1620 3598 1686 3624 Met.
1699 3602 1723 3630 8,
1735 3605 1790 3630 421.
1845 3597 1939 3623 Manus
1952 3596 2064 3623 alicuius
2093 3594 2191 3621 Tibul.
2206 3603 2226 3627 1,
2240 3597 2267 3629 6,
2280 3597 2324 3629 6q.
2336 3612 2350 3622 η
2369 3596 2385 3604 ”
2405 3609 2410 3629 g
2432 3603 2442 3614 ’ν

1398 3633 1430 3662 de
1444 3634 1652 3661 Prouinc.Cons.
1665 3642 1682 3666 9
1699 3632 1801 3660 Galliae
1814 3630 1891 3664 duae,
1899 3640 1961 3667 quas
1973 3630 2024 3658 hoc
2037 3637 2156 3665 tempore
2168 3639 2223 3657 vno
2235 3627 2368 3666 imperio.
2407 3642 2410 3645 s
2432 3627 2433 3631 ¹

1397 3679 1455 3697 mus
1468 3669 1516 3696 effe
1529 3668 1692 3696 coniune‘tas.
1760 3667 1835 3702 Virg.
1851 3668 1915 3694 Aen.
1929 3674 1952 3700 5,
1965 3674 2012 3701 712
2043 3666 2122 3692 Hunc
2134 3674 2196 3700 cape
2209 3661 2329 3699 consiliis,
2394 3667 2413 3702 ’ᾗ

1398 3713 1426 3733 et
1436 3705 1567 3739 coniunge
1578 3704 1722 3732 volentem.
1777 3703 1833 3730 Cic.
1847 3711 1898 3737 pro
1910 3703 1985 3729 Rosc.
1999 3702 2076 3729 Com.
2091 3701 2121 3726 16
2145 3701 2250 3728 Socium
2261 3700 2324 3735 fall
2347 3710 2367 3725 a*
2388 3703 2403 3734 χ’

1827 3738 1902 3765 Idem
1910 3738 1986 3765 Fam.
1998 3744 2021 3770 5,
2034 3743 2052 3771 7
2072 3735 2142 3762 Illud
2160 3746 2214 3764 non
2233 3736 2327 3764 dubito
2361 3760 2371 3770 .-

1399 3777 1418 3804 fi
1432 3782 1458 3804 te
1475 3784 1542 3803 meat
1549 3784 1611 3811 erga
1629 3781 1654 3803 te
1672 3775 1757 3802 studia
1767 3782 1860 3809 parum
1879 3772 1950 3800 mihi
1966 3771 2150 3804 adiunxerim,
2174 3771 2287 3807 Respub.
2310 3771 2370 3804 155³?

1398 3821 1447 3839 nos
1459 3811 1656 3844 Conciliatura,
1676 3808 1901 3843 coniuneturaque
1914 3808 1953 3837 fit.
1966 3807 1974 3833 .'
2025 3807 2055 3833 Et
2067 3816 2116 3841 pro
2127 3807 2232 3835 Cluent.
2249 3808 2287 3841 46
2299 3832 2301 3834 .

1399 3848 1457 3875 vim
1475 3846 1570 3874 habeat
1588 3846 1621 3873 ad
1637 3844 1831 3880 coniungendas
1850 3841 1988 3871 Amicitias
2010 3841 2160 3869 studiorum
2177 3851 2207 3869 ac
2222 3842 2311 3876 natur„

1399 3883 1474 3910 tudo.
1510 3883 1594 3909 Amor
1606 3882 1716 3910 foedere
1727 3880 1865 3914 coniungit
1877 3882 1991 3905 amantes
2011 3878 2202 3914 Catul.Argon.
2210 3880 2250 3909 62,
2255 3884 2306 3911 335.
2319 3883 2341 3902 ’.υ
2362 3906 2363 3909 ¹

1399 3925 1436 3947 tes
1451 3917 1550 3947 diuisos
1569 3918 1687 3953 Propert.
1699 3924 1720 3950 1,
1733 3923 1772 3949 ιο,
1785 3923 1820 3948 ις.
1887 3914 1972 3941 Amor
1982 3913 2102 3950 princeps
2119 3912 2158 3940 est
2173 3912 2206 3941 ad
2219 3913 2324 3947 Beueuo
2339 3913 2380 3952 -r‘is

1928 3965 1931 3969 i
2343 3956 2355 3967 'l

2418 3507 2420 3509 ·
2409 3488 2413 3491 “
2404 3086 2433 3472 ·θ,ιμ’διν-μ·-Α<τψτμ;,
2412 2966 2427 3078 Φαι-ἏΔι
2414 2923 2416 2930 ““
2419 2874 2422 2877 -

2362 3978 2387 4005 Ἠ
