2474 4182
45 134 117 178 289
444 121 663 188 AMB

46 218 100 245 Cic.
113 216 140 243 in
153 216 224 242 Orat.
245 222 267 239 c.
282 219 313 245 50
339 211 459 238 Perfeflo
477 212 660 245 completoque
679 208 825 235 verborum
840 209 942 235 ambitu
962 208 1075 243 gaudent

46 261 117 280 aures
134 259 220 281 meae,
238 254 263 274 et
285 253 357 274 curta
376 248 504 280 sentiunt,
522 256 568 273 nec
588 251 674 272 amant
693 244 875 271 redundantia.
913 244 986 271 idem
1007 244 1073 271 ibid.

45 287 151 322 Arguti,
173 284 289 319 certique
313 290 338 310 et
361 283 550 318 circumscripti
571 281 716 308 verborum
740 280 853 306 ambitus
883 281 1073 307 conceduntur.

39 323 108 352 Add.
128 319 256 354 Quinctil.
277 328 309 351 9,
332 328 365 352 4,
385 328 426 345 22.
577 314 598 353 ff
618 324 630 348 3
659 315 798 348 Ambitus,
819 316 942 343 Affcftati
963 315 1072 342 honoris

40 353 153 388 lethum,
173 362 202 381 vt
222 365 232 381 c
252 356 325 381 resto
344 355 458 381 vidimus.
512 351 611 378 Effusae
629 351 744 378 ambitus
767 352 922 386 largitiones
942 353 1009 385 Nep.
1026 358 1072 382 ις,
1088 355 1103 380 ς

40 385 74 426 16,
92 401 115 419 2..
151 391 206 418 Cic.
222 390 253 417 de
266 392 341 417 Orat.
357 399 386 423 2,
403 398 443 422 105
468 389 498 414 Et
516 387 549 414 de
567 386 669 413 ambitu
687 396 748 413 raro
765 388 832 414 illud
847 388 938 414 datur:
959 394 986 413 vt
999 385 1072 420 pollis

40 427 222 456 liberalitatem
243 436 270 452 ac
286 426 470 460 benignitatem
489 423 522 449 ab
535 423 639 450 ambitu
666 431 743 458 atque
764 423 906 458 largitione
926 423 1070 456 seiungere.

59 500 109 525 itus
129 498 198 524 redit
219 498 359 524 immanis:
379 503 510 529 nunquam
525 494 578 520 fuit
595 504 649 529 par.
693 496 788 521 Lucan.
804 505 830 527 1,
851 503 896 529 179
921 493 1071 526 Letalisque

1532 121 1755 162 AMB
2099 138 2176 176 290

1130 209 1185 234 sum
1200 215 1284 240 nuper
1303 206 1413 232 audisset
1427 208 1550 241 Catulus,
1574 210 1677 237 Faenum
1697 211 1761 237 atior
1780 210 1863 237 aiebat
1882 208 1926 244 effi?
1944 216 2062 246 oportere.
2099 213 2178 241 Tum

1128 242 1248 274 Crassus,
1266 241 1422 280 Iocabatur,
1436 243 1540 277 iuquit,
1562 246 1686 278 Catulus,
1707 247 1859 281 praesertim
1881 256 1941 272 cum
1964 248 2000 273 ita
2016 247 2085 274 dicat
2107 249 2178 283 ipse,

1131 278 1297 317 vt'Ambrosia
1310 277 1410 303 alemius
1423 279 1472 303 esse
1486 280 1615 306 videatur.
1645 282 1781 309 Ambrosia
1794 282 1865 308 dulci
1877 282 1979 308 dulcius
1992 284 2079 309 Catul.
2089 293 2144 316 100,
2153 294 2177 311 2.

1130 315 1205 352 Virg3
1223 314 1287 339 Aen.
1308 321 1350 345 12,
1371 320 1419 346 419
1455 327 1499 332 ——
1536 315 1684 351 spargitque
1706 318 1816 344 salubris
1853 318 2006 345 Ambroliae
2026 320 2130 351 succos,
2152 325 2179 346 et

1128 349 1295 375 odoriferam
1309 357 1458 382 panaceam.
1498 350 1548 386 ῌισ
1562 360 1708 386 wigorniam
1725 364 1814 389 quoque
1827 356 1932 380 Deorum
1936 354 1977 388 Jic
1988 355 2109 389 appellari
2122 363 2179 389 pcr-

1129 385 1195 410 hibet
1208 384 1324 410 Seruius.
1355 386 1481 410 Nimirum
1488 386 1527 417 Jtc
1540 392 1612 410 etium
1627 388 1698 421 Virg.
1708 390 1739 414 G.
1753 401 1779 422 4,
1792 398 1835 423 415
1857 391 1930 416 Haec
1942 390 1988 422 ait,
2003 398 2027 416 et
2043 391 2179 425 liquidum

1129 419 1274 446 ambrosiae
1286 419 1411 445 diffundit
1425 419 1545 445 odorem.
1580 422 1645 446 ilinc
1659 424 1753 456 colligit
1763 425 1885 451 becardus
1894 426 2006 462 praefat.
2017 426 2051 453 ad
2059 426 2179 452 Lribnitii

1129 454 1260 481 collectan.
1275 457 1379 489 Etymol.
1401 464 1424 489 p.
1441 463 1457 489 7
1479 455 1605 481 Ambram
1622 456 1732 490 griseam
1752 463 1800 485 iam
1818 459 1890 494 Ut'tusi
1898 462 1985 493 [0111111-
2001 470 2084 489 notam
2098 460 2178 498 juill}

1130 493 1233 517 Homeri
1240 498 1328 517 aetate.
1349 491 1417 516 Adri.
1429 491 1539 526 Hafizeus
1549 492 1576 516 tlt?
1586 493 1698 518 Lemnio.
1710 503 1732 526 p.
1743 501 1777 525 19.
1805 493 1929 522 (farn-ruiti
1940 498 1956 523 l.
1969 507 1990 524 c.
2005 499 2112 534 Virgilii
2118 501 2179 523 Am-

55 534 152 560 mbims
172 534 248 566 ΠΜ,
284 535 374 560 Annua
394 530 478 557 venali
501 529 618 557 referens
638 531 782 558 certmnina
802 539 902 565 campo.
950 528 1071 555 Accusari
1086 532 1114 549 ¹0
1127 526 1207 560 brofla
1216 524 1780 562 vngi'tJiliumAristaeumCyrem·,vtvidcndi
1790 530 1915 558 Numinis
1924 533 2046 567 titcapax.
2063 533 2178 560 Seruius.

39 463 160 596 {inbutis
173 463 260 489 acrior
278 463 364 489 Tacit.
380 461 410 488 de
425 461 512 485 Germ.
526 467 566 493 37.
602 460 657 485 Cic.
673 461 711 492 Q
726 460 809 486 Fratr.
824 468 839 486 2
859 459 932 494 epist.
948 457 994 484 vlt.
1010 458 1071 483 Am-

40 569 152 602 ¹mbitus
168 571 223 596 Cic.
237 578 285 604 pro
302 566 368 595 Caes.
384 568 420 593 16.
464 566 590 592 Damnari
611 566 726 593 ambitus
747 567 783 593 ld.
799 567 830 593 de
845 566 913 592 Clar.
928 565 1001 591 Orat.
1018 569 1069 601 180.

39 605 172 651 Qiinciil.
190 614 229 638 ιι,
243 613 268 636 ι,
282 611 322 639 79.
359 601 488 628 Iudicium
503 602 616 629 ambitus
630 603 686 628 Cic.
700 612 748 637 pro
762 603 924 632 Cluent.114.
961 599 1070 633 (Qiine‘t.

63 662 71 672 ,
92 650 121 674 3,
143 646 180 673 56.
227 641 304 673 Leges
319 638 349 664 de
363 636 463 663 ambitu
473 639 558 672 plures
572 646 659 668 erant,
678 641 736 665 aliis
755 637 967 674 aliaeftueriores.
1004 645 1029 661 v.
1043 645 1070 671 g.

38 651 193 713 {alpia-nia,
211 673 325 705 Licinia,
353 672 380 699 dc
401 673 487 708 quibus
506 673 570 699 [Coi.
632 674 691 700 Vid.
710 675 771 700 Liu.
791 682 823 707 7,
844 680 868 704 15
906 674 936 697 it.
959 680 1011 705 40,
1033 679 1069 703 19.

42 712 59 749 q
82 722 99 746 4
131 711 262 741 Ambitus,
280 715 328 743 pro
347 710 516 743 Aucifflatione
539 713 654 745 gratioe,
681 717 704 736 ct
723 706 968 747 vitiosit'cmerendac
982 707 1071 742 jomus
1089 711 1114 737 15

54 747 185 783 lapiditate,
203 755 217 772 a
236 743 418 778 Quintiliano
436 747 554 779 ponitur,
576 756 610 779 4,
632 755 658 777 1,
679 751 704 776 18
734 744 774 772 Est
789 752 859 770 emm
878 751 1069 782 nonnunquam

48 784 125 810 nauis
145 781 271 808 iudicibus
291 779 333 806 hic
354 779 467 806 ambitus
489 780 611 808 aduersus
628 782 736 813 amicos,
752 785 796 806 aut
816 787 864 812 pro
881 777 938 810 his,
959 778 1067 813 quibus-

39 817 98 880 {rum
118 816 252 844 simultates
273 822 379 849 gerant,
401 816 595 850 pronunciandi
613 817 779 850 faciendique
798 814 909 846 iniuste,
931 823 962 840 ne
983 815 1069 840 fecisse

40 854 180 885 deleamur-
232 851 303 877 Idem
324 860 366 883 12,
387 859 420 886 7,
441 854 457 878 6
485 852 701 879 submonendum
720 860 783 878 vero
801 850 836 876 est
854 856 996 884 Vtrumque
1017 859 1069 876 3111-

41 924 79 955 vel
92 923 156 950 illud
169 923 247 949 etiam
261 922 400 949 iactantius
414 924 531 951 minores
545 925 636 959 vtique
650 929 739 950 contra
752 921 909 956 dignitatem
922 922 1070 948 attollendi.

40 959 144 994 Quintil.
157 967 183 991 3,
197 963 227 989 8,
240 966 271 991 45
292 959 348 985 Nec
364 961 435 986 enim
450 960 486 986 est
501 961 638 995 quisquam
658 965 710 985 tam
724 957 824 987 malus,
844 963 872 983 vt
886 957 969 983 malus
983 957 1071 984 videri

41 995 104 1022 velit.
139 1008 183 1013 —-
218 996 325 1027 Quanto
339 996 421 1029 magis
435 996 488 1028 eis,
505 997 601 1031 quibus
614 1003 674 1021 cura
688 994 772 1020 famae
787 993 856 1024 fuit,
877 993 1070 1019 ronseruandus

40 1026 69 1057 'est
81 1029 123 1056 hic
139 1029 180 1055 vcl
201 1030 331 1062 ambitus,
356 1032 639 1068 i.firm'milmnfamae.
789 1027 808 1065 q
830 1036 842 1061 3
869 1028 991 1054 Ambitus
1011 1032 1069 1054 item

40 1068 128 1092 maenis
147 1069 268 1091 contentio
284 1069 369 1093 nimia.
407 1068 464 1094 Sen.
479 1067 548 1094 Med.
563 1075 617 1099 400
636 1064 725 1099 Segnis
740 1064 784 1090 hic
798 1064 854 1090 abit
868 1064 923 1090 dies
939 1071 1012 1090 tanto
1026 1074 1068 1099 pe-
1079 1067 1110 1091 23

0 1127 3 1131 .
40 1098 94 1128 Yitus
110 1100 211 1127 ambitu
230 1108 303 1128 tanto
318 1102 400 1129 datus.
446 1103 533 1129 Tacit.
550 1101 616 1128 Hist.
632 1110 657 1133 ι,
679 1110 723 1133 19,
745 1108 757 1133 5
782 1100 892 1126 Ambitu
914 1100 1069 1127 remanendi

40 1143 75 1163 ·ut
87 1136 177 1169 eundi,
192 1143 219 1163 vt
233 1147 368 1173 quemque
386 1145 468 1165 metus
487 1138 528 1164 vel
548 1138 603 1172 spes
620 1137 770 1171 impulerat.
809 1135 879 1162 Flor.
896 1145 920 1168 1,
943 1139 970 1162 16
991 1137 1069 1162 Gem-

58 1172 95 1199 015
111 1178 137 1198 ct
156 1174 286 1207 argenteis
306 1175 386 1201 armis
405 1183 484 1209 vsque
502 1173 534 1200 ad
547 1173 680 1199 ambitum
695 1179 828 1199 ornatum.
865 1173 990 1206 Proprius
1010 1173 1069 1207 qui-

0 1225 2 1240 1
48 1217 88 1234 am
103 1207 268 1243 intelligendi
289 1209 402 1237 ambitus
416 1209 544 1243 Qiinc‘iil.
559 1218 601 1241 12,
618 1218 646 1235 10
666 1218 690 1243 p.
706 1210 775 1238 1086.
814 1209 898 1235 Burm-
919 1211 937 1234 i.
946 1209 1069 1244 Jct‘cnti'ae

69 1242 167 1270 efflatio.
206 1245 279 1281 Conf.
295 1246 372 1272 Prud.
387 1247 461 1272 Cath.
476 1255 518 1277 10,
535 1253 579 1279 47.
1079 1248 1110 1272 30

65 1285 120 1306 AM
130 1286 161 1306 111
172 1287 193 1306 Τ
206 1282 225 1306 xi
237 1287 281 1307 110
291 1301 298 1313 ‚
318 1282 377 1308 i'nis.
398 1281 417 1308 f.
449 1282 580 1308 Cli-cuitus.
612 1279 690 1314 Apul.
705 1279 733 1305 in
746 1279 847 1314 Asclep.
867 1288 891 1313 p.
906 1287 947 1312 95,
961 1281 993 1311 36
1006 1281 1068 1306 Elm.

0 1345 2 1349 y
40 1286 150 1371 l'empus
172 1325 217 1349 per
237 1317 344 1343 alterius
364 1317 556 1345 ambitudinent
572 1316 674 1343 reditus
694 1314 802 1341 definiri
824 1314 915 1349 potest.

0 1382 2 1385 y
41 1372 42 1375 ,
65 1358 118 1378 ΑΜ
131 1354 262 1385 1111011,
279 1353 341 1379 oris.
361 1362 395 1379 111.
432 1355 483 1389 Qu?
495 1353 580 1379 ambit.
616 1348 725 1378 Paullin.
734 1350 845 1387 Epist.13
858 1350 918 1376 [061.
928 1352 956 1376 16
977 1351 1067 1377 Aeter-

46 1395 74 1413 ae
87 1387 170 1413 laudis
184 1387 306 1414 ambitor.
343 1388 415 1425 Conf.
430 1388 565 1425 Lamprid.
581 1388 611 1414 in
625 1387 698 1414 Alex.
711 1392 750 1417 28.
775 1392 800 1413 et
812 1386 928 1413 Saluian.
946 1385 1017 1420 lib.5
1031 1387 1067 1413 de

56 1422 148 1450 ubern.
163 1433 186 1457 p.
201 1430 237 1454 118
259 1424 345 1450 Baluz.
1082 1428 1109 1454 35

66 1466 87 1485 A
95 1466 118 1485 M
128 1466 143 1485 B
154 1467 162 1485 1
174 1467 192 1485 ν
203 1468 210 1485 1
222 1467 240 1486 ν
249 1468 278 1492 s,
300 1462 393 1486 Nomen
404 1460 504 1486 Roman.
519 1466 548 1486 vt
559 1459 589 1485 L.
599 1457 741 1485 Ambiuius
752 1458 863 1493 Turpio
870 1455 943 1484 aflor
953 1460 1068 1490 comicus,

0 1515 2 1530 3
45 1497 71 1520 ui
86 1496 215 1530 plerusque
234 1497 397 1522 Terentianas-
410 1497 515 1531 subulas
532 1495 622 1522 docuit.
658 1495 776 1521 Meminit
793 1492 882 1522 111ιὲ1ον
902 1494 1011 1529 Dialogi
1035 1494 1068 1520 de

55 1537 114 1556 ratt.
135 1540 189 1565 cap.
208 1539 247 1557 20.
275 1538 300 1557 et
314 1531 479 1563 Symmachus
495 1531 572 1565 Epist.
586 1540 629 1562 10,
648 1539 671 1557 2.

21 1569 29 1573 “
65 1573 86 1592 Λ
96 1573 120 1592 Μ
129 1573 160 1593 Βι
172 1574 191 1591 v
201 1575 208 1592 1
220 1574 239 1592 v
250 1574 272 1592 M
283 1586 290 1598 ‚
318 1567 383 1592 Idem
396 1567 460 1601 quod
471 1567 577 1592 Biuium.
612 1567 698 1592 Varro
711 1565 779 1600 apud
792 1564 915 1591 Nonium
929 1567 955 1598 6,
969 1572 995 1598 15
1015 1565 1068 1592 Hic

71 1601 189 1628 ambiuio
203 1610 295 1627 nauem
308 1601 502 1627 conscendimus
517 1601 665 1636 palustrem.
1072 1611 1109 1635 40

64 1642 186 1667 ΑΜΒΟ,
205 1645 250 1667 ae,
268 1645 293 1662 ο.
315 1635 431 1671 [οἵαφω]
470 1638 564 1663 Nomen
583 1636 734 1664 collefliuum
757 1636 867 1663 duorum.
905 1636 961 1663 Cic.
977 1635 1009 1662 de
1021 1636 1068 1662 Di-

7 1677 9 1679 ·
43 1670 79 1696 in.
96 1679 120 1702 1,
134 1678 168 1705 70
194 1672 317 1704 Quorum
337 1671 478 1698 amborum
495 1682 622 1707 generum
640 1682 693 1699 vna
707 1672 776 1699 ratio
793 1673 837 1699 cst.
875 1672 918 1699 Fit
936 1682 950 1699 a
965 1673 1068 1698 Graeco

44 1711 116 1740 αφω,
136 1712 163 1732 ut
182 1710 219 1732 ait
237 1707 333 1733 Festus.
384 1709 452 1735 Ter.
463 1710 528 1743 prol.
538 1709 620 1735 Andr.
638 1718 666 1735 10
686 1709 743 1742 Qu
757 1708 886 1735 vti-amuis
900 1708 972 1735 reEke
985 1709 1069 1741 norit,

24 1743 27 1745 “
59 1742 110 1780 ⁴bas
123 1742 236 1768 nouerit.
292 1742 380 1770 Ambo
393 1746 528 1771 accusandi
542 1745 601 1771 estis
613 1746 680 1771 Ter.
697 1747 792 1771 Heaut.
810 1753 835 1777 1,
852 1753 877 1776 1,
892 1747 936 1779 67.
980 1744 1068 1770 Ambo

14 1795 18 1802 .
58 1782 78 1802 it
97 1777 224 1812 Sosipater
245 1778 292 1805 lib.
310 1788 318 1805 1
339 1789 362 1814 p.
377 1787 438 1812 49.)
458 1789 511 1806 non
531 1781 566 1807 est
587 1780 743 1813 dicendum,
770 1780 818 1806 nili
839 1780 871 1807 de
894 1781 936 1813 iis,
953 1781 999 1815 qui
1014 1789 1068 1806 vno
1077 1785 1110 1811 45

19 1816 24 1818 “
49 1820 140 1847 mpore
161 1813 224 1848 quid
245 1815 367 1841 faciunt:
392 1822 420 1841 vt
439 1825 518 1850 puta,
539 1817 657 1843 Eteocles
679 1823 704 1843 et
724 1817 860 1849 Polynices
880 1817 961 1843 ambo
983 1817 1068 1851 perie-

36 1854 104 1874 *mtz
130 1849 199 1884 quasi
221 1849 306 1883 dicas,
328 1852 393 1877 Vna.
438 1852 567 1879 Romulus
587 1860 675 1879 autem
697 1859 722 1878 et
743 1853 884 1879 Africanus
904 1861 959 1878 non
980 1852 1068 1878 Ambo

48 1883 251 1918 iumphauerunt
264 1907 272 1918 ,
300 1886 343 1913 sed
364 1888 499 1923 Vterque,
527 1888 598 1923 quasi
620 1889 734 1915 Diuerso
758 1894 887 1922 tempore.
961 1888 1018 1914 Cic.
1040 1888 1069 1914 in

47 1926 94 1946 rat.
117 1929 144 1946 ιι
176 1922 283 1948 Vicinus
303 1922 459 1956 amborum,
487 1925 516 1950 in
536 1931 633 1950 neutro
654 1923 798 1955 excellens,
828 1923 967 1956 Vtriusque
988 1923 1069 1956 parti-

51 1965 94 1990 ps,
120 1955 161 1982 vel
182 1957 318 1992 Vtriusque
339 1959 374 1990 (fi
393 1968 487 1985 verum
504 1960 676 1994 quaerimus)
697 1958 787 1992 potius
805 1966 908 1992 expers.
953 1957 1068 1983 Terent.
1079 1962 1110 1987 50

60 2001 85 2017 n.
100 2000 133 2024 4,
153 2004 186 2026 4,
205 2002 230 2025 33
258 1995 316 2020 Vna
335 1993 415 2020 ambo
435 1993 558 2020 abierunt
577 1995 657 2020 foras.
702 1994 759 2019 Vna
780 1993 846 2019 salus
867 1992 998 2019 ambobus
1016 1993 1068 2019 erit

46 2027 116 2062 irgil.
131 2027 195 2054 Aen.
210 2037 241 2061 2,
255 2036 321 2063 710..
370 2029 474 2061 Ambo,
495 2034 570 2055 etiam
588 2032 617 2055 in
629 2029 718 2064 Aecus.
734 2030 801 2055 Hor.
817 2029 900 2055 Semi.
922 2037 953 2060 2,
976 2037 1003 2060 3,
1025 2034 1067 2057 180

53 2069 154 2090 aeterea
177 2072 210 2090 ne
223 2073 282 2093 ,vos
302 2065 394 2091 titillet
412 2065 515 2099 gloria,
537 2065 596 2093 iure
650 2064 766 2091 Iurando
787 2063 950 2096 obstringam
978 2062 1066 2088 ambo.

49 2104 101 2125 aut.
114 2098 182 2125 Rud.
196 2107 225 2132 3,
241 2107 269 2132 3,
283 2107 301 2134 7
326 2100 392 2126 Iube
407 2101 469 2127 dum
483 2100 605 2127 recedere
618 2100 680 2125 istos
696 2099 775 2124 ambo
789 2098 852 2123 illuc
865 2097 955 2123 modo.
976 2099 1066 2135 ¹(Luos

43 2133 128 2160 niden:
143 2143 192 2169 ego
206 2135 285 2161 ambo
298 2136 375 2161 vnice
393 2136 478 2169 diligo
497 2136 552 2161 Cic.
565 2136 637 2160 Fam.
653 2142 680 2165 5,
700 2139 722 2162 8.
761 2133 846 2157 Hosce
861 2131 940 2157 ambo
963 2131 1014 2157 tibi
1032 2131 1066 2157 fic
1080 2132 1108 2158 55

9 2171 22 2198 ’1
44 2169 177 2196 ›mmendo
196 2170 234 2196 Id.
250 2179 283 2203 9,
302 2179 334 2202 13.
378 2171 451 2202 Conf.
467 2170 573 2203 Sofipar.
594 2168 696 2195 Charis.
714 2176 724 2193 ι
749 2176 773 2201 p.
789 2176 834 2200 49.
878 2166 1065 2194 Drakenborch.

11 2197 22 2237 ’ς
44 2205 53 2231 l
70 2205 114 2232 Sil.
129 2212 167 2239 17,
182 2213 243 2239 427.
279 2205 348 2231 Add.
363 2208 390 2230 in
404 2200 464 2230 Duo
483 2204 595 2230 dicenda.
637 2203 714 2229 Verbo
733 2200 767 2236 est
786 2212 801 2228 a
822 2204 939 2235 Graecis,
963 2213 1065 2239 quorum

8 2239 21 2270 11
45 2241 181 2277 ccusatiuus
199 2241 290 2266 Dualis
308 2247 331 2266 et
352 2240 403 2275 ipsi
426 2243 453 2265 in
475 2241 499 2266 O
517 2242 578 2266 exit.
642 2238 731 2265 Ambo
753 2239 804 2265 iter
823 2244 952 2273 peragunt
970 2240 1065 2266 Horat.

8 2275 25 2300 ζ’
45 2284 102 2303 erm.
116 2285 146 2308 2,
164 2277 196 2308 6,
215 2284 256 2308 99.
314 2275 402 2302 Ambo
421 2276 595 2302 conuenimus
615 2274 713 2309 Virgil.
726 2274 777 2300 Ecl.
794 2282 822 2307 5,
839 2283 858 2300 1.
915 2275 1004 2301 Ambo
1018 2276 1065 2301 flo-

44 2318 106 2338 1111011
121 2311 247 2338 aetatibus
267 2310 341 2338 Idem
355 2311 408 2338 Ecl.
423 2319 454 2346 7,
476 2321 503 2344 4.
562 2310 662 2338 Ambae
681 2319 732 2337 vna
746 2311 869 2337 feruntur
882 2310 980 2337 iuuetis
992 2308 1106 2337 fron-60

46 2347 94 2373 bus
110 2347 184 2381 Virg.
197 2347 262 2373 Aen.
276 2355 305 2380 5,
316 2353 358 2380 ,158
377 2347 408 2373 de
421 2348 555 2374 Centauro
576 2354 601 2373 ct
617 2346 695 2373 Pristi
711 2346 824 2373 nauibus
844 2346 965 2381 loquens.
1003 2347 1065 2373 Am-

45 2391 72 2408 as
82 2381 174 2408 buccas
186 2382 267 2408 iratus
279 2383 352 2409 inflat
366 2383 465 2417 Iupiter
478 2385 572 2410 Horat.
587 2384 668 2410 501111.
684 2391 710 2415 1,
725 2392 751 2415 1,
764 2391 800 2409 21.
855 2382 954 2409 Ambas
968 2383 1065 2417 palmas

44 2417 59 2444 d
72 2417 170 2444 caelum
184 2417 267 2444 tendit
280 2418 353 2453 Virg.
366 2420 429 2446 Aen.
443 2428 471 2446 10
480 2440 488 2452 ,
504 2422 562 2453 596.
599 2420 647 2445 Per
660 2418 754 2455 ellipsin
769 2419 851 2444 Plaut.
864 2418 942 2444 Most.
956 2427 982 2450 2,
996 2427 1022 2451 2,
1036 2427 1066 2451 23

47 2452 153 2480 ultando
165 2453 273 2488 pedibus
289 2458 372 2488 paene*
381 2456 501 2490 confregi
515 2456 589 2482 hasce
601 2454 698 2481 ambas.
735 2456 850 2490 Apparet
864 2454 973 2491 intelligi
985 2454 1065 2480 fores.

62 2495 253 2516 AMBONES.
285 2490 350 2524 [Gr.
358 2489 506 2526 Ἄμβωγες]
549 2490 608 2517 Vid.
631 2497 756 2522 VMBO,
777 2500 806 2516 ex
821 2491 950 2516 Varrone.
1077 2487 1109 2518 65

60 2530 276 2552 AMBRACIA.
316 2525 511 2562 [Ἀμὲῗρακία]
563 2526 664 2554 Nobilis
684 2529 776 2552 ciuitas
800 2526 963 2561 Thesprotiae
984 2527 1066 2560 Epiri.

44 2559 102 2586 ticli.
115 2568 144 2594 3,
159 2569 190 2593 2,
203 2569 230 2594 35
251 2561 392 2589 Ambracia
404 2564 516 2590 veniunt
529 2563 581 2590 huc
593 2563 674 2597 legati
687 2562 801 2597 publice.
840 2563 913 2587 Hanc
928 2560 974 2587 diu
992 2568 1067 2597 oppu-

43 2603 124 2622 uaeam
139 2595 259 2623 deditione
277 2601 370 2633 accepit
383 2600 422 2626 M.
440 2600 540 2626 Fuluius
553 2599 613 2625 Liu.
626 2604 668 2631 38,
683 2607 695 2630 3
718 2598 774 2632 sqq.

61 2637 168 2658 ΑΜΒΚ
178 2638 304 2660 Acws.
340 2633 402 2660 Adi.
437 2633 630 2669 [Ἀμέῖμέκως]
674 2636 819 2669 Patronym.
865 2632 981 2660 Frondes
1004 2632 1068 2659 Stat.

12 2695 15 2698 Α
43 2666 87 2692 ilu.
102 2675 133 2699 z,
147 2675 180 2700 2,
193 2672 215 2697 8.
240 2669 258 2693 i.
271 2667 327 2694 ludi
337 2667 458 2701 Astiaci,
478 2669 543 2705 quod
561 2669 645 2696 docuit
661 2670 771 2696 Turneb.
788 2678 819 2701 11,
834 2676 865 2702 15.
903 2669 958 2695 Ora
971 2669 1110 2697 Lucan.70

44 2723 52 2735 ,
71 2704 128 2735 652.
179 2703 275 2729 Pontus
293 2704 355 2730 Stat.
370 2703 461 2731 Theb.
476 2714 509 2738 4,
523 2710 577 2738 803.
614 2705 681 2731 Idem
702 2708 744 2741 qui
763 2707 828 2732 altas
848 2704 986 2740 appellatur
1006 2705 1068 2731 Am-

53 2738 126 2778 acius
144 2737 212 2764 finus
234 2739 293 2766 Liu.
312 2748 360 2772 32,
384 2749 422 2774 ¹4·
465 2742 529 2775 Qo
551 2741 636 2767 mersa
657 2740 693 2767 est
715 2741 879 2773 Acarnania,
908 2746 937 2766 vt
962 2738 1068 2773 testatur

50 2782 86 2800 in.
105 2782 137 2806 2,
157 2781 200 2807 90.

58 2815 383 2844 AMRRACOENSES,
411 2817 772 2846 et·AMBRAC10TAE‚
814 2811 885 2838 vrbis
910 2810 1065 2839 Ambraciae

12 2846 17 2866 Τ
47 2853 89 2872 ues
107 2851 131 2872 et
149 2847 250 2872 incolae.
286 2846 347 2874 Liu.
360 2852 403 2880 38,
422 2856 446 2881 9.
467 2851 499 2874 it.
517 2857 539 2874 c.
556 2856 597 2882 43.
611 2856 658 2882 44.
695 2848 891 2875 Ambraciotam
911 2848 1067 2875 Cleombro—
1078 2855 1110 2884 73

12 2884 20 2910 t
49 2889 79 2917 111
91 2880 177 2908 laudat
188 2881 244 2908 Cic.
259 2882 340 2909 Tusc.
354 2892 378 2916 1,
392 2888 425 2917 84
444 2894 465 2910 c.
479 2892 519 2917 34.
555 2884 734 2919 Apollodorus
750 2884 869 2912 Medicus
887 2884 917 2910 in
929 2884 1067 2911 volumine

14 2921 19 2945 1
59 2925 77 2944 o
96 2916 174 2944 suasit
191 2917 341 2947 Ptolemaeo
353 2919 421 2954 regi,
437 2929 505 2955 quae
520 2920 583 2946 vina
598 2919 719 2953 biberet,
738 2920 857 2947 laudauit
891 2933 936 2940 -
971 2921 1067 2948 Leuca-

0 2958 17 2982 21
52 2961 115 2987 mn,
131 2952 323 2981 Ambrociotcn
343 2961 369 2981 et
404 2970 449 2975 -—
483 2955 668 2990 Peparethium
687 2957 817 2989 Plin.14,
839 2963 856 2990 7
878 2961 941 2983 extr.

0 2991 2 3006 ἰ
58 2994 367 3023 AMBRAcio'rAE,
396 2991 795 3020 vid.AMBRAC1ENsEs.
1010 3014 1013 3015 γ

58 3022 278 3057 AMBRi‘CES,
303 3026 441 3061 Tegulae,
461 3037 529 3062 quae
541 3029 718 3061 transuersae,
738 3026 862 3055 asseribus
880 3032 907 3053 et
920 3027 1013 3062 tegulis
1027 3027 1066 3054 in·
1077 3031 1108 3057 80

0 3076 1 3079 =
50 3065 208 3093 rponuntur.
245 3060 342 3089 Festus.
394 3064 532 3090 mamebus
558 3071 581 3090 et
602 3064 719 3101 Gothofr.
740 3063 852 3098 Regulas
877 3072 926 3089 non
945 3064 1066 3099 Tegulas

0 3100 2 3115 ⁵
13 3110 16 3114 ›
48 3100 130 3129 gunt,
141 3094 170 3120 id
181 3094 244 3130 quod
249 3096 336 3132 sensus
349 3098 399 3133 ipſs
411 3098 539 3126 declarat.-
554 3099 603 3136 fid
613 3107 638 3126 et
653 3101 803 3127 Francorum
818 3100 918 3134 lingua,
933 3109 991 3136 quae
1003 3103 1067 3127 arti-

51 3132 75 3157 10
90 3129 176 3156 addito
188 3130 391 3168 tabellas,quibus
402 3135 530 3161 lacunaria
543 3143 676 3169 texuntur,
689 3143 733 3162 aut
745 3135 815 3162 aeda
828 3134 979 3162 obducuntur
990 3137 1065 3163 Lam-

56 3166 110 3193 ices
123 3172 210 3192 vocat:
231 3167 295 3202 quod
305 3177 357 3194 cum
364 3169 416 3205 fit,
436 3171 506 3197 aedes
519 3171 700 3203 Lambricari,
713 3179 762 3207 pro
775 3169 927 3197 Ambricari
945 3171 1017 3199 dicit.

60 3209 118 3229 AM
128 3207 144 3228 Β
153 3208 200 3242 ico
211 3209 231 3228 N
240 3210 256 3228 r.
266 3209 279 3229 s
288 3221 295 3233 ‚
314 3203 422 3232 fuerunt
435 3206 506 3233 Gens
519 3207 647 3242 quaedam
661 3208 779 3239 Gallica,
796 3207 843 3241 qui
857 3206 941 3234 subita
957 3208 1067 3235 inunda-
1080 3213 1108 3241 85

47 3245 100 3264 one
111 3246 201 3270 maris,
216 3247 300 3272 quum
315 3239 450 3268 amisissent
461 3242 531 3269 sedes
549 3244 620 3276 suas,
640 3244 741 3279 rapinis
761 3248 786 3268 et
807 3242 1021 3276 praedationibus
1041 3246 1066 3271 se

55 3281 136 3314 osque
148 3273 218 3300 alere
231 3281 383 3308 coeperunt.
433 3277 498 3310 Eos,
516 3285 542 3305 et
553 3278 695 3312 Cimbros,
709 3280 906 3313 Teutonosque
920 3280 950 3306 C.
965 3281 1066 3307 Marius

36 3335 38 3341 ,
58 3308 132 3336 leutt.
169 3309 206 3336 Ex
221 3318 275 3344 quo
289 3310 402 3337 1136111111
413 3311 495 3344 est‚vt
508 3315 591 3349 turpis
609 3316 681 3342 vitae
695 3315 816 3341 homines
831 3314 977 3342 Ambrones
998 3316 1066 3342 dice-

55 3349 123 3372 ntur.
159 3344 256 3372 Festus.
302 3348 343 3372 Ita
357 3345 470 3374 Isidorus
488 3348 516 3375 in
532 3350 610 3384 Glosl‘.
625 3351 742 3383 Ambro,
762 3351 928 3383 Deuorator‚
948 3353 1065 3379 consum-

113 3380 320 3422 trimoniofum,
337 3382 480 3416 (10106101,
497 3384 661 3419 luxuriosus,
681 3387 810 3421 profusus.
1072 3393 1108 3417 90

62 3418 89 3443 A.
126 3421 248 3444 8RON1
262 3424 352 3451 NVS,
378 3427 408 3451 a,
436 3427 490 3446 um.
528 3420 587 3449 Adi.
624 3422 733 3449 Auster.
772 3423 858 3448 Anon.
876 3421 945 3456 apud
960 3422 1064 3450 Cathol.

17 3466 61 3493 ‘fr
84 3455 85 3458 ’
115 3450 165 3479 bes
177 3454 344 3480 turconinam
365 3453 473 3481 buccam
491 3460 518 3482 et
537 3455 693 3485 ambronina
709 3458 788 3485 labia.

51 3494 60 3510 ⁴.
84 3491 299 3530 ἨΒΚ-05111,-
315 3489 480 3525 [οἷμέῗροσία]
518 3492 616 3525 Herba,
636 3493 665 3520 de
685 3503 732 3529 qua
752 3494 818 3520 Plin.
834 3500 877 3527 27,
892 3502 910 3527 4
930 3492 948 3520 s.
963 3502 985 3522 11
1004 3495 1066 3522 Am-

50 3519 187 3560 roflavagt
196 3525 314 3552 nominis
327 3525 378 3557 est,
399 3533 424 3552 et
446 3528 515 3553 circa
529 3527 593 3554 alias
604 3528 698 3555 herbas
717 3529 847 3556 fluctuati.
885 3530 970 3556 Vnam
987 3529 1066 3558 habet

48 3561 142 3595 eruar,
165 3558 284 3599 densam,
304 3562 453 3596 ramosam,
474 3570 595 3596 tenuem,
617 3564 701 3591 trium
719 3565 777 3592 fere
801 3565 967 3600 palmorum,
987 3568 1064 3594 tertia
1076 3574 1108 3600 95

52 3592 206 3624 Uttwdxce
217 3594 360 3630 breuiore,
381 3598 456 3625 foliis
475 3605 550 3626 rutae
570 3599 640 3626 circa
659 3600 744 3627 imum
761 3601 870 3627 caulem·
908 3600 937 3627 In
956 3603 1065 3630 ramulis

47 3626 167 3666 flssm'ffl
178 3630 236 3663 vltis
249 3631 473 3668 dependentibus,
491 3635 575 3662 odore
594 3635 706 3668 vinoso,
728 3644 779 3670 qua
800 3636 832 3662 de
851 3636 926 3663 eausa
938 3637 1029 3672 Botrys
1051 3648 1066 3667 a

54 3659 187 3703 *uhtu-flam
203 3673 324 3702 vocatur,
343 3670 376 3697 ab
393 3671 454 3697 aliis
467 3670 617 3698 Artemisia.
653 3672 822 3698 Coronantur
845 3680 876 3698 ea
894 3672 1066 3708 Cappadoces.

55 3696 100 3737 ‚sm
111 3705 171 3736 eim,
178 3698 212 3726 δᾶ
223 3709 268 3735 ea,
287 3713 353 3740 quae
366 3705 462 3734 discuti
476 3716 542 3742 opus
557 3706 595 3733 sit.
751 3704 773 3745 ff
796 3716 809 3733 2
833 3708 918 3734 Poetis
930 3709 1066 3738 Ambrosia

45 3765 133 3801 390751,
151 3772 276 3811 Mulli-r,
295 3777 435 3813 interposito
453 3791 490 3812 μ,
516 3781 662 3806 vocalitatis
681 3781 786 3815 gratia:
815 3780 854 3805 vel
870 3777 935 3815 quod
951 3784 1067 3810 mortales

46 3813 83 3829 am
102 3805 250 3833 non-edam:
268 3811 310 3846 vel
340 3813 395 3846 uod,
407 3816 448 3850 qui
466 3824 518 3841 eam
538 3815 650 3848 ederint,
670 3816 821 3841 immortales
837 3814 951 3842 enudant.
984 3818 1066 3845 Ouid.

49 3847 64 3864 x
78 3839 160 3867 Ponto
174 3848 200 3874 1,
215 3850 257 3876 10,
274 3852 296 3872 11
349 3848 419 3877 06131-
437 3856 463 3877 et
482 3850 658 3883 ambrosiam,
677 3850 766 3877 latices
786 3850 926 3886 epulasque
945 3851 1064 3882 deorum.

46 3873 96 3901 ›Jon
115 3875 243 3904 ambrosia
260 3885 304 3908 aut
319 3883 425 3913 11061310
440 3886 511 3913 Deos
532 3886 626 3913 laetari
643 3886 762 3915 arbitror
782 3887 837 3914 Cic.
854 3887 937 3914 Tusc.
955 3897 965 3915 ι
984 3898 1006 3916 c.
1022 3894 1063 3918 26.

46 3909 309 3978 *mbmffoil-eflfflfffs
319 3921 472 3955 prouerbiale
493 3922 550 3951 Cic.
561 3922 597 3950 de
609 3922 684 3951 Orat.
697 3931 731 3956 2,
750 3932 800 3957 234
820 3932 841 3949 c.
857 3930 889 3958 57
908 3924 976 3952 Cum
991 3926 1111 3960 Cras-105

1116 3281 1218 3317 fizepius
1227 3279 1336 3316 poſji‘ffio
1348 3286 1444 3306 mutata
1457 3277 1490 3312 est
1497 3299 1506 3312 ‚
1527 3286 1550 3305 et
1562 3279 1592 3305 ab
1605 3288 1654 3305 vno
1666 3277 1701 3304 od
1711 3280 1814 3305 alterum
1826 3281 1953 3306 translata
1967 3291 1974 3305 :
2011 3291 2059 3317 qua
2073 3281 2099 3316 fi

1129 560 1149 599 ¹]
1170 571 1182 594 3
1204 562 1341 588 Ambrosia
1363 561 1529 588 Antidotum.
1566 563 1632 589 Cels.
1653 572 1675 595 5,
1686 572 1724 595 23,
1739 572 1754 589 2
1781 565 1899 592 Alterum
1915 569 2086 601 Antidotum,
2105 568 2178 604 quod

1128 600 1245 632 Zopyrus
1266 598 1323 632 regi
1346 599 1496 624 Ptolemaeo
1517 597 1616 624 dicitur
1637 600 1809 633 composuiffe
1821 607 1899 635 atquc
1913 604 2076 630 Ambrosiam
2092 604 2179 631 nomi-

1129 635 1212 666 nasse,
1231 642 1262 659 ex
1277 633 1317 659 his
1331 634 1429 659 constat
1445 640 1490 659 cte.
1536 635 1589 664 sic,
1611 641 1638 660 vt
1655 636 1759 661 Graecos
1775 642 1912 669 taceamus,
1933 640 2049 666 Marcell.
2070 640 2102 667 de
2124 642 2179 666 Me-

1128 670 1179 696 dic.
1194 678 1223 701 23
1238 676 1354 695 memorat
1372 669 1596 695 Medicamentum
1612 670 1683 696 1111111
1696 671 1865 705 l’risci‚quod
1880 674 2024 706 appellatur
2032 676 2178 702 Ambrosia.

1164 713 1187 732 A
1195 712 1220 731 M
1232 712 1248 731 Β
1256 712 1273 731 R
1283 712 1301 731 O
1312 712 1324 731 S
1334 712 1343 731 1
1354 712 1374 731 V
1383 712 1395 731 S
1405 725 1413 737 ,
1432 705 1492 731 Adi.
1515 705 1686 740 [οἶμβρόσιος]
1725 708 1854 741 Epitheton
1868 717 1948 734 rerum
1957 729 1964 740 ,
1985 720 2045 745 quus
2056 712 2083 737 ob
2091 711 2179 745 singu-

1129 743 1205 768 larem
1225 741 1379 776 Jiuzuitotem
1402 742 1462 766 Diis
1484 747 1507 766 et
1531 742 1636 767 Deorum
1650 743 1728 776 epulis
1740 743 1830 778 dignas
1843 741 1966 775 ostendere
1979 748 2063 771 uolunt
2076 742 2178 774 Po'efae.

1129 777 1247 804 Martial.
1262 787 1294 810 4,
1316 781 1329 806 8
1357 776 1507 811 Temperat
1529 776 1671 803 ambrosias
1693 787 1775 811 quum
1795 784 1839 804 tua
1859 787 1922 805 cura
1945 779 2036 814 dapes,
2057 781 2179 809 decorius

1128 815 1285 843 Domitiani,
1302 814 1350 838 Dei
1362 820 1390 838 vt
1406 813 1503 838 volebat
1518 813 1607 838 uideri}
1683 815 1756 847 Virg.
1766 816 1829 840 Aen.
1846 822 1855 840 1
1866 834 1874 846 ,
1894 824 1943 849 403
1973 816 2179 852 Ambrosiaeque

1129 858 1228 875 comae.
1271 848 1320 874 Vbi
1337 848 1409 874 Seru.
1439 848 1593 874 ambrosiae
1609 857 1716 881 comae,
1737 857 1781 875 aut
1795 850 1906 876 deorum
1921 858 2056 885 unguento
2070 852 2180 886 oblitae,

37 887 105 927 bitus
117 896 209 922 genus,
227 887 269 913 vel
285 887 435 921 potentibus
455 897 547 915 contra
562 888 673 915 humiles
688 885 840 914 venditandi
861 895 969 920 operam
981 887 1070 918 suam,
1080 892 1114 910 20
1128 886 1151 911 h.
1166 895 1183 910 c.
1202 883 1340 910 Ambrosia
1356 895 1360 909 :
1397 890 1441 910 aut
1455 890 1525 911 certe
1540 883 1646 910 abusiue
1654 884 1739 917 dixit,
1762 886 1878 912 Diuinae
1893 896 1991 913 comae.
2030 888 2114 913 Color
2127 898 2179 914 am-

1127 920 1229 947 brofius
1250 920 1328 954 Apul.
1345 921 1409 946 Met.
1426 928 1453 946 10
1466 930 1491 955 p.
1506 928 1561 953 254.
1600 921 1704 954 Corpus
1726 926 1738 950 8
1760 931 1782 955 p.
1800 930 1856 953 205.
1894 923 1972 948 Pedes
1992 932 2013 949 11
2029 933 2052 957 p.
2066 929 2112 955 258
2131 931 2181 959 pro

1122 957 1252 991 pulchris,
1271 958 1354 991 quales
1368 957 1535 992 corumjunt,
1553 958 1742 992 ‹luipo-liuntur
1756 958 1839 983 ambro
1852 956 1882 983 in.
1921 959 1965 984 Ad
1976 965 2077 985 colorem
2092 969 2182 995 quoque

1126 992 1208 1028 rrfsrt
1227 992 1334 1025 Capella
1349 992 1366 1017 l.
1382 1001 1397 1018 2
1412 1001 1435 1026 p.
1450 997 1481 1022 28
1500 992 1670 1018 Ambrosium
1687 1001 1810 1026 promens
1830 1002 1926 1019 aurora
1941 994 2078 1028 pudorem.
2136 995 2180 1021 Li-

1127 1037 1211 1062 quore
1225 1027 1358 1053 ambrosio
1374 1027 1493 1054 membra
1506 1028 1604 1062 spargit
1623 1030 1708 1054 Diana
1724 1030 1944 1064 Parthenopaeum,
1957 1039 1990 1055 ne
2004 1040 2057 1064 quo
2072 1038 2181 1057 temere-

1126 1070 1169 1089 tur
1185 1063 1295 1089 vulnere
1309 1072 1413 1097 corpus.
1433 1064 1496 1090 Stat.
1512 1063 1604 1090 Theb.
1621 1073 1652 1095 9,
1667 1071 1709 1098 731
1746 1064 1808 1090 Sinu
1825 1064 1957 1091 ambrofio
1980 1075 2093 1100 puerum
2110 1075 2182 1092 com-

1127 1099 1202 1133 plexa
1215 1100 1303 1125 Venus
1324 1099 1416 1125 Claud.
1431 1100 1462 1126 de
1472 1101 1555 1133 Nupt.
1566 1100 1686 1125 Honor-ii
1703 1108 1751 1126 110.
1789 1101 1833 1126 Sil.
1848 1101 1905 1127 Ital.
1919 1110 1952 1135 7,
1970 1110 2014 1127 210
2034 1101 2182 1128 Ambrosiis

1128 1135 1231 1161 Ariusia
1246 1135 1341 1169 pocula
1357 1135 1445 1160 succis.
1484 1136 1524 1162 Sic
1537 1142 1560 1161 ct
1574 1136 1707 1162 Coluuicl.
1725 1145 1768 1168 10,
1790 1142 1842 1169 408
1869 1136 1897 1162 de
1912 1136 2024 1171 Pmficu.

1164 1178 1184 1197 A
1196 1178 1219 1197 M
1232 1178 1247 1197 B
1260 1177 1278 1196 R
1289 1177 1307 1197 0
1318 1178 1330 1197 s
1341 1178 1348 1196 1
1358 1170 1403 1197 iic
1413 1178 1430 1196 v
1442 1178 1464 1197 s.
1493 1171 1552 1196 Adi.
1579 1171 1786 1206 [ιίμβμσακᾰς]
1823 1173 1889 1198 Plin.
1904 1182 1932 1206 14
1942 1193 1950 1205 ,
1970 1182 1982 1205 3
2011 1173 2061 1199 Sed
2073 1174 2131 1199 sunt
2145 1179 2182 1199 et-

1126 1207 1244 1233 iamnum
1261 1206 1389 1240 insignes,
1410 1216 1461 1232 vua
1481 1216 1534 1232 11011
1558 1208 1641 1239 vino,
1661 1207 1839 1241 ambrosiaca,
1864 1208 1999 1235 duracina.
2035 1211 2074 1235 De
2087 1209 2183 1235 vitibus

1118 1244 1200 1279 firmo
1218 1241 1259 1276 est.

1163 1286 1185 1305 Α
1194 1286 1219 1305 Μ
1232 1285 1246 1305 Β
1255 1280 1276 1305 V
1285 1284 1301 1305 Β
1310 1285 1331 1304 Α
1341 1286 1351 1304 1
1361 1285 1381 1304 A
1392 1285 1417 1304 Ε.
1443 1277 1643 1313 [Ἀμβεβοὶιόει]
1680 1279 1808 1306 Mulieres
1823 1280 1973 1315 impudicae
1982 1301 1990 1313 ,
2007 1289 2088 1314 vagae
2101 1289 2129 1307 ac
2141 1280 2181 1306 vi-

1124 1315 1168 1341 les.
1185 1313 1314 1341 HaHenux
1328 1312 1394 1340 reste
1408 1314 1558 1348 Porphyrio
1570 1314 1604 1339 (ια’
1620 1316 1686 1341 Hor.
1695 1316 1775 1341 Scrm.
1787 1325 1795 1341 1
1805 1336 1812 1347 ,
1826 1325 1855 1348 2,
1871 1326 1879 1342 1
1902 1316 2114 1343 Ambubaiarum
2127 1316 2182 1342 col-

1125 1351 1194 1385 legia
1209 1358 1253 1376 etc.
1292 1349 1338 1377 Sed
1350 1350 1525 1386 quodjubiicit
1534 1370 1541 1382 ,
1554 1349 1651 1385 quibus
1665 1360 1762 1377 nomen
1776 1351 1826 1378 hoc
1839 1353 1897 1378 casu
1910 1361 2044 1379 vanorum
2056 1359 2080 1378 et
2096 1352 2183 1379 ebrie-

1125 1392 1176 1413 tate
1191 1386 1400 1413 balbutientium
1415 1385 1561 1412 verborum
1579 1386 1685 1413 videtur
1701 1389 1749 1414 effe
1764 1387 1879 1414 inditum
1898 1400 1902 1414 :
1940 1387 2009 1415 haud
2024 1389 2114 1423 paullo
2129 1397 2182 1414 1110-

1124 1423 1175 1449 lius
1213 1425 1317 1453 Acron,
1343 1421 1508 1447 Ambubaiae
1522 1422 1647 1448 dicuutur
1661 1423 1787 1450 mulieres
1801 1423 1928 1451 tibicinae
1940 1425 2032 1459 lingua
2046 1425 2180 1457 Syrorum.

1126 1458 1230 1485 Etenim
1246 1457 1336 1491 lingua
1349 1466 1461 1489 eorum,
1481 1457 1548 1483 tibia
1566 1457 1619 1483 siue
1640 1458 1811 1492 symphonia,
1831 1461 1969 1486 Ammihaia
1989 1460 2097 1486 dicitur.
2136 1462 2184 1492 Ni·

1126 1498 1215 1520 mirum
1228 1493 1340 1525 Ambuh,
1361 1502 1389 1518 ex
1405 1492 1484 1519 Abub
1500 1494 1572 1527 Syris
1586 1492 1810 1530 oc'vkdvflgnificat.
1854 1496 2183 1529 Vid.Interpr.Syr.1Cor.

1125 1539 1170 1563 14,
1191 1537 1208 1564 7
1230 1529 1272 1555 vbi
1292 1528 1378 1555 abuba
1398 1526 1431 1561 est
1450 1528 1534 1554 οἰυλός.
1573 1528 1634 1555 [nde
1648 1531 1801 1561 Ambubaia,
1823 1529 1836 1559 ἧ
1850 1530 1980 1566 αὐλητρίς,
2002 1538 2030 1557 vt
2043 1532 2111 1556 docet
2127 1531 2183 1557 Sca-

1124 1567 1189 1602 liger
1205 1564 1314 1591 ConieH.
1329 1564 1363 1590 ad
1375 1565 1451 1590 Varr.
1467 1574 1490 1599 p.
1505 1572 1546 1598 54.
1584 1571 1607 1589 ct
1621 1565 1752 1591 Comment.
1765 1569 1791 1591 in
1805 1566 1893 1601 Coponi
1907 1568 1981 1601 Virg.
1990 1576 2014 1601 p.
2028 1567 2185 1602 236Jirmat-

1142 1611 1168 1628 ue
1183 1601 1285 1637 Casinib.
1306 1600 1339 1626 ad
1357 1600 1463 1626 Sueten.
1486 1601 1572 1626 Nem.
1586 1608 1618 1634 27
1645 1602 1715 1627 Inter
1728 1602 1877 1628 scortorum
1889 1604 1971 1629 totius
1985 1602 2076 1634 vrbis,
2092 1602 2184 1628 ambu-

1144 1638 1301 1671 aiarumque
1315 1636 1471 1662 ministeria.
1531 1638 1589 1662 Non
1603 1639 1684 1672 igitur
1697 1637 1816 1663 amliemli
1824 1658 1832 1669 ,
1859 1642 1902 1679 qui
1914 1639 1971 1664 inde
1983 1636 2069 1665 distas
2079 1645 2184 1673 pisant,

1124 1673 1190 1710 quod
1209 1680 1281 1704 ΑΜ,
1301 1675 1318 1698 ι’.
1343 1673 1442 1698 Circum
1467 1678 1602 1704 BAIAS,
1630 1673 1718 1699 Locum
1742 1675 1949 1709 amoenissimum,
1972 1681 1995 1700 ct
2015 1674 2185 1710 voluptatibus

1122 1712 1239 1745 plenum,
1260 1709 1430 1744 versarentur.
1489 1707 1563 1744 Conf.
1585 1709 1669 1743 steph.
1691 1711 1712 1735 le
1725 1710 1818 1743 Aloyne
1834 1714 1861 1736 in
1874 1713 1942 1737 notis
1955 1711 1989 1737 ad
2007 1712 2086 1737 Varia
2098 1712 2185 1742 Sacra,

1143 1766 1149 1771 .
1202 1755 1221 1771 ι.

1121 1753 1140 1781 P
1162 1755 1217 1808 A7M
1228 1787 1243 1807 Β
1251 1787 1272 1806 V
1282 1787 1298 1807 Β
1306 1787 1341 1806 ΕΙ
1352 1787 1374 1806 Α
1394 1778 1482 1805 herbae
1495 1787 1589 1808 nomen,
1603 1778 1670 1813 quod
1674 1778 1731 1812 stne
1741 1783 1882 1806 variatione
1894 1782 1916 1807 le
1934 1785 1987 1807 itur
2000 1781 2067 1816 apud
2077 1781 2184 1807 Celsum

1125 1826 1158 1850 2,
1177 1825 1208 1849 30
1228 1815 1384 1847 Lenticula‚
1405 1815 1449 1840 cui
1461 1813 1504 1839 vel
1519 1812 1595 1845 beta,
1621 1814 1663 1839 vel
1679 1814 1802 1846 intubus,
1824 1816 1865 1841 vel
1879 1825 1921 1842 am
1943 1816 2039 1849 ubeia,
2060 1817 2102 1843 vel
2110 1817 2183 1851 plan-

1126 1859 1187 1887 tago
1201 1851 1304 1878 adieeta
1318 1850 1362 1875 est.
1401 1851 1431 1875 Et
1443 1858 1500 1874 mox
1513 1847 1656 1873 ambubeia
1669 1849 1757 1875 fricata.
1805 1851 1862 1883 Sic,
1878 1859 1956 1887 puto,
1977 1862 2059 1878 omnes
2073 1863 2080 1877 :
2118 1859 2183 1878 certe

1126 1897 1175 1913 non
1190 1888 1266 1912 aliter
1284 1885 1382 1914 Aldus,
1403 1883 1607 1915 Constantinus,
1628 1883 1837 1912 Almelouenius.
1914 1889 1969 1913 Hae
1981 1884 2132 1914 austorisate
2146 1890 2183 1914 ui-

1127 1922 1216 1947 dentur
1230 1924 1282 1947 viri·
1296 1919 1368 1946 dosii
1380 1923 1454 1945 eciam
1468 1919 1555 1945 Plinio
1569 1919 1718 1945 attributum
1731 1922 1845 1953 volui-[lb²
1865 1922 1932 1956 apud
1943 1932 2011 1958 quem
2024 1932 2059 1949 20
2068 1943 2076 1955 ,
2095 1929 2108 1953 8
2123 1924 2140 1949 s.
2150 1932 2184 1956 29

1118 1959 1158 1991 Jic
1172 1957 1235 1993 legit
1251 1956 1333 1982 Has-d.
1371 1956 1519 1981 Erraticum
1539 1955 1694 1993 (intubum)
1717 1957 1786 1989 apud
1807 1966 1855 1982 nos
1870 1957 1979 1991 quidam
1994 1958 2127 1984 ambulam
2141 1967 2184 1992 ap-

1125 1993 1269 2027 pellauere.
1308 1993 1338 2016 In
1351 1992 1472 2024 Aegypto
1485 1989 1633 2015 cichorium
1648 1998 1744 2016 vocant
1756 1998 1801 2016 etc.
1840 1993 1880 2019 Sic
1892 1991 1934 2025 esti·
1948 1996 1975 2018 in
1985 1994 2060 2020 MSS.
2074 1994 2185 2020 omnibus

1124 2034 1205 2053 monet
1220 2026 1381 2055 Harduinm,
1402 2032 1425 2050 et
1438 2024 1522 2050 videri
1526 2023 1567 2057 Jie
1581 2022 1675 2050 elifium
1689 2025 1718 2051 ab
1731 2025 1908 2059 ambulando,
1933 2029 1997 2063 quod
2015 2030 2090 2055 alteri
2103 2030 2184 2064 appel-

1122 2064 1215 2088 lationi
1227 2061 1354 2087 erraticus
1361 2059 1402 2093 stc
1409 2059 1478 2094 satis
1490 2059 1643 2095 respondeat.
1684 2062 1714 2086 In
1730 2061 1815 2087 Indice
1830 2069 1912 2088 tamen
1925 2064 1988 2090 libri
2003 2063 2184 2092 Ambubaiam

1122 2099 1226 2128 uocari,
1246 2096 1328 2121 addit.
1386 2096 1498 2131 Plerique
1509 2101 1568 2121 ante
1584 2095 1664 2121 Hurd.
1678 2096 1820 2131 Ambugia.
1860 2099 2002 2126 Ambulam
2017 2103 2088 2126 etiam
2103 2101 2184 2127 Varia

1123 2131 1205 2158 106110
1225 2133 1253 2157 in
1271 2131 1332 2157 edit.
1348 2132 1455 2157 Elzeuir.
1473 2131 1516 2157 ubi
1529 2134 1603 2157 etiam
1618 2132 1860 2167 monetamSalmasti
1873 2135 1964 2161 librum
1982 2136 2069 2163 habere
2082 2136 2184 2163 Ambu-

1122 2168 1198 2193 lium.
1237 2167 1303 2194 Idem
1328 2166 1459 2201 Salmasius
1483 2170 1510 2192 in
1535 2166 1619 2194 Solin.
1640 2177 1665 2202 p.
1681 2174 1738 2201 583,
1760 2168 1786 2195 b.
1802 2170 1829 2197 B.
1845 2178 1940 2203 monet,
1959 2171 2023 2197 idem
2038 2182 2124 2198 nomen
2140 2170 2184 2206 effi

1124 2201 1283 2235 Ambulam,
1306 2202 1465 2235 Ambuiam,
1485 2202 1665 2236 Ambuuiam,
1687 2204 1858 2239 Ambugiam.
1912 2209 2023 2244 Denique
2039 2202 2185 2235 Ambulam

1122 2247 1145 2266 et
1159 2240 1210 2276 ipse
1224 2237 1318 2265 dil-‘lam
1328 2245 1405 2274 putat
1414 2259 1422 2271 ,
1443 2248 1503 2274 quae
1515 2237 1650 2271 ambulat,
1672 2247 1695 2266 et
1713 2242 1852 2277 proserpit.

1158 2282 1462 2307 AMBVLACRVM,
1482 2274 1536 2300 vid.
1560 2282 1734 2303 AMBVLO.

1159 2318 1214 2338 AM
1224 2318 1269 2338 BV
1280 2318 1296 2337 L
1306 2318 1325 2338 O
1336 2331 1344 2342 ,
1364 2314 1417 2336 ire.
1446 2310 1619 2346 [περιπατὲω]
1656 2311 1696 2337 Ab
1718 2312 1817 2339 Ambio
1839 2311 1983 2344 deducitur,
2001 2313 2068 2349 quod
2078 2311 2111 2347 est
2126 2315 2182 2342 Cir-

1121 2350 1189 2373 cuire
1202 2357 1212 2376 ‚⁴
1242 2345 1374 2382 fignificat
1386 2353 1465 2372 autem
1478 2346 1525 2372 huc
1536 2353 1608 2381 atque
1625 2346 1683 2372 illuc
1699 2350 1750 2380 ire,
1770 2351 1873 2384 proprie
1886 2355 1967 2375 tomen
1982 2353 2182 2384 exercitationis,

1121 2390 1166 2408 aut
1193 2385 1273 2409 animi
1292 2382 1383 2417 causa:
1421 2383 1458 2408 De
1481 2382 1525 2408 illa
1549 2382 1607 2408 Cic.
1631 2383 1715 2409 Tusc.
1736 2391 1765 2416 5,
1786 2393 1821 2418 97
1836 2393 1858 2410 c.
1874 2393 1907 2416 34
1933 2385 2066 2412 Socratem
2079 2386 2182 2419 ferunt,

1124 2427 1208 2452 quum
1221 2426 1304 2452 vsque
1318 2417 1351 2443 ad
1364 2418 1503 2452 vesperum
1517 2418 1667 2444 contentius
1682 2418 1840 2452 ambularet,
1858 2420 2060 2456 quaesitumque
2075 2422 2136 2449 esset
2148 2431 2181 2448 ex

1124 2463 1173 2486 eo,
1194 2462 1276 2488 quare
1289 2452 1318 2479 id
1332 2453 1445 2484 faceret,
1461 2453 1634 2488 respondisse,
1655 2455 1696 2487 se,
1715 2464 1769 2489 quo
1783 2456 1879 2482 melius
1893 2464 2031 2490 coenaret,
2051 2456 2182 2484 obsonare

1127 2489 1290 2516 ambulando
1303 2489 1410 2515 samem.
1448 2491 1486 2515 De
1498 2490 1558 2521 bac,
1580 2492 1681 2526 quaesit
1695 2494 1773 2516 aninu'
1785 2496 1856 2527 caujiz
1870 2493 1955 2518 Varro
1969 2493 2000 2519 R.
2014 2494 2045 2519 R.
2062 2502 2081 2526 1,
2098 2496 2141 2527 16,
2161 2502 2182 2527 4

1126 2525 1170 2552 Ne
1183 2524 1300 2552 ambulet
1313 2525 1410 2550 feriata
1420 2524 1533 2551 familia.
1575 2527 1642 2551 Cato
1657 2534 1685 2558 5,
1705 2534 1717 2559 5
1744 2526 1770 2553 Si
1785 2526 1834 2553 hoc
1848 2527 1945 2560 faciet,
1964 2529 2110 2564 (villicus)
2131 2530 2181 2556 mi-

1124 2570 1173 2587 nus
1189 2560 1286 2587 libebit
1301 2560 1445 2587 ambulare.
1491 2559 1573 2587 Plaut.
1589 2562 1660 2587 Men.
1675 2571 1708 2594 z,
1728 2571 1757 2595 2,
1778 2572 1796 2596 4
1816 2563 1957 2590 Conuiuae
1970 2564 2107 2592 ambulant
2121 2572 2181 2593 ante

1123 2597 1221 2623 ostium
1230 2616 1239 2629 ,
1258 2594 1417 2631 expeffantes
1430 2604 1513 2631 nempe
1526 2595 1615 2630 iustum
1629 2597 1719 2624 Coenon
1732 2606 1835 2634 tempus.
1893 2601 1930 2625 De
1943 2600 2025 2634 otitfis
2039 2601 2180 2633 adhibetur,

1124 2636 1199 2659 etiam
1206 2633 1289 2659 Plaut.
1304 2632 1394 2658 Pseud.
1407 2642 1439 2666 4,
1451 2641 1477 2664 1,
1499 2641 1537 2665 14.
1696 2632 1717 2671 ff
1737 2643 1753 2660 2
1776 2634 1936 2667 Ambulare,
1957 2636 2116 2671 [πορεύεθαι,
2132 2641 2180 2669 βαι.

1126 2667 1215 2703 δέξειν]
1254 2670 1310 2700 Ire,
1331 2667 1442 2694 incedere
1461 2668 1529 2694 Plin.
1545 2677 1591 2698 10,
1616 2669 1647 2701 65
1666 2670 1757 2696 Mures
1773 2671 1898 2705 Aegyptii
1912 2670 2021 2706 bipedes
2033 2672 2180 2706 ambulant,

1129 2714 1177 2731 ceu
1189 2704 1290 2739 Alpini.
1363 2704 1446 2730 Plaut.
1461 2703 1553 2731 Bacch.
1568 2713 1600 2737 4,
1622 2709 1651 2736 8,
1671 2712 1697 2738 55
1722 2705 1791 2732 Cum
1812 2706 1860 2733 illa
1879 2716 1966 2742 neque
1979 2708 2073 2741 cubat,
2092 2718 2180 2744 neque

1123 2740 1250 2767 ambulat.
1288 2739 1389 2766 Milites
1397 2739 1498 2766 bellum
1506 2739 1852 2769 ambulandocons'ecerimt.
1879 2743 1951 2769 Cael.
1959 2753 1999 2778 ap.
2009 2745 2065 2770 Cic.
2074 2746 2180 2777 Fam.8,

1125 2785 1165 2809 15,
1186 2785 1202 2803 2
1222 2776 1338 2802 Defessus
1354 2777 1411 2802 sum
1426 2775 1587 2802 ambulando
1606 2775 1674 2802 Ter.
1690 2777 1738 2803 Ad.
1754 2787 1790 2811 4,
1809 2781 1826 2804 6
1846 2788 1885 2813 pr.
1941 2779 2085 2807 Ambulare
2106 2780 2176 2816 pedi-

1124 2812 1174 2839 bus
1195 2812 1278 2839 Plaut.
1292 2812 1379 2838 Truc.
1392 2820 1423 2844 2,
1444 2814 1476 2844 6,
1497 2813 1542 2845 46.
1579 2811 1723 2839 Ambulare
1737 2815 1818 2848 passus
1831 2814 2006 2849 quingentos,
2027 2823 2072 2843 aut
2083 2816 2179 2851 septin-

1125 2854 1205 2883 genta
1217 2848 1302 2874 millia
1315 2848 1430 2882 passuum
1451 2847 1517 2875 Plin.
1532 2857 1581 2880 20,
1601 2856 1627 2874 2.
1672 2849 1729 2876 Cic.
1752 2859 1801 2885 pro
1820 2851 1915 2884 Qiint.
1930 2859 1965 2886 79
1979 2861 2001 2878 c.
2016 2860 2056 2885 25.
2109 2852 2177 2878 Plin.

1125 2893 1170 2917 10,
1192 2890 1219 2917 38
1241 2883 1385 2910 Ambulant
1397 2883 1502 2918 aliquae
1516 2884 1617 2918 (aues)
1632 2890 1661 2910 vt
1676 2886 1809 2918 cornices,
1830 2887 1926 2913 saliunt
1940 2887 2059 2922 aliquae,
2080 2893 2109 2914 vt
2122 2888 2178 2922 pas-

1125 2921 1209 2953 seres,
1231 2920 1366 2952 merulae,
1387 2926 1433 2946 etc.
1583 2918 1604 2957 fl
1626 2929 1639 2952 3
1662 2922 1804 2957 Metaphor.
1826 2921 1970 2949 Ambulant
1993 2932 2074 2949 naues
2108 2924 2177 2949 Cato

1122 2956 1155 2983 de
1169 2957 1200 2983 R.
1215 2957 1246 2983 R.
1262 2965 1281 2982 1.
1319 2957 1361 2983 sic
1372 2955 1471 2982 Ennius
1483 2961 1524 2990 ap.
1538 2955 1643 2982 Festum
1655 2959 1682 2982 in
1699 2957 1813 2991 Rigido,
1836 2957 1898 2983 inde
1905 2959 1999 2984 Parum
2013 2967 2059 2992 per
2072 2958 2177 2985 caerula

1123 2992 1238 3019 nauibus
1258 2991 1438 3019 ambulabant.
1481 2992 1546 3026 Veg.
1560 2991 1592 3018 de
1605 3001 1635 3018 re
1648 2993 1706 3019 mil.
1719 3002 1748 3025 3,
1769 2998 1782 3023 8
1802 2994 1850 3020 Per
1863 2993 1920 3019 loca
1934 2993 2046 3027 idonea,
2065 3003 2116 3029 qua
2128 3003 2177 3021 no-

1122 3029 1238 3056 strorum
1252 3028 1370 3055 ambulat
1383 3034 1554 3054 commeatus.
1590 3029 1650 3054 Alio
1663 3026 1803 3060 intellet‘iu²
1824 3036 1847 3055 et
1854 3032 1960 3064 proprio
1997 3030 2053 3056 Cic.
2067 3030 2098 3056 de
2115 3031 2134 3057 F
2136 3031 2174 3057 in.

1124 3073 1157 3098 2,
1179 3073 1218 3091 112
1230 3073 1251 3091 c.
1267 3072 1300 3098 34
1320 3065 1412 3098 Qum
1425 3064 1523 3090 Xerxes
1536 3064 1616 3090 tantis
1628 3063 1756 3094 classibus,
1776 3065 1909 3099 tantisque
1921 3065 2086 3100 equestribus
2099 3072 2125 3092 et
2133 3075 2176 3101 pe-

1122 3100 1252 3127 destribus
1264 3100 1365 3135 copiis,
1386 3099 1560 3134 Hellesponto
1580 3099 1688 3131 11111610,
1705 3100 1810 3126 Athoue
1831 3100 1960 3135 perfosso,
1980 3102 2065 3128 maria
2083 3102 2176 3136 ambu-

1123 3137 1240 3169 lauiss'et,
1257 3142 1356 3163 terram
1370 3136 1527 3170 nauigasset,
1547 3142 1592 3161 etc.
1655 3136 1705 3161 Vbi
1727 3144 1784 3162 nota
1799 3135 1936 3162 ambulare
1950 3134 2031 3163 afflue
2045 3138 2174 3173 usurpari.

1122 3172 1247 3199 Manibus
1254 3172 1390 3199 ambulare
1409 3181 1473 3198 num
1488 3171 1580 3198 solitus
1593 3171 1653 3197 esset
1666 3172 1675 3197 3
1712 3171 1766 3198 ioci
1780 3172 1862 3206 gratia
1877 3173 2026 3207 interrogat
2044 3174 2071 3200 P.
2085 3174 2175 3209 Scipio

1123 3207 1217 3235 Nasica
1230 3211 1297 3235 inter
1307 3207 1476 3245 prensandum
1491 3209 1604 3243 aliquem.
1627 3207 1684 3233 Val.
1699 3208 1768 3233 Max.
1784 3216 1815 3241 7,
1835 3216 1863 3239 5,
1880 3216 1905 3233 2.
1948 3208 2104 3236 Ambulauit
2116 3211 2176 3245 pos-

1122 3244 1194 3271 seffio
1208 3253 1255 3280 per
1270 3244 1368 3271 multos
1388 3243 1448 3278 le.
1462 3244 1491 3269 in
1505 3243 1521 3269 l.
1535 3242 1584 3269 Sed
1595 3248 1621 3268 et
1635 3242 1653 3269 fi
1667 3241 1820 3280 §.Perinde
1834 3243 1865 3268 D.
1880 3243 1912 3269 de
1923 3244 1996 3278 petit.
2011 3245 2117 3272 haered.
2154 3250 2174 3273 i.

2136 3293 2144 3308 ι
2165 3297 2175 3302 -

1122 3320 1218 3343 catione
1224 3317 1298 3353 Jizepe
1310 3316 1355 3343 hoc
1367 3316 1440 3342 verbo
1456 3315 1511 3341 ICti
1523 3321 1637 3341 utuntur.
1676 3316 1742 3340 Nam
1759 3321 1784 3340 et
1803 3315 1938 3342 Emtiones
1952 3316 2031 3343 eodem
2045 3281 2175 3352 moffp'gt

1123 3353 1210 3387 plures
1241 3352 1364 3387 personas
1392 3350 1532 3378 ambulasse
1565 3350 1682 3376 dicuntur
1702 3352 1728 3375 in
1747 3349 1764 3375 l.
1786 3349 1828 3376 sed
1849 3349 1898 3377 vbi
1920 3359 1945 3384 15
1964 3352 1995 3378 D.
2019 3352 2050 3379 de
2073 3354 2173 3379 minor.

1123 3386 1144 3426 q
1166 3399 1184 3422 4
1206 3390 1258 3415 Iam
1270 3390 1380 3424 reliquas
1388 3388 1517 3423 formulas
1524 3386 1702 3422 persequemur.
1740 3385 1797 3411 Cic.
1811 3385 1843 3411 de
1856 3387 1930 3415 Orat.
1945 3396 1975 3420 3,
1995 3397 2031 3421 131
2053 3390 2091 3415 M.
2106 3397 2173 3415 vero

1123 3424 1255 3452 Manlium
1268 3433 1316 3450 nos
1328 3424 1409 3450 etiam
1421 3423 1539 3449 vidimus
1552 3421 1700 3447 transuerso
1715 3421 1895 3449 ambulantem
1915 3423 1986 3450 foro.
2042 3425 2073 3450 In
2091 3424 2173 3450 litore

1123 3461 1179 3488 Cic.
1195 3461 1224 3487 in
1235 3461 1318 3487 Bruto
1331 3462 1368 3493 96
1379 3469 1400 3485 c.
1416 3467 1453 3492 53.
1490 3459 1521 3484 In
1535 3457 1588 3484 sole
1608 3457 1662 3483 Cic.
1678 3455 1710 3482 de
1724 3457 1798 3483 Orat.
1814 3466 1844 3490 2,
1861 3460 1904 3485 60.
1941 3460 2009 3486 Cum
2025 3460 2116 3494 aliquo
2133 3459 2172 3486 Id.

1123 3496 1201 3523 Acad.
1216 3507 1250 3531 4,
1273 3504 1295 3529 5.
1350 3497 1384 3522 It.
1399 3495 1451 3521 Att.
1465 3502 1482 3527 9
1492 3514 1500 3526 ,
1519 3501 1531 3527 5
1558 3493 1583 3519 Si
1598 3492 1669 3518 enim
1683 3492 1754 3518 101510
1768 3493 1960 3528 ambulauerit,
1981 3495 2028 3530 qui
2043 3495 2109 3521 hanc
2117 3495 2173 3529 epi-

1123 3532 1216 3559 stolam
1234 3532 1313 3564 tulit,
1334 3531 1363 3557 in
1377 3531 1461 3566 ipsum
1477 3536 1552 3556 tuum
1566 3528 1636 3554 diem
1650 3527 1754 3555 incidit.
1791 3533 1809 3556 i.
1822 3533 1850 3556 in
1864 3534 1907 3557 uia
1921 3541 1968 3557 non
1980 3529 2115 3563 ceffizucrit,
2124 3540 2173 3557 non

1122 3567 1270 3599 cunstatus,
1290 3577 1338 3594 non
1353 3574 1464 3594 retentus
1468 3569 1515 3599 jct.
1565 3564 1621 3590 Cic.
1636 3565 1690 3590 Att.
1706 3569 1735 3597 8,
1746 3573 1786 3598 214
1806 3566 1844 3592 Eo
1858 3566 1939 3593 modo
1953 3573 2038 3592 autem
2054 3566 2173 3593 ambulat

1123 3605 1227 3636 Caesar,
1241 3609 1267 3630 et
1281 3604 1314 3630 iis
1336 3603 1428 3630 diariis
1442 3601 1559 3627 militum
1572 3599 1734 3626 celeritatem
1746 3600 1854 3634 incitat,
1873 3609 1902 3628 vt
1915 3603 2032 3633 timeam,
2046 3610 2080 3628 ne
2092 3602 2172 3628 citius

1122 3641 1155 3668 ad
1169 3639 1360 3671 Brundusium,
1380 3647 1460 3673 quam
1473 3645 1538 3670 opus
1552 3634 1598 3667 sit,
1618 3635 1754 3663 accelserit.
1776 3668 1777 3672 Ἰ
1810 3637 1935 3664 Ambulat
1948 3637 2058 3664 demiffis
2073 3638 2172 3664 tunicis

1123 3678 1191 3703 Hor.
1203 3676 1287 3703 Serm.
1303 3685 1312 3702 1
1321 3695 1331 3708 ‚
1349 3683 1379 3707 z,
1401 3682 1440 3706 23.
1478 3670 1603 3698 Ambulat
1616 3669 1700 3698 libera
1713 3681 1760 3707 per
1773 3678 1842 3699 tutas
1855 3673 1912 3699 viar
1931 3672 2012 3699 Ouid.
2021 3673 2087 3700 Fast.
2095 3683 2115 3706 1,
2125 3682 2172 3701 122

1122 3712 1150 3739 de
1167 3714 1237 3739 Pace.
1293 3709 1419 3738 Ambulct
1432 3714 1491 3734 ante
1505 3706 1611 3733 110610111
1625 3717 1684 3734 cum
1700 3707 1801 3735 facibus
1821 3710 1888 3735 Hor.
1905 3709 1985 3734 Serm.
2002 3717 2026 3741 1,
2046 3720 2079 3743 4,
2100 3719 2122 3743 3¹
2142 3709 2171 3736 de

48 3731 103 3758 ’ὄψ’
113 3733 228 3764 Dm·
250 3740 442 3774 quemadmodum
464 3742 581 3775 Neflar,
597 3749 682 3778 potus.
724 3740 804 3769 Diffa
823 3743 853 3769 ab
873 3742 891 3768 οἶ
901 3746 1024 3778 reem-123,
1042 3749 1216 3784 etlooebrioso
1231 3753 1254 3774 ct
1262 3749 1398 3782 petulante.
1436 3743 1562 3770 Ambulat
1575 3742 1666 3770 erecto
1680 3744 1788 3778 peflore
1804 3744 1895 3771 Claud.
1910 3744 1940 3769 in
1955 3744 2062 3780 Eutrop.
2074 3754 2100 3778 1,
2122 3753 2173 3780 307

1121 3782 1203 3821 gestus
1209 3783 1312 3819 superbi
1324 3793 1331 3808 .·
1373 3781 1401 3806 de
1413 3789 1458 3815 quo
1465 3778 1623 3813 simpliciter.
1680 3781 1748 3806 Hor.
1768 3779 1849 3814 Epod.
1871 3788 1904 3811 4,
1925 3787 1937 3811 5
1957 3780 2032 3807 Licet
2045 3781 2171 3816 superbus

1122 3819 1240 3847 ambules
1253 3818 1380 3854 pecunia,
1415 3815 1532 3841 Fortuna
1546 3823 1600 3841 non
1612 3821 1698 3842 mutat
1710 3824 1798 3850 genus.
1853 3814 1935 3841 Plaut.
1949 3816 2027 3843 Cure.
2041 3824 2068 3850 5,
2088 3826 2120 3849 2,
2140 3824 2181 3848 23·

1125 3855 1240 3882 Ambula
1254 3855 1282 3881 in
1295 3855 1343 3880 ius.
1379 3852 1448 3878 Ter.
1464 3850 1570 3877 Phorm.
1586 3860 1615 3884 5,
1637 3859 1670 3886 7,
1692 3861 1724 3886 43
1746 3854 1775 3878 ln
1789 3851 1829 3876 ius
1843 3851 1960 3877 ambula.
2022 3853 2070 3879 Vbi
2082 3853 2172 3879 Dona-

1123 3897 1180 3924 tus,
1201 3891 1241 3918 Ad
1256 3890 1373 3916 iudicem
1386 3895 1476 3914 eamus
1490 3886 1589 3914 scilicet
1602 3898 1608 3913 :
1642 3896 1703 3914 nam
1717 3889 1759 3914 Ius
1775 3894 1823 3920 pro
1837 3886 1911 3912 Loco
1924 3886 1968 3913 est.
2026 3888 2074 3915 Sed
2083 3892 2110 3914 in
2124 3895 2171 3922 quo

1123 3929 1228 3956 Praetor
1241 3929 1282 3953 ius
1295 3923 1380 3957 reddit
1395 3933 1403 3949 .·
1428 3923 1529 3985 oItaque
1538 3923 1568 3951 in
1580 3922 1622 3951 ius
1633 3923 1675 3951 ire
1685 3929 1711 3950 et
1723 3921 1876 3956 ambulare,
1894 3931 1944 3951 non
1957 3920 1992 3957 est
2003 3922 2046 3950 Ad
2053 3923 2171 3962 iudicem

1213 3988 1217 3989 .
1473 3966 1491 3985 ο
2119 3965 2173 3991 ue,
