2474 4182
24 298 25 304 ,
49 275 166 301 decorari.

24 321 25 335 ι
50 319 75 344 2,
88 316 142 342 345.
169 310 186 334 i.
193 307 366 343 frequentare.

48 163 143 205 ¹097
424 145 459 186 C
541 146 578 186 O
658 145 702 184 N

48 246 104 266 tuin
117 235 275 265 militaribus
288 230 379 262 studiis
396 236 484 262 Funus
497 234 581 261 vllum
593 230 772 272 concelebrari
785 232 867 266 potest
878 253 885 264 ,
921 235 940 259 i.
960 232 1090 263 honorari,

237 273 308 298 Loca
326 281 454 306 aquarum
468 270 652 297 concelebrare
666 276 765 293 circum
780 268 848 302 ripas
861 269 999 302 fontesque
1013 269 1091 294 Lucr.

440 307 527 333 Ludos
547 305 706 339 geniumque
728 303 832 330 choreis
850 304 958 330 Tibull.
975 313 994 336 1,
1009 309 1031 335 8,
1046 312 1090 335 49.

23 351 25 369 s
49 345 114 372 Plin.
126 352 168 377 34,
182 352 194 369 2
219 343 404 378 Antiquillima
422 343 488 368 acris
508 340 592 376 gloria
607 338 717 365 Deliaco
738 340 806 374 fuit,
827 341 959 380 Mcqcatus
978 340 1007 365 in
1022 339 1089 365 Delo

23 559 25 569 ¹
46 565 109 584 tare.

49 379 249 406 concelebrante
264 386 321 406 toto
335 378 409 405 orbe.
471 377 531 403 Liu.
545 384 565 409 i,
578 383 595 407 9
614 374 697 400 Indici
712 375 805 401 deinde
821 376 946 402 nnitnuss
955 374 1090 409 §peclatu-

49 415 104 442 lum
117 414 191 442 iubet
205 426 211 441 ε
237 422 390 449 quantoque
404 418 526 447 apparatu
540 417 596 437 tum
612 410 743 443 sciebant,
761 419 806 437 aut
820 417 955 445 poterant,
974 410 1091 436 concele-

47 451 165 478 brabant.
236 451 291 478 Cic.
304 451 335 477 de
349 451 449 477 Inuent.
464 456 483 479 1,
495 456 513 480 4
540 447 631 479 Qiare
650 446 718 473 mihi
737 447 862 474 videntur
881 447 968 481 postca
989 452 1090 472 caetera

47 486 138 514 Studia
151 486 222 513 recta
234 492 314 521 atque
327 484 432 511 honesta
443 491 488 516 per
501 482 588 508 otium
600 483 780 509 concelebrata
794 483 826 509 ab
839 483 948 517 optimis
961 481 1089 508 enituifl'e.

48 523 152 549 Terras
189 523 291 549 Lucrct.
306 530 326 554 1,
340 529 358 554 4
381 518 414 546 aii
430 519 560 550 Venerem,
586 521 603 544 i.
634 518 803 554 foecundure,
821 525 843 545 et
853 525 900 554 per
914 519 960 544 hoc
969 517 1090 552 frequen-

48 593 198 621 Victoriam
217 593 274 619 eius
288 591 341 618 diei
360 589 551 616 concelebrant.
622 589 735 616 Plateam
756 591 910 623 Hymenaeo
930 590 1011 615 Plaut.
1033 588 1090 613 Cas.

47 638 74 662 4,
88 638 109 662 3,
123 637 147 655 2.
219 625 424 657 Concelebrare,
445 625 588 652 Diffamare
603 624 647 658 effi*
659 629 698 652 ait
712 626 783 652 Non.
798 635 824 659 4,
839 634 881 659 10,-
909 631 932 652 et
942 623 1029 652 laudat
1041 624 1091 649 Lu-

47 664 90 690 cil.
105 664 151 691 lib.
166 673 196 697 30
217 663 308 691 Multis
323 660 388 688 indu
403 660 467 687 locis
482 661 648 687 sermonibus
664 661 889 688 concelebrarunt.

82 706 99 726 C
109 706 127 725 (i
137 707 158 726 N
167 706 207 727 ΟΕ
219 705 234 726 1.
245 705 260 724 L
271 705 279 725 1
289 704 340 724 TA
351 717 358 729 ‚
379 705 418 723 ac.
455 697 605 724 Cohabitans
619 700 646 723 in
660 697 740 724 eodem
754 698 822 724 cella.
858 696 1033 723 Conccllitam
1046 694 1093 721 ali-

47 735 121 762 cuius
136 736 184 762 etse
197 734 284 762 Sidon.
299 733 344 767 Ep.
358 738 381 766 8,
396 742 434 766 ¹4·

83 777 101 797 C
114 778 133 798 ο
143 779 163 798 Ν
173 777 190 798 C
201 777 218 797 Β
227 777 244 796 R
252 776 295 796 Ml
306 776 327 795 N
337 776 356 796 0
365 788 372 799 ‚
390 772 442 794 cire.
482 768 642 803 Concerpere,
659 767 769 800 ver-bom,
783 767 848 803 quod
859 765 1001 800 restitutum
1016 768 1047 797 it,
1061 775 1094 791 an

24 831 25 836 ,
45 804 147 843 affingit
159 808 248 841 Popma
270 804 387 831 Varroni
409 805 439 830 R.
454 804 485 830 R.
500 812 528 836 3,
550 806 594 836 16,
613 812 641 836 32
665 803 708 829 vbi
720 803 760 837 stc
778 806 855 840 legit,
880 803 907 829 Si
927 803 999 828 fures
1018 801 1094 827 aluos

24 838 29 848 ⁵
45 842 155 875 habeat,
183 849 262 875 quem
283 844 292 872 (
296 847 345 876 pro
365 843 449 875 quos)
476 839 700 866 concerminarint
717 846 784 874 apes.

840 838 888 866 Sed
903 840 979 863 nimis
999 837 1035 863 ibi
1056 839 1094 862 in-

25 910 26 913 *
43 885 112 904 certa
130 881 219 906 omnia.

25 915 26 921 ¹
83 919 101 940 c
115 913 290 945 oNcivssto,
321 915 375 938 ¹are.

47 947 112 975 Geli.
127 956 161 981 15,
176 956 191 974 2
212 950 287 981 Quos
300 947 396 982 aliquis
410 946 496 982 pudor
508 955 631 973 reuerens
645 945 803 972 concclarct.
853 943 890 970 Id.
906 953 938 976 11,
950 952 966 977 9
985 944 1050 970 Non
1063 943 1091 969 id

20 1101 26 1119 Ἰι
43 1092 166 1118 centurio
186 1092 213 1118 in
233 1091 312 1118 corde
326 1090 515 1124 sycophantias.

43 983 131 1019 postea
143 984 307 1018 cont-claun,
327 984 393 1018 quin
407 983 508 1018 gloriae
521 990 628 1017 quoque
642 981 692 1007 hoc
707 980 756 1007 fibi
769 980 912 1015 assignauit.

25 1019 26 1030 ¹
81 1025 98 1046 C
111 1027 129 1046 0
142 1026 162 1045 N
172 1027 189 1047 C
198 1027 214 1046 E
227 1026 247 1045 Ν
260 1027 281 1046 Τ
290 1026 309 1045 V
318 1027 336 1046 R
345 1027 354 1046 1
364 1026 399 1052 O,
419 1023 473 1045 are.
513 1016 793 1052 [συγκατατάττομαι]
832 1016 951 1052 Colligere
967 1018 993 1041 in
1004 1015 1092 1041 Centu-

23 1032 26 1094 ξ
41 1058 96 1082 rias
107 1057 239 1088 militaret,
250 1055 315 1091 quod
327 1053 359 1087 eli
373 1057 446 1080 etiam
459 1053 625 1080 Centuriare.
663 1053 768 1079 Plautus
783 1052 871 1078 Pseud.
889 1061 907 1082 i,
920 1059 942 1083 5,
958 1058 1000 1090 i59
1021 1051 1091 1090 Con·
1274 1087 1278 1090 ·
1322 1086 1326 1090 .

573 1088 648 1115 Idem
660 1089 743 1115 Trin.
758 1098 786 1122 4,
807 1097 832 1119 2,
847 1091 893 1114 160
918 1085 1032 1120 Epistola
1047 1085 1092 1111 illa
1111 1091 1139 1117 ²5
1156 1094 1225 1118 vua,
1246 1085 1360 1120 Xiphiae
1375 1097 1380 1112 ι
1406 1087 1449 1113 vbi
1468 1087 1568 1112 Vrcnas
1589 1086 1704 1112 inaudito
1730 1087 1803 1113 verbo
1821 1093 1845 1112 et
1865 1088 1942 1114 nihili
1954 1088 2080 1123 scribitur
2096 1092 2125 1116 ab
2140 1095 2206 1119 aliis.

42 1128 224 1154 concenturiat
238 1127 307 1153 mihi
320 1132 421 1153 metum
436 1126 464 1151 in
474 1124 562 1151 corde.
624 1125 697 1151 Non.
711 1133 737 1156 1,
753 1126 781 1156 36
801 1123 900 1150 deriuat
917 1131 931 1148 a
945 1121 1091 1153 Centuriis,

42 1172 110 1198 quae
123 1163 155 1190 ad
170 1163 292 1198 suffragia
304 1161 515 1193 conueniebant,
535 1160 600 1196 quod
605 1160 675 1196 satis
687 1168 773 1196 aptum
789 1159 823 1186 ad
834 1159 910 1195 lusum
923 1159 1024 1184 Plauti:
1044 1155 1093 1193 sed

40 1199 139 1226 aliunde
154 1200 222 1225 nohis
236 1206 300 1225 certe
314 1201 476 1240 incognitum.

80 1242 127 1262 co
141 1242 160 1260 N
174 1241 353 1266 curm-vs,
373 1243 423 1266 us,
457 1231 511 1259 vid.
539 1237 735 1261 coNciNo.

44 1306 156 1339 Feriae,
191 1311 482 1337 CONCEPTARE,
510 1309 528 1330 c
541 1309 770 1333 ONCEPTvs,
801 1300 854 1328 vid.
876 1306 923 1327 co
936 1307 1087 1327 Nomio.

79 1348 96 1369 C
108 1348 127 1369 0
138 1350 159 1369 N
168 1348 184 1369 C
192 1349 208 1369 E
217 1349 236 1368 R
245 1349 266 1368 N
276 1348 310 1374 Ο,
330 1341 418 1373 crem,
439 1344 540 1367 cretum
548 1357 556 1371 ,
574 1341 628 1366 ere.
653 1337 799 1373 [συνθεω-ριῒι,
813 1338 871 1363 Vct.
885 1336 987 1369 Glossl]
1020 1336 1087 1362 Idem

44 1381 131 1410 aimit,
151 1377 215 1414 quod
233 1377 320 1409 Cerno,
334 1376 440 1404 laudant
459 1386 487 1403 ue
522 1375 579 1402 Cic.
598 1374 631 1401 de
644 1374 719 1401 Petit.
734 1373 812 1399 Cons.
827 1374 856 1398 16
878 1379 925 1404 c.5
969 1371 1050 1405 Quod
1069 1371 1087 1398 fi

43 1414 103 1441 satis
117 1414 184 1448 grati
199 1413 319 1440 homines
334 1413 425 1444 essent,
465 1420 509 1438 acc
523 1410 575 1437 tibi
587 1409 679 1436 onmia
691 1415 780 1443 parata
793 1408 841 1434 effe
855 1406 1006 1440 debebant,
1024 1407 1088 1434 licut

43 1456 133 1484 parata
146 1450 195 1476 else
207 1457 347 1476 concerno.
401 1449 442 1476 Sic
455 1448 573 1474 editiones
581 1447 710 1480 pleraeque
723 1451 781 1470 ante
795 1445 869 1470 Grut.

41 1488 114 1521 gitur
138 1495 166 1511 ex
188 1482 339 1511 austoritate
363 1484 470 1518 Exempl.
495 1481 619 1508 Confido.
831 1476 851 1516 fl
879 1487 896 1506 2
931 1480 1088 1511 Concerno,

40 1523 59 1546 i.
87 1520 192 1553 Cribro,
214 1530 301 1552 cerno,
313 1519 357 1555 [εκ
366 1526 457 1554 purgo.
514 1515 653 1551 Augustin.
671 1515 786 1542 Confess‘.
801 1522 824 1548 5,
844 1524 872 1541 10
899 1515 999 1541 Talem
1014 1521 1088 1541 natu-

0 1720 1 1727 .
38 1704 62 1724 ee
81 1698 160 1733 Carpo
184 1697 248 1724 idem
262 1697 337 1738 ⁷quod
363 1697 510 1737 piscerpere
522 1694 670 1736 fignificat,
690 1702 714 1721 et
726 1695 872 1721 dilacerare.

7 2984 11 2988 '
31 2979 172 3009 Diateffica
182 2979 301 3017 profesta
316 2980 434 3014 videtur,
445 2980 472 3015 fi
486 2982 589 3008 Laertio
602 2980 732 3008 credimus.

10 3412 21 3437 l*
33 3415 123 3444 cerus,
142 3416 168 3437 et
187 3408 293 3445 grandis
312 3409 394 3436 etiam
410 3410 483 3436 fuit:

0 3520 14 3571 [².

0 3596 9 3608 .

3 3630 8 3639 .

40 1563 97 1582 ram
110 1556 166 1582 eius
185 1556 255 1583 nasci
272 1564 326 1581 non
338 1555 407 1589 posse
424 1553 456 1579 de
468 1553 555 1579 Maria
567 1552 675 1586 virgine
687 1550 853 1585 arbitrabar,
873 1550 921 1577 nifi
936 1551 1010 1577 carni
1027 1559 1089 1577 con-

40 1596 202 1618 cerneretur.
452 1597 464 1621 3
501 1589 685 1620 Concernere,
710 1595 756 1622 pro
770 1589 905 1619 Attinere,
932 1585 965 1619 est
985 1589 1090 1613 extremi

37 1626 191 1662 barbarismi.

73 1667 90 1688 c
98 1668 117 1688 0
127 1669 150 1688 Ν
159 1668 175 1689 C
184 1668 200 1688 Ε
209 1668 227 1688 R
237 1668 252 1688 P
261 1667 280 1688 O
289 1681 298 1694 ,
323 1660 359 1696 pfl
367 1680 376 1694 ,
398 1667 472 1696 ptum
481 1680 489 1692 ,
513 1662 567 1686 ere.
604 1657 811 1694 [διασπαρέσσω]
847 1660 995 1720 Augethqim
1007 1659 1088 1690 verbi,

949 1703 984 1719 iu.
1078 1701 1088 1707 ·

37 1732 204 1768 Librumque
217 1738 330 1760 rationis
345 1741 418 1764 eius,
440 1741 523 1766 quum
535 1732 649 1758 Lucium
667 1731 778 1756 fratrem
798 1729 893 1756 afferre
911 1699 1087 1761 iuffiffeiff'ssff

20 1783 21 1788 =
37 1769 170 1804 spectante
189 1769 285 1796 Senatu
306 1768 358 1794 suis
376 1768 462 1802 ipsum
483 1767 605 1794 manibus
624 1765 818 1801 concerpfisset,
839 1763 1020 1800 indignatum,
1040 1772 1087 1791 etc.

38 1805 94 1832 Cic.
110 1806 163 1832 Att.
181 1814 220 1837 10,
234 1813 264 1838 14
284 1806 346 1836 (12.)
367 1804 416 1830 Tu
433 1810 522 1830 tamen
541 1811 583 1829 eas
600 1801 738 1837 epistolas,
757 1801 856 1837 quibus
875 1801 990 1836 asperius
1008 1801 1041 1827 de
1053 1809 1086 1827 eo
1100 1809 1134 1835 45¹
1151 1802 1283 1828 Cochleae
1297 1809 1406 1837 propter
1424 1802 1588 1829 admittenda
1602 1803 1745 1837 spiramina
1759 1803 1938 1831 infodiuntur.

37 1841 140 1875 scripsi,
160 1840 304 1876 aliquando
317 1840 480 1874 concerpito.
554 1838 742 1874 Metaphorice‚
766 1843 796 1863 vt
807 1839 928 1863 Lacerare
936 1857 945 1870 ,
968 1836 1003 1863 ad
1015 1838 1088 1863 maie-

37 1875 108 1903 ditia
123 1884 146 1903 et
160 1877 288 1903 verborum
301 1877 461 1902 contumelias
480 1873 602 1910 refertur.
654 1874 712 1900 Cic.
725 1874 796 1900 Fam.
810 1878 833 1905 8,
848 1875 864 1899 6
885 1873 966 1907 Qiod
980 1872 1032 1899 tibi
1048 1873 1088 1898 su-

35 1922 83 1948 pra
101 1912 205 1947 scripsi,
229 1912 378 1939 Curionem
396 1911 473 1938 valde
490 1911 609 1945 frigere:
632 1909 688 1936 iam
707 1909 782 1935 calet.
817 1918 879 1936 nam
897 1908 1088 1935 feruentiffime

8 1947 11 1950 ’
37 1950 215 1984 concerpitur.

72 1991 90 2012 C
98 1991 118 2012 O
125 1992 146 2011 N
155 1991 172 2012 C
181 1990 198 2010 E
205 1991 224 2010 R
233 1989 248 2009 P
258 1990 281 2011 Τ
289 1989 310 2009 V
319 1990 332 2010 S
340 2003 349 2016 ‚
369 1991 398 2014 a,
424 1991 479 2009 um.
519 1981 614 2008 Partic.
650 1976 890 2016 [διεσπαραγμένος]

36 2026 126 2055 scrpta
139 2019 249 2046 linteola
263 2019 328 2045 Plin.
344 2023 384 2049 28,
398 2025 432 2050 15.
480 2019 512 2044 Et
523 2026 562 2050 21,
576 2026 598 2049 3.
654 2016 724 2044 Add.
741 2024 780 2049 29,
795 2025 821 2050 4.
854 2024 889 2050 31,
903 2025 928 2049 9.

74 2062 91 2083 c
99 2062 119 2083 ο
128 2063 150 2082 Ν
161 2061 178 2081 C
188 2062 205 2081 E
212 2061 232 2081 R
241 2061 262 2081 ‘r
272 2061 291 2081 0
300 2074 308 2086 ‚
333 2058 386 2081 are.
423 2052 650 2088 [συναγωνίζομαι]
688 2054 766 2080 Simul
779 2059 875 2078 certare
894 2059 918 2079 et
933 2051 1086 2079 contendere.

37 2091 153 2118 Pseudo·
163 2091 220 2118 Cic.
244 2096 385 2124 antequam
405 2090 457 2117 iret
473 2090 501 2116 in
513 2090 576 2116 exil.
605 2089 684 2115 Nunc
697 2088 782 2123 igitur
795 2087 813 2114 fi
827 2088 918 2121 lingua
930 2088 966 2114 est
979 2097 1087 2114 concer-

37 2127 164 2159 tandum,
185 2126 353 2154 innocentiae
366 2126 466 2153 virtute
481 2126 565 2152 fretus
577 2125 681 2159 super0.
752 2123 884 2149 Columel.
898 2129 921 2155 8,
936 2131 961 2155 ις
982 2125 1017 2149 Vt
1032 2123 1086 2148 sine

268 2198 426 2223 Concertare
444 2205 503 2222 cum
517 2195 637 2225 inimico,
644 2193 795 2228 Confligere
807 2201 868 2219 cum
882 2191 956 2218 hoste
970 2193 1025 2218 Cic.
1035 2200 1084 2226 pro

37 2204 196 2224 concertent.

335 2231 408 2258 Idem
426 2231 459 2258 de
471 2231 567 2258 Natur.
582 2230 663 2257 Deor.
676 2238 700 2264 3,
712 2237 731 2263 4
755 2230 793 2255 Ex
805 2237 838 2255 eo
850 2229 934 2263 igitur
954 2233 980 2254 et
992 2228 1085 2260 Lisyto

36 2234 106 2267 Lege
120 2232 212 2259 Manil.
225 2237 264 2262 28-

0 2279 3 2294 ;
35 2268 73 2295 est
86 2269 110 2295 is
123 2267 265 2300 Hercules,
286 2275 366 2302 quem
377 2267 533 2294 concertasse
545 2275 605 2292 cum
618 2265 744 2300 Apolline
763 2264 795 2291 de
807 2263 914 2299 tripode
928 2264 1084 2299 accepimus.

0 2303 7 2325 '¹
34 2304 104 2332 Ter.
119 2303 231 2338 Adelph.
247 2311 270 2336 2,
284 2311 307 2336 2,
324 2311 337 2329 2
370 2303 444 2338 Quid
462 2302 527 2329 istuc
546 2301 644 2328 Sannio
667 2301 720 2331 est,
746 2300 819 2335 quod
839 2306 865 2327 te
891 2299 972 2327 audio
992 2300 1083 2327 nescio

504 2337 562 2364 Cic.
578 2338 630 2364 Att.
643 2345 667 2370 3,
680 2345 705 2364 ¹2
726 2336 775 2363 Sed
788 2336 852 2372 quia
867 2345 1005 2372 nunquam
1017 2336 1084 2362 acci·
1093 2343 1129 2368 60
1147 2335 1231 2366 debet,
1247 2335 1313 2370 quod
1331 2336 1438 2362 celebrat
1450 2336 1498 2372 fiab
1518 2338 1592 2363 titulo
1609 2337 1718 2364 Concha
1738 2338 1848 2365 Serenae
1862 2339 2023 2368 Claudianus
2042 2344 2126 2378 epigr.
2141 2351 2154 2377 5
2175 2348 2204 2370 in

35 2339 102 2375 quid
115 2339 272 2366 concertasse
285 2347 346 2365 cum
359 2338 426 2365 hero
439 2340 450 2365 ἒ

34 2376 90 2408 dit,
110 2381 139 2402 vt
153 2384 214 2402 cuni
226 2383 258 2401 eo
271 2373 357 2401 verbo
370 2383 425 2401 vno
438 2374 623 2400 concertarim.
1058 2405 1064 2409 -

70 2418 88 2439 c
96 2418 116 2438 o
125 2418 147 2438 N
155 2416 172 2438 c
180 2418 197 2438 E
206 2417 225 2437 R
233 2417 254 2437 Τ
265 2417 286 2437 Α
296 2417 317 2437 Τ
326 2417 347 2436 ν
355 2417 368 2437 s
377 2430 386 2443 ,
406 2419 434 2441 a,
459 2419 512 2437 um.
549 2410 644 2436 Partic.
688 2406 922 2443 [συνηγωνισμένος]
976 2405 1035 2431 Cic.
1055 2413 1086 2430 m

33 2447 124 2474 Partit.
137 2455 173 2481 99
193 2456 215 2473 c.
228 2451 256 2476 28
282 2447 358 2479 Quae
378 2446 460 2472 etiam
479 2445 497 2472 fi
517 2451 658 2480 antequam
677 2453 719 2471 res
738 2445 768 2470 in
786 2443 918 2469 iudicium
932 2441 1022 2473 venit,
1039 2446 1084 2467 aut

36 2488 200 2515 concertata,
219 2488 264 2509 aut
276 2481 436 2514 diiudicata,
456 2487 502 2508 aut
514 2481 636 2508 confech
650 2488 706 2506 non
718 2480 792 2505 sunt:
818 2483 922 2508 tamen,
941 2482 987 2503 etc.

69 2523 382 2550 coNCERTAT10‚
407 2517 478 2544 onis.
513 2517 534 2543 f.
571 2514 718 2551 [α’γώνισις]
793 2548 797 2552 .

34 2555 109 2582 causa
126 2563 221 2590 magna
240 2553 403 2580 concertatio
424 2552 532 2578 exstitit.
604 2551 661 2576 Cic.
682 2549 714 2575 de
734 2549 828 2575 Dium.
849 2557 874 2580 1,
895 2549 929 2574 62
955 2548 1082 2582 Namque

33 2589 180 2618 Carneades
192 2588 399 2616 concertationis
413 2587 524 2620 Studio,
542 2585 625 2613 modo
639 2585 676 2611 ait
690 2583 757 2617 hoc,
775 2583 856 2610 modo
870 2583 945 2610 illud.
1008 2583 1082 2610 Idem

34 2635 84 2661 pro
95 2626 165 2652 Sext.
179 2632 215 2660 77
240 2623 356 2650 Caedem
375 2631 442 2649 vero
458 2627 572 2653 tantam,
591 2627 676 2648 tantos
694 2629 802 2647 aceruos
821 2628 965 2654 corporum
985 2619 1083 2645 exstru-

37 2661 109 2693 ὀὶοε,
127 2659 177 2686 nisi
195 2660 267 2686 forte
285 2657 334 2685 illo
350 2657 474 2684 Cinnano
494 2663 573 2692 atque
591 2656 741 2684 octauiano
759 2656 819 2687 die,
840 2656 899 2691 quis
916 2664 1034 2690 vnquam
1053 2655 1082 2681 in

36 2696 100 2723 foro
112 2694 203 2722 vidit?
235 2702 287 2729 qua
302 2702 333 2720 cx
347 2693 544 2720 concertatione
552 2693 712 2720 Animorum
726 2694 735 2719 3

36 2732 109 2758 idem
125 2731 246 2758 censente
259 2729 325 2756 Plin.
338 2738 381 2762 29,
396 2738 415 2756 1.
476 2729 532 2756 Cic.
546 2729 574 2756 in
586 2729 675 2756 Partit.
688 2734 715 2760 81
741 2727 899 2762 Disputandi
912 2727 1081 2762 prudentiam

33 2768 155 2794 imitatur
169 2766 331 2793 concertatio
342 2765 510 2800 captatioque
517 2764 679 2792 Verborum.
733 2765 855 2800 Loquitur
868 2763 896 2790 de
912 2766 1002 2796 vitiis,
1023 2773 1083 2799 quae

33 2802 212 2838 affimulatione
224 2800 327 2838 quadam
341 2807 366 2828 et
378 2804 511 2828 vicinitate
525 2804 643 2828 virtutem
654 2801 805 2827 aemulentur
814 2819 823 2832 ,
841 2802 937 2835 eiusque
948 2799 1080 2836 personam

33 2838 149 2865 induant.
204 2838 328 2864 Caeterum
347 2837 388 2864 hic
401 2837 635 2864 concertationem
654 2835 776 2872 appellat,
795 2835 842 2871 riv,
857 2835 964 2871 ἐριςικῆν.
1022 2837 1079 2862 Duo

32 2911 141 2946 Gorgias
153 2910 289 2936 Leontinus·
301 2908 362 2945 fuit
374 2919 382 2935 .-
410 2910 514 2936 alterum
524 2908 607 2944 fimile
618 2910 692 2935 Diale
721 2910 831 2940 icor-um,
852 2917 948 2939 eorum,
968 2912 1011 2944 qui
1024 2908 1080 2934 Eri-

31 2946 90 2973 ttici
104 2945 271 2977 uocabantur,
287 2944 352 2971 vnde
369 2945 464 2980 ἐριςικοὶ
478 2944 548 2978 λόγοι
562 2944 629 2981 apud
639 2943 797 2977 Aristotelem
806 2963 814 2976 ,
834 2953 850 2970 a
863 2943 952 2979 quibus
965 2942 1082 2977 Eristicis

781 2980 813 3006 In
827 2979 871 3006 hos
885 2986 908 3006 et
919 2981 1012 3006 alteros
1024 2989 1081 3016 quo-

32 3025 79 3053 que
96 3016 217 3052 Uoc-rates
236 3019 266 3043 in
284 3016 364 3044 libello
383 3023 472 3043 contra
491 3015 626 3052 Sophistas.
672 3014 810 3042 Turnebus.
868 3016 906 3042 De
924 3015 966 3042 his
977 3016 1081 3051 pulchre

1012 3124 1082 3151 Ter.

34 3158 147 3194 Adelph.
159 3167 186 3192 2,
199 3167 226 3192 2,
240 3167 259 3192 4
279 3158 427 3194 Nunquam
439 3160 498 3187 vidi
512 3161 630 3196 iniquius
643 3159 878 3187 Concertationem
892 3166 1082 3194 comparatam,

33 3204 114 3232 quam
133 3203 202 3230 quae
219 3193 299 3221 hodie
318 3195 388 3222 inter
405 3205 455 3222 nos
473 3196 547 3223 fuit:
581 3205 631 3232 ego
644 3195 811 3231 vapulando,
831 3195 878 3221 ille
896 3195 1082 3232 verberando,

32 3240 116 3267 vsque
135 3230 216 3257 ambo
230 3229 317 3256 defeffi
329 3231 425 3258 sumus.
854 3236 859 3238 ⁷

69 3274 87 3295 c
95 3273 115 3294 o
125 3273 147 3292 N
155 3273 172 3294 c
181 3273 224 3293 ER
233 3273 256 3293 T
265 3267 313 3293 ᾸΤ
321 3272 341 3293 o
349 3273 382 3298 R,
409 3267 475 3294 oris.
510 3276 547 3294 m.
582 3268 674 3296 Tacit.
689 3268 757 3294 Ann.
777 3275 807 3300 ¹4
815 3286 822 3298 ,
841 3275 884 3301 29,
904 3275 917 3299 3
947 3267 1082 3294 Paullinus

20 3304 22 3306 '
43 3303 142 3331 cientia
153 3302 269 3328 militiae
286 3306 313 3328 et
325 3311 433 3330 rumore
446 3303 540 3338 populi
553 3304 717 3332 Corbulonis
731 3308 906 3330 concertator.

42 3355 45 3357 ·
69 3346 87 3368 C
96 3346 116 3366 0
124 3346 147 3366 N
157 3344 174 3366 C
185 3345 202 3366 E
210 3345 229 3364 R
238 3345 260 3364 Τ
267 3344 290 3364 Α
298 3343 320 3363 Τ
328 3344 348 3364 0
356 3345 375 3365 R
384 3346 393 3366 1
403 3346 424 3365 V
432 3345 446 3365 S
453 3358 461 3370 ,
480 3347 505 3372 a,
524 3348 579 3366 um.
605 3340 667 3367 Adi.
696 3337 860 3374 [drammatis]
895 3338 952 3365 Cic.
968 3337 1000 3366 de
1009 3338 1081 3366 Clar.

18 3375 107 3403 rotat.
122 3377 169 3405 286
195 3383 217 3400 c.
232 3378 260 3406 83
287 3373 464 3406 Thucydides
477 3375 548 3402 enim
567 3385 657 3403 rerum
676 3375 807 3410 gestarum
826 3375 1015 3410 pronuntiator
1033 3375 1081 3401 sin-

33 3455 90 3473 non
100 3445 222 3474 uastauit
237 3455 326 3481 genus.

72 3487 90 3509 C
100 3487 120 3509 0
127 3487 150 3508 N
157 3488 176 3517 9
185 3489 203 3510 E
212 3489 231 3508 R
240 3489 261 3509 T
269 3489 292 3508 Α
299 3488 321 3508 T
331 3481 343 3507 ῐ
353 3487 374 3506 v
381 3487 404 3507 v
412 3487 442 3513 S,
458 3489 483 3514 a,
504 3489 560 3508 um.
593 3481 656 3509 Adi.
679 3482 723 3509 vbi
734 3488 844 3509 mutuum
854 3489 878 3508 et
889 3483 957 3509 velut
971 3484 1080 3517 recipro-

34 3526 88 3544 cum
105 3524 226 3544 certamen
245 3515 286 3550 qsl.
334 3515 466 3550 Quinctil.
479 3524 507 3551 7,
523 3525 549 3550 2,
561 3525 579 3550 9
607 3519 702 3550 Mutua
721 3517 866 3551 accusatio,
887 3527 967 3553 quam
984 3517 1080 3545 Graeci

34 3552 232 3588 ἐντικαςηγορίαν
249 3559 360 3584 vocant,
378 3552 462 3579 nostri
478 3552 587 3587 quidam
600 3554 816 3581 concertatiuam.

69 3629 87 3650 C
96 3630 116 3651 0
124 3629 174 3650 Nc
182 3629 206 3652 H
214 3629 236 3651 A
244 3643 254 3657 ,
276 3633 315 3652 ae.
351 3625 371 3651 f.
409 3623 529 3659 [κόγχη]
566 3625 648 3665 Genus
655 3625 736 3660 piscis
750 3622 813 3658 testa
829 3623 975 3652 comestum.
1012 3625 1078 3652 Ptin.

0 3672 4 3679 r
34 3667 62 3693 9,
73 3656 105 3700 e²33¹
124 3659 143 3686 s.
157 3665 185 3692 52
213 3659 354 3688 Firmior-is
374 3661 427 3687 iarn
443 3660 522 3687 testae
539 3668 672 3693 murices,
688 3665 714 3686 et
739 3659 900 3686 concharum
920 3669 1034 3695 genera,
1050 3661 1079 3687 in

4 3703 7 3712 ³
35 3695 132 3730 quibus
152 3703 246 3729 magna
263 3695 377 3724 ludentis
396 3703 506 3724 naturae
525 3696 658 3723 varietas:
693 3701 733 3722 tot
751 3695 875 3722 colorum
895 3695 1078 3729 differentiae,

0 3736 1 3740 ¹
35 3736 76 3757 tot
89 3729 204 3765 figurae,
225 3729 324 3764 planis,
339 3733 478 3765 eoncauis,
498 3732 602 3766 longis,
623 3731 736 3764 lunatis,
754 3731 783 3758 in
795 3731 889 3758 orbem
902 3732 1078 3764 circumactis,

35 3766 152 3793 dimid'm
165 3765 232 3792 orbe
245 3765 335 3798 caefi.)
354 3767 383 3794 in
395 3768 503 3795 dorsum
517 3768 608 3802 elatis,
624 3767 745 3800 lenibus,
765 3767 881 3801 fugati&
900 3767 1078 3802 ‘lentiffllatiss
1087 3780 1135 3799 100
1142 3771 1338 3804 conchylium,
1355 3779 1530 3805 nonnunquam
1549 3780 1634 3797 nomen
1650 3772 1764 3807 generale
1781 3769 1816 3795 ad
1832 3776 1913 3794 omnes
1932 3766 2053 3798 conchas,
2073 3772 2097 3792 et
2116 3765 2188 3792 habet

16 3807 20 3815 ’
35 3801 151 3842 striatis:
185 3801 285 3828 vertice
304 3803 455 3831 muricatim
474 3805 592 3837 intorto,
611 3804 732 3839 margine
751 3803 779 3829 in
797 3811 953 3829 mucronem
971 3803 1078 3836 emisso,

35 3836 105 3877 foris
124 3835 224 3878 effinse-2.
250 3837 320 3864 intus
341 3839 490 3874 replicato:
525 3840 579 3867 iam
601 3839 772 3867 distinetione
789 3838 936 3873 virgulata,
965 3839 1078 3873 crinita,

35 3871 336 3914 crispahoumculatim,
353 3874 506 3908 pectinatim
521 3876 620 3907 diuisa,
641 3875 804 3902 imbricatim
823 3873 937 3907 vndata,
954 3875 1078 3902 cancella-

35 3915 86 3935 tim
99 3907 236 3935 reticulata
249 3917 255 3934 :
281 3917 310 3936 ui
323 3909 481 3945 obliquum,
493 3913 522 3939 in
531 3912 635 3939 reolum
650 3912 760 3946 expansa
775 3922 780 3937 :
812 3910 931 3943 densata,
945 3911 1076 3945 porrecta,

35 3943 132 3973 finum
146 3954 152 3971 :
182 3943 260 3971 breui
271 3945 343 3972 nodo
355 3945 458 3982 ligatio,
473 3953 533 3976 toto
545 3948 627 3977 latere
640 3948 777 3980 connexis,
789 3946 822 3974 ad
838 3946 960 3981 plausum
970 3947 1078 3982 apertis,
1093 3961 1135 3988 ,ος
1142 3948 1304 3984 perforando
1315 3948 1419 3984 reliqua
1432 3948 1586 3982 conchylia:
1611 3955 1682 3975 tanta
1695 3947 1794 3975 duritia
1806 3944 1899 3972 aculeo
1913 3943 1959 3972 cst.

190 3985 278 4009 vot..
311 3981 334 4009 1.

180 559 251 584 Caes.
267 557 329 584 Bell.
342 553 423 582 Ciuil.
437 561 458 586 3,
473 561 506 588 72
531 554 578 580 Per
593 554 687 580 orbem
703 561 848 588 terrarum,
869 554 939 580 fama
957 562 985 579 ac
1005 552 1090 578 literis
1108 563 1137 580 10

417 909 599 946 [συγκρόπτω]
649 909 733 942 Idem,
759 908 825 944 quod
846 908 980 944 diligenter
999 908 1092 934 Celare.
1111 919 1143 937 20
1156 914 1237 933 catur.

81 1275 468 1301 CONCEPTACVLVM,
504 1273 761 1299 CONCEPTio,
799 1271 1088 1293 CONCEPTIVAE
1107 1279 1119 1303 3

914 1443 962 1471 Sed
975 1444 1004 1469 ab
1019 1453 1043 1469 eo
1056 1445 1088 1469 Ie·
1106 1446 1134 1472 33
1154 1443 1240 1478 Calig.

943 1981 992 2012 Vt,
1018 1981 1089 2007 Con·
1105 1989 1136 2017 50
1151 1980 1225 2008 chae.
1262 1984 1324 2009 Sane
1331 1982 1445 2022 pistores
1457 1983 1572 2019 hodieque
1578 1983 1638 2019 suos
1651 1984 1743 2009 colores
1756 1987 1782 2008 in
1796 1984 1897 2010 conchis
1910 1994 2044 2013 macerant.

39 2162 246 2197 impedimento,
273 2171 356 2196 quum
375 2162 511 2196 apricitate
530 2160 585 2186 diei
605 2159 718 2193 gestiunt
735 2166 813 2189 aues,
838 2158 920 2182 nandi
940 2157 1085 2183 velocitate
1104 2168 1132 2195 53
1149 2158 1212 2183 chae
1225 2158 1344 2189 ferreae,
1365 2158 1464 2194 quibus
1479 2159 1599 2194 depletur
1611 2160 1702 2186 oleum
1717 2160 1847 2187 Coliunel.
1864 2170 1902 2194 12,
1918 2172 1958 2194 50.

767 2513 833 2539 Plin.
847 2521 895 2544 20,
918 2517 943 2542 18
970 2513 1031 2546 Qia
1050 2511 1082 2538 de
1098 2516 1130 2548 65
1146 2513 1257 2541 Concha
1270 2515 1390 2548 caerula,
1404 2522 1454 2551 pro
1467 2516 1546 2542 Caelo.
1582 2518 1669 2544 Varro
1682 2516 1714 2543 de
1727 2519 1756 2544 L.
1764 2519 1794 2545 L.
1808 2521 1832 2545 6.

33 2877 98 2901 enim
116 2882 207 2911 genera
225 2870 393 2909 Sophdtarum
407 2873 518 2910 suerunt
539 2875 612 2906 olim,
629 2882 704 2899 vnum
733 2871 799 2898 imile
819 2871 977 2905 oratoribus,
998 2873 1081 2907 qualis
1093 2881 1125 2909 75
1141 2873 1239 2900 bilicos
1252 2873 1377 2901 lectitasse
1390 2875 1479 2902 Valet.
1494 2876 1606 2902 Maxim.
1621 2882 1645 2910 8,
1658 2883 1682 2910 3,
1697 2887 1715 2904 1.

34 3053 92 3080 Cic.
104 3051 136 3079 de
149 3052 223 3092 Qrat.
236 3060 257 3084 ι,
271 3060 320 3087 ¹94
339 3061 361 3078 c.
375 3061 407 3086 43
433 3053 500 3079 Non
512 3053 624 3079 infinitis
645 3051 927 3086 concertationumque
944 3052 1028 3086 plenis
1042 3051 1080 3078 di·
1095 3061 1127 3087 80
1141 3054 1304 3089 chylileguli.

0 3098 4 3107 ·
32 3086 238 3124 sputationibus,
250 3087 294 3114 sed
305 3087 465 3115 auctoritate
475 3095 595 3124 nutuque
608 3089 697 3123 legum
710 3087 823 3113 domitas
837 3086 935 3114 habere
945 3087 1081 3114 libidines.

31 3126 75 3152 Sic
88 3123 261 3150 Concertatio
273 3123 302 3149 in
315 3123 473 3158 disputando
486 3125 606 3159 pertinax
619 3125 694 3151 Idem
707 3124 739 3150 de
753 3123 811 3150 Fin.
827 3131 846 3154 1,
857 3131 891 3158 27
912 3132 934 3150 c.
949 3129 970 3154 Β.

518 3410 693 3440 hoc.forense
711 3411 936 3438 concertatorium
953 3411 1080 3437 iudiciale
1088 3425 1125 3451 90

1531 145 1565 184 c
1647 145 1682 184 o
1765 145 1808 184 N
2109 163 2201 204 1093

1156 229 1189 256 ad
1208 228 1351 270 buccinum
1372 232 1500 258 recuruis.
1561 233 1696 268 Nauigant
1717 243 1749 261 ex
1768 234 1810 261 his
1826 235 1970 266 Veneriae,
1996 241 2202 277 praebentesque

1155 267 1352 307 concauanlsui
1367 273 1467 303 partein
1479 273 1508 306 *et
1523 276 1600 294 aurae
1615 277 1774 304 opponentes
1784 291 1792 303 ,
1806 280 1852 304 per
1864 272 1964 297 suuima
1979 281 2122 307 aequorum
2138 279 2201 304 veli-

1156 300 1242 342 ficant.
1297 302 1398 327 Saliunt
1415 304 1548 336 peclinCS,
1567 310 1591 329 ct
1615 313 1687 331 extra
1709 307 1838 337 volitant,
1863 308 1940 341 seque
1963 314 1989 333 et
2009 309 2053 342 ipli
2075 313 2200 340 carinam.

1155 336 1251 375 Dei-nde
1268 345 1290 362 c.
1304 346 1331 369 35
1352 338 1384 363 ati
1397 339 1503 364 conchas
1520 338 1601 373 refert
1616 342 1757 375 Pru-puras,
1776 342 1939 375 conchylia,
1958 344 2122 377 Margaritas.
2158 364 2202 368 —-

1155 372 1241 405 Origo
1255 378 1333 412 atque
1347 374 1469 407 genitura
1482 374 1596 400 conchae
1609 380 1802 413 nim-garitarum
1812 398 1819 410 ,
1840 378 1876 404 cst
1891 378 1958 405 haud
1979 381 2092 406 multum
2107 382 2202 409 ostrea-

1155 417 1214 433 rum
1228 409 1334 434 conchis
1350 409 1473 435 differens
1509 424 1554 428 -—
1593 412 1732 443 pandentes
1754 414 1777 438 se
1799 414 1910 448 quadam
1930 415 2086 441 oscitatione
2122 432 2165 436 —

1115 377 1128 403 5

1156 449 1313 477 partumque
1333 445 1494 471 concharum
1513 445 1562 470 css'c
1582 448 1743 480 margaritas.
1810 450 1905 475 Deinde
1927 451 1944 476 s.
1962 459 1988 483 55
2023 450 2130 478 Concha
2150 453 2203 486 ipsa

1156 488 1216 518 cuin
1240 488 1348 520 manum
1365 480 1458 520 videt,
1482 481 1638 514 comprimit
1660 483 1711 508 sese
1748 498 1793 503 —
1828 494 1989 520 manumque
2005 486 2021 513 fi
2037 489 2203 521 praeueniat,

1155 523 1210 541 acie
1224 514 1268 540 sua
1280 515 1419 541 abscindit.
1455 531 1500 536 ——
1536 516 1703 543 Concharum
1719 520 1839 546 examina
1854 522 2037 555 nomznatficut
2051 530 2122 557 opum
2132 543 2138 555 ‚
2158 530 2202 549 etc.

1156 552 1193 576 De
1202 557 1317 584 purpura
1337 551 1443 590 l7ucret.
1459 560 1481 583 2,
1497 559 1545 584 500
1573 552 1760 587 Meliboeaque
1783 555 1886 589 fulgens
1922 558 2037 592 Purpura
2051 559 2204 586 'l'heflhlico

1155 585 1317 611 concharum
1331 587 1414 612 tincta
1429 588 1528 613 colore.
1601 589 1711 620 Erycina
1726 590 1832 622 concha,
1848 591 1916 618 aliia
1932 594 1960 618 ab
1974 595 2080 628 epitheto
2093 596 2205 626 Venerit,

1157 630 1198 653 ea,
1215 630 1288 660 equa
1300 625 1453 657 margaritae
1468 626 1584 655 ueniunt,
1604 624 1668 659 quot!
1686 624 1780 651 dimm-
1801 628 1881 652 limos
1901 638 1911 653 e
1923 634 2013 655 concha
2032 634 2129 657 marina
2145 638 2203 665 pro-

1157 655 1225 690 diiſje
1239 659 1359 691 Propert.
1372 666 1395 689 3,
1410 666 1441 689 11,
1457 660 1473 683 6
1494 659 1524 684 Et
1538 660 1612 685 venit
1631 668 1645 684 c
1659 660 1742 686 rubro
1756 661 1854 687 concha
1870 664 1979 695 Erycina
1999 666 2061 691 salo.
2123 668 2204 692 Etiam

1157 694 1300 719 Piscatores
1314 692 1381 728 apud
1394 692 1475 719 Plaut.
1490 702 1515 724 2,
1535 703 1553 726 1,
1571 697 1596 720 16
1618 696 1749 722 Venerem
1764 699 1890 729 inaurant,
1905 707 1933 724 vt
1947 710 1973 726 ea
1981 702 2031 734 Jiln'
2044 702 2203 728 concharum

1114 738 1138 764 ¹3
1153 729 1278 766 piscatum
1292 728 1397 755 adimet.
1453 729 1517 754 Inda
1539 731 1655 764 Propert.
1668 740 1687 760 1,
1697 738 1720 763 8,
1733 739 1772 763 39.
1800 733 1918 759 Marinae
1931 736 2012 761 Ouid.
2023 738 2085 763 Met.
2096 746 2118 767 1,-
2142 742 2202 771 264.

1159 764 1264 797 Patula,
1292 764 1344 790 vitl.
1359 764 1383 791 h:
1398 773 1422 790 υ.
1496 764 1627 798 Plagusmc
1641 768 1772 799 conchae,
1792 772 1952 795 nonzinantur
1965 781 1978 796 a
1992 772 2083 799 Plauto
2099 761 2164 799 R'nd.
2182 783 2204 805 ε,

1158 809 1178 833 1,
1193 806 1206 830 8
1234 810 1280 835 quo
1295 803 1390 826 nomine
1402 809 1442 826 eas
1456 803 1542 839 yenire
1556 800 1684 833 millium,
1703 812 1763 837 quat
1775 802 1881 836 crustam
1896 811 2029 841 tegumenti
2043 810 2119 834 latam
2131 817 2205 844 patu-

1156 838 1251 870 lamque
1272 836 1378 868 habent,
1399 837 1464 871 quasi
1483 835 1633 862 πλακόεσσαι
1650 837 1774 863 dicantur.
1834 842 1900 865 Nam
1915 852 1928 866 a
1953 844 2050 868 πλακές
2068 844 2196 871 rictliicitur

1157 881 1202 907 quo
1215 876 1310 897 nomine
1325 882 1396 908 quum
1403 871 1441 906 sit
1454 881 1524 898 mons
1536 872 1654 904 Ciliciae,
1674 872 1737 897 idem
1757 880 1836 899 tamen
1851 880 1923 901 etiam
1939 887 2007 903 mont
2020 878 2147 905 Placulius
2166 865 2206 906 210³

1276 909 1317 934 Sic
1335 907 1473 934 Turnebus.
1516 907 1640 933 Placusias
1655 910 1728 933 etiam
1738 909 1830 942 probat
1845 912 1982 945 Salnmjius,
1996 921 2019 939 et
2035 924 2049 939 (ι
2062 916 2196 941 [πῐεωίῐηο

1156 945 1238 978 qualis
1259 941 1292 976 est
1308 945 1496 978 placentarum,
1516 944 1561 968 τῶν
1581 943 1740 975 othmari-mr,
1760 941 1842 968 <licias
1858 953 1941 979 putat.
2012 950 2105 976 Claud.
2128 937 2205 977 Cous,⁴

1158 980 1229 1004 Hon.
1245 986 1268 1010 3,
1281 988 1333 1011 209
1354 980 1442 1005 Vobis>
1455 980 1536 1005 rubra
1551 979 1651 1005 dabunt
1664 979 1789 1013 pretiosas
1805 988 1922 1014 aequora
1937 984 2056 1010 conchas.
2112 988 2206 1022 Ixjmzpe

1156 1023 1167 1040 e
1182 1017 1247 1040 mari
1259 1015 1349 1046 rubro,
1362 1015 1386 1050 s.
1402 1015 1539 1049 Erythraeo
1553 1018 1656 1041 ueniunt
1668 1018 1831 1051 margaritae.
1888 1016 1998 1042 Tenues
2018 1021 2098 1046 Ouid.
2114 1024 2205 1049 [uuor.

1157 1057 1183 1082 2,
1203 1058 1236 1082 11,
1257 1059 1290 1082 13.
1366 1052 1498 1077 Venereae
1516 1050 1647 1083 conchae,
1668 1054 1758 1076 mentio
1777 1054 1850 1077 etiam
1870 1051 1935 1078 Plin.
1951 1061 1992 1083 3³,
2014 1063 2034 1079 11
2062 1057 2206 1090 Vencrcac,

1156 1121 1218 1153 Sed,
1239 1129 1267 1147 vt
1282 1121 1424 1157 posuimus,
1443 1131 1471 1148 ex
1491 1124 1566 1149 MSS.
1590 1122 1745 1149 Hui-dumus.
1808 1123 1905 1150 Seneca
1918 1124 1996 1158 Epist.
2012 1133 2037 1158 15
2064 1127 2197 1154 Vencrcae

1156 1156 1347 1192 spondylique,
1368 1164 1394 1184 et
1407 1157 1491 1185 ostrea
1507 1165 1613 1184 catenus
1628 1159 1795 1193 circumcisa,
1811 1168 1863 1194 qua
1877 1159 1999 1186 eduntur.
2055 1162 2127 1188 Viles
2142 1150 2207 1189 Hor’.

1156 1193 1238 1219 Scrm.
1254 1202 1282 1226 2,
1302 1203 1335 1227 4,
1354 1199 1389 1224 28-
1462 1194 1606 1229 complere
1627 1195 1650 1220 sc
1669 1194 1776 1220 conchis
1796 1195 1852 1221 Cic.
1866 1195 1898 1221 dc
1911 1196 2007 1222 Natus.
2022 1197 2103 1224 Deor.
2117 1206 2142 1229 2,
2162 1207 2209 1232 ¹24

1155 1229 1184 1254 dt
1200 1231 1311 1256 Plataico
1332 1233 1382 1256 aui.
1456 1230 1529 1256 Idem
1550 1230 1582 1256 dc
1596 1231 1670 1257 Orat.
1689 1239 1714 1262 2,
1732 1239 1765 1256 22
1791 1240 1813 1256 c.
1829 1233 1846 1257 6
1872 1232 1910 1258 Ita
1931 1232 1996 1258 solet
2018 1242 2125 1260 narrare
2139 1234 2211 1260 Scae—

1123 1280 1139 1297 0
1155 1264 1232 1297 vola,
1253 1265 1364 1292 conchas
1384 1274 1429 1292 eos
1447 1272 1473 1292 ct
1493 1265 1636 1292 vmbilicos
1657 1266 1688 1292 ad
1708 1267 1827 1292 Caietam
1849 1273 1874 1293 et
1894 1267 1925 1294 ad
1939 1269 2102 1295 Laurentum
2123 1270 2210 1305 legere

1156 1301 1296 1327 consucss'e.
1340 1302 1447 1328 Sueton.
1466 1303 1549 1336 Calig.
1559 1311 1580 1327 c.
1590 1305 1624 1335 46
1643 1302 1793 1334 Postremo,
1813 1303 1883 1337 quasi
1893 1310 2090 1338 perpetraturus
2099 1305 2210 1339 bellum,

1155 1336 1257 1363 directa
1276 1337 1331 1363 acie
1347 1338 1375 1363 in
1391 1338 1470 1364 litore
1484 1338 1600 1367 Oceani,
1622 1347 1650 1364 ac
1671 1337 1780 1364 ballistis
1801 1339 1986 1375 machinisque
2000 1334 2152 1375 dispositis,
2165 1351 2209 1369 ne-

1154 1373 1227 1398 mine
1241 1382 1324 1406 gnaro
1337 1380 1382 1399 aut
1397 1374 1522 1408 opinante
1537 1373 1663 1408 quidnam
1678 1381 1819 1408 coepturus
1834 1376 1903 1408 esset,
1923 1383 2041 1412 repente,
2055 1382 2083 1403 vt
2097 1378 2209 1405 conchas

1153 1408 1287 1442 legerent,
1314 1415 1339 1434 et
1359 1409 1426 1444 finus
1445 1410 1598 1444 replerent3
1639 1410 1790 1443 imperauit.
1864 1411 1934 1438 Add.
1953 1413 2043 1439 Aurel.
2062 1413 2158 1440 Victor
2180 1415 2209 1441 in

1312 1444 1433 1471 Pisciculi
1448 1447 1523 1480 parui
1537 1446 1566 1471 in
1580 1445 1707 1472 concham
1724 1445 1842 1471 hiantem
1857 1447 1977 1474 innatant
1992 1448 2048 1474 Cic.
2063 1448 2095 1475 de
2111 1450 2208 1477 Natur.

1153 1480 1235 1506 Dcor.
1250 1488 1281 1511 2,
1296 1487 1333 1512 23.
1533 1478 1554 1518 ‘J
1580 1490 1595 1506 2
1637 1479 1725 1513 Testa.»
1744 1481 1811 1516 ipfiz:
1829 1481 1958 1515 duriores,
1981 1484 2104 1510 Conchae
2125 1485 2208 1511 dicun-

1153 1522 1211 1548 tur,
1236 1516 1319 1551 quales
1333 1514 1396 1550 fiant
1417 1516 1578 1542 cochlearum.
1637 1516 1772 1542 Coluniel.
1790 1525 1833 1548 10,
1854 1525 1898 1550 325
1926 1519 2073 1553 Implicitus
2093 1521 2209 1547 conchae

1153 1551 1251 1584 limax,
1270 1551 1426 1585 hirsutaque
1440 1560 1540 1586 campe.
1611 1552 1693 1578 Ouid.
1708 1552 1773 1578 Fast.
1789 1554 1815 1585 6,
1831 1561 1879 1587 174
1899 1554 2045 1590 Ostreaque
2059 1555 2087 1581 in
2102 1556 2210 1583 conchis

1153 1593 1209 1614 tuta
1224 1587 1299 1614 fuere
1313 1587 1375 1613 suis.
1447 1587 1510 1614 Salis
1523 1587 1637 1619 concha,
1657 1591 1674 1614 i.
1688 1597 1748 1623 quae
1755 1588 1798 1624 fiii
1809 1592 1921 1615 continet
1934 1592 2001 1617 Hor.
2016 1591 2096 1617 Serm.
2112 1601 2209 1627 1,3,14.

234 1612 293 1652 Vid.
306 1625 395 1652 Cellar.
413 1623 575 1657 Cur.Posler.
591 1631 619 1659 p.
625 1633 676 1658 35⁰·
707 1630 731 1649 et
750 1621 814 1656 Voffi
828 1623 857 1649 de
871 1624 924 1649 Vir.
939 1624 968 1649 L.
977 1624 1006 1649 L.
1021 1634 1047 1658 4,
1064 1633 1089 1658 4.
1097 1636 1134 1661 40
1146 1623 1192 1659 seu
1206 1623 1306 1649 concha
1313 1625 1419 1658 proprie
1431 1621 1501 1650 alfia
1508 1624 1611 1660 fuerit,
1622 1623 1666 1660 seu
1682 1633 1727 1649 vas
1739 1625 1771 1650 ad
1786 1623 2034 1658 &imsimilitudinem
2049 1627 2209 1655 elaboratum.

1153 1660 1196 1686 Sic
1212 1660 1276 1686 idem
1295 1660 1390 1686 Horat.
1406 1659 1494 1685 Carni.
1509 1669 1533 1691 2,
1549 1667 1576 1694 7,
1590 1668 1618 1692 23
1650 1659 1741 1685 Funde
1754 1660 1901 1694 capacibus
1939 1664 2076 1697 Vnguenta
2097 1664 2129 1690 de
2147 1673 2208 1690 con-

1152 1694 1218 1721 chis.
1272 1695 1384 1721 Dctritis
1401 1695 1508 1721 conchis
1529 1695 1619 1721 leuior
1632 1695 1715 1721 Ouid.
1730 1696 1794 1722 Met.
1813 1705 1852 1729 13,
1873 1705 1933 1731 797..
2005 1699 2086 1725 Pinna
2107 1699 2208 1727 duabus

1151 1730 1295 1765 grandibus
1309 1731 1398 1766 patula
1412 1730 1517 1756 conchis
1532 1731 1588 1757 Cic.
1604 1730 1636 1756 de
1649 1731 1745 1757 Natur.
1761 1732 1841 1758 Dcor.
1856 1741 1878 1763 2,
1892 1742 1930 1765 23.
2000 1735 2206 1770 Virgil.Gcorg.

1150 1772 1230 1800 2,348
1252 1765 1625 1801 Autlapidembibulum‚aut
1634 1767 2007 1802 squalentesinfodeconchas.
2034 1772 2208 1804 VbiScruius,

1492 1840 1497 1843 ἢ
1998 1806 2150 1841 Squalentes
2166 1818 2209 1834 au-

1151 1845 1199 1864 tem
1209 1842 1330 1873 proprie,
1349 1842 1365 1864 i.
1374 1839 1526 1874 filiiamojae.
1600 1839 1722 1866 Conchae
1733 1860 1741 1872 ,
1757 1842 1824 1866 inter
1838 1839 2006 1873 Instrumenta
2021 1843 2150 1878 pic70rum
2165 1854 2208 1870 nu-

1151 1881 1282 1900 merantur
1295 1885 1310 1901 α
1324 1875 1460 1901 Martiano
1474 1875 1666 1902 Iurisconsulto
1682 1876 1708 1901 in
1725 1875 1741 1901 l.
1755 1875 1820 1902 item
1835 1876 1946 1910 pictoris
1971 1878 2003 1904 D.
2024 1882 2056 1905 de
2068 1879 2153 1906 fundo
2168 1880 2209 1906 in-

1152 1909 1252 1936 strqu
1273 1918 1299 1936 et
1317 1910 1438 1937 instrum.
1454 1911 1502 1945 leg.
1530 1911 1646 1937 Pieloris
1662 1911 1838 1937 instrumento
1859 1912 1963 1947 legato,
1982 1923 2071 1947 cerae,
2092 1915 2206 1949 colores,

1153 1945 1303 1981 similiaque
1321 1946 1419 1973 horum
1435 1946 1522 1981 legato
1542 1947 1653 1979 cedunt,
1674 1947 1738 1973 item
1761 1948 1893 1981 peniculi,
1916 1955 1941 1975 et
1956 1951 2088 1981 cauteria,
2106 1958 2131 1978 et
2145 1961 2207 1978 con-

1151 2017 1276 2051 Concha,
1301 2019 1372 2052 Vasis
1384 2027 1462 2055 geniis
1474 2028 1621 2051 concauam,
1637 2028 1666 2044 ac
1673 2019 1792 2054 fiiperizcr
1802 2022 1932 2054 patulum,
1958 2031 1973 2046 α
1993 2021 2108 2047 conchae
2114 1984 2208 2056 ,[ῐηιἿΙΞ

1151 2054 1245 2079 tudine.
1300 2055 1367 2080 Cato
1381 2056 1412 2081 dc
1426 2055 1458 2081 R.
1469 2055 1499 2081 R.
1516 2063 1539 2087 13
1565 2055 1596 2080 Ιη
1610 2054 1702 2080 cellam
1719 2055 1847 2080 oleariam
1865 2055 1928 2080 hacc
1944 2064 2009 2089 opus
2023 2057 2089 2083 sunt.
2126 2057 2207 2086 Dolia

1150 2089 1253 2116 olearia
1270 2090 1413 2124 opercula,
1432 2090 1507 2115 labra
1525 2090 1626 2114 olearia
1643 2090 1730 2123 XIIII,
1749 2088 1860 2115 conchas
1880 2091 1995 2117 maiores
2013 2091 2093 2123 duas,
2114 2099 2139 2120 et
2157 2094 2208 2120 mi-

1149 2133 1228 2150 nores
1250 2124 1321 2149 duas.
1368 2126 1409 2150 Sic
1424 2123 1534 2149 Concha
1553 2123 1643 2150 olcuni
1664 2124 1760 2150 tollere
1781 2126 1848 2151 Cato
1862 2125 1894 2152 de
1907 2127 1938 2152 R.
1949 2128 1979 2153 R.
1997 2137 2019 2154 c.
2036 2131 2078 2154 66.
2136 2130 2207 2156 Con-

1278 2194 1282 2199 .
1308 2194 1313 2199 .
1611 2196 1616 2200 .
1738 2196 1742 2200 -
2012 2164 2104 2190 quen.
2115 2167 2141 2197 6,
2155 2174 2206 2199 304

1150 2195 1242 2227 Quum
1256 2193 1361 2221 bibitur
1374 2195 1489 2228 concha,
1510 2204 1594 2230 quum
1609 2204 1662 2221 iam
1675 2196 1808 2230 vertigine
1821 2196 1920 2223 tectum
1956 2198 2092 2226 Ambulat.
2138 2201 2204 2227 Plin.

1149 2238 1187 2262 35,
1201 2235 1213 2260 8
1235 2229 1264 2256 de
1275 2230 1458 2267 hydrargyro,
1480 2231 1523 2257 Fit
1541 2236 1629 2256 autem
1643 2230 1747 2257 duobus
1767 2232 1872 2266 modis,
1889 2233 1973 2259 aereis
1993 2236 2147 2268 mortariis,
2167 2237 2204 2271 pi-

1149 2265 1280 2299 stillisque
1294 2266 1359 2292 trito
1373 2267 1461 2291 minio
1479 2274 1512 2291 ex
1524 2271 1615 2297 aceto,
1637 2271 1681 2292 aut
1695 2267 1791 2300 patinis
1805 2267 1935 2294 fictilibus
1949 2269 2103 2304 impositum
2115 2272 2204 2299 ferrea

1148 2300 1265 2332 concha,
1285 2301 1373 2332 calyce
1386 2306 1560 2335 coopertum,
1578 2300 1673 2336 argilla
1688 2302 1843 2336 superillita.
1880 2306 1922 2330 Sic
1930 2314 1976 2331 vas
1980 2307 2119 2342 pretiosum
2124 2307 2206 2343 fuzffi

1148 2379 1201 2410 qua·
1216 2369 1261 2396 illa
1278 2379 1326 2397 ora
1343 2370 1449 2398 lauerit.
1506 2371 1555 2399 Sed
1568 2379 1617 2408 pro
1634 2375 1692 2399 tuba
1705 2377 1769 2409 poni
1788 2374 1931 2409 concham,
1951 2387 1998 2403 non
2010 2386 2092 2413 puto:
2118 2389 2205 2406 verum

1147 2406 1268 2438 Triton,
1282 2414 1332 2442 pro
1345 2407 1403 2434 tuba
1418 2408 1535 2434 concham
1548 2409 1701 2435 turbinatam
1715 2409 1805 2445 inflare
1811 2410 1925 2448 fingitur
1939 2413 2013 2448 Virg.
2022 2415 2085 2440 Aen.
2096 2424 2135 2448 10,
2142 2424 2204 2449 209.

1148 2445 1179 2468 it.
1194 2442 1294 2469 Lucan.
1309 2452 1335 2476 9,
1348 2452 1408 2484 349.
1463 2444 1533 2470 Hinc
1546 2444 1663 2471 Misenus
1681 2446 1748 2481 apud
1763 2447 1836 2481 Virg.
1851 2451 1920 2481 Aen.
1928 2450 1955 2482 6,
1971 2457 2012 2485 171
2036 2453 2160 2478 aemulans
2179 2458 2204 2478 et

1140 2485 1284 2514 promicans
1304 2479 1442 2510 Tritona,
1467 2489 1531 2507 caua
1552 2482 1675 2515 personat
1696 2481 1803 2509 aethera
1826 2483 1935 2511 concha.
2135 2484 2156 2524 fl
2182 2495 2201 2522 4

1221 2550 1226 2555 .
1327 2550 1334 2555 “
1457 2551 1462 2556 ⁸
1870 2519 1900 2546 Id
1914 2520 1965 2552 est,
1985 2526 2015 2548 vt
2028 2521 2065 2549 ait
2072 2523 2203 2555 Naeuius,

1146 2550 1382 2585 Hemisphacnum
1391 2571 1400 2583 ‚
1417 2551 1466 2578 vbi
1480 2551 1580 2578 concha
1593 2553 1697 2579 caerula
1711 2554 1814 2589 septum
1829 2555 1885 2582 stat.
1940 2558 1991 2583 Hic
2004 2559 2128 2594 eleganter
2140 2560 2203 2586 Con-

1145 2596 1207 2612 caua
1224 2588 1287 2613 caeli
1300 2590 1465 2620 conuexitas,
1479 2597 1544 2614 more
1564 2589 1669 2616 conchae
1681 2598 1852 2618 concamerata
1872 2599 1896 2618 et
1915 2600 2020 2620 curuata
2040 2594 2202 2631 intelligitur.

1146 2622 1188 2665 Sic
1202 2623 1342 2650 Turnebus.
1377 2623 1428 2651 Sed
1439 2625 1515 2651 aliter
1528 2624 1593 2651 scal.
1605 2628 1682 2660 p.66‚
1692 2635 1728 2660 35.
1750 2627 1808 2653 Cum
1820 2627 1935 2654 Turnebo
1943 2628 2017 2664 facit
2031 2633 2105 2656 etiam
2119 2634 2201 2666 Sciop-

1138 2665 1209 2693 pius.
1387 2657 1408 2697 ff
1430 2667 1443 2693 5
1478 2659 1558 2695 Apud
1572 2660 1654 2687 Plaut.
1668 2661 1736 2688 Rud.
1751 2671 1773 2695 3,
1788 2671 1811 2696 3,
1824 2671 1858 2696 42
1883 2663 1918 2691 ad
1936 2666 2051 2691 Venerem
2067 2665 2201 2701 deprecans

790 2691 994 2723 Sententiarum,
1008 2691 1083 2718 nullo
1091 2704 1127 2732 70
1139 2702 1190 2729 pro
1202 2693 1305 2729 puellis,
1323 2694 1369 2721 Te
1383 2703 1416 2721 ex
1430 2696 1531 2723 concha
1545 2702 1632 2723 natam
1647 2698 1696 2724 else
1710 2704 1848 2726 autumant
1863 2709 1869 2725 :
1899 2709 1963 2726 caue
1981 2706 2010 2726 tu
2023 2701 2118 2727 harum
2137 2710 2200 2727 con-

1146 2729 1206 2756 chas
1221 2730 1334 2765 spernas.
1388 2733 1482 2767 Nempe
1489 2738 1606 2768 partem,
1626 2742 1674 2769 qua
1687 2736 1801 2761 mulieres
1810 2736 1887 2771 Junt,
1907 2739 1946 2762 ita
1961 2743 2041 2762 vocat.
2090 2738 2122 2762 Et
2134 2736 2199 2772 fiant

1136 2767 1225 2801 plures
1242 2766 1390 2793 concharum
1402 2767 1501 2804 species
1518 2771 1547 2794 in
1564 2770 1716 2806 curiosorum
1729 2771 1913 2803 loculamentis‚
1933 2781 1995 2806 quae
2014 2781 2064 2797 eam
2077 2771 2199 2806 fimilitu-

1141 2801 1223 2828 dinem
1241 2802 1365 2838 referant.
1830 2819 1834 2824 .

1180 2845 1197 2865 c
1208 2844 1227 2863 o
1237 2845 1259 2864 Ν
1269 2843 1286 2864 c
1297 2845 1318 2864 H
1328 2845 1348 2864 v
1358 2845 1374 2865 L
1383 2845 1404 2865 A
1415 2859 1423 2871 ,
1448 2847 1487 2866 ae.
1511 2840 1516 2847 “
1526 2839 1546 2866 f.
1584 2840 1693 2868 Constat
1707 2851 1785 2877 vagas
1800 2841 1926 2868 litoribus
1943 2841 2084 2868 conchulas
2100 2846 2127 2868 et
2139 2851 2197 2869 vm-

1163 2910 1167 2914 ·
1192 2910 1197 2915 ¹
1216 2911 1221 2914 ῃ
1788 2878 1819 2904 Et
1833 2884 1941 2912 generat
1960 2878 2046 2912 pelagi
2067 2877 2196 2904 conchula

1142 2909 1251 2936 diuitias
1270 2910 1395 2937 Dracont.
1410 2919 1442 2944 23
1460 2914 1500 2942 68.
1553 2912 1622 2939 Ada.
1643 2914 1719 2948 Apul.
1739 2912 1816 2948 Apol.
1836 2922 1846 2939 1
1876 2923 1901 2948 p.
1925 2916 1983 2946 296.
2057 2913 2196 2940 Conchula

1143 2946 1246 2973 marina
1267 2946 1386 2973 Scribon.
1404 2955 1461 2982 104.

1179 2988 1197 3008 C
1209 2989 1228 3008 Ο
1239 2990 1261 3009 Ν
1269 2989 1285 3009 C
1294 2989 1315 3009 H
1325 2990 1334 3008 1
1346 2989 1368 3009 Τ
1379 2990 1400 3010 Α
1410 3003 1418 3016 ,
1439 2992 1478 3009 ae.
1514 2993 1549 3010 m.
1587 2983 1700 3020 Piscator
1718 2983 1874 3010 concharum.

1142 3017 1244 3045 Saluete
1265 3019 1338 3045 fures
1361 3019 1510 3052 maritimi,
1537 3019 1674 3046 conchitae
1699 3025 1778 3054 atque
1798 3018 1942 3046 hamiotae.

1181 3096 1198 3117 C
1209 3097 1228 3118 ο
1236 3098 1258 3118 Ν
1266 3097 1283 3117 C
1293 3097 1314 3117 H
1323 3091 1373 3118 ᾸΤ
1383 3097 1405 3117 V
1415 3098 1428 3118 s
1438 3111 1447 3124 ‚
1465 3099 1488 3122 a,
1509 3099 1564 3117 um.
1600 3089 1661 3116 Adi.
1699 3091 1731 3117 In
1744 3100 1833 3117 morem
1845 3090 1950 3117 conchae
1963 3098 2089 3119 curuatas.
2128 3092 2196 3119 Plin.

1145 3134 1184 3159 10,
1197 3135 1231 3153 20
1254 3127 1282 3153 de
1293 3134 1404 3162 panone,
1425 3125 1508 3154 Simul
1521 3124 1631 3152 vmbrae
1645 3125 1774 3161 quosdam
1785 3127 1945 3161 reperculsus
1959 3129 2086 3162 caeteris,
2106 3129 2155 3164 qui
2166 3129 2195 3156 in

1143 3170 1227 3198 opaco
1242 3163 1338 3189 clarius
1353 3164 1467 3196 micant,
1485 3161 1612 3188 conchata
1627 3163 1731 3196 quaerit
1744 3162 1834 3189 cauda.

1167 3200 1372 3232 'CONCHIS‚
1401 3199 1431 3226 is.
1466 3198 1486 3224 f.
1525 3197 1649 3231 [κόγχις]
1696 3198 1774 3224 Fabae
1795 3207 1888 3238 genus,
1903 3197 1957 3232 flue
1978 3198 2047 3225 cibus
2071 3207 2100 3226 ex
2116 3200 2193 3236 faba.

1917 2983 1999 3010 Plaut.
2020 2983 2091 3010 Rud.
2106 2993 2128 3016 2,
2146 2993 2170 3017 2,
2182 2992 2195 3018 5
2218 3002 2222 3004 .

2026 3021 2103 3047 Tales
2125 3020 2195 3047 Con-

1100 3238 1129 3267 85
1145 3235 1237 3262 quen.
1251 3235 1302 3263 Sat„
1320 3244 1344 3268 3,
1361 3244 1408 3269 293
1437 3234 1520 3260 Cuius
1538 3233 1636 3260 conche
1655 3240 1739 3260 tumes
1754 3235 1762 3260 3
1789 3243 1850 3269 quis
1867 3241 1956 3260 tecum
1976 3234 2194 3274 seffllenporrum

1145 3270 1237 3305 Sutor,
1257 3277 1284 3298 et
1300 3271 1365 3298 elixi
1378 3270 1497 3297 veruecis
1514 3269 1587 3296 labra
1605 3269 1742 3296 comedit}
1791 3271 1937 3306 Sipontinus
1955 3270 2020 3296 dicit
2038 3269 2082 3304 este
2103 3271 2192 3298 Fabam

1144 3315 1197 3333 cum
1211 3310 1303 3334 cortice
1317 3307 1364 3342 ,βο
1382 3307 1487 3337 elixam,
1507 3305 1541 3331 ad
1559 3304 1730 3339 differentiam
1745 3305 1823 3332 Fabae
1832 3305 1945 3341 justae,
1963 3307 2085 3342 quaeJine
2101 3309 2193 3332 cortice

1143 3345 1266 3378 coquitur,
1282 3353 1298 3370 a
1303 3341 1471 3378 similitudine
1484 3340 1599 3367 videlicet
1612 3342 1770 3374 concharum,
1786 3341 1851 3378 quod
1864 3341 1997 3378 confraclo
2012 3345 2111 3374 cortice,
2124 3342 2192 3367 velut

1143 3379 1267 3441 implicita
1280 3379 1381 3405 conchis
1390 3377 1447 3413 Juis
1461 3378 1609 3408 caruncula,
1627 3376 1754 3403 videatur.
1811 3378 1929 3404 Martial.
1950 3387 1983 3410 13,
2003 3386 2021 3412 7
2047 3378 2072 3404 Si
2090 3379 2192 3411 spumet

1143 3414 1176 3440 ru
1196 3423 1224 3441 ra
1236 3414 1343 3441 conchis
1357 3412 1408 3440 tibi
1421 3412 1521 3447 pallida
1535 3412 1616 3445 testa,
1642 3413 1788 3440 Lautorum
1807 3414 1898 3441 coenis
1911 3415 1985 3449 saepe
1998 3421 2093 3447 negare
2106 3418 2190 3446 potes.

1145 3449 1261 3477 Conchis
1276 3449 1385 3477 inune'ta
1403 3449 1478 3475 Idem
1491 3455 1518 3482 7,
1531 3455 1575 3482 77.

1181 3492 1198 3513 c
1208 3492 1227 3513 o
1239 3493 1261 3512 Ν
1271 3492 1288 3513 c
1298 3492 1318 3513 H
1331 3493 1340 3511 1
1354 3491 1371 3511 c
1385 3490 1401 3510 1.
1411 3491 1449 3516 A,
1469 3492 1509 3510 ae.
1547 3484 1566 3509 f.
1598 3489 1648 3518 pro
1666 3483 1847 3518 Conchicula,
1872 3488 1890 3512 i.
1910 3483 2027 3512 conchis
2040 3489 2106 3509 certo
2119 3480 2189 3508 modo

1141 3521 1242 3549 condita
1255 3528 1397 3557 etparata‚
1417 3527 1447 3546 vt
1460 3519 1587 3554 Apiciana
1602 3518 1696 3546 farfilis
1710 3521 1785 3555 Apic.
1799 3529 1822 3554 5,
1835 3531 1861 3556 4,
1882 3528 1906 3548 et
1920 3522 1971 3546 alia
1982 3528 2080 3556 genera.

1181 3563 1198 3584 c
1211 3564 1232 3584 o
1242 3565 1290 3585 Nc
1299 3564 1319 3584 u
1329 3564 1338 3582 1
1349 3562 1366 3582 c
1378 3562 1394 3581 ι.
1404 3562 1426 3582 Α
1435 3563 1457 3582 T
1466 3562 1485 3580 ν
1496 3562 1523 3586 s,
1549 3564 1579 3587 a,
1600 3563 1655 3582 um.
1693 3556 1755 3583 Adi.
1792 3557 1881 3584 Pullus
1899 3555 1942 3583 vel
1961 3553 2092 3590 porcellus
2110 3552 2187 3587 Aple.

70 3594 313 3622 concessio,
335 3595 553 3622 concesso,
573 3595 812 3622 CONCESSVS,
844 3588 899 3615 vid.
917 3595 1078 3617 CONCEDO.
1093 3599 1125 3624 95
1141 3601 1164 3619 c.
1177 3591 1196 3620 1.
1213 3603 1267 3620 cum
1282 3591 1594 3625 conchiculaapparatus.

1178 3635 1196 3656 c
1207 3635 1226 3656 ο
1236 3636 1282 3656 Nc
1292 3636 1312 3655 H
1320 3636 1338 3654 Y
1347 3635 1364 3654 1.
1372 3634 1382 3653 1
1391 3634 1412 3653 ν
1422 3632 1457 3658 Μ,
1466 3627 1483 3652 i.
1491 3635 1516 3651 n.
1537 3624 1685 3660 [κογχύλιον
1723 3629 1813 3655 Latine
1820 3628 1915 3654 Murex
1927 3624 2040 3664 dicitur.-
2051 3623 2134 3664 piscis
2148 3631 2188 3660 gt-

1143 3673 1190 3691 nus
1206 3674 1236 3692 ex
1255 3664 1402 3691 concharum
1419 3670 1519 3698 genere,
1542 3669 1573 3688 vt
1592 3662 1663 3690 docet
1699 3663 1747 3690 lin.
1762 3673 1788 3697 9,
1801 3671 1828 3696 35
1849 3669 1872 3689 et
1891 3663 1930 3694 36.
1985 3661 2043 3686 Cic.
2056 3660 2085 3685 in
2099 3660 2185 3685 Pison.

1143 3702 1178 3735 67
1198 3699 1334 3727 Exstrucla
1346 3698 1436 3724 mensa
1449 3706 1503 3724 non
1517 3697 1665 3731 conchyliis
1678 3706 1723 3726 aut
1735 3699 1862 3734 piscibus,
1882 3696 1926 3723 sed
1939 3695 2022 3722 multa
2033 3704 2110 3721 carne
2129 3693 2188 3720 sub-

1141 3737 1258 3763 rancida.
1313 3733 1460 3766 eonchylia
1479 3734 1558 3761 cruda
1577 3742 1657 3770 atque
1675 3734 1784 3762 decocta
1802 3732 1922 3760 Scribon.
1935 3739 1985 3763 191.
2047 3729 2090 3764 Est
2108 3737 2188 3756 autem

1135 3807 1243 3843 speciem
1256 3807 1402 3833 diminutiui
1412 3808 1537 3839 nominis,
1557 3816 1602 3843 quo
1615 3806 1718 3832 delicias
1731 3813 1755 3832 et
1760 3803 1942 3840 praestantiam
1955 3801 2102 3841 indicarunt
2114 3800 2188 3836 forte

1107 3848 1111 3854 ‘
1138 3845 1221 3878 primi
1239 3841 1361 3869 aut‘loret.
1416 3841 1458 3868 Sic
1474 3842 1569 3869 Horat.
1584 3843 1666 3869 Serm.
1684 3851 1715 3874 2,
1730 3850 1764 3874 4,
1781 3849 1812 3872 3ο
1841 3837 1957 3865 Lubrica
1975 3836 2113 3869 conchylia
2124 3835 2186 3874 s¹‚⁴’¹⁸

1141 3879 1247 3905 conchae
1257 3877 1347 3904 edules.
1419 3876 1486 3903 Plin.
1503 3882 1531 3910 8,
1547 3886 1579 3912 57
1603 3877 1750 3909 Conchylia
1768 3875 1858 3901 coenis
1877 3873 2034 3900 ademerunt
2053 3872 2186 3909 censoriae

1273 3912 1310 3939 Id.
1324 3920 1350 3946 9,
1364 3914 1397 3945 36
1416 3912 1521 3948 Lingua
1535 3921 1667 3948 purpurae
1680 3910 1845 3950 longitudine
1860 3908 1976 3944 digitali,
1995 3916 2047 3943 qua
2060 3906 2186 3974 pafmflurss

2089 3975 2121 4001 In
2130 3981 2186 4008 prt-

1142 3913 1222 3949 leges.

1402 3984 1460 4012 62
