2474 4182
79 236 328 270 AVTOLY⁰CVS.
368 237 552 272 [Ἀυτόλυκος]
605 234 730 273 Μενωνξί
745 232 791 270 stu
808 235 968 263 Deucalionis
983 236 1075 273 filius,

36 283 66 304 vel*
79 283 201 303 maternus
219 273 310 308 Vlyffis
328 283 403 305 auus,
420 274 551 311 furtorum
563 273 657 297 nomine
671 271 784 305 insignis.
829 272 960 298 Columel.
976 282 1001 305 1,
1016 282 1042 305 3,
1057 280 1074 307 7

5 334 8 338 .
36 304 207 344 {Detesta'biles
220 311 322 336 vicinos
336 319 388 337 cum
403 311 548 339 nominauit,
559 305 641 338 addit,
662 305 720 332 Nili
734 306 878 339 Autolycus
890 308 937 335 ille
950 310 1073 344 cuiquam

42 348 126 383 potuit
139 346 286 372 tolerabilis
301 346 349 373 esse
363 345 545 373 conterminus.

48 388 403 414 -AVTOMATAR1A‚
430 375 552 414 vidqust
569 381 848 418 AVTOMATQN.

75 423 126 444 Av
136 424 157 444 ‘r
167 426 185 443 0
197 425 221 444 M
233 425 312 445 ΛΤο
324 424 358 444 Νι
391 413 569 451 [οἷντόμκτον]
618 412 692 447 Qod
708 420 756 449 per
772 420 817 449 se,
840 421 863 441 ec
883 415 950 441 velut
968 412 1072 449 sponte,

40 451 138 487 ceffimte
151 457 224 479 etiam
245 455 395 490 aliquantum
412 451 556 485 impellentis
574 457 662 480 manu,
680 457 798 476 mouetur.
842 450 948 476 Vitruu.
963 458 988 482 9,
1002 457 1017 480 9
1043 448 1072 473 αέ

0 482 1 487 ’
40 489 187 526 horologiis,
208 491 276 523 Ergo
289 488 413 516 Ctesibius
426 494 506 520 quum
520 483 744 511 animaduertiss‘et
761 495 792 511 ex
805 485 875 512 tactu
889 486 952 512 caeli
961 505 969 516 ‚
992 491 1016 510 et
1029 492 1072 509 ex-

0 519 10 552 ὲ,
56 523 221 556 reffionibus,
240 525 507 560 spiritus‚..vocesque
521 519 608 552 nasci,
627 519 668 546 his
685 522 825 556 principiis
842 522 917 553 vsus,
939 519 1071 552 hydrauli-

0 554 10 592 ζ’
53 568 79 587 as
92 559 224 588 machinas
238 561 338 595 primus
349 556 474 584 instituit:
500 556 565 582 item
579 564 708 591 aquarum
724 557 893 591 expressiones
912 555 1071 588 ιέυτομοέτες,

12 614 15 615 ι
34 623 36 627 ⁴
56 595 170 629 οτι-εὸτι,
185 594 427 627 rotundationisque
440 591 581 618 machinas.
618 591 789 625 Ἀυτομάτες,
808 596 826 619 ι’.
846 594 987 622 Vltroncas,
995 590 1071 627 spon-

0 628 5 665 (
30 652 33 659 ,
50 641 132 658 aneas.
167 632 269 658 Sueton.
284 631 311 656 in
325 627 461 656 Claudian.
474 636 507 662 34
534 627 561 654 Si
580 627 735 661 οἰυτὸματον,
754 629 798 656 vel
816 637 922 664 pegma,
944 627 985 653 vel
1006 627 1070 661 quid

0 683 4 707 Ι
30 681 34 687 ¹
49 667 88 694 ale
101 667 173 694 aliud
185 676 275 701 parum
287 664 394 691 ceffiffet.
443 664 530 690 Vtatur
544 665 676 699 aliquoties
687 665 839 697 Petronius,
860 670 888 690 vt
906 673 927 689 c.
944 671 974 695 50
998 663 1070 702 Plau-

4 732 7 734 ,
28 713 35 735 ⁷.
50 712 92 730 um
106 703 160 738 post
174 702 223 728 hoc
235 706 396 728 automatum
410 699 515 726 familia
529 699 618 726 dedit:
642 699 697 733 Jiue
710 698 903 733 adieHiuumstt
916 699 949 725 acl
958 701 1071 733 plausum

0 757 4 771 ,
31 760 35 772 f
50 740 150 768 clatum,
170 746 235 774 quem
242 736 267 772 s
277 743 404 762 oritaneum
414 734 509 771 susse,
525 745 573 762 non
588 739 746 771 imperatum,
766 735 859 761 indicet
872 746 879 760 :
896 733 949 768 stuc
958 735 1072 770 Julfian-

27 788 33 796 ι
46 776 84 799 iue
94 773 219 809 referatur
232 743 275 797 as
270 778 374 806 porcum
389 771 456 797 illum
463 771 582 808 fartum,
600 774 672 797 cuins
685 780 716 797 ex
729 770 810 805 plagis
824 770 949 804 ponderis
963 771 1071 798 inclina-

0 829 1 836 ι
45 809 106 835 ione
117 806 287 834 crescentibus
302 807 431 835 tomacula
446 817 504 833 cum
518 807 618 834 botulis
631 807 710 833 effusa
721 807 787 833 sunt.
825 805 898 832 Idem
919 816 940 832 c.
957 816 989 840 54
1010 808 1070 834 To-

101 843 297 877 circumspicere
313 843 462 870 triclinium
476 844 568 878 coepi,
589 852 622 869 ne
641 851 688 878 per
704 841 831 877 parietem
848 849 1003 869 automaton
1024 844 1071 870 ali-

49 878 100 905 uod
118 878 208 905 exiret.
264 880 295 905 Et
307 878 336 905 dc
350 888 377 906 ra
391 879 491 915 obscena
511 889 532 906 c.
550 888 598 913 140
618 879 687 905 Dum
707 878 790 904 frater
809 878 907 904 sororis
922 879 981 905 suae
996 886 1070 906 auto-

41 919 95 942 ata
106 922 152 948 per
165 913 310 941 clostellum
323 915 445 943 miratur.

50 969 53 973 ,
65 955 114 978 av
125 955 146 976 'r
157 956 176 977 o
185 957 211 976 M
220 957 241 977 A
250 957 272 977 'r
281 957 303 977 Α
311 957 378 977 R1v
387 958 410 977 s.
452 951 502 984 Vt,
524 950 607 977 Faber
620 947 812 975 automatarius
822 950 857 974 ‘in
871 949 988 984 inscript.
1002 951 1069 985 apud

41 992 57 1009 r:
97 992 146 1012 ent.
163 985 198 1012 ad
215 986 321 1013 Sueton.
338 986 476 1013 Claudian.
498 995 520 1012 c.
536 994 578 1019 34.
610 992 634 1011 et
652 985 759 1010 Gruter.
778 993 803 1018 p.
819 987 881 1018 642.
918 988 948 1011 it.
970 995 993 1019 p.
1007 989 1065 1019 636,

44 1023 73 1052 ,ii
85 1013 109 1047 it
128 1021 243 1048 Donium
258 1030 282 1056 p.
297 1030 350 1057 317,
365 1031 391 1055 9,
411 1022 460 1049 vbi
480 1026 748 1048 AVTOMATARWS
766 1026 1028 1048 CLEPSYDRARlx's.

53 1057 111 1085 “AV
119 1063 140 1084 Τ
149 1062 168 1084 O
177 1063 231 1084 MA
239 1065 260 1085 T
268 1065 290 1084 A
300 1065 318 1085 R
328 1066 337 1085 1
348 1066 368 1085 A
376 1079 387 1091 ,
410 1060 499 1085 orum.
540 1056 613 1083 Idem
622 1076 630 1089 ‚
647 1055 720 1090 quod
738 1056 879 1082 Automata
887 1077 895 1089 ,
920 1055 1011 1083 ῆόῖιιιιι
1033 1057 1065 1084 ab

1094 378 1109 405 5

1090 559 1118 577 10

1091 736 1116 761 ¹3

1083 918 1118 936 20

23 1098 35 1114 ἰ
68 1091 136 1119 iano
150 1093 178 1119 in
193 1093 210 1119 l.
223 1102 253 1127 41
273 1092 330 1131 §.7
355 1095 388 1121 D.
402 1094 434 1120 de
448 1094 522 1128 legat.
537 1098 562 1119 et
576 1091 736 1118 fideicomm.
759 1091 806 1118 Sed
820 1094 1010 1126 automataria,
1026 1093 1065 1120 in-
1080 1090 1112 1116 25

34 1127 98 1161 luit,
114 1134 159 1155 aut
173 1128 190 1155 fi
205 1130 253 1164 qui
269 1129 403 1162 canthari,
423 1138 469 1164 per
482 1137 548 1163 quos
559 1136 642 1163 aquae
655 1128 767 1160 saliunt,
781 1134 905 1162 poterunt
917 1129 1007 1163 legari.

5 1175 8 1181 ¹
26 1159 37 1197 ’ἶ
49 1168 80 1192 Ἀ
89 1169 111 1190 V
119 1170 141 1192 Τ
149 1171 168 1191 Ο
178 1171 202 1192 Μ
211 1172 232 1192 A
241 1171 263 1191 Τ
271 1173 280 1192 1
289 1173 320 1192 Α.
362 1165 554 1198 [Qus-mariae]
589 1166 607 1190 i.
630 1164 701 1196 Fors,
717 1164 826 1190 Fortuna
833 1185 841 1197 ,
855 1164 946 1200 fizccllo
965 1167 1032 1191 culta
1050 1175 1066 1192 a

0 1211 10 1229 ιι
59 1202 64 1207 ’
85 1201 192 1234 cleonte,
212 1202 277 1237 quod
288 1201 358 1228 docet
371 1201 462 1235 Nepos
476 1208 520 1232 20,
534 1208 562 1232 4,
577 1208 604 1233 4.
642 1200 725 1226 Etiam
738 1201 890 1227 Plutarchus
909 1200 1064 1233 αὐτοματιῑις

2 1263 5 1266 ,
83 1254 92 1266 .
111 1242 136 1262 et
148 1237 214 1262 olias
232 1236 331 1270 βωμόν,
350 1237 380 1264 ab
393 1245 418 1263 eo
432 1234 592 1269 constitutum
606 1242 704 1262 narrat.

0 1286 6 1298 ι
40 1272 48 1289 '1
59 1273 122 1298 'earn
134 1271 233 1305 αἰγαᾶἃν
247 1271 348 1305 δαίμονα
359 1272 482 1308 appellat:
503 1278 525 1297 st
544 1273 599 1304 816,
611 1271 643 1297 D.

55 1313 78 1334 A
86 1313 107 1332 v
120 1313 142 1334 Τ
152 1314 172 1335 O
181 1315 206 1334 M
216 1315 238 1335 Α
246 1315 267 1335 Τ
278 1316 287 1335 1
297 1316 317 1334 V
326 1315 351 1335 M
359 1329 368 1342 ,
388 1309 407 1335 i.
431 1317 456 1334 n.
500 1308 592 1333 Volunt
604 1305 647 1340 effi?
661 1307 738 1333 Iocum
745 1327 754 1339 ‚
773 1306 818 1333 vbi
829 1307 1064 1344 auromumfiwvm,

68 1355 87 1365 υ
111 1346 168 1379 tque
179 1344 284 1371 Petron.
298 1345 400 1379 Fragtn.
423 1345 453 1370 In
466 1343 644 1369 automatium
657 1351 698 1369 me
712 1342 824 1369 conieci.
839 1354 842 1356 ’

2 1403 3 1407 ,
55 1385 76 1406 Λ
86 1386 104 1405 ν
114 1386 136 1406 T
143 1386 162 1406 0
171 1386 195 1406 M
205 1379 222 1406 ἑ
230 1387 248 1407 n
258 1387 277 1407 0
286 1387 309 1407 N
316 1400 324 1413 ,
345 1380 424 1407 ontis.
461 1377 652 1413 [Ἀυτομέδων]
686 1379 787 1414 Auriga
805 1378 924 1405 Achillis.
963 1379 1061 1414 Virgil.

19 1426 30 1433 υ
43 1422 83 1440 en.
95 1423 121 1448 2,
132 1423 187 1450 477
220 1430 265 1436 -—
299 1422 325 1443 et
339 1424 470 1451 equorum
482 1415 597 1449 agitator
607 1413 724 1441 Achillis*
746 1414 870 1448 Armiger
883 1415 1061 1445 Automedon.

0 1469 2 1475 .
22 1472 26 1480 .
40 1463 42 1466 ·
67 1450 148 1477 Ouid.
163 1451 248 1478 Trist.
261 1459 284 1484 ς,
298 1454 323 1484 6,
339 1461 377 1478 10.
415 1453 483 1477 Hinc
492 1458 541 1486 pro
554 1451 614 1481 bono
626 1453 716 1486 auriga
730 1450 786 1476 Cic.
802 1459 851 1484 pro
866 1451 941 1476 Rosc.
956 1456 987 1483 98
1006 1461 1027 1477 c.
1037 1459 1063 1484 33

0 1487 11 1521 0
47 1494 82 1512 on
96 1485 166 1513 adest
179 1486 226 1513 iste
240 1487 277 1514 T.
292 1488 430 1519 Rosciusj‘
445 1496 499 1513 non
513 1486 565 1517 suis
579 1484 700 1512 manibus
714 1486 742 1511 in
760 1495 840 1512 curru
855 1486 967 1513 collocat
981 1488 1063 1513 Auto-

18 1541 21 1547 .
45 1520 168 1548 edentem
181 1522 275 1556 illum,
294 1524 334 1550 sui
353 1523 457 1550 sceleris
475 1521 825 1556 acerbissimi·nefariaeque
844 1522 976 1549 vietoriae
997 1532 1062 1549 nun-

26 1573 29 1579 ι
44 1564 96 1583 um.
114 1562 117 1563 ’
133 1557 245 1593 Respicit
263 1559 298 1584 ad
309 1568 335 1585 n.
349 1568 377 1592 19
396 1568 417 1585 c.
431 1566 459 1593 7,
479 1557 522 1584 vbi
535 1557 563 1583 de
578 1558 695 1589 Glaucia,
716 1558 814 1585 Decem
828 1557 903 1584 horis
922 1558 1061 1586 no&urnis

0 1590 31 1625 m'l.
43 1605 57 1630 »j
71 1598 98 1618 et
114 1592 305 1627 quinquaginta
319 1594 404 1620 millia
417 1593 534 1628 passuum
547 1592 615 1619 cifiis
630 1593 790 1627 peruolauit.

0 1633 33 1659 tx·
47 1630 160 1655 stv‘ro
172 1635 193 1654 N
206 1627 266 1661 ὀε,
288 1638 322 1656 es.

13 1667 25 1680 ¹'
40 1676 90 1698 ψ,
106 1673 170 1690 vxor
180 1662 309 1698 Aristaei,
331 1675 359 1691 ex
378 1675 426 1701 qua
445 1672 521 1690 natus
535 1663 670 1696 ACtaeon,
683 1667 726 1700 qui
738 1665 907 1701 Autonoeius
920 1666 949 1691 ab
958 1666 1063 1693 Ouidio

21 1701 28 1711 '
40 1699 116 1726 eatur
128 1699 198 1726 ’Μαι
218 1709 230 1732 3
239 1720 247 1733 ,
268 1706 311 1733 198
347 1715 392 1720 —
428 1700 498 1734 fugit
517 1700 685 1726 Autonoeius
705 1699 799 1733 heros,
819 1707 867 1729 etc.
909 1703 947 1727 Ex
967 1703 1061 1728 quen.

43 1740 62 1762 t.
98 1736 116 1762 6
125 1755 134 1768 ‚
167 1743 218 1770 72,
269 1735 433 1773 intelligimus
468 1735 599 1762 Atellanae
633 1735 738 1771 fabulae
779 1743 950 1773 argumentum
970 1736 971 1739 ’
981 1737 1061 1774 fmſje

50 1774 147 1797 torma-‘m

35 1813 296 1841 Av'rornras.
333 1807 489 1840 [αἰη-οφυές]

45 1841 129 1878 losum.
166 1842 270 1877 leian.
287 1842 302 1869 l.
315 1851 349 1878 70
371 1843 403 1869 D.
419 1842 450 1868 de
464 1842 514 1876 leg.
528 1848 554 1868 et
568 1842 731 1869 fideicomm.
748 1852 785 1871 111
813 1844 839 1870 Si
853 1846 897 1871 cui
914 1844 972 1871 lana
992 1845 1061 1880 lege-

9 1876 12 1881 *
61 1894 70 1910 ,
91 1876 125 1904 id‘
133 1877 246 1912 legatum
260 1878 381 1911 videtur,
397 1877 470 1914 quod
491 1877 606 1905 tinehim
624 1887 680 1905 non
693 1878 745 1912 est,
764 1879 808 1905 sed
820 1879 956 1913 οἶυτοφυές,
970 1880 1061 1916 sponte

2 1915 24 1936 1-
33 1927 46 1940 ,ι
71 1920 163 1940 rnatum.

2 1952 15 1986 J
45 1956 66 1975 A
75 1955 96 1975 V
105 1955 153 1976 TO
162 1955 252 1976 PYRO
262 1956 295 1975 N.
334 1948 503 1985 [ἐντόπυρος]

26 1985 42 2021 ι1
62 1984 175 2011 furfuris
193 1985 328 2012 ademtum
346 1985 390 2011 est.

32 2032 37 2041 ι
55 2023 60 2028 ”
74 2021 143 2053 vult,
162 2020 227 2057 quod
240 2020 296 2047 ’ὅλος
308 2020 381 2046 α’ντόε
394 2019 406 2046 0‘
419 2020 504 2056 πυρὸς,
523 2020 551 2047 id
567 2019 599 2053 ⁶st
614 2027 692 2046 totum
706 2021 784 2057 ipficm
797 2024 920 2053 triticum,
931 2024 1001 2048 nulla
1014 2023 1058 2058 sui

55 2062 80 2082 te
91 2056 198 2089 ademta,
210 2059 237 2082 in
246 2056 394 2092 panificium
408 2052 481 2083 cedit.
518 2057 583 2083 hunc>-
597 2059 671 2082 etiam
684 2062 758 2083 vocat
770 2056 929 2089 συγκόμιςονι
944 2062 1058 2092 quoniam

47 2101 98 2118 eum
112 2091 301 2127 σνγκομίζεται,
319 2092 364 2118 hoc
377 2091 427 2125 est,
449 2093 594 2118 conuehstur
601 2092 647 2126 Jeu
661 2091 797 2126 confertur.
797 2092 875 2125 simul
893 2095 972 2117 omnis
989 2092 1056 2116 indl-

41 2133 86 2153 ·cta
132 2130 214 2154 arina.
265 2129 354 2164 Itaque
374 2129 526 2162 Autopyros
545 2133 570 2152 et
588 2126 763 2157 Syncomistus
783 2128 863 2159 panis
883 2125 947 2150 idem
972 2132 1053 2151 emant.

540 1948 607 1976 Cels.
621 1957 654 1981 2,
669 1954 694 1979 18
715 1951 755 1974 ait
774 1947 817 1982 effi
830 1950 942 1982 Panem,
964 1950 1007 1976 cui
1020 1951 1060 1977 ni.

21 2081 37 2130 Ἰ

33 2185 49 2212 ¹·
61 2204 205 2232 autopyros
211 2217 220 2230 ,
239 2197 344 2223 vtilior.

34 2241 102 2260 'on-
117 2241 184 2266 5,9-

26 2274 191 2301 ava-01³,
214 2274 260 2295 etc.
296 2266 350 2293 vid.
374 2273 551 2294 AVCTOR.

19 2298 286 2336 ῘΝΤνΜΝνς,
308 2302 363 2337 fiue
387 2308 664 2342 AchVMst,
688 2302 707 2329 i.
744 2312 781 2330 m.

12 2341 22 2366 l
43 2329 105 2378 gfff
133 2341 232 2402 Ωέαντα
246 2346 312 2375 pars
329 2341 407 2371 anni,
430 2347 491 2375 quae
504 2336 630 2372 Aestatem
640 2341 766 2375 sequitur.

10 2368 21 2394 '-
44 2377 49 2398 ἰ
106 2377 153 2402 'ui
172 2385 214 2402 am
227 2375 329 2402 die‘mm
343 2374 506 2406 existimant,
525 2374 598 2410 quod
620 2380 681 2402 tunc
699 2376 817 2401 maxime
837 2382 984 2409 augeantur
1003 2376 1051 2403 ho-

11 2427 16 2431 ·
44 2398 80 2448 Ἷῗ
91 2408 107 2446 ῥ’
124 2421 198 2447 ·pcs,
218 2411 317 2439 coadiis
329 2420 454 2446 agrorum
468 2410 611 2437 fruetibns.
648 2412 747 2446 Virgil.
760 2412 860 2446 Georg.
876 2420 885 2437 1
895 2431 902 2444 ,
917 2420 955 2443 311
975 2412 1049 2446 Quid

4 2432 20 2459 ἰ
43 2438 77 2469 F}
95 2452 115 2470 ιἰ-ι
122 2453 159 2475 tes
172 2448 303 2475 Autumni
315 2453 341 2474 et
353 2447 436 2474 sidera
451 2447 553 2474 dicam?
589 2448 620 2473 Et
634 2450 693 2483 quia
707 2447 797 2473 medici
814 2447 909 2474 morbos
922 2450 1050 2474 Autumno

11 2468 80 2528 ἠὼ
90 2494 168 2511 ere
180 2490 312 2511 azctumant
322 2490 428 2519 propter
441 2481 664 2519 putrefactionem,
673 2483 727 2509 idco
741 2484 834 2511 quen.
844 2483 894 2509 Sat.
908 2491 937 2514 4,
951 2485 982 2515 56
1001 2484 1050 2509 Le-

82 2533 85 2542 ι
100 2534 104 2543 ι
121 2527 204 2547 vocat.
242 2521 389 2547 Autumnus
403 2519 491 2554 plures
504 2519 634 2554 opprimit
648 2518 715 2545 Cels.
730 2527 757 2551 2,
771 2526 791 2544 1.

15 2544 49 2592 ζει
83 2563 186 2583 uocatur
206 2557 274 2584 Hor.
289 2555 340 2582 Sat.
353 2564 379 2588 2,
392 2557 420 2587 6,
433 2564 469 2587 19.
510 2555 590 2590 Saepe
609 2554 658 2582 sub
678 2561 822 2586 autumno,
842 2563 926 2588 quum
944 2554 1047 2581 formo-

14 2577 38 2612 2'1'
47 2598 103 2619 mus
120 2600 219 2626 annus,
253 2606 299 2612 --
337 2591 405 2617 Αέτε
418 2599 473 2616 non
492 2597 581 2623 certo,
603 2599 716 2626 corpora
737 2590 849 2624 languor
869 2588 949 2616 habet
963 2590 1045 2617 Ouid.

31 2627 77 2653 A.
90 2635 116 2659 2,
129 2634 169 2659 315
186 2627 242 2661 sqq.
277 2627 353 2659 Qot
365 2625 518 2652 Themison
537 2631 630 2661 aegros
641 2633 769 2653 autumno
788 2625 916 2652 occiderit
935 2635 989 2652 vno
1003 2628 1046 2653 Iu-

300 2660 392 2687 Aestus
410 2661 539 2688 Autumni
556 2662 654 2696 Virgil.
676 2662 771 2697 Georg.
791 2671 817 2694 3,
837 2670 901 2696 479.
928 2664 946 2688 i.
963 2662 1045 2689 Calor.

387 2198 475 2223 Vtitur
487 2199 561 2222 etiam
577 2195 870 2230 Scribon.Comp.227.
908 2195 1052 2224 Cael.Aur.

824 2301 925 2338 [ὅπῶρα
932 2323 941 2336 ,
963 2303 1050 2337 φθινέ-

25 2666 28 2667 ’
54 2661 85 2688 al.
106 2670 152 2694 10,
173 2670 227 2688 2211.

19 2741 30 2758 e
42 2732 162 2759 ἰισΙίηανὶ
180 2732 266 2768 uersus
283 2732 390 2759 hiemem.
461 2733 572 2768 Frigora
584 2734 712 2760 Autumni
726 2734 823 2769 Virgil.
837 2734 935 2768 Georg.
949 2742 978 2767 2,
991 2743 1043 2767 321.

47 2767 323 2802 mpestatenAutumni
336 2767 410 2795 Idem
422 2768 520 2804 Georg.
535 2778 555 2802 1,
569 2777 617 2801 311.
676 2769 789 2797 Adultus
803 2772 969 2803 Autumnus,
989 2770 1043 2799 vid.

8 2814 14 2822 ι
45 2810 135 2831 οιΒο.
208 2804 335 2837 Adultus,
353 2813 454 2838 nouus,
473 2813 614 2840 praeceps:
637 2805 691 2833 vid.
711 2806 784 2833 Seru.
799 2806 830 2833 ad
846 2807 943 2840 Georg.
960 2815 985 2839 1,
998 2815 1040 2841 43.

27 2848 79 2866 ies
95 2839 158 2866 Stat.
172 2839 237 2867 Silu.
250 2848 279 2874 5,
299 2849 325 2873 1,
344 2848 384 2874 50.
453 2841 550 2868 Grauis
569 2842 663 2869 Horat.
676 2842 758 2869 Serm.
773 2851 799 2875 2,
818 2844 844 2874 6,
860 2850 896 2874 19.
923 2848 947 2868 et
966 2843 1038 2870 Caes.

17 2881 31 2897 ¹=
55 2895 61 2902 .
73 2874 155 2902 Ciuil.
169 2884 192 2908 3,
207 2885 232 2904 2.
253 2879 271 2902 i.
284 2876 435 2913 insalubris,
452 2880 496 2913 qui
509 2877 606 2904 morbos
619 2877 732 2915 adferat.

26 2914 28 2921 ’·
49 2918 96 2938 ·ue
113 2911 228 2945 hiemes,
251 2912 388 2947 aestusque
408 2919 434 2939 et
454 2914 602 2949 inaequales
617 2914 781 2947 Autumnos‚
800 2916 941 2941 alternante
959 2916 1039 2942 calore

0 2960 3 2978 ι
22 2961 39 2985 :4
61 2949 138 2985 igore.
208 2948 330 2975 Maturus
343 2948 424 2976 Ouid.
432 2950 498 2976 Met.
511 2958 544 2984 ις,
557 2959 614 2977 210.
685 2951 842 2985 Pampineus
857 2951 1038 2986 Virg.Georg.

29 2986 32 2990 “
50 3001 60 3015 ,
72 2985 136 3019 <quia
147 2989 199 3010 tum
213 2987 279 3011 vites
289 2988 394 3012 maxime
406 2983 509 3018 vestitae
518 2989 656 3022 pampinis.
717 2986 836 3013 Pomifer
846 2987 940 3013 Horat.
949 2988 1037 3015 earm.

17 2989 39 3062 ἠ
58 3022 139 3080 bu}
154 3019 298 3080 MSiccatus
316 3021 418 3056 frigore
430 3022 579 3049 Autumnus
599 3023 690 3049 quen.
711 3023 762 3049 Sat.
781 3031 817 3053 11,
831 3023 875 3056 76.
948 3023 1037 3050 Sordi-

32 3066 35 3077 Ι
133 3073 140 3080 ι
211 3074 218 3082 ο
309 3075 314 3082 ι

35 3081 39 3125 ζ
57 3062 114 3116 mg:
143 3060 504 3125 ‘Pui'tpuqr’eg9variuseolorm
573 3096 671 3122 Varios
690 3095 766 3130 ponit
784 3095 872 3121 foetus
885 3095 1035 3123 Autumnus

33 3125 92 3169 il.
106 3125 204 3160 Georg.
218 3125 305 3159 2:521.
359 3128 463 3156 Lucret.
478 3138 497 3162 1,
510 3132 557 3166 176
580 3131 654 3157 Vites
666 3131 802 3158 Autumno
817 3130 895 3157 fundi
913 3132 1034 3160 suadante

33 3185 39 3198 χ
64 3170 129 3192 nus,
149 3164 166 3187 i.
182 3163 308 3196 eliciente,
327 3169 474 3192 maturante.
528 3166 692 3198 Autumnus,
705 3174 755 3202 pro
769 3169 820 3192 eius
826 3174 950 3202 prouentu
964 3169 1034 3196 Mar-

34 3199 39 3250 i
55 3202 140 3259 3315&
148 3204 172 3259 13
183 3198 434 3260 ‘ffirmum'ffigm
450 3201 514 3228 testa
528 3202 635 3230 senibus
648 3203 783 3230 autumnis
793 3222 802 3235 ,
823 3206 841 3229 ι’.
855 3205 914 3230 vino
927 3207 1014 3231 veteri.

166 3240 189 3259 1.
322 3242 342 3261 1.
397 3255 403 3261 .

2 3292 3 3295 ,
32 3239 140 3312 ὶΪιιιιΥ
149 3241 287 3296 ἰιιετεῐ.Μ’
315 3243 443 3298 Ατδέῐείε
461 3272 578 3303 foetibus,
600 3280 728 3302 autumna
752 3274 886 3301 foecunda·
910 3276 1035 3312 cyprian.

45 3323 278 3382 ¹1⁸⁸v·Mst,
301 3350 332 3374 a,
359 3350 414 3368 um.
451 3342 554 3371 Adie&
596 3345 682 3379 Idem,
698 3345 763 3382 quod
776 3347 944 3374 Autumnalis.
985 3349 1034 3381 Vt,

47 3380 115 3435 ‘.'-.['“·
123 3377 384 3444 ¹ign-*theffltutungm
404 3378 470 3405 Plin-
489 3387 534 3412 19,
551 3381 577 3406 6.
657 3383 720 3409 Dies
740 3383 772 3410 C.
795 3382 812 3408 l.
831 3389 850 3417 7
886 3381 919 3409 de
937 3383 1031 3412 Feriis.

15 3441 34 3489 ,ἶ
81 3444 83 3446 ’
116 3433 213 3476 Ausim.
226 3421 322 3482 Eid3>⁹⁷llz
337 3434 362 3482 8,
376 3458 413 3476 10.

483 3450 644 3487 Temperies
658 3454 784 3489 Cyprian.
795 3453 856 3481 adu.
863 3454 979 3483 Demetr.
987 3456 1005 3483 l.
1012 3466 1032 3484 1.

24 3493 72 3525 χῖ.-
83 3484 222 3526 200²„-
237 3494 275 3518 19,
290 3494 315 3520 7.

30 3519 99 3556 {law
152 3520 332 3554 MNi'TAs,
358 3522 417 3548 atis.
453 3522 473 3548 f.
509 3521 627 3558 [ὄπ-ὥρα]
661 3524 736 3552 Idem
754 3524 889 3560 fignificat.
929 3526 997 3554 Cato
1008 3535 1032 3562 5,

27 3558 81 3606 ⁴5¹:
140 3556 212 3601 Ι-Ιεεὶε
226 3558 410 3584 Autumnitate
429 3557 596 3593 ablaqueato.
631 3559 700 3587 Add.
716 3570 737 3587 c.
752 3569 787 3595 15,
800 3570 824 3594 5,
839 3570 858 3587 1.
896 3562 1032 3591 [temero-

27 3603 104 3674 ἐξ.
142 3593 426 3661 ,«;;;ιιίι;ἶὲἱιῗδὲιῗιιάἰ.
489 3630 562 3667 Conf.
583 3631 729 3663 Symmaeh.
751 3641 783 3665 3,
805 3641 846 3665 23.
914 3634 960 3660 Sed
981 3642 1030 3671 pro

29 3671 146 3715 5¹¹⁵·
171 3673 187 3691 2
206 3674 230 3700 p.
246 3667 282 3698 96
307 3665 357 3693 Sed
377 3666 460 3693 serius
480 3665 582 3700 hiems,
603 3667 686 3694 serius
702 3667 782 3695 aestas
800 3675 880 3703 atque
899 3671 1029 3698 autumni-

20 3717 313 3774 ffeffimuxt1s‚
337 3745 360 3765 e.
396 3736 541 3774 [ὄπῳμνδς]
583 3739 634 3771 Vt,
653 3738 814 3765 Autumnale
828 3739 1030 3775 aeqUinofiium

18 3772 40 3807 ,ᾗ
66 3770 100 3809 ,ξ
119 3773 123 3776 ⁴
139 3789 149 3811 .·
163 3778 170 3780 ⁷
184 3771 253 3798 Add.
267 3773 342 3800 varr.
356 3773 388 3800 R.
402 3774 434 3801 R.
449 3782 467 3805 1,

26 3813 68 3837 μ,
137 3813 180 3832 mr
190 3806 249 3835 Col.
260 3815 287 3841 7,
298 3816 323 3841 3,
336 3816 369 3836 ¹1.
411 3811 497 3837 Varro
511 3819 531 3842 1,
540 3818 579 3843 39,
589 3819 598 3837 ι
620 3811 720 3837 Nonne
732 3811 855 3838 videmus
866 3812 919 3839 alia
931 3814 1028 3842 florere

30 3855 48 3877 ,ι
70 3843 444 3878 *mpomalia'Ae-stiuo,
463 3854 497 3872 ne
517 3855 551 3872 ue
571 3846 664 3874 cadem
685 3847 858 3880 autumnali,
893 3857 959 3883 quae
977 3851 1027 3878 Hi-

28 3887 45 3913 ,ι
159 3885 238 3918 rnna
252 3879 421 3908 Autumnalia
439 3881 494 3908 Oui
515 3902 520 3908 .
534 3883 598 3909 Met.
612 3888 643 3916 8,
658 3885 716 3917 665.
787 3884 843 3910 Cic.
859 3883 886 3910 in
901 3885 973 3912 Arat.
995 3887 1027 3914 In

138 3926 150 3935 ιι
179 3926 183 3928 -
228 3920 308 3949 atque
326 3915 424 3948 iterum
443 3917 486 3944 Sol
508 3918 609 3945 lumine
628 3920 718 3946 Verno
761 3920 894 3955 Exaequat
914 3921 1026 3955 spatium

80 3952 89 3968 ἕ
134 3971 138 3974 .
176 3957 261 3983 upote
273 3950 368 3978 noffis.

94 3960 114 3968 ι’
426 3953 531 3981 Putatio
547 3954 607 3981 Col.
621 3964 651 3989 4,
664 3964 683 3987 9
701 3962 766 3983 extr.

67 3986 87 4028 A*
107 3989 204 4012 ,von
240 3986 262 4013 1.

747 1235 805 1263 Vid.
818 1236 913 1263 Moral.
923 1246 948 1271 p.
958 1245 1017 1271 542,
1034 1238 1063 1270 E,
1080 1271 1090 1279 a

1078 1272 1110 1295 90

1082 1449 1110 1475 35

356 1628 509 1664 [Ἄντωόη]
549 1629 615 1655 Filia
630 1629 716 1655 Cadmi·
730 1635 755 1655 et
766 1630 927 1662 Hermioner,
942 1628 1000 1663 reste
1015 1632 1063 1657 He·
1072 1632 1109 1657 40

525 1807 663 1839 Natiuum,
677 1816 727 1833 non
739 1806 922 1840 aduenticium,
938 1814 983 1835 aut
997 1812 1062 1836 arti·
1069 1812 1104 1838 43

442 1986 529 2012 Galen.
543 1985 587 2011 lib.
601 1995 613 2010 1
633 1985 661 2010 de
673 1985 794 2011 Aliment.
815 1986 906 2011 Panem
927 1985 1059 2022 αὐτόπυρον
1074 1992 1106 2018 50
1118 1987 1286 2023 fiaeiiefiutre.

1109 2666 1234 2701 contigit,
1255 2672 1280 2691 et
1293 2665 1327 2692 ad
1337 2675 1383 2692 nos
1391 2670 1519 2701 peruenit.

46 2705 94 2723 xus
108 2696 240 2723 Autumni
258 2696 350 2723 Tacit.
364 2696 432 2723 Hist.
446 2703 475 2730 5,
489 2705 528 2730 23.
555 2700 573 2724 i.
586 2707 658 2734 quum
675 2699 816 2724 Autumnus
836 2707 936 2734 vergere
953 2700 1045 2734 incipit
1054 2698 1089 2726 70
1109 2699 1242 2727 leritatem
1255 2701 1356 2728 auitam
1369 2702 1455 2729 mulus
1468 2702 1553 2730 refert
1580 2703 1685 2730 Colum.
1702 2706 1728 2738 6,
1741 2713 1781 2740 37.

1120 2091 1168 2116 tris
1182 2090 1330 2117 auunculus
1344 2100 1468 2127 magnus,
1479 2099 1508 2118 vt
1523 2093 1610 2128 definit
1624 2094 1727 2120 Paullus
1741 2095 1758 2121 l.
1775 2104 1795 2121 c.
1809 2093 1832 2128 6.
1847 2098 1885 2123 16.

1120 2134 1235 2152 accumte
1245 2127 1290 2153 hoc
1308 2127 1423 2154 ICtorum
1438 2128 1570 2164 discrimen
1576 2130 1718 2165 scriptores
1737 2133 1792 2157 alii.
1808 2127 1815 2133 ⁶

32 2162 75 2188 ld.
89 2163 108 2189 P
119 2163 156 2193 in.
170 2171 213 2195 22,
225 2171 256 2196 25
276 2164 294 2188 s.
310 2166 341 2192 68
362 2163 403 2188 Ad
415 2162 506 2188 omnia
520 2167 608 2187 autem
622 2161 686 2186 haec
701 2161 890 2192 fermentatus,
909 2160 957 2194 qui
975 2170 1053 2187 voca·
1073 2166 1100 2192 53
1121 2162 1282 2189 auunculum
1294 2162 1446 2199 fimpliciter

138 2196 140 2199 ’
1119 2198 1265 2224 auunculus
1279 2206 1350 2232 erat,
1371 2203 1441 2226 auiae
1453 2199 1565 2237 Augusti
1572 2202 1672 2237 Jrater.

1119 2234 1218 2260 eundem
1254 2234 1380 2270 Caesarem
1405 2237 1472 2271 Aug.
1496 2245 1513 2271 7
1540 2237 1605 2272 quod
1619 2237 1694 2273 facit
1716 2248 1808 2274 quoque
1827 2240 1895 2267 vell.
1910 2250 1937 2274 2,
1950 2251 1991 2276 59,
2005 2253 2028 2277 3.
2063 2248 2178 2274 Denicue

1119 2269 1213 2296 Claud.
1229 2279 1240 2302 3
1262 2271 1410 2305 Augustum
1422 2272 1583 2298 auunculum
1598 2273 1727 2300 maiorem
1742 2274 1849 2301 Claudii
1862 2278 1985 2311 appellat,
2005 2284 2049 2316 qui
2066 2268 2176 2317 magrino

1118 2305 1236 2332 dicendus
1261 2314 1331 2338 erat,
1351 2317 1404 2333 cum
1427 2306 1482 2340 efflet
1505 2306 1631 2340 OHauia,
1649 2309 1750 2335 Claudii
1774 2312 1832 2336 auia
1854 2319 1966 2339 materna

821 2338 925 2370 Festus,
951 2340 1050 2367 Aue‘tu-
1061 2344 1096 2369 60
1117 2342 1213 2368 Seneca
1234 2342 1342 2368 Consol.
1363 2344 1395 2369 ad
1416 2343 1495 2369 Helu.
1515 2351 1544 2377 17
1567 2347 1684 2370 maritum
1703 2352 1850 2372 materterae
1855 2348 1918 2383 suae
1923 2349 1997 2385 stium
2011 2355 2175 2383 auunculum

1118 2380 1237 2403 nominat.
1274 2378 1342 2403 Pers.
1357 2380 1383 2410 6,
1398 2380 1432 2404 60
1457 2386 1561 2405 remotae
1579 2383 1738 2416 cognationis
1754 2382 1860 2418 gradum
1878 2383 2039 2421 signatur-us,
2058 2390 2090 2416 Et
2104 2391 2176 2418 mihi

1116 2413 1172 2440 ritu
1186 2413 1293 2439 Manius
1306 2413 1350 2439 hie
1365 2414 1468 2448 generis
1482 2423 1564 2449 prope
1577 2417 1664 2443 maior
1678 2417 1823 2445 auunculus
1838 2420 1901 2446 exit.

1545 151 1784 193 Avx

1139 235 1230 269 sapore
1243 233 1371 265 iucunda,
1389 234 1540 265 Tiberiana
1553 240 1735 275 appellantur,

1140 270 1194 306 cipi
1208 269 1328 304 placuere
1343 271 1410 297 Plin.
1428 280 1463 304 15,
1478 281 1511 305 ις.

1175 313 1197 332 Α
1206 313 1225 331 v
1235 312 1256 332 'r
1266 313 1286 331 v
1294 313 1320 332 Μ
1330 312 1351 331 Ν
1361 313 1416 332 AL.
1454 309 1662 342 Aequinoflium
1678 314 1813 340 autumnal

1139 341 1176 376 sq.
1195 351 1223 367 cx
1236 341 1317 367 Plinii
1332 342 1465 369 Sermonis
1480 344 1556 370 dubii
1569 346 1641 373 libro
1655 349 1736 375 sext0.

1174 383 1194 403 Α
1206 384 1225 402 v
1239 383 1260 403 T
1274 384 1388 404 VMNA
1400 384 1434 405 Τ.
1470 379 1537 405 Plin.
1552 388 1576 411 2,
1591 389 1621 414 50
1641 384 1670 408 In
1685 385 1760 410 ltalia
1780 387 1880 420 semper
1900 386 2016 421 quodam
2028 388 2110 416 modo
2125 399 2182 417 ver-

1138 418 1182 438 nat
1196 412 1237 438 vel
1252 420 1398 440 autumnat.
1469 415 1555 443 Corus
1569 422 1703 445 autumnat
1718 420 1756 445 lb.
1771 430 1790 446 c.
1806 430 1850 456 47.

1173 455 1196 474 A
1205 455 1226 473 v
1239 455 1260 474 T
1273 448 1294 475 ῢ
1302 457 1326 476 Μ
1336 456 1355 476 o
1365 469 1373 481 ,
1390 454 1443 476 are.
1480 451 1687 491 [ῥῖιολαμςὶίνω]
1725 456 1944 493 Qiidjigizijw'cet,
1962 458 2032 486 docet
2044 460 2113 488 Gell.
2125 469 2181 495 ¹3⁷3

1137 484 1256 510 Autumo
1274 495 1328 511 non
1342 485 1427 512 solum
1441 485 1583 520 fignificat,
1603 488 1707 514 Totum
1728 491 1853 525 aestimo,
1874 494 1917 520 scd
1935 500 1960 521 et
1974 496 2058 529 Dico,
2079 504 2105 523 et
2125 499 2183 532 opi-

1137 528 1203 551 nor,
1223 527 1249 546 et
1263 522 1364 547 censeo.
1436 523 1576 554 Autumat,
1594 525 1675 556 λέγει,
1701 526 1759 551 Vet.
1776 527 1856 554 Gloff.
1927 531 1983 557 Cic.
1999 531 2026 557 in
2040 533 2140 567 Topic.
2156 542 2182 567 55

1138 564 1159 581 c.
1174 564 1206 587 13·
1229 563 1252 582 et
1271 557 1299 583 in
1313 557 1388 583 Orat.
1404 559 1450 583 166
1470 567 1492 584 c.
1507 566 1542 591 49
1568 559 1636 584 Bene
1653 569 1733 594 quam
1752 563 1872 589 meritam
1893 566 1941 591 ess'e
1960 574 2095 601 autumas,
2117 569 2183 596 dicis

1137 591 1206 617 male
1225 593 1330 619 mereri.
1386 593 1453 619 Ter.
1468 595 1536 628 prol.
1553 595 1647 620 Heaut.
1663 604 1690 627 19
1715 596 1823 624 Fabium
1838 598 1880 625 hic
1894 602 1955 633 effe,
1974 603 2000 628 id
2020 613 2074 630 non
2092 613 2168 640 negat

1137 636 1223 662 neque
1240 628 1265 654 se
1278 628 1307 654 id
1320 628 1410 662 pigere
1425 639 1430 654 :
1453 636 1479 656 et
1495 629 1590 656 deinde
1604 630 1735 657 facim-um
1751 640 1879 661 autumat.
1950 638 2044 666 Horat.
2061 640 2142 668 Serm.
2157 626 2184 675 ιζ

2106 175 2180 213 570

1759 251 1826 277 quae
1844 243 1960 271 maxime
1972 244 2092 274 Tiberio
2111 251 2181 284 prin.

1827 315 1903 342 Varr.
1917 322 1957 351 ap.
1969 315 2075 351 Sofipat.
2087 327 2096 344 1
2113 329 2137 353 p.
2146 330 2182 355 94

1136 671 1160 695 3,
1174 671 1207 697 45
1241 679 1287 684 —
1323 665 1442 691 insanum
1456 665 1594 700 Chrylippi
1609 667 1726 700 porticus
1739 674 1764 694 et
1778 677 1840 702 grex
1876 671 2010 700 Autumat.
2077 677 2122 703 Te
2135 679 2183 704 effe

1137 699 1285 726 Tiburtem
1298 706 1436 742 autumant
1451 701 1549 741 Catuli.
1565 710 1608 741 455,
1629 711 1664 743 ²⁶.
1727 704 1761 730 Vt
1780 705 1855 731 Plato
1878 713 1995 735 autumat
2014 711 2090 745 Apul.
2106 713 2184 747 Apol.

1137 744 1161 769 p.
1174 737 1233 769 276.
1299 737 1378 769 Qiah
1393 736 1456 763 falsa
1470 744 1611 763 muriatica
1624 739 1673 764 esse
1686 746 1857 766 autumantur
1875 742 1955 768 Plaut.
1970 745 2048 772 Poen.
2064 755 2088 778 1,
2105 757 2129 780 2,
2144 758 2183 783 32,

1136 771 1179 797 vbi
1200 778 1222 797 ct
1240 769 1386 805 aestimandi
1405 780 1428 798 et
1448 772 1547 799 dicendi
1558 773 1720 809 significatus
1741 775 1783 808 este
1800 775 1888 812 potest.
1959 779 2102 809 Autumare
2135 792 2184 820 pro

1136 808 1235 833 Dicere.
1270 807 1353 834 Plaut.
1366 808 1440 842 Epid.
1461 817 1489 842 5,
1510 817 1536 841 1,
1554 817 1585 843 37
1610 807 1643 835 Di
1667 819 1709 835 ine
1729 819 1759 836 ex
1776 812 1877 845 perdita
1895 813 2022 842 seruatam
2037 804 2129 846 voluiit
2164 821 2182 847 fi

1136 851 1198 868 vera
1212 849 1339 870 autumas.
1412 843 1439 871 Si
1453 853 1519 870 vero
1534 852 1654 871 autumas
1668 845 1742 872 Idem
1757 848 1830 881 Capt.
1846 857 1874 881 4,
1888 858 1910 881 2,
1925 857 1974 876 113.
2009 853 2076 878 ΑΜ.
2093 841 2183 883 Μ.’ὶὶ),

1136 887 1192 912 104.
1231 880 1262 904 Et
1275 881 1346 906 Men.
1363 888 1385 912 ς,
1398 888 1424 913 2,
1439 886 1455 915 7
1476 881 1547 907 Nam
1560 889 1600 907 res
1611 881 1743 915 plurimas
1756 883 1869 917 pessimas
1889 894 1947 911 cum
1965 885 2074 915 aduenit
2092 891 2166 918 affert

1134 915 1206 947 Qtas
1219 914 1237 939 ss
1252 922 1388 942 autumem
1402 924 1509 947 omnes,
1529 917 1608 943 nimis
1625 917 1719 950 longus
1733 919 1819 945 sermo
1834 918 1871 945 fit.
1927 922 2048 955 sperandi·
2063 911 2184 954 notionsni

1131 952 1230 985 quaerit
1251 950 1324 977 Non.
1345 961 1380 984 4,
1398 959 1426 986 7,
1445 955 1473 978 in
1491 953 1534 979 illo
1573 953 1630 979 Pac.
1649 954 1702 980 Aut
1716 953 1759 980 hic
1773 955 1824 987 est,
1844 960 1889 982 aut
1903 955 1947 982 hic
1961 957 2052 987 adfore
2065 961 2184 989 aetutum

1132 992 1251 1011 autumo.
1550 1003 1552 1007 =

1168 1028 1189 1047 A
1202 1028 1376 1055 vvtsvs,
1394 1031 1417 1049 et
1437 1030 1638 1056 AVVLSOR,
1674 1023 1915 1053 vid.AV1-:LLO.

1167 1063 1431 1085 AVVNCVLVS.
1468 1057 1757 1092 vid.statin1Avvs.

1166 1099 1188 1118 A
1197 1100 1216 1118 v
1228 1099 1249 1118 V
1262 1099 1275 1118 S
1285 1113 1293 1126 ,
1315 1093 1334 1120 i.
1356 1103 1390 1121 m.
1415 1094 1551 1129 [πάππος]
1590 1096 1671 1122 Patris
1685 1101 1729 1122 aut
1742 1096 1832 1123 matris
1844 1102 1937 1133 pater,
1957 1105 1987 1125 vt
1999 1102 2038 1126 ait
2050 1101 2153 1129 Paullus
2167 1102 2184 1129 l.

1131 1135 1160 1154 10
1173 1126 1198 1168 §3
1215 1136 1238 1160 13
1251 1128 1278 1154 ff.
1299 1129 1331 1156 de
1352 1130 1487 1164 gradibus.
1562 1132 1630 1158 Salii
1650 1138 1738 1168 nugoJe
1746 1132 1850 1165 Festus,
1871 1149 1875 1159 ι
1888 1136 1952 1160 ualis
1962 1135 2033 1162 hodie·
2047 1140 2077 1170 <sl
2089 1157 2097 1170 ,
2112 1140 2186 1166 Auus

1131 1170 1228 1198 patris,
1253 1166 1398 1200 matrisque
1421 1175 1510 1201 pater,
1527 1166 1613 1193 dietus
1639 1176 1653 1194 a
1677 1169 1779 1195 Graeco
1802 1144 1951 1203 vocabulo,
1972 1172 2044 1206 quod
2065 1174 2100 1199 est
2115 1174 2184 1208 apud

1130 1208 1175 1226 eos
1190 1200 1300 1233 πάππος,
1321 1202 1429 1228 mutatis
1442 1203 1602 1237 quibusdam
1617 1204 1711 1230 literis.
1747 1204 1804 1230 Alii
1817 1205 1929 1239 volunt,
1953 1208 2027 1241 quod
2041 1218 2072 1235 ex
2081 1218 2110 1236 ea
2119 1219 2185 1237 voce

1130 1236 1294 1270 appelletur,
1316 1238 1388 1272 quod
1402 1238 1470 1273 apud
1490 1239 1595 1265 eosdem
1618 1240 1733 1266 Graecos
1755 1240 1842 1266 τάττω
1864 1242 2028 1277 appellatur,
2046 1244 2184 1279 fignificat-

1131 1281 1182 1306 que
1196 1273 1340 1307 Magnum,
1361 1275 1489 1308 quoniam
1504 1275 1589 1301 veluti
1603 1276 1715 1310 Magnus
1735 1284 1808 1311 pater
1824 1276 1854 1304 fit
1868 1279 1948 1305 Auus.
2022 1281 2078 1307 Alii
2092 1289 2185 1316 putant

1130 1309 1218 1334 Auum
1232 1308 1333 1335 dieium
1348 1310 1396 1335 effe
1405 1330 1413 1342 ,
1432 1311 1496 1345 quia
1509 1311 1540 1337 ad
1553 1312 1619 1337 duos
1632 1312 1758 1344 attineat,
1779 1312 1849 1347 quali
1865 1314 1988 1342 Adduum
1997 1336 2005 1348 ,
2024 1317 2066 1343 vel
2081 1319 2143 1352 quia
2152 1318 2185 1345 ad

1130 1351 1232 1378 patrem
1246 1344 1276 1370 fit
1289 1345 1403 1371 additus.
1442 1345 1571 1373 Hafbcnur
1586 1347 1683 1374 Festus.
1721 1349 1777 1374 Cic.
1790 1358 1839 1383 pro
1856 1351 1978 1377 Muraen.
1992 1360 2017 1385 15
2031 1362 2052 1378 c.
2067 1361 2083 1388 7
2107 1358 2185 1381 rroa-

1130 1388 1178 1405 vus
1192 1380 1221 1405 L.
1236 1381 1397 1413 Muraenae,
1416 1388 1441 1408 et
1467 1391 1532 1408 auus
1554 1384 1689 1410 Praetores
1708 1384 1826 1410 fuerunt.
1897 1387 1938 1412 Ab
1953 1396 2020 1420 auo,
2059 1389 2110 1416 uid.
2132 1397 2184 1417 ΑΒ.

1131 1416 1267 1441 Maternus
1283 1425 1348 1442 auus
1369 1417 1439 1443 Suet.
1452 1418 1551 1444 Tiber.
1566 1426 1591 1453 7.
1648 1420 1716 1445 Hor.
1729 1420 1810 1446 Serm.
1826 1429 1846 1451 1,
1860 1422 1887 1453 6,
1903 1430 1914 1453 3
1936 1423 2010 1455 Nec,
2031 1425 2104 1458 quod
2120 1435 2185 1452 auus

1129 1450 1182 1477 tibi
1204 1457 1337 1478 maternus
1362 1453 1431 1484 fuit,
1451 1460 1529 1487 atque
1553 1460 1685 1488 paternus.
1757 1456 1810 1481 Aui
1834 1456 1974 1489 penatibus
1993 1459 2069 1485 reddi
2092 1461 2185 1488 Tacit.

1131 1489 1199 1513 Ann.
1214 1496 1234 1519 1,
1249 1494 1271 1520 5.
1327 1488 1530 1515 Transi-endere
1551 1499 1631 1515 auum
1650 1496 1735 1516 aetate
1752 1490 1810 1517 Sen.
1831 1491 1936 1518 Troad.
1957 1500 2018 1527 702.
2076 1496 2185 1523 Nomen

1129 1523 1230 1550 clarum
1244 1532 1357 1550 auorum
1376 1524 1456 1552 Ouid,
1471 1534 1485 1550 e
1499 1527 1572 1553 Pont.
1586 1534 1605 1557 1,
1621 1534 1648 1558 9,
1663 1534 1702 1558 39.
1775 1525 1889 1553 Nobiles
1897 1528 1942 1554 aui
1963 1529 2020 1555 Seu.
2030 1531 2109 1557 Herc.
2121 1533 2184 1560 Fur.

1130 1567 1183 1591 339.
1254 1560 1309 1595 Aui
1321 1566 1495 1587 numerantur
1509 1570 1622 1587 auorum
1643 1562 1831 1596 Vi1·g.Georg.
1845 1571 1874 1595 4,
1896 1571 1957 1596 209.
2001 1566 2058 1592 Vsd.
2081 1568 2184 1603 Rupert.

1129 1594 1163 1620 ad
1174 1596 1288 1630 Pompon.
1299 1596 1500 1631 Enchir.p.436.
1537 1596 1671 1631 Despefi‘tis
1685 1604 1760 1624 ortus
1775 1600 1832 1624 auis
1851 1599 1931 1625 Ouid.
1945 1601 2023 1635 Epist.
2036 1611 2147 1638 20‚224.

1166 1638 1188 1657 A
1199 1638 1218 1657 V
1227 1638 1247 1657 V
1256 1630 1358 1658 NCV'L
1368 1639 1388 1658 v
1398 1638 1410 1657 S
1419 1652 1427 1665 ,
1447 1633 1465 1658 i.
1492 1642 1526 1660 m.
1565 1631 1774 1669 [fik’ffi'gmldfflssw'
1794 1634 1857 1659 θεῖος
1872 1635 1929 1671 πρός
1941 1636 2053 1673 ,un-1155]
2089 1640 2184 1667 Matris

1128 1665 1227 1699 frater,
1247 1674 1277 1693 vt
1290 1671 1329 1694 ait
1342 1668 1446 1694 Paullus
1460 1668 1477 1694 l.
1492 1677 1520 1695 10
1533 1667 1601 1705 §.14
1615 1669 1640 1695 ff.
1656 1669 1688 1695 de
1701 1669 1836 1703 gradibus.
1910 1672 2012 1699 Traxit
2031 1676 2185 1709 appellatio-

1128 1711 1190 1728 nem
1203 1702 1235 1728 ab
1249 1712 1297 1736 eo,
1316 1703 1389 1738 quod
1403 1713 1486 1739 aeque
1500 1706 1594 1731 tertius
1609 1714 1624 1731 a
1639 1714 1681 1732 me
1696 1712 1723 1731 vt
1737 1714 1801 1732 auus
1815 1706 1868 1738 est,
1891 1707 1935 1733 sed
1948 1717 2002 1735 non
2016 1710 2134 1737 eiusdem
2144 1713 2183 1738 iu-

1126 1738 1165 1764 ris
1180 1749 1186 1763 :
1221 1738 1336 1774 ideoque
1350 1740 1478 1766 vocabuli
1494 1740 1563 1766 taeta
1575 1741 1722 1767 diminutio
1734 1741 1779 1767 est.
1837 1742 1898 1768 Siue
1913 1746 2059 1772 auunculus
2072 1748 2182 1781 appella-

1127 1779 1186 1805 tur,
1206 1775 1279 1808 quod
1294 1775 1340 1802 aui
1353 1775 1443 1801 locum
1456 1777 1595 1808 obtineat,
1615 1783 1641 1802 et
1655 1777 1828 1810 proximitate
1841 1783 1946 1804 tueatur
1966 1781 2064 1807 sororis
2085 1783 2182 1810 tilium.

1127 1811 1197 1836 Haec
1210 1810 1276 1837 fest.
1313 1811 1375 1836 Stat.
1391 1811 1457 1837 Silu.
1471 1821 1497 1843 4,
1513 1818 1536 1843 ῖς,
1552 1820 1579 1837 12
1603 1811 1723 1837 Gaudeat
1735 1820 1760 1837 et
1783 1812 1883 1844 Libyca
1903 1815 2044 1849 praesignis
2066 1826 2182 1845 auuncu-

1126 1845 1166 1870 lus
1181 1844 1259 1871 hasta,
1330 1846 1388 1872 Cic,
1403 1846 1435 1872 de
1450 1847 1506 1872 Fin.
1521 1856 1543 1878 3,
1558 1849 1573 1872 6
1588 1855 1608 1871 c.
1623 1855 1635 1871 2
1657 1846 1782 1872 Attendes
1797 1848 1880 1881 igitur
1896 1856 1922 1875 vt
1937 1850 2016 1882 soles,
2031 1852 2182 1887 diligenter,

1127 1889 1238 1914 eamque
1251 1881 1460 1907 controuersiam
1473 1881 1649 1914 diiudicabiS,
1669 1891 1737 1916 quae
1753 1883 1822 1909 mihi
1838 1885 1890 1910 tuit
1905 1894 1964 1912 <um
1978 1883 2112 1916 auunculo
2133 1900 2181 1918 tuo

1126 1915 1222 1941 diuino
1235 1925 1264 1943 ac
1278 1915 1403 1950 fingulari
1419 1917 1489 1943 viro.
1560 1918 1714 1943 Auunculus
1734 1927 1824 1950 meus,
1844 1919 1971 1954 idemque
1991 1932 2037 1956 per
2059 1925 2181 1959 adoptio-

1125 1960 1185 1977 nem
1200 1958 1274 1985 pater
1293 1953 1361 1979 Plin.
1376 1954 1422 1986 Ep.
1438 1961 1460 1985 5,
1473 1958 1495 1981 8.
1531 1953 1600 1977 Add.
1616 1953 1654 1977 ld.
1670 1955 1696 1984 6,
1711 1961 1754 1984 20,
1769 1961 1798 1978 10
1817 1953 1846 1978 de
1859 1958 1951 1981 maiore
1971 1959 2071 1991 Plinio,
2090 1965 2182 1988 matris

1357 1987 1511 2013 Auunculus
1525 1995 1634 2019 magnus
1649 1987 1684 2012 est
1703 1995 1780 2013 auiae
1799 1988 1896 2021 frater,
1920 1991 2024 2019 Paullus
2038 1994 2055 2019 l.
2070 2005 2091 2021 c.
2105 1994 2129 2032 §
2146 2005 2180 2030 15.

1124 2024 1165 2049 Sic
1185 2023 1242 2047 Cic.
1257 2023 1330 2047 Brut.
1346 2023 1396 2047 22'2
1412 2031 1432 2047 c.
1447 2024 1478 2046 62
1498 2021 1613 2047 Drusum
1623 2042 1630 2053 ‚
1649 2028 1724 2048 tuum
1738 2032 1863 2057 magnum
1877 2028 2054 2060 auunculum,
2070 2040 2180 2064 gramm

1123 2062 1258 2082 oratorem
1273 2063 1319 2081 etc.
1393 2056 1547 2083 Auunculus
1559 2058 1647 2084 maior
1660 2058 1697 2085 est
1711 2060 1839 2092 proauiae
1854 2061 1952 2096 frater,
1973 2066 2054 2098 patris
2069 2067 2111 2094 vel
2126 2078 2180 2095 ma-

1956 2100 2004 2126 Sed
2017 2108 2181 2139 non-seruant

1568 2166 1573 2171 .
1865 2133 1906 2159 Sic
1925 2135 2050 2171 Caesi-irem
2069 2139 2180 2176 Augisti

1466 2172 1539 2191 vocat
1559 2168 1666 2192 bucton.
1680 2167 1748 2201 Aug.
1763 2172 1784 2197 8.
1800 2175 1836 2207 ιο.
1852 2170 1883 2198 68
1901 2174 1944 2205 qui
1953 2177 2057 2208 proprie
2069 2184 2178 2208 magnus

1712 2205 1743 2228 Et
1756 2211 1887 2231 maiorem
1901 2209 2062 2237 auunculum
2070 2206 2180 2248 Augusti

1973 2334 1982 2347 ,
2003 2315 2072 2343 illius
2089 2319 2175 2354 soror.

1153 2455 1273 2481 AVIA,
1292 2458 1332 2475 ae.
1352 2449 1492 2485 [μάμμη]
1531 2452 1620 2477 Patris
1654 2454 1694 2478 vel
1725 2455 1825 2480 Matris
1844 2461 1909 2482 meae
1929 2464 2017 2486 mater.
2054 2460 2112 2488 Cic.
2138 2462 2172 2490 de

998 2519 1002 2523 .
1029 2519 1034 2523 .
1117 2484 1210 2518 Arusp.
1227 2484 1302 2519 Resp.
1316 2494 1350 2511 zz
1365 2495 1387 2512 c.
1400 2494 1422 2512 11
1446 2486 1507 2519 Te,
1524 2492 1550 2513 te
1564 2487 1614 2514 Cn.
1630 2488 1760 2522 Lentule,
1781 2491 1856 2517 cuius
1869 2492 1901 2518 ab
1916 2494 1978 2521 auia
1997 2497 2121 2525 manibus
2135 2500 2172 2526 es-

829 2517 958 2551 Qiaestus
972 2518 1048 2545 Libi-
1064 2516 1095 2548 65
1114 2520 1152 2546 set
1173 2528 1291 2556 accepta,
1312 2521 1487 2556 spe&atoren1
1507 2523 1556 2549 effe
1578 2523 1676 2551 voluit.
1714 2525 1762 2552 Sed
1778 2527 1825 2563 leg.
1845 2526 1940 2560 abaui,
1962 2533 2002 2557 vel
2015 2535 2088 2560 ataui
2101 2534 2162 2562 adeo

1113 2557 1222 2582 Veteres
1240 2558 1333 2590 auiae,
1349 2565 1398 2593 pro
1418 2560 1516 2585 Deliris
1535 2560 1603 2586 Pers.
1619 2561 1669 2587 Sat.
1685 2568 1714 2594 5,
1726 2569 1767 2594 92.
2163 2556 2171 2563 ⁰

1113 2595 1132 2618 i.
1153 2593 1192 2618 De
1204 2593 1274 2618 bonis
1285 2597 1355 2620 auiae
1376 2594 1442 2620 Pers.
1458 2595 1508 2621 Sat.
1523 2597 1555 2628 6,
1569 2603 1605 2629 55.

1840 2563 1879 2590 De
1891 2565 1953 2592 auia
1966 2566 2037 2594 nihil
2045 2569 2171 2605 superest,

1147 2628 1224 2655 Avi
1234 2634 1315 2657 Tvs.
1335 2629 1396 2656 Adi.
1417 2630 1587 2665 [ποογονικὸς]
1624 2632 1699 2667 Quod
1709 2630 1743 2665 est
1761 2636 1820 2666 aui,
1840 2635 1882 2661 vel
1900 2636 1966 2671 quod
1983 2637 2013 2665 ab
2033 2649 2079 2667 auo
2097 2642 2170 2669 nobis

1771 2669 1828 2696 Cic.
1842 2679 1892 2704 pro
1912 2672 1983 2700 Cael.
1997 2684 2019 2701 c.
2036 2684 2074 2710 14.
2119 2678 2168 2705 Ce-

1855 2707 1924 2734 Hor.
1937 2710 2027 2738 Carm.
2042 2720 2068 2745 1,
2087 2721 2135 2748 37,
2149 2717 2168 2741 6

1592 2667 1665 2694 Bona
1679 2669 1750 2695 auita

1109 2736 1190 2763 Cellis
1213 2737 1292 2764 auitis
1318 2737 1476 2773 depromere
1504 2738 1665 2772 caccubum,
1684 2743 1702 2766 i.
1727 2743 1753 2767 in
1777 2751 1839 2777 quas
1860 2752 1924 2770 auus
1946 2748 2031 2773 vinum
2043 2750 2166 2777 condidit.

1109 2771 1215 2798 Fundus
1237 2774 1304 2800 Hor.
1321 2774 1547 2815 Carm.1,·2'‚43--
1573 2776 1792 2817 Cie.Fann13,35
1812 2778 1923 2806 Auitum
1932 2781 2000 2808 mihi
2009 2784 2165 2818 Hospitium

1109 2808 1145 2834 est
1168 2818 1228 2835 cum
1249 2810 1352 2842 Lysone
1377 2811 1488 2843 Lysonis
1510 2810 1568 2837 fiho
1588 2811 1761 2846 Lilybitano,
1782 2813 1913 2850 valdeque
1926 2817 1959 2843 ab
1972 2827 2005 2844 eo
2023 2818 2162 2848 obseruor.

1109 2845 1234 2871 Honores
1247 2846 1335 2873 auitae
1349 2847 1447 2874 Laudis
1464 2847 1560 2873 Lucan.
1574 2847 1607 2873 ad
1619 2848 1705 2875 Pison.
1721 2858 1757 2881 33.

799 2877 879 2905 Ouid.
893 2879 958 2905 Mct.
969 2887 1039 2914 1,117
1055 2880 1087 2909 75
1105 2882 1135 2943 30
1151 2917 1224 2944 cena

1104 2953 1186 2981 Am'ta
1198 2960 1224 2980 et
1236 2955 1322 2988 patria
1338 2964 1380 2981 res
1418 2955 1474 2982 Cic.
1488 2956 1564 2982 verr.
1579 2965 1595 2982 2
1609 2965 1630 2982 c.
1645 2965 1666 2989 5.

1362 2884 1366 2887 ι
1495 2883 1500 2886 Ι
1829 2851 1931 2878 Malum
1944 2854 2047 2881 auitum
2066 2855 2127 2882 Liu.
2141 2865 2163 2890 1,

1205 2882 1311 2908 Merum
1324 2890 1428 2910 auitum
1447 2882 1528 2910 Outd.
1544 2883 1575 2909 de
1589 2884 1655 2911 Arte
1668 2885 1728 2911 Am.
1743 2894 1770 2918 2,
1784 2888 1842 2919 695.
1877 2890 1896 2913 i.
1921 2889 2006 2916 Vetus.
2048 2891 2162 2919 Vnima-

1306 2918 1415 2945 Nomen
1434 2919 1515 2945 Ouid.
1532 2919 1597 2946 Met.
1612 2922 1636 2951 6,
1649 2929 1706 2954 239.
1779 2922 1848 2956 Opes
1863 2923 1952 2950 auitae
1974 2924 2042 2952 Plin.
2066 2935 2101 2960 9,
2121 2936 2160 2961 35.

1738 2956 1776 2983 Id.
1793 2958 1875 2984 Tusc.
1890 2968 1910 2991 1,
1924 2967 1958 2993 45
1998 2961 2070 2988 Haec
2086 2964 2160 2991 enim

1103 2988 1276 3024 pulchritudo
1298 2991 1377 3017 etiam
1399 2991 1427 3017 in
1451 2991 1528 3017 terris
1549 2992 1662 3026 patriam
1684 2993 1776 3026 illam,
1794 2999 1819 3020 et
1840 2993 1939 3021 auitam
1953 2998 2000 3027 (vt
2013 2997 2051 3023 ait
2064 2997 2159 3027 Theo-

1103 3025 1239 3060 phrastus)
1259 3026 1459 3061 philosophiam
1487 3028 1651 3062 cognitionis
1681 3029 1826 3063 cupiditate
1857 3030 1990 3057 incensam
2021 3033 2157 3064 excitauit.

382 3057 480 3084 Horat.
492 3059 581 3085 Carm.
593 3067 625 3092 2,
641 3066 670 3092 5,
685 3067 707 3086 11
731 3058 876 3092 Distinguit
887 3058 1036 3087 Autumnus
1050 3060 1083 3086 80
1103 3062 1224 3096 Regnum
1245 3063 1301 3097 Cic.
1317 3072 1366 3097 pro
1382 3064 1452 3098 Lege
1467 3063 1560 3090 Manil.
1575 3072 1600 3090 21
1615 3074 1636 3091 c.
1652 3069 1674 3094 8.
1711 3072 1735 3091 ct
1747 3065 1807 3091 Liu.
1823 3073 1885 3099 1,15.

633 3094 637 3099 ”
1102 3103 1131 3124 to
1154 3097 1255 3125 nobilis
1279 3100 1397 3134 Propert.
1415 3109 1447 3131 2,
1463 3108 1513 3132 22,
1528 3108 1565 3132 33.

1102 3134 1257 3167 Tumulus,
1277 3136 1417 3170 Sepulcrum
1441 3138 1484 3161 aui
1500 3135 1582 3162 Ouid.
1607 3135 1696 3162 Trist.
1718 3146 1746 3170 4,
1771 3146 1794 3169 3,
1814 3145 1857 3171 45.

1955 3067 2088 3103 Sanguine
2100 3072 2157 3099 aui-

1638 3100 1741 3127 Solium
1755 3101 1858 3128 auitum
1879 3102 1954 3136 Virg.
1966 3104 2032 3132 Aen.
2046 3112 2080 3141 7,
2101 3109 2156 3141 169.
2198 3124 2201 3125 ι

1930 3138 2045 3167 Vmbrae
2057 3142 2156 3178 auitae,

1097 3176 1147 3205 pro
1165 3171 1293 3197 Maiarum
1314 3172 1426 3204 vmbris,
1444 3174 1462 3198 i.
1479 3171 1619 3197 Animabus
1637 3172 1718 3199 Ouid.
1735 3173 1800 3199 Fast.
1816 3182 1836 3205 1,
1849 3181 1881 3207 43
1902 3173 1938 3201 At
1953 3174 2044 3204 Numa
2055 3174 2103 3206 n‘ec
2115 3180 2155 3207 Ia-

1101 3214 1180 3236 num,
1200 3215 1248 3233 nec
1263 3208 1349 3234 auitas
1363 3207 1489 3242 praeterit
1508 3207 1625 3234 vmbras.

453 3238 539 3264 Varro
564 3238 630 3274 apud
650 3239 723 3265 Non.
748 3248 780 3271 2,
803 3246 838 3265 22
870 3239 1033 3268 Autumnum
1053 3241 1082 3270 83

1137 3248 1208 3269 AV1
1217 3249 1275 3269 Tr.
1300 3243 1368 3270 Adu.
1406 3244 1506 3270 Filium
1520 3242 1638 3270 hominis
1651 3244 1723 3270 auite
1735 3244 1937 3278 pronuntiatum
1956 3246 2078 3276 Tei-tull.
2091 3250 2154 3278 adu.

1100 3277 1205 3305 Valent.
1218 3287 1241 3305 c.
1254 3287 1295 3313 39.
1329 3281 1374 3307 ΑΙ.
1386 3281 1434 3316 leg.
1450 3279 1525 3306 aiunt
1540 3290 1546 3306 :
1582 3278 1651 3314 etstc
1662 3281 1759 3316 Rigalt.

433 3413 524 3442 Imber:
535 3415 604 3443 Cato
615 3417 687 3445 R.R.
700 3426 723 3451 5,
738 3424 762 3451 8,
780 3421 808 3444 in
821 3418 906 3445 MStis
920 3420 1032 3455 quibusd.
1041 3428 1077 3453 90
1098 3422 1141 3448 ubi

1424 3343 1450 3373 A
1578 3342 1608 3373 V
1753 3341 1782 3373 X

1211 3423 1216 3427 .
1253 3424 1259 3429 ·
1375 3397 1425 3415 vox
1445 3388 1523 3415 nihili
1530 3408 1538 3421 ,
1559 3397 1633 3424 quam
1652 3387 1821 3450 ρι·ιι1>[ε·νε’ὂιιηιι
1838 3398 1869 3416 ex
1889 3389 1949 3418 md.
1971 3391 2058 3425 Etym.
2081 3400 2120 3428 17,
2133 3394 2152 3420 6

1165 3423 1278 3451 Amana
1303 3424 1357 3457 est,
1377 3430 1404 3451 et
1423 3423 1442 3452 l.
1463 3433 1480 3451 2
1502 3425 1533 3451 C.
1568 3424 1601 3451 de
1635 3423 1683 3449 fun
1703 3433 1725 3450 is
1755 3430 1861 3459 patr-im.
1877 3426 1922 3454 vbi
1945 3426 1981 3461 est
2009 3428 2150 3457 Penfitatio

1135 3393 1339 3421 AVXARiA,

1097 3458 1212 3485 auraria.

1133 3501 1155 3521 Α
1164 3501 1212 3522 vx
1222 3502 1238 3522 Ε
1247 3502 1260 3522 s
1269 3502 1279 3521 1
1288 3502 1317 3528 s,
1338 3495 1370 3522 is.
1390 3495 1411 3522 f.
1450 3495 1545 3532 Figura
1556 3497 1676 3522 oratoria.
1714 3495 1770 3522 Cic.
1784 3496 1859 3524 Orat.
1875 3506 1918 3531 125
1930 3508 1953 3526 c.
1967 3501 2000 3531 36
2018 3499 2081 3526 Sunt
2094 3508 2148 3527 ma-

1097 3530 1186 3557 ximae
1198 3531 1347 3558 luminosae
1359 3537 1385 3558 et
1399 3531 1470 3566 quasi
1485 3531 1607 3558 ae'tuosae
1620 3536 1707 3565 partes
1714 3532 1845 3559 orationis
1853 3533 1937 3568 duae,
1958 3543 2070 3570 quarum
2084 3535 2148 3562 alte-

390 3603 415 3628 p.
426 3602 452 3620 12
470 3595 507 3621 Ex
521 3594 604 3621 oliuis
617 3595 709 3622 vestris
719 3603 802 3632 ‘atque
815 3597 913 3624 vinetis
929 3597 1031 3632 plenam
1044 3608 1077 3635 95
1096 3575 1236 3629 Zagrum—'s
1250 3602 1346 3635 αὔξησις
1358 3603 1394 3630 est
1410 3603 1546 3637 appellata.

1269 3576 1342 3602 pono
1378 3582 1423 3587 —
1459 3568 1487 3593 in
1522 3566 1648 3601 augendis
1674 3567 1922 3606 amplificandisque
1945 3570 2043 3603 rebus,
2078 3580 2148 3605 quae

1132 3645 1155 3665 Α
1163 3645 1185 3665 V
1193 3646 1213 3666 x
1222 3646 1231 3665 1
1240 3645 1256 3664 L
1266 3646 1276 3666 1
1286 3647 1308 3666 v
1315 3646 1341 3666 M
1350 3659 1359 3672 ,
1385 3640 1404 3666 i.
1432 3648 1458 3665 n.
1496 3637 1618 3671 [βοήθεια
1625 3658 1634 3671 ,
1660 3641 1823 3676 συμμαχία]
1857 3640 2033 3667 Adiumentum
2046 3651 2054 3666 :
2083 3648 2147 3678 pro.

1091 3677 1152 3709 prie
1166 3683 1216 3701 vox
1229 3676 1367 3708 militaris,
1386 3685 1433 3711 qua
1447 3673 1627 3701 denotabantur
1641 3675 1765 3702 Sociorum
1779 3679 1879 3712 copiae,
1898 3683 1923 3702 et
1934 3683 2007 3711 opes,
2026 3685 2087 3713 quae
2100 3681 2146 3705 mi-

1095 3711 1230 3737 litantibus
1249 3712 1370 3737 Romanis
1382 3709 1491 3746 subsidio
1513 3708 1595 3742 efflent.
1633 3711 1723 3746 Veget.
1737 3720 1763 3745 2,
1775 3720 1792 3738 2
1813 3712 1886 3745 Qid
1900 3712 1969 3737 inter
1981 3711 2106 3746 legione?
2118 3720 2146 3742 et

1095 3745 1197 3772 auxilia
1210 3747 1329 3773 interesse
1342 3747 1479 3777 videatur,
1499 3745 1647 3780 expediam.
1683 3748 1832 3774 Auxiliares
1840 3746 2023 3775 conducuntur
2031 3749 2064 3775 ad
2071 3758 2145 3784 prae.

482 3779 519 3804 28-
556 3774 616 3801 Liu.
632 3783 666 3807 31,
682 3784 727 3810 47.
764 3777 853 3809 Agnus
868 3778 1028 3806 autumnalis
1037 3789 1084 3808 100
1096 3781 1161 3808 lium
1176 3791 1209 3809 ex
1222 3782 1331 3809 diuersis
1346 3782 1428 3814 locis,
1443 3790 1475 3807 ex
1498 3781 1608 3808 diuersis
1629 3784 1748 3810 numeris
1769 3784 1903 3809 venientes
1937 3797 1982 3802 -—
2018 3784 2144 3820 Legioni-

1094 3816 1142 3844 bus
1156 3818 1258 3853 semper
1271 3818 1388 3850 auxilia,
1404 3824 1533 3851 tanquam
1543 3817 1610 3844 leuis
1623 3826 1756 3846 annatura
1765 3839 1774 3851 ,
1790 3819 1818 3844 in
1833 3819 1888 3844 acie
1899 3818 2094 3853 iungebantur,
2114 3828 2145 3848 vt

1093 3853 1122 3880 in
1159 3853 1201 3880 his
1237 3854 1386 3889 praeliandi
1419 3853 1502 3887 magis
1536 3853 1730 3881 adminiculum
1765 3854 1840 3885 esset,

1093 3889 1248 3916 subsidium.

1876 3862 1957 3888 quam
1995 3857 2143 3891 principale

1325 3889 1383 3916 Vid.
1398 3889 1468 3915 Suet.
1484 3888 1584 3916 Tiber.
1599 3892 1628 3916 16
1641 3898 1665 3916 et
1677 3899 1716 3922 30.
1788 3891 1865 3916 Varr.
1878 3889 1911 3915 dc
1918 3890 1947 3916 L.
1956 3890 1985 3916 1..
1999 3901 2027 3925 4,
2041 3895 2070 3918 16
2087 3894 2140 3918 Au-

1092 3925 1189 3952 xilium
1203 3925 1365 3960 appellatum
1377 3924 1410 3952 ab
1424 3923 1519 3957 andiu,
1539 3934 1621 3960 quum
1641 3927 1793 3953 act-efferant
1811 3925 1860 3960 qui
1879 3925 2033 3953 adiumento
2052 3928 2140 3959 else-nt,

823 3956 883 3983 Pira
890 3976 900 3988 ‚
919 3957 1025 3985 acidulo
1039 3970 1083 3997 ¹03
1091 3961 1266 3999 alienigenae.

1463 3958 1484 3999 ff
1503 3969 1516 3987 2
1537 3961 1585 3990 Sed
1596 3963 1674 3989 lacius
1685 3961 1884 3996 deindepaeuit,
1908 3968 1938 3988 ut
1956 3961 2093 3990 adiumenti
2101 3968 2139 3988 ae-

1404 3996 1526 4023 Cccc
2093 4007 2138 4033 que
