2474 4182
62 155 125 206 36¹
442 141 684 184 ANN
1593 145 1810 186 ANS
2136 156 2209 203 362

60 247 128 268 nona
148 238 201 265 Cic.
220 244 268 271 pro
288 235 375 261 Domo
392 242 412 260 11
432 242 453 259 c.
473 240 495 265 ς.
550 231 652 258 Leuare
670 236 801 255 annonam
820 227 895 255 vrbis
910 229 1009 256 Romae
1023 238 1101 267 atque
1156 240 1190 258 na
1203 231 1305 265 semper
1320 230 1349 256 in
1362 232 1461 257 mutuis
1475 232 1576 259 damnis
1589 243 1617 260 ac
1631 235 1779 267 crementis,
1795 234 1953 262 annualibus
1962 236 2041 263 causis
2055 237 2138 266 lucem
2148 240 2210 267 sem-

59 274 218 303 ltaliaeLiu.
232 273 272 303 26,
285 280 329 303 40.
368 270 431 296 Non
441 268 518 294 habet
525 267 639 302 pretium
653 273 767 296 annona,
782 264 828 290 nili
845 265 872 290 in
881 266 1029 293 calamitate
1042 267 1102 296 ssu-s
1157 276 1203 302 per
1223 273 1302 300 atque
1322 266 1511 293 obscuritatem
1532 270 1673 296 resumens.
1730 272 1771 299 Sic
1783 270 1910 297 [ebbonem
1928 271 2059 305 constituit
2080 275 2212 309 Salmasius

61 311 148 338 &mum
167 309 222 334 Cic.
237 308 313 333 Verr.
330 314 352 338 3,
362 313 412 339 227
427 314 447 330 c.
461 309 501 337 98.
535 303 652 329 Onerant
666 308 798 326 annonam
812 301 892 327 etiam
908 302 1015 328 staterae
1029 302 1102 328 adul·
1155 302 1228 329 valde
1233 299 1410 337 fluHuantem.
1446 303 1515 328 Add.
1530 305 1606 338 Vulg.
1622 306 1756 341 Sirac..37,
1772 316 1801 341 ¹4
1830 308 1976 342 Operarius
1990 309 2119 342 annualis,
2140 311 2212 338 credo

60 345 158 374 tei-inae
178 343 235 377 le.
249 342 278 368 in
301 342 317 367 l.
332 343 479 367 Annonam.
491 338 531 364 »D.
545 337 576 363 de
597 336 730 362 extraord.
751 336 918 363 criminibus.
972 337 1101 364 Praestare
1156 340 1199 373 qui
1212 344 1263 363 toto
1277 346 1341 363 anno
1356 337 1513 374 opus-facere
1529 346 1607 374 optat.
1644 343 1676 368 In
1695 343 1788 369 Graeco
1810 341 1843 376 est
1862 343 1963 378 ἐφέςως,
1982 347 2025 381 qui
2042 344 2107 371 donn
2120 348 2214 373 alienae

27 371 28 374 Ἴ
59 387 186 410 annonam
200 379 255 405 Cic.
271 386 319 412 pro
334 378 420 403 Domo
430 384 460 408 14
469 383 488 400 c.
498 374 522 398 6.
560 372 626 398 Hor.
642 371 720 405 Epist.
736 379 755 403 1,
772 374 809 404 16,
823 380 864 406 72.
901 374 1028 399 Annonae
1041 374 1101 406 pro·
1121 372 1134 398 5
1157 373 1307 408 opusfacit.

57 417 89 447 fit
122 420 207 450 portet
219 414 354 439 frumenta
367 417 522 447 penumque.
559 407 726 441 Temperare
739 416 870 434 annonam
885 409 989 435 Sueton.
998 409 1027 434 T
1029 409 1065 434 ib.
1080 417 1101 433 c.
1192 414 1244 434 ΑΝ
1254 415 1275 434 Ν
1285 415 1367 434 VAT
1377 415 1386 434 1
1397 414 1431 434 M.
1452 407 1532 447 <Adu.
1555 410 1602 435 Per
1608 408 1723 446 singulos
1737 422 1822 439 annos.
1867 414 1941 441 Valla
1959 415 2005 442 lib.
2021 417 2039 441 6
2053 418 2117 442 citat
2133 417 2213 442 locum

62 435 105 486 34³
137 452 232 476 Patere.
248 458 262 475 2
287 457 330 483 77,
346 457 354 474 1
391 447 466 473 Tum
485 442 663 476 expostulante
677 444 801 469 consensu
822 445 931 479 populi,
952 453 1030 479 quem
1045 451 1101 477 gra·
1156 443 1222 470 Plin.
1239 452 1276 476 12,
1291 448 1316 473 18
1334 446 1361 469 in
1379 453 1424 479 quo
1433 446 1472 477 ch
1484 453 1549 470 nunc
1563 446 1665 480 legitur,
1701 447 1842 475 Herodoto
1856 449 1935 483 teste,
1958 451 2005 486 qui
2018 451 2099 478 tradit
2112 451 2212 486 singula

28 493 29 501 ¹
60 471 101 515 vis.
118 486 215 513 Vrcbat
238 469 333 511 iu’fcsto
352 482 419 509 mari
439 485 556 510 annona,
593 487 653 504 cum
680 480 807 513 Pompeio
829 489 937 515 quoque
957 488 1005 514 pax
1025 480 1099 505 inita.
1157 478 1244 505 millia
1263 478 1392 505 talentum
1406 488 1492 506 annua
1508 480 1575 506 turis
1591 480 1689 506 Arabes
1702 483 1834 515 penfifflsse
1855 486 1962 520 regibus
1976 488 2121 514 Persarum.
2159 487 2212 514 Vbi

27 509 29 549 i
60 520 79 562 q
99 530 110 555 3
128 523 208 549 Simili
221 523 423 547 rationeannona
430 517 502 541 etiam
509 512 537 538 de
545 514 651 540 aliarum
660 523 740 540 rerum
749 519 832 550 pretio
842 514 1100 549 tlic1t11›·.Hor.Epist.
1158 515 1233 542 Valla
1266 515 1342 541 fuisse
1367 515 1494 542 mendum
1521 515 1719 543 subdubitaba't.
1773 519 1804 546 In
1829 520 1965 549 Onomast.
1993 530 2047 551 vet.
2075 521 2134 549 κατ’
2159 524 2212 550 ἔτος

28 553 29 560 ’
60 567 79 592 1,
94 566 130 590 η,
146 566 181 590 24
201 557 270 582 Vilis
283 555 426 582 amicorum
437 556 560 581 annona,
580 549 658 576 bonis
673 550 721 576 vbi
743 551 808 585 quid
823 551 907 583 deest,
928 555 944 576 i.
955 558 1034 585 paruo
1046 558 1103 589 prf—
1116 549 1144 568 ¹0
1160 553 1300 586 eaporzitur.

59 597 246 622 3f000‚„0.1‚-a›·e
263 593 320 618 licet
339 596 388 615 rem
401 587 511 621 alioquin
534 585 749 620 pretiojzffinmrn,
776 590 884 618 anm-os,
905 589 998 621 quoties
1012 587 1102 619 occasio
1194 592 1430 619 ANNVTRIO,
1465 584 1520 614 vid.
1546 592 1774 615 ADNVTRIO.

27 615 31 658 i
59 627 92 662 est
105 614 252 665 jiihfeuancli
268 627 373 659 inopiam
391 621 449 647 boni
468 622 530 646 viri.
586 622 678 647 quen.
694 622 743 648 Sat.
759 631 785 655 9,
799 631 845 649 100
865 622 914 649 His
929 622 1021 656 apibus
1038 630 1103 647 nun-

22 681 27 692 .-
79 673 140 692 uam
153 672 211 690 cara
224 660 258 689 est
279 666 379 686 annona
398 657 508 683 Veneni·
565 656 623 683 Sen-
640 660 693 693 Q,
716 659 778 684 Nat.
800 668 835 691 4,
853 665 875 689 ις
896 657 951 683 Nix
971 657 1049 683 habet
1065 657 1103 683 in·
1280 694 1285 697 .
1585 660 1612 692 A
1668 659 1700 692 N
1747 661 1777 692 Ο

26 663 31 725 i
83 701 162 727 itores
176 705 201 725 et
212 704 356 727 annonam,
375 691 443 727 proh
456 691 555 726 pudor!
576 693 687 720 variam.
726 695 815 720 Locum
830 693 910 719 Plinii
926 701 968 725 33,
989 701 1013 725 13
1035 693 1103 718 dedi—

20 720 31 781 Ἰ
60 745 112 762 mus
125 744 149 761 n.
165 742 178 766 3
197 736 223 759 in
238 730 378 765 Flagellare
395 730 536 754 annonam.
734 728 754 766 ff
777 738 795 762 4
816 729 940 757 Annona,
967 735 1017 764 pro
1033 730 1103 755 Men·
1118 728 1144 755 15
1196 737 1218 757 A
1228 737 1249 757 N
1259 730 1279 758 6
1288 728 1440 757 anoN.
1467 727 1613 764 [οἲνῶδυνσν]
1635 730 1703 765 Qae
1717 731 1862 758 leuationem
1876 731 1969 759 doloris
1975 734 2062 770 meno
2075 737 2213 772 arcff·‚1d0

23 767 25 777 l

50 770 124 804 stma
137 770 177 796 vel
186 770 275 794 Annua
282 764 387 792 merccdc
395 761 560 799 acstspcndio.
597 764 688 799 Veget.
704 763 736 790 de
751 766 788 791 Re
804 764 913 796 Milit.1‚
923 771 945 795 ¹3
975 765 1103 799 Torqucs
1160 768 1304 793 moliuntur.
1331 766 1397 792 Cels.
1413 774 1436 798 ς,
1451 774 1481 799 25
1515 765 1644 798 Anodyna
1658 774 1763 799 vocant,
1795 776 1862 801 quae
1878 769 1970 795 somno
1982 770 2103 799 dolorem
2117 775 2214 802 leuant.

23 784 32 840 ¹
57 813 149 833 aureus
168 801 264 829 solidae
285 800 394 827 virtutis
413 800 561 834 praemium
579 799 645 826 fuit:
670 809 749 835 quem
769 799 815 834 qui
831 800 979 832 mcruifl'et,
1000 807 1103 835 practer
1160 803 1234 829 Idem
1247 804 1273 835 6,
1287 804 1303 828 6
1322 802 1349 828 Si
1362 808 1464 828 tantum
1476 802 1541 828 mali
1556 801 1591 828 est
1606 822 1614 834 ,
1636 808 1664 828 vt
1679 802 1800 829 somnum
1813 803 1859 829 diu
1873 805 2032 839 prohibeat,
2058 816 2151 836 eorum
2165 812 2213 838 ali.

59 839 176 870 laudem,
197 837 286 871 duplas
299 835 508 870 consequebatur
527 844 651 863 annonas.
688 837 813 862 Annonae
827 835 920 861 ciuiles
935 835 951 861 l.
972 845 1008 869 ¹4·
1023 838 1053 863 C.
1070 836 1102 862 de
1160 838 1227 873 quid
1236 837 1351 864 dandum
1365 837 1410 869 est,
1419 846 1486 872 quae
1499 835 1603 863 iudcium
1616 837 1712 864 Graeci
1727 844 1831 866 vocant.

23 842 33 906 ‘i
60 875 147 909 sacros.
161 873 247 900 eccles.
292 872 348 899 Ael.
372 871 506 905 Lamprid.
528 871 603 897 Alex.
618 872 676 898 Seu.
692 881 713 897 c.
727 879 757 903 41
784 871 909 897 Aulicum
924 872 1103 899 ministerium
1195 880 1309 900 ΑΝΟΜ
1320 880 1366 900 AL
1376 881 1417 900 ΙΑ
1427 893 1435 906 ‚
1454 880 1491 900 ae.
1513 872 1677 907 [dvoptakae'oe]
1698 875 1867 909 Inaequalitas
1882 878 2006 909 rationis,
2034 885 2058 904 et
2073 876 2106 911 cst
2123 881 2215 908 Anolo.

23 902 27 920 3
61 913 89 949 ip
99 909 126 938 id
138 908 284 941 contraxit,
304 915 332 934 vt
347 908 425 934 essent
439 914 478 933 tot
494 906 614 933 homiues
630 908 657 933 in
671 906 775 940 lingulis
791 905 904 939 officiis,
939 915 1005 942 quot
1018 908 1103 934 ncces-
1114 913 1146 931 20
1158 912 1215 946 gine
1226 913 1367 936 contraria.
1404 909 1473 936 Gell.
1486 916 1551 942 z,25
1577 909 1607 935 In
1627 909 1724 936 Latino
1745 910 1866 941 sermone
1885 910 1960 938 sicuti
1982 913 2009 939 in
2030 914 2148 947 Graeco,
2168 917 2218 943 alii

126 944 282 980 postularet,
303 944 339 970 ita
353 950 381 970 vt
396 952 528 975 annonas,
548 952 602 969 non
615 943 770 977 dignitatem
785 943 932 977 acciperent
945 944 1060 970 fullones
1076 950 1101 970 et
1157 946 1310 980 analogiam
1330 945 1489 980 sequendam
1510 951 1689 979 putauerunt,
1722 945 1771 971 alii
1795 946 1955 973 anomaliam
1971 959 1976 973 ι
2016 949 2153 984 αἰναλογία,
2180 953 2217 979 est

83 984 90 989 ·
113 972 190 1008 ‘tores
205 987 250 1006 etc.
287 994 330 1000 ι-
351 979 400 1006 Sed
414 987 529 1005 annonas
541 979 666 1013 singulas,
690 977 735 1003 vix
750 977 834 1003 binas.
898 978 1021 1005 Videntur
1035 979 1103 1014 poste
1158 981 1286 1007 fimihum
1314 981 1407 1007 similis
1425 981 1585 1012 declinatio,
1613 990 1693 1016 quarn
1710 981 1819 1016 quidam
1838 983 1932 1009 Latine
1945 984 2149 1019 Proportionern
2168 997 2216 1014 vo.

61 1017 164 1053 intelligi
198 1019 308 1043 ortiones
322 1015 466 1050 frumenti,
487 1017 550 1045 vini,
572 1016 627 1046 olei,
645 1016 739 1045 carnis,
756 1012 784 1038 cle
798 1012 886 1039 [uibus
906 1014 1020 1041 Titulus
1035 1015 1102 1041 Cod.
1160 1024 1218 1043 cant
1235 1028 1239 1042 :
1287 1015 1430 1050 οἰνομκλία,
1472 1016 1511 1043 est
1543 1017 1718 1052 inaequalitas
1752 1017 1965 1046 declinationum
1997 1021 2217 1052 consuetudinem

62 1046 163 1082 Theod.
177 1023 209 1078 ge
223 1053 379 1086 erogatione
395 1051 520 1077 militaris
533 1058 659 1076 annonae.
698 1048 745 1076 Sed
763 1049 794 1075 Sa
807 1049 899 1076 matius
921 1059 945 1084 p.
961 1056 1005 1082 933
1026 1059 1102 1085 panes
1162 1053 1281 1087 sequens.

52 1083 133 1119 ,binos
145 1089 283 1124 intelligit,
310 1097 334 1114 eo
345 1087 494 1122 pracsertim
508 1091 650 1122 argumento
665 1083 740 1120 ostes,
766 1085 831 1120 quod
843 1086 930 1112 deinde
946 1095 965 1112 c.
976 1095 1021 1119 42,
1040 1087 1104 1113 dsci-
1119 1087 1145 1114 25
1195 1095 1247 1115 AN
1257 1095 1276 1114 o
1286 1094 1309 1114 M
1319 1093 1396 1114 ALv
1406 1094 1437 1121 s,
1457 1096 1488 1120 a,
1509 1097 1563 1114 um.
1601 1088 1679 1115 Mart.
1696 1089 1760 1124 Cap.
1776 1096 1787 1115 1
1801 1097 1826 1124 p.
1836 1097 1869 1122 13.
1884 1096 1907 1116 et
1919 1098 1932 1122 3
1951 1099 1977 1125 p.
1991 1099 2029 1126 7¹·

31 1138 33 1143 .
58 1131 114 1158 tur,
138 1123 256 1150 Medicus
275 1138 320 1143 —-—
340 1131 455 1149 annonas
474 1121 548 1147 binas
566 1126 610 1146 aut
629 1126 715 1146 ternas
728 1121 909 1155 accipiebant,
931 1121 968 1148 ita
982 1129 1010 1149 vt
1027 1132 1102 1149 mun-
1196 1126 1365 1156 AN6NIS‚
1387 1124 1424 1156 iS,
1446 1125 1489 1150 vel
1503 1124 1562 1150 i'dis.
1589 1124 1607 1149 f.
1626 1125 1736 1159 [ἅνωνῖς]
1757 1125 1824 1151 Plin.
1841 1133 1882 1160 27,
1895 1135 1914 1158 4
1935 1127 1952 1152 s.
1967 1135 1995 1153 η
2028 1127 2137 1155 Αηοηίη
2159 1130 2217 1164 qui.

31 1157 33 1160 ⁴
58 1160 100 1189 das
123 1159 231 1194 singulas
259 1159 490 1194 consequerentur.
547 1157 623 1182 Putat
647 1165 705 1192 ergo
724 1158 849 1191 pluralem
862 1158 959 1194 semper
982 1158 1010 1184 de
1027 1162 1104 1194 pani·
1161 1158 1221 1186 dam
1241 1159 1367 1186 Ononida
1385 1159 1488 1185 malunt
1508 1167 1620 1191 vocare,
1645 1162 1792 1193 ramosam,
1825 1160 1936 1188 similem
1950 1163 2032 1189 foeno
2041 1173 2149 1198 graeco,
2168 1166 2217 1192 nisi

55 1195 171 1231 buscapi,
371 1192 391 1231 ff
413 1202 425 1226 ς
451 1193 577 1223 Annona,
597 1192 680 1218 Diua:
705 1192 757 1218 vid.
778 1193 1102 1229 Grut.1nscript.Mva,
1160 1195 1315 1222 fruticosior
1328 1195 1512 1230 hirsutiorque
1526 1196 1602 1228 effet,
1624 1196 1708 1222 odore
1723 1196 1853 1230 iucunda,
1872 1197 1930 1232 post
1945 1207 1993 1225 ver
2007 1200 2119 1234 spinosa.
2141 1202 2219 1229 Estur

24 1223 27 1227 ’
57 1240 91 1260 ιο.
111 1239 133 1258 et
149 1237 258 1263 Lxxxl,
273 1238 309 1257 10.
332 1226 488 1262 Elmeuhozll.
509 1227 542 1254 ad
553 1227 654 1254 Arnob.
668 1236 692 1262 p.
707 1235 755 1255 121.
1160 1232 1241 1258 etiam
1256 1231 1344 1258 muria
1359 1231 1473 1257 condita.
1511 1231 1565 1257 vid.
1593 1238 1673 1258 ONO
1684 1239 1756 1259 N1s,

92 1273 114 1294 A
127 1273 147 1293 N
163 1273 183 1292 N
196 1273 214 1293 o
226 1273 246 1292 N
256 1274 305 1293 AR
316 1273 385 1293 ivs.
405 1264 464 1291 Adi.
492 1263 683 1299 [σιτηρεσιακός]
711 1263 785 1299 Qod
797 1262 831 1290 ad
846 1274 969 1290 annonam
980 1262 1102 1300 pe'rtinet.
1119 1266 1151 1291 30
1195 1275 1216 1294 A
1232 1274 1254 1294 N
1269 1274 1288 1294 o
1304 1275 1325 1294 N
1339 1274 1359 1293 o
1374 1273 1399 1293 M
1413 1273 1435 1293 A
1450 1274 1463 1294 s
1476 1274 1500 1294 ‘r
1515 1274 1534 1294 o
1550 1274 1581 1300 s,
1615 1270 1635 1293 i.
1654 1269 1724 1295 Aeon
1741 1268 1920 1295 haereticorum
1944 1276 1987 1306 ap.
2014 1270 2134 1299 Tertull.
2156 1272 2218 1300 adu.

14 1295 17 1299 ’
55 1303 147 1338 Veget.
162 1311 184 1335 3,
198 1310 210 1334 3
232 1303 298 1328 Ante
312 1302 409 1336 igitur,
429 1308 508 1335 quam
522 1300 665 1326 inchoetur
683 1299 798 1332 bellum,
824 1300 856 1326 de
870 1301 954 1334 copiis
976 1302 1103 1336 expensis-
1159 1303 1264 1330 Valent.
1278 1311 1333 1338 cap.
1352 1310 1389 1336 33.

0 1359 2 1366 ,
56 1347 106 1377 que
127 1338 206 1365 solers
228 1338 305 1365 debet
323 1337 370 1363 eise
392 1336 531 1366 tractatus,
553 1342 581 1362 vt
595 1335 708 1370 pabula,
728 1335 909 1368 frumentum,
931 1344 1101 1372 caeteraeque
1197 1347 1278 1366 ANo
1289 1346 1407 1371 NYMI,
1424 1337 1521 1373 Populi
1535 1338 1593 1364 sunt
1611 1338 1639 1364 in
1655 1338 1761 1372 Africa,
1788 1338 1905 1368 Atlantes
1920 1340 2002 1374 dieti,
2020 1343 2068 1377 qui
2082 1343 2141 1371 sunt
2154 1353 2218 1372 ano-

2 1397 5 1401 .
49 1375 213 1414 ,annonariae
228 1375 340 1409 species,
360 1374 423 1408 quas
438 1381 452 1398 a
466 1371 677 1406 prouincialibus
691 1372 853 1398 consuetudo
868 1371 1000 1406 deposcit,
1019 1380 1103 1400 matu-
1160 1377 1253 1408 nymi,
1274 1375 1298 1401 h.
1313 1384 1333 1400 e.
1353 1375 1413 1401 Sine
1426 1374 1544 1409 propriis
1556 1375 1729 1408 nominibus,
1749 1383 1810 1402 cum
1828 1376 1856 1402 in
1870 1377 2024 1404 uniuersum
2038 1379 2155 1407 Atlantes
2164 1387 2219 1408 tan-

0 1403 23 1447 p.
50 1405 109 1438 rius
122 1411 271 1444 exigantur.
308 1410 435 1443 Hermog.
449 1408 478 1434 in
493 1407 509 1433 l.
521 1408 658 1434 Aufertur.
680 1406 758 1433 Date
773 1407 830 1433 iure
848 1408 918 1440 fisci,
949 1410 981 1434 Vt
996 1409 1100 1436 debito·
1161 1417 1219 1438 tum
1233 1411 1394 1437 vocitentur.
1431 1411 1537 1436 Horum
1555 1411 1681 1437 meminit
1700 1411 1766 1437 Plin.
1782 1412 1830 1444 1.;.
1846 1421 1866 1438 c.
1881 1417 1903 1442 8.

0 1451 11 1475 ἡ
53 1446 128 1473 ribus
147 1445 218 1479 fisci,
241 1444 313 1481 quod
333 1444 406 1470 fiscus
431 1443 525 1474 debet,
553 1444 751 1478 compensetur,
778 1444 852 1478 saepe
867 1444 1039 1472 constitutum
1053 1446 1102 1472 est:
1119 1446 1148 1473 35
1198 1454 1221 1474 Α
1231 1454 1252 1473 Ν
1263 1453 1283 1473 Ο
1294 1453 1315 1472 Ν
1328 1445 1449 1478 Y'MOS,
1477 1445 1634 1480 [οἱνώνυμος]
1663 1448 1720 1474 Sine
1733 1450 1838 1477 nomine,
1852 1455 1881 1474 vt
1894 1447 1969 1474 herba
1986 1449 2054 1483 apud
2065 1451 2132 1476 Plin.
2141 1459 2185 1486 27,
2199 1460 2218 1485 4

2 1485 22 1522 ῃ
54 1488 160 1516 excepta
179 1483 252 1508 causa
272 1480 430 1512 tributaria,
457 1486 483 1505 et
497 1479 705 1513 stipendiorum,
733 1484 759 1505 et
781 1480 845 1505 item
859 1480 946 1514 pretio
961 1482 1001 1507 rei
1016 1491 1030 1508 a
1043 1482 1105 1508 fisco
1161 1483 1180 1509 s.
1194 1491 1225 1516 14
1245 1483 1399 1514 Anonymos
1412 1490 1467 1507 non
1480 1482 1643 1508 inueniendo
1657 1490 1755 1508 nomen
1764 1483 1881 1509 inuenit:
1902 1483 2010 1510 affertur
2024 1493 2038 1510 e
2050 1485 2165 1519 Scythia,
2174 1494 2220 1513 etc.

55 1524 156 1550 erutae,
189 1525 214 1543 et
229 1517 299 1552 quod
314 1524 345 1543 ex
367 1516 441 1543 causa
453 1516 600 1542 annonaria
620 1515 738 1542 debetur.
787 1516 827 1542 Sic
842 1517 995 1543 Annonaria
1016 1518 1106 1552 proui-
1162 1520 1204 1547 Sic
1217 1519 1371 1550 Anonymos
1387 1526 1473 1543 uocare
1480 1517 1712 1558 fhlent'fa'buloffim
1724 1525 1838 1557 gentem,
1866 1519 1894 1544 de
1908 1528 1956 1553 qua
1969 1519 2034 1545 Plin.
2050 1529 2070 1552 ς,
2084 1526 2097 1550 8
2130 1522 2218 1548 Atlan.

56 1552 94 1580 fio
113 1553 237 1579 Trebell.
258 1552 324 1579 Poll.
351 1552 384 1578 de
403 1560 435 1584 30
462 1552 584 1583 Tyrann.
606 1560 660 1586 cap.
681 1556 706 1581 18
740 1551 895 1579 Annonaria
920 1553 997 1587 regio
1032 1553 1107 1580 Idem
1162 1561 1201 1581 tes
1214 1555 1358 1589 degeneres
1383 1553 1442 1579 sunt
1462 1551 1572 1578 humani
1591 1559 1658 1579 ritus
1672 1557 1690 1578 11
1703 1553 1845 1581 credimus.
1892 1554 1962 1581 Nam
1976 1564 2063 1590 neque
2076 1558 2217 1584 nominum

2 1566 24 1587 U
55 1591 110 1624 c‘ap.
137 1597 180 1622 24.
1163 1591 1233 1617 inter
1254 1599 1299 1617 eos
1314 1589 1457 1624 appellatio
1471 1588 1508 1615 est
1521 1595 1567 1614 etc.
1603 1589 1686 1615 Solin.
1700 1598 1723 1615 c.
1738 1596 1763 1621 31
1800 1589 1879 1616 Nulli
1892 1591 2031 1625 proprium
2046 1593 2221 1626 vocabulum,

89 1630 112 1652 A
121 1629 142 1649 N
155 1629 177 1649 N
187 1630 207 1649 o
218 1629 240 1647 N
249 1629 268 1649 o
278 1629 297 1649 R
307 1642 316 1655 ,
335 1623 384 1653 ari,
403 1628 432 1648 vt
445 1621 555 1656 aquari,
573 1620 686 1656 lignari,
707 1622 840 1657 pabulari,
861 1632 994 1650 annonam
1009 1630 1106 1659 petere.
1117 1629 1155 1654 40
1163 1626 1233 1653 nulli
1247 1626 1358 1661 speciale
1371 1633 1478 1651 nomen.
1516 1624 1587 1650 Mela
1600 1632 1620 1657 1,
1633 1630 1648 1654 8
1669 1625 1790 1652 Nomina
1805 1625 1903 1661 singuli
1915 1634 1972 1653 non
1984 1626 2091 1654 habent.

16 1678 20 1685 .
56 1655 168 1702 Capitol.
182 1658 310 1685 Gordian.
327 1667 348 1684 c.
363 1666 397 1691 29
414 1658 495 1720 kLoca
510 1658 538 1684 in
551 1658 648 1693 quibus
663 1658 763 1685 milites
781 1660 912 1687 annonari
927 1669 982 1686 non
994 1661 1107 1702 possupt,
1198 1670 1222 1690 A
1231 1668 1252 1688 N
1263 1669 1283 1690 ο
1293 1668 1403 1694 amm,
1423 1669 1446 1687 e.
1473 1660 1527 1687 vid.
1545 1666 1594 1688 AB
1604 1667 1627 1687 N
1637 1666 1685 1688 OR
1694 1667 1737 1688 Ml
1746 1668 1768 1688 s.

46 1696 112 1758 ‘wila
121 1695 333 1763 {allguosssffoiig
351 1695 414 1756 &ll-ieci?
425 1712 467 1756 Gl.
483 1729 588 1762 Annos,
607 1738 709 1762 annua,
730 1726 856 1759 πολυετῆς,
899 1729 943 1764 Est
962 1738 1042 1758 autem
1060 1740 1106 1759 an·
1578 1734 1606 1767 A
1678 1733 1711 1767 N
1779 1733 1828 1783 Q

18 1783 23 1790 κ
53 1775 121 1799 nua,
139 1767 180 1794 hic
193 1775 266 1793 anus.
303 1765 345 1792 Gl.
359 1766 469 1798 Annua,
490 1767 582 1801 79:235,
608 1765 735 1795 πολυετὴς.
772 1768 841 1792 Haec
860 1767 925 1794 Scal.
943 1768 977 1794 ad
992 1768 1106 1802 Festum,

21 1827 23 1829 .
53 1803 108 1830 vid.
123 1802 231 1829 Amofio
240 1821 248 1834 ,
266 1810 353 1828 annuo
362 1821 370 1834 ,
386 1809 435 1837 pro
447 1811 492 1837 quo
506 1803 556 1838 legi
568 1802 624 1828 vult
639 1802 729 1828 Annos
741 1823 749 1835 ,
769 1810 864 1829 annua.
902 1804 934 1830 Et
947 1803 978 1830 ab
990 1804 1035 1831 hoc
1055 1805 1107 1831 An·
1119 1808 1152 1835 45
1201 1812 1223 1832 A
1233 1811 1255 1832 N
1264 1811 1333 1845 QV1
1343 1811 1366 1831 N
1375 1810 1415 1838 Α,
1443 1812 1481 1831 ae.
1503 1803 1557 1831 vid.
1578 1810 1601 1831 Α
1610 1810 1659 1832 NG
1668 1810 1679 1831 1
1689 1810 1712 1831 N
1722 1810 1744 1832 A
1753 1823 1762 1837 ,
1780 1808 1811 1832 it.
1833 1810 1856 1831 Α
1865 1810 1890 1831 Ν
1900 1811 1917 1832 C
1926 1811 2042 1834 ΗΘΚΛ.

29 1865 31 1870 ,
55 1847 120 1872 nos,
139 1838 243 1865 annotis
255 1837 353 1864 deriuac
366 1847 449 1863 nomen
464 1837 625 1870 Annotinus,
642 1837 670 1863 de
684 1847 730 1873 quo
743 1838 841 1866 deinde.
1198 1849 1222 1868 Α
1231 1848 1252 1867 Ν
1262 1848 1311 1879 QV
1320 1848 1357 1867 1R
1366 1847 1403 1873 Ο,
1424 1840 1473 1866 siui
1482 1859 1490 1872 ,
1511 1840 1603 1872 situm,
1629 1842 1682 1866 ere.
1710 1839 1870 1879 [dyoeg'nrs'w]
1898 1847 1927 1866 vt
1940 1845 1979 1867 ait
1991 1842 2080 1868 Festus
2089 1861 2098 1875 ,
2117 1843 2155 1870 est
2167 1843 2218 1872 cir.

91 1881 114 1902 Α
123 1880 145 1900 Ν
155 1881 175 1901 Ν
184 1873 203 1901 ό
212 1881 225 1901 s
235 1872 274 1900 fT
283 1880 325 1900 As
334 1893 340 1904 ,
351 1873 408 1900 atis.
427 1873 587 1908 Antiquitas.
605 1873 710 1900 Cathol.
1164 1885 1224 1902 cum
1238 1884 1377 1910 quaerere,
1398 1878 1415 1901 i.
1430 1882 1544 1901 accurate
1558 1884 1683 1910 quaerere.
1720 1876 1775 1902 Cic.
1788 1874 1820 1901 de
1828 1876 1892 1901 Fato
1908 1884 1936 1910 17
1949 1886 1971 1902 c.
1990 1885 2007 1909 9
2028 1878 2076 1904 Sed
2093 1879 2124 1905 ad
2142 1880 2218 1907 iliam

92 1915 175 1937 ANN
188 1912 260 1937 (ἵεν
270 1916 296 1936 s.
317 1908 377 1936 Adi.
397 1908 554 1944 [πολυετὴς]
573 1910 630 1943 Qi
643 1909 741 1935 multos
760 1907 840 1935 habet
853 1917 944 1935 annm.
964 1916 1004 1942 vt,
1024 1909 1106 1937 Ouid.
1164 1911 1280 1937 Diodori
1298 1911 1500 1936 contentionem
1513 1924 1559 1929 --
1569 1916 1753 1943 reuertamur,
1782 1911 1809 1936 in
1825 1920 1891 1945 qua,
1916 1913 1981 1946 quid
1994 1914 2079 1940 valeat
2094 1915 2131 1947 id,
2145 1916 2219 1950 quod

18 1967 21 1975 .
55 1945 121 1973 Fast.
134 1954 157 1978 2’u
168 1953 215 1980 571
250 1946 315 1972 Ecce
336 1953 399 1971 anus
423 1946 452 1971 in
467 1945 562 1971 mediis
584 1944 698 1971 residens
713 1945 810 1970 annosa
823 1944 926 1978 puellis.
971 1945 1046 1970 Aeuo
1062 1954 1107 1971 an·
1163 1946 1223 1972 fieri
1237 1945 1326 1980 possit,
1346 1946 1518 1981 anquiritur,
1537 1947 1555 1971 i.
1570 1946 1722 1981 disputatur.
1760 1947 1816 1972 Cic.
1828 1945 1904 1973 offic.
1920 1956 1931 1973 1
1950 1957 1971 1974 e.
1985 1957 1997 1980 3
2035 1950 2111 1975 Tum
2130 1959 2219 1978 autem

54 1983 119 2008 noso
143 1981 215 2016 degit
234 1980 553 2016 gens-Hyperboreorum
574 1980 642 2006 Plin.
658 1989 692 2012 4,
712 1988 748 2006 12.
792 1979 903 2005 Brachia
922 1978 989 2005 vlmi
1010 1981 1107 2007 annosa
1119 1986 1150 2013 50
1164 1983 1331 2016 anquirunt,
1350 1985 1368 2008 i.
1389 1981 1498 2016 undique
1517 1988 1647 2015 quaerunt.
1664 2015 1670 2020 .
1701 1981 1817 2008 Add.ib.
1832 1991 1853 2007 c.
1869 1990 1908 2014 39.
1969 1984 2027 2016 Q1i
2041 1985 2101 2011 etse
2114 1985 2218 2021 diliget,

23 2042 26 2046 ,
56 2017 131 2052 Virg.
147 2017 212 2044 Aen.
226 2019 252 2049 6,
268 2022 322 2047 282-
359 2018 390 2043 Et
402 2025 442 2048 10,
451 2017 505 2050 766
521 2016 625 2041 Annosa
632 2024 721 2042 ornus.
759 2014 860 2041 Cornix
869 2015 965 2041 annosa
980 2017 1046 2042 Hor.
1054 2017 1105 2043 Od.
1161 2024 1188 2043 et
1202 2018 1316 2043 alterum
1337 2017 1457 2050 anquirit
1485 2016 1541 2041 Cic.
1557 2015 1590 2041 de
1610 2017 1695 2041 Amic.
1709 2025 1730 2041 c.
1745 2024 1784 2047 21,
1810 2019 1828 2042 i.
1843 2020 1946 2042 amicum
1959 2022 2065 2053 quaerit.
2109 2023 2140 2047 Et
2153 2032 2174 2048 c.
2193 2031 2220 2055 33

54 2061 78 2085 2,
91 2061 130 2087 17,
143 2061 176 2085 r3.
212 2053 354 2079 Falernum
367 2053 494 2078 annosum
509 2051 657 2084 Martial.6,
672 2058 715 2085 27.
758 2051 866 2077 Merum
879 2050 976 2077 Tibul.
990 2060 1012 2083 3,
1022 2060 1048 2085 7,
1064 2053 1105 2077 26.
1162 2053 1198 2078 Vt
1218 2061 1273 2077 non
1287 2052 1410 2084 anquirat
1430 2050 1565 2084 aliquem,
1593 2051 1662 2084 apud
1676 2059 1755 2085 quem
1770 2058 1878 2077 euomat
1892 2053 1966 2079 virus
1979 2054 2132 2083 acerbitatis
2149 2058 2218 2085 suae.

22 2086 23 2089 ¹
54 2079 171 2115 Mundus
185 2088 243 2115 Seu.
257 2088 353 2122 Oedip.
368 2095 422 2120 303.
459 2087 575 2113 Palatum
588 2088 656 2113 Hor.
672 2087 754 2113 Serm.
770 2095 826 2118 2,3,
840 2093 902 2119 274.
942 2087 1048 2117 Qiercu
1062 2094 1105 2110 an·
1162 2088 1194 2112 Et
1206 2095 1230 2122 c:
1243 2094 1276 2120 27
1295 2086 1402 2120 Semper
1415 2085 1501 2120 aliqui
1514 2086 1676 2120 anquirendi
1684 2087 1758 2120 sunt,
1779 2095 1845 2123 quos
1859 2087 2011 2122 diligamus.
2163 2101 2172 2109 ι
2203 2103 2220 2121 2

26 2116 28 2119 ’
55 2125 119 2150 nosa
132 2124 224 2151 durior
240 2122 322 2150 Ouid.
337 2124 401 2149 Met.
418 2131 452 2155 13,
466 2131 527 2157 799.
565 2122 674 2149 Robore
690 2122 789 2147 annoso
802 2122 876 2145 lucus
890 2120 934 2145 Sil.
949 2128 971 2150 3.
990 2121 1020 2144 Et
1028 2120 1102 2154 Virg.
1161 2123 1299 2155 Inprimis
1312 2121 1347 2147 ad
1359 2121 1510 2157 quaestiones
1524 2123 1652 2157 causarum
1665 2129 1689 2148 et
1700 2125 1833 2149 criminum
1846 2125 1969 2158 pertinet.
1989 2125 2048 2152 Liu.
2063 2134 2106 2160 22,
2116 2136 2145 2161 52
2169 2106 2219 2157 §eu

59 2160 150 2193 Aen.4
175 2168 232 2192 44¹·
288 2160 371 2185 Senex
388 2158 469 2185 Ouid.
484 2158 516 2184 de
528 2158 592 2184 Arte
606 2158 664 2181 Am.
679 2164 699 2186 1,
718 2164 755 2187 ¹4·
812 2153 935 2180 Seneehis
950 2153 988 2180 ld.
1003 2155 1069 2181 Met.
1078 2163 1104 2189 7,
1118 2159 1146 2185 55
1161 2156 1279 2191 legibus,
1310 2157 1355 2183 seu
1368 2157 1491 2183 moribus
1505 2157 1610 2191 mallet,
1635 2159 1803 2193 anquireret:
1830 2160 1926 2186 Cicero
1939 2168 1991 2187 tum
2000 2163 2147 2197 Qmerere,
2167 2173 2220 2192 tum

30 2183 35 2207 ἶ
54 2203 111 2229 237.
153 2181 285 2220 ’Vetustas
305 2193 343 2219 Id.
366 2193 450 2219 Trist.
471 2199 493 2223 ς,
508 2200 533 2223 2,
547 2199 578 2216 11.
637 2189 782 2215 Volumnia
801 2195 894 2215 vatum
908 2190 974 2215 Hor.
985 2190 1062 2224 Epist.
1077 2200 1103 2223 2,
1159 2193 1300 2228 Inquirere
1314 2193 1342 2219 in
1357 2192 1475 2228 aliquem
1489 2192 1560 2219 dicit.
1605 2193 1666 2220 Liu.
1681 2196 1707 2227 6,
1720 2203 1755 2221 20
1773 2195 1839 2221 Sunt
1853 2196 1900 2230 qui
1919 2197 2100 2232 Duumuiros,
2119 2201 2167 2235 qui
2187 2202 2220 2228 de

12 2247 14 2249 -
30 2223 34 2244 ἶ
54 2239 75 2264 ι,
89 2231 132 2257 26.
168 2230 198 2256 In
210 2229 302 2262 aliquo
315 2227 452 2253 annosiore
467 2225 575 2260 August.
591 2225 704 2252 Confets.
722 2234 742 2258 1,
756 2232 782 2260 7.
825 2224 1011 2252 Annofiffimus
1024 2227 1104 2262 vigor
1159 2228 1346 2263 perduellione
1369 2230 1557 2264 anquirerent,
1581 2236 1699 2263 creatos,
1721 2230 1843 2258 auctores
1862 2231 1920 2259 fint.
1956 2232 2016 2259 Liu.
2037 2239 2059 2265 8,
2078 2244 2103 2267 33
2123 2238 2218 2271 Capite

54 2263 174 2298 Ambros.
189 2264 220 2290 de
236 2265 326 2293 Vocat.
346 2263 422 2288 Gent.
437 2271 463 2294 2,
477 2267 499 2291 8.
1159 2264 1322 2300 anquisitum
1336 2265 1372 2292 ob
1387 2274 1444 2292 rem
1457 2265 1530 2292 bello
1543 2266 1611 2292 male
1627 2266 1722 2300 gestam
1736 2266 1768 2293 de
1776 2267 1938 2301 imperatore
1950 2269 2026 2295 nullo
2035 2269 2066 2296 ad
2082 2279 2138 2298 eam
2146 2273 2219 2300 diem

20 2305 21 2309 ’
77 2295 252 2329 «ᾊΝΝΟΤῐ
261 2306 311 2326 NV
322 2305 344 2325 s.
371 2297 432 2324 Adi.
458 2295 581 2331 [ἒινοέενος]
604 2296 634 2323 ab
651 2297 756 2328 Annus,
780 2296 822 2322 vel
833 2296 939 2329 Annos,
978 2296 1052 2333 Quod
1070 2296 1104 2331 est
1159 2302 1218 2327 effe.
1255 2301 1330 2327 Idem
1344 2310 1370 2334 2,
1379 2309 1410 2334 52
1446 2301 1477 2328 In
1489 2301 1776 2337 niul&ateiuperarunt
1789 2303 1926 2330 Tribuni:
1943 2313 2003 2330 curn
2018 2306 2111 2340 capitis
2125 2309 2219 2343 anqui-

15 2331 18 2335 ’
62 2364 65 2367 ,
92 2339 104 2344 ”“
128 2363 131 2367 ,
143 2338 210 2365 amll'·
247 2333 378 2361 Columel-
395 2343 423 2367 45
439 2342 481 2367 24,
495 2338 517 2363 8·
552 2334 658 2368 Vnguess
672 2331 809 2359 CUstOdUffl
824 2333 966 2359 annotinos
979 2335 1103 2360 resecato·
1115 2333 1150 2357 60
1161 2336 1258 2369 sissent,
1280 2337 1334 2364 duo
1346 2337 1433 2363 millia
1446 2338 1514 2364 aeris
1528 2337 1654 2364 damnato
1666 2338 1793 2365 rnul6ham
1806 2338 1958 2366 edixerunt.
1995 2342 2026 2366 Et
2039 2344 2103 2375 26,3
2130 2344 2172 2370 Bis
2180 2345 2217 2372 est

142 2368 206 2399 Plin.
220 2373 258 2403 16,
272 2372 315 2397 26.
352 2368 425 2397 Caes.
441 2369 505 2396 Bell.
518 2368 586 2395 Gall.
602 2377 624 2402 ς,
638 2374 651 2399 8
677 2368 853 2395 Multitudine
873 2369 984 2395 nauium
1005 2376 1104 2404 perter-
1160 2374 1308 2406 accusatus,
1340 2373 1504 2407 pecuniaque
1517 2372 1686 2407 anquisitum.
1730 2375 1761 2400 In
1774 2374 1839 2411 ,Obfi
1860 2376 2140 2413 MStisCodd.Jen1per
2155 2380 2217 2416 fere

4 2416 5 2421 =
42 2414 43 2430 l
68 2402 140 2439 tine,
148 2400 218 2442 vquae
225 2416 285 2433 cum
293 2406 427 2432 annotinis
436 2405 613 2440 priuatisque,
635 2413 698 2440 quas
712 2405 752 2430 sui
759 2405 873 2439 quisque
881 2405 1016 2432 commodi
1031 2406 1106 2432 causa
1161 2409 1313 2442 Anquirere
1326 2411 1354 2434 in
1367 2409 1516 2444 Acquirere
1529 2411 1569 2435 vel
1582 2409 1723 2444 Inquirere
1737 2417 1911 2437 commutatum
1925 2409 1968 2444 est.
2018 2414 2077 2439 Non
2092 2424 2218 2452 nunquam

4 2451 5 2454 ’
28 2435 43 2470 *l
67 2442 171 2476 fecerat,
191 2437 304 2478 amplius
322 2441 490 2476 offingentae
509 2450 563 2468 vno
582 2447 656 2467 erant
675 2441 746 2467 visae
765 2447 895 2475 tempore.
944 2442 1105 2474 Annotinae,
1160 2444 1253 2470 ibidem
1273 2447 1399 2479 reperitur
1425 2444 1596 2479 Amquirere.
2221 2468 2223 2471 ,

65 2472 212 2514 αῄςεῗάιυιιιηι
224 2478 359 2511 adhibitae,
372 2478 398 2514 s.
412 2484 442 2504 vt
454 2475 638 2514 Metaphrastes
652 2476 745 2508 reddit,
765 2474 833 2503 οιὲτῐ
841 2476 930 2512 ‚veihsis
942 2478 1004 2503 ἕης.
1060 2479 1105 2504 Er·
1196 2486 1218 2506 Α
1230 2486 1250 2505 Ν
1264 2486 1438 2519 QViSITE.
1477 2480 1545 2507 Adu.
1565 2487 1594 2507 vt
1615 2479 1753 2516 Anquifite
1773 2480 1834 2508 satis
1855 2481 1968 2518 satisque
1987 2484 2092 2512 solicite
2111 2485 2216 2522 aliquid

21 2533 23 2539 .
64 2507 120 2548 rank
129 2517 172 2550 'qui
181 2516 334 2541 annonarias
350 2517 557 2549 interpretantur.
1118 2514 1149 2545 65
1160 2523 1302 2550 quaerere,
1323 2515 1391 2542 Gell.
1404 2524 1425 2548 1,
1439 2523 1461 2548 3.
1498 2516 1665 2552 Anquisitius
1678 2518 1756 2551 super
1767 2517 1857 2552 aliqua
1869 2527 1898 2545 re
1913 2519 2036 2547 disserere
2051 2521 2090 2548 ib.

5 2554 8 2563 '
93 2544 232 2577 A'Nva
241 2558 254 2577 s
263 2570 270 2576 .
294 2549 354 2576 Adi.
378 2549 495 2582 [ἐι-ἠως,
516 2548 643 2582 ἐνιαύσιος]
664 2546 737 2583 Qcod
748 2555 838 2583 annum
847 2545 932 2578 dumzt,
941 2548 1051 2574 uelanno
1065 2551 1103 2574 in-
1195 2558 1216 2578 A
1230 2558 1251 2577 N
1264 2557 1355 2591 Qv1s
1365 2558 1451 2579 1T10
1465 2571 1473 2585 ,
1492 2553 1562 2579 onis.
1583 2553 1602 2579 f.
1624 2554 1701 2580 Varr.
1715 2551 1750 2580 de
1763 2553 1795 2580 L.
1810 2554 1840 2581 1..
1856 2561 1879 2588 5,
1892 2562 1909 2588 9
1928 2555 1962 2582 In
1974 2555 2070 2584 eodem
2081 2566 2218 2585 commen-

10 2589 18 2601 *
60 2580 211 2622 teriecl'ofit.
247 2585 328 2612 Plaut.
341 2583 410 2612 Afin.
426 2593 449 2618 ς,
462 2592 488 2617 2,
502 2587 532 2617 36
568 2584 630 2610 Vita
639 2584 729 2611 vxoris
746 2591 832 2609 annua
852 2583 965 2610 conduci
979 2591 1034 2609 non
1046 2583 1104 2618 pos·
1159 2587 1230 2614 tario
1250 2587 1445 2622 anquifitionis.

18 2618 29 2643 :³
58 2621 129 2654 sum,
146 2624 165 2647 i.
180 2620 223 2655 egli
234 2623 326 2656 aliquis
340 2623 407 2647 Deus·
425 2620 489 2647 illud
500 2620 689 2656 mihi'magnum
703 2619 789 2645 bonum
800 2623 951 2654 promittat,
972 2619 1103 2655 futurum,
1277 2656 1280 2659 .

24 2667 27 2671 ·
59 2663 87 2682 vt
100 2658 170 2683 ultra
182 2665 272 2682 annum
286 2665 333 2682 non
346 2658 418 2682 uiuat
430 2665 494 2682 vxor
512 2664 573 2681 mea.
608 2657 644 2681 Vt
664 2655 741 2681 simus
760 2655 841 2681 annui
860 2655 914 2682 Cic.
930 2656 983 2681 Att.
999 2664 1021 2688 ς,
1031 2664 1064 2688 13,
1084 2658 1103 2682 i.
1569 2663 1597 2694 A
1670 2661 1702 2695 N
1774 2662 1794 2695 S

18 2688 20 2692 ’
64 2699 171 2718 annuum
184 2689 356 2729 magistratum
364 2700 486 2728 geramus.
515 2691 590 2717 Ptin.
606 2698 640 2723 11,
653 2699 684 2723 39
703 2690 927 2726 Qadrupedibus
940 2691 1023 2725 pilum
1031 2692 1104 2718 cade·
1114 2700 1150 2729 70

0 2713 3 2728 '¹
27 2747 35 2755 Α.
61 2735 91 2753 re
103 2724 181 2761 atque
194 2726 312 2752 subnasci
335 2735 451 2752 annuum
469 2725 514 2752 est.
568 2726 632 2752 Aur.
647 2725 750 2754 Victor.
767 2726 798 2753 de
812 2727 883 2754 Viris
898 2727 980 2753 illust.
990 2736 999 2754 t
1036 2728 1104 2762 Qyi·
1194 2738 1217 2758 A
1227 2738 1249 2758 Ν
1259 2738 1272 2759 s
1282 2738 1303 2759 A
1313 2752 1322 2765 ,
1340 2739 1378 2759 ae.
1398 2732 1496 2768 [λοιβὴ
1517 2730 1604 2768 κώπη]
1627 2728 1677 2766 est,
1697 2740 1746 2769 qua
1757 2740 1819 2766 vas,
1845 2738 1889 2760 aut
1900 2732 2001 2770 quiduis
2013 2734 2086 2763 aliud
2095 2745 2169 2764 manu
2181 2743 2216 2765 te.

61 2762 109 2789 bus
121 2770 232 2797 regnum
250 2762 343 2788 annuis
357 2762 461 2789 vicibus
474 2761 625 2788 habendum
638 2761 763 2798 reliquit,
784 2769 809 2789 et
822 2769 850 2790 vt
867 2763 974 2789 alternis
992 2763 1104 2798 impera·
1158 2770 1214 2793 neri
1225 2768 1299 2803 solet.
1335 2769 1411 2803 Virg.
1425 2769 1477 2795 Ecl.
1493 2770 1519 2801 6,
1545 2776 1575 2803 17
1609 2768 1640 2795 Et
1653 2769 1743 2804 grauis
1755 2770 1846 2796 attrita
1859 2770 1988 2804 pendebat
1999 2772 2138 2799 cantharus
2147 2776 2215 2801 ansa.

60 2803 127 2825 rent.
162 2798 229 2824 Plin.
242 2806 281 2830 10,
292 2806 327 2824 20
349 2797 439 2825 Cauda
460 2798 570 2833 pauonis
584 2798 676 2824 annuis
695 2799 799 2826 vicibus
813 2800 884 2825 missa
903 2808 962 2825 cum
977 2799 1050 2826 foliis
1064 2809 1104 2827 ar—
1160 2804 1233 2829 Dura
1245 2804 1305 2830 ansa
1324 2804 1406 2831 Ouid.
1421 2805 1487 2831 Met.
1503 2809 1527 2837 8,
1540 2807 1586 2838 653
1618 2805 1683 2831 aluei
1694 2806 1780 2841 lignei.
1823 2805 1935 2833 Ferreae
1948 2807 2023 2834 ansae
2036 2809 2176 2842 Vitruu.2,
2189 2815 2212 2840 8.

31 2846 34 2854 v
59 2833 166 2861 borum.
202 2833 332 2870 Effingul.
352 2834 418 2860 Plin.
433 2843 459 2867 2,
472 2842 503 2867 39
527 2833 594 2868 Qus
608 2834 679 2860 enim
693 2836 798 2863 aestates
812 2841 838 2862 et
852 2835 967 2868 hiemes,
985 2845 1104 2871 quaeque
1159 2839 1244 2866 Panda
1257 2840 1330 2866 vrcei
1342 2840 1418 2873 ansa,
1440 2840 1493 2866 vid.
1508 2846 1639 2867 VRCEVS.
1675 2840 1795 2867 Tortilis
1808 2841 1890 2868 Ouid.
1910 2843 1988 2877 Epist.
2008 2846 2045 2875 16,
2058 2853 2106 2877 252
2120 2847 2216 2879 poculi.

33 2895 37 2898 .
63 2870 93 2896 in
112 2869 277 2904 temporibus
291 2864 377 2896 ahnua
395 2870 455 2897 vice
468 2869 664 2904 intelliguntur,
685 2869 798 2897 fidei-um
811 2877 884 2897 motu
906 2871 966 2897 fieri
984 2871 1103 2898 dubitet?
1114 2879 1146 2907 75
1159 2875 1288 2902 Laudatur
1303 2876 1413 2903 Senecae
1426 2877 1555 2912 sententia
1575 2876 1721 2911 plagiarios
1734 2878 1784 2903 esse
1796 2877 1894 2904 similes
1908 2879 2015 2906 furibus
2028 2880 2121 2906 alienis
2136 2889 2217 2915 pocu-

29 2900 35 2908 ’
60 2906 115 2933 Cic.
129 2905 189 2932 -Att.
207 2913 283 2938 12,<3
318 2906 430 2933 Perdere
449 2906 520 2933 malo
540 2906 586 2933 etsi
605 2913 709 2941 praeter
727 2907 809 2941 ipsam
834 2907 1027 2941 turpitudinem
1054 2908 1104 2935 hoe
1158 2911 1191 2937 lis
1207 2911 1279 2938 ansas
1294 2912 1467 2939 mutantibus.
1524 2911 1592 2938 Add.
1607 2912 1625 2938 l.
1641 2921 1668 2939 21
1689 2911 1745 2949 §.4
1764 2913 1796 2939 D.
1810 2913 1843 2940 de
1856 2914 1943 2941 furtis.
1986 2915 2035 2941 Sed
2048 2915 2066 2941 fi
2080 2916 2167 2942 ansam
2183 2917 2212 2943 in

3 2967 7 2973 .
61 2942 146 2976 ipsum
155 2947 221 2976 puto
232 2939 353 2976 perdere:
372 2948 417 2969 aut
431 2941 624 2978 delegationem
638 2950 652 2969 a
667 2943 787 2978 mancipe
799 2951 882 2969 annua
895 2942 947 2969 die.
968 2945 1026 2978 quis
1041 2945 1103 2977 erit,
1158 2947 1256 2982 poculo
1271 2948 1343 2975 suam
1357 2949 1460 2983 putauit
1475 2955 1522 2974 etc.
1564 2948 1632 2974 Item
1652 2949 1669 2974 l.
1685 2949 1726 2975 26.
1753 2947 1777 2985 ᾗ.
1800 2957 1818 2975 ι.
1844 2949 1876 2975 de
1889 2950 1990 2984 acquir.
2010 2959 2062 2977 rer.
2079 2951 2214 2979 dominio.

4 2978 8 3009 ζ
25 2990 31 2996 ’
60 2978 104 3004 tui
115 2977 235 3004 credam?
254 2984 300 3003 etc.
336 2981 354 3004 i·
368 2981 487 3005 vrintra
505 2988 595 3005 annum
607 2978 731 3014 fhluatur.
768 2979 840 3006 Idem
855 2980 926 3006 Fam.
943 2987 969 3014 7,
977 2988 1005 3012 23
1043 2981 1102 3007 Plus
1158 2984 1242 3016 Ausa,
1263 2993 1311 3020 qua
1323 2983 1528 3020 coustringuntur
1542 2985 1626 3010 calcei.
1663 2983 1772 3011 Tibull.
1786 2992 1806 3017 1,
1817 2993 1844 3017 9,
1858 2993 1888 3018 14
1914 2985 2044 3020 'Ansaque
2055 2988 2215 3021 ‘compressos

6 3012 8 3017 ⁸
32 3039 33 3042 ,
61 3021 147 3040 annua
159 3013 202 3040 die
215 3013 361 3048 postulare,
387 3016 406 3040 i.
420 3015 519 3051 longius
525 3014 638 3049 spatium
645 3033 654 3047 ,
680 3014 737 3041 dum
744 3014 837 3050 fhluas.
881 3015 986 3042 Sueton.
1000 3016 1066 3051 Aug.
1081 3027 1102 3043 c.
1157 3019 1267 3054 colligat
1286 3020 1358 3047 arCta
1378 3020 1464 3055 pedes.
1521 3021 1653 3056 Eleganter
1672 3021 1734 3047 libri
1754 3020 1853 3057 quidam
1867 3020 1979 3056 colligit.
2032 3021 2085 3048 vid.
2105 3023 2214 3050 Ansula.

36 3076 37 3079 Ἴ
63 3056 104 3075 101
123 3048 225 3083 Legatis
238 3048 369 3076 soluendis
382 3058 500 3077 annuum
519 3051 590 3077 diem
603 3050 682 3077 finiit.
729 3052 771 3078 Sic
787 3050 853 3086 apud
866 3051 1058 3088 Iuris-confidem
1072 3053 1102 3079 le·
1114 3058 1146 3084 80
1158 3053 1178 3093 q
1199 3063 1215 3082 2
1236 3056 1303 3082 Ausa
1318 3064 1364 3091 per
1378 3056 1482 3092 metaph.
1497 3062 1547 3091 pro
1561 3055 1690 3090 Occasione
1709 3057 1766 3083 Cic,
1781 3064 1830 3091 pro
1843 3056 1926 3083 Plane.
1940 3063 1982 3091 84.
2001 3057 2028 3083 Si
2042 3057 2117 3084 locus
2133 3057 2212 3086 habet

34 3089 41 3100 ⁴
62 3086 142 3120 gitur,
185 3084 294 3116 Annua,
311 3084 400 3118 bima,
418 3086 498 3114 trima
511 3086 570 3119 die,
585 3094 634 3122 pro
648 3094 732 3119 anno,
752 3087 879 3118 biennio,
899 3086 1025 3121 triennio,
1046 3088 1100 3115 vid.
1156 3091 1367 3125 reprehensionis
1381 3092 1470 3118 ansam
1483 3092 1611 3127 aliquam.
1649 3092 1776 3127 Arripere
1788 3092 1886 3124 ansam,
1905 3092 1959 3119 vid.
1973 3092 1997 3119 h.
2010 3102 2035 3119 v.
2090 3094 2147 3120 Cic.
2161 3100 2212 3130 pro

63 3122 152 3153 Pomp.
166 3118 194 3145 in
207 3119 224 3146 l.
238 3124 260 3150 8.
281 3118 305 3156 ᾗ.
326 3129 348 3153 3.
375 3122 415 3148 “D.
441 3122 473 3149 de
492 3123 596 3157 pignor.
611 3122 708 3150 ae'tion.
723 3129 749 3148 et
764 3123 780 3148 l.
794 3123 853 3155 3.D.
873 3122 905 3149 de
919 3124 1011 3150 annuis
1024 3125 1101 3159 legat.
1156 3127 1224 3154 Sext.
1241 3136 1270 3154 22
1285 3136 1305 3154 c.
1322 3136 1350 3154 10
1371 3128 1475 3155 Deinde
1487 3128 1568 3154 etiam
1582 3128 1710 3155 sermonis
1724 3127 1795 3154 ansas
1809 3128 1894 3154 dabat.
1930 3128 2026 3154 Ansam
2044 3127 2108 3156 dare
2125 3130 2159 3157 ad
2170 3140 2212 3157 ree

62 3155 172 3182 Annuae
185 3155 277 3189 copiae
289 3155 378 3184 Tacit.
393 3157 421 3184 in
433 3158 495 3185 Vita
509 3159 597 3193 Agric.
611 3167 652 3185 22.
709 3158 853 3185 1nterdieta
872 3166 972 3192 annua,
989 3166 1015 3187 et
1030 3160 1102 3187 Iudi·
1158 3163 1375 3198 prehendendum
1389 3165 1444 3192 Cic.
1459 3164 1487 3190 in
1501 3163 1573 3190 Lael.
1588 3166 1623 3190 60
1642 3165 1709 3190 c.16.
1726 3163 1854 3190 Praebere
1862 3164 1960 3196 ansam,
1982 3163 2035 3191 vid.
2044 3164 2070 3201 s
2085 3166 2103 3192 l.
2122 3167 2214 3200 Quae—

31 3211 34 3213 .
62 3191 133 3218 cium
148 3198 265 3217 annuum
290 3191 392 3219 Paullus
410 3193 439 3220 in
451 3194 469 3220 1.
492 3195 528 3221 Ex
542 3194 647 3229 quibus.
672 3195 704 3221 D.
719 3195 751 3221 de
764 3193 898 3220 interdici.
912 3195 955 3221 seu
968 3196 1100 3225 extraord.
1155 3206 1215 3225 rere
1229 3200 1317 3226 ansam
1337 3200 1420 3227 Plaut.
1433 3200 1499 3227 Pers.
1514 3208 1541 3233 4,
1556 3208 1591 3234 4,
1606 3207 1657 3226 120.
1693 3199 1750 3226 Cic.
1766 3208 1815 3234 pro
1833 3200 1939 3226 Caecin.
1952 3207 1982 3234 17
1997 3199 2047 3227 Iste
2058 3206 2147 3228 autem
2162 3202 2212 3229 hac

55 3227 169 3254 -cr-imin.
205 3227 262 3253 Cic.
271 3226 325 3253 Att.
337 3229 363 3259 6,
377 3235 403 3261 ις
422 3229 471 3256 Etsi
480 3238 597 3257 annuum
612 3231 734 3265 Tempus
743 3249 751 3263 ,
773 3239 854 3264 prope
868 3236 955 3257 tamen
962 3233 1103 3259 emeritum
1114 3235 1142 3264 83
1156 3235 1262 3262 Sextula
1276 3236 1301 3262 se
1313 3236 1402 3263 ansam
1415 3236 1531 3263 retinere
1544 3235 1668 3262 omnium
1687 3235 1927 3262 controuersiarum
1942 3241 2033 3270 putat,
2070 3239 2090 3263 i.
2110 3237 2214 3272 occqfio—

36 3280 38 3286 ·
62 3261 222 3291 habebamus
245 3262 319 3294 (dies
332 3263 404 3290 enim
421 3272 522 3293 xxxm
536 3272 610 3293 erant
623 3266 740 3302 reliqui)
760 3266 929 3294 solicitudine
948 3269 1103 3302 prouinciae
1158 3280 1210 3297 nem
1223 3273 1306 3298 litium
1320 3271 1666 3299 coheredibusmouendarum.
1863 3268 1884 3308 ff
1906 3279 1919 3303 3
1938 3272 2004 3298 Aras
2011 3275 2153 3308 antiquitus
2160 3275 2213 3300 An-

63 3303 150 3337 Qmen
160 3298 204 3326 vel
219 3299 334 3325 maxime
347 3298 514 3333 vrgebamur.
569 3303 691 3337 Tempus
705 3311 822 3329 annuum
835 3301 964 3330 conficere
977 3305 1032 3331 Cic.
1047 3305 1101 3332 Att.
1157 3308 1195 3334 sas
1202 3307 1226 3343 f
1241 3307 1302 3333 Asas
1317 3306 1359 3341 tffi·
1372 3309 1526 3344 appellatas,
1545 3314 1618 3334 notat
1629 3305 1749 3334 Macrob.
1764 3304 1815 3333 Sat.
1828 3312 1850 3339 3,
1864 3314 1881 3332 2
1903 3315 1934 3333 ex
1955 3308 2085 3335 Varrone.
2123 3311 2214 3336 Locum

22 3363 23 3366 ,
36 3353 38 3358 »
57 3362 60 3367 ,
102 3341 145 3368 -ις,
200 3335 265 3361 Vsus
279 3343 380 3361 annuus
393 3335 532 3363 Africanus
545 3336 574 3364 in
591 3338 607 3364 l.
621 3339 689 3365 Cum
702 3344 881 3374 quaereretur.
917 3339 948 3365 D.
961 3339 994 3367 de
1013 3340 1063 3375 leg.
1080 3349 1102 3374 3.
1160 3343 1246 3370 damus
1266 3346 1294 3369 in
1307 3343 1371 3370 Ara.

23 3372 25 3378 ’
58 3339 202 3408 anuum,
221 3370 302 3404 Qtod
324 3370 431 3405 singulis
448 3373 523 3398 annis
535 3373 578 3400 fit:
612 3373 714 3401 dieium
735 3373 806 3409 quast
819 3374 1054 3409 Anniuersarium,
1073 3382 1102 3403 vt
1193 3386 1215 3405 A
1227 3385 1250 3404 N
1261 3385 1274 3406 s
1285 3377 1305 3405 v⁰
1316 3385 1381 3412 LA,
1393 3386 1431 3406 ae.
1450 3377 1552 3405 Dimin.
1570 3375 1716 3412 [λαβίδιον]
1736 3374 1795 3404 val.
1810 3376 1881 3404 MaX.
1889 3381 1913 3411 8,
1925 3385 1954 3405 12
1963 3385 2028 3406 extr.
2048 3385 2062 3412 3
2094 3379 2212 3406 Mirifice

56 3405 156 3439 tfflua
170 3406 240 3433 sacra
255 3407 327 3441 Vifg·
342 3407 439 3442 Georg·
455 3415 475 3440 ¹2
487 3413 538 3441 338.
557 3409 649 3436 Annua
663 3410 806 3437 certamina
820 3410 917 3436 Lucan.
931 3418 951 3443 1,
967 3417 1018 3442 180.
1040 3413 1102 3440 Cul-
1112 3420 1148 3446 90
1156 3420 1182 3440 et
1196 3414 1242 3441 ille
1257 3415 1371 3448 artifex,
1399 3415 1447 3450 qui
1468 3415 1497 3441 in
1515 3423 1597 3449 opere
1610 3415 1657 3440 suo
1669 3412 1775 3439 moneri
1787 3412 1813 3439 se
1832 3421 1847 3440 a
1862 3413 1951 3441 sutore
1962 3414 1996 3442 de
2007 3415 2115 3449 crepida
2126 3421 2152 3441 et
2166 3424 2212 3442 an-

15 3470 26 3476 „
51 3438 122 3481 &³24³-
131 3443 198 3469 Hor.
213 3442 302 3469 Carm.
319 3451 340 3474 3.
354 3451 399 3477 24,
412 3452 450 3476 14.
507 3445 577 3471 Cura
597 3453 682 3472 annua
696 3446 773 3472 milio
787 3446 860 3472 venit
883 3446 957 3481 Virg.
971 3448 1069 3483 Georg.
1082 3458 1102 3481 1,
1157 3450 1219 3477 sulis
1239 3451 1337 3485 pass'us,
1373 3435 1405 3477 de
1424 3458 1501 3477 crure
1522 3452 1604 3477 etiam
1624 3448 1757 3483 disputare
1777 3447 1967 3484 incipientem,
2003 3451 2079 3485 supra
2091 3451 2208 3485 plantam

19 3490 22 3494 ·
41 3490 43 3495 ⁴
55 3490 66 3516 μ’
86 3479 95 3484 ”
111 3495 118 3504 .
153 3478 249 3505 Cursus
263 3478 320 3505 Cic.
334 3479 396 3513 Leg.
412 3487 427 3506 2
439 3488 460 3505 c.
476 3484 498 3509 8.
534 3479 601 3507 Liba
615 3490 699 3508 annua
712 3482 793 3509 Ouid.
808 3481 873 3508 Fast.
890 3485 982 3516 1,670.
1017 3485 1102 3519 Magi·
1157 3487 1295 3513 ascendere
1308 3487 1405 3513 vetuit.
1446 3488 1538 3522 Nempe
1551 3485 1706 3521 crepidarum
1724 3485 1764 3511 vel
1774 3488 1834 3511 vnci
1846 3487 1887 3513 vel
1898 3487 1987 3514 annuli
2002 3493 2051 3522 per
2081 3495 2123 3513 uos
2133 3489 2211 3513 traie—

31 3516 35 3526 ⁴'
62 3523 68 3543 t
117 3518 156 3547 tus
163 3514 242 3541 annui
250 3514 322 3541 Caes.
339 3515 368 3541 B.
383 3515 415 3542 G.
432 3517 496 3547 1,16.
520 3516 595 3550 Virg.
602 3517 667 3543 Aen.
677 3525 700 3551 ς,
708 3520 744 3552 46
759 3519 868 3544 Annuus
885 3518 982 3546 exactis
989 3521 1102 3555 comple·
1156 3520 1199 3549 &a
1212 3524 1266 3549 lora
1273 3522 1360 3558 pedem
1373 3520 1551 3557 affringurzt,
1576 3531 1637 3557 quas
1650 3519 1730 3547 Ansas
1742 3529 1758 3546 a
1773 3520 1873 3548 Tibullo
1889 3525 1992 3555 vocari,
2017 3531 2041 3548 m
2074 3532 2086 3548 o
2098 3522 2210 3558 obserua-

29 3555 34 3571 ε
58 3548 62 3556 ”
119 3549 247 3576 mensibus
259 3550 342 3577 orbis.
396 3550 452 3577 Vbi
474 3551 598 3583 Seruius,
621 3553 729 3580 Annuus
743 3554 832 3585 orbis,
853 3553 916 3588 quia
928 3556 1026 3582 menses
1040 3558 1068 3583 in
1077 3556 1101 3582 se
1157 3564 1209 3585 tum
1223 3556 1264 3591 est.
1300 3558 1369 3585 Add.
1385 3558 1522 3593 Augustin.
1541 3557 1574 3583 de
1590 3555 1683 3584 Doctr.
1696 3555 1794 3583 Christ.
1807 3565 1833 3590 2,
1845 3564 1888 3584 20.

63 3588 239 3619 ,ωτι-Παίς(
253 3594 351 3613 annum
363 3586 472 3613 faciunt.
491 3587 566 3614 Sacra
580 3587 723 3622 1d.Ge0rg.
738 3597 756 3619 1,
764 3594 815 3621 388.
830 3591 849 3615 i.
862 3591 1041 3627 anniuersario.
1058 3593 1103 3620 So·
1116 3597 1148 3624 93
1195 3601 1217 3621 A
1229 3600 1251 3620 N
1263 3600 1276 3621 s
1285 3595 1335 3621 ᾹΤ
1344 3600 1365 3621 V
1374 3601 1397 3621 s.
1432 3594 1492 3620 Adi.
1518 3592 1646 3627 [namins]
1667 3592 1742 3628 Qod
1751 3592 1836 3629 ansam
1849 3593 1929 3620 habet.
1946 3599 1993 3625 vt,
2009 3592 2071 3625 Vm,
2089 3593 2210 3621 ansatum

25 3629 40 3647 ι’
65 3617 152 3661 'wa
164 3622 281 3657 Propert.
295 3630 318 3655 3,
330 3626 354 3655 8,
366 3631 401 3655 31-
457 3623 524 3650 Add.
538 3632 595 3658 4,1‚
611 3631 647 3656 19.
690 3624 779 3658 Spatio
793 3633 881 3651 annuo
896 3625 961 3652 Hor.
974 3627 1024 3654 Od.
1037 3637 1066 3662 4,
1080 3637 1103 3662 ς,
1158 3629 1290 3657 Columel.
1304 3638 1331 3663 9,
1344 3638 1379 3663 ις,
1394 3637 1415 3663 5.
1469 3629 1551 3656 Plaut.
1571 3627 1638 3654 Pers.
1653 3636 1676 3661 2,
1691 3635 1714 3661 ς,
1728 3634 1745 3663 7
1776 3628 1903 3655 Ansatum
1915 3628 2052 3655 hominem
2064 3631 2116 3655 ioco
2128 3628 2209 3661 dixit,

20 3660 30 3690 '.
73 3660 83 3686 ξ
130 3659 132 3661 ’
152 3655 199 3685 lin.
209 3666 236 3691 9,
251 3666 287 3685 10.
313 3658 417 3685 Sumtus
431 3657 488 3686 Cic.
506 3660 559 3686 Att.
575 3667 609 3692 ις,
624 3667 663 3692 29.
689 3659 835 3686 Varietates
853 3660 986 3695 frigorum
999 3670 1025 3690 et
1034 3665 1103 3691 calo·
1159 3668 1210 3692 (mi
1229 3665 1322 3692 incedit
1343 3673 1446 3702 utroque
1459 3664 1559 3692 brachio
1579 3666 1607 3688 in
1620 3664 1736 3699 anfizrum
1756 3664 1852 3699 modum
1865 3664 1900 3691 ad
1912 3665 1993 3691 latera
2004 3664 2143 3699 applicato:
2156 3664 2211 3699 flue

30 3691 32 3693 μ
123 3721 141 3727 ..
157 3691 164 3698 ’
173 3713 187 3727 ,-
198 3693 236 3721 Ν·
249 3694 281 3720 D·
290 3702 303 3720 ²
315 3703 337 3721 C·
351 3703 391 3728 39·
413 3698 430 3722 i.
443 3695 636 3731 annium-simae.
653 3696 786 3733 Annuum,
810 3695 916 3732 abfhlute
922 3697 1110 3762 pbfitumgigni:
1158 3692 1205 3733 ῖῖτ
1212 3702 1310 3738 ipsemet
1324 3703 1451 3737 loquitur)
1472 3700 1528 3734 Qui
1542 3698 1660 3725 subnixis
1668 3699 1716 3726 alis
1730 3700 1783 3726 sese
1792 3700 1882 3727 infert.
1987 3702 1993 3707 ²
2079 3696 2101 3737 fl
2120 3708 2137 3727 2
2157 3701 2211 3727 An-

66 3723 132 3760 fi‘ql'*
205 3732 231 3755 ia
237 3729 281 3765 fin
295 3730 445 3762 Mercedem,
471 3732 512 3758 vel
524 3733 651 3758 Alimenta
665 3734 691 3756 in
698 3732 812 3767 ngulos
823 3741 909 3757 annos.
946 3731 1003 3770 le.
1043 3756 1049 3762 .
1070 3736 1104 3763 de
1158 3739 1225 3764 satae
1235 3757 1243 3770 ,
1263 3737 1346 3764 Subst.
1360 3737 1535 3764 Iaculamcnta
1548 3743 1608 3761 cum
1619 3734 1700 3769 ansis,
1719 3738 1803 3772 inquit
1815 3735 1922 3763 Nonius
1936 3739 1969 3765 18,
1982 3741 2014 3766 30
2031 3733 2186 3764 Enniusiib.
2195 3739 2214 3768 ς

73 3759 233 3803 Qw'leg.
247 3772 272 3792 et
285 3764 476 3794 fideicommiss.
491 3767 509 3794 1.
529 3767 555 3794 Si
568 3767 613 3793 cui
626 3774 741 3793 annuum
754 3767 837 3793 fuerit
857 3767 980 3796 reliEtum
993 3770 1044 3798 fine
1059 3772 1265 3801 ad-uooAnsatas
1286 3773 1396 3800 mittunt
1407 3780 1422 3798 e
1434 3770 1561 3798 turribus.
1598 3772 1691 3808 Nempe
1706 3773 1881 3809 intelliguntur
1894 3769 1990 3797 hastae·

24 3831 25 3834 Ἴ
71 3795 180 3827 mistione
197 3801 328 3834 summae,
346 3801 422 3830 mihil
437 3803 526 3831 videri
544 3803 607 3830 huic
621 3802 745 3830 renuam
766 3803 836 3829 Mela
855 3803 900 3830 ait.
954 3805 1060 3834 Sueton.
1075 3808 1104 3834 in
1196 3816 1218 3836 A
1232 3816 1253 3835 N
1266 3817 1279 3836 s
1288 3817 1310 3836 Α
1320 3815 1343 3834 N
1354 3816 1371 3836 c
1380 3815 1401 3835 ‘r
1410 3815 1431 3834 v
1441 3814 1454 3834 s
1463 3825 1470 3839 ,
1499 3806 1554 3833 vid.
1569 3813 1647 3834 AMS
1657 3814 1679 3834 Α
1690 3814 1712 3833 Ν
1721 3813 1739 3835 c
1748 3815 1798 3834 Tv
1809 3815 1832 3834 s.

31 3856 34 3863 .
56 3867 59 3873 .
71 3826 170 3862 Tiber..
177 3843 208 3868 50
241 3836 347 3864 Peculio
365 3840 482 3866 conceffo
499 3847 515 3866 a
535 3846 608 3874 patre
616 3859 625 3872 ‚
648 3838 829 3875 praebitisque
847 3839 941 3867 annuis
958 3841 1105 3877 fraudauit,
1197 3852 1219 3873 A
1228 3850 1250 3873 N
1259 3852 1272 3873 s
1283 3853 1298 3872 E
1308 3851 1330 3872 G
1338 3851 1355 3871 E
1364 3850 1385 3871 T
1394 3851 1410 3870 a
1419 3851 1432 3870 s
1439 3862 1448 3876 ,
1484 3842 1537 3869 vid.
1557 3849 1579 3870 A
1587 3849 1613 3870 Μ
1621 3850 1633 3870 s
1642 3849 1688 3871 EG
1696 3850 1713 3870 E
1721 3849 1743 3870 Τ
1753 3850 1769 3870 ε
1777 3849 1800 3870 s.
2129 3873 2146 3883 ..
2222 3859 2224 3861 >

17 3882 20 3886 ·
34 3876 37 3878 ·
70 3875 115 3906 'aaa
125 3869 234 3904 spetiem
246 3871 349 3906 publici
359 3872 445 3902 iuris„
478 3874 551 3902 [dem
564 3876 640 3910 Vesp.
661 3881 695 3906 ¹8·
711 3875 777 3901 Plin.
791 3874 870 3909 Epist.
886 3882 923 3907 10,
935 3885 980 3912 40.
1015 3881 1104 3915 Atque
1195 3888 1218 3908 A
1228 3887 1250 3906 N
1262 3887 1275 3908 s
1284 3888 1329 3908 ER
1338 3899 1346 3912 ,
1363 3881 1424 3906 eris.
1443 3887 1479 3905 m.
1498 3878 1513 3913 [
1519 3876 1585 3912 xviv]
1603 3881 1669 3905 Auis
1681 3878 1812 3914 nottffima.
1848 3875 1977 3912 Anserpm
1990 3880 2090 3918 autem·
2099 3874 2148 3918 alu
2160 3874 2208 3902 do-

70 3898 147 3934 effim
157 3912 186 3933 Vt
197 3907 299 3942 publici
310 3907 380 3937 serui
395 3918 481 3938 annua
494 3911 635 3946 accipiunt.
653 3911 706 3938 vid·
722 3918 874 3938 ANNONA.
974 3929 977 3933 ¹
1162 3917 1281 3950 mestici,
1301 3916 1350 3942 alii
1363 3914 1483 3950 agrestes.
1521 3916 1559 3941 De
1571 3918 1684 3951 vtrisque
1697 3915 1762 3942 Plin.
1779 3922 1817 3945 10,
1830 3920 1871 3939 22.
1915 3913 1954 3939 De
1973 3911 2130 3954 Domesttcis
2147 3912 2208 3953 Col.

103 3945 185 3983 ,mn
194 3949 246 3970 VA
255 3950 271 3970 1.
280 3950 321 4006 118,
339 3952 363 3971 e·
379 3945 423 3974 Ad
433 3954 525 3974 annum
531 3946 667 3983 spectans.-
688 3953 733 3979 vt,
752 3946 853 3974 Arnob.
868 3955 878 3973 1
892 3954 917 3982 p.
930 3954 963 3974 22
999 3949 1055 3977 Cur
1067 3949 1154 3985 itt-105
1165 3957 1189 3985 8,
1205 3960 1244 3986 14.
1280 3951 1377 4014 Palgad.
1390 3959 1412 3984 ι,
1425 3959 1464 3984 30.
1484 3948 1559 3987 Virg.
1573 3951 1669 3987 Georg.
1678 3958 1699 3986 1,
1713 3958 1755 3985 1¹9
1773 3948 1914 3984 [mprobus
1926 3949 2010 3982 anser,
2028 3951 2047 3976 i.
2063 3947 2209 4010 fiuaglg-

102 3985 117 3990 “”
173 3984 194 4005 V
203 3984 223 4005 0
233 3985 260 4006 1..
301 3999 307 4006 .
1051 3989 1054 3991 ’
1361 3993 1378 4015 z
2201 3996 2209 4002 ·
