2474 4182
63 113 135 154 937
436 90 700 136 ClT

38 174 39 195 }
63 189 164 220 Mauri,
183 185 278 222 quibus
291 185 406 221 plurima
419 184 499 212 arbor
513 181 592 215 Citri,
612 185 638 207 et
651 179 799 220 mensarum
813 178 914 207 insania
923 200 930 213 ‚
944 189 1007 223 quas
1024 180 1102 207 femi-

38 225 39 235 ¹
61 233 109 252 nae
122 223 185 250 viris
198 228 287 249 contra
300 222 453 256 margaritas
465 223 595 253 regerunt.
631 216 701 242 Curi
720 222 743 241 ct
757 216 833 242 MSS.
854 222 878 242 ct
893 223 960 244 ratio
975 215 1102 253 postulat.-

61 260 140 288 Cedri
152 259 212 285 'nale
225 258 341 294 quosdam
358 258 436 285 libros
449 254 581 290 inuaserat.
618 252 715 293 Lucan.
729 260 754 283 9,
772 253 825 292 436

434 291 554 318 Tantum
574 288 707 313 Maurusia
727 294 799 321 genti

165 329 274 356 Robora
297 329 424 361 diuitiae,
444 333 555 361 quarum
572 332 626 349 non
647 330 758 349 nouerat
778 324 854 350 vsum

38 360 40 375 ¹
165 365 214 392 Sed
234 365 296 392 citri
314 369 434 391 contenta
453 360 534 387 comis
553 358 677 392 viuebat,
698 366 723 385 et
745 359 847 386 vmbra.

164 402 196 427 Iu
214 410 304 427 nemus
322 401 441 434 ignotum
462 395 565 422 nostrae
587 404 685 421 venere
707 396 818 428 secures,

38 430 40 459 1
164 438 341 471 Extremoque
358 434 443 469 epulas
461 431 615 466 mensasque
631 432 745 466 petimus
764 431 798 458 ab
816 430 891 458 orbe.

37 470 122 503 ,Vir-l.
160 478 316 499 c1TRVM
352 477 375 496 ee
409 473 591 495 CITREVS.

58 512 127 568 Casti>1
138 515 317 578 iibiidvggdum
330 515 390 567 1¹20*oe
403 539 556 565 Pauimenta
571 540 682 565 Poenica
691 560 699 571 ,
714 540 810 565 Dicere
822 538 1035 573 poss'um‚quibuo
1047 537 1098 565 vil-

40 596 41 600 .
56 577 95 604 lae
110 585 188 613 atque
200 579 274 606 aedes
287 575 434 604 aedificatae
444 595 453 607 ,
471 582 550 610 atque
571 575 704 609 expolitae
718 575 836 602 maximo
855 583 952 608 opere,
966 574 1043 600 Citro
1060 579 1098 600 at-

56 621 106 647 que
118 614 216 647 ebore,
229 619 305 648 atque
323 610 479 645 pauimentis
493 611 613 651 Poenicis
635 611 708 651 licut.
722 647 727 651 ”
756 612 842 650 Varro
856 611 887 636 R.
902 611 933 636 R.
948 619 970 642 3,
985 619 1009 641 z,
1022 619 1041 643 4
1059 611 1098 636 lu.

53 658 111 674 xum
130 659 251 676 remouens
269 657 284 674 a
302 648 364 673 villa
377 647 440 682 βαι,
466 646 595 674 Nuncubi
623 646 666 674 luc
701 646 775 673 vides
796 652 893 672 citrum
917 653 961 672 aut
984 647 1099 672 aurum?

34 772 35 783 ³
53 755 177 782 vestiatur
193 754 243 781 alia
257 760 398 786 materies,
415 756 555 789 praecipua
574 756 632 781 sunt
652 754 765 785 citrum,
780 752 946 779 terebinthus
966 761 1011 780 etc.
1047 755 1097 780 Ra-

52 790 118 817 dices
126 789 271 826 praefirtim
284 793 421 825 expetitas,
434 798 538 826 apparet
551 800 579 817 ex
591 790 641 817 eod.
654 790 719 816 Plin.
729 791 766 820 16,
779 794 811 818 28
824 790 842 814 s.
856 797 894 823 73.
908 796 931 814 ct
947 797 1015 821 13,1ς
1028 790 1045 815 s.
1054 797 1098 830 22.

34 827 42 854 ,1
53 825 163 853 Martial.
177 833 211 858 12,
227 828 262 860 67
282 828 309 852 in
320 826 430 861 pretiosa
443 824 608 863 jupellcfiili,
629 827 659 852 Et
674 824 832 851 Maurusiaci
853 824 969 858 pondera
989 833 1048 850 rara
1061 834 1097 851 ci-

50 897 81 924 Et
95 904 133 929 10,
146 901 177 929 98
198 897 304 924 Citrum
319 905 411 931 vetus,
432 898 590 933 Indicosque
602 897 700 924 dentes.
821 931 827 937 ·
936 933 940 937 Β

35 904 42 960 i
84 937 315 966 CITRETVM‚
336 934 354 960 i.
380 944 406 960 n.
443 936 606 962 Seminarium
626 934 739 959 arborum
757 932 847 964 Citri,
868 930 981 972 Medzcae
1003 938 1096 968 nempe,

36 967 142 996 Pallad.
158 968 234 995 Febr.
247 977 283 1002 24
296 976 361 996 extr.
382 970 485 996 Citreta
499 969 657 1004 tegumentis
671 967 849 995 defenduntur
864 976 878 994 a
892 968 1003 1001 frigore.

83 1009 251 1032 c1TREvs
266 1024 275 1037 ,
306 1005 430 1032 interdum
457 1012 638 1038 cz'ruivs,
664 1013 695 1037 a,
721 1013 776 1030 um.
815 1004 859 1030 Ad
877 1011 1006 1038 utramque
1026 1002 1096 1028 arbo-

35 1040 37 1052 ³
46 1048 117 1072 rum,
135 1039 163 1066 de
176 1041 266 1076 quibus
285 1041 409 1074 diximus,
425 1042 545 1077 refertur.
1046 1074 1050 1079 Ι

47 1075 122 1108 Qiae
141 1075 269 1109 odorata,
290 1085 344 1103 non
364 1077 454 1103 eadem
476 1077 504 1103 in
523 1077 599 1111 gustu
618 1085 724 1103 tenera:
760 1077 823 1111 quia
843 1084 897 1101 non
917 1074 975 1100 sunt
995 1080 1096 1115 pariter

45 1111 114 1138 odor
137 1117 163 1138 et
184 1112 268 1146 sapor.
306 1112 490 1146 Quamobrem
510 1113 600 1140 citreis
623 1112 691 1139 odor
710 1112 868 1152 acerrimus,
889 1111 965 1150 sapor
985 1111 1095 1143 asperri-

45 1155 113 1174 mus.
149 1146 224 1175 Idem
238 1156 279 1180 23,
293 1150 310 1174 6
322 1149 339 1175 s.
354 1151 384 1181 56
415 1149 505 1175 Citrea
520 1155 611 1175 contra
626 1157 758 1174 venenum
770 1148 799 1174 in
812 1155 876 1173 vmo
890 1145 1035 1178 b1buntur‚
1050 1148 1094 1187 vel

45 1183 116 1217 ipsa,
135 1183 178 1210 vel
198 1184 294 1210 semen.
337 1185 446 1211 Faciunt
465 1185 519 1211 oris
532 1185 690 1211 suauitatem
711 1191 756 1211 etc.
800 1184 848 1210 Pro
867 1181 922 1217 ipsa
941 1183 1029 1208 arbore
1048 1183 1094 1209 Ci-

44 1255 87 1282 Sic
103 1254 197 1282 Pallad.
210 1256 290 1282 Mart.
307 1264 345 1288 10,
359 1264 383 1288 15
411 1257 531 1283 Citreiun
547 1257 635 1282 iuuari
650 1255 781 1286 creditur,
794 1253 812 1280 fi
827 1253 981 1280 cucurbitae
996 1255 1094 1281 V1cinis

46 1290 111 1317 locis
130 1291 255 1318 serantur.
303 1292 409 1319 Videtur
428 1293 582 1319 Graecanica
602 1294 668 1318 ratio
689 1289 747 1324 ‘ssffi”
770 1292 815 1329 qui
830 1287 916 1329 &¹va
936 1291 1093 1327 intelligunt.

45 1327 88 1354 Sic
109 1330 182 1353 etiam
200 1326 359 1354 Pallad.1ul.
382 1336 405 1361 3,
425 1336 441 1354 2
477 1329 536 1355 Hoc
557 1334 676 1362 tempore
704 1340 757 1366 ‘—
791 1325 1093 1366 msericitreunmnpotest

45 1365 146 1398 antiqui
157 1362 230 1390 libri:
246 1361 397 1398 posteriores
413 1364 522 1390 Citrius.
560 1365 640 1390 Etiam
656 1361 776 1387 Scribon.
793 1365 832 1393 158
858 1361 929 1387 Mala
949 1369 1026 1388 curia
1042 1370 1093 1398 pro

46 1397 143 1425 Citreis·
155 1399 287 1435 leguntur,
308 1401 352 1425 Gr.
373 1399 472 1434 κύτριος.
744 1433 748 1437 ¹

44 1433 133 1468 Oppio
145 1433 178 1460 de
192 1434 352 1462 filnestribus
367 1434 524 1466 arboribus,
543 1443 555 1460 e
568 1442 613 1469 quo
629 1435 703 1459 etiam
717 1434 840 1459 Citreum
853 1433 952 1471 malum
965 1441 1094 1467 memorat,

49 1470 61 1495 “.
74 1475 182 1504 pomum.
219 1472 257 1496 De
275 1471 321 1497 hoc
337 1469 431 1496 Pallad.
447 1470 526 1497 Mart.
546 1477 585 1501 10,
601 1474 625 1499 18
656 1469 777 1496 Citreum
797 1474 823 1494 et
844 1468 873 1494 in
891 1468 988 1496 arbore
1008 1470 1094 1504 potest

61 1512 89 1531 er
101 1510 188 1531 totum
207 1513 304 1531 annum
318 1504 513 1539 propemodum
532 1505 669 1531 custodiri.
720 1504 794 1531 Idem
815 1504 846 1530 de
866 1504 936 1544 Infit.
953 1514 998 1538 ¹09
1034 1506 1093 1546 Nec

0 1549 9 1571 p,
59 1547 94 1566 on
120 1545 146 1566 et
165 1539 243 1566 citrei
262 1541 401 1575 patiuntur
418 1547 511 1567 mutua
531 1541 601 1567 rami
619 1541 749 1574 Pignora,
769 1549 837 1575 quae
856 1540 970 1574 grauido
994 1548 1095 1568 cortice

0 1579 11 1606 t
58 1583 131 1602 torus
143 1575 198 1602 alit.

0 1616 7 1638 i
49 1613 97 1644 ius,
105 1620 176 1646 quam
184 1612 290 1638 Mensae
304 1611 409 1638 citreae.
448 1612 503 1638 Cic.
517 1613 595 1638 Verr.
608 1620 636 1645 4,
652 1619 682 1647 37
695 1620 716 1637 c.
732 1619 761 1646 17
779 1612 827 1638 Tu
841 1612 985 1651 maximam
998 1618 1023 1639 et
1035 1613 1093 1647 pul-

54 1646 197 1673 herrimam
216 1647 332 1673 mensam
350 1648 460 1673 citream
472 1656 486 1674 a
500 1648 538 1681 Q
549 1647 663 1673 Lutadio
697 1662 743 1666 —
779 1646 918 1673 abstulisti.
991 1649 1090 1675 Lucan.

51 1691 79 1715 0,
95 1691 145 1717 144
161 1682 251 1709 Sedios
267 1682 402 1709 Atlantide
417 1683 480 1709 filua
494 1686 572 1709 orbes
588 1688 678 1714 vocat,
697 1691 757 1717 quor
768 1682 892 1708 dentibus
907 1684 1091 1719 elephantorum

59 1718 125 1744 iueis
145 1717 328 1752 imposuerint.
365 1720 443 1744 Locus
462 1718 573 1752 clafficus
590 1717 620 1743 de
640 1719 685 1744 illa
705 1719 818 1750 luxurie,
832 1719 1048 1755 magnitudinibus
1068 1728 1092 1747 ει

53 1798 67 1816 a
84 1789 162 1816 terris
182 1789 307 1821 Ponitur,
327 1798 355 1814 ac
374 1789 484 1815 maculis
503 1790 624 1815 lmitatur
642 1789 744 1815 vilibus
763 1798 860 1816 aurum
881 1791 973 1817 Citrca
992 1793 1089 1819 mensa.

67 1833 98 1851 ox
109 1830 183 1851 eruta
200 1824 234 1851 ad
249 1825 294 1851 hoc
313 1824 430 1861 respicit,
444 1824 512 1861 quod
522 1832 580 1851 ante
594 1824 775 1860 obseruauimus
800 1825 900 1852 radices
918 1830 1040 1862 expetitos
1058 1831 1093 1854 ci·

50 1863 83 1886 ri.
119 1859 288 1894 Martial.14,
300 1865 331 1893 89
350 1862 453 1893 lemma,
480 1861 572 1887 Mensa
591 1862 698 1887 citrea:
719 1861 817 1895 Accipe
838 1862 939 1894 felices,
957 1863 1090 1891 Atlantica

66 1903 160 1927 unera,
174 1895 264 1923 siluas:
285 1897 371 1924 Aurea
384 1896 432 1931 qui
445 1896 548 1924 dederit
561 1896 647 1929 dona,
661 1897 766 1928 minora
776 1897 860 1923 dabit.
897 1899 1001 1925 Paullus
1010 1901 1088 1926 ICtus

54 1968 90 1994 on
109 1969 176 1995 sunt.
212 1967 332 1994 Tertull.
353 1966 385 1993 de
407 1967 489 2002 pallio
503 1968 553 2004 sub
565 1968 615 2003 fin.
637 1978 660 2003 p.
680 1976 707 2002 55
727 1969 800 1996 Salm.
844 1969 933 2004 Adigo
953 1978 1087 1998 cauterem

51 2002 196 2036 mbitioni,
213 2011 266 2037 qua
285 2004 322 2029 M.
337 2003 449 2030 Tullius
470 2004 621 2039 quingentis
649 2004 768 2031 millibus
792 2004 905 2032 numsun
925 2007 1027 2033 Orbem
1051 2009 1087 2033 ci-

63 2039 73 2065 i
86 2039 167 2070 emit,
187 2047 239 2073 qua
259 2038 299 2065 bis
320 2045 421 2066 tantum
434 2039 537 2066 Asinius
553 2040 644 2066 Gallus
657 2049 706 2074 pro
720 2041 807 2066 mensa
824 2042 942 2066 eiusdem
956 2043 1084 2067 Maurita-

44 2074 97 2101 1iae
109 2079 240 2101 numerat.

47 2154 78 2171 ur
97 2145 125 2171 in
145 2145 250 2176 citreis,
276 2147 295 2170 i.
313 2145 344 2171 ab
361 2145 500 2171 hominihus
517 2145 596 2171 brutis
619 2152 643 2172 et
661 2144 802 2179 luxuriosis.
858 2146 955 2173 Oleum
970 2148 1083 2175 citreum

51 2179 98 2205 uod
116 2179 181 2207 Pliu.
202 2187 240 2212 23,
252 2189 271 2214 4
284 2180 302 2206 s.
315 2187 348 2214 45
377 2180 488 2207 Eosdem
505 2180 613 2207 effeetus
633 2180 729 2214 habet,
744 2190 813 2216 quos
831 2188 980 2216 myrteum,
993 2190 1019 2210 et
1039 2194 1084 2211 cu-

50 2215 170 2242 reffinum
195 2215 296 2243 videtur
315 2216 343 2242 ob
363 2217 426 2243 banc
445 2217 524 2253 ipsam
541 2217 693 2253 societatem
705 2217 740 2243 ad
755 2217 821 2244 hanc
836 2221 941 2253 potius,
960 2229 1032 2255 quam
1051 2220 1086 2247 ad

45 2251 51 2256 ”
59 2254 180 2287 perivi-em
192 2251 304 2278 arborem
318 2255 453 2287 pertinere.

48 2331 143 2356 umere,
165 2324 196 2350 In
209 2321 285 2349 Italia
298 2323 414 2356 virides,
425 2329 452 2351 et
465 2324 668 2359 quanuuinum,
683 2334 711 2350 1n
724 2326 873 2359 prouinciis
887 2326 1082 2360 quammaximi

49 2358 160 2385 trin-ini
177 2365 221 2385 aut
234 2358 322 2393 nigri,
342 2362 360 2387 i.
379 2360 446 2386 Citri
454 2360 508 2394 fiae
521 2363 580 2387 auri
592 2362 694 2388 colorem
707 2361 833 2387 habentes.

68 2401 84 2421 C
93 2401 103 2421 1
112 2400 133 2420 'r
142 2401 161 2421 R
171 2395 190 2422 6
199 2402 212 2422 S
225 2401 244 2420 V
254 2402 277 2427 s,
293 2403 318 2428 a,
331 2404 386 2422 um.
408 2395 470 2423 Adi.
490 2394 638 2432 [κιτρώδης]
659 2396 745 2422 Vestis
760 2396 865 2425 citrosa,
879 2403 893 2421 a
906 2394 1082 2422 similitudine

33 2429 94 2456 'itri
111 2429 238 2465 appellata
257 2429 302 2457 est.
340 2432 408 2457 Haec
422 2431 521 2459 Festus.
558 2431 605 2460 Sed
622 2430 742 2458 Macrob.
760 2431 864 2456 Saturn.
882 2438 906 2462 3,
928 2438 956 2462 19
980 2432 1080 2458 Home>

9 2511 11 2513 ·
54 2508 64 2528 t
77 2502 150 2536 quod
163 2502 200 2528 ait
213 2503 331 2536 Oppius,
352 2503 430 2529 inter*
440 2502 539 2529 vestem
575 2503 622 2528 oni
641 2501 769 2534 citi-cum,
791 2501 863 2527 idem
883 2501 1010 2536 fignificat
1026 2505 1081 2530 Ho-

61 2546 136 2570 erus,
156 2546 217 2564 cum
234 2537 299 2563 dicit
322 2536 415 2569 ἵιματα.
434 2552 480 2557 -
498 2537 550 2563 &mh
565 2549 593 2563 εκ
613 2552 659 2557 —
678 2537 748 2563 Hinc
769 2543 795 2563 et
817 2537 937 2564 Naeuius
951 2539 1030 2566 Poeta
1052 2540 1081 2567 in

52 2572 105 2598 ello
117 2573 216 2599 Punico
234 2573 272 2598 ait
286 2572 419 2598 Citrosam
438 2572 559 2599 vestems
589 2573 677 2599 Vereor
694 2581 724 2599 ne
736 2573 850 2599 Homeri
871 2573 929 2598 θύον
942 2573 979 2608 fit
993 2579 1081 2610 potius

58 2607 124 2634 itrus
138 2607 277 2634 Atlantica.
312 2607 370 2633 Ilid.
389 2616 426 2640 19,
440 2616 472 2635 22
498 2608 604 2635 Citrosa
616 2607 706 2641 vestis,
720 2608 791 2644 quasi
805 2609 941 2644 concrispa
961 2610 993 2637 ad
1008 2611 1079 2638 fimi-

47 2642 176 2669 itudi'nem
198 2642 270 2669 citri.

53 2681 104 2704 irre
114 2678 174 2705 hate
191 2680 277 2705 melius
295 2682 442 2706 conueniunt
460 2686 484 2706 et
497 2683 542 2711 rei,
557 2687 581 2706 et
591 2681 739 2715 temporibus
755 2682 863 2714 Naeuii,
877 2690 948 2716 quam
968 2683 1012 2709 illa
1025 2684 1080 2710 odo—

47 2720 97 2741 ata.
134 2715 282 2750 Quanquam
295 2713 353 2740 θύον
367 2716 522 2742 Homericum
534 2719 608 2743 etiam
621 2716 747 2742 odoratum
762 2715 805 2749 est,
813 2716 862 2752 fid
872 2718 976 2753 lignum.
1003 2719 1077 2756 Cous.

59 2747 79 2776 ὃ.
92 2756 113 2784 xv,
121 2752 172 2785 ²⁶4
188 2751 300 2786 vbi-fiant
311 2749 356 2778 illa
369 2750 465 2785 ἓῖμοιτρι
476 2750 586 2786 θυώδεα,
603 2762 657 2778 cum
670 2752 776 2779 eiusdem
783 2753 844 2779 libri
860 2762 886 2779 υ.
901 2755 944 2780 60.

433 2825 461 2858 C
545 2826 558 2857 1
642 2826 672 2857 V

71 2896 198 2927 Civis,
218 2893 249 2921 is.
281 2895 319 2921 c.'
340 2894 460 2929 [πολίτης
467 2915 475 2928 ,
502 2895 580 2930 οἷς-ὂς]
616 2896 729 2923 Eiusdem
751 2899 790 2924 rei
803 2896 918 2932 publicae
937 2901 1076 2934 particeps.

56 2925 121 2954 11101·-
135 2936 186 2962 9,4
194 2928 220 2963 fi
232 2939 281 2956 non
293 2933 406 2965 etymon,
414 2932 480 2967 quod
491 2933 580 2965 uoluit,
587 2939 652 2959 certe
664 2932 831 2968 definitionem
839 2942 888 2959 non
900 2935 988 2960 malam
996 2934 1076 2969 dedit,

58 2962 113 2988 ines
132 2965 238 2999 vocati,
250 2966 322 3000 quod
343 2966 373 2993 in
391 2975 473 2994 vnum
493 2970 617 2995 coeuntes
636 2969 743 3001 vitiant,
757 2974 787 2995 vt
807 2969 863 2995 vita
881 2970 1029 2997 communis
1048 2977 1075 2998 et

51 2998 154 3025 rnatior
171 2998 216 3026 fiat
234 3006 260 3027 et
279 3001 372 3028 tutior.
413 3003 553 3030 Communis
571 3008 670 3041 generis
690 3003 733 3038 cffi’
753 3004 871 3031 diximus.

57 3033 114 3060 ndr.
129 3042 158 3067 4,
173 3041 196 3068 5,
210 3043 241 3069 41
260 3037 314 3062 Iam
331 3037 459 3065 susurrari
473 3039 570 3074 audio,
582 3040 678 3067 Ciuem
692 3041 808 3067 Atticam
829 3041 877 3067 effe
895 3040 970 3068 hanc.
1007 3044 1038 3070 Et
1050 3051 1073 3077 5,

67 3078 96 3103 14
114 3070 192 3096 Illam
206 3070 268 3097 hinc
285 3071 374 3101 ciuem
387 3074 435 3100 esse
454 3074 537 3103 aiunt.
572 3076 614 3104 Sic
633 3076 710 3103 Ciuis
727 3077 845 3103 Romana
859 3077 913 3104 Cic.
927 3087 976 3112 pro
989 3079 1073 3106 Balbo

50 3113 60 3119 ·
72 3114 94 3131 c.
108 3113 151 3140 24.
189 3106 373 3135 Halicarnaffia
388 3109 457 3145 Nep.
476 3119 535 3144 2,1‚
548 3120 572 3138 z.
614 3112 697 3139 Plaut.
712 3112 780 3139 Rud.
801 3121 824 3144 3,
843 3122 872 3147 4,
890 3121 923 3148 37
953 3114 1072 3142 Obsecro

0 3143 14 3160 2
49 3141 143 3168 efende
162 3141 234 3168 ciues
252 3149 308 3169 tuas
330 3144 414 3172 senex.
467 3147 523 3180 Cic.
536 3145 612 3174 offic.
629 3156 650 3180 3,
663 3156 700 3183 47
723 3148 795 3175 Nam
807 3149 855 3174 effe
867 3158 917 3184 pro
929 3149 1004 3184 ciue,
1024 3152 1072 3186 qui

39 3219 98 3240 ext.
113 3221 143 3246 29
155 3223 177 3240 c.
192 3222 220 3240 12
246 3214 327 3248 Quod
344 3216 421 3243 ausus
434 3218 494 3244 esset
506 3227 555 3253 pro
568 3219 624 3246 ciui
637 3229 686 3255 pro
699 3219 766 3246 bene
779 3219 878 3248 merito
890 3221 947 3248 ciui
965 3237 1011 3243 —
1028 3224 1072 3250 de-

60 3249 138 3276 ecari.
176 3250 216 3276 Sic
230 3250 301 3276 hodie
315 3250 404 3278 editur.
440 3253 538 3280 Habent
556 3261 636 3282 tamen
655 3255 756 3292 quidam
774 3256 843 3282 ciue.
879 3257 912 3284 Et
925 3266 974 3292 pro
988 3259 1071 3286 Balbo

50 3292 96 3316 31.
109 3293 137 3318 [9
158 3286 193 3312 Vt
207 3294 238 3312 ex
252 3286 414 3314 nobiiiffimo
424 3288 479 3315 ciui
492 3289 673 3318 sanfflllimum
688 3291 828 3326 hospitem.
898 3293 974 3320 Ciuis
987 3304 1071 3328 meus,

18 3340 34 3372 „e
53 3320 105 3348 iuis
121 3327 181 3348 tuus
200 3321 309 3355 dicitur,
330 3326 374 3358 qui
392 3324 455 3350 mihi
475 3328 538 3361 reip.
551 3334 596 3353 aut
610 3331 712 3363 patriae
725 3327 846 3363 ‚societate
862 3327 1008 3357 coniunklus
1027 3330 1071 3364 est,

25 3406 27 3409 .
62 3399 80 3427 o
98 3392 236 3427 profetae,
257 3400 491 3430 quantumcunque
510 3398 625 3432 poss‘um,
645 3399 673 3426 in
695 3408 729 3426 eo
749 3408 857 3434 quoque
877 3399 1029 3436 elaborare,
1041 3408 1071 3430 vt

27 3459 29 3463 .
49 3433 78 3454 nt
90 3435 184 3464 opera,
198 3428 299 3462 studio,
313 3430 405 3458 labore
424 3440 500 3465 mco,
514 3432 647 3461 doffiorcs
665 3435 736 3462 ciues
760 3435 823 3469 mei.
859 3435 933 3462 Idem
954 3438 1032 3465 Catil.
1049 3448 1070 3472 1,

21 3466 24 3470 '
71 3471 93 3490 c.
104 3471 123 3499 7
142 3464 218 3492 Serui
230 3474 272 3492 me
285 3465 372 3493 hercle
388 3467 441 3493 mei
455 3467 473 3494 fi
487 3477 530 3494 me
543 3468 592 3495 isto
605 3469 682 3504 pacio
695 3477 854 3504 metuerent,
869 3477 898 3498 vt
910 3477 936 3499 te
949 3480 1070 3502 metuunt

18 3508 30 3517 ’-
49 3507 120 3526 mnes
134 3499 207 3527 'ciues
226 3501 283 3534 tui,
297 3509 343 3529 etc.
378 3502 446 3530 Add.
470 3512 519 3539 pro
533 3504 593 3531 Mil.
613 3514 636 3531 c.
655 3514 696 3539 34.
769 3507 863 3534 Nostri
876 3507 949 3534 ciues
967 3510 1022 3536 Cic.
1038 3511 1070 3537 de

55 3535 121 3562 inin.
135 3543 161 3568 2,
173 3537 199 3562 6.

67 3569 117 3604 ste,
131 3579 210 3605 quam
222 3571 251 3598 in
263 3573 330 3601 ciue.
366 3575 422 3602 Cic.
436 3576 511 3602 Verr.
525 3585 553 3609 4,
567 3584 603 3611 77
623 3576 700 3611 Apud
713 3577 862 3612 Segestanos
873 3586 1006 3614 repertum
1018 3583 1068 3609 ess'e

17 3605 21 3611 '
61 3605 144 3638 dices,
161 3607 252 3634 scitote
269 3610 419 3644 neminem,
432 3620 519 3647 neque
540 3612 673 3645 liberum,
690 3621 777 3648 neque
795 3615 916 3648 seruum,
927 3624 1013 3652 neque
1031 3618 1068 3644 ci-

16 3642 29 3658 ι’
49 3649 106 3674 em,
118 3650 205 3677 neque
223 3646 407 3680 peregrinum,
419 3648 467 3683 qui
486 3648 554 3675 illud
573 3648 672 3683 signum
691 3650 801 3676 auderet
820 3651 958 3685 attingere,
993 3653 1067 3680 Idem

55 3685 104 3703 err-
118 3686 146 3711 4,
157 3685 195 3712 74
219 3678 364 3709 Colebatur
374 3692 388 3710 a
407 3683 526 3716 ciuibus,
540 3684 572 3711 ab
591 3683 716 3711 omnibus
735 3685 843 3711 aduenis
855 3686 998 3715 visebatur.
1035 3691 1067 3716 Et

13 3769 16 3772 .
53 3747 170 3786 osanum.
204 3749 259 3776 Cic.
274 3751 306 3778 de
318 3753 408 3788 Legib.
421 3764 442 3789 1,
454 3759 482 3783 61
496 3766 518 3783 c.
531 3765 560 3789 23
582 3758 650 3784 Cum
665 3757 767 3783 animus
785 3772 831 3777 —-
850 3757 914 3792 quid
933 3759 1067 3794 diuinum,

61 3785 266 3826 ternumque-fit,
280 3787 392 3817 viderit:
426 3792 566 3829 ipsumque
579 3802 609 3820 ea
621 3793 811 3825 moderantem,
824 3799 850 3820 et
861 3799 994 3829 regentem
1007 3806 1066 3831 pae-

44 3827 62 3857 e,
75 3818 258 3861 prebenda-gt,
270 3823 374 3859 seseque
391 3835 446 3854 non
461 3830 520 3855 vnis
539 3829 731 3856 circumdatum
751 3829 890 3856 moenibus
910 3832 1065 3866 popularem

47 3853 139 3881 licuius
152 3855 255 3884 definiti
269 3859 332 3894 loci,
346 3860 486 3894 sedentem
499 3866 582 3892 totius
593 3865 686 3893 mundi
695 3886 703 3899 ‚
717 3865 788 3901 quasi
801 3866 880 3892 vuius
895 3866 979 3899 vrbis,
987 3877 1065 3903 agno·

1124 327 1140 355 ς
1165 324 1340 357 proiecifl‘em.

400 503 495 537 [θῦον]
532 504 638 539 Lignum
656 503 727 530 Citri
746 502 903 539 Africanae,
921 502 949 528 de
965 509 1015 538 qua
1033 510 1097 542 1152.
1116 511 1146 531 [ο
1164 502 1245 536 guine
1259 511 1312 528 non
1326 503 1408 529 modo
1428 503 1453 529 se
1468 506 1691 539 contaminarunt,
1708 516 1753 536 etc.

54 684 121 711 Vell.
136 694 158 717 2,
171 687 237 718 56,2
257 682 353 709 Gallici
369 682 499 717 triumplu
517 683 609 719 (quem
624 682 711 718 Caefiu·
724 683 797 718 egit)
811 687 948 715 apparatus
964 683 1097 722 exUCitro.
1120 688 1145 715 ις
1165 682 1259 708 Horat.
1273 681 1356 717 Epod.
1375 690 1397 714 2,
1412 686 1434 712 8.

33 739 37 750 ⁴.
54 719 120 746 Plin.
136 722 173 753 16,
185 727 216 753 43
230 719 294 751 [2⁴84
322 719 398 752 Quae
419 719 447 745 in
467 719 577 746 laminas
597 720 729 750 secantur,
743 726 914 752 quorumque
929 724 1098 751 operunento
1122 738 1125 740 -

592 1043 630 1068 De
644 1040 720 1067 malis
739 1040 838 1066 Citreis
859 1039 925 1066 Plin.
937 1046 970 1070 15,
984 1042 1014 1067 28
1034 1039 1053 1063 s.
1067 1047 1095 1070 33
1115 1044 1147 1070 25
1165 1045 1211 1065 Ro
1222 1046 1256 1066 M.
1288 1046 1381 1066 SVM.
1418 1042 1475 1068 Hac
1494 1044 1752 1070 commemoratione
1770 1051 1816 1071 etc.
1851 1046 1921 1073 Add.

515 1399 563 1426 Sed
580 1398 665 1425 Malus
682 1397 764 1423 citrea
778 1396 898 1423 Macrob.
913 1398 964 1424 Sat.
981 1407 1003 1430 2,
1019 1407 1044 1431 13
1063 1408 1093 1424 ex
1112 1404 1140 1430 35
1161 1403 1184 1430 8,
1199 1407 1262 1431 409.

56 1756 130 1780 retiis
141 1753 240 1780 illarum
253 1754 387 1789 mensarum
400 1754 466 1779 Pliu.
483 1761 518 1793 13⁸,
535 1761 559 1786 15
574 1754 591 1779 s.
606 1762 649 1785 29.
685 1754 790 1780 Petron.
807 1763 846 1787 119
865 1756 930 1781 Ecce
945 1756 1018 1782 Afris
1032 1765 1090 1783 eru-
1109 1764 1144 1790 45
1158 1759 1227 1782 vium
1241 1757 1382 1783 multitudo.

277 2075 346 2101 Hem
361 2075 465 2109 quantis
477 2075 648 2102 facultatibus
662 2075 835 2101 aestimauere
847 2076 946 2109 ligneas
961 2077 1083 2103 maculas.
1106 2090 1109 2095 ι

57 2113 118 2136 tiam
131 2109 204 2136 Lecti
218 2109 293 2135 citrei
299 2110 363 2145 fimt
375 2111 440 2136 Pers.
454 2119 475 2142 1,
489 2118 516 2142 53
537 2111 601 2137 Nou
614 2110 746 2144 quidquid
766 2109 882 2145 denique
895 2110 970 2138 lectis
989 2112 1082 2138 scribi·
1102 2119 1132 2146 55

68 2293 160 2314 ciTR
171 2285 181 2313 i
192 2293 212 2312 N
222 2293 283 2319 VS,
302 2296 333 2321 a,
350 2297 406 2314 um.
442 2287 524 2314 Aliud
538 2287 611 2329 Adi.⁴
636 2286 801 2330 [ms-pondis]
835 2289 903 2330 131111.
920 2299 956 2322 19,
972 2298 985 2323 5
998 2290 1027 2316 de
1040 2300 1082 2317 cu-
1098 2291 1134 2316 60
1150 2290 1219 2316 aliae
1232 2290 1355 2316 ciuitates
1370 2290 1508 2318 voluntate
1522 2290 1550 2317 in
1570 2291 1736 2320 deditionem
1751 2302 1890 2323 venerunt.

47 2475 91 2498 us,
105 2467 151 2501 qui
172 2466 292 2493 Citreum
311 2466 368 2493 θύον
388 2467 517 2502 appellat,
540 2467 654 2493 ostendit
668 2466 716 2491 esse
734 2465 876 2491 odoratum
890 2474 999 2499 pomum
1035 2483 1081 2489 —
1097 2466 1130 2500 65

916 3007 982 3032 Nam
1005 3007 1074 3035 Ter.
1093 3010 1126 3036 80
1141 3010 1340 3046 multarumque
1356 3012 1404 3038 ess'e
1417 3012 1524 3038 eosdem
1539 3011 1660 3038 homines
1679 3012 1828 3039 ciuitatum.

250 3538 324 3565 Curt.
338 3543 361 3571 8,
377 3547 416 3572 14,
430 3542 466 3573 46
494 3540 643 3575 Simplicius
663 3547 751 3568 tamen
764 3543 861 3570 famam
875 3543 1026 3573 aestimabat
1041 3547 1069 3573 iu
1088 3551 1119 3577 95
1136 3548 1223 3577 Somn.
1237 3550 1304 3585 Scip.
1315 3558 1338 3582 3.

17 3725 22 3728 ·
54 3721 105 3739 err.
119 3716 143 3745 3',
156 3715 197 3739 161
216 3714 352 3744 Clamabat
364 3718 519 3754 illeJuiser,
533 3721 558 3747 se
571 3722 657 3747 ciuem
672 3721 720 3747 effe
734 3722 893 3755 Romanum,
904 3725 1067 3759 municipem
1078 3734 1125 3754 100

1561 97 1832 139 CI‘V
2141 118 2217 164 938

1167 180 1254 207 solum
1268 179 1371 221 ciuem,
1384 181 1469 208 solum
1478 184 1620 214 Liberum:
1658 188 1808 224 insipientes
1825 199 1917 217 omnes
1937 193 2104 227 peregrinos,
2116 199 2216 232 exules,

1167 217 1400 258 seruos,tirr10sos.
1424 220 1470 244 scd
1478 221 1597 259 Cic.Cat.
1607 233 1626 255 ι,
1638 230 1662 254 18
1673 235 1694 251 c.
1705 235 1725 251 11
1746 226 1893 261 Nunquam
1904 227 1932 252 in
1952 226 1999 253 hac
2013 230 2077 256 vrbe
2093 232 2128 264 11,
2141 235 2187 267 qui
2201 244 2216 261 a

1166 251 1303 286 republica
1318 253 1485 293 detecerant,
1501 257 1600 283 ciuium
1617 260 1673 286 iura
1689 268 1839 289 tenuerunt.
1889 263 1947 289 Cic.
1961 272 2010 297 pro
2025 264 2114 291 Rabir.
2132 269 2215 295 Posth.

1165 295 1193 319 53
1216 287 1312 322 Neque
1331 297 1399 323 ego,
1417 298 1460 315 cui
1481 292 1602 330 onmium
1620 295 1720 322 ciuium
1731 298 1850 324 Libertas
1870 299 1995 326 carissima
2014 299 2116 332 fuisset,
2131 311 2216 331 meam

1336 360 1341 364 ¹
1414 325 1488 351 Idem
1503 335 1530 366 ¹.¹¹
1544 329 1622 354 Catil.
1640 339 1658 361 1,
1674 339 1706 363 29
1722 342 1743 358 c.
1758 342 1785 359 12
1817 335 1896 360 Certe
1916 335 2060 362 verendum
2083 336 2149 362 mihi
2164 348 2217 365 uon

1163 365 1236 398 erat,
1249 369 1281 385 ne
1296 359 1363 395 quid
1376 360 1426 387 hoc
1441 362 1573 389 Parricida
1589 365 1687 392 ciuium
1702 367 1859 402 interfecto,
1869 371 1987 397 inuidiae
1999 371 2067 397 mihi
2090 373 2117 397 in
2134 373 2216 406 poste-

1162 401 1270 421 ritatem
1285 396 1453 437 redundaret.
1652 402 1671 436 Ἳ
1693 411 1708 428 2
1746 406 1875 438 Epitheea:
1906 408 1979 433 Clari
2000 407 2070 434 ciues
2084 408 2216 440 Qninffll.

1164 437 1188 463 5,
1203 439 1236 470 ¹¹2
1261 466 1266 470 -
1287 433 1342 458 Cic.
1359 432 1439 458 Catil.
1454 441 1473 464 1,
1487 440 1521 465 29
1550 434 1653 460 Etenim
1675 436 1690 461 fi
1712 439 1807 466 summi
1822 442 1874 467 viri
1891 448 1916 468 et
1930 442 2060 469 clariffimi
2076 444 2160 476 ciues,
2175 445 2216 470 Sa-

1164 471 1284 498 turmm,
1306 473 1331 493 et
1350 467 1548 501 Gracchorum,
1569 476 1594 496 ct
1615 471 1715 504 Flacci,
1731 480 1756 500 et
1776 477 1942 509 superiorum
1962 479 2139 514 complurium
2162 481 2217 506 san—

1373 539 1377 542 ·
1464 539 1468 544 .
1494 540 1499 544 ᾖ
1685 543 1689 547 .
1800 512 1871 537 Idem
1887 523 1935 547 pro
1948 514 2044 543 Milon.
2059 523 2091 550 37
2121 516 2216 542 Seruo-

1163 546 1224 565 rum
1244 543 1270 564 et
1292 544 1426 573 egentium
1447 548 1565 573 cunum,
1593 548 1618 568 et
1638 543 1851 573 facinorosorum
1871 550 1951 576 armis
1973 560 2047 577 meos
2062 552 2131 577 ciues
2150 552 2217 578 meis

1164 572 1280 600 consiliis
1291 589 1304 606 ,=
1318 574 1496 609 periculisque
1516 577 1647 611 seruatos,
1670 588 1718 612 pro
1733 589 1775 606 mc
1794 582 1880 609 obiici
1899 585 1984 612 nolui.
2058 586 2166 613 infimus
2181 587 2217 614 ci-

1164 610 1205 636 vis
1214 629 1222 642 ,
1235 610 1300 649 ὐῐά.
1328 610 1382 650 sub-
1403 618 1412 635 1
1425 616 1443 635 Ν
1456 617 1495 650 1³·ss
1506 619 1522 637 R
1536 618 1553 637 V
1566 620 1589 640 S.
1663 615 1757 642 Inlitus
1787 617 1847 644 vrbi
1857 638 1866 650 ,
1899 621 1950 646 vid.
1973 621 2022 658 fich
2056 630 2065 648 1
2077 629 2097 649 N
2110 630 2122 649 S
2132 630 2148 649 E
2158 630 2177 650 R
2186 630 2216 650 Ο.

1165 645 1285 672 Perdnus
1303 647 1360 673 Cic.
1374 655 1403 672 1n
1417 646 1497 672 Catil.
1513 655 1537 678 2,
1553 656 1595 687 .¹²·
1668 651 1851 679 Potentiorum
1871 654 1971 682 ciuium
1990 657 2101 691 superba
2122 659 2217 685 limina

1470 682 1594 722 'Martiah
1622 692 1668 718 12,
1687 695 1714 719 53
1748 688 1834 714 Numi
1856 699 1937 724 quum
1953 692 2004 719 tibi
2025 693 2216 729 tint‚opcsque

1164 723 1270 751 tantae,
1305 719 1423 752 Quantas
1453 726 1520 744 cuus
1552 718 1631 746 habet
1662 723 1771 750 Paterne
1804 725 1903 758 Rarus,
1919 733 1965 753 etc.
1995 731 2013 754 ι’.
2039 733 2115 764 pauci
2140 734 2215 757 ciues.

1165 758 1183 791 (ἒ
1193 761 1201 779 1
1212 761 1232 779 v
1243 762 1250 779 1
1261 762 1273 781 s
1300 761 1321 791 >R
1330 761 1350 781 O
1359 761 1383 780 M
1394 761 1416 781 A
1425 761 1446 780 N
1455 759 1497 794 V·S
1524 761 1537 781 S
1549 761 1569 780 v
1579 761 1601 780 M
1613 775 1621 787 ‚
1636 756 1751 791 formula
1764 760 1893 794 sollemnis
1907 771 1997 796 eorum,
2010 768 2052 799 qui
2064 766 2217 800 Juppliciitm

1156 789 1197 821 Jic
1210 789 1410 824 deprecarentur.
1447 790 1504 816 Cic.
1517 791 1593 817 Verr.
1610 799 1632 824 5,
1646 799 1695 826 147
1709 802 1730 819 c.
1745 802 1775 829 57
1802 796 1926 824 Ceruices
1942 798 1969 824 in
1990 808 2093 826 carcere
2112 802 2216 836 frange-

1165 823 1262 851 bantur
1274 825 1452 860 indigniffime
1471 825 1574 852 ciuium
1588 827 1789 861 Romanorum,
1803 837 1831 856 vt
1850 832 1902 858 iam
1918 834 1964 861 illa
1979 843 2032 861 vox
2051 842 2076 861 ct
2090 836 2216 871 implora-

34 879 37 892 ;
51 861 94 888 tri.
129 861 170 888 Sic
183 869 222 893 10,
236 867 267 891 80
288 862 438 889 Maculosae
459 862 553 897 pocula
571 861 694 895 myrrhae
707 868 732 886 et
748 860 867 886 nobilius
882 860 980 886 citrum
999 860 1096 895 iungit.
1113 870 1149 888 20
1163 859 1222 900 tio,
1243 866 1350 888 CIVIS
1381 869 1521 889 ROMAN
1531 869 1550 889 v
1561 869 1574 888 s
1605 870 1617 889 s
1627 870 1681 890 VM
1691 884 1700 896 ,
1726 873 1794 899 quae
1814 867 1886 900 saepe
1901 869 1991 896 multis
2007 871 2034 896 in
2049 871 2151 898 vltimis
2165 880 2216 900 ter-

1164 904 1201 922 ris
1217 905 1295 930 opem
1312 897 1382 923 inter
1395 897 1522 924 barbaros
1541 903 1568 924 ct
1584 898 1693 926 salutem
1713 900 1790 933 tulit,
1809 910 1839 927 ea
1851 910 1965 929 mortem
1981 905 2034 931 illis
2049 907 2216 935 acerbiorem

1164 936 1190 957 et
1204 932 1362 966 supplicium
1375 934 1506 960 maturius
1518 933 1609 961 ferrer.
1645 935 1712 962 Add.
1727 938 1773 963 162
1787 946 1808 963 c.
1822 939 1853 963 62
1875 938 2040 966 Caedebatur
2052 942 2135 976 virgis
2171 958 2215 964 —-

1163 967 1231 993 ciuis
1245 969 1323 995 Rom.
1344 977 1405 995 cum
1425 969 1525 996 interea
1540 970 1626 996 nullus
1644 972 1774 1006 gemitus,
1792 973 1865 1000 nulla
1882 983 1935 1000 vox
1955 975 2007 1001 alia
2029 976 2100 1003 illius
2115 979 2216 1011 miseri,

1163 1003 1234 1030 inter
1249 1003 1371 1030 dolorem
1391 1006 1576 1040 crepitumque
1595 1007 1731 1042 plagarum
1749 1009 1923 1043 audiebatur,
1946 1010 1994 1036 nifi
2011 1010 2072 1037 haec
2082 1032 2090 1044 ,
2105 1020 2139 1039 (31
2153 1021 2172 1040 v
2184 1022 2215 1041 13

1939 1046 2072 1080 Qinfftu.
2086 1056 2115 1080 4,
2129 1057 2154 1080 2,
2170 1058 2217 1081 1¹3-

1163 1074 1285 1102 Seditiofi
1299 1075 1372 1102 ciues
1385 1076 1443 1103 Cic.
1458 1077 1539 1104 Acad.
1553 1088 1580 1112 4,
1596 1087 1629 1111 13.
1677 1080 1753 1114 Virg.
1767 1081 1832 1108 Aen.
1851 1090 1889 1114 12,
1905 1087 1947 1115 583
1976 1083 2104 1109 Exoritur
2118 1084 2217 1118 Trepi-

1162 1111 1210 1137 dos
1225 1111 1297 1138 iuter
1318 1111 1451 1139 discordia
1469 1113 1550 1140 ciues.
1727 1115 1749 1154 q
1767 1125 1780 1149 3
1823 1118 1957 1145 Verborum
1969 1119 2113 1154 formulae:
2148 1120 2217 1146 Asci.

1161 1147 1232 1173 scere
1245 1148 1332 1175 ciuem
1345 1149 1402 1174 Cic.
1417 1157 1467 1183 pro
1480 1150 1562 1176 Corn.
1578 1150 1652 1177 Balb.
1664 1160 1704 1184 30.
1722 1155 1753 1179 it.
1771 1162 1820 1188 pro
1835 1153 1915 1180 Arch.
1933 1162 1953 1180 c.
1968 1163 1991 1180 2.
2048 1155 2108 1189 Egit
2122 1155 2219 1182 Roma-

1161 1192 1195 1209 na
1209 1184 1267 1210 suos
1280 1183 1411 1211 discordia
1418 1185 1506 1218 ciues,
1527 1186 1619 1212 Bellum
1634 1188 1722 1214 Romae
1736 1187 1880 1222 intestinum
1886 1191 1955 1226 ficit.
1992 1190 2110 1225 Propert.
2121 1200 2140 1223 1,
2149 1200 2189 1224 22,
2197 1199 2219 1225 5.

45 1223 132 1246 treum
151 1219 250 1246 videtur
270 1219 359 1254 dixaffe
376 1229 415 1256 17,
431 1228 459 1247 10
472 1222 490 1247 s.
508 1230 528 1247 11
555 1221 645 1247 Citrea
659 1221 779 1256 Ji'runtur
794 1225 875 1253 grano
893 1223 920 1243 ct
939 1219 1093 1258 propagine.
1109 1224 1141 1248 30
1161 1219 1218 1246 Cic.
1234 1220 1261 1246 in
1277 1220 1356 1246 Catil.
1372 1229 1390 1251 1,
1404 1229 1432 1253 33
1458 1221 1535 1247 Tum
1555 1229 1584 1248 tu
1599 1224 1735 1257 Iuppiter,
1751 1232 1796 1250 etc.
1817 1224 1887 1252 hunc
1902 1231 1928 1252 et
1941 1225 2019 1252 huius
2033 1227 2118 1253 socios
2137 1237 2152 1254 a
2168 1235 2220 1253 tuis

1160 1255 1213 1281 aris
1223 1275 1231 1287 ‚
1249 1256 1413 1290 caeterisque
1434 1257 1541 1291 templis
1554 1266 1568 1284 a
1584 1259 1662 1285 tec'iis
1676 1260 1749 1287 vrbis
1767 1269 1795 1286 ac
1809 1262 1967 1294 moenibus,
1981 1271 1995 1288 a
2009 1263 2079 1294 vita,
2092 1263 2216 1290 fortunis-

1160 1299 1212 1326 que
1227 1291 1329 1317 ciuium
1343 1292 1464 1318 omnium
1480 1293 1599 1320 Arccbis.
1640 1295 1714 1322 Idem
1727 1298 1803 1322 Verr.
1818 1306 1840 1330 5,
1859 1300 1907 1330 146
1932 1299 2024 1331 Qlum
2039 1299 2071 1331 is,
2079 1300 2126 1334 qui
2143 1300 2169 1325 se
2183 1300 2218 1325 ci·

1160 1335 1222 1353 vem
1242 1327 1393 1353 Romanum
1413 1329 1461 1354 ess'e
1477 1329 1627 1362 Clanmet,
1648 1331 1676 1356 in
1695 1340 1799 1358 crucem
1819 1340 1950 1367 ageretur.
2023 1335 2169 1361 Continere
2182 1335 2217 1361 εἰ·

1159 1371 1205 1388 ves
1223 1362 1315 1389 eadem
1327 1363 1478 1397 aequitate,
1498 1365 1551 1391 vid.
1573 1372 1590 1392 c
1599 1372 1618 1392 o
1627 1373 1647 1392 N
1659 1372 1681 1392 Τ
1694 1374 1703 1392 1
1714 1374 1734 1392 Ν
1743 1374 1760 1393 Ε
1769 1374 1797 1393 0.
1869 1369 1938 1394 Dare
1950 1369 2037 1396 ciuem
2052 1371 2157 1405 populis
2170 1371 2217 1397 Sil.

1308 1399 1384 1432 Virg.
1400 1399 1463 1425 Aen.
1479 1408 1502 1432 5,
1515 1403 1556 1432 631
1584 1402 1652 1434 Quis
1666 1402 1792 1436 prohibet
1805 1412 1897 1429 muros
1911 1404 2013 1437 iacere,
2029 1412 2055 1431 et
2069 1407 2138 1433 Dare
2152 1407 2217 1433 ciui-

1161 1433 1210 1460 bus
1224 1433 1337 1461 vrbem?
1373 1434 1524 1462 Defendere
1544 1436 1633 1462 ciuem
1645 1445 1660 1463 a
1674 1438 1811 1471 periculo,
1829 1439 1884 1464 vid.
1911 1446 1929 1465 D
1938 1446 1954 1465 E
1966 1446 1981 1466 F
1991 1447 2008 1466 Ε
2019 1448 2039 1466 Ν
2048 1448 2066 1467 D
2075 1448 2103 1468 Ο.
2176 1443 2217 1468 Ιη-

1160 1470 1233 1496 ferre
1256 1470 1355 1496 famem
1376 1470 1484 1496 ciuibus
1509 1472 1565 1498 Cic.
1585 1473 1639 1498 Att.
1663 1481 1690 1505 9,
1711 1481 1746 1499 12.
1819 1474 1965 1509 Negligere
1985 1475 2094 1503 salutem
2116 1477 2217 1504 ciuium

1160 1505 1234 1532 Idem
1249 1506 1278 1532 in
1293 1505 1372 1533 Catil.
1388 1515 1409 1538 1,
1423 1511 1463 1536 28.
1500 1509 1531 1533 Et
1545 1508 1573 1533 in
1587 1508 1666 1534 Catil.
1682 1517 1707 1541 2,
1722 1517 1735 1534 2
1760 1510 1842 1542 Qiod
1854 1519 1920 1537 vero
1939 1520 1993 1538 11οη
2007 1519 2147 1540 cruentum
2160 1523 2217 1540 mu»

1162 1551 1287 1572 cronem,
1299 1548 1329 1569 vt
1341 1542 1446 1574 voluit,
1459 1543 1570 1569 extulit:
1606 1544 1679 1578 quod
1698 1545 1770 1571 viuis
1791 1545 1869 1572 nobis
1892 1548 2004 1581 egressus
2023 1548 2073 1574 est:
2099 1550 2171 1583 quod
2192 1550 2217 1576 ei

440 1585 457 1603 2
492 1578 531 1603 De
549 1576 636 1602 arbore
649 1577 783 1602 Atlantica
794 1576 821 1610 fi
834 1577 929 1602 Maura
947 1577 1014 1604 nihil
1026 1579 1094 1603 nobi·
1109 1585 1147 1610 40
1161 1578 1263 1604 ferrum
1278 1578 1310 1604 de
1321 1578 1446 1605 manibus
1460 1579 1631 1606 extorsimus:
1667 1581 1740 1615 quod
1759 1582 1904 1609 incolumes
1918 1583 2006 1616 ciues,
2022 1584 2092 1619 quod
2107 1585 2216 1612 stantem

1506 1616 1615 1642 Tenere
1630 1616 1689 1642 iura
1703 1617 1805 1643 ciuium
1820 1618 1877 1644 Cic.
1892 1619 1919 1646 in
1934 1620 2013 1646 Catil.
2029 1629 2050 1652 1,
2062 1625 2102 1652 28,
2145 1617 2216 1648 Tra-

2009 1655 2123 1682 Terent.
2132 1657 2213 1685 Andr.

1161 1613 1255 1640 vrbem
1264 1614 1395 1649 Reliquit,
1415 1622 1462 1641 etc.

1159 1648 1221 1676 dere
1236 1650 1292 1676 vias
1305 1651 1469 1685 optimarum
1483 1651 1583 1677 artium
1596 1651 1701 1678 ciuibus
1716 1652 1754 1678 Id.
1764 1653 1796 1679 de
1804 1654 1896 1681 Diuin.
1911 1658 1942 1687 2,
1951 1664 1970 1682 1.

1158 1693 1182 1718 5,
1199 1695 1217 1718 1,
1235 1695 1265 1719 14
1291 1686 1367 1712 1113111
1382 1687 1454 1712 Hinc
1467 1688 1555 1712 ciuem
1570 1688 1619 1713 ess'e
1634 1689 1719 1714 aiunt.

1196 1727 1263 1748 CIV
1275 1719 1385 1754 ΪΤΑΞ,
1408 1722 1466 1748 atis.
1500 1722 1519 1748 f.
1557 1723 1669 1756 [πόλις]
1710 1725 1739 1750 Α
1758 1724 1858 1751 Ciuibus
1875 1727 2000 1760 appellata
2018 1725 2067 1759 ςῙῖ,
2087 1727 2156 1763 quast
2175 1728 2214 1755 Ci-

1433 1758 1490 1783 Cic.
1505 1759 1581 1784 Verr.
1595 1767 1619 1790 3,
1632 1762 1663 1790 56
1685 1759 1755 1785 Huic
1768 1760 1874 1787 homini
1889 1761 2008 1794 Iudices,
2023 1762 2214 1791 honessiffimae

1158 1792 1275 1818 ciuitatis
1291 1792 1478 1826 honestiffimo‚
1492 1800 1538 1819 etc.
1596 1794 1679 1820 Nulla
1697 1795 1733 1821 est
1749 1796 1857 1829 ciuitas,
1871 1806 1939 1832 quae
1957 1807 2011 1824 non
2025 1800 2163 1833 improbos
2179 1801 2216 1826 ci-

1157 1836 1202 1854 ves
1217 1828 1377 1863 aliquando,
1393 1836 1419 1855 et
1435 1829 1588 1864 imperitam
1602 1830 1803 1857 multitudinem
1819 1833 1920 1866 semper
1935 1833 2029 1861 habeat
2044 1836 2103 1861 Liu.
2117 1845 2160 1869 43,
2175 1845 2213 1868 23.

1159 1865 1254 1900 Nempe
1266 1865 1369 1891 Ciuitas
1385 1868 1490 1900 proprie
1511 1867 1617 1897 incolis,
1629 1869 1656 1890 in
1678 1875 1751 1891 onam
1761 1867 1906 1901 fhcietatem
1927 1868 2040 1903 iniistis,
2054 1870 2212 1903 aestimatur:

1156 1909 1205 1926 non
1219 1900 1357 1936 aedificiis,
1376 1900 1430 1926 Cic.
1444 1900 1511 1935 apud
1525 1900 1647 1926 Nonium
1662 1908 1684 1933 5,
1700 1908 1735 1935 27
1765 1902 1992 1931 Coniuutffionem
2006 1906 2154 1939 1061010111,
2168 1917 2213 1941 op—

48 1951 54 1957 .
67 1939 95 1958 21
109 1929 132 1968 §.
144 1939 157 1964 3
170 1931 198 1959 ff.
210 1931 243 1958 de
257 1931 354 1958 atstion.
368 1933 443 1959 emti.
477 1932 569 1959 Veluti
582 1932 600 1958 li
615 1933 716 1959 mensas
730 1932 801 1967 quafi
815 1933 909 1960 cita-eas
925 1935 1004 1968 emit,
1020 1945 1087 1970 quae
1107 1940 1140 1966 50
1156 1935 1264 1969 pidum,
1281 1936 1324 1962 vel
1340 1935 1433 1961 vrbem
1448 1935 1662 1968 appellauerunt,
1677 1936 1797 1963 delubris
1812 1938 1963 1966 distinftam
1979 1942 2122 1976 spatiisque
2141 1952 2213 1969 com-

1156 1971 1290 1998 munibus.
1327 1970 1422 1996 Omnis
1436 1979 1500 2004 ergo
1514 1971 1641 2005 populus,
1655 1972 1703 2006 qui
1717 1972 1753 1998 est
1767 1973 1826 1999 talis
1839 1981 1928 2001 coetus
1941 1977 2134 2010 multitudinis,
2150 1987 2213 2013 qua—

1155 2006 1207 2031 lem
1228 2005 1337 2040 exposui
1351 2025 1360 2037 ,
1387 2005 1482 2032 ciuitas
1504 2006 1540 2032 cst
1555 2027 1563 2039 ,
1587 2008 1729 2043 omnisque
1752 2009 1847 2036 ciuitas
1866 2010 1902 2036 est
1925 2012 2082 2039 constitutio
2107 2015 2210 2049 populi.

1153 2041 1224 2075 Qud
1237 2040 1275 2075 fit
1294 2041 1408 2073 Ciuitas,
1424 2044 1508 2073 vetiam
1522 2041 1652 2077 succinfle
1672 2051 1697 2069 ec
1714 2046 1837 2081 eleganter
1858 2047 1977 2082 defit-ibit
2003 2049 2059 2076 Cic.
2073 2049 2105 2076 de
2121 2051 2209 2077 Somn.

1152 2076 1220 2110 Sclp.
1234 2086 1252 2110 4
1283 2076 1363 2103 Nihil
1378 2077 1450 2103 enim
1469 2077 1506 2104 est
1523 2078 1564 2104 illi
1585 2079 1700 2115 principi
1715 2081 1791 2114 Deo,
1810 2082 1857 2117 qui
1870 2092 1978 2110 omnem
1997 2085 2065 2111 hunc
2080 2087 2211 2113 mundum

1151 2112 1237 2146 regit,
1256 2112 1328 2147 quod
1343 2113 1454 2148 quidem
1468 2114 1495 2140 in
1515 2115 1593 2142 terris
1607 2115 1669 2148 fiat,
1691 2118 1838 2151 acceptius,
1861 2128 1941 2153 quam
1961 2121 2086 2153 consilia,
2109 2128 2210 2149 coetus—

1152 2157 1204 2183 que
1218 2148 1361 2175 hominum
1377 2149 1434 2175 iure
1450 2150 1553 2182 sociati,
1568 2160 1636 2185 quae
1648 2152 1770 2178 ciuitates
1783 2154 1956 2188 appellantur.
1994 2157 2066 2182 Idem
2080 2166 2128 2191 pro
2138 2158 2207 2185 Sext.

1151 2192 1180 2217 91
1206 2185 1284 2210 Tum
1299 2185 1486 2211 conuenticula
1499 2184 1650 2217 hominum,
1663 2196 1731 2222 quae
1740 2188 1829 2221 postea
1841 2189 1962 2217 ciuitates
1975 2192 2127 2219 nominatae
2138 2194 2207 2221 sunt.
2228 2194 2233 2195 ⁷

1156 2221 1250 2246 Tamen
1268 2220 1386 2253 Ciuitas,
1404 2220 1529 2246 interdum
1547 2227 1597 2256 pro
1615 2222 1692 2255 Vrbe,
1710 2230 1754 2248 aut
1774 2224 1863 2259 oppido
1870 2229 1988 2259 ponitur.
2042 2228 2103 2254 Liu.
2119 2237 2163 2261 29,
2178 2234 2207 2261 38

1150 2255 1248 2280 Eadem
1267 2254 1362 2281 aestate
1382 2255 1411 2280 in
1432 2255 1532 2281 Brutiis
1569 2270 1605 2278 -
1641 2257 1798 2290 Consentia,
1819 2265 1845 2286 et
1865 2261 1989 2288 Pandosia
1997 2282 2005 2295 ‚
2026 2269 2052 2289 et
2072 2264 2206 2298 ignobiles

1927 2300 2048 2332 Apertms
2063 2303 2152 2333 etiam,
2170 2302 2206 2327 Vt

1150 2325 1272 2352 ciuitates
1286 2334 1379 2352 eorum
1402 2326 1459 2353 solo
1478 2333 1605 2361 aequaret
1619 2328 1737 2356 Ladiant.
1752 2339 1779 2363 4,
1792 2339 1831 2364 21,
1845 2340 1870 2358 2.
1909 2333 1982 2369 Conf.
1995 2343 2020 2360 n.
2036 2343 2052 2361 2
2075 2336 2206 2363 Humilis.

1149 2361 1261 2387 Verrius
1276 2362 1381 2388 Flaccus
1396 2362 1463 2397 apud
1475 2363 1595 2389 Gellium
1612 2369 1645 2394 18,
1661 2372 1678 2400 7
1702 2366 1805 2393 Ciuitas
1820 2374 1845 2393 et
1864 2377 1914 2403 pro
1928 2369 1989 2395 loco
1999 2390 2006 2402 ‚
2020 2377 2045 2396 et
2064 2379 2114 2406 pro
2129 2372 2205 2407 oppi-

1150 2395 1203 2429 do,
1216 2404 1242 2423 et
1261 2406 1310 2431 pro
1330 2398 1389 2424 iure
1409 2408 1517 2433 quoquc
1537 2400 1659 2427 omnium
1669 2421 1677 2434 ,
1691 2408 1716 2428 et
1733 2411 1784 2436 pro
1797 2402 1937 2431 hominum
1952 2406 2125 2433 multitudine
2140 2408 2206 2435 dici-

1149 2437 1201 2459 tur.
1238 2435 1288 2460 Pro
1301 2432 1518 2467 administratione
1536 2437 1685 2470 reipublicae
1695 2441 1760 2473 poni
1773 2439 1874 2466 videtur
1888 2442 1918 2466 ab
1927 2441 2005 2468 Au&
2017 2443 2048 2468 ad
2060 2443 2125 2470 Her.
2135 2453 2163 2478 4,
2172 2451 2204 2477 25

1148 2477 1170 2495 c.
1188 2473 1213 2498 18
1233 2469 1289 2503 Qui
1302 2470 1422 2504 priuatus
1435 2470 1602 2498 intolerabili
1615 2473 1737 2507 superbia
1750 2474 1848 2508 fucrit,
1861 2485 1923 2503 eum
1936 2478 2108 2506 commodum
2123 2486 2149 2506 et
2163 2481 2203 2507 sui

1149 2506 1349 2539 cognoscentem
1364 2506 1457 2533 videre
1470 2507 1498 2533 in
1512 2507 1623 2534 ciuitate
1638 2509 1698 2544 quis
1711 2511 1811 2544 speret?
1832 2512 1879 2538 Sed
1889 2512 1973 2539 editur
1986 2514 2121 2549 potestate.
2155 2516 2204 2543 Sed

1148 2540 1257 2567 redimus
1268 2541 1302 2577 ad
1314 2541 1470 2569 ordinariam
1478 2542 1692 2580 significationem.
1729 2546 1785 2573 Cic.
1801 2547 1879 2574 Acad.
1894 2557 1922 2581 4,
1939 2556 1982 2584 137
2003 2550 2126 2586 Denique
2141 2552 2202 2578 scri-

1148 2582 1192 2610 pta
1206 2577 1337 2612 Lycurgi,
1351 2578 1472 2611 Solonis,
1487 2587 1532 2606 XII
1552 2579 1653 2607 tabulas
1672 2581 1774 2608 nostras
1789 2591 1843 2609 non
1857 2584 1906 2610 effe
1920 2584 2005 2619 leges,
2017 2595 2050 2613 ne
2067 2587 2143 2613 vrbes
2157 2587 2200 2614 de-

1148 2613 1230 2647 nique
1245 2620 1288 2639 aut
1302 2614 1437 2646 ciuitates,
1455 2615 1503 2641 nisi
1526 2624 1593 2651 quae
1614 2617 1692 2644 effent
1707 2619 1874 2653 sapientium.
1928 2621 2002 2647 Idem
2015 2631 2064 2656 pro
2077 2624 2198 2649 Muraen.

311 2644 447 2676 Naeuius,
470 2644 609 2671 Pulchram
630 2653 661 2670 ex
684 2653 751 2671 auro
770 2644 923 2680 vestemque
947 2647 1079 2674 citrosam.
1096 2653 1132 2682 70
1148 2656 1185 2683 47
1206 2649 1331 2676 Grauiter
1342 2649 1464 2677 homines
1480 2650 1600 2684 honesti,
1616 2659 1695 2688 atque
1714 2655 1743 2680 in
1763 2655 1815 2681 suis
1831 2656 1986 2683 ciuitatibus
1999 2664 2025 2683 et
2043 2659 2198 2692 municipiis

1147 2685 1253 2718 gratiosi
1267 2685 1394 2712 tulerunt.
1434 2688 1463 2713 Et
1476 2687 1508 2713 de
1523 2688 1615 2723 Legib.
1633 2698 1658 2722 2,
1672 2697 1685 2723 5
1705 2691 1760 2725 Ego
1773 2691 1923 2718 mehercule
1935 2699 1961 2718 et
1974 2693 2016 2719 illi
2030 2700 2056 2720 ct
2071 2694 2198 2720 omnibus

1146 2721 1327 2755 municipibus
1340 2722 1402 2749 duas
1417 2724 1465 2749 effe
1485 2725 1577 2751 censeo
1597 2726 1708 2759 patrias:
1743 2736 1822 2754 vnam
1845 2734 1968 2759 naturae,
1980 2729 2088 2755 alteram
2104 2730 2197 2756 ciuita-

1146 2757 1189 2783 tis.
1226 2757 1282 2784 Cic.
1297 2758 1328 2785 de
1343 2758 1412 2785 Clar.
1426 2760 1500 2786 Orat.
1513 2768 1558 2792 332
1577 2760 1626 2788 Etsi
1640 2763 1744 2789 cursum
1757 2763 1861 2797 ingenii
1874 2764 1914 2790 tui
1926 2765 2007 2791 Brute
2022 2765 2119 2798 premit
2131 2765 2196 2793 haec

1146 2792 1301 2827 importuna
1313 2794 1397 2821 clades
1412 2794 1537 2822 ciuitatis.
1570 2796 1642 2823 Idem
1657 2807 1706 2832 pro
1720 2799 1809 2826 Domo
1824 2804 1856 2834 87
1875 2809 1896 2826 c.
1912 2808 1939 2831 33
1967 2800 2047 2833 Qnod
2059 2800 2078 2826 fi
2092 2806 2118 2827 et
2133 2801 2195 2834 illis,

1097 2831 1130 2859 75
1147 2829 1194 2869 qui
1207 2830 1305 2864 expulsi
1320 2827 1380 2857 sunt
1392 2831 1486 2866 inique
1506 2846 1551 2852 -—
1566 2833 1687 2867 redutffh',
1707 2843 1762 2860 non
1776 2835 1888 2861 decretis
1902 2835 2008 2868 Italiae,
2022 2844 2076 2861 non
2097 2836 2194 2863 deside—

1145 2873 1189 2891 rio
1203 2866 1334 2898 ciuitatis3
1362 2867 1535 2895 inimicorum
1550 2868 1650 2896 iniuria
1669 2870 1771 2904 probro
1791 2879 1845 2896 non
1857 2870 1926 2902 fuit,
1940 2878 1985 2896 etc.
2057 2872 2194 2899 Diffimili-

1144 2900 1209 2927 tudo
1223 2902 1294 2928 enim
1307 2903 1446 2929 ciuitatum
1461 2904 1617 2932 varietatem
1632 2906 1699 2935 iuris
1712 2905 1808 2932 habeat
1819 2906 1916 2932 necesse
1928 2905 1964 2932 est
1978 2906 2032 2933 Cic.
2045 2917 2094 2942 pro
2111 2909 2193 2935 Corn.

1143 2936 1216 2963 Balb.
1231 2946 1266 2970 31.
1320 2939 1394 2966 Idem
1407 2948 1456 2974 pro
1470 2941 1552 2967 Corn.
1566 2941 1639 2967 Balb.
1652 2949 1683 2973 30
1709 2942 1802 2976 Itaque
1817 2942 1845 2967 in
1858 2941 1965 2968 Graccis
1979 2943 2134 2970 ciuitatibus
2153 2944 2192 2971 vi-

1142 2971 1248 3005 demus,
1268 2973 1378 3002 Athenis
1392 2975 1528 3009 Rhodios,
1546 2977 1783 3007 Lacedaemonios,
1796 2983 1912 3004 caeteros
1931 2979 2049 3013 Vndique
2066 2979 2192 3013 adscribi,

1899 3015 1942 3040 Ius
1955 3014 2073 3041 ciuitatis
2086 3015 2191 3043 honore

1141 3045 1316 3080 digniffimum
1335 3047 1374 3074 Id.
1388 3057 1438 3083 pro
1453 3049 1534 3075 Corn.
1549 3047 1622 3074 Balb.
1637 3056 1680 3082 42.
1727 3048 1857 3083 Qinc‘til.
1872 3057 1897 3081 2,
1911 3058 1939 3082 4,
1952 3058 1979 3082 33
2011 3050 2114 3086 Legum
2133 3052 2191 3079 laus

1139 3088 1166 3108 et
1179 3082 1341 3117 vituperatio
1377 3099 1422 3105 --
1459 3084 1647 3110 consuetudine
1666 3089 1692 3110 et
1710 3084 1769 3112 iure
1782 3085 1944 3111 Ciuitatium
1957 3085 2055 3113 differt.
2093 3087 2140 3115 Sed
2158 3090 2190 3115 Ii-

1138 3117 1179 3144 bri·
1191 3122 1290 3154 antiqui
1304 3119 1451 3146 ciuitatum.
1488 3120 1556 3155 Qae
1568 3123 1680 3146 varietas
1689 3123 1764 3147 etiam
1776 3121 1921 3156 obstruatur
1932 3129 1959 3154 2,
1973 3124 2010 3153 16,
2025 3133 2044 3157 4
2064 3124 2121 3157 Qu
2133 3130 2189 3150 tur-

1138 3152 1262 3181 bauermt
1275 3155 1424 3183 ciuitatium
1440 3154 1519 3181 status
1533 3156 1575 3182 vel
1595 3156 1750 3183 euerterint.
1788 3158 1829 3184 sic
1842 3156 1923 3182 editur
1937 3157 2014 3184 hodie.
2051 3160 2097 3186 Sed
2111 3160 2188 3186 editio

57 3177 98 3203 uis
113 3186 167 3203 non
186 3177 216 3204 fit
223 3178 348 3212 ,4106111111
366 3180 402 3206 est
422 3190 477 3208 non
495 3182 584 3210 licere.
620 3184 740 3211 Ablatiuo
760 3184 825 3211 Ciui
843 3188 926 3212 utitur
945 3187 1002 3223 Cic.
1022 3197 1072 3222 pro
1091 3191 1121 3221 85
1140 3191 1235 3225 IenJon.
1252 3198 1276 3217 et
1289 3192 1346 3218 MS.
1355 3191 1461 3218 Gothan.
1488 3191 1645 3218 Ciuitatum.
1672 3191 1769 3218 Vidnz.
1783 3202 1798 3219 2
1817 3192 2032 3221 Clariffimarum.
2069 3195 2116 3222 Sed
2130 3196 2186 3221 Cic.

1139 3234 1188 3260 pro
1204 3226 1284 3253 Balbo
1297 3236 1336 3261 44
1348 3237 1370 3254 c.
1387 3235 1415 3260 19
1445 3228 1519 3259 Qtos
1532 3226 1742 3262 diligentiffimos
1756 3229 1784 3254 in
1799 3229 1971 3263 exquirendis
1984 3229 2185 3257 conditionibus

1137 3261 1275 3289 ciuitatum
1289 3270 1368 3299 atque
1381 3262 1459 3289 causis
1476 3263 1524 3289 ess'e
1536 3263 1741 3290 arbitrabamur.
1779 3265 1810 3290 Ec
1823 3265 1854 3290 de
1868 3265 1941 3299 Orat.
1957 3274 1978 3298 1,
1992 3269 2029 3300 46
2042 3276 2062 3292 c.
2077 3275 2097 3292 11
2119 3266 2185 3292 Ora-

1138 3303 1224 3324 torem
1239 3299 1332 3334 repelli
1346 3309 1361 3326 a
1371 3298 1555 3334 gubernaculis
1569 3299 1717 3326 ciuitatum.
1753 3300 1848 3336 Rursus
1862 3301 2022 3328 Ciuitatium
2032 3300 2182 3335 Ρ1111.Εμ11“1.

1140 3341 1177 3364 10,
1192 3342 1229 3367 115
1243 3341 1266 3361 et
1276 3338 1329 3365 116.
1383 3334 1439 3361 Cic.
1454 3335 1531 3362 Verr.
1550 3343 1572 3368 5,
1586 3338 1633 3362 166
1660 3335 1686 3361 Si
1706 3333 1758 3362 tibi
1776 3335 1870 3370 ignoto
1889 3337 1957 3372 apud
1977 3338 2097 3372 ignotos,
2113 3335 2183 3370 apud

74 3365 98 3382 m
114 3357 217 3384 barbari
231 3365 322 3384 vocant
333 3362 455 3386 conciuem
466 3367 491 3387 et
507 3366 703 3397 compatriotam.
741 3363 799 3390 Cic.
813 3363 846 3390 de
856 3364 915 3395 Fin.
929 3374 949 3399 1,
963 3373 991 3392 10
1019 3367 1070 3394 De·
1085 3373 1122 3398 90
1138 3367 1279 3403 barbaros,
1300 3370 1369 3406 apud
1391 3369 1512 3397 homines
1530 3370 1558 3397 in
1572 3371 1697 3398 extremis
1717 3377 1796 3406 atque
1816 3373 1916 3399 vltimis
1937 3374 2056 3407 gentibus
2077 3371 2182 3406 positos,

1136 3404 1228 3432 nobile
1241 3413 1267 3433 et
1281 3406 1382 3433 illustre
1395 3406 1465 3440 apud
1481 3415 1572 3432 omnes
1584 3416 1683 3433 nomen
1697 3412 1758 3434 tuae
1777 3408 1892 3435 ciuitatis
1906 3409 2055 3444 profuisset:
2070 3414 2115 3446 «γε.
2149 3407 2181 3432 Et

1131 3441 1215 3476 paullo
1228 3450 1303 3476 ante,
1321 3442 1398 3477 Apud
1420 3448 1445 3468 te
1462 3451 1560 3468 nomen
1580 3442 1698 3470 ciuitatis
1720 3452 1753 3470 ne
1765 3450 1866 3471 tantum
1886 3445 1993 3480 quidem
2010 3442 2130 3473 valuisse,
2150 3447 2182 3469 vt

1135 3475 1291 3505 dilationem
1308 3479 1425 3513 aliquam
1439 3478 1532 3514 crucis,
1544 3485 1590 3504 etc.
1664 3479 1773 3506 Nomen
1786 3481 1902 3507 ciuitatis
1918 3480 2061 3514 implorare
2074 3478 2181 3518 etvsur-

1136 3521 1196 3547 pare
1216 3514 1271 3541 Cic.
1294 3516 1372 3541 Verr.
1393 3522 1416 3547 5,
1438 3515 1491 3539 162.
1562 3513 1633 3541 Salus
1654 3515 1773 3543 ciuitatis
1792 3516 1889 3543 nititur
1909 3516 1937 3542 in
1954 3515 2044 3548 aliquo
2070 3514 2126 3553 Cic.
2147 3512 2181 3540 de

1411 3550 1486 3575 Vires
1505 3554 1532 3576 et
1548 3559 1636 3577 mores
1654 3552 1770 3579 ciuitatis
1792 3551 1922 3586 Quinc’til.
1940 3559 1963 3582 3,
1982 3555 2003 3579 8·
2058 3549 2115 3575 Εκ-
2129 3557 2179 3583 Pto

1135 3585 1215 3612 Corn.
1229 3586 1301 3612 Balb.
1316 3593 1346 3618 50
1371 3584 1580 3613 Heracliensium
1596 3586 1744 3622 legionem,
1761 3597 1793 3614 ex
1814 3597 1843 3614 ea
1858 3587 1981 3617 ciuitate,
2001 3593 2124 3625 quacum.
2134 3598 2179 3605 —-

1135 3620 1227 3648 foedus
1235 3621 1329 3654 Pyrrhi
1339 3620 1421 3647 ic‘ium
1430 3626 1544 3654 putatur.
1590 3623 1664 3650 Idem
1678 3625 1753 3651 Verr.
1766 3633 1790 3656 3,
1803 3625 1836 3655 56
1863 3621 1932 3648 Huic
1946 3620 2052 3660 homini
2067 3620 2178 3651 Iudices,

1135 3655 1256 3684 honestae
1282 3657 1398 3683 ciuitatis
1427 3655 1620 3692 honffliffimo,
1653 3669 1708 3686 non
1735 3659 1816 3686 modo
1845 3657 1974 3696 frumenti
1995 3656 2104 3696 scitote,
2130 3663 2176 3681 etc.

1133 3689 1155 3755 ἕ
1175 3701 1192 3720 2
1228 3693 1356 3729 Epitheta:
1392 3692 1448 3718 Cic.
1463 3692 1495 3718 de
1509 3694 1603 3727 Fin.·1,
1639 3714 1645 3722 .
1683 3715 1690 3722 .
1729 3714 1735 3722 .
1772 3695 1867 3727 Neque
1886 3700 1956 3718 enim
1977 3698 2071 3726 ciuitas
2092 3700 2118 3731 in
2141 3691 2176 3716 se-

1152 3729 1236 3756 itione
1249 3728 1332 3763 potest
1344 3727 1392 3754 ess‘e
1406 3727 1489 3754 beata.
1532 3730 1658 3757 Bellicosa
1672 3731 1781 3761 ciuitas,
1802 3727 1853 3754 vid.
1873 3733 2009 3754 BELLVM.
2055 3725 2173 3767 'Qu-tufi.

1133 3773 1154 3797 1,
1169 3773 1189 3791 2.
1206 3773 1222 3791 2
1251 3765 1293 3797 Si,
1306 3772 1320 3790 a
1341 3762 1438 3798 quibus
1459 3763 1665 3793 Clariffimarum
1686 3764 1844 3793 Ciuitatium
1865 3771 1952 3803 mores
1972 3763 2031 3803 sunt
2052 3763 2174 3788 instituti.

1132 3799 1353 3827 Commendatior
1364 3799 1458 3825 ciuitas
1471 3799 1568 3834 studio,
1583 3810 1646 3828 cura
1660 3807 1685 3828 et
1698 3800 1834 3834 diligentia
1846 3799 1958 3824 alicuius
1971 3800 2027 3825 Cic.
2036 3807 2084 3832 pro
2092 3798 2173 3836 Corn-

1132 3835 1205 3862 Balb.
1219 3843 1250 3869 43
1270 3844 1291 3861 c.
1307 3839 1342 3864 18.
1396 3834 1470 3862 Idem
1481 3837 1557 3864 Verr.
1573 3845 1596 3870 5,
1612 3846 1638 3870 53
1669 3837 1726 3863 Hoc
1742 3835 1904 3873 Netinorum
1918 3834 2060 3861 Foederata
2081 3836 2173 3868 ciuitas

1131 3871 1238 3906 publice
1257 3870 1331 3897 dicit.
1403 3871 1503 3897 Graues
1523 3872 1561 3899 Id.
1575 3874 1652 3899 Verr.
1666 3880 1745 3911 5,,134
1764 3879 1828 3902 051,
1848 3872 1866 3896 ι’.
1881 3870 1935 3905 sade
1947 3870 2044 3905 dignae.
2115 3865 2171 3890 Cle-

48 3889 106 3916 erit.
142 3892 181 3917 De
195 3892 241 3919 hac
247 3894 372 3931 sapiemis
383 3900 569 3928 ciuitatessoict
581 3901 648 3937 apud
660 3902 715 3929 Cic.
729 3901 807 3929 Acad.
821 3911 849 3935 4,
865 3904 912 3937 176
931 3903 1066 3932 Postremo
1080 3913 1123 3938 105
1131 3915 1179 3942 pro
1193 3907 1275 3934 Flacc.
1290 3908 1326 3940 64
1353 3906 1427 3933 Num
1439 3906 1577 3936 honestior
1594 3907 1631 3935 est
1647 3907 1740 3934 ciuitas
1753 3906 1927 3943 Pergamena,
1941 3912 2020 3940 quan-1
2032 3899 2172 3932 Smyrnae?

133 3933 221 3955 VOL.
249 3932 270 3959 Ι,

1305 3943 1323 3967 6
1343 3942 1365 3968 C
2113 3935 2170 3960 Sen.
