2474 4182
675 129 972 172 DISSERT.
1008 131 1087 169 DE
1116 129 1516 170 PRAECIPVIS
1547 129 1823 168 LEXICIS
1853 131 1987 168 LAT.

377 236 471 278 Mlffik
486 245 542 280 per
562 240 668 264 omnem
687 227 831 272 plurimis
851 226 969 258 coloniis

429 292 502 330 Tam
526 295 590 326 bene
613 302 688 322 nunc
712 288 850 322 habitant
864 316 873 329 ,

377 371 439 404 Solo
460 377 492 398 vt
513 367 668 410 nequirent
694 367 726 395 in
743 366 849 409 patrio
870 363 1054 410 opulcnti1ts.]

421 432 513 462 Proin
525 452 535 466 ,
559 426 707 460 Lconardt·
721 452 729 467 ,
753 436 802 458 tuo

372 503 481 535 Fruere
500 504 604 533 merito
616 512 692 545 gons
706 501 817 532 Latina
837 500 941 532 literas

420 567 499 598 Dum
522 566 592 597 colet
609 566 767 610 Argolicas.

277 657 397 709 Atque
412 656 499 695 haec
516 654 632 693 obiter
649 651 739 705 quasi
749 654 1004 703 parentauimus
1020 648 1208 688 clarissimis
1220 650 1313 687 istius

275 712 399 752 saeculi
426 712 596 760 ingeniis,
635 722 787 761 quorum
813 721 918 757 opera
941 709 1093 745 Graecae
1121 708 1246 755 pariter
1275 718 1313 741 ac

276 771 418 808 Latinae
436 766 556 803 Musae
572 794 583 812 ,
609 765 651 802 ad
669 764 848 813 pristinum
864 762 1036 811 fastigium
1051 771 1154 811 atque
1171 761 1212 796 ad
1226 750 1310 796 illud

276 823 512 876 quodcunque
527 819 566 858 fit
584 822 620 857 in
639 819 744 856 literis
768 820 955 868 imperium
970 846 981 864 ,
1017 815 1106 866 quali
1128 829 1172 852 ex
1195 814 1311 863 postli-

275 880 388 918 minio
405 885 501 914 erant
515 884 706 912 reuocatae.
761 875 845 910 Non
862 871 938 909 tulit
954 884 993 908 ea
1008 879 1096 907 aetas
1113 871 1147 907 in
1158 871 1311 919 Vtrisque

276 934 382 971 literis
396 930 608 969 vindicandis
623 938 658 966 ct
675 927 837 965 ornandis
851 923 1039 963 felicissima
1053 953 1064 970 ,
1103 936 1221 961 earum
1236 923 1310 959 fieri

277 985 533 1026 distracsiionem
550 1014 560 1031 ,
600 995 746 1035 quarum
768 981 986 1019 consortium
1015 988 1194 1028 tantopere
1228 977 1311 1014 aluit

274 1044 396 1091 Remp.
414 1041 608 1078 literariam.
663 1040 726 1075 His
736 1039 855 1088 vtique
869 1032 1087 1085 temporibus
1102 1032 1234 1071 factum
1251 1032 1311 1079 est,

275 1108 314 1136 vt
336 1105 530 1134 reuertente
546 1098 695 1132 Fortuna
710 1094 856 1130 Graecia
876 1093 1027 1128 Romam
1044 1092 1171 1126 iterum
1194 1089 1311 1125 deme-

275 1162 429 1191 reretur:
466 1160 500 1188 et
515 1160 551 1186 vt
566 1150 670 1196 haec,
687 1161 704 1186 a
720 1160 786 1198 qua
802 1146 887 1184 olim
907 1143 1120 1194 Rerumpub.
1140 1143 1290 1180 instituta
1302 1171 1312 1189 ,

273 1206 517 1256 Philosophiae
533 1204 667 1242 cultum
686 1231 697 1248 ‚
725 1203 975 1240 humaniorum
1001 1199 1195 1237 studiorum
1212 1210 1312 1236 orna-

274 1272 371 1309 tum,
400 1262 540 1298 Artium
558 1258 882 1308 disciplinarumque
898 1257 1059 1293 omnium
1076 1256 1246 1291 rationem
1265 1262 1313 1290 at-

273 1330 343 1369 que
367 1318 471 1353 etiam
492 1314 645 1364 linguam
668 1313 777 1363 ipsam
803 1313 962 1360 accepit,
998 1312 1068 1346 iam
1098 1309 1214 1346 eidem
1239 1308 1312 1345 haec

274 1373 394 1410 omnia
409 1369 551 1408 deberet
565 1369 724 1407 restituta.
779 1368 869 1404 Nam
885 1364 1177 1416 praeterid,quod
1188 1365 1313 1401 Graeci

266 1427 438 1466 -homines
454 1426 571 1475 patriis
591 1421 729 1462 sedibus
744 1420 846 1459 eiecti
863 1451 874 1467 ‚
907 1419 961 1456 his
979 1418 1080 1456 rebus
1097 1420 1199 1468 primi
1224 1417 1314 1469 quasi

272 1480 406 1531 fignum
423 1479 565 1531 aliquod
578 1476 737 1515 sustulere
753 1506 763 1523 ,
790 1474 920 1512 iacebat
935 1474 971 1510 id
985 1472 1058 1511 fere
1076 1486 1200 1519 omne,
1217 1473 1314 1524 quod

275 1534 408 1575 Saeculi
419 1536 544 1590 genius
559 1532 807 1570 vindicandum
823 1526 893 1567 effe
911 1529 1127 1572 decreuerat,
1154 1530 1188 1564 in
1206 1529 1314 1565 Grae-

275 1605 394 1629 carum
413 1591 587 1628 literarum
606 1588 758 1638 apicibus
775 1596 810 1623 et
825 1584 1015 1622 inuolucris
1031 1582 1121 1634 quasi
1139 1581 1313 1632 sepultum

275 1657 312 1685 et
326 1646 499 1684 obliuioni
520 1643 768 1681 coniecratum.
838 1640 904 1677 Sed
934 1639 1155 1676 excitandum
1185 1647 1255 1675 erat
1279 1646 1313 1674 et

274 1703 443 1740 Romanis
459 1700 564 1736 literis
579 1697 825 1735 illustrandum.
882 1696 981 1731 Tum
1001 1693 1234 1731 vero'Graeca
1248 1696 1313 1730 La—

276 1759 357 1794 tinis
375 1753 609 1799 conferendo,
637 1752 691 1788 his
707 1750 762 1786 illa
778 1748 1054 1798 interpretand0‚
1082 1757 1312 1799 vtrorumque

277 1824 388 1861 porro
410 1808 564 1846 indolem
591 1815 628 1844 et
656 1815 814 1843 naturam
850 1805 1059 1853 penitissime
1088 1813 1315 1853 accurateque

276 1864 495 1915 explorando
511 1892 521 1910 ,
552 1870 670 1898 totum
686 1859 770 1897 illud
788 1859 886 1910 quod
902 1861 937 1895 in
955 1860 1173 1894 Graecorum
1189 1869 1316 1894 monu-

278 1922 406 1960 mentis
425 1916 642 1955 insumebant
657 1927 786 1965 operae
800 1941 810 1956 ‚
847 1913 889 1951 ad
905 1915 1100 1949 Romanam
1118 1910 1316 1949 facundiam

281 1973 578 2023 redintegrandam
594 2001 605 2018 ,
643 1980 746 2021 atque
773 1969 816 2006 ad
844 1967 964 2006 alteras
991 1966 1103 2004 literas
1137 1965 1316 2016 expolien-

280 2031 342 2069 das
356 2059 367 2077 ,
395 2029 534 2067 tandem
548 2039 621 2064 non
636 2024 802 2063 inutiliter
821 2021 1138 2061 aniniaduertebant
1154 2019 1315 2058 conferri.

281 2085 392 2134 Qiod
410 2084 453 2121 ad
469 2083 676 2121 hodiernam
690 2079 888 2117 industriam
907 2077 1107 2128 horumque
1121 2076 1315 2113 studiorum

278 2140 481 2180 felicitatem
504 2139 650 2182 attinet,
679 2134 852 2173 malumus
880 2133 1023 2171 honeste
1051 2143 1183 2178 tacere,
1210 2143 1315 2182 quam

281 2209 364 2234 cum
390 2194 581 2244 suspicione
605 2191 742 2228 laudare
762 2220 773 2237 ,
809 2198 844 2226 et
880 2190 1076 2226 orationem
1100 2187 1250 2224 nostram
1272 2184 1314 2222 ab

284 2252 384 2288 omni
397 2247 579 2287 acerbitate
593 2245 704 2284 abesse
719 2272 730 2290 ‚
765 2257 845 2283 cum
860 2242 1042 2294 gratulatio
1065 2240 1107 2279 ab
1128 2239 1316 2292 exprobra-

283 2307 382 2349 tione
403 2302 512 2341 abeffe
532 2315 605 2340 non
627 2301 752 2352 potest.

364 2381 466 2420 Tulit
488 2390 605 2419 autem
627 2393 666 2418 ea
683 2389 773 2418 aetas
785 2388 919 2429 praeter
934 2370 1192 2417 Grammaticos
1214 2384 1249 2413 et
1264 2377 1317 2412 In-

285 2446 452 2487 terpretes
470 2449 560 2488 quos
575 2436 790 2474 laudauimus
807 2464 818 2482 ,
845 2447 977 2486 eosque
999 2446 1088 2485 quos
1103 2432 1239 2470 laudare
1253 2433 1318 2468 erit

286 2494 459 2531 infinitum
474 2519 484 2538 ‚
518 2500 595 2528 tum
607 2491 742 2528 nostrae
757 2492 859 2527 etiam
874 2489 1068 2538 disciplinae
1085 2486 1319 2538 praestantissi-

286 2560 367 2587 mos
393 2549 487 2584 viros
508 2547 650 2583 Latinae
669 2544 856 2594 elegantiae
881 2544 1093 2582 excolendae
1123 2552 1158 2581 et
1182 2542 1319 2580 conser-

285 2602 417 2641 vandae
433 2611 540 2639 natos.
604 2603 716 2648 Aegre
733 2602 769 2636 in
785 2601 997 2645 Lexicorum
1013 2597 1146 2636 classem
1163 2596 1319 2635 reuocari

288 2663 448 2708 poterant
466 2668 554 2707 quae
576 2653 701 2704 scripsit
716 2655 818 2691 Laur.
844 2653 942 2690 Valla
966 2654 1010 2691 de
1028 2656 1161 2703 Lingua
1180 2654 1318 2697 Latina,

289 2711 344 2750 vel
369 2724 456 2763 quae
471 2711 523 2752 ,de
541 2707 713 2747 Particulis
729 2711 881 2757 Linguae
898 2710 1038 2744 Latinae
1053 2737 1063 2753 ,
1099 2710 1252 2757 itemque
1275 2704 1319 2741 de

288 2767 411 2805 Modis
427 2767 547 2803 Latine
562 2763 729 2815 loquendi
748 2763 946 2811 composuit
963 2759 1135 2799 Adrianus
1148 2757 1322 2806 Castellen-

278 2820 330 2871 fis
346 2819 469 2867 Italus,
498 2817 686 2856 Cardinalis
701 2821 751 2855 tit.
769 2821 799 2855 S.
817 2815 1019 2871 Chryssgoni
1034 2814 1073 2868 α)
1085 2845 1094 2853 .
1147 2817 1322 2851 Viciniora

290 2888 350 2923 ea,
365 2887 453 2927 quae
472 2872 652 2913 Tortellius
667 2872 805 2925 aliique.
868 2874 922 2910 De
947 2871 1071 2924 quibus
1088 2872 1250 2922 proxime
1271 2869 1322 2906 di-

289 2931 451 2970 cendum.
1221 2940 1223 2942 ·

662 3004 728 3044 Ioh.
756 3007 792 3044 Τ
787 3004 948 3044 ortellius.

372 3089 632 3115 renarrans
649 3088 846 3113 Tonrtr.
863 3087 976 3112 rivs
996 3068 1226 3121 Aretinusb),
1251 3072 1322 3109 Ro-

291 3143 412 3172 manae
435 3130 599 3169 Ecclefiae
627 3130 864 3169 Subdiaconus
895 3128 957 3166 sub
986 3129 1151 3166 Pontifice
1175 3129 1322 3183 Eugenio

291 3189 309 3226 1
323 3188 375 3235 V,
403 3185 529 3224 deinde
554 3183 696 3223 Nicolao
716 3187 753 3222 V.
789 3196 808 3222 a
831 3183 1007 3223 Cubiculo
1025 3213 1035 3231 ,
1063 3181 1221 3221 Consiliis
1241 3212 1251 3229 ,
1287 3191 1322 3218 et

291 3240 518 3280 Bibliotheca.
572 3242 649 3277 Fuit
664 3239 719 3278 ille
736 3240 915 3278 Laurentii
934 3237 1052 3275 Vallae
1075 3237 1295 3275 amiciffimus
1309 3264 1320 3282 ‚

292 3297 548 3335 Grammaticae
567 3296 785 3346 puriorisque
801 3295 991 3332 Latinitatis
1015 3291 1171 3329 laudibus
1195 3294 1238 3337 ita
1262 3303 1319 3328 cu-

292 3350 442 3391 mulatus
456 3379 468 3398 ,
494 3358 532 3388 vt
551 3348 650 3388 Valla
666 3348 893 3389 exadiiffimus
911 3358 946 3386 et
963 3347 1033 3396 ipse
1049 3347 1320 3393 Grammaticus,

1373 223 1463 277 quasi
1489 222 1626 263 summo
1649 227 1762 264 iudice
1785 235 1819 264 et
1843 226 1986 264 censore
2009 225 2126 263 vsurus
2144 256 2156 274 ,
2190 228 2297 267 libros
2320 230 2400 267 suos

1374 281 1624 330 Elegantiarum
1650 284 1803 330 Linguae
1833 283 1974 318 Latinae
2002 280 2160 318 Tortellio
2192 283 2398 322 inscriberet.

1380 338 1444 373 Vir
1469 333 1522 371 ille
1545 345 1607 369 non
1633 333 1778 373 indoc‘lus
1793 366 1804 384 ,
1833 346 1870 373 vt
1897 336 2066 373 clarissimi
2081 338 2153 373 Viri
2174 337 2285 375 verbiS
2307 350 2399 386 vtar,

1373 402 1438 444 pro
1455 387 1585 427 viribus
1601 401 1670 430 cum
1685 388 1846 429 barbarie
1861 404 1977 428 manus
1994 392 2157 440 conseruit
2174 421 2184 438 ,
2210 404 2344 446 remque
2360 393 2400 430 li-

1373 448 1552 491 terariam,
1562 456 1632 480 cum
1646 455 1713 496 qua
1729 444 1815 483 male
1830 444 2009 500 agebatur,
2016 456 2214 498 promouere
2222 447 2344 484 Lexico
2360 461 2398 485 ac

1375 500 1456 538 aliis
1467 497 1714 551 scriptionibus
1735 511 1873 538 conatus
1895 499 1946 546 est.
2017 499 2151 550 Scripsit
2173 510 2306 550 praeter
2327 515 2401 540 cae-

1373 566 1444 593 tera
1463 586 1473 603 ,
1500 553 1844 592 Commentariorum
1870 557 2189 594 Grammaticorum
2212 569 2320 606 opus,
2336 557 2403 594 siue

1378 609 1633 648 Dic‘iionarium
1660 621 1788 646 vocum
1802 612 2000 648 Latinarum
2018 640 2029 656 ‚
2063 613 2100 648 in
2123 624 2195 662 quo
2210 612 2403 661 Orthogra-

1378 666 1479 715 phiae
1508 667 1594 702 ratio
1630 664 1842 712 potiffimum
1868 664 2045 714 spce'tatur.
2116 666 2246 703 Prodiit
2268 666 2401 704 Tarnis]

1380 733 1480 769 ¹477·
1510 721 1643 756 Vicent.
1663 719 1765 767 1480.
1793 720 1910 756 Venet.
1927 732 2024 770 1493.
2052 719 2133 757 ibid.
2149 732 2246 769 1495.
2273 732 2308 758 et
2330 735 2402 758 rur-

1376 775 1430 811 sus
1453 773 1535 810 ibid.
1562 785 1660 820 1504-
1698 775 1827 811 Vicent.
1854 780 1950 820 1508.
2019 777 2074 812 De
2098 789 2142 813 eo
2167 778 2210 812 ita
2226 777 2294 812 Iac.
2312 774 2400 813 Phil.

1376 827 1602 881 Bergomenfis
1617 829 1658 864 ad
1676 828 1772 866 Ann.
1797 841 1893 877 1439.
1947 833 2128 875 „Ioannes
2143 829 2322 868 Tortelius
2345 843 2403 868 na-

1375 912 1397 931 „
1413 886 1509 920 tione
1526 884 1709 930 Aretinus,
1732 885 1880 921 Romani
1904 885 2076 922 Pontificis
2104 885 2342 923 Subdiaconus
2368 895 2403 923 et

1377 967 1399 985 ,‚
1417 937 1657 976 Cubicularius
1672 967 1682 985 ,
1711 951 1749 975 ac
1766 937 1901 975 Nicolai
1918 939 2103 986 postmodo
2118 941 2292 978 Pontificis
2307 940 2403 978 Con-

1376 1022 1398 1040 „
1414 992 1599 1029 tubernalis
1630 1003 1665 1029 et
1687 994 1887 1030 Studiorum
1914 993 2054 1030 suorum
2083 996 2223 1033 intimus
2257 1007 2403 1040 comes3

1374 1077 1398 1095 „
1415 1049 1756 1098 GraecisLatinisque
1766 1047 1868 1084 literis
1877 1060 1914 1084 ac
1924 1048 2130 1098 theologicis
2139 1063 2207 1088 non
2219 1052 2405 1089 mediocri-

1377 1131 1400 1151 „
1419 1113 1472 1140 ter
1486 1100 1623 1148 dostus,
1640 1102 1704 1139 hac
1721 1101 1788 1151 ipsa
1810 1103 2006 1152 tempestate
2021 1105 2139 1141 floruit
2156 1118 2164 1141 :
2197 1104 2406 1154 singulariffi-
2438 1143 2441 1150 β

1378 1187 1401 1206 „
1420 1169 1497 1195 mae
1514 1156 1733 1194 humanitatis
1748 1165 1782 1194 et
1798 1160 1970 1206 grauitatis
1987 1171 2025 1195 ac
2042 1162 2250 1196 reuerentiae
2267 1164 2327 1207 vir,
2346 1161 2406 1211 qui

1376 1242 1399 1261 „
1416 1215 1505 1249 inter
1519 1223 1649 1249 caetera
1664 1212 1857 1249 studiorum
1867 1213 2007 1250 suorum
2024 1224 2251 1251 monumenta
2271 1215 2313 1252 de
2329 1215 2407 1252 scri-
2444 1206 2447 1209 ’

1377 1297 1399 1316 ,,
1419 1266 1523 1305 bendi
1538 1270 1670 1304 ratione
1687 1279 1777 1316 opus
1793 1267 2004 1316 praeclarum
2019 1269 2148 1316 edidit,
2182 1272 2216 1305 in
2233 1268 2407 1307 dialed‘tica

1378 1326 1521 1372 „etiam
1545 1324 1816 1361 commentarios
1839 1321 2063 1371 composuit,
2092 1322 2333 1375 Athanafiique
2356 1327 2406 1361 vi·

1377 1407 1400 1425 „
1414 1388 1484 1415 tam
1506 1378 1548 1415 ad
1571 1379 1766 1427 Eugenium
1790 1379 1913 1427 Papam
1935 1379 1970 1414 in
1991 1380 2154 1416 Latinum
2185 1379 2349 1416 transtulit
2371 1388 2408 1417 et

1379 1463 1403 1481 „
1418 1434 1619 1482 Appianum
1629 1432 1832 1470 historicum
1849 1431 2045 1470 adverbum
2061 1435 2297 1484 interpretatus
2313 1434 2406 1482 est„.
2428 1463 2437 1470 .

1377 1487 1606 1538 Epistolarum
1627 1500 1769 1539 quoque
1793 1487 1919 1525 librum
1944 1488 2052 1525 edidit
2086 1498 2121 1526 et
2131 1487 2202 1539 ,alia
2227 1488 2321 1538 plura
2337 1519 2347 1536 ‚
2381 1488 2406 1528 fi

1377 1541 1464 1580 fides
1480 1544 1528 1579 Ge
1543 1555 1638 1590 nero,
1653 1555 1760 1594 quem
1781 1542 1921 1581 consule
1938 1552 2039 1594 atque
2062 1545 2146 1580 item
2166 1542 2407 1592 Tridentium,

1378 1598 1583 1645 Pffuinum
1601 1626 1612 1645 ,
1646 1595 1782 1642 Vollium
1807 1597 1849 1635 de
1866 1597 2046 1635 Historicis
2070 1600 2203 1636 Latinis
2219 1629 2229 1647 ,
2262 1601 2359 1636 Corn.
2383 1611 2407 1637 a

1378 1650 1544 1707 Beughem
1573 1653 1617 1690 de
1642 1651 1860 1690 incunabulis
1886 1653 2157 1703 Typographiae
2172 1683 2183 1700 ,
2215 1654 2253 1691 P.
2279 1655 2406 1692 Iouium

1377 1709 1414 1744 in
1436 1709 1564 1756 Elogiis
1579 1736 1590 1755 ,
1628 1706 1888 1746 Volaterranum
1904 1736 1915 1755 ,
1952 1708 2050 1746 Hier.
2078 1709 2238 1762 Magium
2262 1709 2406 1748 Miscell.

1378 1760 1437 1800 lib.
1451 1775 1472 1802 2
1492 1775 1564 1812 cap.
1583 1774 1636 1811 ¹4·
1666 1761 1818 1801 Baelium
1851 1764 1888 1800 in
1904 1764 2038 1800 Lexico
2055 1762 2188 1801 Critico
2203 1792 2215 1812 ,
2241 1763 2405 1817 aliosque,

1739 1849 1902 1886 Iunianus
1923 1850 2051 1888 Maius.

1463 1929 1485 1952 A
1512 1928 1746 1955 Iol—{ANNE
1774 1930 2069 1956 Ton'rELtm
2091 1947 2103 1966 ,
2143 1917 2192 1957 ob
2230 1919 2405 1959 literarum

1379 1969 1635 2009 similitudinem
1651 1978 1687 2007 et
1703 1972 1822 2007 aetatis
1839 1971 2128 2011 coniunffionem
2143 2003 2155 2021 ,
2187 1987 2404 2014 tvnxANvu

1382 2038 1409 2062 M
1424 2040 1444 2062 A
1460 2039 1473 2061 1
1488 2038 1512 2061 v
1525 2038 1553 2061 M
1579 2026 1717 2062 natione
1733 2023 1854 2062 Italum
1873 2048 1886 2071 ‚-
1909 2026 2014 2073 patria
2029 2027 2312 2076 Neapolitanum,
2331 2042 2406 2067 non

1381 2079 1623 2125 distrahemus,
1636 2091 1725 2131 quos
1739 2091 1851 2130 neque
1867 2079 2018 2116 distraxit
2033 2076 2225 2118 Sabellicus.
2279 2110 2302 2128 „
2318 2081 2405 2119 Sub-

1379 2165 1402 2184 „
1419 2137 1511 2173 iiciet
1531 2134 1586 2172 his
1606 2133 1725 2186 aliquis
1748 2134 1841 2172 haud
1860 2135 2036 2172 immerito
2057 2133 2246 2173 Iohannem
2261 2135 2404 2174 Tortel-

1379 2220 1402 2239 „
1418 2190 1504 2228 lium
1513 2187 1704 2237 Aretinum,
1713 2197 1748 2227 et
1757 2191 1936 2226 Iunianum
1949 2190 2083 2226 Maium
2100 2189 2407 2241 Parthenopaeum.

1379 2276 1402 2295 „
1419 2249 1586 2283 querunt
1600 2243 1648 2283 illi
1662 2244 1822 2283 industria
1838 2253 1979 2296 vterque
1991 2243 2058 2290 sua,
2073 2256 2138 2281 nec
2153 2244 2304 2283 multum
2319 2248 2408 2283 inter

1381 2331 1404 2350 „
1420 2301 1452 2338 se
1475 2299 1625 2347 diuersa,
1648 2297 1836 2338 verborum
1851 2301 2027 2350 Vtriusque
2046 2297 2181 2348 linguae
2204 2302 2341 2349 copiam
2365 2328 2406 2348 „.

1381 2353 1560 2395 Sabellicus
1582 2354 1624 2392 de
1638 2358 1678 2393 L.
1695 2357 1736 2392 L.
1764 2352 2023 2405 reparatoribus.
2084 2353 2218 2403 Scripsit
2244 2367 2270 2392 M
2287 2369 2308 2392 A
2322 2369 2334 2392 1
2348 2369 2372 2392 v
2387 2368 2404 2392 s

1382 2420 1514 2463 praeter
1530 2409 1756 2460 Epistolarum
1770 2409 1812 2446 ad
1828 2408 1980 2446 diuersos
1993 2406 2120 2446 librum
2136 2419 2162 2447 1.
2190 2419 2225 2447 et
2241 2409 2407 2448 nonnulla

1383 2467 1444 2505 alia
1465 2464 1498 2515 α)
1517 2495 1527 2513 ,
1560 2464 1683 2502 librum
1699 2463 1744 2500 de
1757 2461 1949 2514 priscorum
1965 2465 2173 2513 proprietate
2185 2459 2378 2503 'verborum
2394 2494 2406 2512 ,

1382 2521 1451 2561 siue
1466 2519 1734 2563 Didiionarium‚
1755 2518 1851 2569 quod
1880 2519 2010 2568 prodiit
2030 2520 2136 2567 Neap.
2156 2530 2253 2568 1475.
2286 2518 2348 2560 fol.
2372 2528 2408 2557 et

1382 2589 1470 2614 mox
1485 2575 1618 2612 Taruis.
1641 2584 1739 2622 ¹477-
1767 2571 1829 2613 fol.
1854 2575 2050 2624 iterumque
2073 2572 2155 2610 ibid.
2179 2578 2409 2623 1480‚‚recu-

1383 2630 1460 2668 sum
1481 2627 1775 2678 deinde‘Neapoli
1800 2639 1903 2677 1490.
1973 2627 2034 2664 Ad
2057 2627 2130 2665 hoc
2150 2630 2308 2666 Lexicon
2331 2628 2409 2666 sunt

1385 2687 1445 2737 qui
1486 2684 1685 2722 arbitrantur
1727 2683 1876 2733 digitum
1918 2681 2096 2720 intendisse
2140 2681 2406 2722 Volaterranum.

1386 2769 1408 2789 „
1423 2738 1620 2778 Chalcidius
1634 2740 1771 2778 Graeco
1815 2735 1852 2789 m
1869 2750 1941 2775 non
1956 2746 2026 2775 erat
2041 2738 2177 2786 ignarus
2191 2751 2256 2775 nec
2270 2730 2410 2788 imperi-

1385 2825 1409 2844 „
1423 2805 1478 2832 tus
1494 2795 1747 2832 Grammaticus
1764 2793 1780 2839 ζ
1802 2790 1959 2830 ‘attamen
1973 2790 2083 2829 infans
2098 2800 2132 2830 et
2151 2791 2278 2845 absque
2292 2796 2410 2842 genio,

1386 2879 1409 2898 „
1424 2848 1646 2887 Did'tionibus
1663 2850 1699 2886 in
1714 2849 1834 2898 primis
1847 2845 2045 2896 inuigilabat
2058 2875 2069 2893 ‚
2095 2846 2304 2900 lexiconque
2325 2861 2410 2886 con·
2439 2882 2442 2886 .

1386 2934 1409 2954 ,‚
1425 2904 1566 2952 diderat,
1579 2902 1675 2956 quod
1687 2901 1788 2942 obitu
1803 2901 1903 2952 ipsius
1917 2903 2188 2952 superueniente,
2203 2905 2411 2952 louinianus,

1386 2989 1409 3009 „
1423 2962 1496 2998 eius
1511 2958 1712 3010 discipulus,
1741 2956 1800 2995 sibi
1820 2957 2006 2994 vindicauit
2029 2985 2078 3004 „.·
2134 2959 2172 2994 In
2198 2956 2410 3007 praefatione

1386 3013 1553 3053 Audieris
1569 3016 1611 3051 ad
1620 3013 1801 3052 Henricum
1817 3009 1855 3049 de
1863 3010 2066 3065 Languordo
2080 3010 2232 3060 Siculum
2248 3041 2259 3059 ‚
2282 3011 2410 3061 Archi-3

1385 3072 1588 3120 episcopum
1604 3068 1883 3107 Acheruntinum
1905 3077 1939 3104 et
1954 3069 2170 3104 Materanum
2187 3096 2198 3114 ,
2225 3064 2411 3115 Ferdinan„

1386 3123 1424 3162 do
1449 3127 1533 3173 Regi
1558 3122 1786 3173 Neapolitano
1810 3135 1829 3160 a
1853 3121 1952 3159 sacris
1980 3119 2252 3160 confessionibus
2273 3151 2284 3169 ‚
2322 3120 2413 3164 haec.

1385 3192 1472 3231 quae
1487 3177 1695 3216 subiecimus
1714 3177 1878 3227 legantur.
1939 3206 1962 3225 „
1977 3177 2095 3213 Visum
2111 3177 2180 3224 est,
2204 3188 2291 3227 quae
2306 3176 2409 3224 prisci

1385 3242 1647 3284 „recentesque
1668 3233 1895 3270 Grammatici
1923 3232 1967 3269 de
1997 3233 2031 3268 vi
2059 3229 2309 3279 vocabulorum
2337 3239 2411 3279 tang

1385 3317 1408 3338 „
1425 3301 1532 3340 quam,
1545 3301 1607 3339 per
1622 3286 1749 3325 diuulsa
1762 3285 1916 3324 membra
1936 3284 2184 3335 conscripsere,
2215 3297 2258 3322 ne
2274 3286 2410 3334 incom7

1383 3371 1406 3391 ,‚
1421 3342 1550 3393 positos
1573 3353 1607 3380 et
1626 3341 1721 3380 velut
1744 3344 1906 3392 congerie
1928 3338 2280 3395 quadani-‘congestos
2299 3341 2410 3389 iacere

2019 3406 2032 3416 '⁶
2334 3424 2357 3443 ’2
2370 3407 2411 3433 30

335 3504 365 3533 a)
383 3498 452 3528 Vide
465 3497 499 3528 cle
513 3507 548 3527 eo
562 3497 681 3527 Pieriam
699 3493 870 3528 Valerianum
883 3495 1073 3526 dell-iterator.
1088 3491 1263 3528 infelicitate,
1286 3491 1435 3521 ciaconium
1448 3490 1481 3520 de
1494 3492 1561 3520 Vitis
1576 3491 1733 3521 Pontificum
1745 3514 1754 3528 ,
1771 3499 1798 3522 et
1811 3490 1989 3522 additamenta
2005 3485 2122 3516 Oldoini.
2137 3483 2267 3522 Polyda-,⁴
2280 3487 2349 3523 Virg.
2363 3489 2412 3516 Hi-

376 3540 439 3567 ster.
455 3537 558 3576 Anglic.
571 3537 770 3579 Episcopatibus
785 3535 983 3566 Herefordienfi
995 3537 1023 3564 in
1036 3534 1132 3572 anglia
1144 3556 1154 3569 ,
1173 3533 1270 3562 deinde
1287 3526 1576 3562 Bathonio-Wellensi
1594 3527 1628 3561 ab
1641 3534 1753 3561 chrico
1774 3534 1916 3570 VHp-,stffl
1933 3529 2056 3557 donatus.
2097 3529 2182 3556 Huius
2203 3529 2232 3555 in
2251 3528 2337 3556 hortis
2353 3529 2409 3556 no-

376 3588 436 3607 mae
452 3579 560 3619 peracta
575 3585 632 3608 erat
646 3577 832 3606 titanos-ffima
846 3577 1004 3613 Tragoedia
1012 3573 1171 3604 Alexandr?
1182 3575 1252 3603 Sexti
1268 3576 1293 3602 P.
1301 3575 1339 3602 M.
1359 3582 1392 3601 ex
1405 3572 1498 3600 hausto
1512 3582 1634 3607 veneno,
1647 3574 1720 3612 quod
1735 3573 1832 3610 Cngsqn
1840 3573 1900 3601 Dux
1915 3568 2074 3597 Valentinus
2087 3570 2171 3607 Papae
2186 3567 2256 3596 filius
2271 3567 2409 3596 cardinali

327 3637 330 3642 Δ
375 3619 467 3646 nostro
478 3617 591 3657 aliisque
604 3619 756 3657 Pur-puratis
771 3617 956 3647 destinauerat.

1015 3616 1047 3652 b)
1070 3616 1189 3644 aretium
1210 3613 1308 3651 (vulgo
1323 3613 1435 3647 Arma)
1457 3611 1572 3642 Tusciae
1590 3615 1730 3653 oppidum,
1744 3613 1790 3642 sub
1803 3612 1868 3641 haec
1881 3618 2004 3648 tempora
2015 3606 2105 3636 multis
2124 3601 2321 3647 praeclarisque
2334 3609 2409 3643 inge-

315 3670 317 3675 .
375 3658 427 3685 niis
441 3659 633 3691 ortum-dedit.·
656 3659 722 3689 *Fuit
736 3665 844 3697 praeter
860 3659 978 3687 nostrum
988 3651 1144 3686 [ewrardus
1158 3657 1322 3690 Graetorum
1338 3653 1469 3682 librorum
1481 3654 1628 3694 interpres,
1640 3655 1672 3683 de
1685 3663 1740 3694 quo
1752 3653 1874 3693 proxime
1886 3651 1969 3679 verba
1981 3648 2102 3677 feci-nun.
2140 3643 2312 3684 Franlil'cm,
2325 3657 2408 3686 quem

374 3696 502 3725 ictorum
515 3697 555 3726 sui
567 3699 696 3739 temporis
708 3699 857 3738 Principem
870 3697 973 3727 solebat
993 3693 1129 3738 appellare
1140 3696 1268 3726 lctorum
1283 3704 1339 3723 non
1352 3701 1484 3723 extremus
1499 3694 1553 3730 1¹(s0
1567 3695 1680 3724 Maium.
1723 3686 1832 3730 ’ῑ-’ᾳψίιιῐ
1845 3692 1902 3731 post
1917 3687 2086 3721 Leonaerdum
2098 3686 2286 3716 1¹l¹¹striffinme
2299 3686 2410 3716 Floren-

375 3737 449 3764 tinae
467 3737 541 3776 Reip.
555 3738 734 3768 cancellarius
747 3759 757 3774 ,
777 3739 885 3767 Graecis
900 3739 1051 3778 Latinisque
1067 3737 1149 3766 literis
1164 3734 1362 3764 celeberrimum
1407 3735 1500 3763 Petrm
1515 3736 1592 3762 Poeta
1608 3736 1737 3771 satyricus
1757 3740 1784 3761 et
1797 3731 1942 3760 admodum
1955 3727 2074 3758 lasciuus.
2117 3725 2274 3756 aenedittus
2288 3727 2409 3756 Accoltur

374 3778 509 3809 metimus,
524 3777 651 3807 Francisci
665 3780 774 3813 Frater,
793 3779 862 3806 luris
876 3779 940 3806 item
954 3779 1069 3808 Romani
1081 3776 1272 3813 literarumque
1286 3776 1474 3804 humaniorum
1487 3776 1641 3811 cognitione
1655 3773 1775 3806 celebris.
1814 3774 1852 3801 Hi
1863 3770 1986 3811 plerique
1997 3768 2054 3797 fere
2068 3777 2171 3800 omnes,
2184 3777 2244 3795 cum
2257 3777 2407 3804 cognomen

375 3825 408 3844 ex
422 3817 506 3854 patria
518 3819 606 3856 potiu-
623 3829 702 3856 quain
716 3828 813 3855 genere
829 3819 875 3846 fibi
889 3817 1028 3848 affinnsere
1041 3841 1049 3854 ,
1068 3817 1174 3847 summis
1189 3817 1252 3845 viris
1267 3817 1445 3844 maximorum
1458 3824 1582 3843 errorum
1599 3811 1807 3844 ansam'dedere.

1867 3816 1893 3846 ε)
1913 3809 1991 3838 Plinii
2005 3806 2130 3846 Epistolas
2139 3829 2147 3842 ,
2166 3816 2236 3845 quae
2249 3804 2318 3846 typi}
2327 3807 2408 3848 βίαι-

367 3855 444 3887 thiae
463 3856 569 3884 Moram·
579 3859 738 3895 prodierunt
753 3856 873 3897 Neapoli
889 3861 956 3894 ¹475
969 3879 978 3894 ,
1004 3859 1164 3895 recognouit
1179 3858 1309 3885 Iuniatms
1324 3857 1409 3884 Maius
1421 3876 1430 3890 ‚
1454 3862 1482 3884 vt
1496 3854 1582 3894 liquet
1595 3851 1630 3883 ex'
1640 3851 1804 3893 colophon<-
1844 3869 1863 3887 υ
1875 3846 2294 3887 Millefimo.quadringen‘effino
2305 3846 2406 3892 ‘’⁶2³⁰'’

370 3917 388 3931 „
402 3896 499 3932 gesimo
512 3895 600 3931 sexto,
613 3897 700 3925 mense
715 3897 785 3928 Iulii.
825 3897 955 3936 impr-enit
975 3896 1107 3927 Marmas
1121 3899 1261 3934 Mor-auus,
1274 3899 1317 3927 vir
1330 3894 1456 3934 singulari
1474 3897 1583 3934 ingenio
1597 3901 1624 3925 et
1637 3901 1705 3936 prte-
1723 3903 1728 3910 ·
1752 3892 1920 3929 Recognouit
1934 3890 2062 3922 hminum·
2075 3888 2169 3919 Maius
2179 3887 2409 3925 Pss‘lhtwpifflfls

373 3957 392 3970 „
406 3937 500 3965 rhetor
511 3934 634 3974 publicus
644 3957 655 3972 ,
674 3936 775 3966 summa
788 3948 852 3967 cura
866 3938 1019 3977 summaque
1038 3937 1186 3976 diligentia.
1206 3958 1225 3974 „

2335 3927 2368 3942 ι’
