<?xml version="1.0" encoding="UTF-8"?>
<!DOCTYPE html PUBLIC "-//W3C//DTD XHTML 1.0 Transitional//EN"
    "http://www.w3.org/TR/xhtml1/DTD/xhtml1-transitional.dtd">
<html xmlns="http://www.w3.org/1999/xhtml" xml:lang="en" lang="en">
 <head>
  <title>
</title>
<meta http-equiv="Content-Type" content="text/html;charset=utf-8" />
  <meta name='ocr-system' content='tesseract 3.04.00' />
  <meta name='ocr-capabilities' content='ocr_page ocr_carea ocr_par ocr_line ocrx_word'/>
</head>
<body>
  <div class='ocr_page' id='page_1' title='image "./novuslinguaeeter01gesn_0133.png"; bbox 0 0 2474 4182; ppageno 0'>
   <div class='ocr_carea' id='block_1_1' title="bbox 31 136 2158 196">
    <p class='ocr_par' dir='ltr' id='par_1_1' title="bbox 31 136 2158 196">
     <span class='ocr_line' id='line_1_1' title="bbox 31 136 2158 196; baseline -0.009 -5"><span class='ocrx_word' id='word_1_1' title='bbox 31 152 85 191; x_wconf 71' lang='lat'>161</span> <span class='ocrx_word' id='word_1_2' title='bbox 419 144 459 183; x_wconf 87' lang='lat' dir='ltr'>A</span> <span class='ocrx_word' id='word_1_3' title='bbox 511 140 546 182; x_wconf 88' lang='lat' dir='ltr'><strong>E</strong></span> <span class='ocrx_word' id='word_1_4' title='bbox 608 139 672 196; x_wconf 65' lang='lat' dir='ltr'>Q-</span> <span class='ocrx_word' id='word_1_5' title='bbox 1519 140 1555 176; x_wconf 88' lang='lat' dir='ltr'>A</span> <span class='ocrx_word' id='word_1_6' title='bbox 1611 136 1645 176; x_wconf 86' lang='lat' dir='ltr'>E</span> <span class='ocrx_word' id='word_1_7' title='bbox 1685 136 1773 195; x_wconf 64' lang='lat' dir='ltr'>Q</span> <span class='ocrx_word' id='word_1_8' title='bbox 2092 148 2158 185; x_wconf 80' lang='lat'>162</span> 
     </span>
    </p>
   </div>
   <div class='ocr_carea' id='block_1_2' title="bbox 179 220 2159 336">
    <p class='ocr_par' dir='ltr' id='par_1_2' title="bbox 179 220 2159 336">
     <span class='ocr_line' id='line_1_2' title="bbox 179 220 2157 268; baseline -0.004 -7"><span class='ocrx_word' id='word_1_9' title='bbox 179 236 204 262; x_wconf 89' lang='lat' dir='ltr'>Si</span> <span class='ocrx_word' id='word_1_10' title='bbox 223 240 252 260; x_wconf 81' lang='lat' dir='ltr'>tu</span> <span class='ocrx_word' id='word_1_11' title='bbox 272 233 389 268; x_wconf 79' lang='lat' dir='ltr'>aliquam</span> <span class='ocrx_word' id='word_1_12' title='bbox 406 238 507 268; x_wconf 82' lang='lat' dir='ltr'>partem</span> <span class='ocrx_word' id='word_1_13' title='bbox 524 229 601 265; x_wconf 83' lang='lat' dir='ltr'>aequi</span> <span class='ocrx_word' id='word_1_14' title='bbox 620 227 738 262; x_wconf 84' lang='lat' dir='ltr'>bonique</span> <span class='ocrx_word' id='word_1_15' title='bbox 746 226 864 268; x_wconf 19' lang='lat' dir='ltr'>,dixeri-s:</span> <span class='ocrx_word' id='word_1_16' title='bbox 1114 225 1261 267; x_wconf 41' lang='lat' dir='ltr'>quinamque</span> <span class='ocrx_word' id='word_1_17' title='bbox 1272 220 1438 263; x_wconf 59' lang='lat' dir='ltr'>affeffiopem,</span> <span class='ocrx_word' id='word_1_18' title='bbox 1452 234 1568 265; x_wconf 61' lang='lat' dir='ltr'>nusquam</span> <span class='ocrx_word' id='word_1_19' title='bbox 1584 227 1624 252; x_wconf 85' lang='lat' dir='ltr'>vel</span> <span class='ocrx_word' id='word_1_20' title='bbox 1638 227 1784 266; x_wconf 77' lang='lat' dir='ltr'>inclinatam</span> <span class='ocrx_word' id='word_1_21' title='bbox 1792 225 1971 262; x_wconf 63' lang='lat' dir='ltr'>vclfizblatam.</span> <span class='ocrx_word' id='word_1_22' title='bbox 2008 229 2080 257; x_wconf 80' lang='lat' dir='ltr'>Caes.</span> <span class='ocrx_word' id='word_1_23' title='bbox 2095 232 2157 259; x_wconf 72' lang='lat' dir='ltr'>Bell,</span> 
     </span>
     <span class='ocr_line' id='line_1_3' title="bbox 181 260 2159 301; baseline -0.003 -5"><span class='ocrx_word' id='word_1_24' title='bbox 181 273 215 296; x_wconf 88' lang='lat' dir='ltr'>Vt</span> <span class='ocrx_word' id='word_1_25' title='bbox 229 269 264 295; x_wconf 84' lang='lat' dir='ltr'>est</span> <span class='ocrx_word' id='word_1_26' title='bbox 279 269 324 295; x_wconf 85' lang='lat' dir='ltr'>ille</span> <span class='ocrx_word' id='word_1_27' title='bbox 344 269 429 295; x_wconf 83' lang='lat' dir='ltr'>bonus</span> <span class='ocrx_word' id='word_1_28' title='bbox 446 268 504 299; x_wconf 87' lang='lat' dir='ltr'>vir,</span> <span class='ocrx_word' id='word_1_29' title='bbox 524 267 574 293; x_wconf 81' lang='lat' dir='ltr'>tria</span> <span class='ocrx_word' id='word_1_30' title='bbox 587 273 641 291; x_wconf 89' lang='lat' dir='ltr'>non</span> <span class='ocrx_word' id='word_1_31' title='bbox 657 263 855 290; x_wconf 83' lang='lat' dir='ltr'>commutabitis</span> <span class='ocrx_word' id='word_1_32' title='bbox 1114 260 1182 286; x_wconf 67' lang='lat' dir='ltr'>(iall.</span> <span class='ocrx_word' id='word_1_33' title='bbox 1198 262 1223 291; x_wconf 92' lang='lat'>6,</span> <span class='ocrx_word' id='word_1_34' title='bbox 1238 268 1272 285; x_wconf 85' lang='lat'>22</span> <span class='ocrx_word' id='word_1_35' title='bbox 1290 260 1324 285; x_wconf 94' lang='lat' dir='ltr'>Vt</span> <span class='ocrx_word' id='word_1_36' title='bbox 1339 267 1571 301; x_wconf 61' lang='lat' dir='ltr'>animraequitate</span> <span class='ocrx_word' id='word_1_37' title='bbox 1584 261 1687 295; x_wconf 83' lang='lat' dir='ltr'><strong>plebem</strong></span> <span class='ocrx_word' id='word_1_38' title='bbox 1703 267 1870 293; x_wconf 77' lang='lat' dir='ltr'>commeant,</span> <span class='ocrx_word' id='word_1_39' title='bbox 1889 272 1947 288; x_wconf 87' lang='lat' dir='ltr'>cum</span> <span class='ocrx_word' id='word_1_40' title='bbox 1967 264 2024 290; x_wconf 87' lang='lat' dir='ltr'>suas</span> <span class='ocrx_word' id='word_1_41' title='bbox 2045 266 2159 301; x_wconf 80' lang='lat' dir='ltr'>quisque</span> 
     </span>
     <span class='ocr_line' id='line_1_4' title="bbox 180 294 2158 336; baseline -0.004 -4"><span class='ocrx_word' id='word_1_42' title='bbox 180 305 267 333; x_wconf 83' lang='lat' dir='ltr'>Verba</span> <span class='ocrx_word' id='word_1_43' title='bbox 287 305 366 331; x_wconf 81' lang='lat' dir='ltr'>hodie</span> <span class='ocrx_word' id='word_1_44' title='bbox 386 306 455 331; x_wconf 84' lang='lat' dir='ltr'>inter</span> <span class='ocrx_word' id='word_1_45' title='bbox 471 311 527 329; x_wconf 69' lang='lat' dir='ltr'>vos.</span> <span class='ocrx_word' id='word_1_46' title='bbox 722 299 779 326; x_wconf 89' lang='lat' dir='ltr'>Cic.</span> <span class='ocrx_word' id='word_1_47' title='bbox 794 299 826 325; x_wconf 90' lang='lat' dir='ltr'>de</span> <span class='ocrx_word' id='word_1_48' title='bbox 839 298 908 325; x_wconf 83' lang='lat' dir='ltr'>Clar.</span> <span class='ocrx_word' id='word_1_49' title='bbox 924 297 998 324; x_wconf 81' lang='lat' dir='ltr'>Orat.</span> <span class='ocrx_word' id='word_1_50' title='bbox 1016 302 1058 327; x_wconf 83' lang='lat'>143</span> <span class='ocrx_word' id='word_1_51' title='bbox 1114 304 1177 330; x_wconf 89' lang='lat' dir='ltr'>opes</span> <span class='ocrx_word' id='word_1_52' title='bbox 1190 304 1251 321; x_wconf 89' lang='lat' dir='ltr'>cum</span> <span class='ocrx_word' id='word_1_53' title='bbox 1265 294 1446 334; x_wconf 78' lang='lat' dir='ltr'>potentilliinis</span> <span class='ocrx_word' id='word_1_54' title='bbox 1466 304 1574 330; x_wconf 78' lang='lat' dir='ltr'>aequari</span> <span class='ocrx_word' id='word_1_55' title='bbox 1589 297 1686 324; x_wconf 86' lang='lat' dir='ltr'>videat.</span> <span class='ocrx_word' id='word_1_56' title='bbox 1724 299 1792 324; x_wconf 88' lang='lat' dir='ltr'>Bene</span> <span class='ocrx_word' id='word_1_57' title='bbox 1806 298 1933 331; x_wconf 79' lang='lat' dir='ltr'>Pittacus,</span> <span class='ocrx_word' id='word_1_58' title='bbox 1955 299 2031 326; x_wconf 91' lang='lat' dir='ltr'>Nolo</span> <span class='ocrx_word' id='word_1_59' title='bbox 2045 303 2158 336; x_wconf 66' lang='lat' dir='ltr'>ampliu.</span> 
     </span>
    </p>
   </div>
   <div class='ocr_carea' id='block_1_3' title="bbox 14 334 2179 3957">
    <p class='ocr_par' dir='ltr' id='par_1_3' title="bbox 14 334 2179 3957">
     <span class='ocr_line' id='line_1_5' title="bbox 24 334 2157 373; baseline 0 -11"><span class='ocrx_word' id='word_1_60' title='bbox 24 345 95 371; x_wconf 66' lang='lat' dir='ltr'>,Cum</span> <span class='ocrx_word' id='word_1_61' title='bbox 111 341 143 368; x_wconf 68' lang='lat' dir='ltr'>de</span> <span class='ocrx_word' id='word_1_62' title='bbox 172 342 231 368; x_wconf 71' lang='lat' dir='ltr'>inre</span> <span class='ocrx_word' id='word_1_63' title='bbox 253 341 346 373; x_wconf 64' lang='lat' dir='ltr'>ciuili,</span> <span class='ocrx_word' id='word_1_64' title='bbox 366 349 424 367; x_wconf 82' lang='lat' dir='ltr'>cum</span> <span class='ocrx_word' id='word_1_65' title='bbox 446 339 478 365; x_wconf 87' lang='lat' dir='ltr'>de</span> <span class='ocrx_word' id='word_1_66' title='bbox 499 344 585 371; x_wconf 86' lang='lat' dir='ltr'>aequo</span> <span class='ocrx_word' id='word_1_67' title='bbox 606 340 632 361; x_wconf 87' lang='lat' dir='ltr'>et</span> <span class='ocrx_word' id='word_1_68' title='bbox 647 334 720 361; x_wconf 90' lang='lat' dir='ltr'>bono</span> <span class='ocrx_word' id='word_1_69' title='bbox 734 335 918 370; x_wconf 85' lang='lat' dir='ltr'>disputaretur.</span> <span class='ocrx_word' id='word_1_70' title='bbox 956 334 987 358; x_wconf 78' lang='lat' dir='ltr'>Et</span> <span class='ocrx_word' id='word_1_71' title='bbox 995 337 1056 370; x_wconf 51' lang='lat' dir='ltr'>pp·</span> <span class='ocrx_word' id='word_1_72' title='bbox 1116 340 1196 366; x_wconf 89' lang='lat' dir='ltr'>quam</span> <span class='ocrx_word' id='word_1_73' title='bbox 1209 337 1315 371; x_wconf 77' lang='lat' dir='ltr'>centum</span> <span class='ocrx_word' id='word_1_74' title='bbox 1331 339 1438 365; x_wconf 82' lang='lat' dir='ltr'>iugera,</span> <span class='ocrx_word' id='word_1_75' title='bbox 1456 339 1523 364; x_wconf 86' lang='lat' dir='ltr'>quae</span> <span class='ocrx_word' id='word_1_76' title='bbox 1537 338 1562 357; x_wconf 87' lang='lat' dir='ltr'>et</span> <span class='ocrx_word' id='word_1_77' title='bbox 1576 341 1661 372; x_wconf 77' lang='lat' dir='ltr'>meam</span> <span class='ocrx_word' id='word_1_78' title='bbox 1674 334 1757 360; x_wconf 88' lang='lat' dir='ltr'>animi</span> <span class='ocrx_word' id='word_1_79' title='bbox 1770 334 1929 368; x_wconf 80' lang='lat' dir='ltr'>aequitatem</span> <span class='ocrx_word' id='word_1_80' title='bbox 1948 340 1974 360; x_wconf 90' lang='lat' dir='ltr'>et</span> <span class='ocrx_word' id='word_1_81' title='bbox 1986 336 2097 363; x_wconf 83' lang='lat' dir='ltr'>vestram</span> <span class='ocrx_word' id='word_1_82' title='bbox 2113 348 2157 365; x_wconf 81' lang='lat' dir='ltr'>vo-</span> 
     </span>
     <span class='ocr_line' id='line_1_6' title="bbox 24 366 2158 412; baseline -0.004 -7"><span class='ocrx_word' id='word_1_83' title='bbox 24 368 72 412; x_wconf 26' lang='lat'>&#39;¹4‘</span> <span class='ocrx_word' id='word_1_84' title='bbox 95 379 133 404; x_wconf 80' lang='lat' dir='ltr'>Ita</span> <span class='ocrx_word' id='word_1_85' title='bbox 154 378 223 404; x_wconf 82' lang='lat' dir='ltr'>enim</span> <span class='ocrx_word' id='word_1_86' title='bbox 245 377 326 403; x_wconf 88' lang='lat' dir='ltr'>multa</span> <span class='ocrx_word' id='word_1_87' title='bbox 345 385 399 403; x_wconf 85' lang='lat' dir='ltr'>tum</span> <span class='ocrx_word' id='word_1_88' title='bbox 418 380 507 401; x_wconf 89' lang='lat' dir='ltr'>contra</span> <span class='ocrx_word' id='word_1_89' title='bbox 528 371 654 406; x_wconf 87' lang='lat' dir='ltr'>scriptum</span> <span class='ocrx_word' id='word_1_90' title='bbox 672 380 721 405; x_wconf 90' lang='lat' dir='ltr'>pro</span> <span class='ocrx_word' id='word_1_91' title='bbox 742 380 828 406; x_wconf 87' lang='lat' dir='ltr'>aequo</span> <span class='ocrx_word' id='word_1_92' title='bbox 846 377 871 396; x_wconf 88' lang='lat' dir='ltr'>et</span> <span class='ocrx_word' id='word_1_93' title='bbox 891 370 960 396; x_wconf 92' lang='lat' dir='ltr'>bono</span> <span class='ocrx_word' id='word_1_94' title='bbox 980 366 1056 392; x_wconf 77' lang='lat' dir='ltr'>dixit.</span> <span class='ocrx_word' id='word_1_95' title='bbox 1078 374 1092 399; x_wconf 80' lang='grc'><strong><em>5</em></strong></span> <span class='ocrx_word' id='word_1_96' title='bbox 1115 367 1245 407; x_wconf 75' lang='lat' dir='ltr'>luntatem</span> <span class='ocrx_word' id='word_1_97' title='bbox 1260 366 1377 392; x_wconf 76' lang='lat' dir='ltr'>indicent</span> <span class='ocrx_word' id='word_1_98' title='bbox 1393 367 1462 406; x_wconf 68' lang='lat' dir='ltr'>Nep-</span> <span class='ocrx_word' id='word_1_99' title='bbox 1476 372 1498 398; x_wconf 87' lang='lat'>8,</span> <span class='ocrx_word' id='word_1_100' title='bbox 1513 376 1540 406; x_wconf 80' lang='lat'>4?</span> <span class='ocrx_word' id='word_1_101' title='bbox 1556 375 1579 393; x_wconf 86' lang='lat'>2.</span> <span class='ocrx_word' id='word_1_102' title='bbox 1616 368 1643 393; x_wconf 78' lang='lat' dir='ltr'>Si</span> <span class='ocrx_word' id='word_1_103' title='bbox 1654 377 1703 402; x_wconf 78' lang='lat' dir='ltr'>ego</span> <span class='ocrx_word' id='word_1_104' title='bbox 1721 370 1777 396; x_wconf 89' lang='lat' dir='ltr'>eius</span> <span class='ocrx_word' id='word_1_105' title='bbox 1790 370 1949 404; x_wconf 85' lang='lat' dir='ltr'>aequitatem</span> <span class='ocrx_word' id='word_1_106' title='bbox 1968 372 2052 397; x_wconf 89' lang='lat' dir='ltr'>animi</span> <span class='ocrx_word' id='word_1_107' title='bbox 2074 374 2158 407; x_wconf 75' lang='lat' dir='ltr'>probe</span> 
     </span>
     <span class='ocr_line' id='line_1_7' title="bbox 24 396 2158 448; baseline 0.002 -16"><span class='ocrx_word' id='word_1_108' title='bbox 24 396 111 448; x_wconf 62' lang='lat' dir='ltr'>&#39;Ae&#39;qui</span> <span class='ocrx_word' id='word_1_109' title='bbox 125 413 190 439; x_wconf 64' lang='lat' dir='ltr'>boni</span> <span class='ocrx_word' id='word_1_110' title='bbox 205 415 302 440; x_wconf 36' lang='lat' dir='ltr'>faa-se:</span> <span class='ocrx_word' id='word_1_111' title='bbox 321 415 360 439; x_wconf 68' lang='lat' dir='ltr'>vel</span> <span class='ocrx_word' id='word_1_112' title='bbox 377 410 453 445; x_wconf 67' lang='lat' dir='ltr'>aequi</span> <span class='ocrx_word' id='word_1_113' title='bbox 467 407 583 442; x_wconf 88' lang='lat' dir='ltr'>bonique</span> <span class='ocrx_word' id='word_1_114' title='bbox 597 407 699 439; x_wconf 84' lang='lat' dir='ltr'>facere,</span> <span class='ocrx_word' id='word_1_115' title='bbox 720 404 753 440; x_wconf 67' lang='lat' dir='ltr'>est</span> <span class='ocrx_word' id='word_1_116' title='bbox 767 410 794 433; x_wconf 77' lang='lat' dir='ltr'>in</span> <span class='ocrx_word' id='word_1_117' title='bbox 807 408 893 433; x_wconf 79' lang='lat' dir='ltr'>bonam</span> <span class='ocrx_word' id='word_1_118' title='bbox 908 408 1058 441; x_wconf 39' lang='lat' dir='ltr'>partem-ac-</span> <span class='ocrx_word' id='word_1_119' title='bbox 1113 411 1200 443; x_wconf 72' lang='lat' dir='ltr'>noui,</span> <span class='ocrx_word' id='word_1_120' title='bbox 1213 402 1309 429; x_wconf 84' lang='lat' dir='ltr'>vendet</span> <span class='ocrx_word' id='word_1_121' title='bbox 1323 408 1492 442; x_wconf 39' lang='lat' dir='ltr'>non-inuitus</span> <span class='ocrx_word' id='word_1_122' title='bbox 1506 403 1563 428; x_wconf 81' lang='lat' dir='ltr'>Cic.</span> <span class='ocrx_word' id='word_1_123' title='bbox 1577 409 1668 441; x_wconf 75' lang='lat' dir='ltr'>contra</span> <span class='ocrx_word' id='word_1_124' title='bbox 1682 405 1751 443; x_wconf 81' lang='lat' dir='ltr'>Rull.</span> <span class='ocrx_word' id='word_1_125' title='bbox 1766 406 1793 431; x_wconf 84' lang='lat' dir='ltr'>in</span> <span class='ocrx_word' id='word_1_126' title='bbox 1808 406 1902 432; x_wconf 81' lang='lat' dir='ltr'>Senatu</span> <span class='ocrx_word' id='word_1_127' title='bbox 1915 415 1936 432; x_wconf 87' lang='lat' dir='ltr'>c.</span> <span class='ocrx_word' id='word_1_128' title='bbox 1952 413 1973 440; x_wconf 89' lang='grc'>5.</span> <span class='ocrx_word' id='word_1_129' title='bbox 2011 408 2088 435; x_wconf 87' lang='lat' dir='ltr'>Noui</span> <span class='ocrx_word' id='word_1_130' title='bbox 2101 419 2158 436; x_wconf 87' lang='lat' dir='ltr'>mo-</span> 
     </span>
     <span class='ocr_line' id='line_1_8' title="bbox 28 435 2158 504; baseline -0.002 -28"><span class='ocrx_word' id='word_1_131' title='bbox 28 453 119 486; x_wconf 70' lang='lat' dir='ltr'>cipere:</span> <span class='ocrx_word' id='word_1_132' title='bbox 141 450 205 485; x_wconf 60' lang='lat' dir='ltr'>quod</span> <span class='ocrx_word' id='word_1_133' title='bbox 224 456 247 475; x_wconf 71' lang='lat' dir='ltr'>et</span> <span class='ocrx_word' id='word_1_134' title='bbox 263 448 328 475; x_wconf 84' lang='lat' dir='ltr'>Boni</span> <span class='ocrx_word' id='word_1_135' title='bbox 347 446 479 485; x_wconf 75' lang='lat' dir='ltr'>consulere</span> <span class='ocrx_word' id='word_1_136' title='bbox 497 443 619 504; x_wconf 77' lang='lat' dir='ltr'>dicitur.st</span> <span class='ocrx_word' id='word_1_137' title='bbox 640 443 705 504; x_wconf 88' lang='lat' dir='ltr'>dCic.</span> <span class='ocrx_word' id='word_1_138' title='bbox 719 444 773 483; x_wconf 77' lang='lat' dir='ltr'>Att.</span> <span class='ocrx_word' id='word_1_139' title='bbox 787 450 813 477; x_wconf 85' lang='lat'>7,</span> <span class='ocrx_word' id='word_1_140' title='bbox 826 450 843 483; x_wconf 93' lang='grc'>7</span> <span class='ocrx_word' id='word_1_141' title='bbox 862 442 892 467; x_wconf 86' lang='lat' dir='ltr'>T</span> <span class='ocrx_word' id='word_1_142' title='bbox 893 435 1057 500; x_wconf 38' lang='lat' dir='ltr'>rigcciltunllxlfie-</span> <span class='ocrx_word' id='word_1_143' title='bbox 1115 438 1283 500; x_wconf 56' lang='grc' dir='ltr'>ἀετᾱῐιιᾶῐιεη]</span> <span class='ocrx_word' id='word_1_144' title='bbox 1293 447 1388 500; x_wconf 66' lang='lat' dir='ltr'>banlnp1</span> <span class='ocrx_word' id='word_1_145' title='bbox 1399 444 1493 499; x_wconf 40' lang='lat' dir='ltr'>glun-tet</span> <span class='ocrx_word' id='word_1_146' title='bbox 1511 439 1748 499; x_wconf 48' lang='grc' dir='ltr'>εὲῖιέυιίῑὲῐεέιὶιῶξιε.</span> <span class='ocrx_word' id='word_1_147' title='bbox 1771 440 1803 466; x_wconf 76' lang='lat' dir='ltr'>de</span> <span class='ocrx_word' id='word_1_148' title='bbox 1818 442 1875 467; x_wconf 80' lang='lat' dir='ltr'>Sen.</span> <span class='ocrx_word' id='word_1_149' title='bbox 1897 451 1918 468; x_wconf 90' lang='lat' dir='ltr'>c.</span> <span class='ocrx_word' id='word_1_150' title='bbox 1930 450 1954 504; x_wconf 54' lang='lat' dir='ltr'>id</span> <span class='ocrx_word' id='word_1_151' title='bbox 1989 443 2158 484; x_wconf 81' lang='lat' dir='ltr'>Aequitatem</span> 
     </span>
     <span class='ocr_line' id='line_1_9' title="bbox 151 483 1723 500; baseline 0.001 -3"><span class='ocrx_word' id='word_1_152' title='bbox 151 494 157 500; x_wconf 68' lang='lat'>‚</span> <span class='ocrx_word' id='word_1_153' title='bbox 202 495 203 498; x_wconf 72' lang='grc'><strong>,</strong></span> <span class='ocrx_word' id='word_1_154' title='bbox 235 485 239 489; x_wconf 87' lang='grc'><strong>”</strong></span> <span class='ocrx_word' id='word_1_155' title='bbox 297 494 300 497; x_wconf 91' lang='grc'>.</span> <span class='ocrx_word' id='word_1_156' title='bbox 973 492 979 498; x_wconf 80' lang='lat'><strong>.</strong></span> <span class='ocrx_word' id='word_1_157' title='bbox 1234 484 1257 499; x_wconf 73' lang='lat'>711</span> <span class='ocrx_word' id='word_1_158' title='bbox 1371 483 1382 499; x_wconf 67' lang='grc' dir='ltr'><em>Β</em></span> <span class='ocrx_word' id='word_1_159' title='bbox 1428 484 1453 499; x_wconf 75' lang='lat' dir='ltr'>XI</span> <span class='ocrx_word' id='word_1_160' title='bbox 1562 493 1568 498; x_wconf 81' lang='lat'>·</span> <span class='ocrx_word' id='word_1_161' title='bbox 1718 493 1723 499; x_wconf 67' lang='grc' dir='ltr'>ι</span> 
     </span>
     <span class='ocr_line' id='line_1_10' title="bbox 649 476 2159 550; baseline -0 -5.293"><span class='ocrx_word' id='word_1_162' title='bbox 649 479 956 550; x_wconf 63' lang='lat' dir='ltr'>bb..</span> <span class='ocrx_word' id='word_1_163' title='bbox 1109 476 1358 514; x_wconf 60' lang='grc' dir='ltr'>Ρ]</span> <span class='ocrx_word' id='word_1_164' title='bbox 1664 478 2159 549; x_wconf 54' lang='lat' dir='ltr'>⁷2⁸¹..ssss</span> 
     </span>
     <span class='ocr_line' id='line_1_11' title="bbox 24 538 2161 589; baseline 0 -11"><span class='ocrx_word' id='word_1_165' title='bbox 24 549 95 582; x_wconf 52' lang='lat' dir='ltr'>{Ten</span> <span class='ocrx_word' id='word_1_166' title='bbox 111 557 206 583; x_wconf 58' lang='lat' dir='ltr'>fleant,</span> <span class='ocrx_word' id='word_1_167' title='bbox 221 565 247 589; x_wconf 78' lang='lat'>4,</span> <span class='ocrx_word' id='word_1_168' title='bbox 264 564 284 587; x_wconf 72' lang='grc' dir='ltr'>ς,</span> <span class='ocrx_word' id='word_1_169' title='bbox 298 562 333 586; x_wconf 87' lang='lat'>40</span> <span class='ocrx_word' id='word_1_170' title='bbox 369 558 412 571; x_wconf 62' lang='lat'>-*-</span> <span class='ocrx_word' id='word_1_171' title='bbox 431 558 563 578; x_wconf 84' lang='lat' dir='ltr'>caeterum</span> <span class='ocrx_word' id='word_1_172' title='bbox 583 550 709 585; x_wconf 83' lang='lat' dir='ltr'>equidem</span> <span class='ocrx_word' id='word_1_173' title='bbox 728 551 792 577; x_wconf 80' lang='lat' dir='ltr'>istuc</span> <span class='ocrx_word' id='word_1_174' title='bbox 808 548 933 584; x_wconf 79' lang='lat' dir='ltr'>Chreme,</span> <span class='ocrx_word' id='word_1_175' title='bbox 971 544 1058 577; x_wconf 73' lang='lat' dir='ltr'>Aequi</span> <span class='ocrx_word' id='word_1_176' title='bbox 1073 554 1101 571; x_wconf 80' lang='grc' dir='ltr'>ιο</span> <span class='ocrx_word' id='word_1_177' title='bbox 1115 546 1143 572; x_wconf 87' lang='lat' dir='ltr'>in</span> <span class='ocrx_word' id='word_1_178' title='bbox 1158 545 1291 572; x_wconf 88' lang='lat' dir='ltr'>eiusmodi</span> <span class='ocrx_word' id='word_1_179' title='bbox 1303 546 1360 580; x_wconf 81' lang='lat' dir='ltr'>pari</span> <span class='ocrx_word' id='word_1_180' title='bbox 1374 545 1477 586; x_wconf 70' lang='lat' dir='ltr'>lucrum</span> <span class='ocrx_word' id='word_1_181' title='bbox 1490 545 1549 571; x_wconf 82' lang='lat' dir='ltr'>fieri</span> <span class='ocrx_word' id='word_1_182' title='bbox 1564 543 1681 579; x_wconf 81' lang='lat' dir='ltr'>putabat.</span> <span class='ocrx_word' id='word_1_183' title='bbox 1809 543 1828 582; x_wconf 59' lang='grc' dir='ltr'><strong>Ἴ</strong></span> <span class='ocrx_word' id='word_1_184' title='bbox 1850 555 1865 572; x_wconf 84' lang='lat'>2</span> <span class='ocrx_word' id='word_1_185' title='bbox 1895 550 1962 575; x_wconf 79' lang='lat' dir='ltr'>Hinc</span> <span class='ocrx_word' id='word_1_186' title='bbox 1971 550 2053 585; x_wconf 81' lang='lat' dir='ltr'>facile</span> <span class='ocrx_word' id='word_1_187' title='bbox 2067 538 2161 580; x_wconf 46' lang='lat' dir='ltr'>intellit</span> 
     </span>
     <span class='ocr_line' id='line_1_12' title="bbox 24 579 2159 626; baseline 0.002 -18"><span class='ocrx_word' id='word_1_188' title='bbox 24 581 146 626; x_wconf 62' lang='lat' dir='ltr'>Jbonjque</span> <span class='ocrx_word' id='word_1_189' title='bbox 159 592 236 618; x_wconf 52' lang='lat' dir='ltr'><strong>facio·</strong></span> <span class='ocrx_word' id='word_1_190' title='bbox 261 590 315 622; x_wconf 69' lang='lat' dir='ltr'>Qi</span> <span class='ocrx_word' id='word_1_191' title='bbox 328 597 411 624; x_wconf 74' lang='lat' dir='ltr'>neque</span> <span class='ocrx_word' id='word_1_192' title='bbox 424 587 475 620; x_wconf 68' lang='lat' dir='ltr'>ius,</span> <span class='ocrx_word' id='word_1_193' title='bbox 488 595 573 621; x_wconf 79' lang='lat' dir='ltr'>neque</span> <span class='ocrx_word' id='word_1_194' title='bbox 581 586 682 613; x_wconf 78' lang='lat' dir='ltr'>bonum</span> <span class='ocrx_word' id='word_1_195' title='bbox 690 592 768 622; x_wconf 67' lang='lat' dir='ltr'>atque</span> <span class='ocrx_word' id='word_1_196' title='bbox 775 591 884 620; x_wconf 74' lang='lat' dir='ltr'>aequum</span> <span class='ocrx_word' id='word_1_197' title='bbox 898 582 982 606; x_wconf 80' lang='lat' dir='ltr'>sciunt</span> <span class='ocrx_word' id='word_1_198' title='bbox 989 579 1058 605; x_wconf 86' lang='lat' dir='ltr'>Ter.</span> <span class='ocrx_word' id='word_1_199' title='bbox 1113 589 1205 618; x_wconf 75' lang='lat' dir='ltr'>geutur</span> <span class='ocrx_word' id='word_1_200' title='bbox 1212 581 1355 617; x_wconf 76' lang='lat' dir='ltr'>formulae:</span> <span class='ocrx_word' id='word_1_201' title='bbox 1376 582 1431 623; x_wconf 71' lang='lat' dir='ltr'>Cic.</span> <span class='ocrx_word' id='word_1_202' title='bbox 1440 582 1512 607; x_wconf 90' lang='lat' dir='ltr'>Fam.</span> <span class='ocrx_word' id='word_1_203' title='bbox 1521 582 1559 612; x_wconf 82' lang='lat'>16,</span> <span class='ocrx_word' id='word_1_204' title='bbox 1569 588 1597 614; x_wconf 87' lang='lat'>17</span> <span class='ocrx_word' id='word_1_205' title='bbox 1615 580 1860 619; x_wconf 33' lang='lat' dir='ltr'>Propter-*summam</span> <span class='ocrx_word' id='word_1_206' title='bbox 1874 582 2019 622; x_wconf 81' lang='lat' dir='ltr'>bonitatem</span> <span class='ocrx_word' id='word_1_207' title='bbox 2032 593 2058 614; x_wconf 87' lang='lat' dir='ltr'>et</span> <span class='ocrx_word' id='word_1_208' title='bbox 2070 590 2159 624; x_wconf 86' lang='lat' dir='ltr'>aequi.</span> 
     </span>
     <span class='ocr_line' id='line_1_13' title="bbox 26 615 2158 662; baseline 0.001 -14"><span class='ocrx_word' id='word_1_209' title='bbox 26 623 124 654; x_wconf 69' lang='lat' dir='ltr'>lHeaut,</span> <span class='ocrx_word' id='word_1_210' title='bbox 134 638 150 662; x_wconf 86' lang='lat'>4</span> <span class='ocrx_word' id='word_1_211' title='bbox 170 637 178 654; x_wconf 83' lang='lat'>1</span> <span class='ocrx_word' id='word_1_212' title='bbox 197 635 238 661; x_wconf 80' lang='lat'>27.</span> <span class='ocrx_word' id='word_1_213' title='bbox 275 625 329 651; x_wconf 78' lang='lat' dir='ltr'>Cic.</span> <span class='ocrx_word' id='word_1_214' title='bbox 343 623 457 658; x_wconf 89' lang='lat' dir='ltr'>Philipp.</span> <span class='ocrx_word' id='word_1_215' title='bbox 466 632 492 656; x_wconf 84' lang='lat'>2,</span> <span class='ocrx_word' id='word_1_216' title='bbox 513 642 520 649; x_wconf 90' lang='lat'>.</span> <span class='ocrx_word' id='word_1_217' title='bbox 543 642 549 649; x_wconf 91' lang='lat'>.</span> <span class='ocrx_word' id='word_1_218' title='bbox 573 624 596 649; x_wconf 84' lang='lat' dir='ltr'>Is</span> <span class='ocrx_word' id='word_1_219' title='bbox 606 623 721 657; x_wconf 85' lang='lat' dir='ltr'>igitur,a</span> <span class='ocrx_word' id='word_1_220' title='bbox 733 631 786 658; x_wconf 90' lang='lat' dir='ltr'>quo</span> <span class='ocrx_word' id='word_1_221' title='bbox 799 621 862 647; x_wconf 91' lang='lat' dir='ltr'>viuo</span> <span class='ocrx_word' id='word_1_222' title='bbox 873 625 920 642; x_wconf 89' lang='lat' dir='ltr'>nec</span> <span class='ocrx_word' id='word_1_223' title='bbox 930 615 1059 650; x_wconf 79' lang='lat' dir='ltr'>praesens,</span> <span class='ocrx_word' id='word_1_224' title='bbox 1114 624 1195 644; x_wconf 87' lang='lat' dir='ltr'>tatem</span> <span class='ocrx_word' id='word_1_225' title='bbox 1211 618 1317 657; x_wconf 73' lang='lat' dir='ltr'>causae,</span> <span class='ocrx_word' id='word_1_226' title='bbox 1338 620 1354 643; x_wconf 91' lang='lat' dir='ltr'>i.</span> <span class='ocrx_word' id='word_1_227' title='bbox 1370 616 1499 657; x_wconf 43' lang='lat' dir='ltr'>infit-liam.</span> <span class='ocrx_word' id='word_1_228' title='bbox 1537 615 1575 642; x_wconf 89' lang='lat' dir='ltr'>Id.</span> <span class='ocrx_word' id='word_1_229' title='bbox 1588 624 1638 656; x_wconf 90' lang='lat' dir='ltr'>pro</span> <span class='ocrx_word' id='word_1_230' title='bbox 1653 616 1759 655; x_wconf 73' lang='lat' dir='ltr'>Caecin.</span> <span class='ocrx_word' id='word_1_231' title='bbox 1775 623 1806 650; x_wconf 88' lang='grc'>37</span> <span class='ocrx_word' id='word_1_232' title='bbox 1827 617 1945 645; x_wconf 79' lang='lat' dir='ltr'>Omnino</span> <span class='ocrx_word' id='word_1_233' title='bbox 1960 621 2011 647; x_wconf 89' lang='lat' dir='ltr'>iam</span> <span class='ocrx_word' id='word_1_234' title='bbox 2022 623 2087 650; x_wconf 87' lang='lat' dir='ltr'>bene</span> <span class='ocrx_word' id='word_1_235' title='bbox 2095 626 2158 660; x_wconf 82' lang='lat' dir='ltr'>agis.</span> 
     </span>
     <span class='ocr_line' id='line_1_14' title="bbox 28 648 2160 696; baseline -0 -11"><span class='ocrx_word' id='word_1_236' title='bbox 28 672 75 690; x_wconf 76' lang='lat' dir='ltr'>nec</span> <span class='ocrx_word' id='word_1_237' title='bbox 88 648 326 696; x_wconf 63' lang='lat' dir='ltr'>absefis&#39;quicquam</span> <span class='ocrx_word' id='word_1_238' title='bbox 340 660 418 695; x_wconf 87' lang='lat' dir='ltr'>aequi</span> <span class='ocrx_word' id='word_1_239' title='bbox 434 659 532 686; x_wconf 87' lang='lat' dir='ltr'>boniue</span> <span class='ocrx_word' id='word_1_240' title='bbox 548 658 717 693; x_wconf 83' lang='lat' dir='ltr'>impetrauit,</span> <span class='ocrx_word' id='word_1_241' title='bbox 735 657 802 693; x_wconf 82' lang='lat' dir='ltr'>apud</span> <span class='ocrx_word' id='word_1_242' title='bbox 819 657 954 693; x_wconf 69' lang='lat' dir='ltr'>mqrtuum</span> <span class='ocrx_word' id='word_1_243' title='bbox 973 650 1058 677; x_wconf 57' lang='lat' dir='ltr'>faffihls</span> <span class='ocrx_word' id='word_1_244' title='bbox 1114 654 1136 680; x_wconf 87' lang='lat' dir='ltr'>A</span> <span class='ocrx_word' id='word_1_245' title='bbox 1153 653 1242 679; x_wconf 82' lang='lat' dir='ltr'>verbis</span> <span class='ocrx_word' id='word_1_246' title='bbox 1256 662 1329 679; x_wconf 81' lang='lat' dir='ltr'>emm</span> <span class='ocrx_word' id='word_1_247' title='bbox 1343 653 1461 685; x_wconf 83' lang='lat' dir='ltr'>recedis,</span> <span class='ocrx_word' id='word_1_248' title='bbox 1476 658 1502 678; x_wconf 88' lang='lat' dir='ltr'>et</span> <span class='ocrx_word' id='word_1_249' title='bbox 1516 657 1648 686; x_wconf 83' lang='lat' dir='ltr'>aequitate</span> <span class='ocrx_word' id='word_1_250' title='bbox 1663 657 1761 682; x_wconf 83' lang='lat' dir='ltr'>vteris,</span> <span class='ocrx_word' id='word_1_251' title='bbox 1782 661 1809 677; x_wconf 81' lang='lat' dir='ltr'>ea</span> <span class='ocrx_word' id='word_1_252' title='bbox 1828 660 1918 691; x_wconf 75' lang='lat' dir='ltr'>nempe,</span> <span class='ocrx_word' id='word_1_253' title='bbox 1932 664 1991 689; x_wconf 83' lang='lat' dir='ltr'>quae</span> <span class='ocrx_word' id='word_1_254' title='bbox 2012 660 2094 686; x_wconf 77' lang='lat' dir='ltr'>verbis</span> <span class='ocrx_word' id='word_1_255' title='bbox 2112 671 2160 688; x_wconf 71' lang='lat' dir='ltr'>non</span> 
     </span>
     <span class='ocr_line' id='line_1_15' title="bbox 26 686 2162 734; baseline -0.002 -8"><span class='ocrx_word' id='word_1_256' title='bbox 26 699 65 725; x_wconf 55' lang='lat' dir='ltr'>«est</span> <span class='ocrx_word' id='word_1_257' title='bbox 79 705 172 734; x_wconf 85' lang='lat' dir='ltr'>gratus.</span> <span class='ocrx_word' id='word_1_258' title='bbox 208 696 290 723; x_wconf 70' lang='lat' dir='ltr'>Maois</span> <span class='ocrx_word' id='word_1_259' title='bbox 304 704 336 721; x_wconf 87' lang='lat' dir='ltr'>ex</span> <span class='ocrx_word' id='word_1_260' title='bbox 349 704 434 730; x_wconf 87' lang='lat' dir='ltr'>aequo</span> <span class='ocrx_word' id='word_1_261' title='bbox 447 695 573 729; x_wconf 86' lang='lat' dir='ltr'>bonoque</span> <span class='ocrx_word' id='word_1_262' title='bbox 587 704 666 730; x_wconf 85' lang='lat' dir='ltr'>quam</span> <span class='ocrx_word' id='word_1_263' title='bbox 681 704 712 721; x_wconf 86' lang='lat' dir='ltr'>ex</span> <span class='ocrx_word' id='word_1_264' title='bbox 727 695 783 721; x_wconf 89' lang='lat' dir='ltr'>iure</span> <span class='ocrx_word' id='word_1_265' title='bbox 795 695 914 724; x_wconf 84' lang='lat' dir='ltr'>gentium</span> <span class='ocrx_word' id='word_1_266' title='bbox 928 686 988 714; x_wconf 88' lang='lat' dir='ltr'>Sall.</span> <span class='ocrx_word' id='word_1_267' title='bbox 1001 688 1056 720; x_wconf 83' lang='lat' dir='ltr'>lug.</span> <span class='ocrx_word' id='word_1_268' title='bbox 1113 692 1190 715; x_wconf 82' lang='lat' dir='ltr'>nimis</span> <span class='ocrx_word' id='word_1_269' title='bbox 1205 692 1325 715; x_wconf 79' lang='lat' dir='ltr'><em>tenaciter</em></span> <span class='ocrx_word' id='word_1_270' title='bbox 1340 695 1365 714; x_wconf 82' lang='lat' dir='ltr'>et</span> <span class='ocrx_word' id='word_1_271' title='bbox 1376 690 1565 714; x_wconf 76' lang='lat' dir='ltr'>calumniatorie</span> <span class='ocrx_word' id='word_1_272' title='bbox 1584 688 1696 714; x_wconf 67' lang='lat' dir='ltr'>inhaeret</span> <span class='ocrx_word' id='word_1_273' title='bbox 1705 697 1714 716; x_wconf 90' lang='lat'>,·</span> <span class='ocrx_word' id='word_1_274' title='bbox 1727 686 1775 723; x_wconf 80' lang='lat' dir='ltr'>sed</span> <span class='ocrx_word' id='word_1_275' title='bbox 1794 687 1827 712; x_wconf 78' lang='lat' dir='ltr'>ad</span> <span class='ocrx_word' id='word_1_276' title='bbox 1839 691 1990 723; x_wconf 71' lang='lat' dir='ltr'>sententiam</span> <span class='ocrx_word' id='word_1_277' title='bbox 2008 694 2162 729; x_wconf 68' lang='lat' dir='ltr'>legislatoris</span> 
     </span>
     <span class='ocr_line' id='line_1_16' title="bbox 24 717 2161 768; baseline -0.002 -8"><span class='ocrx_word' id='word_1_278' title='bbox 24 723 51 763; x_wconf 69' lang='lat' dir='ltr'>lc.</span> <span class='ocrx_word' id='word_1_279' title='bbox 66 744 92 767; x_wconf 84' lang='grc'>3-</span> <span class='ocrx_word' id='word_1_280' title='bbox 116 741 139 768; x_wconf 85' lang='lat'>7.</span> <span class='ocrx_word' id='word_1_281' title='bbox 176 733 243 759; x_wconf 81' lang='lat' dir='ltr'>Ter.</span> <span class='ocrx_word' id='word_1_282' title='bbox 253 717 331 759; x_wconf 56' lang='lat' dir='ltr'>tAdel.</span> <span class='ocrx_word' id='word_1_283' title='bbox 346 739 368 764; x_wconf 82' lang='grc'>5,</span> <span class='ocrx_word' id='word_1_284' title='bbox 382 740 407 764; x_wconf 90' lang='lat'>9,</span> <span class='ocrx_word' id='word_1_285' title='bbox 424 740 453 764; x_wconf 82' lang='lat'>30</span> <span class='ocrx_word' id='word_1_286' title='bbox 474 730 504 758; x_wconf 90' lang='lat' dir='ltr'>Id</span> <span class='ocrx_word' id='word_1_287' title='bbox 525 740 580 757; x_wconf 87' lang='lat' dir='ltr'>non</span> <span class='ocrx_word' id='word_1_288' title='bbox 594 731 656 758; x_wconf 80' lang='lat' dir='ltr'>fieri</span> <span class='ocrx_word' id='word_1_289' title='bbox 670 740 701 757; x_wconf 81' lang='lat' dir='ltr'>ex</span> <span class='ocrx_word' id='word_1_290' title='bbox 720 736 781 756; x_wconf 88' lang='lat' dir='ltr'>vera</span> <span class='ocrx_word' id='word_1_291' title='bbox 793 726 864 757; x_wconf 89' lang='lat' dir='ltr'>vita,</span> <span class='ocrx_word' id='word_1_292' title='bbox 884 731 970 757; x_wconf 78' lang='lat' dir='ltr'>neque</span> <span class='ocrx_word' id='word_1_293' title='bbox 991 721 1058 748; x_wconf 76' lang='lat' dir='ltr'>adeo</span> <span class='ocrx_word' id='word_1_294' title='bbox 1074 728 1098 754; x_wconf 80' lang='lat'>13</span> <span class='ocrx_word' id='word_1_295' title='bbox 1113 725 1225 761; x_wconf 66' lang='lat' dir='ltr'>respicit.</span> <span class='ocrx_word' id='word_1_296' title='bbox 1262 723 1348 751; x_wconf 78' lang='lat' dir='ltr'>Eodem</span> <span class='ocrx_word' id='word_1_297' title='bbox 1356 727 1469 759; x_wconf 68' lang='lat' dir='ltr'>pertinet</span> <span class='ocrx_word' id='word_1_298' title='bbox 1483 724 1538 751; x_wconf 87' lang='lat' dir='ltr'>Cic.</span> <span class='ocrx_word' id='word_1_299' title='bbox 1548 724 1575 749; x_wconf 87' lang='lat' dir='ltr'>in</span> <span class='ocrx_word' id='word_1_300' title='bbox 1584 724 1667 749; x_wconf 84' lang='lat' dir='ltr'>Bruto</span> <span class='ocrx_word' id='word_1_301' title='bbox 1674 731 1709 755; x_wconf 87' lang='lat'>24</span> <span class='ocrx_word' id='word_1_302' title='bbox 1729 724 1759 749; x_wconf 89' lang='lat' dir='ltr'>In</span> <span class='ocrx_word' id='word_1_303' title='bbox 1771 722 1924 757; x_wconf 85' lang='lat' dir='ltr'>explicanda</span> <span class='ocrx_word' id='word_1_304' title='bbox 1939 728 2080 762; x_wconf 84' lang='lat' dir='ltr'>aequitate,</span> <span class='ocrx_word' id='word_1_305' title='bbox 2093 733 2161 760; x_wconf 83' lang='lat' dir='ltr'>nihil</span> 
     </span>
     <span class='ocr_line' id='line_1_17' title="bbox 25 753 2162 804; baseline -0.002 -8"><span class='ocrx_word' id='word_1_306' title='bbox 25 768 60 801; x_wconf 60' lang='lat' dir='ltr'>§ex</span> <span class='ocrx_word' id='word_1_307' title='bbox 79 753 160 804; x_wconf 51' lang='lat' dir='ltr'>iiquo</span> <span class='ocrx_word' id='word_1_308' title='bbox 180 774 204 794; x_wconf 86' lang='lat' dir='ltr'>et</span> <span class='ocrx_word' id='word_1_309' title='bbox 226 767 318 794; x_wconf 84' lang='lat' dir='ltr'>bono:</span> <span class='ocrx_word' id='word_1_310' title='bbox 356 767 404 794; x_wconf 87' lang='lat' dir='ltr'>Sed</span> <span class='ocrx_word' id='word_1_311' title='bbox 424 776 455 793; x_wconf 84' lang='lat' dir='ltr'>ex</span> <span class='ocrx_word' id='word_1_312' title='bbox 481 766 645 799; x_wconf 77' lang='lat' dir='ltr'>assentando,</span> <span class='ocrx_word' id='word_1_313' title='bbox 665 761 839 797; x_wconf 73' lang='lat' dir='ltr'>indulgendo,</span> <span class='ocrx_word' id='word_1_314' title='bbox 864 765 890 786; x_wconf 90' lang='lat' dir='ltr'>et</span> <span class='ocrx_word' id='word_1_315' title='bbox 910 758 1058 793; x_wconf 78' lang='lat' dir='ltr'>largiendo.</span> <span class='ocrx_word' id='word_1_316' title='bbox 1115 767 1171 787; x_wconf 83' lang='lat' dir='ltr'>erat</span> <span class='ocrx_word' id='word_1_317' title='bbox 1187 761 1275 787; x_wconf 75' lang='lat' dir='ltr'>Crasso</span> <span class='ocrx_word' id='word_1_318' title='bbox 1289 760 1427 795; x_wconf 83' lang='lat' dir='ltr'>copiofius.</span> <span class='ocrx_word' id='word_1_319' title='bbox 1463 760 1546 794; x_wconf 86' lang='lat' dir='ltr'>quue</span> <span class='ocrx_word' id='word_1_320' title='bbox 1561 769 1621 785; x_wconf 90' lang='lat' dir='ltr'>cum</span> <span class='ocrx_word' id='word_1_321' title='bbox 1636 760 1710 793; x_wconf 87' lang='lat' dir='ltr'>saepe</span> <span class='ocrx_word' id='word_1_322' title='bbox 1721 759 1800 791; x_wconf 83' lang='lat' dir='ltr'>alias,</span> <span class='ocrx_word' id='word_1_323' title='bbox 1821 765 1878 785; x_wconf 89' lang='lat' dir='ltr'>tum</span> <span class='ocrx_word' id='word_1_324' title='bbox 1892 760 1960 794; x_wconf 88' lang='lat' dir='ltr'>apud</span> <span class='ocrx_word' id='word_1_325' title='bbox 1974 763 2162 795; x_wconf 75' lang='lat' dir='ltr'>Centumuiros</span> 
     </span>
     <span class='ocr_line' id='line_1_18' title="bbox 24 794 2162 838; baseline 0.001 -14"><span class='ocrx_word' id='word_1_326' title='bbox 24 805 144 837; x_wconf 54' lang='lat' dir='ltr'>studione</span> <span class='ocrx_word' id='word_1_327' title='bbox 156 812 186 829; x_wconf 72' lang='lat' dir='ltr'>ex</span> <span class='ocrx_word' id='word_1_328' title='bbox 200 812 286 838; x_wconf 71' lang='lat' dir='ltr'>aequo</span> <span class='ocrx_word' id='word_1_329' title='bbox 301 808 325 829; x_wconf 78' lang='lat' dir='ltr'>et</span> <span class='ocrx_word' id='word_1_330' title='bbox 338 803 411 830; x_wconf 75' lang='lat' dir='ltr'>bono</span> <span class='ocrx_word' id='word_1_331' title='bbox 452 803 506 830; x_wconf 77' lang='lat' dir='ltr'>vid,</span> <span class='ocrx_word' id='word_1_332' title='bbox 524 811 561 829; x_wconf 72' lang='lat' dir='ltr'>iv</span> <span class='ocrx_word' id='word_1_333' title='bbox 575 810 594 829; x_wconf 89' lang='lat' dir='ltr'>D</span> <span class='ocrx_word' id='word_1_334' title='bbox 607 809 642 829; x_wconf 87' lang='lat' dir='ltr'>1c</span> <span class='ocrx_word' id='word_1_335' title='bbox 652 809 680 830; x_wconf 83' lang='grc' dir='ltr'>ο.</span> <span class='ocrx_word' id='word_1_336' title='bbox 715 799 769 825; x_wconf 83' lang='lat' dir='ltr'>Cic.</span> <span class='ocrx_word' id='word_1_337' title='bbox 784 797 852 823; x_wconf 88' lang='lat' dir='ltr'>Phil.</span> <span class='ocrx_word' id='word_1_338' title='bbox 866 805 897 828; x_wconf 83' lang='lat' dir='ltr'>z,</span> <span class='ocrx_word' id='word_1_339' title='bbox 930 804 944 821; x_wconf 88' lang='lat'>2</span> <span class='ocrx_word' id='word_1_340' title='bbox 964 795 1059 829; x_wconf 81' lang='lat' dir='ltr'>Prope·</span> <span class='ocrx_word' id='word_1_341' title='bbox 1115 798 1144 823; x_wconf 86' lang='lat' dir='ltr'>in</span> <span class='ocrx_word' id='word_1_342' title='bbox 1159 798 1195 823; x_wconf 92' lang='lat' dir='ltr'>M.</span> <span class='ocrx_word' id='word_1_343' title='bbox 1204 796 1283 823; x_wconf 85' lang='lat' dir='ltr'>Curii</span> <span class='ocrx_word' id='word_1_344' title='bbox 1295 796 1370 822; x_wconf 85' lang='lat' dir='ltr'>causa</span> <span class='ocrx_word' id='word_1_345' title='bbox 1383 796 1520 830; x_wconf 85' lang='lat' dir='ltr'>cognitum</span> <span class='ocrx_word' id='word_1_346' title='bbox 1536 794 1581 821; x_wconf 87' lang='lat' dir='ltr'>est.</span> <span class='ocrx_word' id='word_1_347' title='bbox 1618 796 1657 821; x_wconf 85' lang='lat' dir='ltr'>lta</span> <span class='ocrx_word' id='word_1_348' title='bbox 1672 795 1744 820; x_wconf 86' lang='lat' dir='ltr'>enim</span> <span class='ocrx_word' id='word_1_349' title='bbox 1757 795 1849 827; x_wconf 82' lang='lat' dir='ltr'>inulta,</span> <span class='ocrx_word' id='word_1_350' title='bbox 1862 801 1919 821; x_wconf 87' lang='lat' dir='ltr'>tum</span> <span class='ocrx_word' id='word_1_351' title='bbox 1934 803 2024 824; x_wconf 87' lang='lat' dir='ltr'>contra</span> <span class='ocrx_word' id='word_1_352' title='bbox 2038 800 2162 835; x_wconf 76' lang='lat' dir='ltr'>scriptum</span> 
     </span>
     <span class='ocr_line' id='line_1_19' title="bbox 25 802 2162 875; baseline -0.002 -9"><span class='ocrx_word' id='word_1_353' title='bbox 25 839 134 866; x_wconf 71' lang='lat' dir='ltr'>&#39;modum</span> <span class='ocrx_word' id='word_1_354' title='bbox 147 848 228 874; x_wconf 85' lang='lat' dir='ltr'>aequa</span> <span class='ocrx_word' id='word_1_355' title='bbox 240 846 265 866; x_wconf 83' lang='lat' dir='ltr'>et</span> <span class='ocrx_word' id='word_1_356' title='bbox 279 839 345 865; x_wconf 87' lang='lat' dir='ltr'>iusta</span> <span class='ocrx_word' id='word_1_357' title='bbox 359 823 472 866; x_wconf 81' lang='lat' dir='ltr'>dicebas.</span> <span class='ocrx_word' id='word_1_358' title='bbox 518 840 574 865; x_wconf 87' lang='lat' dir='ltr'>Huc</span> <span class='ocrx_word' id='word_1_359' title='bbox 588 841 709 875; x_wconf 71' lang='lat' dir='ltr'>Pertinet:</span> <span class='ocrx_word' id='word_1_360' title='bbox 735 833 854 869; x_wconf 82' lang='lat' dir='ltr'>Aequius</span> <span class='ocrx_word' id='word_1_361' title='bbox 871 802 982 863; x_wconf 63' lang='lat' dir='ltr'>melius,</span> <span class='ocrx_word' id='word_1_362' title='bbox 1001 832 1059 856; x_wconf 82' lang='lat' dir='ltr'>For·</span> <span class='ocrx_word' id='word_1_363' title='bbox 1115 842 1166 868; x_wconf 89' lang='lat' dir='ltr'>pro</span> <span class='ocrx_word' id='word_1_364' title='bbox 1185 842 1271 867; x_wconf 88' lang='lat' dir='ltr'>aequo</span> <span class='ocrx_word' id='word_1_365' title='bbox 1293 838 1319 859; x_wconf 89' lang='lat' dir='ltr'>et</span> <span class='ocrx_word' id='word_1_366' title='bbox 1337 832 1411 858; x_wconf 89' lang='lat' dir='ltr'>bono</span> <span class='ocrx_word' id='word_1_367' title='bbox 1431 831 1509 858; x_wconf 83' lang='lat' dir='ltr'>dixit.</span> <span class='ocrx_word' id='word_1_368' title='bbox 1554 831 1695 865; x_wconf 86' lang='lat' dir='ltr'>Aequitate</span> <span class='ocrx_word' id='word_1_369' title='bbox 1716 830 1827 856; x_wconf 90' lang='lat' dir='ltr'>alicuius</span> <span class='ocrx_word' id='word_1_370' title='bbox 1849 831 1918 864; x_wconf 91' lang='lat' dir='ltr'>niti,</span> <span class='ocrx_word' id='word_1_371' title='bbox 1948 832 2001 860; x_wconf 67' lang='lat' dir='ltr'>vid.</span> <span class='ocrx_word' id='word_1_372' title='bbox 2023 841 2123 864; x_wconf 76' lang='lat' dir='ltr'>N1T0</span> <span class='ocrx_word' id='word_1_373' title='bbox 2135 846 2162 866; x_wconf 72' lang='lat' dir='ltr'>R,</span> 
     </span>
     <span class='ocr_line' id='line_1_20' title="bbox 24 864 2163 911; baseline -0.003 -9"><span class='ocrx_word' id='word_1_374' title='bbox 24 864 89 902; x_wconf 77' lang='lat' dir='ltr'>¹mula</span> <span class='ocrx_word' id='word_1_375' title='bbox 100 878 127 901; x_wconf 80' lang='lat' dir='ltr'>in</span> <span class='ocrx_word' id='word_1_376' title='bbox 139 874 240 901; x_wconf 75' lang='lat' dir='ltr'>iudiciis</span> <span class='ocrx_word' id='word_1_377' title='bbox 252 874 395 910; x_wconf 55' lang='lat' dir='ltr'>honac-fidei</span> <span class='ocrx_word' id='word_1_378' title='bbox 407 875 534 911; x_wconf 61' lang='lat' dir='ltr'>obfirmari</span> <span class='ocrx_word' id='word_1_379' title='bbox 541 875 627 910; x_wconf 81' lang='lat' dir='ltr'>solita.</span> <span class='ocrx_word' id='word_1_380' title='bbox 663 871 716 898; x_wconf 85' lang='lat' dir='ltr'>Cic.</span> <span class='ocrx_word' id='word_1_381' title='bbox 725 869 778 896; x_wconf 84' lang='lat' dir='ltr'>Off.</span> <span class='ocrx_word' id='word_1_382' title='bbox 793 878 816 902; x_wconf 77' lang='lat'>3,</span> <span class='ocrx_word' id='word_1_383' title='bbox 829 871 857 895; x_wconf 84' lang='lat'>61</span> <span class='ocrx_word' id='word_1_384' title='bbox 880 867 1057 907; x_wconf 45' lang='lat' dir='ltr'>Rssliqlloru¹1¹</span> <span class='ocrx_word' id='word_1_385' title='bbox 1114 869 1153 896; x_wconf 92' lang='lat' dir='ltr'>Id.</span> <span class='ocrx_word' id='word_1_386' title='bbox 1168 868 1220 895; x_wconf 86' lang='lat' dir='ltr'>Off.</span> <span class='ocrx_word' id='word_1_387' title='bbox 1238 877 1253 895; x_wconf 82' lang='lat'><em>2</em></span> <span class='ocrx_word' id='word_1_388' title='bbox 1274 878 1295 894; x_wconf 90' lang='lat' dir='ltr'>c.</span> <span class='ocrx_word' id='word_1_389' title='bbox 1311 876 1345 894; x_wconf 85' lang='lat'>22</span> <span class='ocrx_word' id='word_1_390' title='bbox 1365 875 1430 894; x_wconf 78' lang='lat' dir='ltr'>extr.</span> <span class='ocrx_word' id='word_1_391' title='bbox 1452 869 1540 901; x_wconf 81' lang='lat' dir='ltr'>Qiam</span> <span class='ocrx_word' id='word_1_392' title='bbox 1552 873 1641 893; x_wconf 82' lang='lat' dir='ltr'>autem</span> <span class='ocrx_word' id='word_1_393' title='bbox 1656 866 1736 892; x_wconf 87' lang='lat' dir='ltr'>habet</span> <span class='ocrx_word' id='word_1_394' title='bbox 1750 867 1928 906; x_wconf 89' lang='lat' dir='ltr'>aequitatem,</span> <span class='ocrx_word' id='word_1_395' title='bbox 1944 874 1973 895; x_wconf 89' lang='lat' dir='ltr'>vt</span> <span class='ocrx_word' id='word_1_396' title='bbox 1986 878 2079 904; x_wconf 82' lang='lat' dir='ltr'>agrum</span> <span class='ocrx_word' id='word_1_397' title='bbox 2097 874 2163 900; x_wconf 88' lang='lat' dir='ltr'>mul.</span> 
     </span>
     <span class='ocr_line' id='line_1_21' title="bbox 22 903 2164 939; baseline -0.002 -2"><span class='ocrx_word' id='word_1_398' title='bbox 22 907 111 938; x_wconf 77' lang='lat' dir='ltr'>&#39;autem</span> <span class='ocrx_word' id='word_1_399' title='bbox 126 910 288 937; x_wconf 81' lang='lat' dir='ltr'>iudiciorum</span> <span class='ocrx_word' id='word_1_400' title='bbox 302 910 365 937; x_wconf 88' lang='lat' dir='ltr'>haec</span> <span class='ocrx_word' id='word_1_401' title='bbox 379 912 461 938; x_wconf 91' lang='lat' dir='ltr'>verba</span> <span class='ocrx_word' id='word_1_402' title='bbox 479 912 594 937; x_wconf 84' lang='lat' dir='ltr'>maxime</span> <span class='ocrx_word' id='word_1_403' title='bbox 607 907 749 938; x_wconf 88' lang='lat' dir='ltr'>excellunt,</span> <span class='ocrx_word' id='word_1_404' title='bbox 770 906 800 932; x_wconf 95' lang='lat' dir='ltr'>In</span> <span class='ocrx_word' id='word_1_405' title='bbox 813 903 928 931; x_wconf 73' lang='lat' dir='ltr'>arbitrio</span> <span class='ocrx_word' id='word_1_406' title='bbox 941 911 981 928; x_wconf 75' lang='lat' dir='ltr'>rel</span> <span class='ocrx_word' id='word_1_407' title='bbox 995 911 1059 928; x_wconf 73' lang='lat' dir='ltr'>vxo-</span> <span class='ocrx_word' id='word_1_408' title='bbox 1070 912 1104 930; x_wconf 86' lang='lat'>20</span> <span class='ocrx_word' id='word_1_409' title='bbox 1115 905 1148 932; x_wconf 89' lang='lat' dir='ltr'>tis</span> <span class='ocrx_word' id='word_1_410' title='bbox 1162 906 1237 930; x_wconf 89' lang='lat' dir='ltr'>annis</span> <span class='ocrx_word' id='word_1_411' title='bbox 1251 910 1295 931; x_wconf 88' lang='lat' dir='ltr'>aut</span> <span class='ocrx_word' id='word_1_412' title='bbox 1308 904 1390 930; x_wconf 90' lang='lat' dir='ltr'>etiam</span> <span class='ocrx_word' id='word_1_413' title='bbox 1404 904 1496 930; x_wconf 79' lang='lat' dir='ltr'>seculis</span> <span class='ocrx_word' id='word_1_414' title='bbox 1512 909 1573 929; x_wconf 86' lang='lat' dir='ltr'>ante</span> <span class='ocrx_word' id='word_1_415' title='bbox 1588 903 1737 937; x_wconf 69' lang='lat' dir='ltr'>ponemini,</span> <span class='ocrx_word' id='word_1_416' title='bbox 1754 911 1801 936; x_wconf 80' lang='lat' dir='ltr'>qui</span> <span class='ocrx_word' id='word_1_417' title='bbox 1816 903 1919 929; x_wconf 88' lang='lat' dir='ltr'>nullum</span> <span class='ocrx_word' id='word_1_418' title='bbox 1934 904 2043 939; x_wconf 87' lang='lat' dir='ltr'>habuit,</span> <span class='ocrx_word' id='word_1_419' title='bbox 2057 907 2164 935; x_wconf 78' lang='lat' dir='ltr'>habeat:</span> 
     </span>
     <span class='ocr_line' id='line_1_22' title="bbox 26 938 2164 982; baseline -0 -9"><span class='ocrx_word' id='word_1_420' title='bbox 26 947 95 979; x_wconf 85' lang='lat' dir='ltr'>riae,</span> <span class='ocrx_word' id='word_1_421' title='bbox 109 948 200 973; x_wconf 75' lang='lat' dir='ltr'>Melius</span> <span class='ocrx_word' id='word_1_422' title='bbox 212 949 320 982; x_wconf 62' lang='lat' dir='ltr'>aequius,</span> <span class='ocrx_word' id='word_1_423' title='bbox 334 948 364 973; x_wconf 85' lang='lat' dir='ltr'>Iu</span> <span class='ocrx_word' id='word_1_424' title='bbox 377 946 482 980; x_wconf 83' lang='lat' dir='ltr'>fiducia,</span> <span class='ocrx_word' id='word_1_425' title='bbox 504 948 538 973; x_wconf 80' lang='lat' dir='ltr'>lst</span> <span class='ocrx_word' id='word_1_426' title='bbox 551 949 615 972; x_wconf 79' lang='lat' dir='ltr'>inter</span> <span class='ocrx_word' id='word_1_427' title='bbox 624 943 696 970; x_wconf 81' lang='lat' dir='ltr'>bonos</span> <span class='ocrx_word' id='word_1_428' title='bbox 709 941 766 967; x_wconf 79' lang='lat' dir='ltr'>bene</span> <span class='ocrx_word' id='word_1_429' title='bbox 778 944 858 977; x_wconf 79' lang='lat' dir='ltr'>agier.</span> <span class='ocrx_word' id='word_1_430' title='bbox 889 938 964 978; x_wconf 80' lang='lat' dir='ltr'>Qiid</span> <span class='ocrx_word' id='word_1_431' title='bbox 978 939 1060 972; x_wconf 70' lang='lat' dir='ltr'>ergo?</span> <span class='ocrx_word' id='word_1_432' title='bbox 1115 941 1162 976; x_wconf 84' lang='lat' dir='ltr'>qui</span> <span class='ocrx_word' id='word_1_433' title='bbox 1182 947 1271 967; x_wconf 88' lang='lat' dir='ltr'>autem</span> <span class='ocrx_word' id='word_1_434' title='bbox 1289 940 1400 972; x_wconf 79' lang='lat' dir='ltr'>habuit,</span> <span class='ocrx_word' id='word_1_435' title='bbox 1421 940 1525 966; x_wconf 87' lang='lat' dir='ltr'>amittat</span> <span class='ocrx_word' id='word_1_436' title='bbox 1540 940 1548 965; x_wconf 78' lang='lat'>3</span> <span class='ocrx_word' id='word_1_437' title='bbox 1581 938 1620 965; x_wconf 88' lang='lat' dir='ltr'>Id.</span> <span class='ocrx_word' id='word_1_438' title='bbox 1636 947 1685 973; x_wconf 92' lang='lat' dir='ltr'>pro</span> <span class='ocrx_word' id='word_1_439' title='bbox 1700 938 1793 971; x_wconf 74' lang='lat' dir='ltr'>Quint.</span> <span class='ocrx_word' id='word_1_440' title='bbox 1808 947 1836 964; x_wconf 89' lang='lat'>10</span> <span class='ocrx_word' id='word_1_441' title='bbox 1857 947 1878 964; x_wconf 90' lang='lat' dir='ltr'>c.</span> <span class='ocrx_word' id='word_1_442' title='bbox 1899 947 1916 965; x_wconf 82' lang='lat'>2</span> <span class='ocrx_word' id='word_1_443' title='bbox 1937 941 1982 966; x_wconf 91' lang='lat' dir='ltr'>Te</span> <span class='ocrx_word' id='word_1_444' title='bbox 2004 943 2033 968; x_wconf 94' lang='lat' dir='ltr'>C.</span> <span class='ocrx_word' id='word_1_445' title='bbox 2054 944 2164 979; x_wconf 85' lang='lat' dir='ltr'>Aquili,</span> 
     </span>
     <span class='ocr_line' id='line_1_23' title="bbox 26 974 2166 1019; baseline -0.002 -11"><span class='ocrx_word' id='word_1_446' title='bbox 26 988 70 1009; x_wconf 83' lang='lat' dir='ltr'>aut</span> <span class='ocrx_word' id='word_1_447' title='bbox 83 982 110 1008; x_wconf 90' lang='lat' dir='ltr'>in</span> <span class='ocrx_word' id='word_1_448' title='bbox 124 991 156 1008; x_wconf 91' lang='lat' dir='ltr'>eo</span> <span class='ocrx_word' id='word_1_449' title='bbox 168 981 240 1017; x_wconf 86' lang='lat' dir='ltr'>quod</span> <span class='ocrx_word' id='word_1_450' title='bbox 253 984 346 1010; x_wconf 74' lang='lat' dir='ltr'>Melius</span> <span class='ocrx_word' id='word_1_451' title='bbox 359 986 459 1019; x_wconf 74' lang='lat' dir='ltr'>aequius</span> <span class='ocrx_word' id='word_1_452' title='bbox 473 980 520 1016; x_wconf 66' lang='lat' dir='ltr'>est,</span> <span class='ocrx_word' id='word_1_453' title='bbox 537 979 616 1016; x_wconf 86' lang='lat' dir='ltr'>potest</span> <span class='ocrx_word' id='word_1_454' title='bbox 632 977 683 1004; x_wconf 91' lang='lat' dir='ltr'>vlla</span> <span class='ocrx_word' id='word_1_455' title='bbox 700 985 758 1012; x_wconf 90' lang='lat' dir='ltr'>pars</span> <span class='ocrx_word' id='word_1_456' title='bbox 776 977 855 1002; x_wconf 72' lang='lat' dir='ltr'>iness&#39;e</span> <span class='ocrx_word' id='word_1_457' title='bbox 875 974 994 1014; x_wconf 64' lang='lat' dir='ltr'>fraudis}</span> <span class='ocrx_word' id='word_1_458' title='bbox 1007 979 1059 1013; x_wconf 32' lang='lat' dir='ltr'>’aut</span> <span class='ocrx_word' id='word_1_459' title='bbox 1114 985 1216 1011; x_wconf 90' lang='lat' dir='ltr'>vosque</span> <span class='ocrx_word' id='word_1_460' title='bbox 1232 976 1280 1011; x_wconf 93' lang='lat' dir='ltr'>qui</span> <span class='ocrx_word' id='word_1_461' title='bbox 1294 976 1323 1002; x_wconf 90' lang='lat' dir='ltr'>in</span> <span class='ocrx_word' id='word_1_462' title='bbox 1338 976 1448 1002; x_wconf 77' lang='lat' dir='ltr'>consilio</span> <span class='ocrx_word' id='word_1_463' title='bbox 1462 975 1570 1007; x_wconf 81' lang='lat' dir='ltr'>adestis,</span> <span class='ocrx_word' id='word_1_464' title='bbox 1587 980 1647 1001; x_wconf 81' lang='lat' dir='ltr'>orat</span> <span class='ocrx_word' id='word_1_465' title='bbox 1661 980 1740 1014; x_wconf 32' lang='lat' dir='ltr'>atq-ue</span> <span class='ocrx_word' id='word_1_466' title='bbox 1756 974 1891 1007; x_wconf 84' lang='lat' dir='ltr'>obsecrat,</span> <span class='ocrx_word' id='word_1_467' title='bbox 1908 981 1937 1001; x_wconf 92' lang='lat' dir='ltr'>vt</span> <span class='ocrx_word' id='word_1_468' title='bbox 1951 977 2041 1004; x_wconf 86' lang='lat' dir='ltr'>multis</span> <span class='ocrx_word' id='word_1_469' title='bbox 2056 979 2166 1007; x_wconf 73' lang='lat' dir='ltr'>iniuriis</span> 
     </span>
     <span class='ocr_line' id='line_1_24' title="bbox 26 1009 2167 1055; baseline -0.003 -11"><span class='ocrx_word' id='word_1_470' title='bbox 26 1026 83 1044; x_wconf 87' lang='lat' dir='ltr'>cum</span> <span class='ocrx_word' id='word_1_471' title='bbox 98 1016 205 1051; x_wconf 85' lang='lat' dir='ltr'>dicitur,</span> <span class='ocrx_word' id='word_1_472' title='bbox 221 1020 290 1045; x_wconf 68' lang='lat' dir='ltr'>Inter</span> <span class='ocrx_word' id='word_1_473' title='bbox 305 1018 378 1045; x_wconf 75' lang='lat' dir='ltr'>bonos</span> <span class='ocrx_word' id='word_1_474' title='bbox 391 1020 447 1045; x_wconf 66' lang='lat' dir='ltr'>bene</span> <span class='ocrx_word' id='word_1_475' title='bbox 460 1021 537 1055; x_wconf 75' lang='lat' dir='ltr'>agier,</span> <span class='ocrx_word' id='word_1_476' title='bbox 552 1013 695 1050; x_wconf 79' lang='lat' dir='ltr'>quidquam</span> <span class='ocrx_word' id='word_1_477' title='bbox 709 1013 752 1047; x_wconf 83' lang='lat' dir='ltr'>agi</span> <span class='ocrx_word' id='word_1_478' title='bbox 765 1012 855 1039; x_wconf 81' lang='lat' dir='ltr'>dolose</span> <span class='ocrx_word' id='word_1_479' title='bbox 869 1017 914 1037; x_wconf 82' lang='lat' dir='ltr'>aut</span> <span class='ocrx_word' id='word_1_480' title='bbox 927 1009 1060 1036; x_wconf 71' lang='lat' dir='ltr'>mahtlose</span> <span class='ocrx_word' id='word_1_481' title='bbox 1115 1013 1240 1039; x_wconf 65' lang='lat' dir='ltr'>iaetatam</span> <span class='ocrx_word' id='word_1_482' title='bbox 1259 1018 1339 1047; x_wconf 88' lang='lat' dir='ltr'>atque</span> <span class='ocrx_word' id='word_1_483' title='bbox 1359 1013 1484 1046; x_wconf 83' lang='lat' dir='ltr'>agitatam</span> <span class='ocrx_word' id='word_1_484' title='bbox 1504 1011 1680 1045; x_wconf 82' lang='lat' dir='ltr'>aequitatem,</span> <span class='ocrx_word' id='word_1_485' title='bbox 1703 1019 1731 1035; x_wconf 88' lang='lat' dir='ltr'>m</span> <span class='ocrx_word' id='word_1_486' title='bbox 1751 1009 1801 1036; x_wconf 90' lang='lat' dir='ltr'>hoc</span> <span class='ocrx_word' id='word_1_487' title='bbox 1821 1010 1925 1036; x_wconf 87' lang='lat' dir='ltr'>tandem</span> <span class='ocrx_word' id='word_1_488' title='bbox 1947 1011 2007 1038; x_wconf 87' lang='lat' dir='ltr'>loco</span> <span class='ocrx_word' id='word_1_489' title='bbox 2028 1016 2167 1043; x_wconf 72' lang='lat' dir='ltr'>confistere</span> 
     </span>
     <span class='ocr_line' id='line_1_25' title="bbox 26 1045 2168 1088; baseline -0 -8"><span class='ocrx_word' id='word_1_490' title='bbox 26 1046 122 1088; x_wconf 71' lang='lat' dir='ltr'>potest?</span> <span class='ocrx_word' id='word_1_491' title='bbox 148 1053 220 1080; x_wconf 84' lang='lat' dir='ltr'>Idem</span> <span class='ocrx_word' id='word_1_492' title='bbox 235 1055 263 1080; x_wconf 88' lang='lat' dir='ltr'>in</span> <span class='ocrx_word' id='word_1_493' title='bbox 277 1055 377 1088; x_wconf 82' lang='lat' dir='ltr'>Topic.</span> <span class='ocrx_word' id='word_1_494' title='bbox 393 1057 427 1081; x_wconf 89' lang='lat'>66</span> <span class='ocrx_word' id='word_1_495' title='bbox 446 1055 476 1080; x_wconf 89' lang='lat' dir='ltr'>In</span> <span class='ocrx_word' id='word_1_496' title='bbox 491 1050 610 1079; x_wconf 89' lang='lat' dir='ltr'>omnibus</span> <span class='ocrx_word' id='word_1_497' title='bbox 628 1050 712 1084; x_wconf 87' lang='lat' dir='ltr'>igitur</span> <span class='ocrx_word' id='word_1_498' title='bbox 727 1049 760 1075; x_wconf 88' lang='lat' dir='ltr'>iis</span> <span class='ocrx_word' id='word_1_499' title='bbox 774 1047 898 1079; x_wconf 88' lang='lat' dir='ltr'>iudiciis,</span> <span class='ocrx_word' id='word_1_500' title='bbox 919 1046 947 1072; x_wconf 90' lang='lat' dir='ltr'>in</span> <span class='ocrx_word' id='word_1_501' title='bbox 961 1045 1060 1081; x_wconf 87' lang='lat' dir='ltr'>quibus</span> <span class='ocrx_word' id='word_1_502' title='bbox 1117 1055 1142 1074; x_wconf 89' lang='lat' dir='ltr'>et</span> <span class='ocrx_word' id='word_1_503' title='bbox 1161 1048 1316 1074; x_wconf 83' lang='lat' dir='ltr'>confirmari</span> <span class='ocrx_word' id='word_1_504' title='bbox 1335 1048 1485 1082; x_wconf 88' lang='lat' dir='ltr'>patiamini.</span> <span class='ocrx_word' id='word_1_505' title='bbox 1524 1048 1562 1074; x_wconf 88' lang='lat' dir='ltr'>ld.</span> <span class='ocrx_word' id='word_1_506' title='bbox 1577 1055 1626 1082; x_wconf 89' lang='lat' dir='ltr'>pro</span> <span class='ocrx_word' id='word_1_507' title='bbox 1639 1047 1724 1072; x_wconf 83' lang='lat' dir='ltr'>Plane.</span> <span class='ocrx_word' id='word_1_508' title='bbox 1743 1055 1780 1078; x_wconf 87' lang='lat'>42</span> <span class='ocrx_word' id='word_1_509' title='bbox 1801 1046 1902 1086; x_wconf 56' lang='lat' dir='ltr'>Fugiat</span> <span class='ocrx_word' id='word_1_510' title='bbox 1922 1047 2076 1077; x_wconf 79' lang='lat' dir='ltr'>sententiam</span> <span class='ocrx_word' id='word_1_511' title='bbox 2092 1051 2168 1087; x_wconf 80' lang='lat' dir='ltr'>legis,</span> 
     </span>
     <span class='ocr_line' id='line_1_26' title="bbox 26 1081 2168 1125; baseline -0.001 -10"><span class='ocrx_word' id='word_1_512' title='bbox 26 1088 120 1125; x_wconf 63' lang='lat' dir='ltr'>Eas-fide</span> <span class='ocrx_word' id='word_1_513' title='bbox 133 1089 194 1116; x_wconf 86' lang='lat' dir='ltr'>bona</span> <span class='ocrx_word' id='word_1_514' title='bbox 208 1089 243 1116; x_wconf 82' lang='lat' dir='ltr'>cst</span> <span class='ocrx_word' id='word_1_515' title='bbox 258 1089 394 1123; x_wconf 86' lang='lat' dir='ltr'>additum,</span> <span class='ocrx_word' id='word_1_516' title='bbox 413 1090 459 1117; x_wconf 90' lang='lat' dir='ltr'>vbi</span> <span class='ocrx_word' id='word_1_517' title='bbox 471 1096 533 1115; x_wconf 86' lang='lat' dir='ltr'>vero</span> <span class='ocrx_word' id='word_1_518' title='bbox 547 1086 636 1118; x_wconf 85' lang='lat' dir='ltr'>etiam,</span> <span class='ocrx_word' id='word_1_519' title='bbox 677 1086 711 1112; x_wconf 82' lang='lat' dir='ltr'>Vt</span> <span class='ocrx_word' id='word_1_520' title='bbox 729 1088 797 1111; x_wconf 79' lang='lat' dir='ltr'>inter</span> <span class='ocrx_word' id='word_1_521' title='bbox 815 1083 889 1110; x_wconf 84' lang='lat' dir='ltr'>bonos</span> <span class='ocrx_word' id='word_1_522' title='bbox 905 1082 962 1108; x_wconf 75' lang='lat' dir='ltr'>bene</span> <span class='ocrx_word' id='word_1_523' title='bbox 981 1084 1061 1118; x_wconf 78' lang='lat' dir='ltr'>agier,</span> <span class='ocrx_word' id='word_1_524' title='bbox 1075 1092 1105 1118; x_wconf 63' lang='grc' dir='ltr'>ις</span> <span class='ocrx_word' id='word_1_525' title='bbox 1116 1085 1278 1119; x_wconf 80' lang='lat' dir='ltr'>aequitatem</span> <span class='ocrx_word' id='word_1_526' title='bbox 1294 1092 1402 1110; x_wconf 85' lang='lat' dir='ltr'>omnem</span> <span class='ocrx_word' id='word_1_527' title='bbox 1416 1083 1541 1110; x_wconf 89' lang='lat' dir='ltr'>reiecisti.</span> <span class='ocrx_word' id='word_1_528' title='bbox 1578 1082 1615 1109; x_wconf 91' lang='lat' dir='ltr'>Id.</span> <span class='ocrx_word' id='word_1_529' title='bbox 1632 1081 1685 1109; x_wconf 78' lang='lat' dir='ltr'>Off.</span> <span class='ocrx_word' id='word_1_530' title='bbox 1701 1091 1721 1114; x_wconf 89' lang='lat'>1,</span> <span class='ocrx_word' id='word_1_531' title='bbox 1735 1084 1772 1114; x_wconf 80' lang='lat'><em>64</em></span> <span class='ocrx_word' id='word_1_532' title='bbox 1792 1081 1909 1108; x_wconf 79' lang='lat' dir='ltr'>Difficile</span> <span class='ocrx_word' id='word_1_533' title='bbox 1926 1090 2014 1111; x_wconf 86' lang='lat' dir='ltr'>autem</span> <span class='ocrx_word' id='word_1_534' title='bbox 2034 1086 2085 1119; x_wconf 84' lang='lat' dir='ltr'>est,</span> <span class='ocrx_word' id='word_1_535' title='bbox 2107 1098 2168 1114; x_wconf 83' lang='lat' dir='ltr'>cum</span> 
     </span>
     <span class='ocr_line' id='line_1_27' title="bbox 26 1118 2168 1160; baseline 0 -9"><span class='ocrx_word' id='word_1_536' title='bbox 26 1124 51 1151; x_wconf 93' lang='lat' dir='ltr'>in</span> <span class='ocrx_word' id='word_1_537' title='bbox 64 1124 209 1160; x_wconf 83' lang='lat' dir='ltr'>primisque</span> <span class='ocrx_word' id='word_1_538' title='bbox 223 1126 250 1152; x_wconf 88' lang='lat' dir='ltr'>in</span> <span class='ocrx_word' id='word_1_539' title='bbox 265 1125 379 1153; x_wconf 84' lang='lat' dir='ltr'>arbitrio</span> <span class='ocrx_word' id='word_1_540' title='bbox 393 1126 432 1153; x_wconf 88' lang='lat' dir='ltr'>rei</span> <span class='ocrx_word' id='word_1_541' title='bbox 443 1123 559 1155; x_wconf 84' lang='lat' dir='ltr'>vxoriae,</span> <span class='ocrx_word' id='word_1_542' title='bbox 574 1122 602 1149; x_wconf 83' lang='lat' dir='ltr'>in</span> <span class='ocrx_word' id='word_1_543' title='bbox 615 1130 670 1157; x_wconf 90' lang='lat' dir='ltr'>quo</span> <span class='ocrx_word' id='word_1_544' title='bbox 682 1120 718 1148; x_wconf 89' lang='lat' dir='ltr'>est</span> <span class='ocrx_word' id='word_1_545' title='bbox 726 1141 735 1154; x_wconf 93' lang='lat'>‚</span> <span class='ocrx_word' id='word_1_546' title='bbox 757 1119 827 1156; x_wconf 73' lang='lat' dir='ltr'>Qud</span> <span class='ocrx_word' id='word_1_547' title='bbox 845 1121 947 1156; x_wconf 80' lang='lat' dir='ltr'>aequius</span> <span class='ocrx_word' id='word_1_548' title='bbox 966 1119 1061 1148; x_wconf 76' lang='lat' dir='ltr'>melius,</span> <span class='ocrx_word' id='word_1_549' title='bbox 1117 1120 1247 1155; x_wconf 81' lang='lat' dir='ltr'>praestare</span> <span class='ocrx_word' id='word_1_550' title='bbox 1263 1119 1389 1146; x_wconf 75' lang='lat' dir='ltr'>omnibus</span> <span class='ocrx_word' id='word_1_551' title='bbox 1403 1120 1518 1154; x_wconf 84' lang='lat' dir='ltr'>cupieris</span> <span class='ocrx_word' id='word_1_552' title='bbox 1536 1120 1640 1145; x_wconf 85' lang='lat' dir='ltr'>seruare</span> <span class='ocrx_word' id='word_1_553' title='bbox 1655 1118 1814 1152; x_wconf 82' lang='lat' dir='ltr'>aequitatem</span> <span class='ocrx_word' id='word_1_554' title='bbox 1824 1138 1832 1149; x_wconf 89' lang='lat'>,</span> <span class='ocrx_word' id='word_1_555' title='bbox 1852 1127 1920 1152; x_wconf 85' lang='lat' dir='ltr'>quae</span> <span class='ocrx_word' id='word_1_556' title='bbox 1934 1119 1971 1145; x_wconf 88' lang='lat' dir='ltr'>est</span> <span class='ocrx_word' id='word_1_557' title='bbox 1983 1121 2100 1149; x_wconf 84' lang='lat' dir='ltr'>iustitiae</span> <span class='ocrx_word' id='word_1_558' title='bbox 2114 1133 2168 1151; x_wconf 85' lang='lat' dir='ltr'>ma-</span> 
     </span>
     <span class='ocr_line' id='line_1_28' title="bbox 24 1153 2168 1203; baseline 0.003 -22"><span class='ocrx_word' id='word_1_559' title='bbox 24 1161 108 1203; x_wconf 38' lang='grc' dir='ltr'>’,ω-δη</span> <span class='ocrx_word' id='word_1_560' title='bbox 124 1162 172 1188; x_wconf 65' lang='lat' dir='ltr'>effe</span> <span class='ocrx_word' id='word_1_561' title='bbox 192 1161 297 1189; x_wconf 60' lang='lat' dir='ltr'>debent,</span> <span class='ocrx_word' id='word_1_562' title='bbox 1117 1156 1189 1182; x_wconf 89' lang='lat' dir='ltr'>xime</span> <span class='ocrx_word' id='word_1_563' title='bbox 1211 1156 1328 1191; x_wconf 88' lang='lat' dir='ltr'>propria.</span> <span class='ocrx_word' id='word_1_564' title='bbox 1488 1153 1509 1192; x_wconf 59' lang='lat' dir='ltr'><strong>ff</strong></span> <span class='ocrx_word' id='word_1_565' title='bbox 1531 1163 1543 1187; x_wconf 89' lang='grc'><strong>3</strong></span> <span class='ocrx_word' id='word_1_566' title='bbox 1573 1154 1714 1188; x_wconf 82' lang='lat' dir='ltr'>Aequitas,</span> <span class='ocrx_word' id='word_1_567' title='bbox 1731 1162 1780 1189; x_wconf 85' lang='lat' dir='ltr'>pro</span> <span class='ocrx_word' id='word_1_568' title='bbox 1794 1154 1962 1188; x_wconf 85' lang='lat' dir='ltr'>Aequalitate</span> <span class='ocrx_word' id='word_1_569' title='bbox 1980 1159 2020 1183; x_wconf 78' lang='lat' dir='ltr'>vel</span> <span class='ocrx_word' id='word_1_570' title='bbox 2033 1160 2168 1194; x_wconf 83' lang='lat' dir='ltr'>Aequabi·</span> 
     </span>
     <span class='ocr_line' id='line_1_29' title="bbox 59 1188 2168 1231; baseline -0 -8"><span class='ocrx_word' id='word_1_571' title='bbox 59 1202 106 1224; x_wconf 81' lang='grc' dir='ltr'>ΑΕ</span> <span class='ocrx_word' id='word_1_572' title='bbox 143 1205 163 1223; x_wconf 85' lang='grc' dir='ltr'><strong>ν</strong></span> <span class='ocrx_word' id='word_1_573' title='bbox 174 1204 206 1230; x_wconf 81' lang='grc' dir='ltr'>Ε,</span> <span class='ocrx_word' id='word_1_574' title='bbox 234 1198 301 1224; x_wconf 84' lang='lat' dir='ltr'>Adu.</span> <span class='ocrx_word' id='word_1_575' title='bbox 328 1196 415 1231; x_wconf 65' lang='lat' dir='ltr'>[fa-ms]</span> <span class='ocrx_word' id='word_1_576' title='bbox 452 1193 518 1221; x_wconf 78' lang='lat' dir='ltr'>Idem</span> <span class='ocrx_word' id='word_1_577' title='bbox 527 1193 587 1229; x_wconf 76' lang='lat' dir='ltr'>sere</span> <span class='ocrx_word' id='word_1_578' title='bbox 607 1192 673 1229; x_wconf 80' lang='lat' dir='ltr'>quod</span> <span class='ocrx_word' id='word_1_579' title='bbox 689 1192 841 1228; x_wconf 81' lang='lat' dir='ltr'>aequaliter,</span> <span class='ocrx_word' id='word_1_580' title='bbox 860 1196 904 1216; x_wconf 77' lang='lat' dir='ltr'>aut</span> <span class='ocrx_word' id='word_1_581' title='bbox 922 1190 1002 1221; x_wconf 82' lang='lat' dir='ltr'>Tam,</span> <span class='ocrx_word' id='word_1_582' title='bbox 1023 1188 1064 1214; x_wconf 79' lang='lat' dir='ltr'>vel</span> <span class='ocrx_word' id='word_1_583' title='bbox 1117 1193 1193 1218; x_wconf 76' lang='lat' dir='ltr'>litate</span> <span class='ocrx_word' id='word_1_584' title='bbox 1206 1193 1264 1218; x_wconf 89' lang='lat' dir='ltr'>Sen.</span> <span class='ocrx_word' id='word_1_585' title='bbox 1280 1192 1343 1218; x_wconf 86' lang='lat' dir='ltr'>Nat.</span> <span class='ocrx_word' id='word_1_586' title='bbox 1359 1190 1466 1224; x_wconf 82' lang='lat' dir='ltr'>Qaest.</span> <span class='ocrx_word' id='word_1_587' title='bbox 1482 1199 1505 1223; x_wconf 82' lang='lat'>3,</span> <span class='ocrx_word' id='word_1_588' title='bbox 1520 1199 1549 1217; x_wconf 89' lang='lat'>10</span> <span class='ocrx_word' id='word_1_589' title='bbox 1569 1191 1600 1217; x_wconf 86' lang='lat' dir='ltr'>Et</span> <span class='ocrx_word' id='word_1_590' title='bbox 1614 1196 1708 1216; x_wconf 81' lang='lat' dir='ltr'>natura</span> <span class='ocrx_word' id='word_1_591' title='bbox 1721 1195 1806 1224; x_wconf 85' lang='lat' dir='ltr'>partes</span> <span class='ocrx_word' id='word_1_592' title='bbox 1822 1190 1895 1222; x_wconf 73' lang='lat' dir='ltr'>suaS,</span> <span class='ocrx_word' id='word_1_593' title='bbox 1917 1191 1989 1218; x_wconf 92' lang='lat' dir='ltr'>velut</span> <span class='ocrx_word' id='word_1_594' title='bbox 2003 1194 2032 1219; x_wconf 86' lang='lat' dir='ltr'>in</span> <span class='ocrx_word' id='word_1_595' title='bbox 2043 1196 2168 1228; x_wconf 49' lang='lat' dir='ltr'>ponderi‘</span> 
     </span>
     <span class='ocr_line' id='line_1_30' title="bbox 52 1224 2169 1265; baseline -0.001 -7"><span class='ocrx_word' id='word_1_596' title='bbox 52 1231 103 1259; x_wconf 78' lang='lat' dir='ltr'>deo.</span> <span class='ocrx_word' id='word_1_597' title='bbox 171 1242 208 1260; x_wconf 92' lang='lat' dir='ltr'>cr.</span> <span class='ocrx_word' id='word_1_598' title='bbox 229 1233 333 1260; x_wconf 79' lang='lat' dir='ltr'>Phorm.</span> <span class='ocrx_word' id='word_1_599' title='bbox 352 1241 380 1265; x_wconf 90' lang='lat'>3,</span> <span class='ocrx_word' id='word_1_600' title='bbox 398 1240 426 1263; x_wconf 82' lang='lat'>3,</span> <span class='ocrx_word' id='word_1_601' title='bbox 443 1239 472 1262; x_wconf 83' lang='lat'>32</span> <span class='ocrx_word' id='word_1_602' title='bbox 500 1228 578 1256; x_wconf 79' lang='lat' dir='ltr'>Nihil</span> <span class='ocrx_word' id='word_1_603' title='bbox 599 1229 635 1255; x_wconf 81' lang='lat' dir='ltr'>est</span> <span class='ocrx_word' id='word_1_604' title='bbox 654 1237 737 1263; x_wconf 70' lang='lat' dir='ltr'>aeque</span> <span class='ocrx_word' id='word_1_605' title='bbox 758 1226 831 1262; x_wconf 75' lang='lat' dir='ltr'>q1¹0d</span> <span class='ocrx_word' id='word_1_606' title='bbox 848 1226 946 1253; x_wconf 71' lang='lat' dir='ltr'>faciam</span> <span class='ocrx_word' id='word_1_607' title='bbox 959 1224 1060 1264; x_wconf 40' lang='lat' dir='ltr'>luben-S·</span> <span class='ocrx_word' id='word_1_608' title='bbox 1117 1228 1166 1255; x_wconf 83' lang='lat' dir='ltr'>bus</span> <span class='ocrx_word' id='word_1_609' title='bbox 1180 1228 1349 1260; x_wconf 83' lang='lat' dir='ltr'>constitutas,</span> <span class='ocrx_word' id='word_1_610' title='bbox 1365 1227 1512 1254; x_wconf 83' lang='lat' dir='ltr'>examinat:</span> <span class='ocrx_word' id='word_1_611' title='bbox 1531 1235 1565 1254; x_wconf 86' lang='lat' dir='ltr'>ne</span> <span class='ocrx_word' id='word_1_612' title='bbox 1585 1226 1740 1261; x_wconf 89' lang='lat' dir='ltr'>portionum</span> <span class='ocrx_word' id='word_1_613' title='bbox 1759 1226 1892 1260; x_wconf 85' lang='lat' dir='ltr'>aequitate</span> <span class='ocrx_word' id='word_1_614' title='bbox 1912 1227 2032 1262; x_wconf 83' lang='lat' dir='ltr'>turbata,</span> <span class='ocrx_word' id='word_1_615' title='bbox 2056 1232 2169 1259; x_wconf 69' lang='lat' dir='ltr'>mundus</span> 
     </span>
     <span class='ocr_line' id='line_1_31' title="bbox 60 1260 2170 1303; baseline -0.001 -9"><span class='ocrx_word' id='word_1_616' title='bbox 60 1267 151 1295; x_wconf 79' lang='lat' dir='ltr'>udatur</span> <span class='ocrx_word' id='word_1_617' title='bbox 172 1278 201 1295; x_wconf 72' lang='lat' dir='ltr'>ex</span> <span class='ocrx_word' id='word_1_618' title='bbox 223 1269 329 1301; x_wconf 81' lang='lat' dir='ltr'>Plauto,</span> <span class='ocrx_word' id='word_1_619' title='bbox 351 1266 410 1294; x_wconf 91' lang='lat' dir='ltr'>Ioui</span> <span class='ocrx_word' id='word_1_620' title='bbox 430 1265 446 1292; x_wconf 86' lang='lat' dir='ltr'>fi</span> <span class='ocrx_word' id='word_1_621' title='bbox 466 1265 532 1292; x_wconf 92' lang='lat' dir='ltr'>viuo</span> <span class='ocrx_word' id='word_1_622' title='bbox 551 1270 661 1299; x_wconf 81' lang='lat' dir='ltr'>argento</span> <span class='ocrx_word' id='word_1_623' title='bbox 678 1263 866 1295; x_wconf 81' lang='lat' dir='ltr'>sacrificaffem,</span> <span class='ocrx_word' id='word_1_624' title='bbox 881 1269 1017 1296; x_wconf 82' lang='lat' dir='ltr'>nunquam</span> <span class='ocrx_word' id='word_1_625' title='bbox 1034 1260 1061 1286; x_wconf 83' lang='lat' dir='ltr'>ld</span> <span class='ocrx_word' id='word_1_626' title='bbox 1081 1264 1319 1300; x_wconf 82' lang='lat' dir='ltr'>30praeponderet.</span> <span class='ocrx_word' id='word_1_627' title='bbox 1356 1263 1540 1290; x_wconf 78' lang='lat' dir='ltr'>Commoditas</span> <span class='ocrx_word' id='word_1_628' title='bbox 1553 1269 1579 1289; x_wconf 83' lang='lat' dir='ltr'>et</span> <span class='ocrx_word' id='word_1_629' title='bbox 1593 1262 1719 1296; x_wconf 86' lang='lat' dir='ltr'>Aequitas</span> <span class='ocrx_word' id='word_1_630' title='bbox 1733 1261 1917 1289; x_wconf 89' lang='lat' dir='ltr'>membrorum</span> <span class='ocrx_word' id='word_1_631' title='bbox 1930 1263 2001 1291; x_wconf 82' lang='lat' dir='ltr'>Suet.</span> <span class='ocrx_word' id='word_1_632' title='bbox 2016 1267 2083 1301; x_wconf 86' lang='lat' dir='ltr'>Aug.</span> <span class='ocrx_word' id='word_1_633' title='bbox 2098 1277 2119 1294; x_wconf 91' lang='lat' dir='ltr'>c.</span> <span class='ocrx_word' id='word_1_634' title='bbox 2135 1276 2170 1303; x_wconf 84' lang='lat'>79</span> 
     </span>
     <span class='ocr_line' id='line_1_32' title="bbox 25 1298 1774 1340; baseline -0.006 -10"><span class='ocrx_word' id='word_1_635' title='bbox 25 1313 94 1340; x_wconf 54' lang='lat' dir='ltr'>pieque</span> <span class='ocrx_word' id='word_1_636' title='bbox 107 1304 163 1330; x_wconf 76' lang='lat' dir='ltr'>bene</span> <span class='ocrx_word' id='word_1_637' title='bbox 176 1305 344 1332; x_wconf 76' lang='lat' dir='ltr'>collocass‘em.</span> <span class='ocrx_word' id='word_1_638' title='bbox 380 1303 469 1337; x_wconf 82' lang='lat' dir='ltr'>Aeque</span> <span class='ocrx_word' id='word_1_639' title='bbox 483 1301 569 1328; x_wconf 87' lang='lat' dir='ltr'>facilis</span> <span class='ocrx_word' id='word_1_640' title='bbox 582 1300 697 1327; x_wconf 73' lang='lat' dir='ltr'>vic&#39;toria</span> <span class='ocrx_word' id='word_1_641' title='bbox 711 1300 772 1326; x_wconf 91' lang='lat' dir='ltr'>Liu.</span> <span class='ocrx_word' id='word_1_642' title='bbox 781 1306 807 1333; x_wconf 86' lang='lat'>7,</span> <span class='ocrx_word' id='word_1_643' title='bbox 816 1307 858 1332; x_wconf 79' lang='lat'>29.</span> <span class='ocrx_word' id='word_1_644' title='bbox 895 1299 988 1332; x_wconf 86' lang='lat' dir='ltr'>Aeque</span> <span class='ocrx_word' id='word_1_645' title='bbox 1001 1305 1060 1330; x_wconf 86' lang='lat' dir='ltr'>pro·</span> <span class='ocrx_word' id='word_1_646' title='bbox 1116 1298 1151 1334; x_wconf 70' lang='lat' dir='ltr'>cst</span> <span class='ocrx_word' id='word_1_647' title='bbox 1163 1298 1228 1334; x_wconf 84' lang='lat' dir='ltr'>iusta</span> <span class='ocrx_word' id='word_1_648' title='bbox 1234 1303 1384 1336; x_wconf 69' lang='lat' dir='ltr'>proportio,</span> <span class='ocrx_word' id='word_1_649' title='bbox 1399 1300 1558 1334; x_wconf 59' lang='grc' dir='ltr'>συμμετρία,</span> <span class='ocrx_word' id='word_1_650' title='bbox 1574 1299 1598 1335; x_wconf 70' lang='lat' dir='ltr'><em>s</em></span> <span class='ocrx_word' id='word_1_651' title='bbox 1617 1298 1774 1333; x_wconf 60' lang='lat' dir='ltr'>commenfils,</span> 
     </span>
     <span class='ocr_line' id='line_1_33' title="bbox 25 1332 2170 1376; baseline -0.003 -5"><span class='ocrx_word' id='word_1_652' title='bbox 25 1340 99 1375; x_wconf 77' lang='lat' dir='ltr'>spero</span> <span class='ocrx_word' id='word_1_653' title='bbox 116 1346 213 1367; x_wconf 84' lang='lat' dir='ltr'>euentu</span> <span class='ocrx_word' id='word_1_654' title='bbox 227 1348 340 1376; x_wconf 80' lang='lat' dir='ltr'>pugnare</span> <span class='ocrx_word' id='word_1_655' title='bbox 357 1337 435 1370; x_wconf 82' lang='lat' dir='ltr'>1d.8‚</span> <span class='ocrx_word' id='word_1_656' title='bbox 450 1346 484 1369; x_wconf 84' lang='lat'>¹3-</span> <span class='ocrx_word' id='word_1_657' title='bbox 522 1336 602 1371; x_wconf 70' lang='lat' dir='ltr'>Qiod</span> <span class='ocrx_word' id='word_1_658' title='bbox 619 1344 701 1371; x_wconf 80' lang='lat' dir='ltr'>aeque</span> <span class='ocrx_word' id='word_1_659' title='bbox 721 1343 816 1369; x_wconf 84' lang='lat' dir='ltr'>corpus</span> <span class='ocrx_word' id='word_1_660' title='bbox 835 1339 935 1368; x_wconf 80' lang='lat' dir='ltr'>tegeret</span> <span class='ocrx_word' id='word_1_661' title='bbox 954 1338 980 1359; x_wconf 79' lang='lat' dir='ltr'>et</span> <span class='ocrx_word' id='word_1_662' title='bbox 1001 1333 1059 1358; x_wconf 78' lang='lat' dir='ltr'>leue</span> <span class='ocrx_word' id='word_1_663' title='bbox 1154 1334 1424 1376; x_wconf 65' lang='lat' dir='ltr'>Arqvaniris‚</span> <span class='ocrx_word' id='word_1_664' title='bbox 1448 1343 1471 1361; x_wconf 86' lang='lat' dir='ltr'>e.</span> <span class='ocrx_word' id='word_1_665' title='bbox 1500 1337 1578 1369; x_wconf 39' lang='grc' dir='ltr'>[ἴση</span> <span class='ocrx_word' id='word_1_666' title='bbox 1598 1332 1695 1370; x_wconf 50' lang='grc' dir='ltr'>ἄρτιος]</span> <span class='ocrx_word' id='word_1_667' title='bbox 1733 1332 1893 1369; x_wconf 73' lang='lat' dir='ltr'>Compofitam</span> <span class='ocrx_word' id='word_1_668' title='bbox 1911 1337 2084 1371; x_wconf 75' lang='lat' dir='ltr'>aequalitatem</span> <span class='ocrx_word' id='word_1_669' title='bbox 2103 1341 2170 1366; x_wconf 78' lang='lat' dir='ltr'>inter·</span> 
     </span>
     <span class='ocr_line' id='line_1_34' title="bbox 25 1371 2170 1411; baseline -0.007 -4"><span class='ocrx_word' id='word_1_670' title='bbox 25 1374 84 1407; x_wconf 36' lang='lat' dir='ltr'>&amp;sset</span> <span class='ocrx_word' id='word_1_671' title='bbox 99 1376 167 1411; x_wconf 64' lang='lat' dir='ltr'>Nel’-</span> <span class='ocrx_word' id='word_1_672' title='bbox 183 1385 214 1409; x_wconf 66' lang='grc' dir='ltr'>Π,</span> <span class='ocrx_word' id='word_1_673' title='bbox 227 1385 246 1409; x_wconf 75' lang='lat'>¹2</span> <span class='ocrx_word' id='word_1_674' title='bbox 262 1383 282 1410; x_wconf 78' lang='lat'>5·</span> <span class='ocrx_word' id='word_1_675' title='bbox 319 1376 410 1409; x_wconf 67' lang='lat' dir='ltr'>Aeque</span> <span class='ocrx_word' id='word_1_676' title='bbox 423 1373 490 1400; x_wconf 69' lang='lat' dir='ltr'>bene</span> <span class='ocrx_word' id='word_1_677' title='bbox 504 1374 562 1400; x_wconf 79' lang='lat' dir='ltr'>VsUS</span> <span class='ocrx_word' id='word_1_678' title='bbox 575 1372 610 1399; x_wconf 75' lang='lat' dir='ltr'>est</span> <span class='ocrx_word' id='word_1_679' title='bbox 622 1371 660 1398; x_wconf 78' lang='lat' dir='ltr'>Id·</span> <span class='ocrx_word' id='word_1_680' title='bbox 674 1379 719 1404; x_wconf 76' lang='lat'>23,</span> <span class='ocrx_word' id='word_1_681' title='bbox 733 1381 762 1405; x_wconf 65' lang='lat'>42</span> <span class='ocrx_word' id='word_1_682' title='bbox 775 1379 796 1403; x_wconf 82' lang='lat'>3·</span> <span class='ocrx_word' id='word_1_683' title='bbox 835 1372 956 1398; x_wconf 59' lang='lat' dir='ltr'>Iumenta</span> <span class='ocrx_word' id='word_1_684' title='bbox 976 1377 1060 1409; x_wconf 77' lang='lat' dir='ltr'>aeque</span> <span class='ocrx_word' id='word_1_685' title='bbox 1111 1374 1202 1410; x_wconf 79' lang='lat' dir='ltr'>plura,</span> <span class='ocrx_word' id='word_1_686' title='bbox 1221 1373 1262 1398; x_wconf 79' lang='lat' dir='ltr'>vel</span> <span class='ocrx_word' id='word_1_687' title='bbox 1273 1375 1395 1398; x_wconf 82' lang='lat' dir='ltr'>rationem</span> <span class='ocrx_word' id='word_1_688' title='bbox 1404 1371 1428 1407; x_wconf 92' lang='lat' dir='ltr'><em>s</em></span> <span class='ocrx_word' id='word_1_689' title='bbox 1443 1372 1587 1397; x_wconf 76' lang='lat' dir='ltr'>relationem</span> <span class='ocrx_word' id='word_1_690' title='bbox 1598 1372 1735 1406; x_wconf 77' lang='lat' dir='ltr'>aequalem,</span> <span class='ocrx_word' id='word_1_691' title='bbox 1744 1377 1976 1407; x_wconf 66' lang='lat' dir='ltr'>propornonemque</span> <span class='ocrx_word' id='word_1_692' title='bbox 1989 1373 2048 1400; x_wconf 59' lang='lat' dir='ltr'>adeo</span> <span class='ocrx_word' id='word_1_693' title='bbox 2063 1374 2170 1401; x_wconf 53' lang='lat' dir='ltr'>indicat-</span> 
     </span>
     <span class='ocr_line' id='line_1_35' title="bbox 25 1404 2170 1446; baseline 0.001 -11"><span class='ocrx_word' id='word_1_694' title='bbox 25 1411 109 1443; x_wconf 52' lang='lat' dir='ltr'>nitida</span> <span class='ocrx_word' id='word_1_695' title='bbox 128 1412 166 1438; x_wconf 81' lang='lat' dir='ltr'>ld.</span> <span class='ocrx_word' id='word_1_696' title='bbox 181 1417 221 1445; x_wconf 83' lang='lat'>18,</span> <span class='ocrx_word' id='word_1_697' title='bbox 239 1420 265 1445; x_wconf 89' lang='grc'>5,</span> <span class='ocrx_word' id='word_1_698' title='bbox 286 1413 311 1438; x_wconf 85' lang='grc'>6.</span> <span class='ocrx_word' id='word_1_699' title='bbox 349 1411 420 1445; x_wconf 77' lang='lat' dir='ltr'>Saepe</span> <span class='ocrx_word' id='word_1_700' title='bbox 434 1410 547 1446; x_wconf 82' lang='lat' dir='ltr'>sequitur</span> <span class='ocrx_word' id='word_1_701' title='bbox 564 1404 774 1439; x_wconf 63' lang='lat' dir='ltr'>coniunffioAc,</span> <span class='ocrx_word' id='word_1_702' title='bbox 800 1406 847 1439; x_wconf 84' lang='lat' dir='ltr'>Et,</span> <span class='ocrx_word' id='word_1_703' title='bbox 868 1407 965 1441; x_wconf 87' lang='lat' dir='ltr'>Atque.</span> <span class='ocrx_word' id='word_1_704' title='bbox 1003 1406 1059 1431; x_wconf 86' lang='lat' dir='ltr'>Clc.</span> <span class='ocrx_word' id='word_1_705' title='bbox 1116 1409 1175 1436; x_wconf 87' lang='lat' dir='ltr'>Cic.</span> <span class='ocrx_word' id='word_1_706' title='bbox 1190 1407 1222 1434; x_wconf 88' lang='lat' dir='ltr'>de</span> <span class='ocrx_word' id='word_1_707' title='bbox 1236 1408 1275 1437; x_wconf 75' lang='lat' dir='ltr'>N.</span> <span class='ocrx_word' id='word_1_708' title='bbox 1289 1408 1321 1433; x_wconf 89' lang='lat' dir='ltr'>D.</span> <span class='ocrx_word' id='word_1_709' title='bbox 1335 1415 1355 1439; x_wconf 90' lang='lat'>1,</span> <span class='ocrx_word' id='word_1_710' title='bbox 1371 1416 1402 1439; x_wconf 85' lang='grc' dir='ltr'>5ο</span> <span class='ocrx_word' id='word_1_711' title='bbox 1423 1416 1444 1432; x_wconf 89' lang='lat' dir='ltr'>c.</span> <span class='ocrx_word' id='word_1_712' title='bbox 1461 1415 1490 1439; x_wconf 82' lang='lat'>¹9</span> <span class='ocrx_word' id='word_1_713' title='bbox 1510 1407 1541 1432; x_wconf 90' lang='lat' dir='ltr'>In</span> <span class='ocrx_word' id='word_1_714' title='bbox 1554 1406 1681 1442; x_wconf 75' lang='lat' dir='ltr'>infinitate</span> <span class='ocrx_word' id='word_1_715' title='bbox 1694 1405 1809 1439; x_wconf 74' lang='lat' dir='ltr'>intelligi</span> <span class='ocrx_word' id='word_1_716' title='bbox 1823 1408 1921 1433; x_wconf 78' lang='lat' dir='ltr'>necesse</span> <span class='ocrx_word' id='word_1_717' title='bbox 1934 1408 1970 1433; x_wconf 82' lang='lat' dir='ltr'>est</span> <span class='ocrx_word' id='word_1_718' title='bbox 1989 1417 2046 1435; x_wconf 86' lang='lat' dir='ltr'>eam</span> <span class='ocrx_word' id='word_1_719' title='bbox 2059 1411 2108 1436; x_wconf 79' lang='lat' dir='ltr'>effe</span> <span class='ocrx_word' id='word_1_720' title='bbox 2126 1418 2170 1436; x_wconf 83' lang='lat' dir='ltr'>na-</span> 
     </span>
     <span class='ocr_line' id='line_1_36' title="bbox 25 1441 2171 1482; baseline -0.005 -7"><span class='ocrx_word' id='word_1_721' title='bbox 25 1446 26 1453; x_wconf 54' lang='lat'><em>*</em></span> <span class='ocrx_word' id='word_1_722' title='bbox 48 1447 103 1474; x_wconf 79' lang='lat' dir='ltr'>cad.</span> <span class='ocrx_word' id='word_1_723' title='bbox 120 1457 154 1482; x_wconf 89' lang='lat'>4,</span> <span class='ocrx_word' id='word_1_724' title='bbox 175 1467 182 1474; x_wconf 90' lang='lat'>.</span> <span class='ocrx_word' id='word_1_725' title='bbox 208 1467 215 1474; x_wconf 88' lang='lat'>.</span> <span class='ocrx_word' id='word_1_726' title='bbox 241 1448 272 1474; x_wconf 83' lang='lat' dir='ltr'>Et</span> <span class='ocrx_word' id='word_1_727' title='bbox 286 1446 386 1473; x_wconf 88' lang='lat' dir='ltr'>somnia</span> <span class='ocrx_word' id='word_1_728' title='bbox 401 1445 559 1478; x_wconf 76' lang='lat' dir='ltr'>dormienti,</span> <span class='ocrx_word' id='word_1_729' title='bbox 572 1453 626 1471; x_wconf 88' lang='lat' dir='ltr'>non</span> <span class='ocrx_word' id='word_1_730' title='bbox 637 1452 708 1479; x_wconf 77' lang='lat' dir='ltr'>aeque</span> <span class='ocrx_word' id='word_1_731' title='bbox 722 1452 752 1469; x_wconf 83' lang='lat' dir='ltr'>ac</span> <span class='ocrx_word' id='word_1_732' title='bbox 763 1442 889 1477; x_wconf 84' lang='lat' dir='ltr'>vigilanti</span> <span class='ocrx_word' id='word_1_733' title='bbox 904 1441 1061 1477; x_wconf 86' lang='lat' dir='ltr'>probantur.</span> <span class='ocrx_word' id='word_1_734' title='bbox 1076 1451 1104 1476; x_wconf 79' lang='lat'>35</span> <span class='ocrx_word' id='word_1_735' title='bbox 1118 1450 1222 1476; x_wconf 70' lang='lat' dir='ltr'>turam,</span> <span class='ocrx_word' id='word_1_736' title='bbox 1241 1449 1271 1470; x_wconf 78' lang='lat' dir='ltr'>vt</span> <span class='ocrx_word' id='word_1_737' title='bbox 1286 1443 1378 1469; x_wconf 75' lang='lat' dir='ltr'>omnia</span> <span class='ocrx_word' id='word_1_738' title='bbox 1393 1442 1518 1468; x_wconf 87' lang='lat' dir='ltr'>omnibus</span> <span class='ocrx_word' id='word_1_739' title='bbox 1532 1441 1640 1477; x_wconf 85' lang='lat' dir='ltr'>paribus</span> <span class='ocrx_word' id='word_1_740' title='bbox 1655 1442 1730 1476; x_wconf 85' lang='lat' dir='ltr'>paria</span> <span class='ocrx_word' id='word_1_741' title='bbox 1741 1442 1922 1475; x_wconf 61' lang='lat' dir='ltr'>respondeant,</span> <span class='ocrx_word' id='word_1_742' title='bbox 1960 1445 2035 1470; x_wconf 65' lang='lat' dir='ltr'>Hanc</span> <span class='ocrx_word' id='word_1_743' title='bbox 2053 1446 2171 1478; x_wconf 58' lang='grc' dir='ltr'><strong>ἰσονομία,</strong></span> 
     </span>
     <span class='ocr_line' id='line_1_37' title="bbox 39 1476 2171 1517; baseline -0.004 -1"><span class='ocrx_word' id='word_1_744' title='bbox 39 1483 63 1510; x_wconf 80' lang='lat' dir='ltr'>d·</span> <span class='ocrx_word' id='word_1_745' title='bbox 75 1485 146 1510; x_wconf 66' lang='lat' dir='ltr'>Fam·</span> <span class='ocrx_word' id='word_1_746' title='bbox 160 1492 185 1516; x_wconf 76' lang='lat'>2,</span> <span class='ocrx_word' id='word_1_747' title='bbox 199 1491 215 1510; x_wconf 88' lang='lat'>2</span> <span class='ocrx_word' id='word_1_748' title='bbox 235 1483 286 1511; x_wconf 64' lang='lat'>(31¹1</span> <span class='ocrx_word' id='word_1_749' title='bbox 299 1491 372 1509; x_wconf 64' lang='lat' dir='ltr'>carus</span> <span class='ocrx_word' id='word_1_750' title='bbox 385 1491 456 1517; x_wconf 59' lang='lat' dir='ltr'>aequ?</span> <span class='ocrx_word' id='word_1_751' title='bbox 469 1481 499 1508; x_wconf 68' lang='lat' dir='ltr'>fis</span> <span class='ocrx_word' id='word_1_752' title='bbox 513 1487 538 1507; x_wconf 90' lang='lat' dir='ltr'>et</span> <span class='ocrx_word' id='word_1_753' title='bbox 551 1479 686 1511; x_wconf 68' lang='lat' dir='ltr'>iucundus,</span> <span class='ocrx_word' id='word_1_754' title='bbox 697 1489 727 1505; x_wconf 61' lang='grc' dir='ltr'>αι·</span> <span class='ocrx_word' id='word_1_755' title='bbox 740 1479 815 1505; x_wconf 70' lang='lat' dir='ltr'>fuisti</span> <span class='ocrx_word' id='word_1_756' title='bbox 829 1478 907 1513; x_wconf 68' lang='lat' dir='ltr'>patri·</span> <span class='ocrx_word' id='word_1_757' title='bbox 943 1476 1062 1504; x_wconf 65' lang='lat' dir='ltr'>Labores</span> <span class='ocrx_word' id='word_1_758' title='bbox 1118 1480 1232 1515; x_wconf 87' lang='lat' dir='ltr'>appellat</span> <span class='ocrx_word' id='word_1_759' title='bbox 1244 1480 1389 1514; x_wconf 81' lang='lat' dir='ltr'>Epicurus,</span> <span class='ocrx_word' id='word_1_760' title='bbox 1413 1478 1445 1506; x_wconf 83' lang='lat' dir='ltr'>id</span> <span class='ocrx_word' id='word_1_761' title='bbox 1455 1478 1490 1504; x_wconf 89' lang='lat' dir='ltr'>est</span> <span class='ocrx_word' id='word_1_762' title='bbox 1500 1498 1508 1510; x_wconf 86' lang='lat'>,</span> <span class='ocrx_word' id='word_1_763' title='bbox 1523 1477 1689 1512; x_wconf 82' lang='lat' dir='ltr'>aequabilem</span> <span class='ocrx_word' id='word_1_764' title='bbox 1704 1477 1891 1504; x_wconf 86' lang='lat' dir='ltr'>tributionem.</span> <span class='ocrx_word' id='word_1_765' title='bbox 1925 1479 1965 1505; x_wconf 92' lang='lat' dir='ltr'>Id.</span> <span class='ocrx_word' id='word_1_766' title='bbox 1981 1481 2013 1506; x_wconf 87' lang='lat' dir='ltr'>de</span> <span class='ocrx_word' id='word_1_767' title='bbox 2026 1482 2131 1508; x_wconf 88' lang='lat' dir='ltr'>Inuent.</span> <span class='ocrx_word' id='word_1_768' title='bbox 2145 1491 2171 1514; x_wconf 80' lang='lat'>2,</span> 
     </span>
     <span class='ocr_line' id='line_1_38' title="bbox 44 1512 2172 1554; baseline -0.002 -7"><span class='ocrx_word' id='word_1_769' title='bbox 44 1528 78 1546; x_wconf 88' lang='lat' dir='ltr'>on</span> <span class='ocrx_word' id='word_1_770' title='bbox 93 1527 175 1554; x_wconf 86' lang='lat' dir='ltr'>aeque</span> <span class='ocrx_word' id='word_1_771' title='bbox 186 1527 276 1554; x_wconf 84' lang='lat' dir='ltr'>graues</span> <span class='ocrx_word' id='word_1_772' title='bbox 290 1518 444 1552; x_wconf 89' lang='lat' dir='ltr'>imperatori</span> <span class='ocrx_word' id='word_1_773' title='bbox 457 1522 483 1543; x_wconf 89' lang='lat' dir='ltr'>et</span> <span class='ocrx_word' id='word_1_774' title='bbox 496 1517 579 1543; x_wconf 90' lang='lat' dir='ltr'>militi</span> <span class='ocrx_word' id='word_1_775' title='bbox 590 1515 628 1543; x_wconf 90' lang='lat' dir='ltr'>Id.</span> <span class='ocrx_word' id='word_1_776' title='bbox 637 1515 720 1542; x_wconf 91' lang='lat' dir='ltr'>Tusc.</span> <span class='ocrx_word' id='word_1_777' title='bbox 731 1523 748 1542; x_wconf 84' lang='lat' dir='ltr'>z</span> <span class='ocrx_word' id='word_1_778' title='bbox 769 1524 791 1541; x_wconf 88' lang='lat' dir='ltr'>c.</span> <span class='ocrx_word' id='word_1_779' title='bbox 806 1517 850 1542; x_wconf 87' lang='lat'>26.</span> <span class='ocrx_word' id='word_1_780' title='bbox 884 1514 990 1549; x_wconf 87' lang='lat' dir='ltr'>Egnatii</span> <span class='ocrx_word' id='word_1_781' title='bbox 1005 1522 1063 1539; x_wconf 86' lang='lat' dir='ltr'>rem</span> <span class='ocrx_word' id='word_1_782' title='bbox 1119 1519 1150 1547; x_wconf 76' lang='lat'>68</span> <span class='ocrx_word' id='word_1_783' title='bbox 1174 1517 1222 1543; x_wconf 80' lang='lat' dir='ltr'>Par</span> <span class='ocrx_word' id='word_1_784' title='bbox 1238 1515 1372 1551; x_wconf 55' lang='lat' dir='ltr'>deffinitur,</span> <span class='ocrx_word' id='word_1_785' title='bbox 1390 1514 1463 1549; x_wconf 93' lang='lat' dir='ltr'>quod</span> <span class='ocrx_word' id='word_1_786' title='bbox 1476 1514 1505 1539; x_wconf 91' lang='lat' dir='ltr'>in</span> <span class='ocrx_word' id='word_1_787' title='bbox 1518 1522 1609 1540; x_wconf 80' lang='lat' dir='ltr'>omnes</span> <span class='ocrx_word' id='word_1_788' title='bbox 1623 1512 1763 1548; x_wconf 83' lang='lat' dir='ltr'>aequabile</span> <span class='ocrx_word' id='word_1_789' title='bbox 1780 1513 1825 1539; x_wconf 86' lang='lat' dir='ltr'>est.</span> <span class='ocrx_word' id='word_1_790' title='bbox 1863 1513 1902 1539; x_wconf 89' lang='lat' dir='ltr'>Id.</span> <span class='ocrx_word' id='word_1_791' title='bbox 1912 1513 1944 1540; x_wconf 85' lang='lat' dir='ltr'>de</span> <span class='ocrx_word' id='word_1_792' title='bbox 1957 1517 2014 1542; x_wconf 90' lang='lat' dir='ltr'>Inu.</span> <span class='ocrx_word' id='word_1_793' title='bbox 2030 1525 2055 1549; x_wconf 90' lang='lat'>1,</span> <span class='ocrx_word' id='word_1_794' title='bbox 2069 1526 2084 1543; x_wconf 91' lang='lat'>2</span> <span class='ocrx_word' id='word_1_795' title='bbox 2106 1518 2172 1544; x_wconf 84' lang='lat' dir='ltr'>Non</span> 
     </span>
     <span class='ocr_line' id='line_1_39' title="bbox 44 1548 2171 1589; baseline 0 -10"><span class='ocrx_word' id='word_1_796' title='bbox 44 1562 54 1582; x_wconf 91' lang='lat' dir='ltr'>t</span> <span class='ocrx_word' id='word_1_797' title='bbox 66 1561 171 1587; x_wconf 77' lang='lat' dir='ltr'>tueare,</span> <span class='ocrx_word' id='word_1_798' title='bbox 191 1563 274 1589; x_wconf 85' lang='lat' dir='ltr'>aeque</span> <span class='ocrx_word' id='word_1_799' title='bbox 288 1562 302 1580; x_wconf 88' lang='lat' dir='ltr'>a</span> <span class='ocrx_word' id='word_1_800' title='bbox 316 1560 342 1579; x_wconf 90' lang='lat' dir='ltr'>te</span> <span class='ocrx_word' id='word_1_801' title='bbox 354 1559 431 1587; x_wconf 88' lang='lat' dir='ltr'>peto,</span> <span class='ocrx_word' id='word_1_802' title='bbox 450 1561 478 1578; x_wconf 90' lang='lat' dir='ltr'>ac</span> <span class='ocrx_word' id='word_1_803' title='bbox 498 1552 516 1578; x_wconf 85' lang='lat' dir='ltr'>fi</span> <span class='ocrx_word' id='word_1_804' title='bbox 531 1561 590 1578; x_wconf 90' lang='lat' dir='ltr'>mea</span> <span class='ocrx_word' id='word_1_805' title='bbox 607 1551 715 1586; x_wconf 87' lang='lat' dir='ltr'>negotia</span> <span class='ocrx_word' id='word_1_806' title='bbox 734 1551 813 1577; x_wconf 81' lang='lat' dir='ltr'>effent</span> <span class='ocrx_word' id='word_1_807' title='bbox 826 1550 863 1576; x_wconf 93' lang='lat' dir='ltr'>Id.</span> <span class='ocrx_word' id='word_1_808' title='bbox 879 1551 951 1577; x_wconf 88' lang='lat' dir='ltr'>Fam.</span> <span class='ocrx_word' id='word_1_809' title='bbox 967 1558 990 1582; x_wconf 82' lang='lat'>13</span> <span class='ocrx_word' id='word_1_810' title='bbox 1000 1569 1007 1580; x_wconf 83' lang='lat'><strong><em>‚</em></strong></span> <span class='ocrx_word' id='word_1_811' title='bbox 1021 1558 1061 1582; x_wconf 83' lang='lat'>43·</span> <span class='ocrx_word' id='word_1_812' title='bbox 1120 1553 1161 1579; x_wconf 84' lang='lat' dir='ltr'>ius</span> <span class='ocrx_word' id='word_1_813' title='bbox 1175 1551 1315 1587; x_wconf 84' lang='lat' dir='ltr'>aequabile</span> <span class='ocrx_word' id='word_1_814' title='bbox 1329 1550 1396 1586; x_wconf 91' lang='lat' dir='ltr'>quid</span> <span class='ocrx_word' id='word_1_815' title='bbox 1413 1550 1538 1576; x_wconf 77' lang='lat' dir='ltr'>Vtilitatis</span> <span class='ocrx_word' id='word_1_816' title='bbox 1552 1548 1678 1581; x_wconf 87' lang='lat' dir='ltr'>haberet,</span> <span class='ocrx_word' id='word_1_817' title='bbox 1693 1555 1836 1583; x_wconf 88' lang='lat' dir='ltr'>acceperat.</span> <span class='ocrx_word' id='word_1_818' title='bbox 1882 1551 1913 1575; x_wconf 81' lang='lat' dir='ltr'>Et</span> <span class='ocrx_word' id='word_1_819' title='bbox 1921 1550 1974 1577; x_wconf 89' lang='lat' dir='ltr'>Off.</span> <span class='ocrx_word' id='word_1_820' title='bbox 1989 1560 2009 1584; x_wconf 91' lang='lat'>1,</span> <span class='ocrx_word' id='word_1_821' title='bbox 2023 1561 2034 1584; x_wconf 85' lang='grc'><strong>3</strong></span> <span class='ocrx_word' id='word_1_822' title='bbox 2058 1562 2078 1578; x_wconf 94' lang='lat' dir='ltr'>c.</span> <span class='ocrx_word' id='word_1_823' title='bbox 2093 1562 2101 1579; x_wconf 89' lang='lat'>1</span> <span class='ocrx_word' id='word_1_824' title='bbox 2122 1553 2171 1580; x_wconf 85' lang='lat' dir='ltr'>Sed</span> 
     </span>
     <span class='ocr_line' id='line_1_40' title="bbox 52 1584 2172 1624; baseline 0 -10"><span class='ocrx_word' id='word_1_825' title='bbox 52 1591 92 1616; x_wconf 80' lang='lat' dir='ltr'>uis</span> <span class='ocrx_word' id='word_1_826' title='bbox 104 1590 184 1616; x_wconf 85' lang='lat' dir='ltr'>miser</span> <span class='ocrx_word' id='word_1_827' title='bbox 195 1597 277 1623; x_wconf 83' lang='lat' dir='ltr'>aeque</span> <span class='ocrx_word' id='word_1_828' title='bbox 289 1595 367 1623; x_wconf 88' lang='lat' dir='ltr'>atque</span> <span class='ocrx_word' id='word_1_829' title='bbox 385 1596 433 1621; x_wconf 85' lang='lat' dir='ltr'>ego</span> <span class='ocrx_word' id='word_1_830' title='bbox 448 1588 516 1614; x_wconf 85' lang='lat' dir='ltr'>Ter.</span> <span class='ocrx_word' id='word_1_831' title='bbox 524 1587 606 1614; x_wconf 86' lang='lat' dir='ltr'>Andr.</span> <span class='ocrx_word' id='word_1_832' title='bbox 619 1597 647 1621; x_wconf 89' lang='lat'>4,</span> <span class='ocrx_word' id='word_1_833' title='bbox 661 1596 687 1620; x_wconf 83' lang='lat'>2,</span> <span class='ocrx_word' id='word_1_834' title='bbox 702 1596 739 1620; x_wconf 87' lang='lat'>19.</span> <span class='ocrx_word' id='word_1_835' title='bbox 777 1586 982 1614; x_wconf 77' lang='lat' dir='ltr'>Add.1d.Verr-</span> <span class='ocrx_word' id='word_1_836' title='bbox 998 1586 1061 1612; x_wconf 74' lang='lat' dir='ltr'>Diu·</span> <span class='ocrx_word' id='word_1_837' title='bbox 1119 1589 1169 1615; x_wconf 88' lang='lat' dir='ltr'>hoc</span> <span class='ocrx_word' id='word_1_838' title='bbox 1186 1597 1294 1623; x_wconf 87' lang='lat' dir='ltr'>quoque</span> <span class='ocrx_word' id='word_1_839' title='bbox 1314 1586 1456 1623; x_wconf 77' lang='lat' dir='ltr'>colendum</span> <span class='ocrx_word' id='word_1_840' title='bbox 1475 1585 1511 1612; x_wconf 83' lang='lat' dir='ltr'>est</span> <span class='ocrx_word' id='word_1_841' title='bbox 1530 1584 1670 1620; x_wconf 89' lang='lat' dir='ltr'>aequabile</span> <span class='ocrx_word' id='word_1_842' title='bbox 1690 1591 1716 1610; x_wconf 88' lang='lat' dir='ltr'>et</span> <span class='ocrx_word' id='word_1_843' title='bbox 1736 1590 1912 1619; x_wconf 86' lang='lat' dir='ltr'>temperatum</span> <span class='ocrx_word' id='word_1_844' title='bbox 1931 1588 2062 1614; x_wconf 80' lang='lat' dir='ltr'>orationis</span> <span class='ocrx_word' id='word_1_845' title='bbox 2083 1598 2172 1624; x_wconf 80' lang='lat' dir='ltr'>genus.</span> 
     </span>
     <span class='ocr_line' id='line_1_41' title="bbox 58 1621 2175 1660; baseline -0.004 -9"><span class='ocrx_word' id='word_1_846' title='bbox 58 1634 78 1657; x_wconf 87' lang='grc'>3.</span> <span class='ocrx_word' id='word_1_847' title='bbox 114 1625 172 1650; x_wconf 86' lang='lat' dir='ltr'>Liu.</span> <span class='ocrx_word' id='word_1_848' title='bbox 188 1632 225 1656; x_wconf 82' lang='grc' dir='ltr'>ιο,</span> <span class='ocrx_word' id='word_1_849' title='bbox 239 1631 256 1658; x_wconf 84' lang='lat'>7</span> <span class='ocrx_word' id='word_1_850' title='bbox 277 1624 352 1649; x_wconf 89' lang='lat' dir='ltr'>Tum</span> <span class='ocrx_word' id='word_1_851' title='bbox 366 1624 391 1649; x_wconf 83' lang='lat' dir='ltr'>P.</span> <span class='ocrx_word' id='word_1_852' title='bbox 403 1624 515 1649; x_wconf 87' lang='lat' dir='ltr'>Decium</span> <span class='ocrx_word' id='word_1_853' title='bbox 528 1623 601 1650; x_wconf 82' lang='lat' dir='ltr'>COS.</span> <span class='ocrx_word' id='word_1_854' title='bbox 623 1633 721 1658; x_wconf 89' lang='lat' dir='ltr'>purum</span> <span class='ocrx_word' id='word_1_855' title='bbox 739 1623 868 1658; x_wconf 88' lang='lat' dir='ltr'>piumque</span> <span class='ocrx_word' id='word_1_856' title='bbox 881 1622 934 1648; x_wconf 88' lang='lat' dir='ltr'>DIS</span> <span class='ocrx_word' id='word_1_857' title='bbox 952 1622 1064 1648; x_wconf 88' lang='lat' dir='ltr'>immor·</span> <span class='ocrx_word' id='word_1_858' title='bbox 1077 1626 1239 1654; x_wconf 71' lang='lat' dir='ltr'>400rator1&#39;0</span> <span class='ocrx_word' id='word_1_859' title='bbox 1252 1621 1382 1660; x_wconf 67' lang='lat' dir='ltr'>etforenji</span> <span class='ocrx_word' id='word_1_860' title='bbox 1396 1625 1544 1658; x_wconf 75' lang='lat' dir='ltr'>opponitur,</span> <span class='ocrx_word' id='word_1_861' title='bbox 1558 1624 1585 1647; x_wconf 85' lang='lat' dir='ltr'>in</span> <span class='ocrx_word' id='word_1_862' title='bbox 1600 1631 1645 1657; x_wconf 85' lang='lat' dir='ltr'>quo</span> <span class='ocrx_word' id='word_1_863' title='bbox 1659 1623 1736 1646; x_wconf 81' lang='lat' dir='ltr'>multa</span> <span class='ocrx_word' id='word_1_864' title='bbox 1749 1621 1837 1657; x_wconf 69' lang='lat' dir='ltr'>aspera</span> <span class='ocrx_word' id='word_1_865' title='bbox 1851 1621 1914 1656; x_wconf 74' lang='lat' dir='ltr'>sunt</span> <span class='ocrx_word' id='word_1_866' title='bbox 1933 1631 1957 1649; x_wconf 62' lang='lat' dir='ltr'>eg</span> <span class='ocrx_word' id='word_1_867' title='bbox 1977 1627 2084 1651; x_wconf 72' lang='lat' dir='ltr'>eminent</span> <span class='ocrx_word' id='word_1_868' title='bbox 2105 1628 2175 1652; x_wconf 40' lang='lat' dir='ltr'>blm,</span> 
     </span>
     <span class='ocr_line' id='line_1_42' title="bbox 31 1656 2173 1694; baseline -0 -9"><span class='ocrx_word' id='word_1_869' title='bbox 31 1656 117 1686; x_wconf 83' lang='lat' dir='ltr'>alibus</span> <span class='ocrx_word' id='word_1_870' title='bbox 129 1659 230 1692; x_wconf 89' lang='lat' dir='ltr'>visum,</span> <span class='ocrx_word' id='word_1_871' title='bbox 250 1668 332 1694; x_wconf 88' lang='lat' dir='ltr'>aeque</span> <span class='ocrx_word' id='word_1_872' title='bbox 350 1667 379 1685; x_wconf 86' lang='lat' dir='ltr'>ac</span> <span class='ocrx_word' id='word_1_873' title='bbox 393 1658 410 1685; x_wconf 81' lang='lat' dir='ltr'>fi</span> <span class='ocrx_word' id='word_1_874' title='bbox 426 1659 464 1685; x_wconf 91' lang='lat' dir='ltr'>T.</span> <span class='ocrx_word' id='word_1_875' title='bbox 474 1659 589 1686; x_wconf 87' lang='lat' dir='ltr'>Manlius</span> <span class='ocrx_word' id='word_1_876' title='bbox 603 1659 705 1694; x_wconf 84' lang='lat' dir='ltr'>collega</span> <span class='ocrx_word' id='word_1_877' title='bbox 718 1660 774 1685; x_wconf 87' lang='lat' dir='ltr'>eius</span> <span class='ocrx_word' id='word_1_878' title='bbox 789 1658 980 1685; x_wconf 89' lang='lat' dir='ltr'>deuoueretur.</span> <span class='ocrx_word' id='word_1_879' title='bbox 1005 1658 1061 1683; x_wconf 87' lang='lat' dir='ltr'>Cic.</span> <span class='ocrx_word' id='word_1_880' title='bbox 1117 1668 1225 1688; x_wconf 72' lang='lat' dir='ltr'>tenorem</span> <span class='ocrx_word' id='word_1_881' title='bbox 1239 1662 1309 1687; x_wconf 79' lang='lat' dir='ltr'>illum</span> <span class='ocrx_word' id='word_1_882' title='bbox 1319 1666 1471 1694; x_wconf 76' lang='lat' dir='ltr'>perpetuum.</span> <span class='ocrx_word' id='word_1_883' title='bbox 1509 1657 1583 1694; x_wconf 84' lang='lat' dir='ltr'>Conf.</span> <span class='ocrx_word' id='word_1_884' title='bbox 1597 1667 1653 1683; x_wconf 80' lang='lat' dir='ltr'>mox</span> <span class='ocrx_word' id='word_1_885' title='bbox 1666 1657 1772 1683; x_wconf 82' lang='lat' dir='ltr'>Lenitas</span> <span class='ocrx_word' id='word_1_886' title='bbox 1791 1664 1815 1683; x_wconf 75' lang='lat' dir='ltr'>et</span> <span class='ocrx_word' id='word_1_887' title='bbox 1830 1657 1956 1684; x_wconf 61' lang='lat' dir='ltr'>Traeius.</span> <span class='ocrx_word' id='word_1_888' title='bbox 1995 1660 2086 1687; x_wconf 76' lang='lat' dir='ltr'>Tacit,</span> <span class='ocrx_word' id='word_1_889' title='bbox 2105 1662 2173 1688; x_wconf 66' lang='lat' dir='ltr'>l-llst.</span> 
     </span>
     <span class='ocr_line' id='line_1_43' title="bbox 45 1693 2173 1730; baseline 0.001 -8"><span class='ocrx_word' id='word_1_890' title='bbox 45 1695 70 1722; x_wconf 78' lang='lat' dir='ltr'>ff.</span> <span class='ocrx_word' id='word_1_891' title='bbox 84 1703 104 1728; x_wconf 85' lang='grc' dir='ltr'>ι,</span> <span class='ocrx_word' id='word_1_892' title='bbox 115 1703 152 1729; x_wconf 84' lang='lat'>49</span> <span class='ocrx_word' id='word_1_893' title='bbox 171 1704 193 1722; x_wconf 90' lang='lat' dir='ltr'>c.</span> <span class='ocrx_word' id='word_1_894' title='bbox 208 1703 232 1728; x_wconf 80' lang='grc' dir='ltr'>ις</span> <span class='ocrx_word' id='word_1_895' title='bbox 254 1697 329 1730; x_wconf 79' lang='lat' dir='ltr'>Qae</span> <span class='ocrx_word' id='word_1_896' title='bbox 342 1694 471 1721; x_wconf 80' lang='lat' dir='ltr'>beneficia</span> <span class='ocrx_word' id='word_1_897' title='bbox 484 1704 567 1730; x_wconf 88' lang='lat' dir='ltr'>aeque</span> <span class='ocrx_word' id='word_1_898' title='bbox 579 1704 673 1730; x_wconf 82' lang='lat' dir='ltr'>magna</span> <span class='ocrx_word' id='word_1_899' title='bbox 691 1704 746 1721; x_wconf 89' lang='lat' dir='ltr'>non</span> <span class='ocrx_word' id='word_1_900' title='bbox 760 1696 819 1722; x_wconf 87' lang='lat' dir='ltr'>sunt</span> <span class='ocrx_word' id='word_1_901' title='bbox 833 1694 969 1728; x_wconf 81' lang='lat' dir='ltr'>habenda,</span> <span class='ocrx_word' id='word_1_902' title='bbox 984 1700 1063 1728; x_wconf 82' lang='lat' dir='ltr'>atque</span> <span class='ocrx_word' id='word_1_903' title='bbox 1120 1706 1148 1730; x_wconf 88' lang='lat'>4,</span> <span class='ocrx_word' id='word_1_904' title='bbox 1164 1704 1186 1730; x_wconf 78' lang='grc' dir='ltr'>ς,</span> <span class='ocrx_word' id='word_1_905' title='bbox 1201 1703 1213 1729; x_wconf 83' lang='grc'><strong><em>5</em></strong></span> <span class='ocrx_word' id='word_1_906' title='bbox 1235 1696 1409 1730; x_wconf 73' lang='lat' dir='ltr'>Qiaestorius</span> <span class='ocrx_word' id='word_1_907' title='bbox 1425 1693 1510 1721; x_wconf 89' lang='lat' dir='ltr'>adhuc</span> <span class='ocrx_word' id='word_1_908' title='bbox 1519 1714 1526 1726; x_wconf 86' lang='lat'><em>‚</em></span> <span class='ocrx_word' id='word_1_909' title='bbox 1539 1702 1554 1719; x_wconf 86' lang='lat' dir='ltr'>a</span> <span class='ocrx_word' id='word_1_910' title='bbox 1568 1694 1647 1719; x_wconf 83' lang='lat' dir='ltr'>Paeto</span> <span class='ocrx_word' id='word_1_911' title='bbox 1655 1693 1778 1719; x_wconf 83' lang='lat' dir='ltr'>Thrasea</span> <span class='ocrx_word' id='word_1_912' title='bbox 1792 1702 1872 1727; x_wconf 84' lang='lat' dir='ltr'>gener</span> <span class='ocrx_word' id='word_1_913' title='bbox 1886 1694 2011 1728; x_wconf 68' lang='lat' dir='ltr'>dele&amp;us,</span> <span class='ocrx_word' id='word_1_914' title='bbox 2026 1705 2039 1722; x_wconf 90' lang='lat' dir='ltr'>e</span> <span class='ocrx_word' id='word_1_915' title='bbox 2051 1697 2173 1724; x_wconf 76' lang='lat' dir='ltr'>moribus</span> 
     </span>
     <span class='ocr_line' id='line_1_44' title="bbox 35 1728 2174 1768; baseline 0.001 -11"><span class='ocrx_word' id='word_1_916' title='bbox 35 1739 59 1764; x_wconf 82' lang='lat' dir='ltr'>a,</span> <span class='ocrx_word' id='word_1_917' title='bbox 72 1739 140 1766; x_wconf 88' lang='lat' dir='ltr'>quae</span> <span class='ocrx_word' id='word_1_918' title='bbox 153 1730 256 1758; x_wconf 75' lang='lat' dir='ltr'>iudicio</span> <span class='ocrx_word' id='word_1_919' title='bbox 272 1730 433 1758; x_wconf 76' lang='lat' dir='ltr'>considerate</span> <span class='ocrx_word' id='word_1_920' title='bbox 445 1732 647 1767; x_wconf 85' lang='lat' dir='ltr'>constanterque</span> <span class='ocrx_word' id='word_1_921' title='bbox 661 1730 749 1758; x_wconf 87' lang='lat' dir='ltr'>delata</span> <span class='ocrx_word' id='word_1_922' title='bbox 768 1732 835 1757; x_wconf 88' lang='lat' dir='ltr'>sunt.</span> <span class='ocrx_word' id='word_1_923' title='bbox 873 1730 991 1757; x_wconf 88' lang='lat' dir='ltr'>Aduerte</span> <span class='ocrx_word' id='word_1_924' title='bbox 1009 1730 1064 1756; x_wconf 84' lang='lat' dir='ltr'>ani·</span> <span class='ocrx_word' id='word_1_925' title='bbox 1119 1733 1205 1759; x_wconf 87' lang='lat' dir='ltr'>soceri</span> <span class='ocrx_word' id='word_1_926' title='bbox 1218 1731 1287 1759; x_wconf 86' lang='lat' dir='ltr'>nihil</span> <span class='ocrx_word' id='word_1_927' title='bbox 1301 1740 1384 1766; x_wconf 87' lang='lat' dir='ltr'>aeque</span> <span class='ocrx_word' id='word_1_928' title='bbox 1398 1739 1427 1757; x_wconf 91' lang='lat' dir='ltr'>ac</span> <span class='ocrx_word' id='word_1_929' title='bbox 1440 1730 1593 1756; x_wconf 87' lang='lat' dir='ltr'>libertatem</span> <span class='ocrx_word' id='word_1_930' title='bbox 1607 1728 1701 1761; x_wconf 75' lang='lat' dir='ltr'>haufit,</span> <span class='ocrx_word' id='word_1_931' title='bbox 1717 1729 1799 1761; x_wconf 79' lang='lat' dir='ltr'>ciuis,</span> <span class='ocrx_word' id='word_1_932' title='bbox 1813 1730 1933 1763; x_wconf 87' lang='lat' dir='ltr'>senator,</span> <span class='ocrx_word' id='word_1_933' title='bbox 1948 1732 2070 1767; x_wconf 87' lang='lat' dir='ltr'>maritus,</span> <span class='ocrx_word' id='word_1_934' title='bbox 2084 1742 2174 1768; x_wconf 85' lang='lat' dir='ltr'>gener,</span> 
     </span>
     <span class='ocr_line' id='line_1_45' title="bbox 14 1739 2175 1830; baseline 0.005 -46"><span class='ocrx_word' id='word_1_935' title='bbox 14 1739 92 1830; x_wconf 51' lang='lat' dir='ltr'>{mm</span> <span class='ocrx_word' id='word_1_936' title='bbox 106 1777 112 1793; x_wconf 74' lang='grc' dir='ltr'><strong><em>ε</em></strong></span> <span class='ocrx_word' id='word_1_937' title='bbox 132 1773 162 1793; x_wconf 94' lang='lat' dir='ltr'>vt</span> <span class='ocrx_word' id='word_1_938' title='bbox 181 1775 265 1802; x_wconf 85' lang='lat' dir='ltr'>aeque</span> <span class='ocrx_word' id='word_1_939' title='bbox 285 1775 389 1793; x_wconf 86' lang='lat' dir='ltr'>mecum</span> <span class='ocrx_word' id='word_1_940' title='bbox 407 1766 470 1793; x_wconf 88' lang='lat' dir='ltr'>haec</span> <span class='ocrx_word' id='word_1_941' title='bbox 491 1768 555 1794; x_wconf 87' lang='lat' dir='ltr'>scias</span> <span class='ocrx_word' id='word_1_942' title='bbox 575 1767 658 1794; x_wconf 88' lang='lat' dir='ltr'>Plaut.</span> <span class='ocrx_word' id='word_1_943' title='bbox 672 1766 742 1793; x_wconf 85' lang='lat' dir='ltr'>Afin.</span> <span class='ocrx_word' id='word_1_944' title='bbox 756 1775 787 1800; x_wconf 86' lang='lat'>2,</span> <span class='ocrx_word' id='word_1_945' title='bbox 800 1776 833 1800; x_wconf 87' lang='lat'>2,</span> <span class='ocrx_word' id='word_1_946' title='bbox 848 1769 891 1793; x_wconf 89' lang='lat'>66.</span> <span class='ocrx_word' id='word_1_947' title='bbox 930 1768 971 1794; x_wconf 84' lang='lat' dir='ltr'>Sic</span> <span class='ocrx_word' id='word_1_948' title='bbox 985 1765 1063 1792; x_wconf 88' lang='lat' dir='ltr'>Noui</span> <span class='ocrx_word' id='word_1_949' title='bbox 1118 1769 1235 1800; x_wconf 79' lang='lat' dir='ltr'>amicus,</span> <span class='ocrx_word' id='word_1_950' title='bbox 1249 1767 1351 1794; x_wconf 69' lang='lat' dir='ltr'>cun6fis</span> <span class='ocrx_word' id='word_1_951' title='bbox 1363 1767 1435 1793; x_wconf 86' lang='lat' dir='ltr'>vitae</span> <span class='ocrx_word' id='word_1_952' title='bbox 1448 1764 1544 1792; x_wconf 83' lang='lat' dir='ltr'>officiis</span> <span class='ocrx_word' id='word_1_953' title='bbox 1556 1764 1720 1799; x_wconf 81' lang='lat' dir='ltr'>aequabilis,</span> <span class='ocrx_word' id='word_1_954' title='bbox 1736 1768 1937 1799; x_wconf 75' lang='lat' dir='ltr'>(proportionem</span> <span class='ocrx_word' id='word_1_955' title='bbox 1944 1767 2068 1802; x_wconf 65' lang='lat' dir='ltr'>firuanr,</span> <span class='ocrx_word' id='word_1_956' title='bbox 2083 1777 2105 1795; x_wconf 76' lang='lat' dir='ltr'>et</span> <span class='ocrx_word' id='word_1_957' title='bbox 2119 1779 2175 1795; x_wconf 75' lang='lat' dir='ltr'>cun-</span> 
     </span>
     <span class='ocr_line' id='line_1_46' title="bbox 25 1799 2174 1865; baseline -0 -36"><span class='ocrx_word' id='word_1_958' title='bbox 25 1811 89 1840; x_wconf 50' lang='lat' dir='ltr'>¹eque</span> <span class='ocrx_word' id='word_1_959' title='bbox 101 1803 192 1830; x_wconf 81' lang='lat' dir='ltr'>omnia</span> <span class='ocrx_word' id='word_1_960' title='bbox 203 1810 281 1829; x_wconf 81' lang='lat' dir='ltr'>tecum</span> <span class='ocrx_word' id='word_1_961' title='bbox 294 1803 362 1830; x_wconf 87' lang='lat' dir='ltr'>Ter.</span> <span class='ocrx_word' id='word_1_962' title='bbox 377 1802 454 1829; x_wconf 88' lang='lat' dir='ltr'>Phor.</span> <span class='ocrx_word' id='word_1_963' title='bbox 472 1810 494 1836; x_wconf 89' lang='grc' dir='ltr'>ς,</span> <span class='ocrx_word' id='word_1_964' title='bbox 509 1812 535 1836; x_wconf 89' lang='lat'>9,</span> <span class='ocrx_word' id='word_1_965' title='bbox 549 1812 591 1838; x_wconf 80' lang='lat'>43.</span> <span class='ocrx_word' id='word_1_966' title='bbox 629 1805 661 1830; x_wconf 80' lang='lat' dir='ltr'>Et</span> <span class='ocrx_word' id='word_1_967' title='bbox 674 1813 727 1830; x_wconf 85' lang='lat' dir='ltr'>cum</span> <span class='ocrx_word' id='word_1_968' title='bbox 734 1803 791 1865; x_wconf 78' lang='lat' dir='ltr'>rfolo</span> <span class='ocrx_word' id='word_1_969' title='bbox 805 1803 914 1830; x_wconf 83' lang='lat' dir='ltr'>ablatiuo</span> <span class='ocrx_word' id='word_1_970' title='bbox 923 1823 931 1835; x_wconf 92' lang='lat'>,</span> <span class='ocrx_word' id='word_1_971' title='bbox 952 1809 982 1828; x_wconf 84' lang='lat' dir='ltr'>vt</span> <span class='ocrx_word' id='word_1_972' title='bbox 1001 1812 1064 1828; x_wconf 84' lang='lat' dir='ltr'>com·</span> <span class='ocrx_word' id='word_1_973' title='bbox 1074 1810 1107 1837; x_wconf 77' lang='lat'>43</span> <span class='ocrx_word' id='word_1_974' title='bbox 1119 1804 1171 1831; x_wconf 81' lang='lat' dir='ltr'>dem</span> <span class='ocrx_word' id='word_1_975' title='bbox 1186 1812 1291 1830; x_wconf 76' lang='lat' dir='ltr'>tenorem</span> <span class='ocrx_word' id='word_1_976' title='bbox 1305 1805 1390 1831; x_wconf 78' lang='lat' dir='ltr'>vitae)</span> <span class='ocrx_word' id='word_1_977' title='bbox 1412 1809 1493 1834; x_wconf 92' lang='lat' dir='ltr'>opum</span> <span class='ocrx_word' id='word_1_978' title='bbox 1506 1805 1672 1838; x_wconf 56' lang='lat' dir='ltr'>contemtor,</span> <span class='ocrx_word' id='word_1_979' title='bbox 1681 1799 1748 1825; x_wconf 60' lang='lat' dir='ltr'>refti</span> <span class='ocrx_word' id='word_1_980' title='bbox 1762 1801 1903 1833; x_wconf 83' lang='lat' dir='ltr'>peruicax,</span> <span class='ocrx_word' id='word_1_981' title='bbox 1915 1802 2034 1829; x_wconf 83' lang='lat' dir='ltr'>constans</span> <span class='ocrx_word' id='word_1_982' title='bbox 2049 1805 2174 1831; x_wconf 75' lang='lat' dir='ltr'>aduersus</span> 
     </span>
     <span class='ocr_line' id='line_1_47' title="bbox 25 1835 2174 1875; baseline 0.001 -10"><span class='ocrx_word' id='word_1_983' title='bbox 25 1838 138 1866; x_wconf 63' lang='lat' dir='ltr'>saracini.</span> <span class='ocrx_word' id='word_1_984' title='bbox 173 1838 270 1866; x_wconf 80' lang='lat' dir='ltr'>Nullus</span> <span class='ocrx_word' id='word_1_985' title='bbox 292 1839 328 1865; x_wconf 86' lang='lat' dir='ltr'>est</span> <span class='ocrx_word' id='word_1_986' title='bbox 346 1838 396 1865; x_wconf 90' lang='lat' dir='ltr'>hoc</span> <span class='ocrx_word' id='word_1_987' title='bbox 415 1839 586 1866; x_wconf 86' lang='lat' dir='ltr'>meticulosus</span> <span class='ocrx_word' id='word_1_988' title='bbox 609 1848 693 1875; x_wconf 87' lang='lat' dir='ltr'>aeque</span> <span class='ocrx_word' id='word_1_989' title='bbox 714 1840 732 1866; x_wconf 90' lang='lat' dir='ltr'>P</span> <span class='ocrx_word' id='word_1_990' title='bbox 745 1845 799 1866; x_wconf 86' lang='lat' dir='ltr'>aut.</span> <span class='ocrx_word' id='word_1_991' title='bbox 816 1838 911 1874; x_wconf 88' lang='lat' dir='ltr'>Amph.</span> <span class='ocrx_word' id='word_1_992' title='bbox 929 1847 938 1865; x_wconf 81' lang='grc' dir='ltr'>ι</span> <span class='ocrx_word' id='word_1_993' title='bbox 948 1859 956 1871; x_wconf 88' lang='grc'><strong>,</strong></span> <span class='ocrx_word' id='word_1_994' title='bbox 971 1847 996 1870; x_wconf 89' lang='lat'>1,</span> <span class='ocrx_word' id='word_1_995' title='bbox 1011 1845 1063 1872; x_wconf 77' lang='lat'>137.</span> <span class='ocrx_word' id='word_1_996' title='bbox 1121 1846 1214 1867; x_wconf 74' lang='lat' dir='ltr'>metus.</span> <span class='ocrx_word' id='word_1_997' title='bbox 1252 1839 1309 1865; x_wconf 90' lang='lat' dir='ltr'>Cic.</span> <span class='ocrx_word' id='word_1_998' title='bbox 1318 1845 1367 1871; x_wconf 92' lang='lat' dir='ltr'>pro</span> <span class='ocrx_word' id='word_1_999' title='bbox 1376 1836 1459 1862; x_wconf 86' lang='lat' dir='ltr'>Flacc.</span> <span class='ocrx_word' id='word_1_1000' title='bbox 1475 1843 1504 1874; x_wconf 68' lang='lat'>33.</span> <span class='ocrx_word' id='word_1_1001' title='bbox 1525 1836 1555 1860; x_wconf 91' lang='lat' dir='ltr'>In</span> <span class='ocrx_word' id='word_1_1002' title='bbox 1568 1840 1720 1873; x_wconf 42' lang='lat' dir='ltr'>quo-igitur</span> <span class='ocrx_word' id='word_1_1003' title='bbox 1734 1835 1863 1874; x_wconf 76' lang='lat' dir='ltr'>praetoris</span> <span class='ocrx_word' id='word_1_1004' title='bbox 1878 1836 1913 1861; x_wconf 88' lang='lat' dir='ltr'>est</span> <span class='ocrx_word' id='word_1_1005' title='bbox 1929 1837 2070 1872; x_wconf 85' lang='lat' dir='ltr'>diligentia</span> <span class='ocrx_word' id='word_1_1006' title='bbox 2083 1841 2174 1875; x_wconf 87' lang='lat' dir='ltr'>requi-</span> 
     </span>
     <span class='ocr_line' id='line_1_48' title="bbox 39 1870 2174 1911; baseline -0.001 -10"><span class='ocrx_word' id='word_1_1007' title='bbox 39 1875 86 1901; x_wconf 87' lang='lat' dir='ltr'>lin.</span> <span class='ocrx_word' id='word_1_1008' title='bbox 97 1882 134 1908; x_wconf 82' lang='grc'>35,</span> <span class='ocrx_word' id='word_1_1009' title='bbox 147 1883 159 1907; x_wconf 89' lang='grc'><strong>3</strong></span> <span class='ocrx_word' id='word_1_1010' title='bbox 181 1875 274 1902; x_wconf 79' lang='lat' dir='ltr'>Extant</span> <span class='ocrx_word' id='word_1_1011' title='bbox 288 1881 358 1901; x_wconf 88' lang='lat' dir='ltr'>certe</span> <span class='ocrx_word' id='word_1_1012' title='bbox 373 1874 507 1910; x_wconf 86' lang='lat' dir='ltr'>hodieque</span> <span class='ocrx_word' id='word_1_1013' title='bbox 519 1876 686 1910; x_wconf 79' lang='lat' dir='ltr'>antiquiores</span> <span class='ocrx_word' id='word_1_1014' title='bbox 699 1875 766 1902; x_wconf 88' lang='lat' dir='ltr'>vrbe</span> <span class='ocrx_word' id='word_1_1015' title='bbox 781 1875 902 1909; x_wconf 68' lang='lat' dir='ltr'>picturae</span> <span class='ocrx_word' id='word_1_1016' title='bbox 917 1873 1020 1900; x_wconf 90' lang='lat' dir='ltr'>Ardeae</span> <span class='ocrx_word' id='word_1_1017' title='bbox 1034 1874 1064 1898; x_wconf 87' lang='lat' dir='ltr'>in</span> <span class='ocrx_word' id='word_1_1018' title='bbox 1119 1874 1203 1901; x_wconf 79' lang='lat' dir='ltr'>reuda</span> <span class='ocrx_word' id='word_1_1019' title='bbox 1216 1875 1225 1899; x_wconf 79' lang='lat'>3</span> <span class='ocrx_word' id='word_1_1020' title='bbox 1253 1874 1281 1898; x_wconf 93' lang='lat' dir='ltr'>in</span> <span class='ocrx_word' id='word_1_1021' title='bbox 1301 1880 1414 1897; x_wconf 86' lang='lat' dir='ltr'>numero</span> <span class='ocrx_word' id='word_1_1022' title='bbox 1433 1878 1561 1902; x_wconf 81' lang='lat' dir='ltr'>nauium,</span> <span class='ocrx_word' id='word_1_1023' title='bbox 1581 1875 1607 1895; x_wconf 88' lang='lat' dir='ltr'>et</span> <span class='ocrx_word' id='word_1_1024' title='bbox 1626 1878 1655 1895; x_wconf 89' lang='lat' dir='ltr'>m</span> <span class='ocrx_word' id='word_1_1025' title='bbox 1670 1870 1868 1911; x_wconf 77' lang='lat' dir='ltr'>¹Descriptione</span> <span class='ocrx_word' id='word_1_1026' title='bbox 1892 1873 2029 1906; x_wconf 82' lang='lat' dir='ltr'>aequabili</span> <span class='ocrx_word' id='word_1_1027' title='bbox 2055 1876 2174 1902; x_wconf 64' lang='lat' dir='ltr'>sumtus?</span> 
     </span>
     <span class='ocr_line' id='line_1_49' title="bbox 35 1905 2174 1946; baseline -0.002 -9"><span class='ocrx_word' id='word_1_1028' title='bbox 35 1910 126 1937; x_wconf 82' lang='lat' dir='ltr'>edibus</span> <span class='ocrx_word' id='word_1_1029' title='bbox 139 1911 232 1942; x_wconf 90' lang='lat' dir='ltr'>sacris,</span> <span class='ocrx_word' id='word_1_1030' title='bbox 255 1911 352 1946; x_wconf 83' lang='lat' dir='ltr'>quibus</span> <span class='ocrx_word' id='word_1_1031' title='bbox 367 1911 491 1945; x_wconf 85' lang='lat' dir='ltr'>equidem</span> <span class='ocrx_word' id='word_1_1032' title='bbox 506 1911 591 1937; x_wconf 83' lang='lat' dir='ltr'>nullas</span> <span class='ocrx_word' id='word_1_1033' title='bbox 604 1920 688 1945; x_wconf 85' lang='lat' dir='ltr'>aeque</span> <span class='ocrx_word' id='word_1_1034' title='bbox 703 1910 823 1936; x_wconf 83' lang='lat' dir='ltr'>demiror</span> <span class='ocrx_word' id='word_1_1035' title='bbox 838 1915 891 1935; x_wconf 86' lang='lat' dir='ltr'>tam</span> <span class='ocrx_word' id='word_1_1036' title='bbox 906 1909 987 1941; x_wconf 86' lang='lat' dir='ltr'>longo</span> <span class='ocrx_word' id='word_1_1037' title='bbox 997 1915 1064 1933; x_wconf 86' lang='lat' dir='ltr'>aeuo</span> <span class='ocrx_word' id='word_1_1038' title='bbox 1115 1911 1334 1944; x_wconf 75' lang='lat' dir='ltr'>proportionatam</span> <span class='ocrx_word' id='word_1_1039' title='bbox 1347 1905 1544 1939; x_wconf 65' lang='lat' dir='ltr'>alfii-ibationem</span> <span class='ocrx_word' id='word_1_1040' title='bbox 1555 1907 1632 1945; x_wconf 57' lang='lat' dir='ltr'>uulgo</span> <span class='ocrx_word' id='word_1_1041' title='bbox 1646 1905 1742 1931; x_wconf 71' lang='lat' dir='ltr'>cltcmzt.</span> <span class='ocrx_word' id='word_1_1042' title='bbox 1780 1906 1879 1932; x_wconf 87' lang='lat' dir='ltr'>Sallust.</span> <span class='ocrx_word' id='word_1_1043' title='bbox 1895 1908 2014 1941; x_wconf 82' lang='lat' dir='ltr'>Iugurth.</span> <span class='ocrx_word' id='word_1_1044' title='bbox 2028 1919 2049 1936; x_wconf 85' lang='lat' dir='ltr'>c.</span> <span class='ocrx_word' id='word_1_1045' title='bbox 2064 1920 2096 1943; x_wconf 83' lang='lat'>43</span> <span class='ocrx_word' id='word_1_1046' title='bbox 2117 1913 2174 1937; x_wconf 75' lang='lat' dir='ltr'>Me.</span> 
     </span>
     <span class='ocr_line' id='line_1_50' title="bbox 24 1942 2174 1983; baseline -0.001 -10"><span class='ocrx_word' id='word_1_1047' title='bbox 24 1942 149 1973; x_wconf 57' lang='lat' dir='ltr'>iurantes.</span> <span class='ocrx_word' id='word_1_1048' title='bbox 186 1947 306 1973; x_wconf 79' lang='lat' dir='ltr'>Abundat</span> <span class='ocrx_word' id='word_1_1049' title='bbox 313 1946 373 1983; x_wconf 80' lang='lat' dir='ltr'>fere</span> <span class='ocrx_word' id='word_1_1050' title='bbox 385 1947 468 1973; x_wconf 86' lang='lat' dir='ltr'>Plaut.</span> <span class='ocrx_word' id='word_1_1051' title='bbox 481 1947 552 1973; x_wconf 91' lang='lat' dir='ltr'>Men.</span> <span class='ocrx_word' id='word_1_1052' title='bbox 568 1954 590 1978; x_wconf 86' lang='grc'>5,</span> <span class='ocrx_word' id='word_1_1053' title='bbox 605 1955 632 1978; x_wconf 91' lang='lat'>9,</span> <span class='ocrx_word' id='word_1_1054' title='bbox 645 1948 680 1971; x_wconf 89' lang='lat'>60</span> <span class='ocrx_word' id='word_1_1055' title='bbox 702 1946 794 1978; x_wconf 85' lang='lat' dir='ltr'>Aeque</span> <span class='ocrx_word' id='word_1_1056' title='bbox 808 1944 887 1969; x_wconf 89' lang='lat' dir='ltr'>ambo</span> <span class='ocrx_word' id='word_1_1057' title='bbox 901 1952 984 1977; x_wconf 82' lang='lat' dir='ltr'>pares.</span> <span class='ocrx_word' id='word_1_1058' title='bbox 1011 1942 1065 1968; x_wconf 82' lang='lat' dir='ltr'>Me·</span> <span class='ocrx_word' id='word_1_1059' title='bbox 1120 1944 1184 1971; x_wconf 84' lang='lat' dir='ltr'>tello</span> <span class='ocrx_word' id='word_1_1060' title='bbox 1199 1943 1331 1970; x_wconf 83' lang='lat' dir='ltr'>Numidia</span> <span class='ocrx_word' id='word_1_1061' title='bbox 1346 1948 1485 1972; x_wconf 89' lang='lat' dir='ltr'>euenerat,</span> <span class='ocrx_word' id='word_1_1062' title='bbox 1507 1950 1564 1980; x_wconf 70' lang='lat' dir='ltr'>acri⁴</span> <span class='ocrx_word' id='word_1_1063' title='bbox 1576 1949 1652 1979; x_wconf 80' lang='lat' dir='ltr'>Viro,</span> <span class='ocrx_word' id='word_1_1064' title='bbox 1671 1946 1697 1979; x_wconf 79' lang='lat' dir='ltr'>et</span> <span class='ocrx_word' id='word_1_1065' title='bbox 1714 1949 1866 1980; x_wconf 79' lang='lat' dir='ltr'>quanquam</span> <span class='ocrx_word' id='word_1_1066' title='bbox 1881 1942 1993 1969; x_wconf 76' lang='lat' dir='ltr'>aduerso</span> <span class='ocrx_word' id='word_1_1067' title='bbox 2007 1946 2101 1979; x_wconf 89' lang='lat' dir='ltr'>populi</span> <span class='ocrx_word' id='word_1_1068' title='bbox 2116 1954 2174 1980; x_wconf 80' lang='lat' dir='ltr'>par-</span> 
     </span>
     <span class='ocr_line' id='line_1_51' title="bbox 24 1975 2175 2018; baseline -0 -9"><span class='ocrx_word' id='word_1_1069' title='bbox 24 1976 144 2009; x_wconf 48' lang='lat' dir='ltr'>&amp;orabilis</span> <span class='ocrx_word' id='word_1_1070' title='bbox 156 1985 230 2009; x_wconf 80' lang='lat' dir='ltr'>etiam</span> <span class='ocrx_word' id='word_1_1071' title='bbox 238 1982 354 2018; x_wconf 80' lang='lat' dir='ltr'>formula</span> <span class='ocrx_word' id='word_1_1072' title='bbox 368 1981 451 2007; x_wconf 90' lang='lat' dir='ltr'>Plaut.</span> <span class='ocrx_word' id='word_1_1073' title='bbox 460 1981 518 2007; x_wconf 92' lang='lat' dir='ltr'>Mil.</span> <span class='ocrx_word' id='word_1_1074' title='bbox 528 1989 551 2013; x_wconf 86' lang='lat'>3,</span> <span class='ocrx_word' id='word_1_1075' title='bbox 561 1985 631 2013; x_wconf 86' lang='lat'>1,189</span> <span class='ocrx_word' id='word_1_1076' title='bbox 653 1981 833 2014; x_wconf 84' lang='lat' dir='ltr'>Ingenuamne</span> <span class='ocrx_word' id='word_1_1077' title='bbox 846 1988 879 2004; x_wconf 90' lang='lat' dir='ltr'>an</span> <span class='ocrx_word' id='word_1_1078' title='bbox 893 1978 1066 2004; x_wconf 75' lang='lat' dir='ltr'>libertinam?</span> <span class='ocrx_word' id='word_1_1079' title='bbox 1078 1984 1109 2009; x_wconf 81' lang='grc'>50</span> <span class='ocrx_word' id='word_1_1080' title='bbox 1120 1980 1192 2006; x_wconf 83' lang='lat' dir='ltr'>tibus</span> <span class='ocrx_word' id='word_1_1081' title='bbox 1201 1998 1209 2010; x_wconf 90' lang='lat'><em>‚</em></span> <span class='ocrx_word' id='word_1_1082' title='bbox 1230 1980 1310 2004; x_wconf 83' lang='lat' dir='ltr'>Fama</span> <span class='ocrx_word' id='word_1_1083' title='bbox 1323 1984 1412 2004; x_wconf 85' lang='lat' dir='ltr'>tamen</span> <span class='ocrx_word' id='word_1_1084' title='bbox 1424 1975 1610 2015; x_wconf 31' lang='lat' dir='ltr'>‘aequabililet</span> <span class='ocrx_word' id='word_1_1085' title='bbox 1623 1975 1762 2015; x_wconf 78' lang='lat' dir='ltr'>inuiolata.</span> <span class='ocrx_word' id='word_1_1086' title='bbox 1801 1977 1858 2001; x_wconf 81' lang='lat' dir='ltr'>Cic.</span> <span class='ocrx_word' id='word_1_1087' title='bbox 1875 1976 1907 2001; x_wconf 87' lang='lat' dir='ltr'>de</span> <span class='ocrx_word' id='word_1_1088' title='bbox 1921 1978 1978 2004; x_wconf 86' lang='lat' dir='ltr'>Fin.</span> <span class='ocrx_word' id='word_1_1089' title='bbox 1994 1987 2021 2011; x_wconf 77' lang='lat'>5,</span> <span class='ocrx_word' id='word_1_1090' title='bbox 2037 1988 2064 2013; x_wconf 80' lang='grc'>35</span> <span class='ocrx_word' id='word_1_1091' title='bbox 2082 1982 2175 2016; x_wconf 86' lang='lat' dir='ltr'>Itaque</span> 
     </span>
     <span class='ocr_line' id='line_1_52' title="bbox 24 2010 2175 2054; baseline 0.001 -21"><span class='ocrx_word' id='word_1_1092' title='bbox 24 2012 67 2045; x_wconf 67' lang='lat' dir='ltr'>sA.</span> <span class='ocrx_word' id='word_1_1093' title='bbox 75 2019 166 2054; x_wconf 85' lang='lat' dir='ltr'>Aeque</span> <span class='ocrx_word' id='word_1_1094' title='bbox 180 2017 246 2044; x_wconf 87' lang='lat' dir='ltr'>istuc</span> <span class='ocrx_word' id='word_1_1095' title='bbox 260 2018 347 2049; x_wconf 89' lang='lat' dir='ltr'>facio,</span> <span class='ocrx_word' id='word_1_1096' title='bbox 369 2016 516 2042; x_wconf 81' lang='lat' dir='ltr'>dummodo</span> <span class='ocrx_word' id='word_1_1097' title='bbox 529 2023 575 2042; x_wconf 76' lang='lat' dir='ltr'>etc.</span> <span class='ocrx_word' id='word_1_1098' title='bbox 596 2018 614 2042; x_wconf 82' lang='grc' dir='ltr'>ι’.</span> <span class='ocrx_word' id='word_1_1099' title='bbox 630 2016 706 2042; x_wconf 81' lang='lat' dir='ltr'>Nihil</span> <span class='ocrx_word' id='word_1_1100' title='bbox 720 2025 771 2042; x_wconf 81' lang='lat' dir='ltr'>mea</span> <span class='ocrx_word' id='word_1_1101' title='bbox 785 2014 876 2050; x_wconf 77' lang='lat' dir='ltr'>refert.</span> <span class='ocrx_word' id='word_1_1102' title='bbox 914 2014 985 2039; x_wconf 86' lang='lat' dir='ltr'>Caes.</span> <span class='ocrx_word' id='word_1_1103' title='bbox 1000 2012 1065 2037; x_wconf 88' lang='lat' dir='ltr'>Bell.</span> <span class='ocrx_word' id='word_1_1104' title='bbox 1122 2023 1136 2039; x_wconf 84' lang='lat' dir='ltr'>e</span> <span class='ocrx_word' id='word_1_1105' title='bbox 1150 2013 1286 2039; x_wconf 82' lang='lat' dir='ltr'>contrario</span> <span class='ocrx_word' id='word_1_1106' title='bbox 1299 2011 1446 2042; x_wconf 79' lang='lat' dir='ltr'>moderati,</span> <span class='ocrx_word' id='word_1_1107' title='bbox 1466 2010 1671 2044; x_wconf 78' lang='lat' dir='ltr'>aequabilesque</span> <span class='ocrx_word' id='word_1_1108' title='bbox 1686 2010 1810 2043; x_wconf 77' lang='lat' dir='ltr'>Habitus,</span> <span class='ocrx_word' id='word_1_1109' title='bbox 1825 2010 1977 2040; x_wconf 66' lang='lat' dir='ltr'>affthiones</span> <span class='ocrx_word' id='word_1_1110' title='bbox 1992 2015 2104 2051; x_wconf 66' lang='lat' dir='ltr'>vsusque</span> <span class='ocrx_word' id='word_1_1111' title='bbox 2118 2027 2175 2044; x_wconf 68' lang='lat' dir='ltr'>cor.</span> 
     </span>
     <span class='ocr_line' id='line_1_53' title="bbox 26 2045 2175 2086; baseline 0 -6"><span class='ocrx_word' id='word_1_1112' title='bbox 26 2054 100 2081; x_wconf 76' lang='lat' dir='ltr'>3iuil.</span> <span class='ocrx_word' id='word_1_1113' title='bbox 117 2063 132 2081; x_wconf 84' lang='lat'>2</span> <span class='ocrx_word' id='word_1_1114' title='bbox 151 2061 215 2080; x_wconf 78' lang='lat' dir='ltr'>extr.</span> <span class='ocrx_word' id='word_1_1115' title='bbox 236 2052 342 2080; x_wconf 80' lang='lat' dir='ltr'>laudant</span> <span class='ocrx_word' id='word_1_1116' title='bbox 358 2051 513 2086; x_wconf 83' lang='lat' dir='ltr'>Diebusque</span> <span class='ocrx_word' id='word_1_1117' title='bbox 527 2060 611 2086; x_wconf 92' lang='lat' dir='ltr'>aeque</span> <span class='ocrx_word' id='word_1_1118' title='bbox 627 2051 684 2085; x_wconf 90' lang='lat' dir='ltr'>post</span> <span class='ocrx_word' id='word_1_1119' title='bbox 695 2052 784 2084; x_wconf 82' lang='lat' dir='ltr'>paucis</span> <span class='ocrx_word' id='word_1_1120' title='bbox 798 2051 824 2074; x_wconf 85' lang='lat' dir='ltr'>se</span> <span class='ocrx_word' id='word_1_1121' title='bbox 837 2049 866 2073; x_wconf 89' lang='lat' dir='ltr'>in</span> <span class='ocrx_word' id='word_1_1122' title='bbox 878 2055 990 2080; x_wconf 75' lang='lat' dir='ltr'>regnum</span> <span class='ocrx_word' id='word_1_1123' title='bbox 1003 2054 1065 2070; x_wconf 87' lang='lat' dir='ltr'>cum</span> <span class='ocrx_word' id='word_1_1124' title='bbox 1119 2048 1210 2082; x_wconf 69' lang='lat' dir='ltr'>poris,</span> <span class='ocrx_word' id='word_1_1125' title='bbox 1224 2054 1284 2081; x_wconf 72' lang='lat' dir='ltr'>apta</span> <span class='ocrx_word' id='word_1_1126' title='bbox 1296 2047 1344 2072; x_wconf 78' lang='lat' dir='ltr'>effe</span> <span class='ocrx_word' id='word_1_1127' title='bbox 1364 2045 1396 2072; x_wconf 85' lang='lat' dir='ltr'>ad</span> <span class='ocrx_word' id='word_1_1128' title='bbox 1411 2051 1533 2085; x_wconf 81' lang='lat' dir='ltr'>naturam</span> <span class='ocrx_word' id='word_1_1129' title='bbox 1547 2045 1682 2072; x_wconf 89' lang='lat' dir='ltr'>videntur.</span> <span class='ocrx_word' id='word_1_1130' title='bbox 1720 2045 1797 2072; x_wconf 64' lang='grc' dir='ltr'>Αυὸὶ-</span> <span class='ocrx_word' id='word_1_1131' title='bbox 1810 2046 1843 2073; x_wconf 71' lang='lat' dir='ltr'>ad</span> <span class='ocrx_word' id='word_1_1132' title='bbox 1857 2048 1923 2075; x_wconf 74' lang='lat' dir='ltr'>Her·</span> <span class='ocrx_word' id='word_1_1133' title='bbox 1938 2057 1966 2082; x_wconf 82' lang='lat'>3,</span> <span class='ocrx_word' id='word_1_1134' title='bbox 1981 2059 1999 2085; x_wconf 80' lang='lat'>4</span> <span class='ocrx_word' id='word_1_1135' title='bbox 2018 2051 2044 2077; x_wconf 84' lang='lat' dir='ltr'>Si</span> <span class='ocrx_word' id='word_1_1136' title='bbox 2058 2052 2175 2080; x_wconf 75' lang='lat' dir='ltr'>dicemus</span> 
     </span>
     <span class='ocr_line' id='line_1_54' title="bbox 24 2077 2175 2123; baseline -0.001 -7"><span class='ocrx_word' id='word_1_1137' title='bbox 24 2089 143 2116; x_wconf 82' lang='lat' dir='ltr'>⁴›mnibus</span> <span class='ocrx_word' id='word_1_1138' title='bbox 157 2089 242 2123; x_wconf 84' lang='lat' dir='ltr'>copiis</span> <span class='ocrx_word' id='word_1_1139' title='bbox 256 2088 364 2123; x_wconf 87' lang='lat' dir='ltr'>recepit.</span> <span class='ocrx_word' id='word_1_1140' title='bbox 400 2088 448 2114; x_wconf 76' lang='lat' dir='ltr'>Sed</span> <span class='ocrx_word' id='word_1_1141' title='bbox 464 2087 528 2112; x_wconf 83' lang='lat' dir='ltr'>iHud</span> <span class='ocrx_word' id='word_1_1142' title='bbox 546 2094 630 2119; x_wconf 86' lang='lat' dir='ltr'>aeque</span> <span class='ocrx_word' id='word_1_1143' title='bbox 650 2085 680 2110; x_wconf 87' lang='lat' dir='ltr'>ab</span> <span class='ocrx_word' id='word_1_1144' title='bbox 700 2083 785 2116; x_wconf 81' lang='lat' dir='ltr'>Vrsini</span> <span class='ocrx_word' id='word_1_1145' title='bbox 801 2081 858 2107; x_wconf 78' lang='lat' dir='ltr'>inde</span> <span class='ocrx_word' id='word_1_1146' title='bbox 875 2088 961 2120; x_wconf 44' lang='lat' dir='ltr'>aetate·</span> <span class='ocrx_word' id='word_1_1147' title='bbox 975 2087 1065 2120; x_wconf 56' lang='lat' dir='ltr'>expun-</span> <span class='ocrx_word' id='word_1_1148' title='bbox 1119 2084 1149 2109; x_wconf 87' lang='lat' dir='ltr'>in</span> <span class='ocrx_word' id='word_1_1149' title='bbox 1161 2082 1287 2108; x_wconf 87' lang='lat' dir='ltr'>omnibus</span> <span class='ocrx_word' id='word_1_1150' title='bbox 1301 2082 1345 2108; x_wconf 84' lang='lat' dir='ltr'>Ius</span> <span class='ocrx_word' id='word_1_1151' title='bbox 1363 2081 1504 2116; x_wconf 85' lang='lat' dir='ltr'>aequabile</span> <span class='ocrx_word' id='word_1_1152' title='bbox 1520 2077 1597 2108; x_wconf 73' lang='lat' dir='ltr'>statui</span> <span class='ocrx_word' id='word_1_1153' title='bbox 1617 2082 1771 2108; x_wconf 87' lang='lat' dir='ltr'>conuenire.</span> <span class='ocrx_word' id='word_1_1154' title='bbox 1809 2085 1878 2109; x_wconf 75' lang='lat' dir='ltr'>Ante</span> <span class='ocrx_word' id='word_1_1155' title='bbox 1897 2087 1947 2111; x_wconf 71' lang='lat' dir='ltr'>iam</span> <span class='ocrx_word' id='word_1_1156' title='bbox 1967 2086 2123 2116; x_wconf 81' lang='lat' dir='ltr'>laudauimus</span> <span class='ocrx_word' id='word_1_1157' title='bbox 2142 2090 2175 2116; x_wconf 84' lang='lat' dir='ltr'>de</span> 
     </span>
     <span class='ocr_line' id='line_1_55' title="bbox 28 2117 2175 2160; baseline 0 -8"><span class='ocrx_word' id='word_1_1158' title='bbox 28 2124 85 2152; x_wconf 69' lang='lat' dir='ltr'>&#39;&#39;l&#39;um</span> <span class='ocrx_word' id='word_1_1159' title='bbox 99 2127 196 2151; x_wconf 79' lang='lat' dir='ltr'>merito.</span> <span class='ocrx_word' id='word_1_1160' title='bbox 232 2124 315 2150; x_wconf 86' lang='lat' dir='ltr'>Plaut.</span> <span class='ocrx_word' id='word_1_1161' title='bbox 329 2122 403 2156; x_wconf 84' lang='lat' dir='ltr'>Epid.</span> <span class='ocrx_word' id='word_1_1162' title='bbox 418 2131 443 2152; x_wconf 85' lang='lat'>2,</span> <span class='ocrx_word' id='word_1_1163' title='bbox 458 2130 480 2152; x_wconf 79' lang='lat'>3,</span> <span class='ocrx_word' id='word_1_1164' title='bbox 497 2129 512 2146; x_wconf 87' lang='lat'><em>2</em></span> <span class='ocrx_word' id='word_1_1165' title='bbox 533 2120 647 2146; x_wconf 91' lang='lat' dir='ltr'>Nullum</span> <span class='ocrx_word' id='word_1_1166' title='bbox 666 2119 714 2144; x_wconf 80' lang='lat' dir='ltr'>esse</span> <span class='ocrx_word' id='word_1_1167' title='bbox 732 2126 782 2152; x_wconf 86' lang='lat' dir='ltr'>ego</span> <span class='ocrx_word' id='word_1_1168' title='bbox 805 2125 898 2151; x_wconf 77' lang='lat' dir='ltr'>agrum</span> <span class='ocrx_word' id='word_1_1169' title='bbox 917 2124 1016 2151; x_wconf 78' lang='lat' dir='ltr'>opinor</span> <span class='ocrx_word' id='word_1_1170' title='bbox 1035 2124 1063 2141; x_wconf 84' lang='lat' dir='ltr'>m</span> <span class='ocrx_word' id='word_1_1171' title='bbox 1120 2119 1178 2148; x_wconf 82' lang='lat' dir='ltr'>Inu.</span> <span class='ocrx_word' id='word_1_1172' title='bbox 1194 2127 1220 2151; x_wconf 91' lang='lat'>1,</span> <span class='ocrx_word' id='word_1_1173' title='bbox 1234 2127 1260 2145; x_wconf 80' lang='lat'>2.</span> <span class='ocrx_word' id='word_1_1174' title='bbox 1304 2118 1360 2145; x_wconf 85' lang='lat' dir='ltr'>Cic.</span> <span class='ocrx_word' id='word_1_1175' title='bbox 1380 2117 1412 2144; x_wconf 87' lang='lat' dir='ltr'>de</span> <span class='ocrx_word' id='word_1_1176' title='bbox 1426 2118 1501 2144; x_wconf 81' lang='lat' dir='ltr'>Orat.</span> <span class='ocrx_word' id='word_1_1177' title='bbox 1519 2126 1552 2150; x_wconf 81' lang='lat'>2,</span> <span class='ocrx_word' id='word_1_1178' title='bbox 1567 2120 1604 2151; x_wconf 80' lang='lat'><em>64</em></span> <span class='ocrx_word' id='word_1_1179' title='bbox 1630 2127 1651 2143; x_wconf 91' lang='lat' dir='ltr'>c.</span> <span class='ocrx_word' id='word_1_1180' title='bbox 1674 2125 1698 2151; x_wconf 84' lang='grc'>15</span> <span class='ocrx_word' id='word_1_1181' title='bbox 1727 2118 1816 2144; x_wconf 83' lang='lat' dir='ltr'>Genus</span> <span class='ocrx_word' id='word_1_1182' title='bbox 1834 2120 1966 2148; x_wconf 84' lang='lat' dir='ltr'>orationis</span> <span class='ocrx_word' id='word_1_1183' title='bbox 1987 2122 2075 2150; x_wconf 87' lang='lat' dir='ltr'>fusum</span> <span class='ocrx_word' id='word_1_1184' title='bbox 2094 2131 2175 2160; x_wconf 86' lang='lat' dir='ltr'>atque</span> 
     </span>
     <span class='ocr_line' id='line_1_56' title="bbox 29 2152 2174 2196; baseline -0.003 -8"><span class='ocrx_word' id='word_1_1185' title='bbox 29 2170 82 2196; x_wconf 79' lang='lat' dir='ltr'>gro</span> <span class='ocrx_word' id='word_1_1186' title='bbox 95 2161 185 2187; x_wconf 90' lang='lat' dir='ltr'>Attico</span> <span class='ocrx_word' id='word_1_1187' title='bbox 219 2161 311 2193; x_wconf 78' lang='lat' dir='ltr'>Aeque</span> <span class='ocrx_word' id='word_1_1188' title='bbox 329 2159 459 2188; x_wconf 86' lang='lat' dir='ltr'>feracem,</span> <span class='ocrx_word' id='word_1_1189' title='bbox 479 2164 558 2190; x_wconf 86' lang='lat' dir='ltr'>quam</span> <span class='ocrx_word' id='word_1_1190' title='bbox 577 2154 621 2180; x_wconf 91' lang='lat' dir='ltr'>hic</span> <span class='ocrx_word' id='word_1_1191' title='bbox 641 2153 729 2180; x_wconf 86' lang='lat' dir='ltr'>noster</span> <span class='ocrx_word' id='word_1_1192' title='bbox 742 2152 911 2189; x_wconf 83' lang='lat' dir='ltr'>Periphanes.</span> <span class='ocrx_word' id='word_1_1193' title='bbox 955 2152 1062 2178; x_wconf 83' lang='lat' dir='ltr'>sueton.</span> <span class='ocrx_word' id='word_1_1194' title='bbox 1077 2160 1105 2186; x_wconf 75' lang='lat'>55</span> <span class='ocrx_word' id='word_1_1195' title='bbox 1120 2154 1250 2187; x_wconf 57' lang='lat' dir='ltr'>traditum,</span> <span class='ocrx_word' id='word_1_1196' title='bbox 1269 2160 1296 2181; x_wconf 74' lang='lat' dir='ltr'>et</span> <span class='ocrx_word' id='word_1_1197' title='bbox 1316 2163 1377 2180; x_wconf 67' lang='lat' dir='ltr'>cum</span> <span class='ocrx_word' id='word_1_1198' title='bbox 1391 2154 1513 2180; x_wconf 65' lang='lat' dir='ltr'>Lenitate</span> <span class='ocrx_word' id='word_1_1199' title='bbox 1534 2153 1647 2188; x_wconf 86' lang='lat' dir='ltr'>quadam</span> <span class='ocrx_word' id='word_1_1200' title='bbox 1669 2153 1806 2188; x_wconf 85' lang='lat' dir='ltr'>aequabili</span> <span class='ocrx_word' id='word_1_1201' title='bbox 1826 2157 1968 2189; x_wconf 70' lang='lat' dir='ltr'>profluens,</span> <span class='ocrx_word' id='word_1_1202' title='bbox 2006 2158 2045 2186; x_wconf 65' lang='lat' dir='ltr'>Id,</span> <span class='ocrx_word' id='word_1_1203' title='bbox 2063 2160 2095 2187; x_wconf 67' lang='lat' dir='ltr'>de</span> <span class='ocrx_word' id='word_1_1204' title='bbox 2110 2162 2174 2189; x_wconf 63' lang='lat' dir='ltr'>Nat,</span> 
     </span>
     <span class='ocr_line' id='line_1_57' title="bbox 29 2188 2176 2232; baseline 0.001 -11"><span class='ocrx_word' id='word_1_1205' title='bbox 29 2207 48 2224; x_wconf 89' lang='lat' dir='ltr'>n</span> <span class='ocrx_word' id='word_1_1206' title='bbox 65 2195 181 2230; x_wconf 82' lang='lat' dir='ltr'>Augusto</span> <span class='ocrx_word' id='word_1_1207' title='bbox 207 2202 261 2229; x_wconf 87' lang='lat' dir='ltr'>cap.</span> <span class='ocrx_word' id='word_1_1208' title='bbox 279 2195 315 2226; x_wconf 85' lang='lat'>64</span> <span class='ocrx_word' id='word_1_1209' title='bbox 351 2193 387 2218; x_wconf 89' lang='lat' dir='ltr'>Ac</span> <span class='ocrx_word' id='word_1_1210' title='bbox 406 2190 475 2217; x_wconf 89' lang='lat' dir='ltr'>nihil</span> <span class='ocrx_word' id='word_1_1211' title='bbox 495 2200 567 2227; x_wconf 74' lang='lat' dir='ltr'>acque</span> <span class='ocrx_word' id='word_1_1212' title='bbox 586 2189 737 2222; x_wconf 86' lang='lat' dir='ltr'>laborauit,</span> <span class='ocrx_word' id='word_1_1213' title='bbox 756 2198 828 2225; x_wconf 77' lang='lat' dir='ltr'>quam</span> <span class='ocrx_word' id='word_1_1214' title='bbox 848 2194 877 2215; x_wconf 93' lang='lat' dir='ltr'>vt</span> <span class='ocrx_word' id='word_1_1215' title='bbox 894 2188 1066 2215; x_wconf 78' lang='lat' dir='ltr'>imitarentur</span> <span class='ocrx_word' id='word_1_1216' title='bbox 1119 2191 1200 2217; x_wconf 90' lang='lat' dir='ltr'>Deor.</span> <span class='ocrx_word' id='word_1_1217' title='bbox 1217 2199 1243 2223; x_wconf 87' lang='lat'>2,</span> <span class='ocrx_word' id='word_1_1218' title='bbox 1256 2199 1287 2223; x_wconf 81' lang='lat'>32</span> <span class='ocrx_word' id='word_1_1219' title='bbox 1307 2190 1379 2217; x_wconf 88' lang='lat' dir='ltr'>Nam</span> <span class='ocrx_word' id='word_1_1220' title='bbox 1396 2199 1477 2216; x_wconf 87' lang='lat' dir='ltr'>omne</span> <span class='ocrx_word' id='word_1_1221' title='bbox 1491 2189 1564 2225; x_wconf 89' lang='lat' dir='ltr'>quod</span> <span class='ocrx_word' id='word_1_1222' title='bbox 1577 2189 1613 2215; x_wconf 89' lang='lat' dir='ltr'>est</span> <span class='ocrx_word' id='word_1_1223' title='bbox 1627 2189 1742 2216; x_wconf 83' lang='lat' dir='ltr'>calidum</span> <span class='ocrx_word' id='word_1_1224' title='bbox 1758 2196 1784 2216; x_wconf 91' lang='lat' dir='ltr'>et</span> <span class='ocrx_word' id='word_1_1225' title='bbox 1803 2191 1927 2225; x_wconf 85' lang='lat' dir='ltr'>igneum,</span> <span class='ocrx_word' id='word_1_1226' title='bbox 1948 2194 2033 2222; x_wconf 90' lang='lat' dir='ltr'>cietur</span> <span class='ocrx_word' id='word_1_1227' title='bbox 2047 2202 2073 2223; x_wconf 88' lang='lat' dir='ltr'>et</span> <span class='ocrx_word' id='word_1_1228' title='bbox 2087 2198 2176 2232; x_wconf 84' lang='lat' dir='ltr'>agitur</span> 
     </span>
     <span class='ocr_line' id='line_1_58' title="bbox 24 2224 2176 2267; baseline 0.002 -11"><span class='ocrx_word' id='word_1_1229' title='bbox 24 2230 223 2267; x_wconf 60' lang='lat' dir='ltr'>‘&#39;hirographum</span> <span class='ocrx_word' id='word_1_1230' title='bbox 237 2230 321 2256; x_wconf 87' lang='lat' dir='ltr'>suum.</span> <span class='ocrx_word' id='word_1_1231' title='bbox 358 2227 426 2254; x_wconf 82' lang='lat' dir='ltr'>Add.</span> <span class='ocrx_word' id='word_1_1232' title='bbox 440 2227 501 2253; x_wconf 86' lang='lat' dir='ltr'>Liu.</span> <span class='ocrx_word' id='word_1_1233' title='bbox 515 2235 538 2260; x_wconf 85' lang='grc'>5,</span> <span class='ocrx_word' id='word_1_1234' title='bbox 552 2228 570 2253; x_wconf 92' lang='lat'><em>6</em></span> <span class='ocrx_word' id='word_1_1235' title='bbox 588 2234 612 2253; x_wconf 76' lang='lat' dir='ltr'>ec</span> <span class='ocrx_word' id='word_1_1236' title='bbox 623 2232 664 2259; x_wconf 82' lang='lat'>28,</span> <span class='ocrx_word' id='word_1_1237' title='bbox 678 2227 718 2252; x_wconf 89' lang='lat'>26.</span> <span class='ocrx_word' id='word_1_1238' title='bbox 755 2225 825 2251; x_wconf 90' lang='lat' dir='ltr'>Ter.</span> <span class='ocrx_word' id='word_1_1239' title='bbox 838 2224 903 2251; x_wconf 86' lang='lat' dir='ltr'>Hec.</span> <span class='ocrx_word' id='word_1_1240' title='bbox 917 2233 944 2256; x_wconf 87' lang='lat'>2,</span> <span class='ocrx_word' id='word_1_1241' title='bbox 958 2232 978 2256; x_wconf 93' lang='lat'>1,</span> <span class='ocrx_word' id='word_1_1242' title='bbox 993 2233 1005 2250; x_wconf 89' lang='lat'><em>2</em></span> <span class='ocrx_word' id='word_1_1243' title='bbox 1026 2225 1062 2250; x_wconf 91' lang='lat' dir='ltr'>Vt</span> <span class='ocrx_word' id='word_1_1244' title='bbox 1118 2232 1196 2253; x_wconf 86' lang='lat' dir='ltr'>moto</span> <span class='ocrx_word' id='word_1_1245' title='bbox 1210 2227 1266 2253; x_wconf 90' lang='lat' dir='ltr'>su0.</span> <span class='ocrx_word' id='word_1_1246' title='bbox 1304 2225 1386 2260; x_wconf 85' lang='lat' dir='ltr'>Qod</span> <span class='ocrx_word' id='word_1_1247' title='bbox 1399 2232 1488 2252; x_wconf 87' lang='lat' dir='ltr'>autem</span> <span class='ocrx_word' id='word_1_1248' title='bbox 1500 2225 1582 2252; x_wconf 85' lang='lat' dir='ltr'>alitur</span> <span class='ocrx_word' id='word_1_1249' title='bbox 1602 2231 1628 2252; x_wconf 85' lang='lat' dir='ltr'>ct</span> <span class='ocrx_word' id='word_1_1250' title='bbox 1640 2226 1742 2259; x_wconf 83' lang='lat' dir='ltr'>crescit,</span> <span class='ocrx_word' id='word_1_1251' title='bbox 1779 2227 1856 2253; x_wconf 90' lang='lat' dir='ltr'>Motu</span> <span class='ocrx_word' id='word_1_1252' title='bbox 1872 2229 1988 2263; x_wconf 87' lang='lat' dir='ltr'>quodam</span> <span class='ocrx_word' id='word_1_1253' title='bbox 2003 2232 2089 2259; x_wconf 86' lang='lat' dir='ltr'>vtitur</span> <span class='ocrx_word' id='word_1_1254' title='bbox 2101 2239 2176 2260; x_wconf 88' lang='lat' dir='ltr'>certo</span> 
     </span>
     <span class='ocr_line' id='line_1_59' title="bbox 30 2259 2175 2303; baseline 0.001 -9"><span class='ocrx_word' id='word_1_1255' title='bbox 30 2277 111 2296; x_wconf 79' lang='lat' dir='ltr'>»mnes</span> <span class='ocrx_word' id='word_1_1256' title='bbox 123 2266 248 2294; x_wconf 86' lang='lat' dir='ltr'>mulieres</span> <span class='ocrx_word' id='word_1_1257' title='bbox 267 2264 358 2292; x_wconf 86' lang='lat' dir='ltr'>eadem</span> <span class='ocrx_word' id='word_1_1258' title='bbox 373 2271 457 2299; x_wconf 88' lang='lat' dir='ltr'>aeque</span> <span class='ocrx_word' id='word_1_1259' title='bbox 478 2262 613 2295; x_wconf 85' lang='lat' dir='ltr'>studeant,</span> <span class='ocrx_word' id='word_1_1260' title='bbox 632 2261 774 2297; x_wconf 87' lang='lat' dir='ltr'>nolintque</span> <span class='ocrx_word' id='word_1_1261' title='bbox 793 2261 894 2287; x_wconf 90' lang='lat' dir='ltr'>omnia.</span> <span class='ocrx_word' id='word_1_1262' title='bbox 933 2262 965 2286; x_wconf 82' lang='lat' dir='ltr'>Et</span> <span class='ocrx_word' id='word_1_1263' title='bbox 980 2259 1064 2296; x_wconf 77' lang='lat' dir='ltr'>paullo</span> <span class='ocrx_word' id='word_1_1264' title='bbox 1120 2270 1146 2290; x_wconf 88' lang='lat' dir='ltr'>et</span> <span class='ocrx_word' id='word_1_1265' title='bbox 1162 2262 1306 2298; x_wconf 87' lang='lat' dir='ltr'>aequabili.</span> <span class='ocrx_word' id='word_1_1266' title='bbox 1343 2264 1385 2295; x_wconf 45' lang='lat' dir='ltr'>,Et</span> <span class='ocrx_word' id='word_1_1267' title='bbox 1397 2262 1450 2289; x_wconf 85' lang='lat' dir='ltr'>Off.</span> <span class='ocrx_word' id='word_1_1268' title='bbox 1466 2270 1492 2294; x_wconf 78' lang='lat'>2,</span> <span class='ocrx_word' id='word_1_1269' title='bbox 1503 2271 1540 2296; x_wconf 90' lang='lat'>40</span> <span class='ocrx_word' id='word_1_1270' title='bbox 1561 2271 1582 2288; x_wconf 91' lang='lat' dir='ltr'>c.</span> <span class='ocrx_word' id='word_1_1271' title='bbox 1599 2270 1622 2288; x_wconf 87' lang='lat'>11</span> <span class='ocrx_word' id='word_1_1272' title='bbox 1642 2263 1736 2297; x_wconf 87' lang='lat' dir='ltr'>Itaque</span> <span class='ocrx_word' id='word_1_1273' title='bbox 1751 2269 1861 2297; x_wconf 84' lang='lat' dir='ltr'>propter</span> <span class='ocrx_word' id='word_1_1274' title='bbox 1880 2265 2048 2299; x_wconf 86' lang='lat' dir='ltr'>aequabilem</span> <span class='ocrx_word' id='word_1_1275' title='bbox 2062 2269 2175 2303; x_wconf 84' lang='lat' dir='ltr'>praedae</span> 
     </span>
     <span class='ocr_line' id='line_1_60' title="bbox 30 2295 2175 2337; baseline 0 -7"><span class='ocrx_word' id='word_1_1276' title='bbox 30 2302 88 2337; x_wconf 60' lang='lat' dir='ltr'>udi,</span> <span class='ocrx_word' id='word_1_1277' title='bbox 105 2303 178 2330; x_wconf 76' lang='lat' dir='ltr'>Viris</span> <span class='ocrx_word' id='word_1_1278' title='bbox 196 2302 244 2328; x_wconf 85' lang='lat' dir='ltr'>effe</span> <span class='ocrx_word' id='word_1_1279' title='bbox 265 2300 403 2332; x_wconf 80' lang='lat' dir='ltr'>aduersas,</span> <span class='ocrx_word' id='word_1_1280' title='bbox 422 2307 506 2334; x_wconf 87' lang='lat' dir='ltr'>aeque</span> <span class='ocrx_word' id='word_1_1281' title='bbox 526 2298 644 2325; x_wconf 90' lang='lat' dir='ltr'>studium</span> <span class='ocrx_word' id='word_1_1282' title='bbox 665 2297 718 2330; x_wconf 88' lang='lat' dir='ltr'>est,</span> <span class='ocrx_word' id='word_1_1283' title='bbox 737 2297 830 2324; x_wconf 84' lang='lat' dir='ltr'>similis</span> <span class='ocrx_word' id='word_1_1284' title='bbox 852 2296 999 2332; x_wconf 87' lang='lat' dir='ltr'>pertinacia</span> <span class='ocrx_word' id='word_1_1285' title='bbox 1019 2295 1064 2323; x_wconf 83' lang='lat' dir='ltr'>est.</span> <span class='ocrx_word' id='word_1_1286' title='bbox 1119 2300 1308 2335; x_wconf 85' lang='lat' dir='ltr'>partitionem,</span> <span class='ocrx_word' id='word_1_1287' title='bbox 1328 2303 1354 2325; x_wconf 89' lang='lat' dir='ltr'>et</span> <span class='ocrx_word' id='word_1_1288' title='bbox 1367 2298 1495 2333; x_wconf 79' lang='lat' dir='ltr'>Bargulus</span> <span class='ocrx_word' id='word_1_1289' title='bbox 1508 2297 1630 2330; x_wconf 87' lang='lat' dir='ltr'>Illyricus</span> <span class='ocrx_word' id='word_1_1290' title='bbox 1643 2297 1713 2324; x_wconf 84' lang='lat' dir='ltr'>latro</span> <span class='ocrx_word' id='word_1_1291' title='bbox 1728 2307 1833 2333; x_wconf 84' lang='lat' dir='ltr'>magnas</span> <span class='ocrx_word' id='word_1_1292' title='bbox 1846 2309 1910 2334; x_wconf 89' lang='lat' dir='ltr'>opes</span> <span class='ocrx_word' id='word_1_1293' title='bbox 1924 2301 2032 2336; x_wconf 88' lang='lat' dir='ltr'>habuit,</span> <span class='ocrx_word' id='word_1_1294' title='bbox 2048 2311 2075 2331; x_wconf 89' lang='lat' dir='ltr'>et</span> <span class='ocrx_word' id='word_1_1295' title='bbox 2087 2305 2175 2332; x_wconf 89' lang='lat' dir='ltr'>multo</span> 
     </span>
     <span class='ocr_line' id='line_1_61' title="bbox 30 2333 2175 2372; baseline -0.001 -6"><span class='ocrx_word' id='word_1_1296' title='bbox 30 2340 127 2366; x_wconf 77' lang='lat' dir='ltr'>..iterae</span> <span class='ocrx_word' id='word_1_1297' title='bbox 140 2337 247 2372; x_wconf 74' lang='lat' dir='ltr'>verique</span> <span class='ocrx_word' id='word_1_1298' title='bbox 265 2336 383 2371; x_wconf 78' lang='lat' dir='ltr'>nostrum</span> <span class='ocrx_word' id='word_1_1299' title='bbox 403 2344 485 2370; x_wconf 89' lang='lat' dir='ltr'>prope</span> <span class='ocrx_word' id='word_1_1300' title='bbox 504 2343 588 2370; x_wconf 87' lang='lat' dir='ltr'>aeque</span> <span class='ocrx_word' id='word_1_1301' title='bbox 608 2340 695 2370; x_wconf 82' lang='lat' dir='ltr'>gratae</span> <span class='ocrx_word' id='word_1_1302' title='bbox 719 2340 793 2360; x_wconf 87' lang='lat' dir='ltr'>erant</span> <span class='ocrx_word' id='word_1_1303' title='bbox 813 2333 869 2360; x_wconf 86' lang='lat' dir='ltr'>Cic.</span> <span class='ocrx_word' id='word_1_1304' title='bbox 885 2333 957 2359; x_wconf 86' lang='lat' dir='ltr'>Fam·</span> <span class='ocrx_word' id='word_1_1305' title='bbox 971 2341 1011 2364; x_wconf 86' lang='lat'>13,</span> <span class='ocrx_word' id='word_1_1306' title='bbox 1030 2336 1064 2361; x_wconf 89' lang='lat'>18-</span> <span class='ocrx_word' id='word_1_1307' title='bbox 1078 2333 1236 2362; x_wconf 86' lang='lat' dir='ltr'>60maiores</span> <span class='ocrx_word' id='word_1_1308' title='bbox 1249 2335 1368 2361; x_wconf 87' lang='lat' dir='ltr'>Viriatus</span> <span class='ocrx_word' id='word_1_1309' title='bbox 1383 2334 1531 2360; x_wconf 75' lang='lat' dir='ltr'>Lusitanus,</span> <span class='ocrx_word' id='word_1_1310' title='bbox 1568 2333 1673 2360; x_wconf 89' lang='lat' dir='ltr'>Plausus</span> <span class='ocrx_word' id='word_1_1311' title='bbox 1688 2335 1836 2369; x_wconf 86' lang='lat' dir='ltr'>aequabilis</span> <span class='ocrx_word' id='word_1_1312' title='bbox 1852 2336 1907 2362; x_wconf 83' lang='lat' dir='ltr'>Cic.</span> <span class='ocrx_word' id='word_1_1313' title='bbox 1923 2338 1977 2364; x_wconf 88' lang='lat' dir='ltr'>Att.</span> <span class='ocrx_word' id='word_1_1314' title='bbox 1993 2347 2016 2371; x_wconf 79' lang='grc' dir='ltr'>ς,</span> <span class='ocrx_word' id='word_1_1315' title='bbox 2037 2360 2044 2366; x_wconf 85' lang='grc'><strong>,</strong></span> <span class='ocrx_word' id='word_1_1316' title='bbox 2067 2360 2073 2366; x_wconf 85' lang='grc'><strong>,</strong></span> <span class='ocrx_word' id='word_1_1317' title='bbox 2100 2342 2175 2368; x_wconf 71' lang='lat' dir='ltr'>Prae.</span> 
     </span>
     <span class='ocr_line' id='line_1_62' title="bbox 30 2368 2175 2408; baseline 0.001 -7"><span class='ocrx_word' id='word_1_1318' title='bbox 30 2375 56 2402; x_wconf 75' lang='lat' dir='ltr'>Et</span> <span class='ocrx_word' id='word_1_1319' title='bbox 67 2372 224 2401; x_wconf 78' lang='lat' dir='ltr'>consolando</span> <span class='ocrx_word' id='word_1_1320' title='bbox 236 2378 262 2399; x_wconf 87' lang='lat' dir='ltr'>et</span> <span class='ocrx_word' id='word_1_1321' title='bbox 274 2381 356 2407; x_wconf 87' lang='lat' dir='ltr'>prope</span> <span class='ocrx_word' id='word_1_1322' title='bbox 367 2380 450 2406; x_wconf 86' lang='lat' dir='ltr'>aeque</span> <span class='ocrx_word' id='word_1_1323' title='bbox 463 2370 581 2398; x_wconf 88' lang='lat' dir='ltr'>dolendo</span> <span class='ocrx_word' id='word_1_1324' title='bbox 600 2370 638 2397; x_wconf 87' lang='lat' dir='ltr'>Id.</span> <span class='ocrx_word' id='word_1_1325' title='bbox 653 2371 727 2397; x_wconf 88' lang='lat' dir='ltr'>Fam.</span> <span class='ocrx_word' id='word_1_1326' title='bbox 739 2379 773 2403; x_wconf 91' lang='lat'>4,</span> <span class='ocrx_word' id='word_1_1327' title='bbox 794 2371 819 2396; x_wconf 92' lang='lat'>6.</span> <span class='ocrx_word' id='word_1_1328' title='bbox 856 2369 948 2403; x_wconf 86' lang='lat' dir='ltr'>Aeque</span> <span class='ocrx_word' id='word_1_1329' title='bbox 968 2368 1067 2408; x_wconf 67' lang='lat' dir='ltr'>discor·</span> <span class='ocrx_word' id='word_1_1330' title='bbox 1120 2370 1185 2398; x_wconf 87' lang='lat' dir='ltr'>bere</span> <span class='ocrx_word' id='word_1_1331' title='bbox 1199 2371 1225 2397; x_wconf 91' lang='lat' dir='ltr'>se</span> <span class='ocrx_word' id='word_1_1332' title='bbox 1239 2369 1408 2405; x_wconf 81' lang='lat' dir='ltr'>aequabilem</span> <span class='ocrx_word' id='word_1_1333' title='bbox 1427 2369 1466 2396; x_wconf 88' lang='lat' dir='ltr'>Id.</span> <span class='ocrx_word' id='word_1_1334' title='bbox 1481 2370 1564 2396; x_wconf 88' lang='lat' dir='ltr'>Tusc.</span> <span class='ocrx_word' id='word_1_1335' title='bbox 1579 2379 1605 2402; x_wconf 85' lang='lat'>2,</span> <span class='ocrx_word' id='word_1_1336' title='bbox 1633 2390 1640 2396; x_wconf 91' lang='lat'>.</span> <span class='ocrx_word' id='word_1_1337' title='bbox 1668 2389 1675 2396; x_wconf 88' lang='lat'>.</span> <span class='ocrx_word' id='word_1_1338' title='bbox 1718 2370 1757 2397; x_wconf 92' lang='lat' dir='ltr'>Id.</span> <span class='ocrx_word' id='word_1_1339' title='bbox 1771 2373 1806 2404; x_wconf 79' lang='lat' dir='ltr'>Q</span> <span class='ocrx_word' id='word_1_1340' title='bbox 1822 2371 1898 2398; x_wconf 85' lang='lat' dir='ltr'>fratr.</span> <span class='ocrx_word' id='word_1_1341' title='bbox 1912 2381 1939 2406; x_wconf 84' lang='lat'>1,</span> <span class='ocrx_word' id='word_1_1342' title='bbox 1954 2383 1964 2400; x_wconf 82' lang='grc' dir='ltr'>ι</span> <span class='ocrx_word' id='word_1_1343' title='bbox 1984 2374 2056 2402; x_wconf 91' lang='lat' dir='ltr'>Nam</span> <span class='ocrx_word' id='word_1_1344' title='bbox 2070 2377 2118 2403; x_wconf 81' lang='lat' dir='ltr'>effe</span> <span class='ocrx_word' id='word_1_1345' title='bbox 2130 2377 2175 2404; x_wconf 78' lang='lat' dir='ltr'>ab·</span> 
     </span>
     <span class='ocr_line' id='line_1_63' title="bbox 29 2405 2175 2448; baseline -0.002 -12"><span class='ocrx_word' id='word_1_1346' title='bbox 29 2409 98 2437; x_wconf 75' lang='lat' dir='ltr'>diam</span> <span class='ocrx_word' id='word_1_1347' title='bbox 111 2408 326 2445; x_wconf 74' lang='lat' dir='ltr'>praepositorum,</span> <span class='ocrx_word' id='word_1_1348' title='bbox 335 2416 415 2443; x_wconf 84' lang='lat' dir='ltr'>aeque</span> <span class='ocrx_word' id='word_1_1349' title='bbox 423 2407 602 2440; x_wconf 86' lang='lat' dir='ltr'>concordiam,</span> <span class='ocrx_word' id='word_1_1350' title='bbox 610 2406 737 2434; x_wconf 63' lang='lat' dir='ltr'>subieefis</span> <span class='ocrx_word' id='word_1_1351' title='bbox 751 2405 892 2432; x_wconf 87' lang='lat' dir='ltr'>exitiosam</span> <span class='ocrx_word' id='word_1_1352' title='bbox 899 2405 968 2431; x_wconf 86' lang='lat' dir='ltr'>Tac.</span> <span class='ocrx_word' id='word_1_1353' title='bbox 977 2405 1066 2438; x_wconf 84' lang='lat' dir='ltr'>Agric.</span> <span class='ocrx_word' id='word_1_1354' title='bbox 1121 2407 1278 2439; x_wconf 60' lang='lat' dir='ltr'>mmmmm,</span> <span class='ocrx_word' id='word_1_1355' title='bbox 1292 2406 1432 2433; x_wconf 79' lang='lat' dir='ltr'>continere</span> <span class='ocrx_word' id='word_1_1356' title='bbox 1446 2414 1537 2432; x_wconf 81' lang='lat' dir='ltr'>omnes</span> <span class='ocrx_word' id='word_1_1357' title='bbox 1551 2405 1718 2440; x_wconf 82' lang='lat' dir='ltr'>cupiditates,</span> <span class='ocrx_word' id='word_1_1358' title='bbox 1733 2407 1792 2433; x_wconf 78' lang='lat' dir='ltr'>suos</span> <span class='ocrx_word' id='word_1_1359' title='bbox 1807 2409 1945 2442; x_wconf 57' lang='lat' dir='ltr'>coercere,</span> <span class='ocrx_word' id='word_1_1360' title='bbox 1958 2416 1984 2437; x_wconf 68' lang='lat' dir='ltr'>et</span> <span class='ocrx_word' id='word_1_1361' title='bbox 1998 2411 2066 2438; x_wconf 63' lang='lat' dir='ltr'>iuris</span> <span class='ocrx_word' id='word_1_1362' title='bbox 2080 2421 2175 2448; x_wconf 66' lang='lat' dir='ltr'>aequa,</span> 
     </span>
     <span class='ocr_line' id='line_1_64' title="bbox 30 2441 2176 2480; baseline -0.001 -1"><span class='ocrx_word' id='word_1_1363' title='bbox 30 2457 48 2474; x_wconf 71' lang='grc' dir='ltr'>ἰ·</span> <span class='ocrx_word' id='word_1_1364' title='bbox 58 2453 92 2479; x_wconf 76' lang='lat'>¹32</span> <span class='ocrx_word' id='word_1_1365' title='bbox 101 2455 128 2480; x_wconf 89' lang='lat'>4·</span> <span class='ocrx_word' id='word_1_1366' title='bbox 164 2443 231 2472; x_wconf 61' lang='grc' dir='ltr'>ΛΜ·</span> <span class='ocrx_word' id='word_1_1367' title='bbox 245 2444 343 2477; x_wconf 77' lang='lat' dir='ltr'>Hist.1,</span> <span class='ocrx_word' id='word_1_1368' title='bbox 356 2451 418 2479; x_wconf 75' lang='lat'><strong>794·</strong></span> <span class='ocrx_word' id='word_1_1369' title='bbox 456 2443 511 2470; x_wconf 73' lang='lat' dir='ltr'>Cic·</span> <span class='ocrx_word' id='word_1_1370' title='bbox 526 2443 579 2470; x_wconf 84' lang='lat' dir='ltr'>Off·</span> <span class='ocrx_word' id='word_1_1371' title='bbox 593 2452 616 2475; x_wconf 80' lang='lat'>²,</span> <span class='ocrx_word' id='word_1_1372' title='bbox 628 2452 659 2475; x_wconf 82' lang='lat'>30</span> <span class='ocrx_word' id='word_1_1373' title='bbox 682 2442 796 2469; x_wconf 87' lang='lat' dir='ltr'>Fortasse</span> <span class='ocrx_word' id='word_1_1374' title='bbox 809 2451 864 2468; x_wconf 76' lang='lat' dir='ltr'>non</span> <span class='ocrx_word' id='word_1_1375' title='bbox 877 2449 960 2476; x_wconf 85' lang='lat' dir='ltr'>aeque</span> <span class='ocrx_word' id='word_1_1376' title='bbox 974 2448 1066 2466; x_wconf 71' lang='lat' dir='ltr'>omnes</span> <span class='ocrx_word' id='word_1_1377' title='bbox 1121 2443 1206 2470; x_wconf 88' lang='lat' dir='ltr'>bilem</span> <span class='ocrx_word' id='word_1_1378' title='bbox 1219 2449 1310 2469; x_wconf 83' lang='lat' dir='ltr'>tenere</span> <span class='ocrx_word' id='word_1_1379' title='bbox 1321 2443 1471 2474; x_wconf 88' lang='lat' dir='ltr'>rationem,</span> <span class='ocrx_word' id='word_1_1380' title='bbox 1488 2441 1593 2468; x_wconf 87' lang='lat' dir='ltr'>facilem</span> <span class='ocrx_word' id='word_1_1381' title='bbox 1606 2448 1632 2468; x_wconf 87' lang='lat' dir='ltr'>te</span> <span class='ocrx_word' id='word_1_1382' title='bbox 1648 2442 1676 2468; x_wconf 91' lang='lat' dir='ltr'>in</span> <span class='ocrx_word' id='word_1_1383' title='bbox 1692 2442 1771 2468; x_wconf 83' lang='lat' dir='ltr'>rebus</span> <span class='ocrx_word' id='word_1_1384' title='bbox 1790 2445 1994 2478; x_wconf 76' lang='lat' dir='ltr'>cognoscendis,</span> <span class='ocrx_word' id='word_1_1385' title='bbox 2012 2447 2043 2473; x_wconf 88' lang='lat' dir='ltr'>in</span> <span class='ocrx_word' id='word_1_1386' title='bbox 2058 2447 2176 2475; x_wconf 88' lang='lat' dir='ltr'>homini-</span> 
     </span>
     <span class='ocr_line' id='line_1_65' title="bbox 30 2475 2175 2520; baseline 0.001 -12"><span class='ocrx_word' id='word_1_1387' title='bbox 30 2487 111 2517; x_wconf 83' lang='lat' dir='ltr'>egent.</span> <span class='ocrx_word' id='word_1_1388' title='bbox 146 2481 231 2508; x_wconf 82' lang='lat' dir='ltr'>Paullo</span> <span class='ocrx_word' id='word_1_1389' title='bbox 245 2487 301 2506; x_wconf 79' lang='lat' dir='ltr'>anre</span> <span class='ocrx_word' id='word_1_1390' title='bbox 312 2479 427 2513; x_wconf 80' lang='lat' dir='ltr'>dixerat,</span> <span class='ocrx_word' id='word_1_1391' title='bbox 446 2479 496 2506; x_wconf 91' lang='lat' dir='ltr'>Sed</span> <span class='ocrx_word' id='word_1_1392' title='bbox 507 2487 539 2506; x_wconf 85' lang='lat' dir='ltr'>ea</span> <span class='ocrx_word' id='word_1_1393' title='bbox 552 2488 607 2506; x_wconf 87' lang='lat' dir='ltr'>non</span> <span class='ocrx_word' id='word_1_1394' title='bbox 621 2478 722 2514; x_wconf 82' lang='lat' dir='ltr'>pariter</span> <span class='ocrx_word' id='word_1_1395' title='bbox 734 2486 826 2504; x_wconf 88' lang='lat' dir='ltr'>omnes</span> <span class='ocrx_word' id='word_1_1396' title='bbox 839 2486 956 2512; x_wconf 81' lang='lat' dir='ltr'>egemus.</span> <span class='ocrx_word' id='word_1_1397' title='bbox 993 2475 1067 2503; x_wconf 88' lang='lat' dir='ltr'>Idem</span> <span class='ocrx_word' id='word_1_1398' title='bbox 1122 2478 1172 2506; x_wconf 79' lang='lat' dir='ltr'>bus</span> <span class='ocrx_word' id='word_1_1399' title='bbox 1191 2477 1331 2505; x_wconf 77' lang='lat' dir='ltr'>audiendis</span> <span class='ocrx_word' id='word_1_1400' title='bbox 1350 2477 1575 2512; x_wconf 82' lang='lat' dir='ltr'>admittendisque</span> <span class='ocrx_word' id='word_1_1401' title='bbox 1594 2477 1736 2512; x_wconf 82' lang='lat' dir='ltr'>praebere,</span> <span class='ocrx_word' id='word_1_1402' title='bbox 1759 2479 1922 2512; x_wconf 81' lang='lat' dir='ltr'>praeclarum</span> <span class='ocrx_word' id='word_1_1403' title='bbox 1942 2483 2026 2517; x_wconf 85' lang='lat' dir='ltr'>magis</span> <span class='ocrx_word' id='word_1_1404' title='bbox 2041 2484 2086 2517; x_wconf 89' lang='lat' dir='ltr'>est,</span> <span class='ocrx_word' id='word_1_1405' title='bbox 2095 2494 2175 2520; x_wconf 83' lang='lat' dir='ltr'>quam</span> 
     </span>
     <span class='ocr_line' id='line_1_66' title="bbox 30 2513 2176 2553; baseline 0.004 -14"><span class='ocrx_word' id='word_1_1406' title='bbox 30 2526 75 2553; x_wconf 73' lang='lat' dir='ltr'>pro</span> <span class='ocrx_word' id='word_1_1407' title='bbox 89 2517 175 2544; x_wconf 80' lang='lat' dir='ltr'>Domo</span> <span class='ocrx_word' id='word_1_1408' title='bbox 188 2517 232 2543; x_wconf 75' lang='lat' dir='ltr'>flia</span> <span class='ocrx_word' id='word_1_1409' title='bbox 255 2525 277 2543; x_wconf 85' lang='lat' dir='ltr'>c.</span> <span class='ocrx_word' id='word_1_1410' title='bbox 298 2523 320 2542; x_wconf 84' lang='lat'>:1</span> <span class='ocrx_word' id='word_1_1411' title='bbox 352 2515 400 2542; x_wconf 92' lang='lat' dir='ltr'>Cn.</span> <span class='ocrx_word' id='word_1_1412' title='bbox 420 2515 577 2551; x_wconf 85' lang='lat' dir='ltr'>Pompeium</span> <span class='ocrx_word' id='word_1_1413' title='bbox 599 2515 688 2542; x_wconf 89' lang='lat' dir='ltr'>studio</span> <span class='ocrx_word' id='word_1_1414' title='bbox 715 2520 741 2541; x_wconf 89' lang='lat' dir='ltr'>et</span> <span class='ocrx_word' id='word_1_1415' title='bbox 759 2513 921 2540; x_wconf 67' lang='lat' dir='ltr'>auetoritate</span> <span class='ocrx_word' id='word_1_1416' title='bbox 946 2521 1019 2548; x_wconf 71' lang='lat' dir='ltr'>aeque</span> <span class='ocrx_word' id='word_1_1417' title='bbox 1038 2517 1069 2537; x_wconf 86' lang='lat' dir='ltr'>vt</span> <span class='ocrx_word' id='word_1_1418' title='bbox 1081 2516 1113 2548; x_wconf 85' lang='grc'>65</span> <span class='ocrx_word' id='word_1_1419' title='bbox 1123 2513 1241 2542; x_wconf 84' lang='lat' dir='ltr'>difficile.</span> <span class='ocrx_word' id='word_1_1420' title='bbox 1277 2514 1350 2540; x_wconf 82' lang='lat' dir='ltr'>Satio</span> <span class='ocrx_word' id='word_1_1421' title='bbox 1364 2513 1513 2548; x_wconf 85' lang='lat' dir='ltr'>aequabilis</span> <span class='ocrx_word' id='word_1_1422' title='bbox 1527 2520 1605 2548; x_wconf 90' lang='lat' dir='ltr'>atque</span> <span class='ocrx_word' id='word_1_1423' title='bbox 1618 2520 1743 2548; x_wconf 83' lang='lat' dir='ltr'>perpetua</span> <span class='ocrx_word' id='word_1_1424' title='bbox 1755 2514 1794 2540; x_wconf 87' lang='lat' dir='ltr'>Id.</span> <span class='ocrx_word' id='word_1_1425' title='bbox 1803 2516 1879 2542; x_wconf 89' lang='lat' dir='ltr'>Verr.</span> <span class='ocrx_word' id='word_1_1426' title='bbox 1888 2525 1910 2549; x_wconf 83' lang='lat'>3,</span> <span class='ocrx_word' id='word_1_1427' title='bbox 1925 2526 1974 2544; x_wconf 86' lang='lat'>112.</span> <span class='ocrx_word' id='word_1_1428' title='bbox 2010 2519 2090 2546; x_wconf 90' lang='lat' dir='ltr'>1d.de</span> <span class='ocrx_word' id='word_1_1429' title='bbox 2100 2522 2176 2550; x_wconf 86' lang='lat' dir='ltr'>Orat.</span> 
     </span>
     <span class='ocr_line' id='line_1_67' title="bbox 29 2547 2176 2589; baseline 0.002 -9"><span class='ocrx_word' id='word_1_1430' title='bbox 29 2561 238 2588; x_wconf 80' lang='lat' dir='ltr'>vnumquemque</span> <span class='ocrx_word' id='word_1_1431' title='bbox 252 2551 366 2579; x_wconf 83' lang='lat' dir='ltr'>vestrum</span> <span class='ocrx_word' id='word_1_1432' title='bbox 379 2551 486 2587; x_wconf 90' lang='lat' dir='ltr'>opibus,</span> <span class='ocrx_word' id='word_1_1433' title='bbox 501 2552 688 2583; x_wconf 83' lang='lat' dir='ltr'>contentione,</span> <span class='ocrx_word' id='word_1_1434' title='bbox 702 2550 841 2585; x_wconf 89' lang='lat' dir='ltr'>precibus,</span> <span class='ocrx_word' id='word_1_1435' title='bbox 855 2548 980 2584; x_wconf 81' lang='lat' dir='ltr'>periculis</span> <span class='ocrx_word' id='word_1_1436' title='bbox 994 2547 1067 2574; x_wconf 89' lang='lat' dir='ltr'>deni·</span> <span class='ocrx_word' id='word_1_1437' title='bbox 1123 2560 1150 2584; x_wconf 83' lang='lat'>2,</span> <span class='ocrx_word' id='word_1_1438' title='bbox 1167 2559 1200 2585; x_wconf 78' lang='lat'>54</span> <span class='ocrx_word' id='word_1_1439' title='bbox 1222 2560 1243 2576; x_wconf 88' lang='lat' dir='ltr'>c.</span> <span class='ocrx_word' id='word_1_1440' title='bbox 1258 2558 1282 2582; x_wconf 86' lang='lat'>13</span> <span class='ocrx_word' id='word_1_1441' title='bbox 1307 2549 1414 2577; x_wconf 89' lang='lat' dir='ltr'>Caelius</span> <span class='ocrx_word' id='word_1_1442' title='bbox 1432 2558 1518 2584; x_wconf 90' lang='lat' dir='ltr'>neque</span> <span class='ocrx_word' id='word_1_1443' title='bbox 1532 2549 1654 2576; x_wconf 87' lang='lat' dir='ltr'>distinxit</span> <span class='ocrx_word' id='word_1_1444' title='bbox 1674 2549 1814 2577; x_wconf 87' lang='lat' dir='ltr'>historiam</span> <span class='ocrx_word' id='word_1_1445' title='bbox 1827 2552 1957 2579; x_wconf 86' lang='lat' dir='ltr'>varietate</span> <span class='ocrx_word' id='word_1_1446' title='bbox 1975 2553 2114 2589; x_wconf 87' lang='lat' dir='ltr'>locorum,</span> <span class='ocrx_word' id='word_1_1447' title='bbox 2132 2567 2176 2584; x_wconf 93' lang='lat' dir='ltr'>ne-</span> 
     </span>
     <span class='ocr_line' id='line_1_68' title="bbox 45 2584 2176 2628; baseline 0 -13"><span class='ocrx_word' id='word_1_1448' title='bbox 45 2597 88 2621; x_wconf 85' lang='lat' dir='ltr'>ue,</span> <span class='ocrx_word' id='word_1_1449' title='bbox 100 2589 238 2623; x_wconf 82' lang='lat' dir='ltr'>praecipue</span> <span class='ocrx_word' id='word_1_1450' title='bbox 251 2597 299 2623; x_wconf 86' lang='lat' dir='ltr'>pro</span> <span class='ocrx_word' id='word_1_1451' title='bbox 311 2587 392 2615; x_wconf 86' lang='lat' dir='ltr'>salute</span> <span class='ocrx_word' id='word_1_1452' title='bbox 406 2597 465 2614; x_wconf 85' lang='lat' dir='ltr'>mea</span> <span class='ocrx_word' id='word_1_1453' title='bbox 479 2586 613 2614; x_wconf 71' lang='lat' dir='ltr'>[aboi-affe.</span> <span class='ocrx_word' id='word_1_1454' title='bbox 650 2588 741 2622; x_wconf 88' lang='lat' dir='ltr'>Aeque</span> <span class='ocrx_word' id='word_1_1455' title='bbox 755 2586 935 2612; x_wconf 84' lang='lat' dir='ltr'>admiscentur</span> <span class='ocrx_word' id='word_1_1456' title='bbox 946 2584 1067 2611; x_wconf 85' lang='lat' dir='ltr'>Scribon.</span> <span class='ocrx_word' id='word_1_1457' title='bbox 1123 2595 1175 2622; x_wconf 86' lang='lat' dir='ltr'>que</span> <span class='ocrx_word' id='word_1_1458' title='bbox 1188 2585 1334 2613; x_wconf 86' lang='lat' dir='ltr'>verborum</span> <span class='ocrx_word' id='word_1_1459' title='bbox 1349 2585 1541 2613; x_wconf 83' lang='lat' dir='ltr'>collocatione:</span> <span class='ocrx_word' id='word_1_1460' title='bbox 1562 2592 1587 2612; x_wconf 90' lang='lat' dir='ltr'>et</span> <span class='ocrx_word' id='word_1_1461' title='bbox 1602 2585 1689 2612; x_wconf 59' lang='lat' dir='ltr'>traditu</span> <span class='ocrx_word' id='word_1_1462' title='bbox 1703 2587 1834 2613; x_wconf 87' lang='lat' dir='ltr'>orationis</span> <span class='ocrx_word' id='word_1_1463' title='bbox 1849 2588 1904 2614; x_wconf 85' lang='lat' dir='ltr'>leni</span> <span class='ocrx_word' id='word_1_1464' title='bbox 1925 2595 1951 2615; x_wconf 90' lang='lat' dir='ltr'>et</span> <span class='ocrx_word' id='word_1_1465' title='bbox 1963 2591 2099 2626; x_wconf 86' lang='lat' dir='ltr'>aequabili</span> <span class='ocrx_word' id='word_1_1466' title='bbox 2117 2602 2176 2628; x_wconf 82' lang='lat' dir='ltr'>per.</span> 
     </span>
     <span class='ocr_line' id='line_1_69' title="bbox 29 2599 2175 2662; baseline 0.002 -11"><span class='ocrx_word' id='word_1_1467' title='bbox 29 2599 167 2658; x_wconf 51' lang='grc' dir='ltr'>ἓοῐιψήζε.</span> <span class='ocrx_word' id='word_1_1468' title='bbox 203 2623 294 2657; x_wconf 78' lang='lat' dir='ltr'>Aeque</span> <span class='ocrx_word' id='word_1_1469' title='bbox 306 2629 429 2649; x_wconf 86' lang='lat' dir='ltr'>teruntur</span> <span class='ocrx_word' id='word_1_1470' title='bbox 441 2622 514 2649; x_wconf 83' lang='lat' dir='ltr'>Idem</span> <span class='ocrx_word' id='word_1_1471' title='bbox 526 2631 569 2649; x_wconf 90' lang='lat'>111.</span> <span class='ocrx_word' id='word_1_1472' title='bbox 606 2622 830 2657; x_wconf 81' lang='lat' dir='ltr'>Add.Comp.84.</span> <span class='ocrx_word' id='word_1_1473' title='bbox 937 2618 958 2658; x_wconf 60' lang='lat' dir='ltr'><strong>ff</strong></span> <span class='ocrx_word' id='word_1_1474' title='bbox 979 2628 995 2647; x_wconf 87' lang='lat'>2</span> <span class='ocrx_word' id='word_1_1475' title='bbox 1018 2622 1067 2646; x_wconf 86' lang='lat' dir='ltr'>Pro</span> <span class='ocrx_word' id='word_1_1476' title='bbox 1123 2622 1222 2658; x_wconf 88' lang='lat' dir='ltr'>poliuit</span> <span class='ocrx_word' id='word_1_1477' title='bbox 1241 2621 1308 2648; x_wconf 89' lang='lat' dir='ltr'>illud</span> <span class='ocrx_word' id='word_1_1478' title='bbox 1329 2631 1404 2657; x_wconf 86' lang='lat' dir='ltr'>opus.</span> <span class='ocrx_word' id='word_1_1479' title='bbox 1442 2621 1599 2657; x_wconf 82' lang='lat' dir='ltr'>Aequabilis</span> <span class='ocrx_word' id='word_1_1480' title='bbox 1614 2622 1643 2648; x_wconf 87' lang='lat' dir='ltr'>in</span> <span class='ocrx_word' id='word_1_1481' title='bbox 1655 2623 1730 2654; x_wconf 89' lang='lat' dir='ltr'>suos,</span> <span class='ocrx_word' id='word_1_1482' title='bbox 1751 2625 1768 2648; x_wconf 92' lang='lat' dir='ltr'>i.</span> <span class='ocrx_word' id='word_1_1483' title='bbox 1783 2624 1891 2657; x_wconf 85' lang='lat' dir='ltr'>Aequus</span> <span class='ocrx_word' id='word_1_1484' title='bbox 1905 2625 1997 2653; x_wconf 88' lang='lat' dir='ltr'>Tacit.</span> <span class='ocrx_word' id='word_1_1485' title='bbox 2010 2628 2078 2655; x_wconf 90' lang='lat' dir='ltr'>Ann.</span> <span class='ocrx_word' id='word_1_1486' title='bbox 2092 2631 2110 2655; x_wconf 91' lang='lat'><em>6</em></span> <span class='ocrx_word' id='word_1_1487' title='bbox 2140 2638 2175 2662; x_wconf 83' lang='lat'>3¹-</span> 
     </span>
     <span class='ocr_line' id='line_1_70' title="bbox 29 2650 2179 2697; baseline 0 -10"><span class='ocrx_word' id='word_1_1488' title='bbox 29 2659 94 2687; x_wconf 85' lang='lat' dir='ltr'>iuste</span> <span class='ocrx_word' id='word_1_1489' title='bbox 103 2661 166 2694; x_wconf 80' lang='lat' dir='ltr'>poni</span> <span class='ocrx_word' id='word_1_1490' title='bbox 182 2659 268 2684; x_wconf 80' lang='lat' dir='ltr'>volunt</span> <span class='ocrx_word' id='word_1_1491' title='bbox 280 2657 346 2693; x_wconf 78' lang='lat' dir='ltr'>apud</span> <span class='ocrx_word' id='word_1_1492' title='bbox 358 2657 482 2684; x_wconf 88' lang='lat' dir='ltr'>Senecam</span> <span class='ocrx_word' id='word_1_1493' title='bbox 495 2658 566 2685; x_wconf 82' lang='lat' dir='ltr'>Med.</span> <span class='ocrx_word' id='word_1_1494' title='bbox 580 2667 625 2692; x_wconf 88' lang='lat'>¹99</span> <span class='ocrx_word' id='word_1_1495' title='bbox 645 2658 692 2686; x_wconf 87' lang='lat' dir='ltr'>Sed</span> <span class='ocrx_word' id='word_1_1496' title='bbox 701 2657 767 2685; x_wconf 60' lang='lat' dir='ltr'>reste</span> <span class='ocrx_word' id='word_1_1497' title='bbox 787 2659 822 2684; x_wconf 81' lang='lat' dir='ltr'>ibi</span> <span class='ocrx_word' id='word_1_1498' title='bbox 836 2659 991 2689; x_wconf 80' lang='lat' dir='ltr'>Gronouius,</span> <span class='ocrx_word' id='word_1_1499' title='bbox 1010 2655 1067 2689; x_wconf 85' lang='lat' dir='ltr'>Qi</span> <span class='ocrx_word' id='word_1_1500' title='bbox 1124 2659 1180 2686; x_wconf 89' lang='lat' dir='ltr'>Cic.</span> <span class='ocrx_word' id='word_1_1501' title='bbox 1194 2667 1244 2694; x_wconf 92' lang='lat' dir='ltr'>pro</span> <span class='ocrx_word' id='word_1_1502' title='bbox 1252 2659 1360 2685; x_wconf 81' lang='lat' dir='ltr'>Caecin.</span> <span class='ocrx_word' id='word_1_1503' title='bbox 1369 2666 1405 2693; x_wconf 86' lang='lat'>70</span> <span class='ocrx_word' id='word_1_1504' title='bbox 1426 2659 1486 2684; x_wconf 89' lang='lat' dir='ltr'>Iure</span> <span class='ocrx_word' id='word_1_1505' title='bbox 1499 2658 1577 2684; x_wconf 87' lang='lat' dir='ltr'>ciuili</span> <span class='ocrx_word' id='word_1_1506' title='bbox 1590 2657 1694 2684; x_wconf 88' lang='lat' dir='ltr'>sublato</span> <span class='ocrx_word' id='word_1_1507' title='bbox 1703 2657 1783 2685; x_wconf 87' lang='lat' dir='ltr'>Nihil</span> <span class='ocrx_word' id='word_1_1508' title='bbox 1797 2659 1849 2692; x_wconf 86' lang='lat' dir='ltr'>est,</span> <span class='ocrx_word' id='word_1_1509' title='bbox 1862 2661 1936 2695; x_wconf 90' lang='lat' dir='ltr'>quod</span> <span class='ocrx_word' id='word_1_1510' title='bbox 1949 2663 2092 2697; x_wconf 81' lang='lat' dir='ltr'>aequabile</span> <span class='ocrx_word' id='word_1_1511' title='bbox 2105 2650 2179 2692; x_wconf 61' lang='lat' dir='ltr'>iiiter</span> 
     </span>
     <span class='ocr_line' id='line_1_71' title="bbox 29 2692 2178 2730; baseline -0 -8"><span class='ocrx_word' id='word_1_1512' title='bbox 29 2695 118 2722; x_wconf 84' lang='lat' dir='ltr'>statuit</span> <span class='ocrx_word' id='word_1_1513' title='bbox 131 2693 234 2729; x_wconf 82' lang='lat' dir='ltr'>aliquid</span> <span class='ocrx_word' id='word_1_1514' title='bbox 252 2699 325 2728; x_wconf 90' lang='lat' dir='ltr'>parte</span> <span class='ocrx_word' id='word_1_1515' title='bbox 336 2692 457 2720; x_wconf 85' lang='lat' dir='ltr'>inaudita</span> <span class='ocrx_word' id='word_1_1516' title='bbox 469 2693 567 2726; x_wconf 91' lang='lat' dir='ltr'>altera,</span> <span class='ocrx_word' id='word_1_1517' title='bbox 587 2695 709 2730; x_wconf 89' lang='lat' dir='ltr'>Aequum</span> <span class='ocrx_word' id='word_1_1518' title='bbox 730 2698 795 2727; x_wconf 74' lang='lat' dir='ltr'>(non</span> <span class='ocrx_word' id='word_1_1519' title='bbox 810 2694 921 2727; x_wconf 87' lang='lat' dir='ltr'>Aeque)</span> <span class='ocrx_word' id='word_1_1520' title='bbox 943 2692 1005 2719; x_wconf 88' lang='lat' dir='ltr'>licet</span> <span class='ocrx_word' id='word_1_1521' title='bbox 1020 2692 1067 2718; x_wconf 86' lang='lat' dir='ltr'>sta·</span> <span class='ocrx_word' id='word_1_1522' title='bbox 1076 2700 1112 2729; x_wconf 85' lang='lat'>70</span> <span class='ocrx_word' id='word_1_1523' title='bbox 1122 2704 1231 2727; x_wconf 86' lang='lat' dir='ltr'>omnes,</span> <span class='ocrx_word' id='word_1_1524' title='bbox 1244 2700 1323 2729; x_wconf 89' lang='lat' dir='ltr'>atque</span> <span class='ocrx_word' id='word_1_1525' title='bbox 1337 2703 1420 2721; x_wconf 88' lang='lat' dir='ltr'>vnum</span> <span class='ocrx_word' id='word_1_1526' title='bbox 1434 2693 1561 2720; x_wconf 87' lang='lat' dir='ltr'>omnibus</span> <span class='ocrx_word' id='word_1_1527' title='bbox 1573 2694 1622 2720; x_wconf 80' lang='lat' dir='ltr'>effe</span> <span class='ocrx_word' id='word_1_1528' title='bbox 1636 2693 1719 2728; x_wconf 84' lang='lat' dir='ltr'>possit.</span> <span class='ocrx_word' id='word_1_1529' title='bbox 1755 2695 1870 2730; x_wconf 77' lang='lat' dir='ltr'>Compar.</span> <span class='ocrx_word' id='word_1_1530' title='bbox 1891 2697 1999 2725; x_wconf 71' lang='lat' dir='ltr'>Vitium</span> <span class='ocrx_word' id='word_1_1531' title='bbox 2016 2700 2070 2727; x_wconf 70' lang='lat' dir='ltr'>illis</span> <span class='ocrx_word' id='word_1_1532' title='bbox 2088 2702 2178 2729; x_wconf 60' lang='lat' dir='ltr'>majo„</span> 
     </span>
     <span class='ocr_line' id='line_1_72' title="bbox 29 2727 2177 2768; baseline 0 -10"><span class='ocrx_word' id='word_1_1533' title='bbox 29 2731 125 2762; x_wconf 84' lang='lat' dir='ltr'>tuerit,</span> <span class='ocrx_word' id='word_1_1534' title='bbox 139 2728 209 2756; x_wconf 84' lang='lat' dir='ltr'>haud</span> <span class='ocrx_word' id='word_1_1535' title='bbox 222 2738 322 2764; x_wconf 88' lang='lat' dir='ltr'>aequus</span> <span class='ocrx_word' id='word_1_1536' title='bbox 336 2729 399 2756; x_wconf 84' lang='lat' dir='ltr'>fuit.</span> <span class='ocrx_word' id='word_1_1537' title='bbox 435 2730 533 2756; x_wconf 76' lang='lat' dir='ltr'>Genius</span> <span class='ocrx_word' id='word_1_1538' title='bbox 544 2728 578 2763; x_wconf 73' lang='lat' dir='ltr'>est</span> <span class='ocrx_word' id='word_1_1539' title='bbox 590 2730 653 2757; x_wconf 82' lang='lat' dir='ltr'>illud</span> <span class='ocrx_word' id='word_1_1540' title='bbox 670 2731 752 2758; x_wconf 85' lang='lat' dir='ltr'>Plaut.</span> <span class='ocrx_word' id='word_1_1541' title='bbox 767 2730 826 2757; x_wconf 89' lang='lat' dir='ltr'>Mil.</span> <span class='ocrx_word' id='word_1_1542' title='bbox 840 2736 869 2762; x_wconf 82' lang='grc'>5,</span> <span class='ocrx_word' id='word_1_1543' title='bbox 881 2737 914 2755; x_wconf 86' lang='lat'>22</span> <span class='ocrx_word' id='word_1_1544' title='bbox 935 2727 985 2755; x_wconf 88' lang='lat' dir='ltr'>Sed</span> <span class='ocrx_word' id='word_1_1545' title='bbox 997 2727 1068 2768; x_wconf 80' lang='lat' dir='ltr'>mihi</span> <span class='ocrx_word' id='word_1_1546' title='bbox 1123 2731 1160 2758; x_wconf 85' lang='lat' dir='ltr'>est</span> <span class='ocrx_word' id='word_1_1547' title='bbox 1174 2737 1199 2757; x_wconf 89' lang='lat' dir='ltr'>et</span> <span class='ocrx_word' id='word_1_1548' title='bbox 1213 2730 1382 2766; x_wconf 86' lang='lat' dir='ltr'>aequabilior</span> <span class='ocrx_word' id='word_1_1549' title='bbox 1396 2730 1507 2756; x_wconf 82' lang='lat' dir='ltr'>firmitas</span> <span class='ocrx_word' id='word_1_1550' title='bbox 1522 2731 1579 2756; x_wconf 76' lang='lat' dir='ltr'>Seu.</span> <span class='ocrx_word' id='word_1_1551' title='bbox 1595 2730 1641 2765; x_wconf 88' lang='lat' dir='ltr'>Ep.</span> <span class='ocrx_word' id='word_1_1552' title='bbox 1656 2737 1700 2764; x_wconf 89' lang='lat'>74.</span> <span class='ocrx_word' id='word_1_1553' title='bbox 1737 2731 1793 2757; x_wconf 85' lang='lat' dir='ltr'>Cic.</span> <span class='ocrx_word' id='word_1_1554' title='bbox 1802 2733 1857 2758; x_wconf 88' lang='lat' dir='ltr'>Att.</span> <span class='ocrx_word' id='word_1_1555' title='bbox 1867 2740 1889 2765; x_wconf 82' lang='grc'>5,</span> <span class='ocrx_word' id='word_1_1556' title='bbox 1903 2741 1938 2760; x_wconf 86' lang='lat'>20</span> <span class='ocrx_word' id='word_1_1557' title='bbox 1958 2734 2039 2762; x_wconf 88' lang='lat' dir='ltr'>Nihil</span> <span class='ocrx_word' id='word_1_1558' title='bbox 2052 2745 2082 2763; x_wconf 87' lang='lat' dir='ltr'>ea</span> <span class='ocrx_word' id='word_1_1559' title='bbox 2096 2737 2177 2765; x_wconf 78' lang='lat' dir='ltr'>iuris.</span> 
     </span>
     <span class='ocr_line' id='line_1_73' title="bbox 29 2764 1858 2802; baseline -0.001 -9"><span class='ocrx_word' id='word_1_1560' title='bbox 29 2766 56 2794; x_wconf 86' lang='lat' dir='ltr'>id</span> <span class='ocrx_word' id='word_1_1561' title='bbox 68 2774 153 2802; x_wconf 83' lang='lat' dir='ltr'>aeque</span> <span class='ocrx_word' id='word_1_1562' title='bbox 170 2764 271 2792; x_wconf 71' lang='lat' dir='ltr'>faetum</span> <span class='ocrx_word' id='word_1_1563' title='bbox 289 2764 408 2792; x_wconf 84' lang='lat' dir='ltr'>arbitror</span> <span class='ocrx_word' id='word_1_1564' title='bbox 414 2785 423 2798; x_wconf 92' lang='lat'>,</span> <span class='ocrx_word' id='word_1_1565' title='bbox 442 2768 462 2791; x_wconf 88' lang='lat' dir='ltr'>i.</span> <span class='ocrx_word' id='word_1_1566' title='bbox 477 2768 530 2792; x_wconf 81' lang='lat' dir='ltr'>iure</span> <span class='ocrx_word' id='word_1_1567' title='bbox 548 2769 642 2793; x_wconf 83' lang='lat' dir='ltr'>merito.</span> <span class='ocrx_word' id='word_1_1568' title='bbox 679 2767 792 2802; x_wconf 74' lang='lat' dir='ltr'>Compar.</span> <span class='ocrx_word' id='word_1_1569' title='bbox 806 2765 867 2792; x_wconf 87' lang='lat' dir='ltr'>Sall.</span> <span class='ocrx_word' id='word_1_1570' title='bbox 887 2773 929 2799; x_wconf 88' lang='lat' dir='ltr'>ap.</span> <span class='ocrx_word' id='word_1_1571' title='bbox 943 2765 1068 2791; x_wconf 84' lang='lat' dir='ltr'>Seruium</span> <span class='ocrx_word' id='word_1_1572' title='bbox 1124 2767 1245 2794; x_wconf 56' lang='lat' dir='ltr'>&amp;dhone</span> <span class='ocrx_word' id='word_1_1573' title='bbox 1258 2766 1440 2802; x_wconf 79' lang='lat' dir='ltr'>aequabilius,</span> <span class='ocrx_word' id='word_1_1574' title='bbox 1454 2766 1524 2792; x_wconf 87' lang='lat' dir='ltr'>nihil</span> <span class='ocrx_word' id='word_1_1575' title='bbox 1539 2765 1640 2798; x_wconf 88' lang='lat' dir='ltr'>lenius,</span> <span class='ocrx_word' id='word_1_1576' title='bbox 1656 2765 1726 2792; x_wconf 86' lang='lat' dir='ltr'>nihil</span> <span class='ocrx_word' id='word_1_1577' title='bbox 1741 2767 1858 2801; x_wconf 83' lang='lat' dir='ltr'>grauius.</span> 
     </span>
     <span class='ocr_line' id='line_1_74' title="bbox 26 2801 2176 2846; baseline 0.001 -18"><span class='ocrx_word' id='word_1_1578' title='bbox 26 2802 59 2830; x_wconf 61' lang='lat' dir='ltr'>lad</span> <span class='ocrx_word' id='word_1_1579' title='bbox 73 2802 219 2837; x_wconf 76' lang='lat' dir='ltr'>Virg.Aen.</span> <span class='ocrx_word' id='word_1_1580' title='bbox 233 2809 255 2834; x_wconf 82' lang='lat'>3,</span> <span class='ocrx_word' id='word_1_1581' title='bbox 269 2803 323 2834; x_wconf 68' lang='lat'>265⁴</span> <span class='ocrx_word' id='word_1_1582' title='bbox 363 2801 441 2828; x_wconf 87' lang='lat' dir='ltr'>Fame</span> <span class='ocrx_word' id='word_1_1583' title='bbox 455 2810 535 2837; x_wconf 88' lang='lat' dir='ltr'>quam</span> <span class='ocrx_word' id='word_1_1584' title='bbox 548 2802 623 2829; x_wconf 85' lang='lat' dir='ltr'>ferro</span> <span class='ocrx_word' id='word_1_1585' title='bbox 637 2803 748 2839; x_wconf 89' lang='lat' dir='ltr'>aequius</span> <span class='ocrx_word' id='word_1_1586' title='bbox 763 2802 906 2838; x_wconf 86' lang='lat' dir='ltr'>perituros.</span> <span class='ocrx_word' id='word_1_1587' title='bbox 944 2802 1066 2836; x_wconf 75' lang='lat' dir='ltr'>Superlat.</span> <span class='ocrx_word' id='word_1_1588' title='bbox 1159 2810 1206 2830; x_wconf 77' lang='grc' dir='ltr'>ΑΕ</span> <span class='ocrx_word' id='word_1_1589' title='bbox 1215 2810 1264 2843; x_wconf 60' lang='lat' dir='ltr'>qv</span> <span class='ocrx_word' id='word_1_1590' title='bbox 1274 2810 1321 2830; x_wconf 84' lang='lat' dir='ltr'>AB</span> <span class='ocrx_word' id='word_1_1591' title='bbox 1331 2809 1365 2829; x_wconf 75' lang='lat'>11.</span> <span class='ocrx_word' id='word_1_1592' title='bbox 1376 2801 1386 2828; x_wconf 77' lang='grc' dir='ltr'>ἴ</span> <span class='ocrx_word' id='word_1_1593' title='bbox 1397 2809 1418 2829; x_wconf 86' lang='grc' dir='ltr'>Τ</span> <span class='ocrx_word' id='word_1_1594' title='bbox 1427 2809 1470 2829; x_wconf 84' lang='lat' dir='ltr'>As</span> <span class='ocrx_word' id='word_1_1595' title='bbox 1479 2822 1487 2835; x_wconf 90' lang='lat'>,</span> <span class='ocrx_word' id='word_1_1596' title='bbox 1509 2803 1567 2828; x_wconf 63' lang='lat' dir='ltr'>atis.</span> <span class='ocrx_word' id='word_1_1597' title='bbox 1590 2802 1609 2828; x_wconf 89' lang='lat' dir='ltr'>f.</span> <span class='ocrx_word' id='word_1_1598' title='bbox 1627 2802 1741 2829; x_wconf 88' lang='lat' dir='ltr'>Denom.</span> <span class='ocrx_word' id='word_1_1599' title='bbox 1769 2804 1782 2837; x_wconf 91' lang='lat'>[</span> <span class='ocrx_word' id='word_1_1600' title='bbox 1790 2803 1885 2838; x_wconf 69' lang='grc' dir='ltr'>ἰσότης,</span> <span class='ocrx_word' id='word_1_1601' title='bbox 1904 2805 2043 2845; x_wconf 51' lang='lat' dir='ltr'>insumpta]</span> <span class='ocrx_word' id='word_1_1602' title='bbox 2078 2809 2176 2846; x_wconf 66' lang='lat' dir='ltr'>Aequa.</span> 
     </span>
     <span class='ocr_line' id='line_1_75' title="bbox 28 2836 2176 2874; baseline 0.003 -8"><span class='ocrx_word' id='word_1_1603' title='bbox 28 2837 129 2866; x_wconf 86' lang='lat' dir='ltr'>Iudicas</span> <span class='ocrx_word' id='word_1_1604' title='bbox 143 2843 173 2865; x_wconf 88' lang='lat' dir='ltr'>vt</span> <span class='ocrx_word' id='word_1_1605' title='bbox 186 2837 233 2872; x_wconf 90' lang='lat' dir='ltr'>qui</span> <span class='ocrx_word' id='word_1_1606' title='bbox 246 2836 397 2872; x_wconf 86' lang='lat' dir='ltr'>aequiffime</span> <span class='ocrx_word' id='word_1_1607' title='bbox 411 2837 501 2864; x_wconf 82' lang='lat' dir='ltr'>Sidon.</span> <span class='ocrx_word' id='word_1_1608' title='bbox 517 2838 563 2873; x_wconf 88' lang='lat' dir='ltr'>Ep.</span> <span class='ocrx_word' id='word_1_1609' title='bbox 579 2846 602 2872; x_wconf 81' lang='grc' dir='ltr'>ς,</span> <span class='ocrx_word' id='word_1_1610' title='bbox 617 2846 647 2865; x_wconf 84' lang='lat'>11.</span> <span class='ocrx_word' id='word_1_1611' title='bbox 1122 2840 1185 2866; x_wconf 84' lang='lat' dir='ltr'>litas</span> <span class='ocrx_word' id='word_1_1612' title='bbox 1204 2842 1328 2871; x_wconf 79' lang='lat' dir='ltr'>rationis,</span> <span class='ocrx_word' id='word_1_1613' title='bbox 1355 2845 1426 2864; x_wconf 83' lang='lat' dir='ltr'>tenor</span> <span class='ocrx_word' id='word_1_1614' title='bbox 1445 2838 1545 2874; x_wconf 80' lang='lat' dir='ltr'>quidam</span> <span class='ocrx_word' id='word_1_1615' title='bbox 1565 2847 1600 2864; x_wconf 63' lang='lat' dir='ltr'>aet</span> <span class='ocrx_word' id='word_1_1616' title='bbox 1611 2841 1709 2865; x_wconf 78' lang='lat' dir='ltr'>uitatis.</span> <span class='ocrx_word' id='word_1_1617' title='bbox 1760 2839 1816 2866; x_wconf 92' lang='lat' dir='ltr'>Cic.</span> <span class='ocrx_word' id='word_1_1618' title='bbox 1838 2839 1870 2866; x_wconf 90' lang='lat' dir='ltr'>ad</span> <span class='ocrx_word' id='word_1_1619' title='bbox 1885 2841 1959 2869; x_wconf 89' lang='lat' dir='ltr'>Brut.</span> <span class='ocrx_word' id='word_1_1620' title='bbox 1975 2845 2005 2869; x_wconf 92' lang='lat'><em>16</em></span> <span class='ocrx_word' id='word_1_1621' title='bbox 2022 2844 2131 2871; x_wconf 83' lang='lat' dir='ltr'>Fortem</span> <span class='ocrx_word' id='word_1_1622' title='bbox 2150 2850 2176 2872; x_wconf 84' lang='lat' dir='ltr'>et</span> 
     </span>
     <span class='ocr_line' id='line_1_76' title="bbox 64 2871 2177 2914; baseline -0.002 -8"><span class='ocrx_word' id='word_1_1623' title='bbox 64 2881 85 2902; x_wconf 83' lang='grc' dir='ltr'>Α</span> <span class='ocrx_word' id='word_1_1624' title='bbox 95 2877 217 2914; x_wconf 55' lang='lat' dir='ltr'>EQVIT</span> <span class='ocrx_word' id='word_1_1625' title='bbox 227 2879 267 2900; x_wconf 80' lang='lat' dir='ltr'>ER</span> <span class='ocrx_word' id='word_1_1626' title='bbox 276 2893 284 2906; x_wconf 76' lang='lat'>2</span> <span class='ocrx_word' id='word_1_1627' title='bbox 309 2873 428 2908; x_wconf 61' lang='grc' dir='ltr'>[ἐπίσης]</span> <span class='ocrx_word' id='word_1_1628' title='bbox 464 2873 533 2901; x_wconf 86' lang='lat' dir='ltr'>Adu.</span> <span class='ocrx_word' id='word_1_1629' title='bbox 547 2883 596 2909; x_wconf 90' lang='lat' dir='ltr'>pro</span> <span class='ocrx_word' id='word_1_1630' title='bbox 610 2875 709 2910; x_wconf 89' lang='lat' dir='ltr'>Aeque.</span> <span class='ocrx_word' id='word_1_1631' title='bbox 747 2874 840 2901; x_wconf 87' lang='lat' dir='ltr'>Accius</span> <span class='ocrx_word' id='word_1_1632' title='bbox 853 2872 1009 2899; x_wconf 73' lang='lat' dir='ltr'>Antenorid.</span> <span class='ocrx_word' id='word_1_1633' title='bbox 1025 2871 1066 2899; x_wconf 88' lang='lat' dir='ltr'>Ad</span> <span class='ocrx_word' id='word_1_1634' title='bbox 1079 2878 1112 2906; x_wconf 75' lang='lat'>75</span> <span class='ocrx_word' id='word_1_1635' title='bbox 1122 2875 1241 2902; x_wconf 86' lang='lat' dir='ltr'>liberum</span> <span class='ocrx_word' id='word_1_1636' title='bbox 1256 2875 1385 2907; x_wconf 87' lang='lat' dir='ltr'>animum,</span> <span class='ocrx_word' id='word_1_1637' title='bbox 1401 2883 1456 2909; x_wconf 88' lang='lat' dir='ltr'>quo</span> <span class='ocrx_word' id='word_1_1638' title='bbox 1468 2880 1494 2900; x_wconf 89' lang='lat' dir='ltr'>et</span> <span class='ocrx_word' id='word_1_1639' title='bbox 1508 2875 1596 2901; x_wconf 89' lang='lat' dir='ltr'>Consu</span> <span class='ocrx_word' id='word_1_1640' title='bbox 1621 2880 1646 2900; x_wconf 87' lang='lat' dir='ltr'>et</span> <span class='ocrx_word' id='word_1_1641' title='bbox 1660 2883 1728 2901; x_wconf 82' lang='lat' dir='ltr'>nunc</span> <span class='ocrx_word' id='word_1_1642' title='bbox 1743 2875 1896 2903; x_wconf 81' lang='lat' dir='ltr'>Consularis</span> <span class='ocrx_word' id='word_1_1643' title='bbox 1911 2879 2105 2913; x_wconf 73' lang='lat' dir='ltr'>rempublicam</span> <span class='ocrx_word' id='word_1_1644' title='bbox 2117 2881 2177 2907; x_wconf 76' lang='lat' dir='ltr'>vin.</span> 
     </span>
     <span class='ocr_line' id='line_1_77' title="bbox 44 2909 2175 2948; baseline 0.003 -12"><span class='ocrx_word' id='word_1_1645' title='bbox 44 2910 154 2946; x_wconf 86' lang='lat' dir='ltr'>opulum</span> <span class='ocrx_word' id='word_1_1646' title='bbox 173 2909 295 2944; x_wconf 83' lang='lat' dir='ltr'>intelligo</span> <span class='ocrx_word' id='word_1_1647' title='bbox 313 2909 502 2943; x_wconf 82' lang='lat' dir='ltr'>referundum,</span> <span class='ocrx_word' id='word_1_1648' title='bbox 523 2910 651 2945; x_wconf 88' lang='lat' dir='ltr'>quoniam</span> <span class='ocrx_word' id='word_1_1649' title='bbox 669 2911 767 2938; x_wconf 87' lang='lat' dir='ltr'>horum</span> <span class='ocrx_word' id='word_1_1650' title='bbox 786 2909 908 2944; x_wconf 84' lang='lat' dir='ltr'>aequiter</span> <span class='ocrx_word' id='word_1_1651' title='bbox 923 2909 1067 2936; x_wconf 78' lang='lat' dir='ltr'>sententiae</span> <span class='ocrx_word' id='word_1_1652' title='bbox 1124 2911 1233 2944; x_wconf 79' lang='lat' dir='ltr'>dicasti,</span> <span class='ocrx_word' id='word_1_1653' title='bbox 1251 2911 1305 2937; x_wconf 86' lang='lat' dir='ltr'>fine</span> <span class='ocrx_word' id='word_1_1654' title='bbox 1324 2911 1470 2937; x_wconf 86' lang='lat' dir='ltr'>constantia</span> <span class='ocrx_word' id='word_1_1655' title='bbox 1492 2917 1518 2937; x_wconf 91' lang='lat' dir='ltr'>et</span> <span class='ocrx_word' id='word_1_1656' title='bbox 1536 2910 1730 2946; x_wconf 88' lang='lat' dir='ltr'>aequabilitate</span> <span class='ocrx_word' id='word_1_1657' title='bbox 1748 2912 1853 2938; x_wconf 88' lang='lat' dir='ltr'>nullum</span> <span class='ocrx_word' id='word_1_1658' title='bbox 1867 2913 1916 2938; x_wconf 75' lang='lat' dir='ltr'>else</span> <span class='ocrx_word' id='word_1_1659' title='bbox 1935 2915 2045 2948; x_wconf 89' lang='lat' dir='ltr'>putaris.</span> <span class='ocrx_word' id='word_1_1660' title='bbox 2082 2916 2121 2942; x_wconf 91' lang='lat' dir='ltr'>Id.</span> <span class='ocrx_word' id='word_1_1661' title='bbox 2141 2916 2175 2943; x_wconf 89' lang='lat' dir='ltr'>de</span> 
     </span>
     <span class='ocr_line' id='line_1_78' title="bbox 40 2944 2175 2985; baseline 0.002 -11"><span class='ocrx_word' id='word_1_1662' title='bbox 40 2955 113 2974; x_wconf 84' lang='lat' dir='ltr'>uere.</span> <span class='ocrx_word' id='word_1_1663' title='bbox 153 2945 247 2972; x_wconf 90' lang='lat' dir='ltr'>Liuius</span> <span class='ocrx_word' id='word_1_1664' title='bbox 263 2944 405 2980; x_wconf 79' lang='lat' dir='ltr'>Aegistho,</span> <span class='ocrx_word' id='word_1_1665' title='bbox 427 2945 498 2972; x_wconf 87' lang='lat' dir='ltr'>Nam</span> <span class='ocrx_word' id='word_1_1666' title='bbox 516 2952 545 2973; x_wconf 85' lang='lat' dir='ltr'>vt</span> <span class='ocrx_word' id='word_1_1667' title='bbox 564 2956 670 2982; x_wconf 84' lang='lat' dir='ltr'>pergam</span> <span class='ocrx_word' id='word_1_1668' title='bbox 691 2947 808 2977; x_wconf 87' lang='lat' dir='ltr'>accensa,</span> <span class='ocrx_word' id='word_1_1669' title='bbox 829 2950 855 2971; x_wconf 88' lang='lat' dir='ltr'>et</span> <span class='ocrx_word' id='word_1_1670' title='bbox 876 2944 1001 2979; x_wconf 81' lang='lat' dir='ltr'>praedam</span> <span class='ocrx_word' id='word_1_1671' title='bbox 1020 2953 1068 2980; x_wconf 86' lang='lat' dir='ltr'>per</span> <span class='ocrx_word' id='word_1_1672' title='bbox 1122 2948 1197 2975; x_wconf 90' lang='lat' dir='ltr'>Orat.</span> <span class='ocrx_word' id='word_1_1673' title='bbox 1212 2956 1238 2980; x_wconf 84' lang='lat'>2,</span> <span class='ocrx_word' id='word_1_1674' title='bbox 1251 2955 1298 2982; x_wconf 79' lang='lat'>345</span> <span class='ocrx_word' id='word_1_1675' title='bbox 1318 2956 1340 2973; x_wconf 93' lang='lat' dir='ltr'>c.</span> <span class='ocrx_word' id='word_1_1676' title='bbox 1356 2952 1386 2980; x_wconf 82' lang='grc'>85</span> <span class='ocrx_word' id='word_1_1677' title='bbox 1406 2947 1463 2973; x_wconf 83' lang='lat' dir='ltr'>Erit</span> <span class='ocrx_word' id='word_1_1678' title='bbox 1476 2946 1661 2982; x_wconf 86' lang='lat' dir='ltr'>explicandum</span> <span class='ocrx_word' id='word_1_1679' title='bbox 1676 2947 1705 2973; x_wconf 89' lang='lat' dir='ltr'>in</span> <span class='ocrx_word' id='word_1_1680' title='bbox 1718 2947 1796 2973; x_wconf 90' lang='lat' dir='ltr'>laude</span> <span class='ocrx_word' id='word_1_1681' title='bbox 1811 2947 1942 2981; x_wconf 86' lang='lat' dir='ltr'>iustitiae,</span> <span class='ocrx_word' id='word_1_1682' title='bbox 1958 2950 2023 2984; x_wconf 91' lang='lat' dir='ltr'>quid</span> <span class='ocrx_word' id='word_1_1683' title='bbox 2038 2959 2098 2977; x_wconf 88' lang='lat' dir='ltr'>cum</span> <span class='ocrx_word' id='word_1_1684' title='bbox 2111 2951 2175 2985; x_wconf 85' lang='lat' dir='ltr'>fide,</span> 
     </span>
     <span class='ocr_line' id='line_1_79' title="bbox 45 2980 2175 3022; baseline 0.001 -13"><span class='ocrx_word' id='word_1_1685' title='bbox 45 2982 165 3017; x_wconf 83' lang='lat' dir='ltr'>articipes</span> <span class='ocrx_word' id='word_1_1686' title='bbox 181 2981 302 3016; x_wconf 89' lang='lat' dir='ltr'>aequiter</span> <span class='ocrx_word' id='word_1_1687' title='bbox 314 2981 410 3016; x_wconf 86' lang='lat' dir='ltr'>partita</span> <span class='ocrx_word' id='word_1_1688' title='bbox 431 2980 468 3008; x_wconf 88' lang='lat' dir='ltr'>est</span> <span class='ocrx_word' id='word_1_1689' title='bbox 506 2982 612 3010; x_wconf 85' lang='lat' dir='ltr'>Nonius</span> <span class='ocrx_word' id='word_1_1690' title='bbox 625 2992 658 3017; x_wconf 87' lang='lat'>11,</span> <span class='ocrx_word' id='word_1_1691' title='bbox 670 2986 714 3011; x_wconf 88' lang='lat'>26.</span> <span class='ocrx_word' id='word_1_1692' title='bbox 1121 2983 1189 3019; x_wconf 87' lang='lat' dir='ltr'>quid</span> <span class='ocrx_word' id='word_1_1693' title='bbox 1202 2993 1263 3010; x_wconf 90' lang='lat' dir='ltr'>cum</span> <span class='ocrx_word' id='word_1_1694' title='bbox 1276 2982 1476 3018; x_wconf 88' lang='lat' dir='ltr'>aequabilitate,</span> <span class='ocrx_word' id='word_1_1695' title='bbox 1491 2983 1557 3018; x_wconf 88' lang='lat' dir='ltr'>quid</span> <span class='ocrx_word' id='word_1_1696' title='bbox 1572 2993 1631 3009; x_wconf 87' lang='lat' dir='ltr'>cum</span> <span class='ocrx_word' id='word_1_1697' title='bbox 1646 2983 1779 3009; x_wconf 83' lang='lat' dir='ltr'>eiusmodi</span> <span class='ocrx_word' id='word_1_1698' title='bbox 1793 2983 1887 3018; x_wconf 91' lang='lat' dir='ltr'>aliquo</span> <span class='ocrx_word' id='word_1_1699' title='bbox 1901 2983 1992 3012; x_wconf 84' lang='lat' dir='ltr'>officio</span> <span class='ocrx_word' id='word_1_1700' title='bbox 2005 2986 2042 3018; x_wconf 91' lang='lat' dir='ltr'>is,</span> <span class='ocrx_word' id='word_1_1701' title='bbox 2056 2987 2104 3022; x_wconf 89' lang='lat' dir='ltr'>qui</span> <span class='ocrx_word' id='word_1_1702' title='bbox 2118 2987 2175 3014; x_wconf 89' lang='lat' dir='ltr'>lau.</span> 
     </span>
     <span class='ocr_line' id='line_1_80' title="bbox 64 3016 2176 3058; baseline 0.003 -14"><span class='ocrx_word' id='word_1_1703' title='bbox 64 3024 168 3058; x_wconf 58' lang='lat' dir='ltr'>AEQV</span> <span class='ocrx_word' id='word_1_1704' title='bbox 177 3024 267 3044; x_wconf 83' lang='lat' dir='ltr'>ITVS</span> <span class='ocrx_word' id='word_1_1705' title='bbox 276 3037 284 3049; x_wconf 87' lang='lat'>,</span> <span class='ocrx_word' id='word_1_1706' title='bbox 308 3017 475 3051; x_wconf 53' lang='lat' dir='ltr'>minerbium,</span> <span class='ocrx_word' id='word_1_1707' title='bbox 484 3016 587 3054; x_wconf 52' lang='lat' dir='ltr'>facium</span> <span class='ocrx_word' id='word_1_1708' title='bbox 600 3020 635 3046; x_wconf 87' lang='lat' dir='ltr'>ad</span> <span class='ocrx_word' id='word_1_1709' title='bbox 646 3029 757 3047; x_wconf 83' lang='lat' dir='ltr'>normam</span> <span class='ocrx_word' id='word_1_1710' title='bbox 770 3016 895 3053; x_wconf 86' lang='lat' dir='ltr'>primitus</span> <span class='ocrx_word' id='word_1_1711' title='bbox 915 3022 939 3043; x_wconf 81' lang='lat' dir='ltr'>et</span> <span class='ocrx_word' id='word_1_1712' title='bbox 951 3016 1067 3052; x_wconf 83' lang='lat' dir='ltr'>planitus</span> <span class='ocrx_word' id='word_1_1713' title='bbox 1121 3020 1248 3052; x_wconf 85' lang='lat' dir='ltr'>dabitur,</span> <span class='ocrx_word' id='word_1_1714' title='bbox 1263 3019 1366 3046; x_wconf 85' lang='lat' dir='ltr'>fecerit.</span> <span class='ocrx_word' id='word_1_1715' title='bbox 1405 3019 1512 3046; x_wconf 87' lang='lat' dir='ltr'>Lenitas</span> <span class='ocrx_word' id='word_1_1716' title='bbox 1525 3025 1551 3046; x_wconf 89' lang='lat' dir='ltr'>et</span> <span class='ocrx_word' id='word_1_1717' title='bbox 1564 3019 1738 3054; x_wconf 85' lang='lat' dir='ltr'>aequabilitas</span> <span class='ocrx_word' id='word_1_1718' title='bbox 1759 3025 1785 3045; x_wconf 86' lang='lat' dir='ltr'>et</span> <span class='ocrx_word' id='word_1_1719' title='bbox 1798 3028 1896 3054; x_wconf 83' lang='lat' dir='ltr'>purum</span> <span class='ocrx_word' id='word_1_1720' title='bbox 1910 3021 1979 3055; x_wconf 81' lang='lat' dir='ltr'>quali</span> <span class='ocrx_word' id='word_1_1721' title='bbox 1996 3022 2131 3057; x_wconf 90' lang='lat' dir='ltr'>quoddam</span> <span class='ocrx_word' id='word_1_1722' title='bbox 2148 3029 2176 3051; x_wconf 82' lang='lat' dir='ltr'>et</span> 
     </span>
     <span class='ocr_line' id='line_1_81' title="bbox 47 3051 2175 3090; baseline 0.004 -12"><span class='ocrx_word' id='word_1_1723' title='bbox 47 3052 116 3080; x_wconf 83' lang='lat' dir='ltr'>linio</span> <span class='ocrx_word' id='word_1_1724' title='bbox 129 3052 208 3079; x_wconf 70' lang='lat' dir='ltr'>tribui</span> <span class='ocrx_word' id='word_1_1725' title='bbox 219 3053 298 3080; x_wconf 80' lang='lat' dir='ltr'>uoluit</span> <span class='ocrx_word' id='word_1_1726' title='bbox 311 3054 449 3080; x_wconf 81' lang='lat' dir='ltr'>Gronouius</span> <span class='ocrx_word' id='word_1_1727' title='bbox 461 3055 548 3081; x_wconf 81' lang='lat' dir='ltr'>Diatr.</span> <span class='ocrx_word' id='word_1_1728' title='bbox 563 3054 598 3081; x_wconf 84' lang='lat' dir='ltr'>ad</span> <span class='ocrx_word' id='word_1_1729' title='bbox 610 3056 674 3083; x_wconf 79' lang='lat' dir='ltr'>Stat.</span> <span class='ocrx_word' id='word_1_1730' title='bbox 688 3065 710 3082; x_wconf 87' lang='lat' dir='ltr'>c.</span> <span class='ocrx_word' id='word_1_1731' title='bbox 723 3064 753 3088; x_wconf 79' lang='lat'>32</span> <span class='ocrx_word' id='word_1_1732' title='bbox 776 3064 799 3089; x_wconf 89' lang='lat' dir='ltr'>p.</span> <span class='ocrx_word' id='word_1_1733' title='bbox 810 3061 835 3086; x_wconf 92' lang='lat'>9.</span> <span class='ocrx_word' id='word_1_1734' title='bbox 871 3054 950 3079; x_wconf 82' lang='lat' dir='ltr'>Locus</span> <span class='ocrx_word' id='word_1_1735' title='bbox 962 3051 995 3086; x_wconf 85' lang='lat' dir='ltr'>est</span> <span class='ocrx_word' id='word_1_1736' title='bbox 1006 3054 1066 3079; x_wconf 88' lang='lat' dir='ltr'>Pan.</span> <span class='ocrx_word' id='word_1_1737' title='bbox 1078 3054 1110 3080; x_wconf 89' lang='lat'>80</span> <span class='ocrx_word' id='word_1_1738' title='bbox 1120 3056 1263 3084; x_wconf 82' lang='lat' dir='ltr'>candidum</span> <span class='ocrx_word' id='word_1_1739' title='bbox 1283 3064 1365 3090; x_wconf 84' lang='lat' dir='ltr'>genus</span> <span class='ocrx_word' id='word_1_1740' title='bbox 1387 3055 1494 3082; x_wconf 88' lang='lat' dir='ltr'>dicendi</span> <span class='ocrx_word' id='word_1_1741' title='bbox 1513 3055 1552 3082; x_wconf 87' lang='lat' dir='ltr'>Id.</span> <span class='ocrx_word' id='word_1_1742' title='bbox 1569 3056 1597 3081; x_wconf 91' lang='lat' dir='ltr'>in</span> <span class='ocrx_word' id='word_1_1743' title='bbox 1616 3056 1691 3082; x_wconf 90' lang='lat' dir='ltr'>Orat.</span> <span class='ocrx_word' id='word_1_1744' title='bbox 1708 3063 1745 3088; x_wconf 82' lang='lat'>32.</span> <span class='ocrx_word' id='word_1_1745' title='bbox 1791 3057 1822 3081; x_wconf 82' lang='lat' dir='ltr'>Et</span> <span class='ocrx_word' id='word_1_1746' title='bbox 1843 3056 1896 3082; x_wconf 86' lang='lat' dir='ltr'>Off.</span> <span class='ocrx_word' id='word_1_1747' title='bbox 1915 3065 1940 3089; x_wconf 88' lang='lat'>1,</span> <span class='ocrx_word' id='word_1_1748' title='bbox 1955 3065 1990 3089; x_wconf 90' lang='lat'>90</span> <span class='ocrx_word' id='word_1_1749' title='bbox 2010 3067 2031 3084; x_wconf 93' lang='lat' dir='ltr'>c.</span> <span class='ocrx_word' id='word_1_1750' title='bbox 2045 3060 2081 3085; x_wconf 82' lang='lat'>26</span> <span class='ocrx_word' id='word_1_1751' title='bbox 2098 3060 2175 3086; x_wconf 87' lang='lat' dir='ltr'>Prae-</span> 
     </span>
     <span class='ocr_line' id='line_1_82' title="bbox 49 3087 2175 3127; baseline 0.004 -13"><span class='ocrx_word' id='word_1_1752' title='bbox 49 3097 68 3121; x_wconf 83' lang='lat'>1,</span> <span class='ocrx_word' id='word_1_1753' title='bbox 80 3097 92 3121; x_wconf 83' lang='lat'><em>3</em></span> <span class='ocrx_word' id='word_1_1754' title='bbox 113 3087 234 3123; x_wconf 82' lang='lat' dir='ltr'>Princeps</span> <span class='ocrx_word' id='word_1_1755' title='bbox 246 3093 272 3115; x_wconf 86' lang='lat' dir='ltr'>et</span> <span class='ocrx_word' id='word_1_1756' title='bbox 285 3087 453 3123; x_wconf 86' lang='lat' dir='ltr'>candidatus,</span> <span class='ocrx_word' id='word_1_1757' title='bbox 472 3090 593 3126; x_wconf 86' lang='lat' dir='ltr'>aequales</span> <span class='ocrx_word' id='word_1_1758' title='bbox 608 3093 703 3124; x_wconf 85' lang='lat' dir='ltr'>(Gron.</span> <span class='ocrx_word' id='word_1_1759' title='bbox 717 3091 857 3126; x_wconf 81' lang='lat' dir='ltr'>aequitus)</span> <span class='ocrx_word' id='word_1_1760' title='bbox 873 3094 899 3115; x_wconf 84' lang='lat' dir='ltr'>et</span> <span class='ocrx_word' id='word_1_1761' title='bbox 912 3088 986 3115; x_wconf 77' lang='lat' dir='ltr'>simul</span> <span class='ocrx_word' id='word_1_1762' title='bbox 1001 3088 1066 3116; x_wconf 84' lang='lat' dir='ltr'>stan·</span> <span class='ocrx_word' id='word_1_1763' title='bbox 1121 3093 1246 3127; x_wconf 81' lang='lat' dir='ltr'>claraque</span> <span class='ocrx_word' id='word_1_1764' title='bbox 1259 3091 1295 3118; x_wconf 90' lang='lat' dir='ltr'>est</span> <span class='ocrx_word' id='word_1_1765' title='bbox 1310 3091 1486 3127; x_wconf 82' lang='lat' dir='ltr'>aequabilitas</span> <span class='ocrx_word' id='word_1_1766' title='bbox 1501 3092 1529 3118; x_wconf 90' lang='lat' dir='ltr'>in</span> <span class='ocrx_word' id='word_1_1767' title='bbox 1543 3091 1619 3118; x_wconf 87' lang='lat' dir='ltr'>omni</span> <span class='ocrx_word' id='word_1_1768' title='bbox 1632 3091 1702 3123; x_wconf 88' lang='lat' dir='ltr'>vita,</span> <span class='ocrx_word' id='word_1_1769' title='bbox 1716 3096 1743 3117; x_wconf 89' lang='lat' dir='ltr'>et</span> <span class='ocrx_word' id='word_1_1770' title='bbox 1756 3090 1827 3117; x_wconf 84' lang='lat' dir='ltr'>idem</span> <span class='ocrx_word' id='word_1_1771' title='bbox 1842 3091 1943 3126; x_wconf 84' lang='lat' dir='ltr'>semper</span> <span class='ocrx_word' id='word_1_1772' title='bbox 1955 3093 2055 3127; x_wconf 90' lang='lat' dir='ltr'>vultus,</span> <span class='ocrx_word' id='word_1_1773' title='bbox 2070 3095 2175 3123; x_wconf 84' lang='lat' dir='ltr'>eadem-</span> 
     </span>
     <span class='ocr_line' id='line_1_83' title="bbox 55 3123 2174 3164; baseline 0.004 -13"><span class='ocrx_word' id='word_1_1774' title='bbox 55 3133 73 3151; x_wconf 73' lang='grc' dir='ltr'>ε.</span> <span class='ocrx_word' id='word_1_1775' title='bbox 109 3123 156 3152; x_wconf 70' lang='lat' dir='ltr'>Sed</span> <span class='ocrx_word' id='word_1_1776' title='bbox 164 3125 231 3164; x_wconf 61' lang='lat' dir='ltr'>chus</span> <span class='ocrx_word' id='word_1_1777' title='bbox 244 3124 282 3150; x_wconf 77' lang='lat' dir='ltr'>ita</span> <span class='ocrx_word' id='word_1_1778' title='bbox 293 3123 381 3152; x_wconf 73' lang='lat' dir='ltr'>dubius</span> <span class='ocrx_word' id='word_1_1779' title='bbox 392 3132 473 3159; x_wconf 82' lang='lat' dir='ltr'>certe,</span> <span class='ocrx_word' id='word_1_1780' title='bbox 491 3133 521 3152; x_wconf 82' lang='lat' dir='ltr'>vt</span> <span class='ocrx_word' id='word_1_1781' title='bbox 533 3125 707 3154; x_wconf 61' lang='lat' dir='ltr'>austoritatem</span> <span class='ocrx_word' id='word_1_1782' title='bbox 717 3124 845 3162; x_wconf 74' lang='lat' dir='ltr'>praestare</span> <span class='ocrx_word' id='word_1_1783' title='bbox 863 3134 910 3152; x_wconf 84' lang='lat' dir='ltr'>non</span> <span class='ocrx_word' id='word_1_1784' title='bbox 920 3124 1002 3161; x_wconf 78' lang='lat' dir='ltr'>poffit.</span> <span class='ocrx_word' id='word_1_1785' title='bbox 1123 3137 1175 3164; x_wconf 90' lang='lat' dir='ltr'>que</span> <span class='ocrx_word' id='word_1_1786' title='bbox 1195 3129 1283 3155; x_wconf 84' lang='lat' dir='ltr'>frons:</span> <span class='ocrx_word' id='word_1_1787' title='bbox 1304 3134 1333 3155; x_wconf 90' lang='lat' dir='ltr'>vt</span> <span class='ocrx_word' id='word_1_1788' title='bbox 1351 3128 1384 3155; x_wconf 91' lang='lat' dir='ltr'>de</span> <span class='ocrx_word' id='word_1_1789' title='bbox 1404 3128 1524 3160; x_wconf 86' lang='lat' dir='ltr'>Socrate,</span> <span class='ocrx_word' id='word_1_1790' title='bbox 1546 3128 1665 3162; x_wconf 88' lang='lat' dir='ltr'>itemque</span> <span class='ocrx_word' id='word_1_1791' title='bbox 1687 3126 1719 3153; x_wconf 86' lang='lat' dir='ltr'>de</span> <span class='ocrx_word' id='word_1_1792' title='bbox 1733 3127 1763 3153; x_wconf 90' lang='lat' dir='ltr'>C.</span> <span class='ocrx_word' id='word_1_1793' title='bbox 1780 3127 1871 3153; x_wconf 86' lang='lat' dir='ltr'>Laelio</span> <span class='ocrx_word' id='word_1_1794' title='bbox 1892 3129 2049 3163; x_wconf 87' lang='lat' dir='ltr'>accepimus.</span> <span class='ocrx_word' id='word_1_1795' title='bbox 2086 3130 2125 3158; x_wconf 89' lang='lat' dir='ltr'>Id.</span> <span class='ocrx_word' id='word_1_1796' title='bbox 2140 3132 2174 3159; x_wconf 86' lang='lat' dir='ltr'>de</span> 
     </span>
     <span class='ocr_line' id='line_1_84' title="bbox 66 3160 2174 3201; baseline 0.002 -15"><span class='ocrx_word' id='word_1_1797' title='bbox 66 3165 169 3200; x_wconf 58' lang='lat' dir='ltr'>ABRV</span> <span class='ocrx_word' id='word_1_1798' title='bbox 179 3165 286 3192; x_wconf 79' lang='lat' dir='ltr'>1TAS,</span> <span class='ocrx_word' id='word_1_1799' title='bbox 305 3160 363 3188; x_wconf 65' lang='lat' dir='ltr'>Etis.</span> <span class='ocrx_word' id='word_1_1800' title='bbox 381 3161 401 3188; x_wconf 89' lang='lat' dir='ltr'>f.</span> <span class='ocrx_word' id='word_1_1801' title='bbox 428 3161 576 3198; x_wconf 64' lang='grc' dir='ltr'>[ἐπιείκεια]</span> <span class='ocrx_word' id='word_1_1802' title='bbox 613 3164 733 3190; x_wconf 85' lang='lat' dir='ltr'>Donatus</span> <span class='ocrx_word' id='word_1_1803' title='bbox 753 3161 785 3188; x_wconf 86' lang='lat' dir='ltr'>ad</span> <span class='ocrx_word' id='word_1_1804' title='bbox 800 3161 868 3188; x_wconf 85' lang='lat' dir='ltr'>Ter.</span> <span class='ocrx_word' id='word_1_1805' title='bbox 881 3160 929 3187; x_wconf 89' lang='lat' dir='ltr'>Ad.</span> <span class='ocrx_word' id='word_1_1806' title='bbox 943 3169 970 3194; x_wconf 90' lang='lat'>1,</span> <span class='ocrx_word' id='word_1_1807' title='bbox 991 3169 1017 3193; x_wconf 90' lang='lat'>1,</span> <span class='ocrx_word' id='word_1_1808' title='bbox 1032 3162 1068 3187; x_wconf 88' lang='lat'><em>26</em></span> <span class='ocrx_word' id='word_1_1809' title='bbox 1123 3165 1232 3197; x_wconf 49' lang='lat' dir='ltr'>Orata„</span> <span class='ocrx_word' id='word_1_1810' title='bbox 1245 3173 1297 3197; x_wconf 90' lang='lat'>209</span> <span class='ocrx_word' id='word_1_1811' title='bbox 1316 3174 1338 3190; x_wconf 85' lang='lat' dir='ltr'>c.</span> <span class='ocrx_word' id='word_1_1812' title='bbox 1355 3172 1385 3197; x_wconf 80' lang='lat'>52</span> <span class='ocrx_word' id='word_1_1813' title='bbox 1406 3164 1493 3190; x_wconf 80' lang='lat' dir='ltr'>Etiam</span> <span class='ocrx_word' id='word_1_1814' title='bbox 1506 3161 1691 3198; x_wconf 79' lang='lat' dir='ltr'>superioribus</span> <span class='ocrx_word' id='word_1_1815' title='bbox 1704 3163 1842 3189; x_wconf 89' lang='lat' dir='ltr'>inuidetur</span> <span class='ocrx_word' id='word_1_1816' title='bbox 1861 3177 1905 3184; x_wconf 82' lang='lat'>——</span> <span class='ocrx_word' id='word_1_1817' title='bbox 1922 3163 1941 3190; x_wconf 84' lang='lat' dir='ltr'>si</span> <span class='ocrx_word' id='word_1_1818' title='bbox 1954 3165 2174 3201; x_wconf 76' lang='lat' dir='ltr'>aequabilitatem</span> 
     </span>
     <span class='ocr_line' id='line_1_85' title="bbox 41 3195 2173 3235; baseline 0.004 -13"><span class='ocrx_word' id='word_1_1819' title='bbox 41 3201 100 3223; x_wconf 84' lang='lat' dir='ltr'>nter</span> <span class='ocrx_word' id='word_1_1820' title='bbox 114 3205 155 3223; x_wconf 83' lang='lat' dir='ltr'>ius</span> <span class='ocrx_word' id='word_1_1821' title='bbox 170 3200 196 3222; x_wconf 81' lang='lat' dir='ltr'>et</span> <span class='ocrx_word' id='word_1_1822' title='bbox 215 3195 388 3230; x_wconf 84' lang='lat' dir='ltr'>aequitatem,</span> <span class='ocrx_word' id='word_1_1823' title='bbox 406 3196 457 3224; x_wconf 86' lang='lat' dir='ltr'>hoc</span> <span class='ocrx_word' id='word_1_1824' title='bbox 471 3197 586 3226; x_wconf 87' lang='lat' dir='ltr'>interest.</span> <span class='ocrx_word' id='word_1_1825' title='bbox 623 3201 666 3227; x_wconf 88' lang='lat' dir='ltr'>Ius</span> <span class='ocrx_word' id='word_1_1826' title='bbox 679 3199 715 3226; x_wconf 87' lang='lat' dir='ltr'>est</span> <span class='ocrx_word' id='word_1_1827' title='bbox 724 3219 732 3231; x_wconf 87' lang='lat'><strong>‚</strong></span> <span class='ocrx_word' id='word_1_1828' title='bbox 750 3196 823 3233; x_wconf 89' lang='lat' dir='ltr'>quod</span> <span class='ocrx_word' id='word_1_1829' title='bbox 842 3197 932 3224; x_wconf 79' lang='lat' dir='ltr'>omnia</span> <span class='ocrx_word' id='word_1_1830' title='bbox 950 3196 1023 3224; x_wconf 73' lang='lat' dir='ltr'>re&amp;a</span> <span class='ocrx_word' id='word_1_1831' title='bbox 1042 3202 1068 3223; x_wconf 87' lang='lat' dir='ltr'>et</span> <span class='ocrx_word' id='word_1_1832' title='bbox 1122 3201 1272 3227; x_wconf 88' lang='lat' dir='ltr'>communis</span> <span class='ocrx_word' id='word_1_1833' title='bbox 1286 3201 1354 3227; x_wconf 85' lang='lat' dir='ltr'>iuris</span> <span class='ocrx_word' id='word_1_1834' title='bbox 1367 3200 1525 3235; x_wconf 86' lang='lat' dir='ltr'>praestantia</span> <span class='ocrx_word' id='word_1_1835' title='bbox 1539 3199 1677 3234; x_wconf 84' lang='lat' dir='ltr'>dignitatis</span> <span class='ocrx_word' id='word_1_1836' title='bbox 1691 3205 1736 3225; x_wconf 87' lang='lat' dir='ltr'>aut</span> <span class='ocrx_word' id='word_1_1837' title='bbox 1750 3199 1874 3225; x_wconf 89' lang='lat' dir='ltr'>fortunae</span> <span class='ocrx_word' id='word_1_1838' title='bbox 1888 3200 1948 3227; x_wconf 86' lang='lat' dir='ltr'>suae</span> <span class='ocrx_word' id='word_1_1839' title='bbox 1962 3203 2104 3230; x_wconf 86' lang='lat' dir='ltr'>transeunt.</span> <span class='ocrx_word' id='word_1_1840' title='bbox 2132 3203 2173 3231; x_wconf 87' lang='lat' dir='ltr'>Id.</span> 
     </span>
     <span class='ocr_line' id='line_1_86' title="bbox 39 3230 2174 3296; baseline 0.001 -32"><span class='ocrx_word' id='word_1_1841' title='bbox 39 3231 189 3258; x_wconf 64' lang='lat' dir='ltr'>flflssibffia</span> <span class='ocrx_word' id='word_1_1842' title='bbox 202 3230 438 3294; x_wconf 50' lang='grc' dir='ltr'>θΙΧῙΕὲῐ-δᾼθῖὓὶἶέδ</span> <span class='ocrx_word' id='word_1_1843' title='bbox 451 3233 498 3296; x_wconf 62' lang='lat' dir='ltr'>0¹sp</span> <span class='ocrx_word' id='word_1_1844' title='bbox 511 3244 578 3269; x_wconf 65' lang='lat' dir='ltr'>quae</span> <span class='ocrx_word' id='word_1_1845' title='bbox 591 3235 622 3262; x_wconf 74' lang='lat' dir='ltr'>de</span> <span class='ocrx_word' id='word_1_1846' title='bbox 636 3235 695 3262; x_wconf 74' lang='lat' dir='ltr'>iure</span> <span class='ocrx_word' id='word_1_1847' title='bbox 707 3235 822 3296; x_wconf 49' lang='lat' dir='ltr'>multitu?</span> <span class='ocrx_word' id='word_1_1848' title='bbox 835 3233 957 3260; x_wconf 63' lang='lat' dir='ltr'>remittit·</span> <span class='ocrx_word' id='word_1_1849' title='bbox 977 3233 1066 3296; x_wconf 43' lang='lat' dir='ltr'>valed..</span> <span class='ocrx_word' id='word_1_1850' title='bbox 1080 3244 1109 3273; x_wconf 83' lang='grc'>85</span> <span class='ocrx_word' id='word_1_1851' title='bbox 1122 3236 1176 3264; x_wconf 85' lang='lat' dir='ltr'>Off.</span> <span class='ocrx_word' id='word_1_1852' title='bbox 1187 3245 1207 3270; x_wconf 88' lang='lat'>1,</span> <span class='ocrx_word' id='word_1_1853' title='bbox 1222 3242 1251 3267; x_wconf 84' lang='lat'>88</span> <span class='ocrx_word' id='word_1_1854' title='bbox 1272 3246 1293 3263; x_wconf 85' lang='lat' dir='ltr'>c.</span> <span class='ocrx_word' id='word_1_1855' title='bbox 1307 3243 1338 3270; x_wconf 75' lang='lat'>25</span> <span class='ocrx_word' id='word_1_1856' title='bbox 1359 3237 1390 3263; x_wconf 92' lang='lat' dir='ltr'>In</span> <span class='ocrx_word' id='word_1_1857' title='bbox 1404 3236 1498 3263; x_wconf 87' lang='lat' dir='ltr'>liberis</span> <span class='ocrx_word' id='word_1_1858' title='bbox 1512 3245 1578 3262; x_wconf 91' lang='lat' dir='ltr'>vero</span> <span class='ocrx_word' id='word_1_1859' title='bbox 1592 3235 1712 3270; x_wconf 82' lang='lat' dir='ltr'>populis,</span> <span class='ocrx_word' id='word_1_1860' title='bbox 1732 3240 1758 3261; x_wconf 88' lang='lat' dir='ltr'>et</span> <span class='ocrx_word' id='word_1_1861' title='bbox 1772 3234 1800 3260; x_wconf 86' lang='lat' dir='ltr'>in</span> <span class='ocrx_word' id='word_1_1862' title='bbox 1814 3234 1882 3262; x_wconf 87' lang='lat' dir='ltr'>iuris</span> <span class='ocrx_word' id='word_1_1863' title='bbox 1897 3237 2087 3272; x_wconf 88' lang='lat' dir='ltr'>aequabilitate</span> <span class='ocrx_word' id='word_1_1864' title='bbox 2100 3248 2174 3267; x_wconf 86' lang='lat' dir='ltr'>exer-</span> 
     </span>
     <span class='ocr_line' id='line_1_87' title="bbox 71 3269 2089 3295; baseline -0.01 -1"><span class='ocrx_word' id='word_1_1865' title='bbox 71 3273 330 3293; x_wconf 65' lang='lat' dir='ltr'>·xtr.“taei</span> <span class='ocrx_word' id='word_1_1866' title='bbox 503 3270 520 3275; x_wconf 85' lang='grc'>“’</span> <span class='ocrx_word' id='word_1_1867' title='bbox 699 3272 704 3275; x_wconf 94' lang='grc'><em>·</em></span> <span class='ocrx_word' id='word_1_1868' title='bbox 787 3270 850 3295; x_wconf 80' lang='lat'>&#39;&#39;:</span> <span class='ocrx_word' id='word_1_1869' title='bbox 941 3269 996 3274; x_wconf 91' lang='lat'>··</span> <span class='ocrx_word' id='word_1_1870' title='bbox 1057 3285 1068 3291; x_wconf 64' lang='grc'><strong>,</strong></span> <span class='ocrx_word' id='word_1_1871' title='bbox 1266 3272 1271 3277; x_wconf 91' lang='grc'><strong>-</strong></span> <span class='ocrx_word' id='word_1_1872' title='bbox 1425 3272 1452 3277; x_wconf 83' lang='grc'>..</span> <span class='ocrx_word' id='word_1_1873' title='bbox 1589 3273 1593 3276; x_wconf 92' lang='grc'>.</span> <span class='ocrx_word' id='word_1_1874' title='bbox 1715 3270 1760 3274; x_wconf 90' lang='grc'>..</span> <span class='ocrx_word' id='word_1_1875' title='bbox 1880 3271 1911 3276; x_wconf 83' lang='grc'>..</span> <span class='ocrx_word' id='word_1_1876' title='bbox 2083 3276 2089 3280; x_wconf 69' lang='grc'><strong>,</strong></span> 
     </span>
     <span class='ocr_line' id='line_1_88' title="bbox 46 3270 2174 3345; baseline 0.004 -15"><span class='ocrx_word' id='word_1_1877' title='bbox 46 3277 148 3330; x_wconf 55' lang='lat' dir='ltr'>&#39;alaim</span> <span class='ocrx_word' id='word_1_1878' title='bbox 161 3273 387 3337; x_wconf 56' lang='lat' dir='ltr'>‹e&#39;mperameffi</span> <span class='ocrx_word' id='word_1_1879' title='bbox 399 3270 1068 3342; x_wconf 49' lang='lat' dir='ltr'>s333.2‡¹¹..¹¹.¹?.‡}¹53.¹5.g..¹.‘Soza‘..²22‘1sfflss3‘523..</span> <span class='ocrx_word' id='word_1_1880' title='bbox 1122 3270 2174 3345; x_wconf 54' lang='lat' dir='ltr'>§.etia{223313‘253232553515{¹12¹ss33¹3.{.22”1}{133¹5.5„³¹.‘3{3{·L.‘}f.‘‡.&#39;ss.¹‘;¹‘?f.¹3</span> 
     </span>
     <span class='ocr_line' id='line_1_89' title="bbox 39 3331 2173 3380; baseline 0.003 -14"><span class='ocrx_word' id='word_1_1881' title='bbox 39 3345 139 3380; x_wconf 78' lang='lat' dir='ltr'>atorem</span> <span class='ocrx_word' id='word_1_1882' title='bbox 153 3339 274 3379; x_wconf 79' lang='lat' dir='ltr'>partitus.</span> <span class='ocrx_word' id='word_1_1883' title='bbox 312 3339 367 3379; x_wconf 80' lang='lat' dir='ltr'>Cic.</span> <span class='ocrx_word' id='word_1_1884' title='bbox 383 3339 411 3365; x_wconf 88' lang='lat' dir='ltr'>in</span> <span class='ocrx_word' id='word_1_1885' title='bbox 423 3340 511 3380; x_wconf 71' lang='lat' dir='ltr'>Par-tit.</span> <span class='ocrx_word' id='word_1_1886' title='bbox 526 3350 570 3375; x_wconf 83' lang='lat'>130</span> <span class='ocrx_word' id='word_1_1887' title='bbox 590 3343 740 3379; x_wconf 86' lang='lat' dir='ltr'>Aequitatis</span> <span class='ocrx_word' id='word_1_1888' title='bbox 755 3348 844 3369; x_wconf 86' lang='lat' dir='ltr'>autem</span> <span class='ocrx_word' id='word_1_1889' title='bbox 859 3341 899 3368; x_wconf 90' lang='lat' dir='ltr'>vis</span> <span class='ocrx_word' id='word_1_1890' title='bbox 912 3341 948 3368; x_wconf 86' lang='lat' dir='ltr'>est</span> <span class='ocrx_word' id='word_1_1891' title='bbox 960 3341 1066 3377; x_wconf 88' lang='lat' dir='ltr'>duplex.</span> <span class='ocrx_word' id='word_1_1892' title='bbox 1122 3344 1308 3380; x_wconf 83' lang='lat' dir='ltr'>Aequabilitas</span> <span class='ocrx_word' id='word_1_1893' title='bbox 1322 3350 1411 3370; x_wconf 85' lang='lat' dir='ltr'>motus</span> <span class='ocrx_word' id='word_1_1894' title='bbox 1425 3345 1482 3371; x_wconf 86' lang='lat' dir='ltr'>Cic.</span> <span class='ocrx_word' id='word_1_1895' title='bbox 1493 3344 1526 3371; x_wconf 86' lang='lat' dir='ltr'>de</span> <span class='ocrx_word' id='word_1_1896' title='bbox 1534 3343 1685 3371; x_wconf 84' lang='lat' dir='ltr'>Nat.Deor.</span> <span class='ocrx_word' id='word_1_1897' title='bbox 1693 3350 1719 3374; x_wconf 88' lang='lat'>2,</span> <span class='ocrx_word' id='word_1_1898' title='bbox 1728 3349 1761 3374; x_wconf 80' lang='lat'>13.</span> <span class='ocrx_word' id='word_1_1899' title='bbox 1798 3342 1836 3369; x_wconf 90' lang='lat' dir='ltr'>Id.</span> <span class='ocrx_word' id='word_1_1900' title='bbox 1845 3343 1898 3370; x_wconf 83' lang='lat' dir='ltr'>Off.</span> <span class='ocrx_word' id='word_1_1901' title='bbox 1906 3353 1969 3377; x_wconf 85' lang='lat'><em>1‚111</em></span> <span class='ocrx_word' id='word_1_1902' title='bbox 1983 3355 2038 3378; x_wconf 83' lang='lat' dir='ltr'>c.31</span> <span class='ocrx_word' id='word_1_1903' title='bbox 2052 3331 2173 3374; x_wconf 68' lang='lat' dir='ltr'>Omt’iino</span> 
     </span>
     <span class='ocr_line' id='line_1_90' title="bbox 52 3374 2173 3417; baseline 0.003 -15"><span class='ocrx_word' id='word_1_1904' title='bbox 52 3383 112 3416; x_wconf 58' lang='lat' dir='ltr'>urus</span> <span class='ocrx_word' id='word_1_1905' title='bbox 126 3374 208 3402; x_wconf 81' lang='lat' dir='ltr'>altera</span> <span class='ocrx_word' id='word_1_1906' title='bbox 223 3374 337 3416; x_wconf 60' lang='lat' dir='ltr'>dircen,</span> <span class='ocrx_word' id='word_1_1907' title='bbox 355 3382 381 3401; x_wconf 88' lang='lat' dir='ltr'>et</span> <span class='ocrx_word' id='word_1_1908' title='bbox 393 3383 452 3402; x_wconf 82' lang='lat' dir='ltr'>veri</span> <span class='ocrx_word' id='word_1_1909' title='bbox 458 3395 468 3408; x_wconf 89' lang='lat'>,</span> <span class='ocrx_word' id='word_1_1910' title='bbox 485 3382 511 3403; x_wconf 90' lang='lat' dir='ltr'>et</span> <span class='ocrx_word' id='word_1_1911' title='bbox 524 3377 602 3412; x_wconf 86' lang='lat' dir='ltr'>iusti,</span> <span class='ocrx_word' id='word_1_1912' title='bbox 621 3386 647 3406; x_wconf 89' lang='lat' dir='ltr'>et</span> <span class='ocrx_word' id='word_1_1913' title='bbox 667 3383 714 3412; x_wconf 86' lang='lat' dir='ltr'>(vt</span> <span class='ocrx_word' id='word_1_1914' title='bbox 728 3379 846 3409; x_wconf 88' lang='lat' dir='ltr'>dicitur)</span> <span class='ocrx_word' id='word_1_1915' title='bbox 866 3378 945 3413; x_wconf 84' lang='lat' dir='ltr'>aequi</span> <span class='ocrx_word' id='word_1_1916' title='bbox 958 3384 984 3405; x_wconf 91' lang='lat' dir='ltr'>et</span> <span class='ocrx_word' id='word_1_1917' title='bbox 1000 3377 1068 3405; x_wconf 89' lang='lat' dir='ltr'>boni</span> <span class='ocrx_word' id='word_1_1918' title='bbox 1123 3381 1141 3408; x_wconf 87' lang='lat' dir='ltr'><strong>fi</strong></span> <span class='ocrx_word' id='word_1_1919' title='bbox 1157 3380 1304 3416; x_wconf 79' lang='lat' dir='ltr'>quidquam</span> <span class='ocrx_word' id='word_1_1920' title='bbox 1318 3380 1354 3407; x_wconf 87' lang='lat' dir='ltr'>est</span> <span class='ocrx_word' id='word_1_1921' title='bbox 1368 3380 1512 3412; x_wconf 85' lang='lat' dir='ltr'>decorum,</span> <span class='ocrx_word' id='word_1_1922' title='bbox 1533 3379 1602 3406; x_wconf 91' lang='lat' dir='ltr'>nihil</span> <span class='ocrx_word' id='word_1_1923' title='bbox 1619 3378 1654 3405; x_wconf 86' lang='lat' dir='ltr'>est</span> <span class='ocrx_word' id='word_1_1924' title='bbox 1667 3377 1790 3411; x_wconf 58' lang='lat' dir='ltr'>profecto</span> <span class='ocrx_word' id='word_1_1925' title='bbox 1803 3379 1887 3414; x_wconf 82' lang='lat' dir='ltr'>magis</span> <span class='ocrx_word' id='word_1_1926' title='bbox 1902 3389 1982 3415; x_wconf 88' lang='lat' dir='ltr'>quam</span> <span class='ocrx_word' id='word_1_1927' title='bbox 1996 3382 2173 3417; x_wconf 84' lang='lat' dir='ltr'>aequabilitas</span> 
     </span>
     <span class='ocr_line' id='line_1_91' title="bbox 44 3410 2173 3453; baseline 0.004 -16"><span class='ocrx_word' id='word_1_1928' title='bbox 44 3416 132 3447; x_wconf 74' lang='lat' dir='ltr'>attone</span> <span class='ocrx_word' id='word_1_1929' title='bbox 144 3410 305 3452; x_wconf 77' lang='lat' dir='ltr'>defenditur.</span> <span class='ocrx_word' id='word_1_1930' title='bbox 342 3411 433 3451; x_wconf 79' lang='lat' dir='ltr'>Altera</span> <span class='ocrx_word' id='word_1_1931' title='bbox 446 3410 479 3452; x_wconf 71' lang='lat' dir='ltr'>ad</span> <span class='ocrx_word' id='word_1_1932' title='bbox 489 3412 691 3452; x_wconf 77' lang='lat' dir='ltr'>viciffitudinem</span> <span class='ocrx_word' id='word_1_1933' title='bbox 709 3413 864 3442; x_wconf 87' lang='lat' dir='ltr'>referendae</span> <span class='ocrx_word' id='word_1_1934' title='bbox 875 3414 974 3448; x_wconf 82' lang='lat' dir='ltr'>gratiae</span> <span class='ocrx_word' id='word_1_1935' title='bbox 987 3415 1067 3450; x_wconf 87' lang='lat' dir='ltr'>perti·</span> <span class='ocrx_word' id='word_1_1936' title='bbox 1075 3426 1112 3451; x_wconf 88' lang='lat'>90</span> <span class='ocrx_word' id='word_1_1937' title='bbox 1122 3418 1262 3444; x_wconf 83' lang='lat' dir='ltr'>vniuersae</span> <span class='ocrx_word' id='word_1_1938' title='bbox 1280 3417 1370 3449; x_wconf 86' lang='lat' dir='ltr'>vitae,</span> <span class='ocrx_word' id='word_1_1939' title='bbox 1385 3421 1444 3443; x_wconf 88' lang='lat' dir='ltr'>tum</span> <span class='ocrx_word' id='word_1_1940' title='bbox 1459 3415 1620 3451; x_wconf 75' lang='lat' dir='ltr'>singularum</span> <span class='ocrx_word' id='word_1_1941' title='bbox 1638 3413 1786 3441; x_wconf 74' lang='lat' dir='ltr'>actionum.</span> <span class='ocrx_word' id='word_1_1942' title='bbox 1823 3417 1951 3443; x_wconf 79' lang='lat' dir='ltr'>Nimirum</span> <span class='ocrx_word' id='word_1_1943' title='bbox 1970 3421 2045 3444; x_wconf 77' lang='lat' dir='ltr'>etiam</span> <span class='ocrx_word' id='word_1_1944' title='bbox 2058 3418 2173 3453; x_wconf 73' lang='lat' dir='ltr'>pulchri-</span> 
     </span>
     <span class='ocr_line' id='line_1_92' title="bbox 49 3446 2122 3490; baseline 0.004 -18"><span class='ocrx_word' id='word_1_1945' title='bbox 49 3451 94 3473; x_wconf 63' lang='lat' dir='ltr'>et.⁴</span> <span class='ocrx_word' id='word_1_1946' title='bbox 118 3446 199 3481; x_wconf 78' lang='lat' dir='ltr'>Qiod</span> <span class='ocrx_word' id='word_1_1947' title='bbox 212 3455 240 3473; x_wconf 88' lang='lat' dir='ltr'>m</span> <span class='ocrx_word' id='word_1_1948' title='bbox 252 3446 384 3473; x_wconf 83' lang='lat' dir='ltr'>beneficio</span> <span class='ocrx_word' id='word_1_1949' title='bbox 395 3453 495 3482; x_wconf 82' lang='lat' dir='ltr'>gratia,</span> <span class='ocrx_word' id='word_1_1950' title='bbox 509 3456 537 3475; x_wconf 87' lang='lat' dir='ltr'>m</span> <span class='ocrx_word' id='word_1_1951' title='bbox 549 3448 648 3477; x_wconf 87' lang='lat' dir='ltr'>iniuria</span> <span class='ocrx_word' id='word_1_1952' title='bbox 661 3451 731 3478; x_wconf 90' lang='lat' dir='ltr'>vltio</span> <span class='ocrx_word' id='word_1_1953' title='bbox 745 3451 907 3477; x_wconf 84' lang='lat' dir='ltr'>nominatur.</span> <span class='ocrx_word' id='word_1_1954' title='bbox 942 3449 980 3477; x_wconf 92' lang='lat' dir='ltr'>Id.</span> <span class='ocrx_word' id='word_1_1955' title='bbox 992 3450 1067 3485; x_wconf 90' lang='lat' dir='ltr'>Top.</span> <span class='ocrx_word' id='word_1_1956' title='bbox 1122 3453 1182 3480; x_wconf 81' lang='lat' dir='ltr'>tudo</span> <span class='ocrx_word' id='word_1_1957' title='bbox 1196 3460 1325 3489; x_wconf 81' lang='lat' dir='ltr'>corporum</span> <span class='ocrx_word' id='word_1_1958' title='bbox 1338 3455 1366 3478; x_wconf 86' lang='lat' dir='ltr'>in</span> <span class='ocrx_word' id='word_1_1959' title='bbox 1381 3452 1496 3489; x_wconf 69' lang='lat' dir='ltr'>confimsu</span> <span class='ocrx_word' id='word_1_1960' title='bbox 1509 3451 1611 3488; x_wconf 71' lang='lat' dir='ltr'>quodam</span> <span class='ocrx_word' id='word_1_1961' title='bbox 1626 3456 1650 3475; x_wconf 79' lang='lat' dir='ltr'>et</span> <span class='ocrx_word' id='word_1_1962' title='bbox 1662 3448 1728 3485; x_wconf 80' lang='lat' dir='ltr'>quast</span> <span class='ocrx_word' id='word_1_1963' title='bbox 1741 3451 1873 3488; x_wconf 56' lang='lat' dir='ltr'>commeasti</span> <span class='ocrx_word' id='word_1_1964' title='bbox 1887 3452 2038 3490; x_wconf 69' lang='lat' dir='ltr'>diuersorum</span> <span class='ocrx_word' id='word_1_1965' title='bbox 2051 3451 2122 3484; x_wconf 71' lang='lat' dir='ltr'>inest.</span> 
     </span>
     <span class='ocr_line' id='line_1_93' title="bbox 20 3480 2173 3529; baseline 0.01 -40"><span class='ocrx_word' id='word_1_1966' title='bbox 20 3480 66 3514; x_wconf 72' lang='lat'>¹90</span> <span class='ocrx_word' id='word_1_1967' title='bbox 85 3490 107 3516; x_wconf 76' lang='lat' dir='ltr'>e,</span> <span class='ocrx_word' id='word_1_1968' title='bbox 119 3491 148 3516; x_wconf 83' lang='lat'>²3</span> <span class='ocrx_word' id='word_1_1969' title='bbox 167 3481 286 3524; x_wconf 51' lang='lat' dir='ltr'>dififfrt-ius</span> <span class='ocrx_word' id='word_1_1970' title='bbox 297 3486 372 3524; x_wconf 64' lang='lat' dir='ltr'>etiam</span> <span class='ocrx_word' id='word_1_1971' title='bbox 384 3492 456 3524; x_wconf 63' lang='lat' dir='ltr'>qiaam</span> <span class='ocrx_word' id='word_1_1972' title='bbox 469 3484 519 3510; x_wconf 75' lang='lat' dir='ltr'>late</span> <span class='ocrx_word' id='word_1_1973' title='bbox 527 3490 613 3519; x_wconf 75' lang='lat' dir='ltr'>pateat</span> <span class='ocrx_word' id='word_1_1974' title='bbox 623 3487 749 3522; x_wconf 84' lang='lat' dir='ltr'>Aequitas</span> <span class='ocrx_word' id='word_1_1975' title='bbox 762 3484 884 3519; x_wconf 78' lang='lat' dir='ltr'>ostendit:</span> <span class='ocrx_word' id='word_1_1976' title='bbox 897 3486 965 3513; x_wconf 89' lang='lat' dir='ltr'>Cum</span> <span class='ocrx_word' id='word_1_1977' title='bbox 979 3492 1068 3514; x_wconf 76' lang='lat' dir='ltr'>autem</span> <span class='ocrx_word' id='word_1_1978' title='bbox 1162 3496 1207 3516; x_wconf 85' lang='grc' dir='ltr'>ΑΕ</span> <span class='ocrx_word' id='word_1_1979' title='bbox 1216 3496 1265 3529; x_wconf 64' lang='lat' dir='ltr'>qv</span> <span class='ocrx_word' id='word_1_1980' title='bbox 1274 3495 1296 3515; x_wconf 87' lang='lat' dir='ltr'>A</span> <span class='ocrx_word' id='word_1_1981' title='bbox 1305 3495 1322 3516; x_wconf 92' lang='grc' dir='ltr'>Β</span> <span class='ocrx_word' id='word_1_1982' title='bbox 1331 3496 1340 3515; x_wconf 89' lang='lat'>1</span> <span class='ocrx_word' id='word_1_1983' title='bbox 1349 3495 1366 3515; x_wconf 91' lang='lat' dir='ltr'>L</span> <span class='ocrx_word' id='word_1_1984' title='bbox 1378 3486 1422 3515; x_wconf 79' lang='lat' dir='ltr'>f&#39;r</span> <span class='ocrx_word' id='word_1_1985' title='bbox 1430 3495 1446 3515; x_wconf 87' lang='lat' dir='ltr'>E</span> <span class='ocrx_word' id='word_1_1986' title='bbox 1455 3495 1474 3515; x_wconf 84' lang='lat' dir='ltr'>R</span> <span class='ocrx_word' id='word_1_1987' title='bbox 1484 3508 1491 3521; x_wconf 89' lang='lat'>,</span> <span class='ocrx_word' id='word_1_1988' title='bbox 1513 3487 1580 3513; x_wconf 88' lang='lat' dir='ltr'>Adu.</span> <span class='ocrx_word' id='word_1_1989' title='bbox 1606 3485 1724 3519; x_wconf 75' lang='grc' dir='ltr'>[ἐπίσης]</span> <span class='ocrx_word' id='word_1_1990' title='bbox 1761 3488 1908 3523; x_wconf 60' lang='lat' dir='ltr'>Aequam-e,-</span> <span class='ocrx_word' id='word_1_1991' title='bbox 1927 3498 1981 3515; x_wconf 67' lang='lat' dir='ltr'>cum</span> <span class='ocrx_word' id='word_1_1992' title='bbox 1998 3488 2103 3525; x_wconf 78' lang='lat' dir='ltr'>quodam</span> <span class='ocrx_word' id='word_1_1993' title='bbox 2117 3499 2173 3516; x_wconf 79' lang='lat' dir='ltr'>con-</span> 
     </span>
     <span class='ocr_line' id='line_1_94' title="bbox 33 3516 2173 3560; baseline 0.004 -16"><span class='ocrx_word' id='word_1_1994' title='bbox 33 3516 65 3543; x_wconf 79' lang='lat' dir='ltr'>de</span> <span class='ocrx_word' id='word_1_1995' title='bbox 75 3525 160 3558; x_wconf 69' lang='lat' dir='ltr'>aequo</span> <span class='ocrx_word' id='word_1_1996' title='bbox 171 3524 197 3559; x_wconf 74' lang='lat' dir='ltr'>et</span> <span class='ocrx_word' id='word_1_1997' title='bbox 211 3527 307 3554; x_wconf 79' lang='lat' dir='ltr'>miquo</span> <span class='ocrx_word' id='word_1_1998' title='bbox 321 3518 469 3560; x_wconf 68' lang='lat' dir='ltr'>disseritur,</span> <span class='ocrx_word' id='word_1_1999' title='bbox 483 3520 624 3559; x_wconf 75' lang='lat' dir='ltr'>aequitatis</span> <span class='ocrx_word' id='word_1_2000' title='bbox 637 3521 690 3549; x_wconf 88' lang='lat' dir='ltr'>loci</span> <span class='ocrx_word' id='word_1_2001' title='bbox 702 3523 874 3557; x_wconf 81' lang='lat' dir='ltr'>colliguntur.</span> <span class='ocrx_word' id='word_1_2002' title='bbox 907 3522 945 3549; x_wconf 85' lang='lat' dir='ltr'>Hi</span> <span class='ocrx_word' id='word_1_2003' title='bbox 957 3531 1068 3550; x_wconf 87' lang='lat' dir='ltr'>cernun-</span> <span class='ocrx_word' id='word_1_2004' title='bbox 1122 3527 1272 3552; x_wconf 78' lang='lat' dir='ltr'>tinuatione.</span> <span class='ocrx_word' id='word_1_2005' title='bbox 1310 3525 1398 3551; x_wconf 89' lang='lat' dir='ltr'>Varro</span> <span class='ocrx_word' id='word_1_2006' title='bbox 1411 3523 1444 3551; x_wconf 90' lang='lat' dir='ltr'>de</span> <span class='ocrx_word' id='word_1_2007' title='bbox 1457 3525 1488 3550; x_wconf 89' lang='lat' dir='ltr'>R.</span> <span class='ocrx_word' id='word_1_2008' title='bbox 1503 3524 1535 3549; x_wconf 85' lang='lat' dir='ltr'>R.</span> <span class='ocrx_word' id='word_1_2009' title='bbox 1553 3531 1572 3554; x_wconf 86' lang='lat'>1,</span> <span class='ocrx_word' id='word_1_2010' title='bbox 1586 3523 1602 3547; x_wconf 91' lang='lat'><em>6</em></span> <span class='ocrx_word' id='word_1_2011' title='bbox 1623 3521 1774 3556; x_wconf 83' lang='lat' dir='ltr'>Campester</span> <span class='ocrx_word' id='word_1_2012' title='bbox 1789 3522 1864 3550; x_wconf 89' lang='lat' dir='ltr'>locus</span> <span class='ocrx_word' id='word_1_2013' title='bbox 1878 3524 1900 3550; x_wconf 82' lang='lat' dir='ltr'>is</span> <span class='ocrx_word' id='word_1_2014' title='bbox 1913 3524 2025 3557; x_wconf 86' lang='lat' dir='ltr'>melior,</span> <span class='ocrx_word' id='word_1_2015' title='bbox 2040 3525 2087 3559; x_wconf 84' lang='lat' dir='ltr'>qui</span> <span class='ocrx_word' id='word_1_2016' title='bbox 2101 3530 2173 3552; x_wconf 77' lang='lat' dir='ltr'>totus</span> 
     </span>
     <span class='ocr_line' id='line_1_95' title="bbox 34 3548 2173 3596; baseline 0.004 -16"><span class='ocrx_word' id='word_1_2017' title='bbox 34 3548 229 3595; x_wconf 60' lang='lat' dir='ltr'>qxrbipartito,</span> <span class='ocrx_word' id='word_1_2018' title='bbox 249 3560 423 3596; x_wconf 31' lang='lat' dir='ltr'>et&#39;naturanet</span> <span class='ocrx_word' id='word_1_2019' title='bbox 437 3555 568 3596; x_wconf 75' lang='lat' dir='ltr'>instituto.</span> <span class='ocrx_word' id='word_1_2020' title='bbox 587 3591 593 3596; x_wconf 37' lang='grc' dir='ltr'><em>Π</em></span> <span class='ocrx_word' id='word_1_2021' title='bbox 605 3556 709 3585; x_wconf 84' lang='lat' dir='ltr'>Natura</span> <span class='ocrx_word' id='word_1_2022' title='bbox 721 3565 807 3594; x_wconf 80' lang='lat' dir='ltr'>partes</span> <span class='ocrx_word' id='word_1_2023' title='bbox 828 3556 905 3583; x_wconf 87' lang='lat' dir='ltr'>habet</span> <span class='ocrx_word' id='word_1_2024' title='bbox 919 3557 996 3592; x_wconf 83' lang='lat' dir='ltr'>duas,</span> <span class='ocrx_word' id='word_1_2025' title='bbox 1016 3559 1068 3585; x_wconf 90' lang='lat' dir='ltr'>tui·</span> <span class='ocrx_word' id='word_1_2026' title='bbox 1124 3560 1302 3596; x_wconf 86' lang='lat' dir='ltr'>aequabiliter</span> <span class='ocrx_word' id='word_1_2027' title='bbox 1325 3560 1354 3586; x_wconf 89' lang='lat' dir='ltr'>in</span> <span class='ocrx_word' id='word_1_2028' title='bbox 1372 3569 1452 3587; x_wconf 86' lang='lat' dir='ltr'>vnarn</span> <span class='ocrx_word' id='word_1_2029' title='bbox 1471 3565 1572 3594; x_wconf 88' lang='lat' dir='ltr'>partem</span> <span class='ocrx_word' id='word_1_2030' title='bbox 1592 3557 1688 3592; x_wconf 87' lang='lat' dir='ltr'>vergit.</span> <span class='ocrx_word' id='word_1_2031' title='bbox 1741 3558 1927 3593; x_wconf 88' lang='lat' dir='ltr'>Aequabiliter</span> <span class='ocrx_word' id='word_1_2032' title='bbox 1947 3560 1975 3586; x_wconf 92' lang='lat' dir='ltr'>in</span> <span class='ocrx_word' id='word_1_2033' title='bbox 1994 3560 2127 3595; x_wconf 85' lang='lat' dir='ltr'>rempubl.</span> <span class='ocrx_word' id='word_1_2034' title='bbox 2143 3562 2173 3589; x_wconf 88' lang='lat' dir='ltr'>in</span> 
     </span>
     <span class='ocr_line' id='line_1_96' title="bbox 36 3589 2173 3632; baseline 0.005 -19"><span class='ocrx_word' id='word_1_2035' title='bbox 36 3592 133 3615; x_wconf 74' lang='lat' dir='ltr'>tionem</span> <span class='ocrx_word' id='word_1_2036' title='bbox 145 3589 227 3630; x_wconf 53' lang='lat' dir='ltr'>subet</span> <span class='ocrx_word' id='word_1_2037' title='bbox 233 3590 376 3631; x_wconf 68' lang='lat' dir='ltr'>ylciscendi</span> <span class='ocrx_word' id='word_1_2038' title='bbox 391 3600 440 3619; x_wconf 87' lang='lat' dir='ltr'>ius.</span> <span class='ocrx_word' id='word_1_2039' title='bbox 476 3591 614 3632; x_wconf 78' lang='lat' dir='ltr'>Institutio</span> <span class='ocrx_word' id='word_1_2040' title='bbox 626 3598 713 3620; x_wconf 87' lang='lat' dir='ltr'>autem</span> <span class='ocrx_word' id='word_1_2041' title='bbox 725 3593 867 3630; x_wconf 82' lang='lat' dir='ltr'>aequitatis</span> <span class='ocrx_word' id='word_1_2042' title='bbox 879 3593 1010 3629; x_wconf 82' lang='lat' dir='ltr'>tripartita</span> <span class='ocrx_word' id='word_1_2043' title='bbox 1023 3595 1068 3621; x_wconf 88' lang='lat' dir='ltr'>est.</span> <span class='ocrx_word' id='word_1_2044' title='bbox 1079 3602 1111 3629; x_wconf 85' lang='grc'>95</span> <span class='ocrx_word' id='word_1_2045' title='bbox 1124 3599 1259 3632; x_wconf 87' lang='lat' dir='ltr'>priuatos,</span> <span class='ocrx_word' id='word_1_2046' title='bbox 1274 3597 1302 3623; x_wconf 90' lang='lat' dir='ltr'>in</span> <span class='ocrx_word' id='word_1_2047' title='bbox 1315 3596 1492 3631; x_wconf 85' lang='lat' dir='ltr'>longinquos,</span> <span class='ocrx_word' id='word_1_2048' title='bbox 1513 3595 1541 3620; x_wconf 87' lang='lat' dir='ltr'>in</span> <span class='ocrx_word' id='word_1_2049' title='bbox 1555 3593 1734 3629; x_wconf 86' lang='lat' dir='ltr'>propinquos,</span> <span class='ocrx_word' id='word_1_2050' title='bbox 1755 3595 1784 3621; x_wconf 90' lang='lat' dir='ltr'>in</span> <span class='ocrx_word' id='word_1_2051' title='bbox 1799 3595 1915 3629; x_wconf 89' lang='lat' dir='ltr'>alienos,</span> <span class='ocrx_word' id='word_1_2052' title='bbox 1937 3596 1965 3622; x_wconf 88' lang='lat' dir='ltr'>in</span> <span class='ocrx_word' id='word_1_2053' title='bbox 1978 3596 2038 3623; x_wconf 89' lang='lat' dir='ltr'>suos</span> <span class='ocrx_word' id='word_1_2054' title='bbox 2052 3596 2173 3624; x_wconf 87' lang='lat' dir='ltr'>irruebat</span> 
     </span>
     <span class='ocr_line' id='line_1_97' title="bbox 37 3622 2172 3668; baseline 0.004 -17"><span class='ocrx_word' id='word_1_2055' title='bbox 37 3622 93 3649; x_wconf 80' lang='lat' dir='ltr'>Vm</span> <span class='ocrx_word' id='word_1_2056' title='bbox 103 3631 160 3658; x_wconf 73' lang='lat' dir='ltr'>pars</span> <span class='ocrx_word' id='word_1_2057' title='bbox 173 3623 290 3667; x_wconf 75' lang='lat' dir='ltr'>legitima</span> <span class='ocrx_word' id='word_1_2058' title='bbox 301 3626 353 3660; x_wconf 86' lang='lat' dir='ltr'>est,</span> <span class='ocrx_word' id='word_1_2059' title='bbox 369 3627 452 3654; x_wconf 85' lang='lat' dir='ltr'>altera</span> <span class='ocrx_word' id='word_1_2060' title='bbox 463 3636 635 3660; x_wconf 82' lang='lat' dir='ltr'>conuemens,</span> <span class='ocrx_word' id='word_1_2061' title='bbox 647 3629 725 3656; x_wconf 87' lang='lat' dir='ltr'>tertia</span> <span class='ocrx_word' id='word_1_2062' title='bbox 735 3630 820 3657; x_wconf 86' lang='lat' dir='ltr'>moris</span> <span class='ocrx_word' id='word_1_2063' title='bbox 833 3629 959 3657; x_wconf 77' lang='lat' dir='ltr'>vetustate</span> <span class='ocrx_word' id='word_1_2064' title='bbox 973 3631 1069 3658; x_wconf 83' lang='lat' dir='ltr'>confir·</span> <span class='ocrx_word' id='word_1_2065' title='bbox 1123 3634 1180 3661; x_wconf 84' lang='lat' dir='ltr'>Cic.</span> <span class='ocrx_word' id='word_1_2066' title='bbox 1195 3642 1244 3668; x_wconf 84' lang='lat' dir='ltr'>pro</span> <span class='ocrx_word' id='word_1_2067' title='bbox 1251 3632 1312 3660; x_wconf 89' lang='lat' dir='ltr'>Mil.</span> <span class='ocrx_word' id='word_1_2068' title='bbox 1325 3642 1346 3658; x_wconf 90' lang='lat' dir='ltr'>c.</span> <span class='ocrx_word' id='word_1_2069' title='bbox 1356 3637 1395 3661; x_wconf 80' lang='lat'>28.</span> <span class='ocrx_word' id='word_1_2070' title='bbox 1467 3629 1535 3657; x_wconf 81' lang='lat' dir='ltr'>Add.</span> <span class='ocrx_word' id='word_1_2071' title='bbox 1555 3628 1586 3655; x_wconf 90' lang='lat' dir='ltr'>de</span> <span class='ocrx_word' id='word_1_2072' title='bbox 1593 3629 1693 3656; x_wconf 87' lang='lat' dir='ltr'>Orat.2</span> <span class='ocrx_word' id='word_1_2073' title='bbox 1713 3639 1734 3656; x_wconf 92' lang='lat' dir='ltr'>c.</span> <span class='ocrx_word' id='word_1_2074' title='bbox 1746 3638 1778 3664; x_wconf 82' lang='grc'>54</span> <span class='ocrx_word' id='word_1_2075' title='bbox 1807 3631 1895 3658; x_wconf 88' lang='lat' dir='ltr'>Genus</span> <span class='ocrx_word' id='word_1_2076' title='bbox 1909 3631 2064 3659; x_wconf 83' lang='lat' dir='ltr'>facetiarum</span> <span class='ocrx_word' id='word_1_2077' title='bbox 2078 3642 2172 3668; x_wconf 85' lang='lat' dir='ltr'>aequa-</span> 
     </span>
     <span class='ocr_line' id='line_1_98' title="bbox 37 3659 2174 3703; baseline 0.002 -11"><span class='ocrx_word' id='word_1_2078' title='bbox 37 3663 126 3698; x_wconf 50' lang='grc' dir='ltr'>ΜΨ»</span> <span class='ocrx_word' id='word_1_2079' title='bbox 147 3659 233 3695; x_wconf 65' lang='lat' dir='ltr'>Atque</span> <span class='ocrx_word' id='word_1_2080' title='bbox 248 3667 328 3690; x_wconf 70' lang='lat' dir='ltr'>etlam</span> <span class='ocrx_word' id='word_1_2081' title='bbox 339 3663 428 3690; x_wconf 69' lang='lat' dir='ltr'>rursus</span> <span class='ocrx_word' id='word_1_2082' title='bbox 443 3664 562 3699; x_wconf 68' lang='lat' dir='ltr'>aequitas</span> <span class='ocrx_word' id='word_1_2083' title='bbox 575 3664 709 3698; x_wconf 85' lang='lat' dir='ltr'>tripartita</span> <span class='ocrx_word' id='word_1_2084' title='bbox 725 3664 826 3692; x_wconf 65' lang='lat' dir='ltr'>dieitur</span> <span class='ocrx_word' id='word_1_2085' title='bbox 838 3665 900 3698; x_wconf 71' lang='lat' dir='ltr'>effe,</span> <span class='ocrx_word' id='word_1_2086' title='bbox 919 3675 970 3694; x_wconf 88' lang='lat' dir='ltr'>vna</span> <span class='ocrx_word' id='word_1_2087' title='bbox 982 3666 1014 3694; x_wconf 86' lang='lat' dir='ltr'>ad</span> <span class='ocrx_word' id='word_1_2088' title='bbox 1028 3668 1068 3693; x_wconf 90' lang='lat' dir='ltr'>su-</span> <span class='ocrx_word' id='word_1_2089' title='bbox 1123 3669 1217 3696; x_wconf 89' lang='lat' dir='ltr'>biliter</span> <span class='ocrx_word' id='word_1_2090' title='bbox 1237 3669 1266 3695; x_wconf 86' lang='lat' dir='ltr'>in</span> <span class='ocrx_word' id='word_1_2091' title='bbox 1284 3668 1360 3695; x_wconf 90' lang='lat' dir='ltr'>omni</span> <span class='ocrx_word' id='word_1_2092' title='bbox 1378 3668 1498 3693; x_wconf 89' lang='lat' dir='ltr'>sermone</span> <span class='ocrx_word' id='word_1_2093' title='bbox 1515 3665 1612 3692; x_wconf 86' lang='lat' dir='ltr'>fusum.</span> <span class='ocrx_word' id='word_1_2094' title='bbox 1653 3665 1758 3693; x_wconf 63' lang='lat' dir='ltr'>Taetus</span> <span class='ocrx_word' id='word_1_2095' title='bbox 1780 3672 1838 3693; x_wconf 89' lang='lat' dir='ltr'>toto</span> <span class='ocrx_word' id='word_1_2096' title='bbox 1859 3676 1971 3701; x_wconf 86' lang='lat' dir='ltr'>corpore</span> <span class='ocrx_word' id='word_1_2097' title='bbox 1996 3668 2174 3703; x_wconf 86' lang='lat' dir='ltr'>aequabiliter</span> 
     </span>
     <span class='ocr_line' id='line_1_99' title="bbox 38 3693 2174 3739; baseline 0.002 -12"><span class='ocrx_word' id='word_1_2098' title='bbox 38 3700 112 3732; x_wconf 60' lang='lat' dir='ltr'>1³5¹*oe</span> <span class='ocrx_word' id='word_1_2099' title='bbox 127 3693 204 3734; x_wconf 48' lang='grc' dir='ltr'>(ἰξοῦ,</span> <span class='ocrx_word' id='word_1_2100' title='bbox 228 3695 308 3725; x_wconf 76' lang='lat' dir='ltr'>altera</span> <span class='ocrx_word' id='word_1_2101' title='bbox 323 3698 355 3739; x_wconf 70' lang='lat' dir='ltr'>ad</span> <span class='ocrx_word' id='word_1_2102' title='bbox 374 3708 479 3732; x_wconf 86' lang='lat' dir='ltr'>manes,</span> <span class='ocrx_word' id='word_1_2103' title='bbox 503 3701 583 3726; x_wconf 85' lang='lat' dir='ltr'>tertia</span> <span class='ocrx_word' id='word_1_2104' title='bbox 601 3699 633 3726; x_wconf 89' lang='lat' dir='ltr'>ad</span> <span class='ocrx_word' id='word_1_2105' title='bbox 653 3699 775 3727; x_wconf 87' lang='lat' dir='ltr'>homines</span> <span class='ocrx_word' id='word_1_2106' title='bbox 795 3701 934 3736; x_wconf 82' lang='lat' dir='ltr'>pertinere.</span> <span class='ocrx_word' id='word_1_2107' title='bbox 980 3703 1069 3731; x_wconf 84' lang='lat' dir='ltr'>Prima</span> <span class='ocrx_word' id='word_1_2108' title='bbox 1123 3706 1197 3732; x_wconf 78' lang='lat' dir='ltr'>fiistis</span> <span class='ocrx_word' id='word_1_2109' title='bbox 1211 3704 1250 3731; x_wconf 83' lang='lat' dir='ltr'>Id.</span> <span class='ocrx_word' id='word_1_2110' title='bbox 1264 3703 1296 3731; x_wconf 90' lang='lat' dir='ltr'>de</span> <span class='ocrx_word' id='word_1_2111' title='bbox 1309 3704 1406 3731; x_wconf 89' lang='lat' dir='ltr'>Natur.</span> <span class='ocrx_word' id='word_1_2112' title='bbox 1421 3703 1499 3728; x_wconf 88' lang='lat' dir='ltr'>Dcor.</span> <span class='ocrx_word' id='word_1_2113' title='bbox 1515 3710 1545 3734; x_wconf 85' lang='lat'>2,</span> <span class='ocrx_word' id='word_1_2114' title='bbox 1563 3709 1613 3736; x_wconf 84' lang='lat'>141.</span> <span class='ocrx_word' id='word_1_2115' title='bbox 1650 3701 1752 3728; x_wconf 86' lang='lat' dir='ltr'>Sallust.</span> <span class='ocrx_word' id='word_1_2116' title='bbox 1772 3703 1793 3729; x_wconf 93' lang='lat' dir='ltr'>C</span> <span class='ocrx_word' id='word_1_2117' title='bbox 1823 3702 1849 3728; x_wconf 89' lang='lat' dir='ltr'>il.</span> <span class='ocrx_word' id='word_1_2118' title='bbox 1869 3711 1890 3728; x_wconf 91' lang='lat' dir='ltr'>c.</span> <span class='ocrx_word' id='word_1_2119' title='bbox 1905 3712 1921 3729; x_wconf 81' lang='lat'>2</span> <span class='ocrx_word' id='word_1_2120' title='bbox 1941 3704 2022 3738; x_wconf 79' lang='lat' dir='ltr'>Qiod</span> <span class='ocrx_word' id='word_1_2121' title='bbox 2041 3704 2058 3730; x_wconf 84' lang='lat' dir='ltr'>fi</span> <span class='ocrx_word' id='word_1_2122' title='bbox 2079 3714 2174 3739; x_wconf 87' lang='lat' dir='ltr'>regum</span> 
     </span>
     <span class='ocr_line' id='line_1_100' title="bbox 38 3730 2172 3777; baseline 0.006 -22"><span class='ocrx_word' id='word_1_2123' title='bbox 38 3730 254 3771; x_wconf 48' lang='lat' dir='ltr'>pietanssecunda</span> <span class='ocrx_word' id='word_1_2124' title='bbox 265 3733 398 3768; x_wconf 67' lang='lat' dir='ltr'>santffltas,</span> <span class='ocrx_word' id='word_1_2125' title='bbox 412 3736 492 3763; x_wconf 86' lang='lat' dir='ltr'>tertia</span> <span class='ocrx_word' id='word_1_2126' title='bbox 504 3736 606 3762; x_wconf 86' lang='lat' dir='ltr'>iustitia</span> <span class='ocrx_word' id='word_1_2127' title='bbox 620 3742 664 3762; x_wconf 90' lang='lat' dir='ltr'>aut</span> <span class='ocrx_word' id='word_1_2128' title='bbox 677 3736 795 3771; x_wconf 83' lang='lat' dir='ltr'>aequitas</span> <span class='ocrx_word' id='word_1_2129' title='bbox 807 3737 966 3767; x_wconf 77' lang='lat' dir='ltr'>nominatur.</span> <span class='ocrx_word' id='word_1_2130' title='bbox 1002 3739 1069 3766; x_wconf 86' lang='lat' dir='ltr'>Com·</span> <span class='ocrx_word' id='word_1_2131' title='bbox 1125 3747 1205 3777; x_wconf 85' lang='lat' dir='ltr'>atque</span> <span class='ocrx_word' id='word_1_2132' title='bbox 1227 3741 1420 3775; x_wconf 88' lang='lat' dir='ltr'>imperatorum</span> <span class='ocrx_word' id='word_1_2133' title='bbox 1443 3737 1527 3763; x_wconf 89' lang='lat' dir='ltr'>animi</span> <span class='ocrx_word' id='word_1_2134' title='bbox 1546 3737 1647 3770; x_wconf 89' lang='lat' dir='ltr'>virtus,</span> <span class='ocrx_word' id='word_1_2135' title='bbox 1673 3738 1701 3764; x_wconf 89' lang='lat' dir='ltr'>in</span> <span class='ocrx_word' id='word_1_2136' title='bbox 1727 3746 1788 3772; x_wconf 83' lang='lat' dir='ltr'>pace</span> <span class='ocrx_word' id='word_1_2137' title='bbox 1808 3744 1844 3764; x_wconf 82' lang='lat' dir='ltr'>ita</span> <span class='ocrx_word' id='word_1_2138' title='bbox 1864 3743 1893 3764; x_wconf 89' lang='lat' dir='ltr'>vt</span> <span class='ocrx_word' id='word_1_2139' title='bbox 1914 3739 1942 3765; x_wconf 89' lang='lat' dir='ltr'>in</span> <span class='ocrx_word' id='word_1_2140' title='bbox 1962 3739 2034 3767; x_wconf 87' lang='lat' dir='ltr'>bello</span> <span class='ocrx_word' id='word_1_2141' title='bbox 2053 3741 2172 3767; x_wconf 88' lang='lat' dir='ltr'>valeret:</span> 
     </span>
     <span class='ocr_line' id='line_1_101' title="bbox 32 3763 2172 3828; baseline 0.006 -39"><span class='ocrx_word' id='word_1_2142' title='bbox 32 3763 240 3828; x_wconf 53' lang='lat' dir='ltr'>Prfhffw&#39;Fgl</span> <span class='ocrx_word' id='word_1_2143' title='bbox 258 3768 334 3804; x_wconf 76' lang='lat' dir='ltr'>ipsam</span> <span class='ocrx_word' id='word_1_2144' title='bbox 347 3769 481 3805; x_wconf 81' lang='lat' dir='ltr'>Iustitiam.</span> <span class='ocrx_word' id='word_1_2145' title='bbox 522 3772 711 3799; x_wconf 84' lang='lat' dir='ltr'>Firmiffimum</span> <span class='ocrx_word' id='word_1_2146' title='bbox 731 3772 888 3807; x_wconf 79' lang='lat' dir='ltr'>praesidium</span> <span class='ocrx_word' id='word_1_2147' title='bbox 907 3775 1025 3810; x_wconf 81' lang='lat' dir='ltr'>aequitas</span> <span class='ocrx_word' id='word_1_2148' title='bbox 1044 3776 1291 3812; x_wconf 72' lang='lat' dir='ltr'>etiooaequabilius</span> <span class='ocrx_word' id='word_1_2149' title='bbox 1305 3782 1385 3810; x_wconf 86' lang='lat' dir='ltr'>atque</span> <span class='ocrx_word' id='word_1_2150' title='bbox 1404 3773 1564 3800; x_wconf 82' lang='lat' dir='ltr'>constantius</span> <span class='ocrx_word' id='word_1_2151' title='bbox 1577 3773 1630 3800; x_wconf 86' lang='lat' dir='ltr'>sese</span> <span class='ocrx_word' id='word_1_2152' title='bbox 1643 3782 1684 3800; x_wconf 91' lang='lat' dir='ltr'>res</span> <span class='ocrx_word' id='word_1_2153' title='bbox 1704 3773 1834 3800; x_wconf 89' lang='lat' dir='ltr'>humanae</span> <span class='ocrx_word' id='word_1_2154' title='bbox 1851 3773 1988 3802; x_wconf 88' lang='lat' dir='ltr'>haberent.</span> <span class='ocrx_word' id='word_1_2155' title='bbox 2025 3776 2064 3802; x_wconf 88' lang='lat' dir='ltr'>Id.</span> <span class='ocrx_word' id='word_1_2156' title='bbox 2078 3776 2130 3803; x_wconf 82' lang='lat' dir='ltr'>Off.</span> <span class='ocrx_word' id='word_1_2157' title='bbox 2146 3784 2172 3808; x_wconf 80' lang='lat' dir='ltr'>z,</span> 
     </span>
     <span class='ocr_line' id='line_1_102' title="bbox 37 3804 2174 3847; baseline 0.003 -16"><span class='ocrx_word' id='word_1_2158' title='bbox 37 3804 199 3827; x_wconf 64' lang='lat' dir='ltr'>(mmflfflma</span> <span class='ocrx_word' id='word_1_2159' title='bbox 232 3810 244 3828; x_wconf 78' lang='lat' dir='ltr'>l</span> <span class='ocrx_word' id='word_1_2160' title='bbox 259 3821 266 3829; x_wconf 91' lang='lat'><em>-</em></span> <span class='ocrx_word' id='word_1_2161' title='bbox 277 3804 346 3832; x_wconf 78' lang='lat' dir='ltr'>Fam.</span> <span class='ocrx_word' id='word_1_2162' title='bbox 359 3813 437 3840; x_wconf 78' lang='lat'>15,4.</span> <span class='ocrx_word' id='word_1_2163' title='bbox 492 3805 619 3840; x_wconf 82' lang='lat' dir='ltr'>Iustitiam</span> <span class='ocrx_word' id='word_1_2164' title='bbox 638 3808 716 3844; x_wconf 77' lang='lat' dir='ltr'>ipfizm</span> <span class='ocrx_word' id='word_1_2165' title='bbox 728 3807 755 3842; x_wconf 83' lang='lat' dir='ltr'><em>fi</em></span> <span class='ocrx_word' id='word_1_2166' title='bbox 774 3808 861 3844; x_wconf 70' lang='lat' dir='ltr'>nificat</span> <span class='ocrx_word' id='word_1_2167' title='bbox 878 3811 950 3837; x_wconf 75' lang='lat' dir='ltr'>etiam</span> <span class='ocrx_word' id='word_1_2168' title='bbox 963 3811 1032 3846; x_wconf 89' lang='lat' dir='ltr'>Nep.</span> <span class='ocrx_word' id='word_1_2169' title='bbox 1046 3819 1070 3843; x_wconf 82' lang='lat'>3,</span> <span class='ocrx_word' id='word_1_2170' title='bbox 1123 3823 1161 3847; x_wconf 87' lang='lat'>40</span> <span class='ocrx_word' id='word_1_2171' title='bbox 1182 3822 1203 3839; x_wconf 89' lang='lat' dir='ltr'>c.</span> <span class='ocrx_word' id='word_1_2172' title='bbox 1219 3821 1240 3839; x_wconf 84' lang='grc' dir='ltr'>ιι</span> <span class='ocrx_word' id='word_1_2173' title='bbox 1261 3812 1309 3839; x_wconf 90' lang='lat' dir='ltr'>Ille</span> <span class='ocrx_word' id='word_1_2174' title='bbox 1323 3817 1420 3842; x_wconf 87' lang='lat' dir='ltr'>autem,</span> <span class='ocrx_word' id='word_1_2175' title='bbox 1429 3810 1477 3844; x_wconf 90' lang='lat' dir='ltr'>qui</span> <span class='ocrx_word' id='word_1_2176' title='bbox 1491 3808 1651 3844; x_wconf 80' lang='lat' dir='ltr'>archipirata</span> <span class='ocrx_word' id='word_1_2177' title='bbox 1666 3809 1781 3841; x_wconf 89' lang='lat' dir='ltr'>dicitur,</span> <span class='ocrx_word' id='word_1_2178' title='bbox 1798 3808 1846 3835; x_wconf 83' lang='lat' dir='ltr'>nisi</span> <span class='ocrx_word' id='word_1_2179' title='bbox 1860 3811 2038 3845; x_wconf 86' lang='lat' dir='ltr'>aequabiliter</span> <span class='ocrx_word' id='word_1_2180' title='bbox 2050 3811 2174 3847; x_wconf 88' lang='lat' dir='ltr'>praedam</span> 
     </span>
     <span class='ocr_line' id='line_1_103' title="bbox 37 3836 1872 3885; baseline 0.003 -19"><span class='ocrx_word' id='word_1_2181' title='bbox 37 3843 69 3875; x_wconf 76' lang='lat'>‚²¹</span> <span class='ocrx_word' id='word_1_2182' title='bbox 90 3843 106 3861; x_wconf 82' lang='lat'>²·</span> <span class='ocrx_word' id='word_1_2183' title='bbox 125 3836 179 3862; x_wconf 62' lang='grc' dir='ltr'>6οΠ-</span> <span class='ocrx_word' id='word_1_2184' title='bbox 197 3844 255 3877; x_wconf 78' lang='lat'>¹¹:3⁸</span> <span class='ocrx_word' id='word_1_2185' title='bbox 296 3841 329 3868; x_wconf 80' lang='lat' dir='ltr'>It.</span> <span class='ocrx_word' id='word_1_2186' title='bbox 341 3841 440 3870; x_wconf 85' lang='lat' dir='ltr'>Sallust.</span> <span class='ocrx_word' id='word_1_2187' title='bbox 455 3843 535 3870; x_wconf 89' lang='lat' dir='ltr'>Catil.</span> <span class='ocrx_word' id='word_1_2188' title='bbox 559 3854 581 3871; x_wconf 90' lang='lat' dir='ltr'>c.</span> <span class='ocrx_word' id='word_1_2189' title='bbox 597 3853 613 3877; x_wconf 94' lang='lat'>9</span> <span class='ocrx_word' id='word_1_2190' title='bbox 633 3844 741 3871; x_wconf 81' lang='lat' dir='ltr'>Duabus</span> <span class='ocrx_word' id='word_1_2191' title='bbox 783 3844 803 3870; x_wconf 88' lang='lat' dir='ltr'>is</span> <span class='ocrx_word' id='word_1_2192' title='bbox 825 3843 940 3879; x_wconf 85' lang='lat' dir='ltr'>artibus,</span> <span class='ocrx_word' id='word_1_2193' title='bbox 959 3847 1069 3878; x_wconf 81' lang='lat' dir='ltr'>audacia</span> <span class='ocrx_word' id='word_1_2194' title='bbox 1125 3849 1277 3885; x_wconf 81' lang='lat' dir='ltr'>dispertiat,</span> <span class='ocrx_word' id='word_1_2195' title='bbox 1298 3853 1344 3873; x_wconf 85' lang='lat' dir='ltr'>aut</span> <span class='ocrx_word' id='word_1_2196' title='bbox 1355 3845 1488 3872; x_wconf 83' lang='lat' dir='ltr'>occiditur</span> <span class='ocrx_word' id='word_1_2197' title='bbox 1502 3854 1517 3872; x_wconf 87' lang='lat' dir='ltr'>a</span> <span class='ocrx_word' id='word_1_2198' title='bbox 1530 3845 1622 3878; x_wconf 84' lang='lat' dir='ltr'>sociis,</span> <span class='ocrx_word' id='word_1_2199' title='bbox 1642 3851 1688 3872; x_wconf 88' lang='lat' dir='ltr'>aut</span> <span class='ocrx_word' id='word_1_2200' title='bbox 1700 3845 1872 3879; x_wconf 85' lang='lat' dir='ltr'>relinquitur.</span> 
     </span>
     <span class='ocr_line' id='line_1_104' title="bbox 36 3868 2173 3924; baseline 0.003 -27"><span class='ocrx_word' id='word_1_2201' title='bbox 36 3879 65 3913; x_wconf 84' lang='lat'>¹¹¹.</span> <span class='ocrx_word' id='word_1_2202' title='bbox 79 3868 158 3910; x_wconf 80' lang='lat' dir='ltr'>bello,</span> <span class='ocrx_word' id='word_1_2203' title='bbox 171 3870 220 3898; x_wconf 79' lang='lat' dir='ltr'>vbi</span> <span class='ocrx_word' id='word_1_2204' title='bbox 231 3881 279 3907; x_wconf 81' lang='lat' dir='ltr'>pax</span> <span class='ocrx_word' id='word_1_2205' title='bbox 290 3883 420 3910; x_wconf 83' lang='lat' dir='ltr'>euenerat,</span> <span class='ocrx_word' id='word_1_2206' title='bbox 426 3880 560 3914; x_wconf 85' lang='lat' dir='ltr'>aequitate</span> <span class='ocrx_word' id='word_1_2207' title='bbox 574 3881 653 3915; x_wconf 86' lang='lat' dir='ltr'>seque</span> <span class='ocrx_word' id='word_1_2208' title='bbox 665 3889 775 3916; x_wconf 84' lang='lat' dir='ltr'>remque</span> <span class='ocrx_word' id='word_1_2209' title='bbox 789 3879 923 3915; x_wconf 85' lang='lat' dir='ltr'>publicam</span> <span class='ocrx_word' id='word_1_2210' title='bbox 933 3882 1069 3909; x_wconf 78' lang='lat' dir='ltr'>curabant.</span> <span class='ocrx_word' id='word_1_2211' title='bbox 1163 3893 1186 3912; x_wconf 71' lang='grc' dir='ltr'><strong>Α</strong></span> <span class='ocrx_word' id='word_1_2212' title='bbox 1193 3891 1210 3912; x_wconf 81' lang='lat' dir='ltr'>E</span> <span class='ocrx_word' id='word_1_2213' title='bbox 1219 3891 1269 3924; x_wconf 57' lang='lat' dir='ltr'>Qv</span> <span class='ocrx_word' id='word_1_2214' title='bbox 1279 3884 1301 3910; x_wconf 82' lang='grc' dir='ltr'><strong>Ᾰ</strong></span> <span class='ocrx_word' id='word_1_2215' title='bbox 1310 3890 1326 3909; x_wconf 86' lang='lat' dir='ltr'>L</span> <span class='ocrx_word' id='word_1_2216' title='bbox 1337 3890 1346 3908; x_wconf 95' lang='lat'>1</span> <span class='ocrx_word' id='word_1_2217' title='bbox 1356 3890 1368 3908; x_wconf 91' lang='lat' dir='ltr'>s</span> <span class='ocrx_word' id='word_1_2218' title='bbox 1377 3902 1386 3915; x_wconf 89' lang='lat'>,</span> <span class='ocrx_word' id='word_1_2219' title='bbox 1407 3890 1430 3907; x_wconf 87' lang='lat' dir='ltr'>e.</span> <span class='ocrx_word' id='word_1_2220' title='bbox 1454 3880 1468 3915; x_wconf 89' lang='lat'>[</span> <span class='ocrx_word' id='word_1_2221' title='bbox 1474 3883 1534 3916; x_wconf 59' lang='grc' dir='ltr'>ἕως,</span> <span class='ocrx_word' id='word_1_2222' title='bbox 1553 3883 1645 3915; x_wconf 66' lang='grc' dir='ltr'>ἔφησας,</span> <span class='ocrx_word' id='word_1_2223' title='bbox 1659 3880 1753 3915; x_wconf 66' lang='grc' dir='ltr'>ἄρτιος,</span> <span class='ocrx_word' id='word_1_2224' title='bbox 1768 3880 1927 3918; x_wconf 37' lang='lat' dir='ltr'>nirdam-ros]</span> <span class='ocrx_word' id='word_1_2225' title='bbox 1961 3883 2071 3919; x_wconf 72' lang='lat' dir='ltr'>Aequam</span> <span class='ocrx_word' id='word_1_2226' title='bbox 2089 3889 2113 3909; x_wconf 81' lang='lat' dir='ltr'>et</span> <span class='ocrx_word' id='word_1_2227' title='bbox 2126 3889 2173 3918; x_wconf 69' lang='lat' dir='ltr'>Pa.</span> 
     </span>
     <span class='ocr_line' id='line_1_105' title="bbox 35 3905 2174 3957; baseline 0.002 -24"><span class='ocrx_word' id='word_1_2228' title='bbox 35 3907 77 3933; x_wconf 62' lang='lat' dir='ltr'>stc</span> <span class='ocrx_word' id='word_1_2229' title='bbox 91 3907 146 3933; x_wconf 78' lang='lat' dir='ltr'>Cic.</span> <span class='ocrx_word' id='word_1_2230' title='bbox 160 3905 192 3933; x_wconf 90' lang='lat' dir='ltr'>de</span> <span class='ocrx_word' id='word_1_2231' title='bbox 205 3907 257 3934; x_wconf 83' lang='lat' dir='ltr'>Off.</span> <span class='ocrx_word' id='word_1_2232' title='bbox 269 3917 294 3942; x_wconf 89' lang='lat'>2,</span> <span class='ocrx_word' id='word_1_2233' title='bbox 305 3919 340 3938; x_wconf 72' lang='grc' dir='ltr'>ιι</span> <span class='ocrx_word' id='word_1_2234' title='bbox 358 3913 482 3949; x_wconf 81' lang='lat' dir='ltr'>Aequitas</span> <span class='ocrx_word' id='word_1_2235' title='bbox 496 3915 602 3942; x_wconf 89' lang='lat' dir='ltr'>tollitur</span> <span class='ocrx_word' id='word_1_2236' title='bbox 616 3917 703 3943; x_wconf 89' lang='lat' dir='ltr'>omnis</span> <span class='ocrx_word' id='word_1_2237' title='bbox 712 3937 720 3949; x_wconf 90' lang='lat'><em>‚</em></span> <span class='ocrx_word' id='word_1_2238' title='bbox 741 3916 758 3942; x_wconf 86' lang='lat' dir='ltr'>si</span> <span class='ocrx_word' id='word_1_2239' title='bbox 772 3915 870 3943; x_wconf 88' lang='lat' dir='ltr'>habere</span> <span class='ocrx_word' id='word_1_2240' title='bbox 883 3917 957 3944; x_wconf 88' lang='lat' dir='ltr'>suum</span> <span class='ocrx_word' id='word_1_2241' title='bbox 970 3919 1069 3954; x_wconf 84' lang='lat' dir='ltr'>cuique</span> <span class='ocrx_word' id='word_1_2242' title='bbox 1123 3930 1175 3948; x_wconf 77' lang='lat' dir='ltr'>rem</span> <span class='ocrx_word' id='word_1_2243' title='bbox 1189 3922 1354 3957; x_wconf 78' lang='lat' dir='ltr'>quantitatem</span> <span class='ocrx_word' id='word_1_2244' title='bbox 1367 3923 1452 3948; x_wconf 80' lang='lat' dir='ltr'>notat,</span> <span class='ocrx_word' id='word_1_2245' title='bbox 1467 3924 1490 3943; x_wconf 79' lang='lat' dir='ltr'>et</span> <span class='ocrx_word' id='word_1_2246' title='bbox 1503 3920 1530 3943; x_wconf 85' lang='lat' dir='ltr'>in</span> <span class='ocrx_word' id='word_1_2247' title='bbox 1543 3918 1588 3944; x_wconf 85' lang='lat' dir='ltr'>hoc</span> <span class='ocrx_word' id='word_1_2248' title='bbox 1600 3916 1691 3950; x_wconf 67' lang='lat' dir='ltr'>dffrt</span> <span class='ocrx_word' id='word_1_2249' title='bbox 1710 3926 1724 3942; x_wconf 86' lang='lat' dir='ltr'>a</span> <span class='ocrx_word' id='word_1_2250' title='bbox 1734 3915 1812 3955; x_wconf 77' lang='lat' dir='ltr'>fimili</span> <span class='ocrx_word' id='word_1_2251' title='bbox 1819 3936 1828 3949; x_wconf 95' lang='lat'>,</span> <span class='ocrx_word' id='word_1_2252' title='bbox 1847 3917 1912 3953; x_wconf 83' lang='lat' dir='ltr'>quod</span> <span class='ocrx_word' id='word_1_2253' title='bbox 1929 3918 1963 3945; x_wconf 81' lang='lat' dir='ltr'>ad</span> <span class='ocrx_word' id='word_1_2254' title='bbox 1979 3920 2124 3954; x_wconf 70' lang='lat' dir='ltr'>qualitatem</span> <span class='ocrx_word' id='word_1_2255' title='bbox 2137 3926 2174 3944; x_wconf 67' lang='lat' dir='ltr'>re.</span> 
     </span>
    </p>
   </div>
   <div class='ocr_carea' id='block_1_4' title="bbox 33 3941 2179 4014">
    <p class='ocr_par' dir='ltr' id='par_1_4' title="bbox 33 3941 2179 4014">
     <span class='ocr_line' id='line_1_106' title="bbox 33 3941 2175 4006; baseline 0.006 -38"><span class='ocrx_word' id='word_1_2256' title='bbox 33 3950 89 3969; x_wconf 84' lang='lat' dir='ltr'>uon</span> <span class='ocrx_word' id='word_1_2257' title='bbox 100 3941 189 4005; x_wconf 50' lang='lat' dir='ltr'>liezno</span> <span class='ocrx_word' id='word_1_2258' title='bbox 197 3944 362 4006; x_wconf 50' lang='lat' dir='ltr'>Aeqtiitatem</span> <span class='ocrx_word' id='word_1_2259' title='bbox 371 3950 454 3978; x_wconf 81' lang='lat' dir='ltr'>animi</span> <span class='ocrx_word' id='word_1_2260' title='bbox 467 3950 572 3978; x_wconf 82' lang='lat' dir='ltr'>dicimus</span> <span class='ocrx_word' id='word_1_2261' title='bbox 582 3950 678 3979; x_wconf 60' lang='lat' dir='ltr'>restam</span> <span class='ocrx_word' id='word_1_2262' title='bbox 690 3955 770 3979; x_wconf 77' lang='lat' dir='ltr'>animi</span> <span class='ocrx_word' id='word_1_2263' title='bbox 782 3950 986 3987; x_wconf 75' lang='lat' dir='ltr'>constitutionem,</span> <span class='ocrx_word' id='word_1_2264' title='bbox 998 3961 1069 3982; x_wconf 73' lang='lat' dir='ltr'>rmn-</span> <span class='ocrx_word' id='word_1_2265' title='bbox 1077 3967 1121 3994; x_wconf 78' lang='lat'>¹05</span> <span class='ocrx_word' id='word_1_2266' title='bbox 1120 3957 1220 3994; x_wconf 77' lang='lat' dir='ltr'>fertur.</span> <span class='ocrx_word' id='word_1_2267' title='bbox 1258 3954 1316 3982; x_wconf 84' lang='lat' dir='ltr'>Cic.</span> <span class='ocrx_word' id='word_1_2268' title='bbox 1330 3953 1360 3979; x_wconf 87' lang='lat' dir='ltr'>in</span> <span class='ocrx_word' id='word_1_2269' title='bbox 1374 3952 1484 3987; x_wconf 90' lang='lat' dir='ltr'>Laelio,</span> <span class='ocrx_word' id='word_1_2270' title='bbox 1503 3953 1622 3989; x_wconf 86' lang='lat' dir='ltr'>Suntque</span> <span class='ocrx_word' id='word_1_2271' title='bbox 1637 3959 1712 3987; x_wconf 77' lang='lat' dir='ltr'>pares</span> <span class='ocrx_word' id='word_1_2272' title='bbox 1732 3960 1763 3978; x_wconf 86' lang='lat' dir='ltr'>m</span> <span class='ocrx_word' id='word_1_2273' title='bbox 1781 3960 1889 3986; x_wconf 85' lang='lat' dir='ltr'>amore,</span> <span class='ocrx_word' id='word_1_2274' title='bbox 1905 3960 1933 3981; x_wconf 91' lang='lat' dir='ltr'>et</span> <span class='ocrx_word' id='word_1_2275' title='bbox 1951 3953 2081 3989; x_wconf 83' lang='lat' dir='ltr'>aequales.</span> <span class='ocrx_word' id='word_1_2276' title='bbox 2111 3954 2175 3995; x_wconf 60' lang='lat' dir='ltr'>⁵Spo-</span> 
     </span>
     <span class='ocr_line' id='line_1_107' title="bbox 218 3997 2179 4014; baseline 0 0"><span class='ocrx_word' id='word_1_2277' title='bbox 218 3999 224 4005; x_wconf 82' lang='lat'>&#39;</span> <span class='ocrx_word' id='word_1_2278' title='bbox 2090 3997 2179 4014; x_wconf 72' lang='lat' dir='ltr'>Clatlm</span> 
     </span>
    </p>
   </div>
   <div class='ocr_carea' id='block_1_5' title="bbox 25 2047 28 2899">
    <p class='ocr_par' dir='ltr' id='par_1_5' title="bbox 25 2047 28 2899">
     <span class='ocr_line' id='line_1_108' title="bbox 25 2047 28 2899; baseline 0 0"><span class='ocrx_word' id='word_1_2279' title='bbox 25 2047 28 2899; x_wconf 95' lang='lat' dir='ltr'> </span> 
     </span>
    </p>
   </div>
   <div class='ocr_carea' id='block_1_6' title="bbox 22 2899 53 3924">
    <p class='ocr_par' dir='ltr' id='par_1_6' title="bbox 22 2899 53 3924">
     <span class='ocr_line' id='line_1_109' title="bbox 26 2899 42 2983; baseline 0 0"><span class='ocrx_word' id='word_1_2280' title='bbox 26 2899 42 2983; x_wconf 95' lang='lat' dir='ltr'>   </span> 
     </span>
     <span class='ocr_line' id='line_1_110' title="bbox 25 2983 49 3145; baseline 0 -39"><span class='ocrx_word' id='word_1_2281' title='bbox 25 2983 49 3145; x_wconf 95' lang='lat' dir='ltr'>   </span> 
     </span>
     <span class='ocr_line' id='line_1_111' title="bbox 26 3145 53 3209; baseline 0 -33"><span class='ocrx_word' id='word_1_2282' title='bbox 26 3145 53 3209; x_wconf 95' lang='lat' dir='ltr'>  </span> 
     </span>
     <span class='ocr_line' id='line_1_112' title="bbox 22 3209 46 3319; baseline 0 0"><span class='ocrx_word' id='word_1_2283' title='bbox 22 3209 46 3319; x_wconf 95' lang='lat' dir='ltr'>   </span> 
     </span>
     <span class='ocr_line' id='line_1_113' title="bbox 22 3326 44 3474; baseline 0 -75"><span class='ocrx_word' id='word_1_2284' title='bbox 22 3326 44 3474; x_wconf 95' lang='lat' dir='ltr'>   </span> 
     </span>
     <span class='ocr_line' id='line_1_114' title="bbox 22 3474 32 3924; baseline 0 0"><span class='ocrx_word' id='word_1_2285' title='bbox 22 3474 32 3924; x_wconf 95' lang='lat' dir='ltr'>  </span> 
     </span>
    </p>
   </div>
  </div>
 </body>
</html>
