2474 4182
86 155 129 194 25
496 135 701 179 ABR
1577 136 1779 179 ABS
2165 147 2217 188 26

120 224 323 256 ABREP’rvs
361 237 375 256 a
399 235 453 255 um.
490 228 591 254 Praeter
597 225 674 260 plura
686 232 746 261 quae
763 222 833 250 modo
853 222 977 256 dedimus,
1004 222 1116 256 Luras,
1172 228 1252 256 quam
1271 219 1364 262 Fidem
1383 229 1430 256 per
1454 221 1535 263 scelus
1554 224 1749 262 abrumperent.
1810 227 1892 255 Ouid.
1907 226 1940 255 de
1958 228 2033 257 Rem.
2046 231 2139 260 Amor.
2164 241 2216 267 495

96 273 114 298 9
132 264 205 290 Aliae
218 273 292 290 „aues
310 248 341 290 in'
352 249 448 291 teham
460 262 538 290 remis
556 260 684 295 abreptae,
823 255 826 260 ’
1173 257 1238 284 Non
1251 266 1301 291 ego
1316 264 1341 297 te
1356 258 1437 284 iubeo
1451 259 1549 285 medias
1564 261 1720 297 abrumpere
1736 263 1874 297 FlammaS,
1895 268 1913 290 i.
1927 275 2032 292 amores.
2055 269 2130 303 Virg.
2150 269 2215 296 Aen.

82 273 100 299 3*
118 306 140 326 Α
149 305 220 326 nno
229 306 267 326 DI
276 307 352 327 AET
362 307 403 327 vs
444 299 553 325 Delirate
560 297 798 326 ennollsterviuens,
818 292 1006 328 [Amasim-rog]
1016 301 1021 305 ··
1042 291 1116 328 Qtod
1171 302 1200 325 4,
1215 295 1257 325 631
1284 294 1398 319 Inuisaiu
1413 302 1540 327 quaerens
1554 300 1750 332 quamprimum
1768 299 1925 335 abrumpere
1946 302 2063 334 Lucem,
2095 307 2114 329 i.
2128 307 2214 332 vitam.

82 333 227 368 nomm-fibi
243 339 375 371 arrogans!
393 319 535 367 ,ἔπῃ-ῥίψω·
572 329 638 357 istor
650 330 823 365 nobihffimas,
849 331 1012 359 indicaturus,
1032 328 1114 359 credo,
1170 328 1233 355 Stat.
1247 328 1338 355 Theb.
1352 331 1445 369 9,,600
1611 366 1616 371 ’
1909 372 1915 376 Ι

96 366 128 397 ,ia
139 379 199 397 cura
211 377 289 396 artem
303 368 424 397 uastaret
455 367 522 402 apud
532 368 549 393 P
561 367 596 393 in.
611 374 648 399 35,
663 375 690 392 ιο
706 366 723 392 s.
733 368 772 398 36.
799 368 837 392 De
849 369 900 392 eius
914 366 1016 392 delicato
1029 366 1114 390 uiuen—
1133 366 1147 392 5
1243 364 1312 390 Dum
1321 370 1418 398 gemit,
1437 365 1462 404 ὃς
1477 363 1582 399 plaantu
1594 367 1729 405 circundat
1742 370 1830 403 pectus
1843 371 1926 404 inam,

80 379 108 432 Ξῖ
119 415 185 432 more
196 406 248 432 vid.
270 407 368 433 Aelian.
379 387 437 431 vars
453 402 519 430 Hist.
528 411 554 435 9,
564 411 595 428 ii.
1241 399 1380 435 Abrupere
1394 400 1465 440 oculi
1479 400 1594 441 Noctem
1603 422 1611 434 ,
1632 404 1784 442 moestoque
1797 407 1880 433 cubili
1921 405 2050 440 (Noekcm
2062 408 2216 446 i.fomnum‚)

117 448 165 469 ΑΒ
175 441 278 469 R6DO
314 442 331 468 fi
360 440 415 466 sum
445 447 488 465 ere
502 436 685 473 [u‘nossapaianw]
712 436 818 463 rodendo
831 447 861 463 au
878 443 938 467 erre,
958 433 1113 474 Piin.10‚az
1230 435 1348 475 ,ΕκίῑΙιῃ
1368 436 1394 475 ᾇ
1408 436 1486 462 talsos
1502 444 1606 470 quaerit
1620 437 1783 478 per—lumina
1795 441 1877 468 fletus.

46 483 50 486 ’
82 477 97 503 s
109 482 140 507 82
177 477 210 503 Vi
231 462 295 504 erae,
307 461 359 504 niis
372 459 447 510 caput
465 474 556 501 inserit
570 475 599 500 in
613 482 656 500 os:
685 472 758 508 quod
779 473 825 500 illa
842 482 857 500 a
876 469 1113 504 rodit'voluptatis
1168 470 1283 498 Ordines
1303 471 1382 511 laxati
1401 471 1698 513 abriiiiipunturTacit.
1708 474 1846 507 Hist.3,25.
1856 477 2024 512 1*d.A.12,50,
2036 488 2055 513 4
2074 481 2157 516 Atqui
2171 481 2214 509 ini

82 487 229 539 d‘ulccdmep
1168 507 1290 541 quamuis
1299 506 1410 533 seruitio
1423 508 1529 540 assucti,
1549 509 1705 535 Patientiam
1717 509 1885 544 abrumpunt.
1906 514 1980 547 Virg.
1996 516 2061 542 Aen.
2069 525 2098 549 4,
2107 518 2214 550 3gss-His

120 555 142 575 A
152 555 168 576 Β
177 556 195 575 R
205 533 250 575 0'n
260 553 276 573 E
285 553 307 572 N
316 552 345 577 s,
366 545 441 572 entis.
479 543 597 572 Crudum
613 553 727 578 vnguem
745 544 872 571 abrodens
892 540 959 567 Pers.
968 542 1053 573 5,162..
1125 548 1154 567 ιο
1168 542 1285 569 medium
1292 542 1370 568 diffls
1381 544 1528 570 sei-monem
1541 543 1676 579 abrumpit
1682 550 1749 576 ,etc.
1774 544 1841 571 Add.
1850 546 1947 580 Tac.4‚
1962 552 2036 582 60‚2,
2057 552 2213 586 171,anss

119 591 140 612 Α
150 591 165 611 Β
175 588 269 611 ROSV
279 588 307 614 s,
321 588 344 613 a,
359 589 412 607 um.
450 580 564 607 Abrosae
577 581 697 615 corporis
711 586 794 614 partes
808 578 953 615 Plin.37,46.
1168 587 1269 618 4,3,ἰ3.
1312 579 1387 612 virg.
1401 579 1499 613 Gcorg.
1507 587 1530 611 3,
1539 588 1585 611 530
1604 594 1614 601 -
1629 595 1639 601 —
1654 595 1664 601 —
1677 589 1725 606 nec
1739 580 1849 620 Somnos
1862 581 1995 617 abrumpit
2010 595 2070 612 cura
2089 588 2212 615 salubres,

119 615 277 647 ABRdoo
315 624 359 642 are
380 616 519 652 [dorompo'w
553 616 644 652 οἰκυξάω
678 616 794 649 alimania]
820 614 931 647 conjenju
948 611 1037 646 populi
1056 611 1111 638 abo·
1167 614 1258 640 Tacit.
1274 614 1343 640 Anu.
1358 623 1425 647 4,,50
1459 615 1508 641 Sed
1521 615 1609 641 Tarsa
1612 623 1765 677 ‘properum
1779 618 1887 656 anem,
1907 617 2096 656 abrumpendas
2115 625 2216 658 pariter

82 656 131 682 lere
163 652 257 682 tallere,
276 636 378 678 i'rritum
384 652 480 688 facere.
506 637 595 687 N'empe
609 639 816 687 qrei’lesem’fcrh
835 653 925 681 rogat,
938 680 943 683 ι
954 646 1047 673 Velitis
1069 647 1108 673 iu·
1168 649 1228 683 Spes
1250 658 1278 676 ac
1292 651 1379 676 Metus
1399 649 1611 690 clanntans,·de
1631 651 1652 677 it
1667 652 1834 692 exejnlplwn,
1861 653 1966 678 dimisso
1981 655 2009 680 in
2029 658 2116 690 pecius
2130 660 2212 687 ferro.

83 675 162 718 beat'is
177 688 294 721 Qiiri'tcs
309 694 353 713 etc.
387 687 438 714 vid.
455 688 541 722 Rogo.
578 678 723 722 ΑὺιὉςαῗ-ς,
744 684 885 712 infirmare.
909 682 1004 709 Festus.
1026 682 1111 709 Abro-
1167 685 1300 718 Qiinetil.
1316 688 1332 711 6
1347 695 1386 720 pr.
1402 695 1431 718 14
1458 687 1527 720 Quis
1541 685 1622 713 dilata
1638 687 1729 713 Studia
1741 694 1854 714 miretur
1870 708 1879 721 ,
1913 696 1980 722 quae
1993 692 2081 724 potius
2101 702 2154 721 non
2170 696 2214 723 ab·

99 733 140 752 are
152 724 204 758 legi
224 729 247 749 et
260 723 343 758 legem
358 723 465 750 dicitur:
487 723 533 759 jul
552 723 667 753 vsi-‘tanus
681 724 789 757 jungitur
808 719 954 754 accasnsno.
998 718 1109 745 Modest.
1126 723 1151 749 ις
1166 728 1245 755 rupta
1259 722 1308 747 esst
1320 721 1472 747 mirandum
1488 721 1533 748 est.
1583 722 1674 749 Tacit,
1691 724 1726 749 Η,
1742 725 1849 757 4,64,7
1869 723 1990 750 Instituta
2005 727 2155 764 cultumque
2171 741 2214 766 pa-

82 735 111 788 lssn
124 760 141 786 Ι.
158 759 281 793 Derogat.
304 759 335 785 D.
352 758 383 785 de
398 758 543 785 verborum
562 753 762 789 iigniticatione,
789 755 937 789 Derogatur
957 753 1024 788 legi,
1050 763 1111 780 cum
1166 757 1249 783 trium
1264 757 1404 789 resumite,
1422 757 1542 792 abruptis
1555 758 1753 793 Veffigalibus,
1774 759 1885 794 (quidam
1901 760 2103 795 voliiptatibus‚)
2117 767 2214 799 quibus

97 803 136 822 ars
151 794 309 821 detrahitur:
329 794 471 821 abrooatur
485 795 537 821 levi
575 787 634 821 c‘um
649 792 750 829 prorsus
765 790 878 817 tollitur.
916 790 971 817 Cic.
987 790 1040 816 Att.
1050 798 1071 823 3,
1081 798 1110 822 23
1167 793 1282 820 Romani
1296 793 1352 827 plus
1366 793 1488 819 aduersus
1504 793 1635 820 subiectos
1649 803 1728 829 quam
1747 795 1828 821 armis
1842 795 1938 821 valent.
1999 797 2089 825 Tacit.
2105 801 2216 835 Ann.1;‚

77 805 105 858 gi
117 830 230 867 formula
250 832 313 866 Iegis
362 837 375 857 S
385 816 412 856 1³
424 837 474 870 Qv
485 838 492 857 1
505 816 525 857 13
545 815 553 827 ³
568 838 576 857 1
589 838 609 857 N
631 834 705 857 HAC
734 832 752 852 R
763 832 781 852 O
791 832 811 852 G
823 833 876 852 AT
887 833 895 852 1
907 833 925 852 O
936 833 955 851 Ν
966 832 983 852 Ε
1013 832 1051 852 sc
1061 833 1078 852 R
1089 834 1111 852 1-
1166 830 1228 860 63,3
1252 829 1363 861 Seneca,
1390 830 1517 863 quoniam
1540 829 1622 855 senile
1636 839 1730 864 corpus
1751 837 1776 856 et
1791 839 1874 865 paruo
1894 831 1969 858 victu
1990 838 2136 867 tenuatum,
2146 837 2216 864 lenta

79 874 94 894 Ρ
103 873 124 894 'r
133 873 153 892 v
163 873 188 893 M
210 873 223 893 S
232 873 241 892 1
251 873 272 893 T
310 849 361 906 (ἓν
371 872 390 893 0
401 873 418 893 D
442 873 456 892 Ρ
465 872 480 892 F
492 873 510 893 R
533 873 549 893 L
560 873 576 893 Ε
586 873 605 893 (j
616 872 631 892 Ε
639 872 652 891 S
665 870 680 889 P
690 869 705 888 L
715 868 731 888 E
741 867 756 888 B
767 868 776 888 1
787 869 799 888 S
810 869 829 888 V
840 868 856 888 E
870 869 883 888 S
893 868 909 888 C
919 867 958 888 1'1'
967 868 987 887 Α
1002 878 1012 882 -
1027 868 1041 888 Ρ
1052 868 1071 887 R
1079 868 1110 888 O·
1166 864 1262 899 effingia
1271 865 1391 899 sanguini
1399 864 1540 899 praebebat
1548 885 1556 897 ,
1578 873 1685 892 crurum
1701 874 1809 901 quoque
1827 867 1852 892 ὁ(
1867 868 1996 901 poplitum
2011 878 2090 896 venas
2110 871 2215 899 abrum-

78 886 289 930 MVLGARE'
311 907 534 929 Antioc->einr
573 904 792 930 DEROGARE,
808 901 882 924 OBR
895 903 1025 924 oGARr
1046 896 1107 923 S.P.
1119 901 1154 919 20
1165 900 1214 934 pit.
1271 900 1456 934 Adti.16,9‚3.
1513 901 1588 936 virg.
1608 902 1674 928 Aen.
1688 907 1712 934 8,
1727 910 1776 936 579
1805 903 1884 928 Nunc
1897 912 1965 930 nunc
1979 905 2004 931 O
2026 905 2103 932 liceat
2124 907 2213 934 crude-

76 944 150 966 st
171 943 219 964 No
229 943 251 963 N
272 921 331 964 ssrc
341 944 356 964 E
366 943 416 964 AT
434 945 481 964 etc.
518 921 598 970 „Lex
610 939 654 960 aut
670 939 794 967 rogatur,
815 932 845 959 Id
858 932 908 965 est,
930 932 1028 959 fertur:
1063 939 1108 958 aut
1165 936 1218 962 lein
1232 935 1390 971 abrumpere
1403 937 1502 963 Vitam.
1575 936 1644 963 Add.
1662 938 1753 964 Heins.
1769 945 1793 964 et
1805 938 1939 965 Drakenb.
1953 940 1985 966 ad
2000 940 2124 975 Sil.7‚33.

103 972 245 999 absonam„-
280 971 308 999 Id
321 972 356 999 est
388 973 463 1007 prior
480 973 532 1000 Lex
546 971 659 998 tollitur:
686 975 731 995 aut
743 968 901 1002 derogatur,
930 968 959 995 Id
975 968 1028 1000 cst,
1050 976 1108 1002 pars
1201 978 1275 998 ABR
1285 979 1330 999 vr
1340 979 1428 1005 TVS,
1448 972 1542 999 Partic.
1557 978 1583 999 et
1598 973 1714 1000 Nomen.
1735 974 1921 1010 [κατερρωγώς,
1945 975 2071 1012 α’πορρὠξ]
2097 980 2127 1005 1η
2140 988 2218 1014 quan..

75 993 95 1007 „
103 994 202 1043 primite
222 993 338 1035 tollitur:
364 993 410 1035 siut
432 1009 597 1042 subrogatur,
620 1004 650 1031 id
666 1004 718 1036 est,
746 1004 872 1031 adiicitur
884 1003 987 1038 aliquid
1006 1004 1108 1038 primae
1164 1014 1216 1033 tum
1228 1016 1314 1033 nomen
1330 1006 1377 1040 cst,
1394 1011 1522 1044 primaria
1528 1008 1729 1045 Jigyificatiovze,
1750 1009 1814 1035 vnde
1830 1011 1894 1036 aliae
1907 1011 2097 1048 intelliguntur,
2123 1015 2156 1040 ad
2163 1017 2218 1042 loca

75 1028 95 1042 ’⁹
104 1044 181 1079 Legi·
201 1050 245 1071 aut
259 1043 405 1079 obrogatur
441 1044 467 1071 id
480 1043 528 1074 est,
548 1046 664 1067 mutatur
676 1040 777 1075 aliquid
792 1049 822 1066 ex
838 1040 922 1075 prima
938 1040 1014 1074 Lege.
1037 1041 1108 1066 Haec
1162 1043 1291 1078 refertur,
1325 1053 1385 1079 quae
1398 1044 1505 1079 abrupta
1521 1044 1654 1076 dicuntur,
1675 1048 1692 1071 ι’.
1714 1045 1826 1081 diuulsa,
1858 1053 1931 1082 atque
1945 1047 1972 1073 ob
1994 1048 2022 1073 id
2044 1051 2129 1080 inuia,
2157 1059 2218 1086 quae

74 1064 159 1115 ³’le.
173 1065 202 1106 in
215 1080 318 1106 Fravm.
334 1080 394 1106 Tit.
410 1064 426 1106 i.
463 1079 517 1105 Cic.
531 1077 584 1103 Att.
593 1085 615 1109 3,
624 1085 653 1109 23
675 1076 802 1103 Sedvides
816 1084 950 1110 nunquam
964 1076 1012 1102 esse
1020 1075 1109 1102 obser·
1121 1078 1153 1103 25
1164 1078 1301 1114 distensam
1322 1088 1370 1106 non
1384 1079 1489 1111 habent,
1504 1079 1553 1115 fid
1567 1087 1664 1107 tantum
1674 1084 1868 1116 praectPitium,
1895 1089 1919 1108 et
1932 1084 1981 1109 alio
1995 1087 2091 1111 nomine
2109 1094 2215 1120 praeru-

73 1100 144 1143 ἷξε-κᾶε
157 1100 304 1143 sanaimi'es
316 1124 406 1142 earum
418 1116 512 1148 legum,
533 1121 599 1148 quae
612 1112 811 1146 abrogarentur.
870 1112 942 1138 Nam
961 1111 979 1138 st
996 1111 1024 1138 id
1038 1112 1107 1144 esset,
1163 1121 1208 1148 pta
1222 1113 1354 1145 dicuntur,
1374 1122 1404 1141 vt
1414 1115 1474 1151 fere
1483 1116 1545 1151 sunt
1552 1123 1625 1151 rupes
1633 1123 1656 1142 et
1663 1119 1775 1153 scopuli,
1797 1117 1896 1144 Graece
1912 1117 2068 1155 οἷπόκρημνκ,
2082 1120 2216 1156 κρημνώδη.

75 1151 146 1178 nulla
167 1151 223 1178 sete
244 1151 367 1187 abrogari
383 1151 474 1185 posset:
501 1157 586 1183 neque
600 1149 670 1174 enim
685 1147 738 1174 vlla
754 1147 789 1174 est
803 1156 870 1182 quae
884 1156 938 1174 non
953 1147 1008 1182 ipsa
1028 1148 1053 1173 se
1072 1148 1108 1174 se·
1163 1170 1183 1183 „
1192 1150 1252 1176 Liu.
1261 1150 1523 1183 21,36Naturalocus
1532 1152 1586 1177 iam
1594 1157 1653 1178 ante
1662 1161 1792 1187 praeceps,
1801 1154 1994 1180 recentiterrae
2002 1155 2073 1190 lapsu
2082 1156 2110 1183 in
2119 1158 2217 1192 pedum

73 1188 127 1222 piat
147 1185 300 1214 difficultate
320 1185 509 1221 abrogationis:
538 1184 585 1211 Sed
601 1193 659 1210 cum
680 1183 722 1209 lex
742 1182 901 1218 abrogatur,
940 1182 1007 1210 illud
1022 1183 1108 1218 ipsum
1165 1185 1266 1219 „mille
1281 1187 1425 1213 admodum
1444 1187 1614 1214 altitudinem
1636 1187 1762 1223 abruptus
1782 1195 1845 1215 erat.
1906 1191 1974 1216 Hinc
1983 1198 2029 1226 per
2048 1198 2217 1228 metaphoram

72 1222 215 1257 abrogatur
260 1231 314 1258 quo
332 1231 384 1249 non
403 1229 458 1248 eam
479 1220 602 1254 abrogari
623 1225 752 1254 oporteat.
796 1220 856 1246 Liu.
870 1228 898 1252 9,
907 1227 939 1252 34
974 1219 1027 1246 Vbi
1041 1219 1108 1246 duae
1166 1224 1231 1248 Ptin.
1248 1230 1280 1254 11,
1296 1230 1326 1256 37
1341 1223 1394 1255 s.5i
1416 1223 1561 1258 Supercilia
1576 1223 1682 1250 homini
1696 1225 1723 1251 ἀ
1736 1225 1836 1259 pariter
1848 1231 1874 1251 et
1887 1224 1986 1252 alterne
1999 1226 2126 1255 mobilia:
2147 1236 2173 1255 et
2187 1230 2217 1256 in

72 1243 232 1285 contrariae'
240 1258 307 1293 leges
319 1259 391 1290 funt,
417 1258 516 1291 semper
537 1256 659 1291 antiquae
673 1255 783 1290 abrogat
797 1263 875 1282 noua.
915 1273 918 1276 <
934 1255 974 1282 Sic
987 1255 1107 1282 habebant
1121 1260 1153 1285 30
1164 1258 1197 1284 iis
1212 1266 1269 1292 pars
1283 1258 1377 1291 animi,
1414 1258 1564 1293 Negamus,
1589 1268 1623 1286 an
1642 1261 1799 1287 annuimus?
1826 1261 1896 1287 Haec
1912 1263 2027 1289 maxime
2047 1264 2165 1291 indicant
2179 1266 2217 1291 fa-

72 1294 132 1321 libri
144 1297 213 1330 typis·
225 1293 309 1328 excxfi.
345 1293 392 1321 sed
408 1293 550 1327 Antiquam
571 1292 679 1326 abrogat
694 1300 779 1323 noua,
811 1290 987 1326 manuscripti
999 1291 1108 1317 Codices.
1165 1293 1241 1320 stum.
1299 1294 1427 1328 Superbia
1441 1295 1507 1322 alibi
1521 1296 1751 1331 conceptaculum,
1772 1295 1866 1323 sedhic
1881 1298 1968 1324 sedem
1984 1298 2071 1326 habet.
2094 1301 2123 1326 in
2136 1301 2217 1327 corde

72 1331 130 1358 Alii
142 1330 262 1364 obrogat.
270 1328 320 1356 vid.
328 1329 410 1367 Sigon.
419 1331 487 1355 cuins
499 1326 624 1355 leHioriem
638 1327 750 1362 exprqffit
759 1329 864 1353 Gronau.
887 1327 943 1353 Cic.
958 1326 990 1352 de
1011 1327 1072 1362 Leg.
1081 1335 1108 1360 2,
1164 1329 1293 1356 nascitur:
1313 1329 1363 1356 huc
1381 1330 1468 1364 subit,
1490 1331 1533 1357 hic
1549 1332 1652 1366 pendet.
1692 1331 1763 1359 nihil
1785 1332 1864 1359 altius
1877 1333 1952 1360 simul
1966 1335 2158 1371 abruptiusque
2176 1338 2217 1364 in—

73 1374 103 1399 14
119 1374 139 1392 e.
152 1368 168 1392 6
189 1365 241 1392 Lex
256 1365 300 1391 illa
322 1373 406 1401 neque
421 1364 497 1397 tolli,
518 1372 602 1398 neque
616 1362 740 1397 abrogari
765 1362 857 1397 potest.
912 1363 992 1403 Leges
1004 1369 1108 1405 rogatas
1165 1365 1240 1392 venit
1253 1365 1282 1391 in
1303 1374 1432 1405 corpore,
1461 1367 1508 1393 vbi
1529 1367 1648 1395 solitaria
1668 1369 1738 1395 esset.
1825 1369 1988 1411 Comparatio·
2002 1375 2077 1412 etiam
2099 1376 2171 1404 altas,
2188 1379 2218 1399 vt

72 1401 200 1436 abrogare
214 1401 269 1428 Cic.
284 1400 370 1434 Phil.5
386 1410 407 1427 c.
415 1402 440 1427 6.
495 1399 533 1426 Id.
544 1399 600 1426 Cic.
615 1399 671 1425 Inu.
680 1406 706 1431 2,
721 1406 764 1438 134
780 1406 848 1441 c343
883 1398 1024 1438 indignum
1047 1401 1106 1432 efle,
1166 1401 1282 1441 Caucaso
1299 1401 1440 1436 abruptior
1457 1403 1578 1445 Tei-tull.
1606 1403 1666 1431 adu.
1675 1405 1769 1447 Marc.⁸
1780 1412 1810 1447 i,
1822 1412 1841 1431 1.
1860 1444 1864 1447 .
1879 1412 1910 1432 ιτ.
1928 1406 2094 1441 Abruptiora
2112 1415 2218 1450 tranare

73 1436 105 1464 de
118 1437 173 1472 lege
186 1436 286 1471 aliquid
299 1436 436 1471 derogari,
468 1442 511 1462 aut
525 1435 608 1470 legem
622 1434 754 1469 abrogari.
810 1434 916 1461 Ponere
931 1437 968 1461 ib.
979 1444 1024 1467 131.
1064 1436 1106 1461 Iu·
1120 1440 1149 1466 35
1165 1438 1287 1464 Frontin.
1306 1437 1382 1464 Strat.
1392 1446 1482 1473 i,4,7.
1520 1448 1538 1464 t.
1554 1441 1654 1475 jrctum
1668 1441 1767 1476 abrupti
1789 1443 1884 1467 litoris.
1995 1445 2015 1481 ‘j
2030 1452 2046 1469 2
2062 1446 2115 1470 Iam
2129 1450 2218 1480 quibus

72 1472 256 1500 risdietionem
269 1471 394 1506 abrogare
408 1471 469 1507 quid
471 1471 509 1506 stt
521 1471 648 1497 videamus
663 1470 720 1497 Val.
736 1471 808 1496 Max.
817 1478 870 1505 7,7
899 1471 1032 1498 Genucius
1048 1471 1107 1506 qui·
1156 1473 1324 1510 sulgstamiuis
1355 1476 1491 1510 iungatur,
1528 1475 1709 1511 petsequemur.
1773 1476 1834 1502 Stat.
1857 1476 1927 1509 Sylu.
1949 1484 1970 1510 1,
1991 1486 2014 1511 3,
2028 1481 2059 1511 63
2096 1481 2127 1506 Et
2148 1489 2217 1507 nunc

73 1508 131 1534 dam
145 1508 236 1534 Matris
250 1509 358 1541 Magnae
379 1507 474 1541 gallus,
496 1515 509 1534 a
523 1507 572 1533 Cn.
588 1505 678 1533 Oreste
690 1506 814 1532 Praetore
827 1506 900 1533 vrbis
909 1507 1107 1542 impetrauerat,
1164 1509 1257 1543 ignaro
1283 1509 1373 1536 forsan
1397 1509 1439 1536 vel
1463 1509 1567 1537 lubrica
1590 1511 1673 1544 Nais,
1710 1511 1759 1538 Vel
1787 1520 1842 1538 non
1857 1512 1984 1548 abruptos
2000 1514 2052 1540 tibi
2063 1514 2150 1542 demet
2163 1517 2217 1543 Ha·
2234 1520 2236 1522 ’

71 1550 101 1569 vt
116 1542 216 1568 restitui
233 1544 258 1568 sc
273 1543 301 1568 in
321 1542 389 1569 bona
403 1542 534 1570 Naeuiani
548 1541 667 1575 iuberet,
695 1551 811 1577 quorum
829 1542 1005 1577 poss'essionem
1019 1544 1107 1569 secun-
1164 1545 1284 1577 madryas
1297 1546 1396 1571 Annos.
1454 1546 1499 1573 Sil.
1516 1546 1572 1573 Ital.
1587 1555 1614 1582 7,
1628 1556 1683 1581 420
1703 1562 1714 1569 ·
1726 1563 1736 1569 -
1750 1564 1760 1569 -
1783 1548 1907 1575 immanis
1927 1550 1956 1576 ιἰι
1970 1551 2056 1577 Antro
2082 1552 2218 1579 Conditut

70 1577 132 1604 dum
153 1577 195 1604 tab
223 1588 224 1591 ¹
241 1586 251 1603 s
274 1577 419 1604 testamenti
440 1578 544 1613 abipso
566 1584 707 1612 acceperat.
764 1578 915 1613 Appellatus
930 1580 1079 1606 Mamercus
1092 1588 1107 1606 a
1163 1581 1278 1615 abrupto
1302 1582 1419 1608 Proteus.
1477 1582 1573 1609 Catull.
1593 1585 1638 1615 69,
1653 1588 1697 1614 108
1761 1583 1852 1610 Aestus
1871 1585 1899 1611 in
1923 1585 2066 1621 abruptum
2087 1588 2218 1615 detulerat

67 1611 207 1646 Surdinio,
228 1613 300 1640 cuius
313 1613 423 1641 libertus
444 1614 591 1641 Genucium
606 1613 730 1640 heredem
750 1614 862 1647 fecerat,
890 1615 1051 1641 Praetor-iam
1067 1615 1107 1641 iu·
1116 1623 1154 1648 40
1163 1616 1328 1644 Barathrum.
1398 1617 1490 1645 Tacit.
1511 1619 1546 1644 H.
1560 1627 1587 1651 2,
1601 1627 1627 1651 53
1681 1619 1741 1647 Sola
1760 1620 1920 1654 posteritatis
1939 1630 2017 1655 cura,
2045 1629 2070 1650 et
2097 1624 2218 1659 abruptis

66 1647 249 1675 risdictionem
264 1648 418 1684 abrogauit:
447 1649 518 1685 quod
532 1649 632 1676 diceret
645 1650 793 1676 Genucium
807 1651 946 1685 amputatis
969 1651 1009 1677 sui
1029 1651 1107 1685 ipsius
1166 1653 1239 1680 vitae
1252 1653 1454 1680 Blandimentis.
1491 1654 1559 1681 Add.
1575 1655 1606 1682 A.
1620 1656 1699 1689 15,64
1735 1656 1822 1682 Catul.
1833 1659 1877 1689 69,
1891 1662 1924 1690 84
1960 1659 2042 1685 Posset
2054 1666 2084 1686 vt
2101 1659 2218 1695 abrupto

66 1684 157 1719 sponte
171 1684 327 1719 genitalibus
340 1686 459 1720 corporis
474 1685 608 1721 partibus,
629 1694 715 1720 neque
728 1686 851 1712 virorum
863 1695 949 1722 neque
963 1687 1107 1714 mulierum
1162 1689 1257 1715 viuere
1271 1690 1417 1724 Coniugio.
1476 1690 1569 1717 Tacit.
1583 1692 1651 1717 Ann.
1667 1701 1695 1725 4,
1704 1693 1735 1724 63
1759 1692 1902 1727 Liceatque
1915 1694 1985 1721 inter
1996 1695 2137 1730 abruptam
2145 1698 2218 1723 Con-

64 1728 177 1748 numero
194 1720 285 1747 haberi
304 1720 408 1748 debere.
447 1723 507 1748 Erat
520 1729 601 1757 nempe
620 1722 761 1748 Mamercus
773 1722 828 1753 hic,
861 1722 963 1759 szjul:
977 1723 1018 1749 hic
1031 1723 1109 1749 abro-
1163 1724 1306 1751 tumaciam
1319 1732 1345 1751 et
1358 1726 1479 1752 deforme
1500 1726 1676 1760 obsequium,
1696 1736 1806 1762 pergere
1820 1728 1872 1754 iter
1883 1729 2034 1757 ambitione
2048 1740 2076 1758 ac
2090 1733 2217 1767 periculis

66 1756 139 1790 gauit
153 1756 311 1785 Praetoriam
333 1756 544 1783 iurisdietionem
553 1777 562 1789 ‚
589 1766 637 1783 non
651 1760 678 1783 in
690 1758 845 1794 onium-sum,
878 1759 927 1794 sed
939 1759 984 1785 hoc
997 1759 1066 1785 modo
1079 1762 1108 1785 in
1163 1769 1291 1787 vacuum:
1328 1761 1449 1794 Abrupta
1468 1761 1643 1787 Contumacia
1651 1780 1660 1793 ‚
1699 1765 1777 1789 nimir
1790 1767 1877 1797 ajpera
1891 1772 1914 1790 et
1932 1768 1997 1792 velut
2010 1768 2144 1801 inacceffiz,
2166 1776 2216 1804 qua

66 1791 166 1818 iudicio.
224 1792 270 1819 Sed
282 1793 337 1820 Cic.
354 1792 405 1820 Off.
421 1801 443 1826 3,
451 1802 487 1826 40
500 1802 521 1819 c.
532 1801 560 1819 io
581 1793 649 1819 Cum
665 1793 801 1820 Collatino
814 1794 972 1829 Tarquinio
991 1795 1107 1830 collegae
1116 1802 1151 1828 45
1162 1797 1272 1823 homines
1285 1795 1400 1830 praecise
1413 1802 1514 1830 negant.
1552 1795 1640 1820 Genus
1654 1795 1783 1834 sermonis
1795 1798 1916 1838 Sallustii*
1927 1800 2079 1839 abruptum,
2101 1804 2214 1836 Quindh

66 1826 160 1854 Brutus
175 1827 316 1863 imperium
323 1827 473 1863 abrogabat.
511 1829 567 1855 Cic.
577 1829 723 1862 Ver.4,140
738 1837 808 1864 c.57.
830 1829 857 1856 Si
866 1830 917 1856 tibi
926 1831 1107 1865 magistratum
1162 1841 1191 1864 4,
1203 1840 1230 1862 2,
1245 1838 1286 1862 45.
1344 1830 1448 1855 Lucret.
1462 1837 1543 1862 2,214
1586 1830 1665 1869 Nunc
1684 1829 1762 1863 hinc,
1783 1840 1858 1863 ,nune
1876 1834 1951 1874 illinc
1972 1836 2080 1871 abrupti
2096 1839 2216 1866 nubibus

64 1861 215 1897 abrogasset.
276 1864 344 1891 Add.
365 1873 414 1899 pro
433 1864 493 1891 Mil.
508 1872 542 1899 72
557 1873 579 1890 c.
588 1872 631 1899 27.
688 1864 726 1890 Id.
747 1864 779 1890 de
799 1865 849 1898 leg.
866 1873 933 1898 3,2.4
974 1865 1107 1892 Gracchus
1162 1867 1236 1897 ignes
1273 1865 1451 1896 Concursant,
1476 1870 1525 1890 etc.
1581 1864 1626 1891 Sil.
1639 1866 1697 1891 Ital.
1713 1874 1740 1899 7,
1755 1875 1801 1898 2¹9
1826 1869 1900 1907 verba
1909 1872 1971 1904 sunt
1988 1873 2077 1905 Fabii,
2101 1874 2217 1900 Feruida

64 1898 214 1933 potestatem
228 1899 408 1927 intercedendi
422 1900 538 1934 collegae
555 1899 705 1932 abrogauit.
743 1900 827 1924 Paullo
841 1900 916 1924 aliter
936 1899 966 1924 de
986 1901 1066 1924 eadem
1081 1907 1109 1924 re
1164 1899 1182 1925 si
1197 1898 1275 1925 nobis
1288 1899 1384 1931 corda,
1403 1899 1598 1933 abruptumque
1612 1901 1754 1939 putassent¹
1775 1902 1914 1941 Ingenium
1930 1906 2027 1938 Patres,
2041 1914 2089 1933 etc.
2111 1911 2128 1933 ι’.
2139 1917 2215 1943 prae-

65 1935 127 1960 Aur.
138 1934 206 1962 Vici.
221 1935 253 1962 de
267 1937 299 1962 V.
314 1937 389 1968 1.64.
423 1935 539 1962 Οέἱειυίο
554 1933 662 1966 Collega
677 1932 871 1964 intercedente,
898 1941 972 1960 nouo
985 1933 1106 1966 exemplo
1162 1943 1219 1967 ceps
1232 1942 1255 1958 et
1270 1937 1346 1958 nimis
1359 1933 1393 1958 ad
1406 1931 1489 1958 aflum
1496 1931 1635 1974 fisti'narzf.
1692 1936 1928 1975 Initium-Qun&
1943 1947 1966 1971 3,
1976 1945 1998 1972 8,
2008 1943 2039 1970 68
2060 1949 2083 1967 et
2090 1943 2212 1972 Macrob.

64 1969 242 2004 magistratum
256 1970 404 2004 abrogauit.
462 1969 503 1995 Sic
515 1969 562 2003 leg.
577 1967 691 2002 defendit
703 1971 777 1993 etiam
784 1970 947 1993 Arutzenius.
986 1967 1106 2004 sedquo'd
1115 1973 1147 1997 50
1162 1968 1213 1992 Sat.
1229 1976 1259 1998 4,
1271 1975 1309 2006 2‘.
1362 1966 1419 1993 Vid.
1431 1977 1488 1994 max
1503 1969 1682 2010 Principium..
1732 1971 1792 2005 le.
1807 1980 1835 1997 in
1848 1972 1866 1998 l.
1881 1981 1891 1999 i
1931 1974 1963 2001 D.
1989 1977 2073 2009 Qiar.
2087 1987 2140 2006 rer.
2162 1980 2215 2008 aet.

27 1996 34 1999 “
64 1997 130 2032 ‘ibid-
143 2015 165 2032 c·
180 2013 215 2040 77
236 2006 344 2034 leat-mr,
365 2005 403 2030 M.
418 2003 548 2038 Lepidum
563 2002 619 2029 atita
634 2002 716 2033 Syllae
730 2002 877 2026 rescindere
889 2000 1033 2030 volentem,
1049 2008 1103 2038 pri·
1160 2001 1257 2035 Neque
1268 2010 1340 2027 enirn
1353 2008 1493 2029 oneratum
1506 2004 1531 2029 se
1546 2004 1596 2030 hoc
1608 2013 1718 2032 nomine
1731 2007 1815 2041 potest
1829 2009 1906 2043 queri
1919 2009 2048 2046 libertus,
2069 2013 2086 2040 fi
2096 2015 2214 2044 Lucrum

65 2047 138 2067 vatus
153 2040 230 2067 Italia
243 2025 397 2074 abrogauit,
423 2042 440 2064 i.
452 2039 562 2071 pepulit,
588 2038 673 2060 eiecit:
694 2035 741 2059 alii
753 2041 778 2059 et
797 2034 848 2068 ipse
865 2038 960 2059 Arutz.
988 2033 1101 2068 fugauit.
1158 2036 1301 2070 abruptum
1320 2045 1352 2063 ex
1368 2046 1397 2064 re
1416 2039 1523 2073 patroni
1537 2048 1591 2067 non
1604 2041 1706 2068 fecerit.
1777 2043 1850 2078 Virg.
1867 2044 1932 2072 Aen.
1948 2056 1971 2079 3,
1986 2055 2031 2081 199
2052 2065 2062 2070 -
2079 2066 2090 2071 -
2109 2067 2119 2072 -
2139 2052 2213 2087 inge.

64 2075 145 2103 mant,
171 2075 254 2102 Trin,
268 2084 296 2107 4,
303 2081 363 2106 324¹
397 2072 467 2097 Male
488 2070 580 2096 Fidem
601 2068 746 2100 seruando,
774 2067 829 2094 illis
844 2077 951 2104 quoque
971 2068 1102 2104 abrogant
1158 2072 1260 2099 minant
1274 2072 1392 2108 abruptis
1408 2074 1535 2102 Nubibus
1549 2076 1630 2111 ignes.
1684 2078 1760 2105 Petra
1772 2078 1884 2114 abrupta
1898 2082 1973 2109 Curt.
1988 2091 2015 2117 7,
2031 2092 2096 2117 ii,2.
2135 2088 2213 2123 Virg-

63 2111 143 2137 eti'am
163 2109 270 2140 Fidem,
297 2108 344 2142 qui
357 2105 424 2132 nihil
439 2104 546 2136 meriti,
575 2106 593 2129 i.
608 2103 729 2143 faciunt,
750 2111 783 2130 ne
797 2103 851 2130 illis
872 2104 1001 2131 credatur.
1060 2106 1101 2132 Sic
1158 2108 1256 2143 Georg.
1272 2117 1294 2141 3,
1309 2117 1358 2142 259
1378 2126 1387 2131 -
1401 2126 1410 2132 -
1423 2126 1432 2131 -
1453 2119 1547 2147 nempe
1561 2112 1680 2148 abruptis
1695 2113 1800 2141 turbata
1811 2115 1936 2144 Procelli's
1954 2118 2043 2146 Nocte
2055 2128 2125 2149 natat
2133 2132 2214 2152 coeca

60 2144 141 2170 etiam
161 2143 216 2170 Cic.
232 2152 281 2178 pro
294 2142 369 2169 Rosc.
395 2142 471 2167 Com.
492 2148 531 2174 44
567 2139 594 2166 Si
615 2138 668 2166 iam
681 2138 924 2181 tibi-deliberatum
937 2140 983 2174 est,
1004 2141 1102 2176 quibus
1116 2147 1144 2174 ςς
1158 2144 1229 2170 serus
1243 2144 1319 2171 freta.
1394 2146 1506 2180 Qiineh
1524 2156 1548 2180 3,
1556 2153 1579 2180 8,
1593 2153 1620 2181 58
1647 2149 1780 2184 Principia
1799 2151 1925 2188 abrupta,
1950 2155 1994 2180 vbi
2013 2165 2062 2182 non
2078 2160 2214 2193 paullatim

58 2178 168 2213 abroges
181 2178 259 2205 fidem
273 2176 461 2209 iurisiurandi,
494 2174 630 2210 responde.
651 2174 766 2202 Manilio
786 2182 811 2202 et
826 2176 937 2210 Luscio,
963 2185 1041 2212 negas
1053 2179 1102 2205 esse
1156 2179 1191 2207 ad
1202 2179 1307 2213 cauffizm
1314 2179 1352 2216 fit
1364 2181 1478 2217 acceffio,
1498 2183 1643 2219 scdstatim
1659 2189 1805 2221 prorumpit
1818 2187 1934 2221 affluas.
1996 2191 2058 2218 Stat.
2075 2194 2166 2222 Theb.
2183 2198 2214 2230 6,

59 2214 217 2242 credendum
229 2222 274 2241 etc.
310 2213 374 2240 Plin.
388 2215 432 2246 26,
445 2221 463 2246 4
478 2221 517 2247 pr.
545 2211 664 2245 Magicae
677 2211 805 2238 vanitates
823 2212 851 2238 in
867 2218 969 2239 tantum
983 2213 1101 2247 euectae,
1158 2220 1204 2249 184
1225 2215 1257 2242 fic
1273 2216 1341 2250 fata,
1367 2225 1475 2253 repente
1495 2219 1636 2253 Concidit,
1665 2220 1837 2258 abruptisque
1858 2224 1996 2253 immutuit
2009 2236 2057 2254 ore
2076 2230 2212 2264 Querelis.

59 2256 90 2278 vt
102 2249 229 2282 abrogare
241 2249 330 2277 herbis
338 2248 418 2276 fidem
430 2248 531 2275 cunctis
543 2248 649 2282 possent.
671 2247 744 2283 szf.
751 2253 793 2279 28,
806 2256 822 2274 2
838 2248 856 2274 s.
871 2257 897 2281 4.
923 2248 1037 2276 Multam
1045 2250 1097 2277 vid.
1157 2251 1203 2277 Sil.
1219 2251 1275 2278 Ital.
1291 2259 1318 2287 7,
1331 2255 1375 2285 156
1418 2253 1532 2281 Tertius
1552 2255 1664 2292 abrupta
1687 2258 1754 2292 vigil
1771 2259 1822 2285 iret
1838 2260 1869 2286 ad
1884 2269 1956 2288 arma
1975 2264 2082 2296 Qiiete.
2126 2267 2213 2302 Ripae

61 2286 91 2314 in
103 2293 128 2313 Μ
137 2293 158 2313 v
169 2278 276 2313 *LTAM
291 2285 386 2312 dicere.
444 2285 532 2311 Nemo
546 2291 642 2310 nocens
671 2282 719 2310 fibi
732 2283 787 2318 ipse
800 2284 898 2310 Poenas
914 2284 1024 2320 abrogat
1042 2286 1100 2313 Sen.
1156 2286 1359 2322 abruptissimae.
1382 2290 1436 2316 vid.
1461 2297 1480 2317 R
1489 2298 1499 2317 1
1508 2298 1523 2317 P
1533 2299 1564 2318 A.
1623 2293 1734 2327 Qiineh
1754 2302 1782 2328 9,
1795 2303 1874 2329 4‚125
1900 2298 2054 2326 Membrum
2068 2300 2105 2327 est
2119 2302 2213 2330 gem-u,

59 2322 139 2349 Herc.
153 2322 213 2348 Oet.
225 2327 283 2355 899.
310 2324 328 2348 i.
344 2321 373 2357 se
385 2319 488 2356 abfhluit
507 2318 575 2355 apud
592 2321 699 2345 animum
706 2319 794 2360 suum.
851 2320 925 2356 Cous.
938 2320 979 2347 hic
993 2322 1099 2349 Gronau.
1109 2325 1145 2350 60
1156 2324 1274 2350 numeris
1295 2324 1447 2358 conclusus,
1474 2326 1518 2353 sed
1535 2335 1550 2353 a
1561 2334 1621 2355 toto
1639 2337 1751 2364 corpore
1766 2330 1909 2366 abruptus,
1935 2334 1960 2360 ἀ
1974 2343 2021 2369 per
2034 2336 2059 2362 se
2071 2338 2142 2364 nihil
2155 2338 2212 2366 effi-

62 2357 142 2385 Ouid.
156 2357 186 2384 T
187 2367 209 2384 r.
217 2366 243 2391 2,
252 2366 272 2390 ι,
285 2362 334 2392 278
355 2357 385 2384 Et
398 2356 511 2383 nimium
526 2354 634 2390 Scriptis
649 2353 758 2390 abrogat
770 2355 815 2382 ille
827 2356 901 2382 meis.
940 2355 988 2382 Sed
999 2356 1100 2396 pidctur
1158 2359 1236 2386 ciens.
1294 2361 1360 2387 Plin.
1376 2369 1408 2393 ii,
1424 2369 1448 2394 51
1462 2362 1480 2388 s.
1489 2371 1528 2389 112
1549 2364 1608 2391 Oua
1620 2366 1786 2399 parientibus
1799 2367 1907 2401 Sibilus,
1927 2370 2091 2405 serpentibus
2105 2374 2212 2409 longus,

60 2393 107 2430 leg.
127 2391 251 2428 adrogat,
272 2396 288 2419 i.
303 2393 401 2427 tribuit,
420 2395 534 2428 imputat.
571 2391 638 2417 Plin.
652 2398 679 2423 2,
695 2398 721 2424 53
743 2391 801 2418 Nec
814 2392 902 2418 minus
916 2390 1018 2419 hebetis
1025 2407 1044 2432 ,0-
1056 2392 1100 2420 be·
1155 2394 1283 2422 testudini
1301 2396 1442 2431 abruptus,
1468 2400 1486 2424 i.
1500 2398 1592 2426 bre-uis.
1655 2401 1700 2427 Sil.
1715 2402 1772 2428 Ital.
1787 2407 1810 2435 8,
1824 2412 1848 2436 51
1886 2406 1918 2431 Et
1933 2406 1988 2440 spes
2002 2407 2113 2443 abrupta
2126 2418 2141 2436 e
2154 2420 2210 2437 me-

59 2428 160 2456 neficiis
173 2428 300 2463 abrogare
318 2428 407 2455 Vires:
439 2427 544 2463 quando
557 2426 586 2453 in
601 2425 737 2461 fulgurum
751 2436 859 2462 quoque
880 2429 1100 2463 interpretatione
1156 2429 1219 2464 dio,
1239 2438 1288 2458 etc.
1345 2434 1420 2467 Virg.
1434 2434 1500 2460 Aen.
1516 2442 1553 2468 12,
1561 2443 1606 2469 431
1653 2437 1747 2470 Qualis
1761 2438 1809 2464 vbi
1830 2439 1861 2465 ad
1875 2446 1958 2467 terras
1979 2442 2095 2478 abrupto
2115 2445 2209 2474 Sidere

60 2473 92 2492 eo
104 2465 217 2500 profecit
229 2464 352 2497 scientia,
371 2469 401 2491 vt
413 2469 523 2491 ventura
534 2462 586 2490 alia
597 2462 675 2489 finito
690 2462 733 2489 die
745 2464 886 2498 praecinat.
906 2466 925 2490 i.
941 2472 990 2491 non
1002 2464 1099 2492 credere
1155 2466 1262 2493 nimbus
1282 2468 1306 2494 It
1319 2476 1392 2494 mare
1406 2477 1453 2504 per
1466 2470 1601 2504 medium,
1623 2474 1642 2497 i.
1645 2476 1731 2508 Jaaito
1746 2476 1837 2508 impetu
1850 2476 2010 2511 tempestatis.

59 2508 102 2533 ea,
122 2510 182 2537 quae
194 2500 303 2538 beneficii
315 2502 367 2527 loco
380 2499 450 2526 nobis
462 2506 553 2540 natura
565 2499 664 2525 tribuit.
720 2533 726 2538 .
880 2537 886 2541 Ι
946 2537 951 2543 .
1108 2503 1140 2535 σς
1191 2509 1214 2530 A
1223 2509 1240 2529 Β
1249 2509 1268 2529 R
1277 2510 1299 2530 v
1307 2511 1322 2530 Ρ
1332 2511 1353 2530 T
1363 2511 1384 2530 v
1392 2511 1434 2538 M,
1452 2514 1479 2532 n.
1503 2506 1517 2541 [
1523 2505 1573 2533 εἶπά
1586 2508 1692 2543 ⁵inm-w]
1702 2509 1788 2549 'Ferri
1804 2519 1833 2536 in
1847 2511 1990 2546 abruptum
2003 2514 2079 2550 Virg.
2092 2517 2159 2545 Aen.
2169 2527 2210 2552 υ,

96 2542 327 2570 ΑΒῐζοῦΑΝς,
345 2536 389 2568 tis.
409 2535 526 2562 Humilis
540 2534 618 2561 Gioff.
633 2533 737 2562 Isidori.
765 2542 788 2570 q.
803 2534 827 2560 d.
842 2543 884 2571 qut
898 2533 949 2569 stbl
970 2534 1029 2562 adeo
1049 2545 1098 2564 non
1153 2539 1214 2573 687.
1252 2538 1314 2566 Stat.
1337 2539 1428 2581 Theb.
1449 2550 1472 2575 3,
1481 2544 1533 2569 262
1584 2552 1679 2578 amque
1700 2551 1751 2571 iter
1770 2552 1932 2581 extremum,
1959 2549 2082 2586 coelique
2095 2553 2209 2589 abrupta

61 2577 166 2606 arrogat
186 2571 331 2608 quidquam,
350 2579 380 2599 vt
391 2571 598 2608 potiusabroget.
1153 2573 1267 2602 tenebat.
1311 2576 1382 2603 I'mus
1396 2586 1424 2603 in
1438 2577 1581 2612 abruptum
1623 2579 1685 2606 Stat.
1707 2580 1758 2613 Syl.
1779 2590 1802 2614 3,
1815 2591 1841 2615 2,
1854 2584 1888 2615 69
1927 2584 1957 2610 de
1977 2590 2151 2624 nauigantium
2166 2601 2210 2618 au-

98 2614 120 2634 A
128 2613 226 2634 BROG
236 2614 355 2640 ATVS,
374 2615 400 2640 a,
410 2615 465 2633 um.
486 2606 630 2641 Imperium
643 2605 798 2641 abrogatum
811 2606 867 2633 Cic.
881 2616 930 2642 pro
937 2607 1016 2634 Doni.
1030 2617 1052 2635 c.
1061 2616 1095 2640 31.
1152 2609 1234 2636 dacia.
1254 2612 1285 2638 In
1297 2611 1439 2647 abruptum
1451 2613 1558 2640 sorbere
1571 2614 1665 2641 fluetus
1673 2635 1683 2648 ,
1699 2619 1716 2641 ι’.
1738 2618 1926 2653 inprojzmdum
1964 2622 2038 2657 Virg.
2047 2624 2111 2651 Aen.
2119 2634 2208 2659 3,422.

97 2650 119 2669 A
129 2649 144 2670 Β
153 2649 171 2670 R
180 2648 227 2670 OG
237 2649 350 2676 AT10‚
369 2640 467 2678 [immi
481 2642 552 2676 cum]
573 2640 653 2668 Attus
664 2641 822 2677 abrogandi:
851 2648 879 2668 vt
899 2642 1047 2678 Abrogatio
1060 2645 1096 2670 le·
1153 2646 1263 2680 Qiin&
1272 2655 1380 2681 io,2,19
1407 2649 1465 2675 Nec
1479 2649 1523 2676 cui
1543 2655 1621 2677 tenue
1641 2651 1777 2686 ingenium
1800 2654 1852 2680 erit
1871 2655 1926 2682 sola
1942 2657 2008 2684 velit
2027 2659 2110 2687 fortia
2122 2668 2149 2688 et
2162 2662 2208 2690 ab.

58 2678 115 2713 gis,
134 2684 179 2705 aut
194 2678 364 2712 magistratus,
387 2677 443 2705 Cic.
481 2683 510 2705 tt.
518 2687 541 2711 3,
548 2686 579 2711 23
599 2677 694 2713 Neque
706 2679 777 2705 enim
793 2678 828 2704 est
836 2678 948 2712 vllalex,
981 2688 1029 2706 uae
1041 2689 1096 2706 non
1104 2686 1140 2714 70
1151 2689 1238 2717 rupta.
1295 2683 1333 2709 Id.
1342 2692 1367 2716 2,
1382 2693 1413 2718 11,
1429 2687 1447 2711 6
1483 2685 1602 2720 Abrupta
1616 2687 1743 2721 quaedam
1759 2689 1922 2724 iaculantur,
1948 2695 1966 2718 i.
1981 2693 2066 2723 breuia
2080 2703 2105 2722 et
2123 2705 2206 2726 acuta.

58 2715 84 2742 Ee
96 2714 176 2749 sepiat
186 2713 339 2740 difficultate
349 2713 539 2749 abrogationis.
576 2713 704 2741 Laudatur
716 2717 789 2741 etiam
804 2713 933 2748 Quinctil.
948 2688 997 2742 lii).
1006 2724 1026 2748 i,
1033 2724 1059 2749 9.
1153 2718 1268 2744 Ammia.
1283 2720 1365 2746 Marc.
1376 2723 1435 2754 16,8
1454 2721 1487 2747 In
1494 2720 1608 2757 abrupto
1622 2721 1783 2751 necessitatis.

95 2756 140 2777 AB
149 2755 255 2777 ROGA
264 2756 286 2778 Τ
295 2756 342 2777 OR
351 2769 361 2783 ,
397 2750 460 2777 oris.
519 2749 614 2778 Diuini
639 2750 726 2786 operis
759 2750 941 2785 abrogatores*
960 2751 1062 2779 Arnob.
1083 2761 1094 2779 1
1164 2784 1167 2785 .
1187 2761 1211 2781 A
1220 2761 1235 2781 Β
1248 2761 1266 2781 R
1277 2762 1296 2781 V
1308 2762 1322 2781 Ρ
1333 2762 1400 2788 ΤΑ,
1419 2765 1457 2783 ae.
1479 2755 1556 2790 Subst.
1571 2757 1706 2794 Abruptae
1721 2761 1833 2787 Vesuuii
1848 2763 1948 2790 montis
1961 2766 2090 2794 verticem
2110 2777 2206 2804 magna

60 2793 117 2821 pag·
138 2793 178 2818 ΞΟ.
256 2800 259 2802 .
1150 2790 1295 2826 profudisse
1310 2791 1432 2818 incendia
1445 2792 1536 2820 ferunt
1564 2795 1604 2821 Sic
1617 2795 1735 2822 laudatur
1749 2797 1827 2823 Oros.
1841 2797 1890 2825 lib.
1905 2807 1931 2833 7.
1987 2801 2202 2832 Additurlustin.

92 2827 194 2848 nano
203 2827 298 2849 1cvs.
325 2821 428 2849 Plautus
441 2821 559 2850 Abroico
573 2822 691 2850 laudatur
727 2823 801 2851 Non.
809 2831 833 2856 3,
843 2830 884 2856 43.
899 2822 945 2860 [ες.
965 2823 1092 2859 Agroico,
1149 2835 1178 2859 4,
1187 2835 1206 2859 1,
1216 2834 1233 2866 ἶ
1256 2827 1324 2862 apud
1335 2828 1446 2855 Pareum
1459 2827 1522 2855 Lex.
1537 2829 1605 2856 Crit.
1626 2831 1651 2857 h.
1670 2841 1694 2857 υ.
1730 2833 1777 2860 Secl
1791 2833 1858 2868 apud
1871 2836 1999 2862 lustinum
2013 2840 2129 2875 plerique
2142 2842 2206 2867 libri

58 2855 176 2894 a’yfo'mp,
186 2857 254 2897 quod„
260 2866 344 2884 nomen
350 2858 467 2894 fabulae,
487 2861 504 2885 i.
520 2857 609 2892 rustico
621 2859 646 2895 s
660 2857 761 2897 agresti.
1106 2864 1138 2892 75
1149 2861 1283 2897 Rhegium
1303 2863 1417 2897 dicitur,
1450 2865 1514 2900 quia
1526 2865 1625 2892 Graece
1645 2866 1766 2903 Abrupta
1779 2868 1829 2895 hoc
1843 2872 1953 2897 nomine
1980 2876 2202 2906 pronuntiantur:

93 2899 195 2920 ABRO
205 2899 365 2928 TONVM,
392 2903 419 2921 n.
440 2893 597 2930 [οἷβρότονον]
620 2896 715 2922 Heraae
733 2903 834 2925 nomen,
860 2892 890 2920 de
933 2904 957 2921 «a
976 2894 1042 2923 Plin.
1052 2904 1091 2929 21,
1147 2898 1215 2934 apud
1229 2898 1354 2926 Orofium
1369 2908 1428 2927 vero
1445 2899 1497 2934 est,
1524 2901 1674 2937 Abruptum
1695 2909 1756 2930 tunc
1769 2905 2037 2934 etiam—verticem
2052 2916 2101 2936 etc.
2148 2913 2204 2938 lca—

58 2928 112 2955 ios.
126 2936 159 2962 34
201 2928 368 2957 Abrotonum
385 2929 470 2957 odore
490 2931 604 2958 iucunde
623 2931 715 2966 graui,
743 2932 828 2957 floret.
886 2931 906 2957 E
934 2936 1022 2958 autem
1030 2931 1090 2959 Flos
1147 2943 1192 2970 que
1205 2933 1312 2961 nondum
1326 2934 1428 2962 [donem
1442 2938 1523 2969 exstat
1536 2941 1606 2964 vocis
1624 2936 1721 2966 aut-ior.

57 2965 131 2990 auxi
143 2963 248 2991 coloris.
268 2973 380 2993 vacuum
393 2966 485 3001 sponte
498 2966 631 3002 prouenit.
651 2967 786 2994 cacumine
806 2967 853 2992 suo
868 2965 893 2992 se
907 2974 1031 3003 propagat
1045 2974 1091 2994 etc.
1184 2977 1207 2997 A
1217 2976 1290 2997 BRv
1300 2977 1315 2997 P
1325 2978 1346 2998 T
1355 2979 1366 2998 1
1376 2978 1395 2999 0
1404 2991 1413 3004 ,
1440 2972 1554 3000 Verbale
1579 2975 1593 3008 [
1600 2974 1746 3011 ἐπέῤῥηξις]
1777 2972 1861 3002 Αὲἳιιι-
1882 2977 2051 3013 abrumpendi.
2096 2981 2152 3009 Cic.
2167 2982 2203 3010 de

58 2998 95 3026 ld.
102 3007 140 3032 21,
151 3007 179 3026 21
191 3001 210 3026 s.
223 3008 256 3033 92
287 3001 456 3029 Abrotonum
476 3002 590 3030 duorum
609 3002 723 3030 traditur
741 3010 882 3038 generum,
908 3003 1048 3038 campestre
1061 3013 1090 3031 ac
1146 3005 1239 3033 Diuin.
1253 3014 1280 3039 2,
1294 3008 1330 3040 64
1344 3017 1366 3034 c.
1378 3017 1416 3041 40
1439 3016 1504 3041 extr.
1519 3009 1644 3044 abruptio
1653 3011 1801 3044 corrigiae,
1815 3018 1842 3038 et
1855 3012 2056 3041 sternutamenta
2064 3024 2145 3044 erunt
2151 3018 2201 3045 ob.

58 3041 226 3062 montanum:
249 3034 298 3064 hoe
306 3037 443 3071 feminam,
461 3037 528 3065 illud
542 3047 641 3065 marem
650 3038 765 3074 intelligi
778 3037 910 3065 volumus.
929 3045 973 3066 etc.
995 3040 1090 3066 Horat.
1101 3044 1133 3071 80
1145 3042 1282 3069 seruanda.
1339 3045 1388 3070 Pro
1397 3043 1482 3080 fiebito
1495 3044 1606 3072 dz'uortio
1627 3054 1652 3072 et
1667 3047 1837 3082 repudiatione
1865 3049 1920 3075 Cic.
1941 3050 1973 3075 ad
1987 3051 2041 3077 Att.
2057 3060 2089 3084 11,
2099 3061 2112 3086 3
2150 3054 2202 3082 Ista

57 3069 135 3105 Epist.
145 3079 170 3103 2,
177 3078 198 3102 ι,
211 3078 252 3104 114
299 3071 466 3100 Abrotonum
479 3083 558 3109 aegro
579 3075 644 3101 Non
657 3074 751 3108 audet,
780 3073 828 3100 nist
844 3074 890 3109 qui
902 3073 1005 3108 didicit,
1019 3075 1090 3102 dare.
1147 3086 1227 3113 quam
1241 3078 1334 3105 scribis
1349 3078 1476 3115 abruptio
1495 3084 1542 3107 int.
1555 3084 1710 3108 matrimonii
1728 3083 1826 3109 Tulliae
1839 3093 1892 3109 cum
1907 3085 2041 3112 Dolabella.

55 3105 150 3134 Pallad.
167 3107 243 3132 Mart.
251 3113 326 3140 io,28
360 3108 489 3137 Abrotani
502 3111 578 3145 virga
586 3110 760 3146 suspenditur.
780 3111 861 3136 Etiam
868 3109 984 3148 Sci-ibon.
993 3112 1089 3147 Comp.
1183 3122 1206 3141 A
1215 3121 1231 3141 B
1240 3121 1259 3141 Ρ,
1269 3122 1289 3141 ν
1299 3121 1314 3141 Ρ
1323 3121 1344 3141 T
1354 3123 1371 3142 E
1379 3135 1388 3148 ,
1408 3115 1476 3143 Adu.
1497 3115 1712 3153 [οἷπερρηγμέμως]
1737 3118 1868 3151 Quaem.
1876 3127 1898 3151 3,
1908 3124 1930 3151 8,
1939 3122 1956 3146 6
1966 3121 2023 3148 Nec
2033 3122 2108 3150 enim
2120 3125 2200 3153 abru-

58 3147 99 3176 78.
119 3141 189 3168 habet
199 3140 375 3176 Abrotanum;
385 3151 413 3172 at
427 3147 482 3180 167.
502 3145 679 3173 Abrotonum.
779 3144 799 3183 ἦ
808 3153 824 3171 2
837 3151 938 3174 ABRO
947 3153 995 3175 ΤΟ
1005 3155 1027 3174 N
1036 3155 1056 3174 V
1065 3155 1089 3180 S,
1146 3154 1206 3185 pte,
1231 3159 1278 3176 ricc
1292 3150 1362 3177 vnde
1375 3150 1473 3185 libuit,
1494 3153 1694 3188 incipiendum,
1713 3156 1732 3180 i.
1738 3158 1793 3188 stne
1808 3154 1916 3181 exordio.
1972 3157 2093 3193 Abrupte
2107 3166 2201 3190 cadere

51 3177 80 3241 ιζ.
98 3180 172 3203 etiam
191 3176 293 3204 dic1'tur.
333 3179 517 3217 Abrotonique
531 3189 622 3217 graues
637 3182 741 3209 Lucret.
750 3190 778 3215 4,
787 3189 809 3213 3,
817 3189 856 3213 23.
899 3182 996 3210 Lucan.
1010 3191 1036 3216 9,
1044 3192 1090 3216 921
1147 3186 1176 3212 in
1194 3187 1376 3213 narrationem
1385 3188 1495 3221 Qiinet.
1504 3197 1532 3222 4,
1548 3198 1568 3221 1,
1578 3197 1621 3223 79.
1654 3187 1720 3216 Non
1738 3189 1848 3223 abrupte
1868 3190 1998 3224 agendum
2023 3195 2085 3221 lust.
2094 3205 2163 3231 2,13,
2170 3207 2199 3232 4.

78 3219 89 3239 t
102 3212 203 3245 larices,
230 3213 358 3249 fumoque
371 3224 476 3250 grauem
489 3217 651 3253 serpentibus
665 3223 745 3245 vrunt
765 3216 949 3252 Abrotonum,
970 3219 996 3245 ὰ
1010 3219 1088 3254 longe
1102 3222 1131 3252 85
1145 3225 1164 3248 i.
1186 3225 1299 3253 incaute,
1334 3230 1430 3249 temere.
1489 3225 1531 3251 Sic
1549 3225 1644 3252 Hostes
1664 3225 1800 3259 abruptius
1826 3225 1984 3255 inundantes
2003 3229 2090 3258 Amin.
2105 3241 2150 3265 20,
2167 3242 2200 3261 11.

55 3248 181 3276 nascentis
195 3257 294 3276 cornua
315 3251 397 3277 cerui.
503 3254 524 3292 fl
541 3261 554 3286 3
579 3253 748 3281 Abrotonum
761 3252 877 3289 oppidum
898 3255 1007 3291 Africae
1022 3255 1090 3292 apud
1145 3257 1196 3286 Sed
1203 3265 1253 3293 pro
1269 3258 1448 3293 Simpliciter,
1472 3259 1600 3287 Absolute
1617 3260 1736 3287 Macrob.
1756 3260 1785 3286 in
1792 3261 1876 3288 somn.
1898 3262 1994 3298 Scipai,
2010 3273 2038 3298 19
2058 3267 2117 3294 Hoc
2132 3268 2201 3296 adii.

55 3283 121 3314 Plin.
130 3292 154 3318 5,
172 3292 184 3316 3
205 3284 223 3310 s.
244 3293 272 3318 4.
284 3297 286 3304 ι
629 3292 632 3295 “
1146 3293 1271 3322 ciendum
1285 3294 1337 3327 est,
1362 3304 1408 3321 cur
1421 3296 1519 3322 Cicero
1532 3305 1592 3323 cum
1606 3302 1729 3331 quartum
1742 3295 1774 3322 de
1787 3296 1899 3331 septem,
1921 3298 2003 3326 solerii
2017 3301 2100 3335 velit,
2121 3313 2199 3338 quar·-

91 3325 164 3348 ΑΒΚ
173 3325 222 3346 OT
231 3326 250 3347 o
259 3320 332 3348 N'i'r
341 3327 358 3347 Ε
367 3327 380 3348 s
389 3320 445 3354 ,ἰὴ
470 3323 510 3350 vel
521 3331 551 3352 ae
567 3324 759 3361 [dssgmovlrm]
779 3322 852 3359 masc.
882 3327 923 3352 uia
941 3324 1090 3364 adiungitur
1147 3335 1188 3356 tus
1202 3336 1292 3357 autem
1305 3331 1376 3357 'inter
1390 3331 1488 3365 septem
1501 3340 1557 3359 non
1570 3332 1626 3359 fere
1639 3331 1756 3364 mediuS,
1776 3332 1819 3358 sed
1834 3334 1946 3361 omnino
1960 3336 2062 3363 medius
2078 3344 2103 3364 et
2117 3339 2157 3372 fit,
2171 3346 2199 3367 ec

58 3355 92 3382 ad
109 3352 171 3382 οἶκε.
225 3355 273 3383 Sed
289 3357 379 3383 latine
399 3360 474 3384 etiam
492 3360 579 3386 neutri
598 3361 688 3396 generi
709 3363 841 3397 iungitur,
895 3361 975 3390 icitur
994 3365 1088 3390 vinum
1147 3364 1290 3394 habeatur:
1309 3374 1364 3392 non
1377 3365 1489 3402 abrupte
1501 3367 1619 3401 medium
1634 3367 1731 3399 solem,
1759 3368 1803 3394 sed
1815 3369 1872 3396 fere
1890 3371 2009 3398 medium
2024 3373 2130 3401 dixerit.

57 3391 218 3418 abrotonites
237 3397 263 3419 et
282 3392 376 3420 vinum
390 3392 557 3427 absinthites,
569 3394 635 3430 ficut
647 3395 775 3432 oppidum
790 3396 889 3429 Roma,
902 3397 1013 3426 Flumen
1020 3398 1089 3427 Rhe·
1099 3406 1134 3431 90
1183 3407 1282 3429 ABRV
1291 3409 1316 3428 M
1326 3409 1347 3428 ν
1357 3410 1388 3435 s,
1414 3411 1439 3436 a,
1447 3411 1500 3430 um.
1533 3411 1563 3430 vt
1575 3402 1636 3438 agni
1648 3402 1771 3436 abrumi,
1794 3406 1812 3430 i.
1826 3404 1964 3438 amadati,
1991 3415 2045 3444 opp.
2066 3409 2196 3439 subrumi.

44 3435 113 3455 -ιιιε,
132 3427 236 3454 Colum.
250 3436 287 3461 12,
302 3436 330 3462 35
348 3428 684 3458 Vinum—abrotoniten
697 3446 741 3451 —-
756 3431 788 3458 fic
801 3431 908 3459 condire
923 3440 1037 3469 oportet.
1183 3444 1270 3470 Ans,
1296 3437 1368 3473 [obt-3,
1389 3438 1470 3474 πικροὶ]
1499 3439 1552 3465 vid.
1568 3446 1589 3466 A
1603 3444 1628 3464 et
1641 3444 1683 3465 ΑΒ
1703 3447 1729 3465 n.
1745 3441 1762 3465 6
1782 3440 1825 3466 vbi
1844 3441 1956 3470 dedimus
1967 3444 2044 3470 locum
2057 3445 2197 3474 Ciceronis

92 3467 292 3496 ABRVMPO,
317 3463 377 3499 sipi,
395 3470 506 3500 uptam,
528 3473 573 3491 ere
591 3465 789 3503 [οἶποῤῥῆγνυμι]
815 3468 953 3504 Rumpendo
960 3470 1090 3507 separare,
1147 3470 1222 3501 Orat.
1238 3479 1278 3507 138
1299 3482 1322 3501 c.
1338 3482 1383 3509 47.
1433 3473 1545 3510 Superest
1557 3477 1609 3500 eius
1621 3474 1680 3509 vsus
1698 3475 1817 3511 inprimis
1834 3484 1892 3503 ante
1912 3478 1965 3504 Te.
1985 3479 2115 3507 Laudatur
2135 3482 2201 3511 Cic-

58 3497 189 3534 vtlfhiire,
207 3504 236 3525 vt
250 3498 315 3527 Plin.
328 3507 355 3532 2,
363 3507 409 3534 92¹
433 3501 470 3527 Ex
485 3500 570 3527 insula
583 3501 636 3528 Cea
652 3502 763 3537 amplius
794 3510 856 3530 xxx
869 3503 953 3532 millia
973 3506 1090 3542 passuum
1147 3509 1210 3536 Diu.
1225 3518 1252 3542 2,
1274 3529 1280 3536 .
1303 3529 1310 3536 .
1333 3529 1339 3536 .
1377 3510 1428 3537 Eos
1441 3510 1573 3542 defendes,
1588 3510 1636 3544 qui
1650 3510 1676 3536 se
1687 3509 1720 3537 ab
1734 3511 1858 3538 omnibus
1872 3512 1987 3540 desertos
2001 3515 2099 3549 potius,
2114 3526 2196 3552 quam

59 3531 174 3568 abrupta.
230 3533 268 3560 Id.
288 3542 311 3568 5,
323 3543 355 3568 32
369 3536 432 3569 1:40
454 3544 494 3571 pr.
517 3537 648 3571 Impetum
661 3536 755 3565 deinde
769 3538 850 3565 sumit
869 3540 1050 3577 Hellespontus
1064 3548 1092 3569 et
1147 3544 1193 3572 abs
1207 3551 1233 3572 te
1255 3545 1376 3573 defensos
1385 3547 1434 3573 esse
1449 3545 1558 3572 malunt.
1597 3546 1706 3572 Vincam
1720 3552 1756 3580 te,
1783 3548 1826 3574 vel
1840 3548 1932 3575 vincar
1946 3549 1991 3575 abs
2006 3557 2031 3576 te
2043 3550 2100 3578 Cic.
2119 3554 2193 3581 Fam.

59 3575 130 3599 mare
146 3568 290 3603 incumbit,
310 3584 355 3591 —
374 3570 458 3599 donec
484 3571 571 3598 Asiam
597 3571 737 3607 abrumpat
762 3574 888 3608 Europae.
920 3577 1092 3614 Metaphorice
1108 3583 1176 3615 957,
1195 3589 1230 3613 3¹·
1267 3581 1336 3608 Ter.
1359 3581 1433 3608 Adel.
1453 3590 1479 3615 2,
1493 3590 1516 3614 3,
1530 3589 1541 3607 ι
1578 3580 1631 3607 Abs
1647 3582 1737 3617 quiuis
1751 3582 1870 3610 homine.
1914 3584 1987 3610 Idem
2002 3585 2109 3614 Phorm.
2126 3599 2154 3622 4,
2168 3599 2194 3623 3,

61 3601 118 3630 eie.
128 3603 268 3638 Philip.i4,
275 3613 300 3638 31
314 3615 336 3633 c.
344 3614 372 3634 12
392 3605 454 3634 baec
468 3607 493 3634 se
506 3607 593 3643 prima
612 3607 753 3635 latrocinio
767 3609 874 3644 abrupit
892 3610 1011 3642 Antonii.
1050 3615 1092 3643 Sic
1148 3625 1176 3643 ιι
1197 3618 1232 3643 Vt
1247 3616 1303 3644 abii
1317 3617 1363 3644 abs
1372 3624 1405 3644 te.
1443 3617 1512 3644 Add.
1526 3615 1609 3643 Andr.
1618 3625 1638 3650 1,
1654 3626 1677 3651 5,
1684 3625 1710 3653 7.
1730 3621 1799 3645 Ante
1813 3630 1835 3645 c.
1843 3619 2020 3655 Abschorago
2028 3622 2110 3650 Plaut.
2125 3626 2193 3653 Pers.

61 3636 125 3665 Ptin.
137 3646 178 3675 ep.
191 3647 214 3672 5,
221 3646 244 3672 ς,
257 3649 276 3673 4
311 3641 348 3669 Vt
366 3650 433 3678 quae
452 3643 552 3678 semper
570 3643 727 3671 Inchoatum
746 3644 849 3681 aliquid
873 3645 1025 3685 abrumpat,
1062 3649 1092 3677 de
1148 3660 1168 3684 1,
1178 3660 1201 3685 3,
1212 3659 1256 3687 79.
1279 3655 1393 3681 inueniri
1405 3656 1478 3679 etiam
1492 3655 1530 3678 ait
1543 3659 1600 3679 ante
1612 3654 1724 3680 Literam
1744 3655 1765 3687 s,
1786 3663 1815 3681 υι
1828 3654 1882 3681 Abs
1896 3655 1921 3681 sc
1935 3656 2016 3683 Plaut.
2037 3659 2112 3694 Capt.
2125 3669 2150 3693 3,
2172 3669 2195 3694 1,

63 3678 144 3699 morte.
204 3674 332 3705 Va'eleamus
342 3684 367 3704 et
379 3679 444 3705 alias
471 3680 594 3706 armatas:
614 3680 712 3706 Lucan.
720 3687 743 3712 5,
751 3681 808 3713 659.
828 3696 874 3703 ---
890 3680 951 3711 licet
972 3685 1090 3721 ingentes
1128 3717 1130 3720 ¹
1146 3696 1177 3714 ro
1190 3694 1238 3715 etc.
1260 3688 1353 3716 Parcus
1365 3689 1425 3715 Lex.
1440 3688 1503 3714 Crtt.
1524 3696 1550 3723 p.
1562 3696 1585 3722 5.
1619 3689 1667 3717 Sed
1686 3690 1771 3716 Gram.
1792 3689 1826 3716 ab
1846 3690 1872 3716 se
1885 3691 1927 3717 hic
1939 3698 1964 3717 ee
1976 3692 2048 3719 Men.
2071 3703 2092 3728 i,
2105 3705 2133 3728 2,
2148 3699 2193 3723 66.

63 3705 194 3749 abruperit
208 3709 289 3737 Actus
307 3710 435 3742 Festinata
465 3714 502 3741 ies
514 3715 592 3748 fatis,
611 3714 649 3743 sat
660 3723 754 3750 magna
768 3716 867 3751 peregi.
905 3719 1092 3754 Ouid.Fast.2‚
1147 3726 1178 3750 it.
1194 3723 1262 3752 Rud.
1278 3733 1304 3757 2,
1319 3731 1342 3757 5,
1357 3732 1384 3751 2ι
1405 3731 1429 3749 et
1443 3721 1529 3750 Truc.
1542 3732 1571 3758 4,
1584 3732 1608 3758 3,
1622 3730 1663 3759 78.
1707 3726 1796 3751 Verum
1811 3725 1882 3751 Caes.
1900 3726 1963 3754 Bell.
1978 3729 2047 3756 Gall.
2061 3739 2081 3763 1,
2096 3740 2134 3764 44
2146 3733 2193 3758 aba

63 3749 127 3784 495⁴
154 3744 224 3772 rime
237 3751 325 3781 tonat,
345 3747 408 3776 hinc
427 3749 506 3777 miffis
519 3749 688 3786 abrumpitur
700 3750 806 3785 ignibus
819 3751 932 3788 Aether,
959 3759 977 3783 i.
999 3757 1174 3790 diuidi‚100se
1194 3759 1264 3786 dedit
1283 3760 1350 3787 Dau.
1371 3760 1412 3787 Sic
1433 3758 1487 3785 Abs
1510 3759 1594 3787 Suessa
1614 3760 1769 3787 nunciatum
1790 3761 1825 3786 est
1854 3761 1915 3788 Liu.
1936 3771 1985 3796 32,
2012 3771 2033 3795 ι.
2070 3767 2192 3794 Gronou.

61 3784 86 3803 ἔ*
99 3777 168 3818 lum
184 3779 290 3808 videtur.
345 3783 477 3820 Abrumpi
502 3786 739 3814 Dissimulationem
761 3787 842 3814 etiam
862 3786 940 3818 Silius
971 3802 1003 3820 vr
1022 3792 1090 3820 ebat.
1148 3795 1223 3830 Qiod
1234 3802 1315 3822 tamen
1328 3794 1363 3828 lic
1383 3792 1450 3821 reste
1463 3795 1504 3820 edi
1518 3803 1592 3833 negat
1616 3797 1721 3823 Facciol.
1740 3795 1903 3832 arzfmaciuersl
1920 3799 1958 3824 ad
1976 3801 2099 3827 Danaum
2119 3811 2144 3829 n.
2164 3811 2191 3838 7.

62 3813 153 3840 Tam·
179 3814 297 3848 Ανῑῐιῑόι
332 3818 408 3856 Virg.
427 3821 492 3849 Aen.
501 3830 524 3854 3,
532 3829 560 3855 55
595 3823 642 3849 Fas
655 3831 736 3850 omne
748 3821 899 3858 abrumpit,
917 3833 966 3856 ete.
1020 3837 1091 3856 enee.
1147 3830 1193 3860 Ad
1205 3831 1269 3858 banc
1277 3829 1481 3867 praepositionem
1489 3837 1616 3867 pertinere
1623 3835 1696 3858 etiam
1705 3839 1781 3867 putat
1791 3834 1910 3866 anerus
1927 3836 2006 3860 locam
2033 3837 2144 3869 Quin&
2154 3847 2194 3872 12,

61 3849 140 3877 Herc·
153 3848 213 3891 Θῗῐ-
228 3855 273 3884 895
297 3850 397 3882 Natum
413 3857 565 3892 relinques?
590 3857 711 3896 Fataque*
725 3858 865 3894 abrumpes
877 3863 938 3889 tua?
963 3866 982 3890 i,
1004 3867 1093 3897 vitam,
1148 3875 1187 3899 10,
1206 3875 1238 3900 3²
1264 3866 1356 3900 Qud?
1378 3865 1451 3900 quod
1473 3865 1590 3899 Syllabae
1610 3867 1713 3894 nostrae
1734 3867 1762 3893 in
1777 3867 1796 3893 B
1817 3868 1924 3896 literam
1945 3876 1972 3896 et
1992 3871 2016 3896 D
2041 3872 2194 3901 innituntur

53 3882 323 3925 ,seustammasasdia
333 3892 401 3918 vitae
412 3897 475 3919 tuae.
536 3891 628 3921 Tacit.
648 3893 832 3928 Hist.4,60,6
856 3895 960 3926 caeteri
977 3901 1094 3928 retroiri
1149 3901 1215 3929 adeo
1228 3902 1326 3937 aspere,
1347 3901 1508 3937 vtplerique
1527 3914 1573 3923 --·-
1592 3903 1700 3929 mollire
1719 3904 1889 3937 tentauerint,
1909 3919 1955 3925 --
1974 3906 2002 3931 in
2023 3909 2193 3942 praepositio.

60 3919 140 3950 easta
151 3919 321 3987 ρῦυὲεωῖῐ.
338 3933 462 3961 querente
474 3928 534 3958 rane
546 3928 636 3959 Ciuile
655 3930 682 3959 ά
693 3930 846 3967 increpante
859 3931 1020 3972 Germanou,
1038 3941 1183 3974 tan-105ne
1195 3938 1216 3968 Β
1229 3937 1322 3966 literae
1336 3936 1372 3964 ob
1387 3937 1482 4001 somssn
1495 3944 1522 3966 et
1536 3938 1618 3975 ipsam
1632 3938 1648 3965 s
1667 3937 1842 3967 subficiendo.
1881 3941 1923 3968 isa
1939 3942 2041 3978 legenda
2052 3948 2194 4006 ariniara.-

241 3975 248 3984 .
297 3976 305 3986 .
2103 3988 2119 4006 ι·
2130 3987 2194 4008 uma
