2474 4182
289 81 370 130 967
723 68 987 112 CLV

289 167 360 194 dere.
433 164 489 192 Cic.
503 163 536 191 de
548 162 644 191 Natur.
658 162 739 188 Deor.
754 168 779 192 2,
792 167 838 185 ioo
858 167 879 185 c.
893 165 925 191 39
944 157 1032 193 Ipsum
1047 162 1136 185 autem
1149 165 1222 184 mare
1239 156 1272 183 fic
1287 161 1339 182 ter·

288 211 346 230 ram
374 207 497 236 appetens
521 199 647 226 litoribus
671 196 762 223 cludit.
836 193 974 220 Cludenda
1007 194 1117 220 cicatrix
1150 193 1270 220 Scribon.
1292 200 1336 223 4²·

288 239 366 273 Qem
378 239 455 263 locum
469 235 582 272 referens
593 233 704 261 Rhodius
717 235 743 256 in
751 232 836 256 Lexic.
843 229 953 257 Scn‘bon.
959 230 1074 265 pluribus
1088 232 1245 265 antiquorum
1263 226 1339 253 libro-

285 283 342 301 rum
359 275 420 299 Iocis
434 273 498 299 hanc
510 274 630 298 rationem
637 266 766 303 scribendi
777 264 917 301 confirmat.
969 266 1086 293 Martial.
1101 274 1134 297 ii,
1149 273 1180 297 92
1201 263 1250 289 Sed
1266 269 1338 287 mors

287 310 362 336 vocis
377 309 428 335 iter
441 306 596 343 properauit
608 303 712 330 cludere
727 301 848 328 blandae.
903 301 960 328 Sen.
973 301 1071 328 Phoen.
1086 306 1129 333 148
1148 299 1251 326 Noxias
1265 298 1337 336 lapso

287 345 345 372 vias
366 344 476 370 eludes?
511 346 529 368 i.
545 341 708 376 praccipitia.
781 336 913 364 Columel.
934 346 977 370 12,
997 347 1048 371 44,
1070 345 1085 362 2
1111 335 1214 362 Deinde
1228 335 1338 368 spartelfl

288 381 401 409 restibus
414 379 539 406 arborem
553 375 678 407 cludunt,
695 382 727 400 ne
740 381 785 400 aut
798 374 888 401 coruis
906 380 952 400 aut
968 373 1118 400 cornicibus
1131 371 1224 397 aliisue
1243 368 1337 395 auibus
1351 374 1357 380 “

287 425 398 452 pomum
412 416 548 441 laceretur.
622 409 755 443 Quincfil.
769 418 796 442 9,
808 420 837 444 4,
850 412 881 436 26
901 409 1015 436 Cludere
1032 409 1133 434 sensum
1147 406 1240 432 verbo.
1297 405 1339 432 sic

280 453 357 489 saepe
370 463 377 476 .·
404 454 486 476 Axcm
509 446 616 474 cludere
634 455 688 472 nox
707 444 815 477 dicitur,
835 445 1032 481 quemadmodum
1051 442 1150 469 eundem
1169 443 1267 477 aperire
1285 440 1339 466 dies

289 489 345 515 Sen.
357 488 436 513 Herc.
445 486 507 512 Oet.
516 491 586 517 1441.
622 482 685 509 Sunt
692 483 769 516 plura
783 481 812 507 id
821 491 899 518 genus
913 484 939 507 in
955 481 999 507 boc
1012 482 1084 505 etiam
1092 478 1228 514 scriptore.
1264 477 1339 502 Auro

288 523 394 550 cludere
409 521 477 547 Plin.
492 528 528 552 33,
546 527 555 545 ι
580 517 654 544 Idem
672 517 767 544 eodem
785 517 862 549 loco,
881 516 961 544 Cludi
982 523 1083 542 venena
1103 515 1131 541 in
1149 513 1269 544 annulis,
1290 512 1337 538 sub

288 558 399 594 genimis
412 556 445 583 ab
459 554 576 590 antiquis
594 554 678 580 solere
695 553 772 580 dixit.
845 555 886 581 Sic
898 553 973 589 fizepc
987 562 995 576 .·
1031 551 1102 578 Bella
1122 550 1183 576 Stat.
1196 548 1289 576 Theb.
1305 556 1339 581 ii,

289 603 328 627 59.
365 592 439 630 Cous.
454 592 527 618 Idem
541 600 566 622 2,
579 591 637 622 306.
711 588 809 616 Caffide
828 589 926 615 minaci
947 587 1018 614 cludi
1038 587 1101 613 Stat.
1114 585 1207 613 Theb.
1223 594 1255 618 4,
1275 593 1338 617 204.

288 629 407 657 Libellos
425 628 530 654 cludere
544 627 636 653 quen.
650 625 701 652 Sat.
715 633 748 660 7,
761 627 804 651 26.
842 624 910 651 Add.
925 623 1111 650 Drakenborch.
1130 622 1164 648 ad
1178 621 1223 648 Sil.
1238 623 1270 653 6,
1284 628 1339 652 451.

287 664 309 703 ff
331 674 346 691 2
383 666 432 691 Pro
448 663 606 690 Claudicare
622 661 720 688 Auson.
737 661 862 695 Sapientt.
876 660 945 694 prol.
961 668 991 692 32
1012 659 1061 686 Sed
1074 659 1092 686 si
1107 658 1238 684 memoria
1251 656 1339 682 Rebus

287 700 397 728 vetustis
412 699 511 732 cludit,
535 701 555 725 i.
569 698 652 729 labat,
672 707 719 723 non
730 698 799 733 sutis
807 696 887 731 firma
901 694 943 729 qs).

323 743 340 764 c
350 743 366 762 L
376 743 396 762 ν
407 743 419 762 s
431 743 450 761 V
461 742 473 761 s
482 755 491 768 ,
510 743 524 761 a
533 754 542 767 ‚
563 743 617 760 um.
644 733 738 760 Partic.
767 731 913 765 [κληθεὶς]
949 731 1005 765 Ipse
1021 729 1163 762 (Pacchius
1178 726 1338 758 Antiochus)

286 772 371 799 clusus
394 769 571 805 componebat
590 769 850 802 (medicamentum)
881 775 928 794 nec
951 767 1000 793 vlli
1024 767 1132 792 suorum
1154 762 1339 789 committebat

286 808 406 836 Scribon.
422 815 467 842 97.
538 806 627 833 Valer.
642 806 725 831 Flacc.
735 805 835 838 Argon.
850 812 870 836 i,
882 812 916 837 34
936 803 1070 829 Cleonaeo
1085 801 1138 826 iarn
1150 805 1271 833 tempora
1286 798 1339 824 clu-

287 845 327 871 sus
351 844 425 870 hiatu
463 841 582 874 Alcides,
614 845 631 867 i.
651 841 741 867 habens
762 846 872 874 tempora
891 837 1048 865 circumdata
1064 835 1127 870 pell.-
1146 835 1243 861 hiantis
1262 836 1337 861 leonis
1357 844 1393 862 20
1406 838 1597 872 cercopithecm,

286 881 407 907 Cleonaei.
445 877 514 906 Add.
530 877 566 904 ib.
580 887 605 903 v.
620 885 668 909 239
690 875 769 909 Qiod
784 876 832 901 libi
845 875 896 901 iam
913 874 995 899 clusos
1010 871 1115 897 inuenit
1130 871 1161 896 in
1172 870 1278 904 ignibus
1290 871 1339 896 Ar-

287 925 343 951 gos.
416 914 534 942 Martial.
550 922 587 945 12,
600 922 625 946 3¹
645 914 775 946 Quaeque
795 917 864 937 natat
885 909 960 934 ciniis
980 907 1098 941 anguilla
1116 905 1260 932 domestica
1274 906 1339 938 lym-

288 952 356 987 phis.
428 951 542 977 Horreis
556 948 631 975 clusis
650 949 754 982 leian.
772 947 807 972 l.1
829 945 851 981 §.
863 953 889 970 21
908 945 940 969 D.
956 943 1076 977 depositi.
1149 942 1258 969 Labclla
1272 942 1341 968 clusa

287 986 405 1015 Martial.
419 995 455 1019 12,
468 994 504 1020 55.
576 984 646 1012 Ciufi
663 984 689 1009 in
704 982 799 1017 pyxide
818 981 922 1014 lepores
935 979 1032 1005 marini
1053 977 1137 1005 Scrib.
1152 983 1193 1008 80.

323 1029 490 1055 CLVSARIS,
506 1031 530 1048 e.
555 1020 616 1048 Adi.
654 1020 752 1053 Hygin.
770 1017 836 1051 GoeJI
858 1025 882 1050 p.
897 1020 933 1045 181
952 1016 988 1050 sq·
1007 1015 1101 1041 Latera
1117 1014 1246 1046 (lustitia,
1261 1019 1284 1040 el*
1297 1021 1341 1041 ³¹¹-
1362 1025 1391 1052 25
1412 1015 1543 1042 Patulcius
1566 1016 1652 1048 idem,
1682 1016 1712 1042 Et
1732 1016 1814 1043 niodo
1833 1016 1952 1043 sacrifico
1967 1017 2068 1044 Clusius
2088 1026 2136 1044 ore
2155 1027 2247 1045 vocor.

287 1060 344 1096 guli
359 1059 486 1090 clusares,
507 1060 549 1094 qui
563 1056 670 1083 cludunt
688 1053 819 1088 etfiniunt
831 1061 929 1087 agrum.

323 1102 394 1122 CLV
407 1101 495 1122 SARI
506 1100 526 1118 V
537 1101 566 1124 s,
587 1100 615 1121 a,
637 1099 691 1115 um.
718 1088 779 1114 Adi.
823 1087 863 1113 Ib.
885 1097 910 1122 p.
927 1087 969 1120 156
996 1092 1020 1111 et
1041 1090 1080 1119 183
1100 1084 1181 1112 eodem
1190 1084 1276 1121 sensu.

323 1137 340 1158 C
351 1137 367 1157 L
377 1138 396 1157 V
408 1138 420 1158 S
429 1137 448 1156 O
458 1137 475 1156 R
484 1149 493 1161 ,
519 1129 583 1153 bris.
621 1135 656 1151 m.
706 1125 756 1159 Qts
774 1122 869 1155 Cludit,
1103 1122 1200 1149 Clusor
1220 1120 1342 1147 statarius

285 1175 396 1194 nemora
408 1163 584 1192 circumuenis
603 1160 693 1187 Sidon.
708 1159 787 1194 Epist.
802 1164 825 1191 8,
839 1161 864 1185 6.

323 1209 340 1229 C
350 1210 365 1228 L
375 1209 394 1227 V
406 1208 418 1227 S
429 1200 441 1226 f
451 1207 465 1226 1Δ
476 1207 484 1225 1
495 1206 517 1229 S,
532 1206 555 1224 e.
583 1197 644 1223 Adi.
687 1196 699 1229 [
714 1195 862 1228 κλείσιμος]

286 1239 354 1266 Plin.
375 1245 406 1269 9,
422 1243 452 1270 37
478 1233 546 1261 inest
560 1233 594 1260 iis
609 1233 680 1265 esca,
701 1231 801 1258 clusiles
814 1230 1005 1265 mordacesque
1019 1228 1153 1263 conchae,
1168 1237 1216 1256 ceu
1231 1228 1341 1255 mitulos

284 1274 416 1300 videmus.

322 1315 339 1336 C
354 1315 371 1334 L
384 1314 405 1335 V
420 1313 439 1334 D
455 1312 494 1337 O,
529 1305 570 1331 vel
597 1310 614 1331 C
626 1311 671 1330 LV
682 1309 726 1330 DE
737 1309 778 1335 N,
803 1301 864 1328 l'nis.
901 1310 928 1328 n.
971 1300 1093 1334 Gladius,
1115 1309 1161 1336 quo
1174 1300 1274 1336 scenici
1291 1306 1344 1326 vtt-

284 1344 393 1375 bantur‚
406 1342 431 1377 Ji
446 1340 543 1378 quando
557 1343 584 1367 in
591 1340 669 1376 scena
682 1339 765 1365 caedas
772 1336 917 1372 stmulanda
938 1336 994 1370 tffi‘t
1006 1346 1016 1366 ,⁵
1047 1339 1085 1363 ita
1092 1336 1168 1372 forte
1180 1336 1343 1372 fabricatus,

891 1122 917 1160 sl
935 1121 1054 1149 includit.

284 1387 324 1413 vt,
337 1379 396 1406 dum
405 1385 540 1414 penetrare
553 1379 581 1402 in
594 1383 683 1411 corpus
697 1375 810 1406 videtur,
830 1373 915 1400 redeat
928 1376 955 1399 in
968 1373 1140 1406 manubrium,
1159 1382 1188 1398 ex
1205 1381 1277 1408 eoque
1296 1374 1344 1398 ela·
1364 1387 1394 1414 35·
1416 1384 1455 1409 14,
1470 1384 1487 1409 9
1514 1376 1569 1409 Q1i
1583 1382 1660 1410 caput
1668 1396 1676 1408 ‚
1696 1381 1721 1401 et
1736 1374 1898 1401 stomachum
1914 1376 2062 1410 supponere
2077 1376 2198 1404 fontibus
2211 1375 2309 1403 audent

284 1419 348 1443 teris
369 1421 412 1450 ope
423 1411 515 1447 statim
537 1416 565 1438 vi
584 1411 687 1445 ceffznte
713 1410 816 1444 resiliat.
885 1410 972 1436 Talem
991 1415 1057 1436 certe
1076 1408 1215 1444 intelligere
1230 1408 1280 1444 fas
1301 1406 1343 1440 qli.

286 1451 364 1487 Apul.
381 1450 459 1485 Apol.
479 1458 504 1484 p.
521 1457 581 1481 324,
593 1458 612 1481 4
636 1449 709 1480 Qias
730 1455 789 1472 cum
803 1445 876 1472 saltas
895 1445 1107 1477 (Philomelam,
1125 1444 1261 1475 Medeam,
1278 1443 1343 1476 Cly-

285 1487 488 1517 taemnestrani)
507 1490 579 1510 tanta
593 1483 712 1509 mollitia
725 1482 824 1512 animi,
842 1487 915 1508 tanta
928 1479 1049 1507 formido
1063 1480 1130 1506 ferri
1145 1480 1198 1512 est,
1220 1479 1272 1506 line
1287 1479 1342 1506 clu-

287 1523 350 1551 dine
365 1522 448 1549 saltas.
486 1520 532 1548 Sed
543 1522 629 1545 variat
642 1516 725 1544 lefflo.
763 1518 839 1547 Sunt,
857 1520 901 1552 qui
916 1516 1020 1548 eladio,
1040 1519 1058 1542 i.
1074 1515 1164 1550 gladio
1177 1516 1275 1542 hubent.

323 1566 340 1586 c
350 1566 366 1585 L
376 1565 395 1584 v
406 1565 422 1584 E
433 1564 469 1587 o,
495 1559 556 1588 cre,
592 1556 632 1581 vel
658 1560 674 1580 c
686 1560 701 1579 L
711 1559 776 1584 vo,
802 1555 856 1578 ere.
894 1551 1038 1584 [κλύομειι,
1059 1549 1149 1585 δοκέω]
1187 1553 1325 1577 Nominari
1332 1571 1342 1584 ‚
1354 1561 1392 1586 40
1412 1555 1534 1582 morbida.
1572 1557 1631 1581 Non
1650 1555 1751 1590 desunt,
1769 1558 1812 1591 qui
1825 1554 1968 1582 Clurinum
1987 1557 2089 1592 legunt,
2105 1558 2152 1583 alii
2164 1556 2312 1590 Larinum,
2327 1558 2354 1585 αΙ

281 1595 426 1632 perhiberi,
468 1594 544 1618 utari.
605 1590 687 1616 Plaut.
708 1589 792 1615 Trin.
811 1596 844 1620 2,
865 1597 893 1621 4,
912 1596 943 1621 95
969 1589 1008 1614 Ita
1029 1587 1073 1618 sis,
1095 1594 1123 1613 vt
1142 1596 1241 1614 nomen
1261 1588 1340 1613 cluet.

286 1631 362 1658 Idem
389 1600 465 1663 Epiri?
499 1634 524 1657 2,
546 1634 572 1658 2,
604 1633 617 1657 5
654 1624 742 1651 Senati
770 1625 818 1658 qui
849 1624 974 1649 columen
1001 1623 1097 1649 cluent.
1168 1623 1242 1650 Idem
1263 1624 1342 1650 Poen.

287 1674 312 1699 ς,
341 1675 369 1699 4,
399 1673 433 1691 20
477 1663 513 1688 Vt
551 1660 649 1694 volupe
687 1659 724 1685 est
765 1659 872 1684 homini
907 1668 967 1685 inea
1002 1660 1095 1691 soror,
1117 1658 1135 1685 si
1168 1659 1240 1693 quod
1271 1660 1342 1693 agit,

287 1703 358 1728 cluet
377 1698 492 1726 victoria
505 1697 511 1723 !
538 1700 556 1723 i.
564 1696 589 1730 st
603 1699 700 1722 vincere
709 1701 817 1729 putatur
828 1697 855 1719 in
870 1703 909 1724 eo,
928 1694 994 1729 quod
1006 1698 1077 1730 agit,
1097 1701 1121 1720 et
1130 1695 1260 1730 praestare·
1273 1697 1342 1720 auis.

1361 482 1391 500 10

1363 662 1388 688 ις
1410 658 1428 683 s.
1443 665 1479 691 17.
1516 657 1584 684 Adel.
1600 658 1664 684 Enn.
1684 658 1713 684 in
1725 657 1803 693 Apul.
1817 658 1895 693 Apol.
1913 668 1938 693 p.
1951 667 2012 693 299.
2053 660 2112 688 Vid.
2128 668 2179 687 not.
2195 663 2224 687 it.
2238 663 2266 686 in
2284 662 2352 690 Edit.
2363 651 2449 708 Ηεῆὲἧ

899 1189 975 1230 Qod
993 1193 1078 1220 claudi
1094 1191 1175 1228 potest
1194 1200 1218 1219 et
1237 1195 1342 1227 aperiri.
1364 1207 1397 1231 30
1409 1195 1463 1222 vid,
1490 1203 1509 1223 n
1526 1203 1547 1222 v
1564 1202 1576 1221 s
1594 1203 1603 1222 1
1620 1203 1646 1222 1.

1808 67 1845 108 C
1920 67 1959 110 L
2028 71 2068 112 Y
2337 70 2432 134 ‘965

1443 155 1716 196 CLV-ixiicffivs,
1734 157 1754 184 i.
1791 167 1828 184 ιιι.
1865 157 1967 184 Dimin.
2004 158 2123 196 [φεύγων]
2158 163 2226 192 Gell.
2241 173 2266 192 Ι·
2297 171 2310 198 8
2332 168 2420 198 Caeter-

1409 200 1470 231 rum
1484 200 1581 231 *auium
1599 199 1678 228 atque
1699 194 1832 226 altilium,
1850 194 1897 220 nisi
1919 200 2023 221 tantum
2042 203 2185 230 apponatur
2223 184 2283 229 ven,
2297 183 2446 234 clunicul'a*

1409 227 1541 267 inseriore
1554 234 1626 261 parte
1635 249 1643 260 ,
1661 230 1744 256 saturi
1759 229 1833 262 fiant,
1855 230 2014 256 conuiuium
2028 237 2118 265 putant
2130 221 2221 269 inopia
2233 237 2347 266 sordere.
2381 216 2430 278 (ἐξ
2442 239 2445 260 l

1401 261 1428 296 st
1442 263 1573 288 inferiore
1588 270 1661 297 parte
1673 265 1749 300 gloffiz
1762 263 1816 299 est?
1852 266 1978 292 Caeterum
1991 266 2040 293 huc
2050 270 2164 302 pertinet
2174 271 2251 300 Mart.
2264 281 2288 306 3,
2302 277 2336 309 67
2355 276 2432 306 Cereu
2444 271 2445 275 Ἰ

1367 301 1381 328 5
1409 297 1563 325 immodicis
1578 304 1666 325 turtur
1681 306 1707 326 te
1721 301 1845 328 clunibus
1858 302 1961 336 implet.

1449 340 1466 360 c
1478 341 1584 374 LVNV
1595 341 1712 374 s·‚a,um.
1730 337 1792 363 Adi.
1822 338 1898 373 Qast
1912 339 2033 364 Clunatus
2046 348 2056 368 ,-
2080 345 2125 371 vt,
2145 339 2246 368 Clunae
2264 342 2352 371 simiae
2405 346 2445 376 112³

1409 379 1424 396 a
1437 368 1558 396 clunibus
1577 376 1648 396 tritis
1668 369 1701 396 sic
1717 370 1800 398 dictas
1818 375 1943 406 existimat
1957 373 2062 406 Festus,
2083 381 2112 400 vt
2129 373 2246 403 vidimus.
2358 365 2373 404 ³.
2387 356 2406 383 q
2443 380 2446 407 l

1444 411 1740 447 CLAVNARivsstflim.
1753 408 1834 434 Aliud
1853 409 1913 436 Adi.
1933 410 2080 443 Petron.59
2100 409 2173 436 Lanx
2186 411 2309 441 clunaria.
2329 412 2445 446 Sednem¹

1409 451 1460 468 eam
1476 448 1675 482 iiucrpzetatur:
1696 440 1892 470 conieHurarum
1909 444 2020 479 affatim.
2437 442 2439 447 ⁴
2455 440 2474 474 a*

1451 483 1468 518 f:
1479 484 1574 504 LVNI
1588 484 1627 504 FF.
1637 484 1667 510 R,
1675 480 1822 512 ermeruni.
1836 479 1897 507 Adi.
1917 481 2105 514 Vt,Dorsifera
2122 487 2148 507 et
2170 482 2298 511 clunifera
2316 472 2399 514 muia-
2421 482 2443 517 il

1410 513 1531 549 Epitaph.
1545 513 1632 540 mulae
1645 514 1671 539 P.
1686 513 1773 540 Craffi.
1816 514 1874 541 Vid.
1888 516 1986 544 Ferret.
1999 518 2068 544 Mus.
2082 516 2176 552 Lapid.
2189 527 2214 553 p.
2228 528 2290 554 344.
2388 507 2400 524 '
2442 510 2450 546 l'

1448 555 1570 582 civo,
1605 549 1657 576 vid.
1688 555 1829 577 eLon.
2301 551 2331 561 *¹

1441 592 1610 626 ,ςινιῇΕ-Α.
1655 585 1814 618 Pisciculus,
1840 586 1888 621 qui
1908 595 2003 614 venam
2023 589 2155 624 quandam
2174 587 2269 621 thynni
2289 590 2317 617 in
2336 590 2443 627 tau-:ihil
2464 579 2465 582 .

1409 630 1479 648 mira
1493 621 1617 656 cupidine
1635 628 1773 657 appetens,
1797 622 1883 657 ipsum
1901 621 2032 655 thynnum
2049 625 2139 652 morsu
2159 625 2292 653 exanimat
2311 627 2374 656 Plin.
2385 627 2452 664 9,st

1408 701 1597 769 ΡᾶἓὲιῖιῧῖΑ,
1619 729 1644 765 s
1667 734 1839 762 CLVRIA,
1856 737 1901 769 ae.-
1923 729 1943 755 f.
1981 730 2068 758 Simia.
2106 732 2207 764 Clura,
2227 720 2433 766 fibrumve&

1410 764 1519 797 Cluria,
1538 765 1705 801 κερκοηίᾶηκος
1720 765 1759 792 Id.
1796 765 1900 800 Qaeodst
1913 764 1981 792 reste
1994 764 2058 799 istuc
2067 767 2197 800 Gloffiztor,
2217 778 2266 794 non
2282 768 2337 795 hene
2349 769 2371 797 cl
2387 773 2407 801 ις.
2420 787 2431 798 ,.
2460 780 2470 793 ,ι

1410 799 1532 836 κολέραν,
1557 800 1636 827 cauda
1658 807 1800 828 truncatam
1827 804 2031 837 interpretatur:
2059 802 2185 839 siquidem
2204 803 2311 831 caudata
2328 803 2354 840 Ji
2368 807 2395 836 ι”,”

1449 878 1466 898 c
1479 879 1494 899 1.
1504 879 1525 899 v
1534 879 1553 899 R
1567 879 1576 897 ι
1590 879 1612 898 Ν
1624 879 1645 898 ν
1655 879 1678 904 s,
1687 881 1772 903 amm.
1782 871 1844 898 Adi.
1862 872 1911 899 Tu
1922 881 1988 901 vero
1996 873 2138 901 clurinum
2151 883 2229 909 pecus
2243 874 2323 902 Plaut.

1412 916 1438 941 2,
1454 917 1493 941 ¹4·
1529 907 1598 935 Add.
1615 908 1716 935 Arnob.
1732 917 1744 941 3
1773 918 1797 943 p.
1815 917 1865 935 iio.

1449 950 1581 984 QLVSIVS
1596 942 1680 971 dic‘lus
1699 943 1732 978 ψ
1742 946 1819 971 Ιαηια
1828 965 1835 977 ,
1849 943 1914 980 quod
1927 951 1992 980 pace
2006 946 2092 981 templi
2101 949 2153 972 eius
2169 952 2261 982 portae
2285 947 2349 974 cldu

1413 979 1495 1006 Ouid.
1511 980 1576 1006 Fast.
1599 989 1626 1013 1,
1649 989 1692 1012 130
1722 982 1833 1016 loquitur
1857 981 1949 1013 Ianus,
1970 981 2091 1008 Nomina
2116 981 2231 1013 ridebis,
2251 982 2333 1020 niodo
2366 986 2415 1020 ιζ..

2036 1053 2157 1080 Macrob.
2169 1054 2220 1080 Sat.
2242 1062 2251 1080 i
2261 1073 2268 1085 ,
2287 1019 2430 1088 ςυῑκέίῖῃιμ

2380 1077 2381 1082 ,
2388 1071 2391 1079 ι

2384 1083 2400 1099 21.

1413 1050 1514 1086 hausisti
1531 1052 1631 1078 videtur
1656 1051 1728 1079 Seru.
1743 1052 1777 1079 ad
1789 1053 1853 1078 Aen.
1867 1059 1892 1087 7,
1906 1054 1964 1079 610.

1413 1096 1518 1114 vocatur
1532 1088 1587 1120 bis,
1605 1095 1628 1114 ct
1643 1088 1761 1115 Patulcio
1781 1092 1922 1124 opponitur.
1966 1088 2035 1115 Vnde
2047 1090 2114 1125 apud
2125 1089 2257 1116 Ouidium
2271 1089 2359 1127 quoque
2380 1091 2383 1092 ⁷
2403 1099 2408 1114 ἰ

1413 1124 1455 1150 ius
1469 1131 1584 1158 reponere
1599 1124 1693 1150 uolebat
1707 1125 1823 1158 Heinsius
1830 1134 1840 1153 ,·
1865 1132 1894 1150 υτ
1907 1125 2019 1152 Vcsuius
2031 1133 2077 1162 pro
2091 1126 2220 1152 Vesuuio.
2256 1127 2318 1154 Sunt
2336 1129 2382 1154 eti
2398 1136 2401 1137 ⁷
2420 1143 2437 1152 ι.

1414 1160 1532 1186 Clausius
1552 1162 1637 1196 legunt
1658 1160 1725 1195 apud
1742 1160 1908 1187 Macrobium.
2107 1159 2128 1199 ff
2149 1169 2163 1187 2
2199 1161 2284 1189 Ciufii
2303 1160 2392 1190 Dae-[x.
2416 1156 2428 1187 ⁵.

1453 1237 1470 1258 C
1481 1239 1496 1258 ι.
1506 1239 1526 1258 ν
1536 1238 1596 1258 siv
1606 1239 1639 1258 M.
1678 1230 1691 1264 [
1699 1230 1821 1266 Κλέσιον]
1860 1231 1986 1267 Oppidum
1999 1230 2033 1265 cst
2050 1232 2255 1260 mediterraneum
2271 1235 2300 1260 in
2310 1233 2353 1262 Tu'
2364 1223 2397 1265 15³„
2410 1259 2414 1262 ,
2429 1252 2431 1254 .

1413 1277 1460 1304 quo
1469 1268 1583 1304 sepultus
1597 1266 1629 1300 2st
1643 1267 1759 1303 Porsena.
1800 1267 1858 1294 Vid.
1874 1268 1941 1294 Plin.
1955 1270 1997 1301 36,
2011 1276 2044 1300 13.
2087 1270 2157 1295 Hinc
2357 1264 2380 1282 ‘³¹'
2406 1265 2432 1298 [ι
2467 1287 2470 1292 .

1451 1305 1627 1336 ςι,νςι“Ννε,
1636 1313 1660 1336 a,
1670 1313 1724 1329 um.
1734 1303 1796 1329 Adi.
1813 1303 1969 1340 [Κλέωνος]
2011 1305 2055 1337 Vt,
2063 1304 2201 1334 Clusinum
2213 1303 2309 1340 vulgus
2321 1305 2366 1333 Sil.
2378 1316 2386 1333 ;-
2412 1311 2427 1326 ³».
2448 1310 2451 1313 ·

1413 1340 1465 1367 Far
1479 1339 1634 1371 Cluflnum,
1655 1339 1777 1366 candoris
1798 1339 1879 1365 nitidi
1899 1339 2033 1367 Columei.
2051 1350 2080 1374 2,
2099 1343 2132 1372 6,
2151 1350 2172 1373 3.
2244 1341 2386 1370 Horat.E·
2403 1335 2412 1359 ’ἵ
2448 1359 2450 1361 ·

1415 1411 1570 1447 Gabiosque
1584 1418 1694 1446 petunt,
1715 1417 1740 1437 et
1756 1411 1856 1446 frigida
1870 1419 1941 1437 rura.
2013 1412 2085 1439 Orae
2100 1412 2222 1440 Clufinae
2238 1412 2335 1448 Virgii.

1413 1450 1469 1480 635.
1541 1448 1620 1474 Pecus
1636 1447 1771 1474 Clusinum
1786 1448 1869 1474 Plant.
1884 1447 1972 1474 Truc.
1988 1454 2009 1479 2,
2022 1456 2048 1480 2,
2063 1456 2092 1481 14
2119 1452 2147 1475 in
2162 1458 2207 1485 quo
2226 1451 2296 1476 iocus
2313 1447 2346 1483 est

1414 1482 1508 1516 Clusio,
1530 1484 1573 1510 vbi
1594 1493 1643 1509 non
1657 1483 1785 1510 admodum
1798 1486 1898 1520 egregia
1912 1490 1984 1509 erant
1990 1483 2102 1519 fortqffe
2108 1491 2218 1519 pecora,
2231 1491 2255 1510 et
2267 1493 2297 1510 ex
2307 1495 2346 1512 am

1412 1529 1427 1546 α
1441 1519 1574 1546 eludendo:
1599 1519 1749 1546 clauduntur
1762 1523 1826 1545 enim
1838 1520 2009 1545 meretriculae
2014 1539 2024 1552 ,
2044 1529 2105 1556 quae
2118 1522 2180 1547 ciam
2193 1520 2326 1554 habentur,

1413 1591 1502 1618 rinuin
1511 1611 1519 1623 ,
1539 1591 1569 1616 id
1581 1590 1614 1624 ist
1621 1591 1734 1627 felinum
1749 1599 1843 1626 pecus,
1862 1600 1877 1616 a
1886 1590 1980 1626 felium
1993 1591 2165 1627 turpitudine:
2189 1595 2263 1618 etiam
2293 1596 2346 1619 uim

1413 1636 1496 1659 num,
1515 1626 1544 1652 id
1555 1625 1589 1660 gs}
1601 1630 1747 1653 coriae-eum.
1784 1628 1822 1653 Ex
1833 1625 1978 1653 Tui-nebo.
2016 1627 2064 1654 Sed
2075 1628 2220 1655 Clurinum
2237 1637 2265 1655 re
2293 1638 2332 1656 um
2344 1639 2352 1655 :

1405 1663 1455 1699 sub
1476 1669 1493 1689 c
1504 1669 1520 1687 L
1530 1670 1579 1689 VR
1589 1669 1620 1688 A.
1693 1664 1767 1688 Vuae
1781 1662 1902 1689 Clusinae
1921 1662 1987 1689 Plin.
2001 1671 2041 1696 14,
2055 1672 2077 1696 3.

1451 1703 1646 1728 CLVSTER,
1671 1703 1721 1731 pro
1736 1707 1779 1729 ev,
1799 1701 1842 1733 qui
1855 1700 1950 1724 Graeca
1963 1699 2039 1725 litera
2059 1704 2076 1726 C
2087 1705 2239 1727 LYSTER
2258 1697 2308 1734 cst,
2325 1699 2404 1730 altum

286 1736 429 1764 Lucretius
449 1743 476 1766 ι,
498 1742 542 1760 120
572 1733 708 1759 Coronam
728 1731 783 1756 Per-
794 1735 884 1763 gentes
903 1730 980 1756 Italas
998 1729 1156 1762 hominum,
1178 1739 1252 1770 ¹quae
1272 1729 1342 1756 clara
1359 1740 1394 1766 45
1412 1735 1502 1768 optimi
1522 1735 1617 1758 codices
1637 1732 1704 1758 Celsi
1725 1740 1749 1758 et
1762 1733 1910 1763 Scribonii,
1936 1743 1961 1759 υ.
1974 1743 2001 1770 g.
2020 1734 2087 1769 apud
2097 1735 2163 1762 hunc
2176 1736 2270 1770 Comp.
2285 1744 2340 1770 109.
2354 1744 2364 1764 ι
2388 1732 2407 1764 .ι
2430 1745 2435 1751 ”

287 1774 395 1800 clueret.
450 1772 480 1797 Et
499 1777 526 1801 1,
542 1777 594 1801 450
612 1768 683 1794 Nam
699 1774 871 1801 quaecunque
885 1764 972 1790 cluent
982 1784 990 1796 ‚
1009 1772 1055 1790 aut
1069 1765 1109 1790 his
1124 1766 1266 1791 coniun&a
1280 1766 1342 1791 dua-

287 1809 337 1837 bus
373 1807 462 1834 Rebus
475 1814 506 1831 ea
521 1804 655 1831 inuenies:
681 1808 724 1828 aut
740 1802 836 1828 horum
851 1807 946 1827 euenta
961 1800 1066 1826 videbis
1076 1820 1084 1832 ,
1105 1803 1125 1826 i.
1140 1809 1199 1836 quae
1213 1801 1342 1832 dicuntur,

305 1855 348 1872 uae
361 1844 486 1870 nominari
502 1839 615 1876 postiam,
629 1839 737 1875 finitque
750 1837 809 1863 adeo
830 1840 857 1863 in
875 1846 960 1863 rerum
975 1844 1077 1862 natura.
1151 1836 1223 1862 idem
1247 1844 1272 1868 3,
1293 1841 1343 1865 208

286 1855 339 1909 fles
354 1879 434 1906 Vtilis
449 1877 613 1908 inuenietur,
628 1882 654 1901 et
666 1880 816 1909 opportuna
832 1872 941 1899 cluebit.
998 1874 1101 1907 Nempe,
1115 1878 1144 1897 ot
1157 1874 1184 1897 in
1194 1871 1343 1897 Ebrucorum

286 1924 311 1944 ct
326 1919 475 1943 Graecorum
489 1915 586 1949 lingua,
599 1916 637 1937 itu
649 1912 690 1938 hic
705 1913 779 1936 etium
789 1916 836 1944 per
844 1908 1025 1943 Synecdochen,
1035 1908 1060 1943 s.
1069 1909 1249 1942 Metonymiam
1262 1908 1345 1938 malis,

289 1953 393 1982 eluere,
411 1949 516 1982 videri,
536 1947 645 1979 audire,
663 1946 733 1979 dici,
749 1948 856 1980 ponitur
864 1952 914 1980 pro
928 1944 1085 1970 antecedente
1103 1949 1127 1969 et
1145 1948 1220 1978 causa
1234 1944 1343 1974 illorum,

283 1996 334 2024 pro
349 1988 406 2014 eise.
444 1987 485 2013 Sic
501 1984 537 2011 id.
552 1984 658 2010 Lucret.
674 1991 695 2015 1,
707 1984 755 2014 632
781 1981 919 2015 Corpora,
937 1982 1013 2014 Qiae
1024 1979 1144 2006 nondum
1163 1979 1268 2006 clueant
1286 1978 1343 2005 vllo

289 2028 389 2050 tentata
401 2020 518 2056 periclo,
538 2021 605 2046 nihil
623 2018 693 2045 aliud
707 2017 788 2050 dicit,
812 2026 883 2052 quam
896 2025 956 2052 quae
977 2015 1084 2042 nondum
1101 2015 1151 2042 sint
1170 2017 1278 2041 tentata.
1316 2016 1344 2041 Si

288 2062 354 2087 enim
369 2048 493 2091 nb‘nstnr,
512 2063 587 2090 neque
599 2053 730 2084 dicentur,
750 2059 796 2078 etc.
849 2053 890 2079 Sic
903 2060 924 2084 1,
938 2056 983 2085 481
1004 2052 1063 2078 Nec
1077 2051 1182 2077 ratione
1197 2051 1287 2077 cluere
1302 2059 1344 2076 ea-

290 2095 351 2122 dem
360 2114 368 2127 ,
387 2102 439 2129 qua
451 2090 550 2117 constat
564 2090 641 2115 inane
657 2099 662 2113 :
693 2097 741 2114 non
755 2086 798 2120 effe
811 2086 889 2117 idem,
905 2096 950 2112 nec
957 2087 1066 2121 proinde
1085 2090 1160 2112 etiam
1174 2086 1261 2112 habere
1268 2093 1343 2120 prae-

289 2131 384 2158 dicata.
441 2127 514 2154 Idem
527 2135 562 2159 4,
576 2133 606 2158 30
633 2125 696 2157 Qio
710 2123 751 2149 ius
765 2131 868 2156 cunque
887 2121 957 2147 cluet
975 2121 1007 2147 de
1026 2129 1139 2155 corpore
1158 2121 1216 2147 fusa
1235 2120 1343 2153 vagari,

290 2171 309 2194 i.
324 2166 418 2192 dicitur
431 2165 539 2199 vagari,
561 2167 680 2197 vagatur.
716 2160 748 2185 Et
761 2167 783 2190 2,
798 2166 845 2190 524
863 2157 1014 2183 Primordia
1026 2165 1117 2183 rerum
1153 2170 1199 2175 -—
1236 2155 1345 2182 Infinita

291 2203 397 2233 cluere,
415 2202 434 2226 i.
452 2197 504 2232 effe.
560 2197 591 2223 Et
610 2204 637 2228 2,
651 2203 691 2227 35¹
715 2194 773 2220 Nec
793 2193 882 2219 minus
901 2198 980 2226 atque
1001 2192 1124 2218 homines
1144 2191 1215 2218 inter
1235 2192 1260 2218 se
1279 2196 1343 2216 nota

291 2239 391 2265 cluere.
445 2235 556 2268 Denique
575 2239 601 2263 2,
614 2238 668 2265 790
695 2230 732 2255 Ex
750 2228 818 2255 albis
832 2229 960 2262 quoniam
973 2236 1027 2253 non
1045 2227 1105 2254 alba
1119 2233 1260 2259 creantur,
1285 2226 1343 2253 Nec

291 2282 359 2310 quae
373 2271 450 2305 nigra
463 2269 551 2295 cluent
566 2267 598 2293 de
611 2265 703 2299 nigris.
761 2263 911 2296 Posteriores
924 2262 1066 2299 obfiilescere
1079 2262 1145 2298 paffi
1151 2263 1216 2298 sunt
1230 2263 1276 2289 hoc
1288 2271 1343 2288 ver.

291 2311 355 2337 bum.
404 2307 493 2333 ls'titur
513 2310 595 2330 tamen
608 2300 757 2333 Ausonius,
773 2309 799 2325 υ.
813 2308 838 2335 g.
857 2298 887 2324 in
904 2299 981 2325 Ludo
997 2299 1058 2333 Sap.
1069 2306 1098 2333 17
1116 2299 1228 2332 Magnae
1242 2297 1286 2324 sed
1300 2306 1344 2324 au-

292 2346 368 2377 nor,
382 2351 434 2378 qua
446 2341 540 2372 clueo,
560 2337 713 2365 sententiae.
749 2337 793 2362 ΑΙ.
809 2335 879 2361 cluo.
917 2333 1051 2371 Signi-'sicat
1065 2340 1146 2366 certe,
1166 2333 1268 2360 celebris
1275 2333 1343 2369 sum.

293 2381 368 2409 Idem
382 2377 461 2413 Epist.
475 2379 518 2409 16,
533 2383 562 2402 21
592 2374 664 2401 Nam
683 2372 773 2400 consul
794 2377 931 2397 aeternum
950 2370 1035 2403 cluet,
1054 2369 1098 2395 vbi
1116 2371 1234 2396 Futurum
1253 2372 1346 2396 tertiae

291 2416 477 2452 coniugationis
490 2410 533 2446 eff?
546 2416 660 2446 apparet.
716 2408 790 2435 Non.
804 2416 830 2440 2,
844 2414 892 2441 147
905 2406 1021 2442 formam
1034 2405 1149 2438 cluebat,
1163 2405 1267 2432 celebris
1283 2411 1347 2437 crat,

293 2461 326 2480 cx
346 2449 453 2478 Lucilio
477 2455 500 2474 et
520 2447 607 2474 Ennio
622 2444 735 2481 profert.
792 2443 838 2470 Sed
854 2445 928 2469 etiam
943 2440 1007 2475 Paffi
1025 2451 1054 2468 ex
1067 2441 1200 2474 Pacuuio,
1220 2441 1262 2467 sed
1282 2440 1345 2467 haec

294 2488 415 2516 cluentur
435 2484 570 2520 hospitum
587 2479 773 2512 infidelissimi,
797 2486 821 2506 et
839 2488 868 2506 ex
881 2479 1019 2510 Varrone,
1042 2478 1179 2505 Musarum
1198 2477 1345 2512 Pompilius

294 2524 395 2552 clueor.
452 2522 492 2549 Sic
508 2522 582 2546 etiam
601 2518 683 2545 Plaut.
696 2515 786 2543 Pseud.
800 2525 827 2550 4,
844 2523 864 2548 ι,
879 2523 907 2541 12
928 2514 975 2541 Te
990 2515 1020 2540 ni
1034 2520 1219 2547 contemnam,
1234 2513 1345 2540 Stratio-

296 2561 364 2588 t'icus
377 2558 477 2590 homo,
515 2555 544 2582 ui
559 2554 662 2586 cluear,
681 2555 700 2580 i.
714 2552 828 2584 audiam,
867 2549 987 2578 raedicer.
1179 2547 1239 2612 ἻΓα,
1273 2549 1345 2576 Cluo

294 2592 472 2631 antiquiffimis
486 2595 496 2617 i
514 2601 548 2618 cm
555 2589 633 2626 fuiffe
647 2587 765 2620 videtur,
781 2596 827 2623 quo
864 2587 926 2619 luo,
945 2586 1023 2617 iauo,
1043 2593 1139 2621 purgo.
1217 2583 1346 2618 qllimonia

298 2628 363 2665 festi
380 2636 403 2656 et
419 2629 499 2655 Plinii
517 2626 628 2652 dedimus
645 2628 672 2651 in
691 2631 708 2651 e
718 2631 734 2651 L
745 2631 794 2651 0A
804 2624 852 2651 c'A
873 2630 897 2649 et
916 2628 934 2650 c
944 2630 960 2649 L
971 2629 991 2649 ο
1001 2628 1049 2649 Ac
1063 2629 1071 2648 i
1084 2627 1105 2647 N
1116 2628 1149 2649 A.

295 2667 326 2696 ab
342 2667 386 2693 hoc
398 2664 450 2700 ipso
463 2663 568 2689 themati·
579 2660 645 2686 κλύω
658 2659 691 2693 est
705 2659 802 2695 κλόξω,
822 2658 889 2694 quod
898 2657 996 2686 eluendi
1008 2660 1060 2685 vim
1071 2657 1153 2691 habet,
1166 2657 1232 2684 vnde
1245 2657 1347 2690 Clyster

295 2710 320 2731 et
333 2697 596 2760 Cataclysniusdsunt:
620 2695 660 2730 Jic
673 2699 701 2722 in
714 2697 806 2722 Latino
819 2692 1002 2731 Cluofat‘lum
1015 2693 1136 2720 arbitror.
1193 2694 1262 2730 Qaein
1277 2695 1347 2720 Lati-

296 2748 354 2766 num
374 2738 446 2767 laus,
463 2735 506 2761 lau
525 2742 542 2760 o
555 2732 633 2768 ipsimi
646 2740 736 2767 quoque
749 2741 777 2758 ex
790 2731 834 2757 hoc
842 2730 919 2767 fonte
923 2728 1043 2767 fluxisse,
1063 2729 1127 2756 mihi
1145 2731 1279 2764 verisimile
1297 2728 1346 2762 est:

297 2784 341 2802 nec
361 2774 443 2809 magis
460 2773 538 2797 miror
558 2766 666 2802 onnffiim
685 2767 855 2803 consonantem
874 2772 932 2792 ante
945 2766 982 2798 L,
1001 2774 1073 2802 quam
1086 2768 1114 2791 in
1127 2766 1197 2799 τλῶ,
1217 2764 1282 2792 vnde
1289 2766 1350 2802 suit

298 2812 356 2843 Lo,
377 2809 443 2836 latus
463 2807 539 2833 sum:
576 2807 603 2830 in
620 2803 723 2836 stlatus,
739 2809 788 2838 pro
803 2802 886 2828 latus:
908 2801 1020 2835 initiis,
1035 2809 1084 2837 pro
1098 2801 1140 2827 lis.
1196 2803 1307 2838 Denique
1320 2805 1347 2828 in

298 2845 398 2878 clauis,
419 2843 505 2870 clamo
519 2840 634 2876 Hispana
651 2837 797 2875 consuetudo
811 2840 923 2873 primam
940 2837 1074 2872 distimulat
1090 2847 1139 2864 non
1157 2840 1254 2871 minus,
1277 2847 1348 2874 quam

298 2887 327 2911 in
343 2881 450 2916 planus,
469 2879 604 2914 planatus,
625 2882 670 2902 etc.

335 2925 353 2946 c
363 2924 379 2943 ι.
389 2924 410 2943 ν
422 2922 443 2942 Τ
456 2921 475 2940 ν
488 2922 500 2941 s
509 2934 517 2948 ,
537 2922 568 2946 a,
588 2920 643 2938 um.
680 2909 762 2937 Habet
773 2909 911 2942 Participii
918 2906 1040 2944 formam,
1056 2918 1072 2934 a
1084 2908 1164 2942 Cluo,
1184 2915 1208 2935 et
1218 2908 1349 2945 respondet

300 2955 393 2981 Graeco
405 2949 504 2977 κλυτός.
548 2947 652 2980 Pestis,
682 2945 792 2973 Clutuin
816 2943 912 2970 Graeci
931 2943 1020 2969 κλυτὸν
1038 2943 1145 2977 dicunt,
1165 2943 1235 2971 vnde
1248 2952 1352 2980 accepta

299 2987 493 3026 praepositione
508 2985 537 3012 sit
549 2984 674 3011 Inclutus.
863 3014 868 3019 ι

300 3031 329 3053 vt
337 3026 475 3055 inuocauit,
483 3022 639 3048 inclamauit.
676 3014 821 3053 Indepotqli
829 3014 872 3050 este
880 3013 1032 3046 Clutior,vt
1039 3025 1162 3043 monemus·
1172 3019 1199 3042 in
1215 3022 1232 3043 C
1244 3022 1261 3042 ι,
1271 3023 1290 3042 ν
1304 3024 1313 3042 ι
1326 3025 1349 3044 s.

338 3065 467 3091 eLVis,
500 3065 524 3083 e.
574 3054 680 3082 Videtur
708 3055 837 3089 antiquum
856 3048 1016 3078 Adiefiiuum
1030 3050 1125 3086 f‘flffi',
1151 3052 1217 3087 quod
1236 3052 1351 3079 celebrem

295 3095 321 3131 Ji
349 3095 463 3127 tificaret.
512 3094 590 3119 Docet
608 3091 652 3118 hoc
669 3098 754 3116 nomen
774 3087 920 3118 Praecluis,
944 3085 973 3112 de
985 3086 1065 3123 quos.
1078 3088 1096 3112 1.
1145 3090 1224 3114 Docet
1240 3088 1303 3114 idem
1321 3098 1350 3115 fx

303 3132 327 3158 G
340 3126 395 3158 ossis
410 3128 542 3156 Arabico·
551 3126 653 3155 Latinis
676 3132 698 3152 et
711 3123 810 3152 aliunde
819 3144 827 3157 ‚
849 3124 966 3160 Congius:
1020 3121 1079 3148 liid.
1094 3122 1136 3148 Gl.
1150 3123 1351 3158 Comparatiuum

302 3167 375 3195 habet
389 3165 512 3197 Cliuior,
525 3163 662 3190 nobilior:
683 3168 732 3196 pro
746 3169 792 3196 quo
802 3161 876 3196 sorte
887 3158 1014 3195 legendum
1027 3157 1130 3185 Cluior.

304 3205 350 3234 26,
365 3209 390 3234 ις
413 3200 555 3233 Cluidior,
573 3200 613 3226 vel
627 3197 723 3226 Cluior
741 3198 854 3223 coniicit.
892 3192 992 3230 Qcidfi
1005 3194 1112 3221 Clutior
1128 3204 1144 3220 a
1157 3195 1267 3228 Clutus,
1287 3196 1352 3231 quod

303 3237 373 3266 modo
394 3236 512 3262 vidnnus.

341 3280 384 3302 ei.
393 3279 414 3298 v
426 3278 448 3297 Μ
458 3278 479 3298 A
488 3278 504 3297 ιῖ
514 3291 522 3303 ,
535 3273 620 3296 arum.
640 3268 661 3295 f.
698 3266 830 3294 Follicula
842 3264 948 3298 hordei,
963 3265 1061 3292 Festus.
1096 3264 1144 3293 Sed
1155 3265 1207 3292 vid.
1222 3272 1350 3295 GLVMA,

343 3316 361 3337 c
371 3316 387 3335 ι.
396 3314 418 3333 ν
427 3313 449 3333 Ν
459 3313 502 3333 ΛΕ
513 3312 528 3331 1.
537 3313 557 3331 v
568 3312 603 3338 M,
615 3305 632 3330 i.
653 3313 680 3330 n.
700 3303 792 3330 Culter
803 3302 995 3336 sanguinarius,
1008 3301 1089 3335 (Scal.
1098 3305 1186 3328 coniic.
1197 3303 1351 3336 saginarius)

306 3343 380 3382 quod
393 3342 425 3370 ad
440 3341 529 3368 clunes
544 3340 697 3374 dependeat,
711 3338 753 3366 vel
768 3338 832 3374 quia
844 3338 932 3364 clunes
947 3336 1093 3365 hostiarum
1105 3337 1216 3364 diuidat.
1252 3339 1351 3366 Aufior
1369 3354 1404 3380 90
1422 3343 1450 3368 in
1469 3351 1494 3368 co
1513 3344 1602 3379 imago.
1644 3341 1738 3368 Melius
1753 3346 1800 3374 per
1820 3340 1928 3366 Latinas
1945 3342 2034 3366 literas
2051 3344 2188 3366 CLll‘Ev
2198 3345 2211 3365 S
2231 3340 2272 3364 vel
2290 3342 2333 3364 CL
2350 3348 2352 3350 ·

306 3380 405 3410 Festus.
464 3375 583 3404 Nonnulli
597 3382 725 3411 perperam
743 3376 827 3411 legunt
846 3372 1005 3400 Clunadum.
1040 3375 1071 3400 In
1086 3373 1177 3399 Gellio
1192 3381 1230 3405 io,
1247 3382 1274 3407 ες
1291 3377 1352 3412 legs.

307 3424 350 3444 tur
365 3413 525 3443 Clunaculae
539 3414 604 3437 inter
619 3413 720 3437 reiorum
736 3409 861 3437 vocabula.
897 3410 939 3437 Sic
951 3410 1059 3436 Gronau.
1081 3409 1127 3436 Sed
1137 3411 1170 3436 ai.
1182 3408 1352 3439 Climaculac.

307 3454 368 3480 Vct.
383 3450 463 3479 Gioff.
479 3446 651 3475 clunaculum
671 3446 769 3480 pugio,
789 3444 907 3482 dietum,
928 3444 1001 3479 quod
1014 3445 1046 3472 ad
1059 3444 1147 3471 clunes
1161 3444 1296 3478 religetur.

344 3481 630 3518 cr.vNAs‚aCiunibus
639 3482 708 3508 tritis
717 3481 801 3508 simias
807 3480 889 3508 di6tas
896 3480 1353 3516 existiiniant,Fcssiis.Co⁷ff.cLVRA.

345 3530 362 3551 c
372 3530 416 3550 LV
427 3528 448 3548 N
461 3528 471 3548 1
480 3527 493 3547 S
503 3539 511 3552 ,
534 3518 565 3544 is.
600 3526 637 3544 m.
673 3517 776 3553 [πυγή]
813 3518 914 3553 Saepius
934 3520 961 3543 in
975 3518 1073 3552 plurali
1092 3521 1109 3543 c
1121 3523 1136 3542 L
1147 3523 1167 3543 ν
1180 3523 1199 3542 Ν
1212 3523 1228 3543 E
1237 3523 1250 3542 s
1259 3537 1267 3549 ,
1285 3518 1352 3546 ium.
1369 3534 1402 3560 93
1422 3520 1532 3554 saepius.

311 3567 346 3586 m.
367 3565 391 3585 ce
408 3558 427 3584 f.
469 3551 625 3587 Nates,stue
641 3553 745 3579 Narium
760 3560 848 3579 tumor.
885 3554 924 3579 De
936 3561 1023 3589 genere
1035 3551 1187 3587 disputatum
1199 3550 1258 3585 estc,
1278 3562 1352 3589 appa.

310 3600 350 3620 ret
366 3603 394 3619 ex
406 3592 487 3627 Sosip.
504 3599 511 3616 i
538 3593 618 3650 12]ss-
635 3624 639 3628 Ι
653 3588 726 3628 ‘Pani
742 3588 879 3614 masculini
892 3597 971 3623 quam
985 3588 1112 3615 feminini
1125 3589 1228 3623 generis
1247 3589 1352 3624 vsurpa-

311 3629 351 3656 vit
365 3628 508 3655 aufitoritas
522 3633 568 3661 αρν
599 3623 721 3651 Priscian.
737 3631 749 3655 5
768 3632 791 3657 p.
805 3625 862 3655 632.
898 3624 966 3650 Add.
979 3624 1052 3650 Non.
1067 3633 1090 3656 3,
1098 3632 1140 3658 43.
1195 3623 1286 3651 quen.
1302 3625 1352 3653 Sat.

313 3673 346 3696 ii,
360 3666 407 3696 164
431 3663 469 3690 Ad
484 3669 582 3689 terram
594 3658 711 3686 tremulo
725 3657 883 3684 descendunt
891 3659 966 3686 clune
980 3659 1091 3694 puellae.
1144 3658 1270 3686 Pulchrae
1285 3661 1351 3688 Hor.

313 3699 364 3726 Sat.
380 3708 398 3730 i,
413 3707 438 3730 2,
450 3703 481 3730 89
501 3697 529 3723 de
543 3699 618 3733 equis.

312 3735 346 3762 ab
360 3734 440 3760 armis
452 3733 528 3760 valeo
543 3744 548 3759 ι
562 3731 662 3758 >clunes
675 3729 791 3756 desertos
805 3737 877 3763 gero.

314 3770 398 3798 locuti
417 3769 518 3795 clunem
531 3769 654 3802 Agitant,
674 3764 747 3792 addit
769 3764 856 3791 Schol.
870 3763 903 3790 ad
916 3767 1067 3798 patiendum
1086 3766 1213 3801 stuprum.

313 3847 338 3874 g,
346 3846 360 3872 ς
376 3839 513 3867 Ηιιὲὶιιειιε
521 3838 641 3865 clunibus
649 3837 766 3872 crispatis
780 3835 879 3862 Arnob.
887 3844 904 3870 7
912 3844 935 3871 p.
943 3844 1000 3869 239.

1364 1918 1397 1945 50
1450 1908 1737 1944 chsvaE,s.
1758 1914 2069 1941 eivsvnAE,arum.
2098 1910 2118 1937 f.
2154 1910 2425 1946 Appellantur-aum*

1365 2091 1393 2116 55
1415 2097 1476 2123 quae
1495 2088 1619 2122 inscripta
1638 2086 1671 2120 est
1685 2087 1821 2113 Vniuerlis
1838 2086 1934 2113 Gothis
1954 2091 1981 2113 et
1994 2086 2137 2120 Romanis,
2158 2092 2184 2112 et
2204 2086 2261 2119 his,
2278 2088 2326 2121 qui
2338 2096 2372 2122 po
2394 2099 2407 2109 ιι

1362 2263 1398 2288 60

1368 2443 1399 2476 63

1210 2622 1245 2648 Vt
1265 2624 1347 2658 igitur
1363 2633 1400 2661 70

1366 2815 1398 2843 75
1416 2813 1472 2830 rum
1487 2802 1661 2830 Phaethontis.

726 2981 774 3008 IN
794 2979 867 3006 enim
881 2979 955 3013 saepe
974 2979 1088 3013 augendi
1107 2981 1181 3007 causa
1199 2980 1351 3014 adiicimus,
1375 2982 1481 3014 80⁴fieri
1500 2991 1575 3017 regni
1595 2983 1655 3009 iura
1675 2989 1781 3011 minora
1797 2981 1848 3007 sui.

689 3693 771 3720 Plaut.
789 3693 891 3728 Fragm.
907 3704 926 3727 ι,
940 3704 952 3721 2
972 3705 1001 3721 ex
1015 3695 1087 3722 Non.
1096 3703 1119 3728 3,
1133 3703 1164 3728 43
1182 3694 1263 3729 Qiasi
1277 3696 1352 3730 lupus
1365 3703 1413 3722 100
1424 3698 1560 3734 displicet,
1575 3704 1684 3733 propter
1696 3705 1912 3724 communionem
1929 3696 1941 3723 i
1960 3701 1986 3722 et
2003 3704 2021 3722 u
2039 3695 2189 3726 literarum.
2224 3693 2293 3722 Nam

948 3730 1039 3757 quen.
1051 3731 1101 3758 Sat.
1114 3739 1139 3764 2,
1154 3739 1183 3757 αι
1202 3732 1241 3759 De
1255 3732 1355 3759 virtute

312 3805 396 3833 siilcre
404 3803 524 3830 clunibus
533 3804 584 3830 suis
592 3802 735 3837 ApulMet.
744 3805 757 3830 8
765 3810 788 3835 p.
797 3805 854 3830 208·
888 3800 1017 3828 Desiliunt
1024 3803 1052 3828 in
1060 3802 1149 3829 clunes
1156 3768 1358 3831 extremastlg'l'i'rli:

1047 3837 1165 3865 Martial.
1177 3846 1210 3871 ιι,
1219 3846 1259 3865 ioi
1280 3839 1356 3872 Qiae

314 3877 391 3906 dune
403 3874 475 3902 nudo
489 3873 577 3906 radat,
595 3874 623 3900 de
636 3874 733 3909 puelia,
750 3874 942 3906 nimiomssxili,
956 3872 1108 3911 subtilique,
1127 3880 1157 3900 vt
1168 3875 1219 3911 ipſs
1237 3875 1355 3911 loquitur.
1372 3882 1504 3911 103rum‚
1530 3885 1584 3904 non
1603 3883 1631 3905 vt
1651 3875 1772 3910 peruersa
1790 3872 2023 3909 grammaticorum
2040 3873 2172 3901 subtilitas
2187 3871 2258 3907 volu,

1413 1776 1459 1795 etc.
1481 1767 1548 1805 apud
1559 1768 1627 1794 illum
1642 1774 1720 1802 2,17.
1747 1775 1770 1799 3,
1783 1776 1823 1794 21.
1881 1768 1940 1794 Vid.
1955 1770 2086 1796 10.Rhod.
2105 1770 2140 1797 ad
2153 1770 2238 1799 Scrib.
2255 1779 2311 1807 ²79·

1448 1810 1659 1835 CLVSVIVS,
1695 1802 1748 1829 vid.
1779 1808 1955 1830 CLVSIVS.
2113 1803 2116 1804 ⁷
2236 1805 2237 1808 ’

1449 1846 1611 1870 eLvsvs‚
1647 1838 1701 1864 vid.
1724 1844 1864 1865 CLvno.

1452 1879 1737 1900 CLVSTVMINA
1761 1873 1886 1905 Tribus,
1920 1872 2150 1901 vid.'rR113vs.
2383 1871 2397 1893 ’-
2434 1874 2439 1899 l

1413 1943 1543 1978 Custodiae
1557 1946 1681 1976 limitum,
1701 1951 1775 1976 error
1791 1943 1882 1971 Suidas
1895 1946 2087 1979 interpretatur,
2102 1945 2257 1981 ἄχυρώματοι
2269 1947 2314 1974 τῢν
2327 1945 2422 1975 amem

1415 1982 1446 2008 L.
1462 1990 1473 2007 2
1501 1979 1524 2018 §.
1546 1981 1574 2007 in
1595 1979 1741 2007 Sardiniae.
1772 1980 1803 2005 C.
1818 1979 1851 2005 de
1865 1979 1910 2006 off.
1924 1980 2007 2013 praef.
2022 1986 2105 2014 praet.
2118 1982 2176 2008 Afr.
2213 1982 2242 2008 L.
2256 1991 2276 2016 4
2300 1983 2331 2010 C.
2346 1982 2379 2010 de
2391 1983 2422 2010 os

1415 2026 1484 2051 mag.
1499 2016 1543 2042 off.
1565 2023 1587 2043 et
1607 2016 1625 2042 l.
1639 2016 1687 2042 vlt.
1712 2016 1743 2042 C.
1759 2015 1792 2041 de
1806 2014 1851 2042 off.
1865 2023 1933 2049 mag.
1947 2015 2028 2041 milit.
2070 2017 2102 2042 In
2121 2017 2264 2051 quibusdam
2281 2019 2374 2054 legitur
2387 2019 2419 2044 Cl

1414 2054 1544 2079 surarum.
1589 2052 1646 2078 Vid.
1660 2052 1745 2078 Cuiac.
1761 2050 1818 2086 obs
1833 2059 1862 2083 3,
1876 2059 1909 2084 24
1936 2053 1978 2086 qui
1992 2053 2065 2076 etiam
2083 2051 2170 2078 laudat
2182 2052 2292 2079 Caffiod.
2305 2054 2381 2080 Varr.
2395 2061 2422 2087 2,
2440 2069 2442 2082 ι

1414 2123 1458 2149 vel
1473 2123 1583 2149 clusuris
1599 2124 1651 2154 (al.
1665 2122 1810 2155 clausuris)
1828 2123 1962 2156 praesunt.
1995 2121 2066 2149 Add.
2080 2122 2177 2149 pitz-oe.
2183 2121 2278 2160 siibsec.
2289 2117 2398 2151 lafita-³
2413 2115 2429 2156 ᾗ·

1800 2195 1828 2226 C
1925 2194 1951 2225 L
2049 2194 2077 2225 Y

1410 2303 1436 2328 D
1451 2270 1469 2291 c
1488 2271 1504 2291 L
1518 2272 1537 2291 Y
1550 2271 1566 2291 Β
1581 2271 1603 2290 Α
1617 2270 1639 2291 Τ
1653 2271 1664 2290 1
1678 2271 1690 2291 s
1706 2283 1715 2297 ,
1741 2263 1802 2290 idis.
1837 2264 1858 2290 f.
1901 2263 1994 2292 Herba
2015 2263 2155 2299 perdicalis
2173 2264 2253 2300 Apul.
2271 2264 2305 2292 dc
2325 2267 2370 2293 H

1438 2312 1461 2328 io
1476 2311 1496 2328 C.
1517 2310 1552 2334 4,
1574 2308 1616 2334 37.

1453 2301 1496 2363 ἑζι.
1508 2345 1525 2363 Υ
1536 2343 1560 2363 Μ
1571 2335 1588 2362 E
1599 2343 1620 2361 N
1630 2342 1647 2362 E
1657 2355 1662 2361 .
1701 2335 1854 2369 [Κλυμένη]
1892 2335 1987 2362 Oceani
2003 2341 2028 2360 et
2045 2333 2237 2370 Thetyosfilia,
2255 2334 2314 2370 teste
2326 2339 2379 2365 He

1420 2373 1573 2409 Theogonia.
1627 2370 1724 2406 Virgil.
1740 2371 1840 2406 Georg.
1853 2379 1888 2404 4,
1907 2378 1953 2404 343
1982 2371 2055 2397 Inter
2076 2378 2140 2405 quas
2153 2370 2280 2403 Clymene
2301 2381 2357 2400 cur
2370 2387 2386 2402 12

1416 2408 1492 2435 rabat
1506 2409 1621 2434 inanem.
1660 2408 1718 2434 fuit
1733 2414 1812 2433 mater
1829 2407 2001 2433 Phaethontis.
2044 2406 2102 2433 Vid.
2117 2406 2268 2434 Ouid.Met.
2277 2416 2296 2439 1,
2305 2411 2364 2443 763.
2385 2435 2387 2438 ,

1457 2449 1474 2470 c
1485 2450 1502 2469 L
1512 2451 1530 2471 Y
1540 2451 1564 2470 M
1573 2450 1588 2470 E
1598 2451 1619 2469 N
1629 2443 1647 2469 ιέ
1656 2451 1665 2469 ι
1675 2450 1687 2469 s
1696 2463 1704 2476 ,
1722 2443 1781 2469 idis.
1816 2443 1968 2475 Patronym.
2006 2441 2178 2476 [Κλυμενηιὶ]
2213 2441 2375 2476 Clymeneia·
2386 2450 2400 2473 ἶ

1416 2487 1508 2506 cantur
1528 2480 1628 2506 Sorores
1647 2479 1819 2506 Phaethontis.
1872 2478 1976 2505 Λιιᾶοι·
1991 2477 2024 2504 ad
2036 2477 2097 2504 Liu.
2111 2486 2144 2504 ιιι
2170 2478 2211 2505 Sic
2229 2478 2302 2508 fleuit
2321 2470 2428 2513 Clyfflf

1417 2515 1451 2542 fic
1465 2522 1490 2542 et
1504 2514 1689 2548 Clymeneides
1707 2515 1792 2547 altae,
1811 2521 1856 2541 etc.
1930 2515 2002 2541 Alcas
2022 2520 2110 2545 vocat,
2128 2517 2187 2550 quia
2207 2516 2236 2540 in
2245 2510 2347 2552 populos
2373 2521 2375 2523 ’
2398 2530 2403 2537 ι

1415 2559 1525 2624 mqutae
1537 2551 1656 2623 syc-runt.
1698 2552 1788 2578 Verum
1803 2550 1890 2587 Heinsl
1905 2550 1958 2577 alte
1976 2551 2055 2587 legit,
2075 2549 2262 2586 aduerbiumque
2277 2549 2311 2578 ad
2321 2553 2423 2588 proxim

1413 2597 1458 2615 'Uer
1472 2597 1511 2614 um
1532 2597 1559 2614 re
1577 2594 1623 2614 erl·
2287 2597 2290 2600 ”
2317 2607 2325 2614 a

1454 2624 1690 2655 CLYMizixiEvs,a‚
1701 2631 1757 2648 um.
1795 2621 1856 2648 Adi.
1895 2621 2077 2655 [Κλυμένειος]
2118 2622 2168 2654 Vt,
2189 2621 2252 2648 Stat.
2265 2620 2327 2650 silu.
2341 2629 2395 2656 i‚2

1731 2658 1862 2692 Qieritur
1881 2657 1933 2684 iam
1949 2658 2135 2684 Seras‘auaros
2389 2655 2413 2680 ³5·-

1574 2693 1723 2729 Augustum
1741 2693 1855 2728 spoliare
1871 2703 1972 2720 neniuS.
2017 2693 2214 2728 Clymeneaque
2230 2692 2312 2721 deefl‘e
2369 2689 2383 2699 “⁴
2442 2683 2446 2694 ⁴

1574 2729 1718 2763 Germina,
1738 2738 1786 2756 nec
1802 2729 1903 2757 virides
1920 2730 1980 2756 satis
1998 2729 2159 2757 illacrimare
2180 2729 2293 2756 sorores.

1419 2769 1438 2794 i.
1447 2767 1566 2802 populos,
1587 2776 1598 2792 e
1611 2766 1698 2802 quibus
1703 2764 1804 2800 stillare
1817 2766 1958 2802 putabatur
1972 2763 2103 2797 eleclrum,
2124 2765 2258 2802 quaesunt
2275 2766 2340 2793 Iam
2350 2762 2353 2766 ”
2367 2780 2375 2796 ¹,
2406 2783 2407 2789 ι
2442 2792 2447 2798 ,

1457 2836 1840 2871 CLYMENEivs,a,um.Adi.
1856 2835 2032 2872 [Κλυμειῆιος]
2044 2834 2333 2870 Vt,ProlesClymene’i'
2370 2844 2373 2870 ς’
2410 2849 2413 2853 ,
2431 2830 2436 2841 ’
2451 2864 2453 2871 ,

1416 2875 1477 2902 thon
1496 2874 1579 2902 Ouid.
1593 2875 1658 2901 Met.
1673 2882 1704 2907 2,
1719 2882 1755 2906 19.
2367 2889 2370 2894 ,

1455 2916 1472 2936 c
1483 2917 1499 2936 L
1509 2918 1527 2937 γ
1539 2917 1564 2936 Μ
1575 2917 1591 2937 Ε
1600 2917 1621 2936 N
1631 2917 1651 2938 o
1661 2917 1688 2937 s.
1724 2907 1884 2944 [Κλύμενος]
1921 2910 2036 2936 Plutonis
2048 2914 2232 2944 cognomentum
2244 2905 2294 2940 est,
2306 2913 2353 2944 apia
2414 2918 2418 2937 ’.

1420 2946 1488 2974 Fast.
1503 2948 1535 2979 6,
1557 2953 1608 2981 757
1635 2946 1669 2973 At
1690 2945 1832 2978 Clynienos
1852 2944 2004 2979 Clothoque
2025 2943 2131 2977 dolent,
2149 2943 2213 2970 haec
2233 2942 2278 2970 fila
2291 2952 2364 2977 ren-«5
2405 2942 2407 2945 ’
2430 2951 2433 2958 ’

1568 2982 1572 2987 “
1705 2982 1711 2987 ”
1901 2978 2022 3014 Rqslituit
2041 2987 2063 3006 et
2083 2989 2112 3005 ex
2128 2980 2230 3007 Graecis
2250 2974 2363 3013 illustra,

1420 3018 1507 3054 Heinfi
1527 3017 1562 3045 ad
1578 3018 1603 3045 h.
1621 3019 1639 3045 1.
1848 3014 1869 3056 fl
1898 3025 1914 3043 2
1951 3015 2110 3048 Clymenus,
2136 3015 2266 3042 Arcadiae
2284 3022 2346 3048 rex,
2364 3032 2365 3036 ι
2410 3013 2413 3033 t

1420 3054 1492 3081 filius
1506 3054 1606 3089 Hygin.
1625 3054 1645 3081 f.
1659 3055 1720 3080 206.
1916 3050 1937 3090 q
1959 3061 1972 3085 3
2009 3052 2154 3084 Clymenus
2169 3059 2188 3078 a
2203 3059 2265 3086 rege
2281 3049 2376 3078 herba'
2411 3051 2414 3069 ἱ

1419 3090 1472 3117 lata
1485 3090 1531 3123 est,
1552 3089 1646 3117 ederae
1659 3089 1742 3121 foliis,
1762 3088 1872 3118 ramosa,
1890 3088 1964 3115 caule
1976 3088 2060 3121 inani,
2078 3087 2197 3114 articulis
2211 3083 2377 3122 praecinat}

1421 3127 1514 3161 graui,
1530 3133 1555 3153 et
1569 3126 1668 3152 semine
1682 3125 1785 3157 ederae,
1803 3123 1963 3151 siluestribus
1978 3130 2003 3151 et
2016 3123 2162 3151 montuosis
2175 3124 2288 3150 nascens.
2305 3136 2350 3149 ·—.-
2369 3123 2380 3133 ³
2398 3139 2400 3141 ·
2420 3129 2425 3158 ’Δ

1181 3159 1268 3185 Barth.
1282 3160 1350 3188 Adu.
1369 3170 1398 3198 83
1420 3161 1567 3203 plantagini
1581 3161 1691 3189 similem
1711 3161 1760 3187 esse
1773 3159 1915 3194 dixerunt,
1936 3159 2010 3187 caule
2028 3160 2174 3196 quadrato,
2195 3156 2330 3187 cauliculis
2374 3192 2378 3200 ι
2414 3187 2425 3200 μ

1420 3207 1493 3225 mine
1515 3199 1587 3225 inter
1606 3198 1658 3224 sese
1681 3196 1804 3232 implexis
1812 3216 1820 3229 ,
1846 3196 1919 3223 velut
1939 3197 1968 3223 in
1987 3195 2147 3232 polyporum
2172 3195 2258 3222 cin-is.

1417 3235 1625 3303 2'bivfiri333ii‚
1661 3269 1805 3303 [Κλνπέα]
1841 3267 1895 3294 vid.
1914 3262 2078 3295 cn'erA.
2358 3281 2364 3295 ,-

1458 3311 1642 3333 ctvrrvm
1654 3325 1663 3337 ‚
1687 3310 1710 3331 et
1732 3309 1922 3336 CLYPEVS,
1947 3303 1966 3330 i.
2002 3313 2029 3330 n.
2050 3310 2074 3330 et
2093 3311 2129 3329 m.
2165 3301 2274 3336 [danis]
2309 3300 2378 3331 S

1414 3377 1550 3413 scribitur.
1591 3376 1732 3404 Audiamus
1745 3374 1893 3402 Charisium
1916 3375 1933 3402 l.
1948 3383 1958 3402 1
1986 3384 2009 3409 p.
2022 3383 2053 3408 59
2079 3374 2188 3409 Clipeus
2205 3371 2354 3400 masculin

1422 3414 1450 3440 in
1464 3412 1653 3447 significatione
1666 3412 1732 3438 scuti
1750 3411 1876 3447 ponitur,
1897 3417 1925 3438 vt
1939 3411 2071 3438 Labienus
2084 3410 2121 3437 ait
2135 3420 2142 3441 ς
2164 3416 2260 3436 neutro
2271 3414 2314 3436 aut
2337 3420 2347 3442 ι]

1421 3449 1566 3484 imaginem
1580 3447 1716 3483 significat.
1770 3446 1818 3474 Sed
1831 3447 1933 3473 Asinius
1969 3461 2016 3466 —
2050 3445 2194 3473 masculine
2210 3445 2278 3472 dixit
2288 3443 2353 3482 <ni-²,
2410 3469 2411 3472 ,

1421 3491 1504 3511 textae
1517 3487 1638 3522 imaginis
1668 3482 1750 3518 ofitus.
1821 3483 1853 3509 Et
1868 3483 1960 3509 Liuius
1981 3482 2010 3509 in
2023 3481 2213 3517 significatione
2227 3479 2292 3507 scuti
2302 3483 2366 3510 ἰιὶλ
2408 3512 2409 3515 ¹

1606 3521 1637 3546 Et
1670 3517 1826 3554 omponius,
1843 3518 1950 3554 Clipeam
1964 3521 1991 3544 in
2003 3517 2081 3544 medio
2094 3517 2171 3551 fixum
2185 3515 2227 3550 est.
2252 3511 2317 3550 Qi
2342 3516 2372 3550 {j

1422 3555 1501 3583 dubii
1515 3555 1642 3583 sermonis
1658 3554 1772 3582 secundo
1786 3554 1814 3580 in
1827 3553 1952 3580 distinoto
1966 3562 2062 3588 genere
2073 3552 2127 3579 dici
2139 3551 2246 3585 ait‚‘sed
2258 3551 2352 3578 litera:
2378 3561 2387 3567 *¹
2405 3570 2408 3585 ὲ

1422 3597 1451 3618 vt
1465 3591 1653 3626 pugnatoriurn
1673 3599 1719 3625 per
1737 3590 1747 3617 i
1767 3591 1870 3625 clipeum
1885 3590 2001 3617 dicamus
2011 3609 2019 3621 ,
2057 3587 2110 3615 uod
2124 3587 2160 3620 est
2178 3597 2192 3614 a
2206 3583 2348 3623 clepere‚,-i·

1423 3627 1478 3653 lare
1496 3627 1551 3662 (stc
1557 3627 1638 3663 scrib.
1648 3632 1700 3653 *non
1713 3625 1827 3653 caelare:
1844 3625 2017 3660 nam-clepere
2029 3597 2063 3658 οἵ)
2076 3622 2171 3656 celare,
2186 3616 2343 3654 occultaiejc

1423 3663 1568 3697 imaginem
1583 3670 1648 3690 vero
1667 3671 1713 3697 per
1731 3671 1749 3688 u
1767 3663 1893 3702 clupeum,
1911 3670 1926 3688 a
1943 3659 2054 3687 cluendo.
2091 3658 2138 3685 Sed
2153 3659 2216 3685 hace
2229 3656 2286 3689 diff·

1424 3734 1538 3761 dicimus
1558 3741 1585 3760 et
1598 3743 1744 3766 maxumus,
1765 3739 1791 3760 et
1802 3735 1922 3767 optimus,
1939 3728 1965 3758 e}
1977 3737 2103 3766 optuma-r,
2122 3739 2169 3756 nec
2184 3728 2293 3757 tameni

1425 3771 1463 3798 tia
1477 3769 1643 3797 secernimus.
1690 3770 1757 3799 Haec
1770 3766 1903 3801 Charifius.
1957 3767 1988 3793 Et
2001 3765 2102 3792 videtur
2114 3767 2164 3801 ipse
2177 3762 2273 3792 retra&

1425 3809 1529 3833 tentiam
1543 3805 1642 3832 Plinius
1655 3812 1691 3838 35,
1705 3813 1718 3837 3
1734 3805 1753 3831 s.
1766 3811 1786 3836 4
1805 3802 1899 3835 scutis,
1917 3800 2040 3836 q'ualibus
2055 3802 2122 3836 apud
2136 3801 2253 3829 Troiam
2263 3807 2326 3861 zu·
2341 3805 2352 3835 4ι’

1426 3840 1632 3869 continebantur
1643 3839 1772 3874 imagines
1785 3848 1792 3870 ;
1815 3837 1886 3868 vnde
1901 3843 1927 3863 et
1943 3837 2107 3874 (imagines)
2127 3845 2224 3864 nomen
2236 3835 2269 3862 ha
2312 3850 2321 3853 -
