2474 4182
267 167 330 203 103
677 149 715 187 A
770 143 806 182 D
864 141 906 180 H
1776 138 1816 179 A
1869 137 1923 194 D*
1969 136 1985 177 I
2339 151 2411 190 104

269 241 336 268 Cels.
351 249 372 273 3,
385 246 411 270 18
429 237 604 273 Qiorundam
612 235 673 263 vani
689 238 771 258 metus
784 228 890 269 leuandi
903 229 971 262 sunt,
989 228 1052 256 ficut
1067 229 1095 256 in
1109 228 1220 256 homine
1240 235 1312 267 prae·
1366 225 1438 254 Cael.
1460 225 1549 266 Aurei.
1570 228 1646 255 Acut.
1701 226 1862 262 Adulatique
1875 232 1950 254 erant
1962 226 1994 253 ab
2008 226 2125 254 inimicis
2138 233 2164 255 et
2176 227 2310 255 adhortati
2321 227 2415 255 Hemi-

270 277 353 303 diuite
375 277 471 302 famem
492 275 601 300 timente
622 269 730 299 incidit,
758 275 800 291 cui
815 264 925 292 subinde
940 265 1019 292 falsae
1033 265 1191 292 hereditates
1209 270 1314 290 nuntia·
1366 271 1401 289 na
1417 271 1456 296 ap.
1472 261 1594 289 Priscian.
1609 268 1622 293 8
1641 272 1666 297 p.
1680 270 1737 297 791.
2162 261 2167 267 '

270 313 380 340 bantur:
401 309 567 345 quorundam
587 304 692 333 audacia
712 300 856 341 coercenda
867 300 920 334 est,
938 301 1001 328 ficut
1016 302 1045 328 in
1057 301 1097 328 his
1111 301 1156 333 fit,
1176 301 1204 326 in
1217 299 1315 335 quibus
1405 303 1609 324 ADHORTO.
1644 297 1796 325 Adhortaui
1816 298 1874 326 Cic.
1896 306 1946 333 pro
1973 296 2053 324 Arch.
2080 302 2111 328 28
2130 308 2151 325 c.
2171 308 2193 326 u
2212 306 2242 326 vt
2261 299 2350 327 habe-„t
2368 307 2415 325 me.
2450 292 2453 297 “

270 346 436 375 continendis
455 345 544 375 Plagae
558 347 662 375 quoque
677 336 845 363 adhibentur.
881 338 1002 374 Loquitur
1017 337 1045 363 de
1057 337 1154 373 insanis
1170 335 1316 362 hominibus.
1366 336 1442 362 liores
1462 331 1547 359 Codd.

272 386 396 417 Pompam
424 381 451 406 in
472 374 589 405 dicende.
632 372 690 399 l'nl.
709 382 765 399 mox
785 373 906 408 speciem.
942 373 998 400 Cic.
1012 372 1065 399 Off.
1086 381 1095 399 ι
1108 393 1116 405 ,
1130 380 1162 407 73
1201 381 1222 397 c.
1238 380 1264 398 21
1286 371 1316 396 In
1334 375 1349 403 5
1406 373 1696 402 ADHORTATxo,
1714 369 1782 396 onis.
1813 369 1832 394 f.
1859 368 2058 404 [ἐγκέλευσμα]
2070 367 2142 395 ειᾶιιε
2153 368 2321 397 adhortandi.
2359 368 2418 396 Cic,

272 418 397 445 omnibus
417 416 492 441 rebus
513 412 663 445 priusquam
683 408 843 443 aggrediaris
862 409 1010 435 adhibenda
1023 408 1059 434 est
1071 407 1238 442 Praeparatio
1256 406 1317 432 dili·
1370 406 1403 432 de
1417 405 1491 432 Orat.
1505 413 1530 436 2,
1545 412 1567 429 11
1586 411 1630 435 c.3
1648 404 1748 431 Omiss'a
1760 404 1848 432 nostra
1859 404 2057 437 adhortatione,
2077 404 2110 432 ad
2124 413 2219 430 eorum
2237 415 2303 439 quos
2322 413 2418 440 propo·
2428 399 2435 406 ⁸

273 463 342 489 gens.
380 452 416 478 ld.
436 451 466 475 dc
481 449 540 473 Nat.
556 446 635 470 Deor.
652 453 671 476 ι,
685 453 696 476 3
736 445 811 478 Qud
826 445 862 471 est
875 445 947 479 quod
967 444 1034 470 vllos
1049 444 1100 470 diis
1120 441 1318 469 immortalibus
1371 441 1481 473 suimus,
1503 441 1662 470 sermonem,
1681 439 1938 475 disputationemque
1952 441 2098 467 veniamus.
2135 439 2205 467 Add.
2218 440 2278 467 Liu.
2296 449 2322 474 9,
2337 449 2371 473 13.

274 490 368 519 cultus,
388 487 509 512 honores,
528 481 616 506 Preces
630 479 819 507 adhibeamus?
855 481 911 506 Cic.
926 481 979 506 Att.
994 488 1031 512 12,
1045 488 1064 512 4
1088 480 1176 511 Cura,
1197 478 1318 509 obsecro,
1410 484 1432 504 A
1442 483 1489 503 ΒΗ
1503 483 1521 503 0
1531 483 1549 502 R
1559 483 1579 502 T
1590 481 1678 501 ATv.
1714 476 1790 510 Apul.
1808 476 1885 511 Apol.
1896 486 1920 511 p.
1934 482 1982 507 228
2002 477 2065 503 Meo
2073 476 2224 503 adhortatu.

274 531 302 551 vt
320 524 417 549 valeas:
453 524 564 550 eamque
578 525 658 550 qnam
676 516 708 542 ad
722 525 814 542 onmes
831 525 871 542 res
882 515 1005 547 adhibes,
1026 515 1054 541 in
1067 515 1161 550 primis
1176 514 1207 540 ad
1225 521 1321 540 conua-
1409 519 1487 539 ΑΒΗ
1497 519 1515 539 o
1525 519 1543 538 R
1553 518 1573 537 'r
1583 512 1605 537 ,Δί
1614 517 1638 536 M
1648 516 1665 536 E
1675 517 1713 542 N,
1732 512 1793 538 inis.
1819 521 1846 538 n.
1883 512 1956 540 Idem
1971 513 2020 548 Ap.
2035 512 2105 540 Flor.
2119 521 2138 545 4
2164 512 2230 539 Non
2248 509 2332 536 multa
2350 508 2420 536 mihi

275 557 417 585 lescendum
438 551 535 578 adhibe
554 551 733 578 prudentiam.
777 554 922 586 Purpuram
940 551 1060 578 buccinis
1083 553 1101 576 i.
1120 550 1245 576 admouet-2·
1258 558 1320 574 com-
1332 555 1363 574 ιο
1374 548 1443 584 apud
1459 557 1506 574 vos
1525 545 1709 574 adhortamina
1722 547 1869 582 suppetunt.

268 591 379 630 parandi
393 588 465 624 causti
487 587 596 621 Qiinet.
610 597 647 620 12,
663 597 702 619 ιε),
718 589 759 622 76.
816 588 944 621 Querelas
959 586 1086 613 adhibere
1100 586 1198 612 Tibul.
1211 594 1235 617 3,
1250 591 1320 618 4,75.
1411 590 1518 610 ΑΒΗΟ
1528 590 1577 610 RT
1588 584 1638 609 ᾹΤ
1648 589 1666 608 o
1677 588 1707 613 R,
1723 582 1886 617 [ἔγκελενςνὶς]
1906 583 1962 616 Qui
1975 582 2140 610 adhortatur.
2160 583 2221 610 Liu.
2236 589 2262 616 7,
2277 588 2307 612 32
2326 580 2422 607 Vtrum

274 629 327 655 Cic.
345 627 370 651 in
384 625 467 651 Bruto
481 626 525 650 261
558 624 651 650 Caesar
665 630 753 650 autem
767 624 908 650 Rationem
928 622 1056 649 adhibens
1066 641 1075 654 ,
1102 620 1323 648 consuetudinem
1375 620 1424 653 qui
1438 618 1584 645 audiendus
1598 618 1722 644 duntaxat
1734 618 1886 652 magnificus
1899 619 2055 646 adhortator
2069 619 2108 652 lit,
2117 618 2207 645 verbis
2221 625 2324 645 tantum
2337 615 2423 649 ferox,

274 662 396 689 vitiosam
410 666 436 686 et
456 666 624 694 corruptam,
645 668 710 694 pura
724 665 749 685 ct
776 660 929 693 incorrupta
948 657 1138 685 consuetudine
1157 655 1322 683 emendabat.
1376 663 1487 689 operum
1498 654 1658 681 militarium
1671 661 1777 688 expers:
1795 662 1827 680 an
1840 655 1897 689 qui,
1917 661 1966 682 etc.
2012 657 2046 681 It.
2062 664 2088 687 2,
2102 660 2129 689 58
2143 662 2167 680 et
2179 663 2205 687 9,
2222 663 2255 686 ¹3-

273 700 308 730 Q
334 697 389 723 Cic.
406 696 438 722 de
457 696 534 722 Petit.
556 696 634 722 Cons.
657 704 683 722 12
710 694 749 721 Ad
761 694 829 720 -hanc
842 704 898 720 rem
912 694 1037 720 adhibeas
1053 694 1150 719 necesse
1165 693 1200 718 est
1215 699 1322 718 omnem
1413 697 1463 717 AD
1473 698 1521 717 ΗΟ
1531 697 1543 716 S
1553 698 1567 717 Ρ
1577 699 1586 717 1
1596 697 1617 716 Τ
1629 697 1647 717 0
1657 709 1665 722 ,
1686 693 1739 716 are.
1777 690 1889 716 Martem
1907 696 1987 726 atque
2005 691 2186 717 Concordiam
2199 689 2290 716 multis
2305 685 2426 714 immola-

272 734 412 759 Rationem
420 738 445 758 et
453 732 551 758 Curam
560 738 584 757 ct
592 731 732 757 Laborem.
761 730 867 756 Adhibe
881 738 905 757 te
919 730 951 756 ad
958 738 1048 756 veram
1058 726 1323 763 Rationem,filbaud.
1337 730 1363 756 15
1374 725 1495 752 tionibus
1516 725 1565 751 sibi
1576 725 1780 760 adhospitauere
1789 725 1860 752 Diet.
1881 726 1952 752 Cret.
1970 729 1988 753 i.
2007 728 2183 753 conciliarunt.

272 768 474 803 intelligendam
496 769 599 794 Lucret.
620 776 639 799 1,
654 769 698 799 46.
720 768 777 792 Cic.
787 767 815 792 in
824 767 916 797 Erum,
933 786 940 792 .
963 786 968 792 .
1003 765 1071 791 Vide
1084 774 1117 791 ne
1130 765 1229 798 religio
1243 762 1323 788 nobis
1413 767 1562 794 ADHVC,
1582 762 1675 796 [μέχρι
1687 761 1760 795 rin,
1780 762 1885 796 προσέτι,
1900 761 1986 796 εἰσέτι]
2006 762 2073 789 Adit.
2089 764 2224 797 temporis,
2253 756 2427 801 igizficarisad
2462 782 2466 792 Ἰ,

271 811 325 831 tam
345 803 494 831 adhibenda
506 804 544 834 fit,
564 812 643 837 quam
657 803 673 828 ti
689 802 870 829 testimonium
884 802 1040 828 diceremus.
1086 801 1142 827 Cic.
1157 800 1189 825 ad
1204 798 1298 825 Oftau.
1312 805 1324 823 1
1374 796 1420 822 hoc
1433 803 1537 830 tempus.
1573 796 1656 823 Plaut.
1675 796 1789 823 Trucul.
1804 805 1832 829 4,
1845 804 1869 828 3,
1880 805 1914 822 20
1931 798 2106 825 Conueniunt
2121 797 2205 824 adhuc
2218 802 2357 830 Vtriusque
2369 801 2440 820 verr
2460 793 2461 796 ’

272 840 354 867 Nulla
380 840 497 866 remedia
520 848 587 873 quae
613 838 767 865 vulneribus
787 837 963 869 adhibentur,
995 843 1048 863 tam
1067 837 1169 863 faciunt
1190 834 1324 865 dolorem,
1377 831 1420 858 ba.
1459 832 1516 858 Cic.
1534 832 1587 858 Att.
1600 839 1627 866 7,
1642 841 1670 858 12.
1693 834 1778 859 Vnam
1792 831 1875 858 adhuc
1888 840 1904 858 a
1916 838 1942 859 te
1953 833 2092 868 epistolam
2105 841 2267 868 acceperam.
2305 832 2336 858 Et
2355 830 2432 862 Fam...
2461 823 2465 845 ⁸

291 885 352 903 uam
366 885 433 911 quae
447 876 504 901 sunt
519 874 649 901 salutaria.
688 875 744 900 Cic.
759 873 812 900 Off.
830 882 849 906 1,
864 882 898 906 99
920 872 1077 900 Adhibenda
1092 872 1127 898 est
1142 871 1224 905 igitur
1244 877 1322 904 quae·
1380 869 1407 899 6,
1423 875 1454 900 14
1473 868 1528 901 Ego
1542 873 1631 894 tamen
1642 868 1749 896 Caesari
1762 877 1810 903 pro
1823 874 1859 900 te,
1877 866 1942 894 ficut
1954 868 2039 896 adhuc
2056 870 2120 902 feci,
2138 867 2302 904 supplicabo.
2355 866 2435 893 Haeo*
2461 878 2464 895 ;

272 886 331 939 dam
347 911 505 938 Reuerentia
519 911 641 937 aduersus
656 910 787 941 homines,
807 916 832 935 et
847 910 942 943 optimi
957 909 1093 942 cuiusque,
1113 901 1466 940 et1·eliquorum.2oadhuc
1489 903 1545 929 Cic.
1564 903 1618 929 Att.
1634 911 1662 936 5,
1681 912 1723 930 20.
1778 905 1812 930 Vt
1832 903 1913 929 celata
1930 903 2015 931 adhuc
2033 905 2069 932 est
2090 906 2159 933 Ter.
2171 905 2277 931 Phorm.
2296 912 2325 937 4,
2348 909 2372 935 3,
2384 909 2435 928 20..
2460 899 2464 930 ι’

272 949 328 975 Cic.
342 947 394 975 Off.
408 957 434 979 2,
449 956 485 980 24
504 947 552 973 Sed
566 947 608 979 iis,
628 946 675 980 qui
690 947 717 972 vi
731 946 862 980 oppress'os
876 945 991 978 imperio
1005 947 1138 975 coercent,
1157 942 1187 968 fit
1208 942 1267 967 sane
1281 939 1324 966 ad·
1381 940 1441 972 Qia
1455 946 1548 973 pugna
1557 938 1627 965 nihil
1640 938 1725 966 adhuc
1738 939 1773 965 est
1785 938 1905 966 nobilius
1924 939 1994 973 Nep.
2010 949 2030 973 1,
2038 949 2066 974 5,
2079 949 2101 974 5.
2143 938 2283 975 Quicquid
2304 937 2340 964 est
2358 945 2428 964 com·

272 984 388 1011 hibenda
402 984 530 1010 Saeuitia:
570 990 597 1008 vt
618 982 688 1008 heris
709 982 736 1007 in
756 981 881 1012 famulos,
909 981 926 1006 ti
942 981 1020 1006 aliter
1041 980 1126 1005 teneri
1145 987 1200 1004 non
1213 977 1325 1012 possunt.
1378 975 1484 1001 miffum
1496 974 1593 1008 adhuc,
1611 974 1695 1002 Pietas
1707 981 1818 1001 vocetur
1831 976 1887 1002 Sen.
1901 974 1973 1001 Med.
1987 983 2050 1009 904.
2086 976 2156 1005 Add,
2172 977 2245 1004 Caes,
2266 975 2294 1002 Β,
2309 974 2340 1001 C.
2360 981 2386 1005 2,
2399 976 2436 1007 322

273 1021 328 1047 Cic.
343 1020 437 1053 Qiint.
452 1020 536 1045 Fratr.
558 1027 575 1047 ι,
591 1027 598 1043 1
613 1027 633 1043 c.
650 1022 663 1046 8
693 1017 830 1049 Pei-magni
844 1015 963 1042 hominis
983 1015 1034 1048 est,
1062 1015 1095 1041 fic
1109 1015 1140 1041 Se
1154 1013 1283 1040 adhibere
1297 1013 1327 1038 in
1381 1017 1405 1036 et
1418 1019 1441 1043 3,
1455 1018 1494 1044 57.
1654 1007 1674 1051 fl
1695 1019 1711 1038 2
1731 1011 1835 1043 Adhuc,
1845 1017 1894 1046 pro
1904 1012 1993 1043 Etiam,
2005 1013 2046 1039 vel
2059 1013 2197 1040 Praeterea.
2235 1007 2430 1038 Cic.inLaelio

272 1062 343 1082 tanta
357 1056 491 1090 potestate,
511 1060 538 1079 vt
551 1054 623 1079 nulla
636 1052 686 1078 alia
702 1052 812 1087 potestas
827 1051 860 1078 ab
874 1052 907 1077 iis
921 1051 1018 1086 quibus
1032 1050 1135 1086 praesit,
1156 1049 1327 1076 delideretur.
1382 1055 1413 1078 32
1426 1055 1447 1072 c·
1462 1054 1479 1079 9
1503 1044 1601 1073 Ortum
1619 1045 1732 1079 quidem
1750 1046 1884 1073 amicitiae
1896 1046 2004 1079 videtis,
2021 1047 2071 1073 nifi
2084 1048 2241 1083 quidadhuc
2257 1048 2329 1073 forte
2341 1043 2434 1073 vulti&

273 1092 307 1119 Id
319 1097 360 1125 est,
373 1090 447 1127 stsfi'
462 1099 553 1126 gerere.
590 1089 647 1114 Cic.
661 1088 692 1113 de
706 1088 815 1114 Amicit.
838 1108 844 1113 .
860 1108 866 1113 .
887 1088 936 1114 His
953 1087 1029 1114 fiftus
1044 1086 1076 1114 ad
1091 1095 1185 1112 eornm
1205 1086 1327 1119 volupta-
1338 1088 1370 1114 25
1383 1083 1447 1108 Sunt
1468 1081 1552 1107 adhuc
1571 1081 1678 1115 aliquae
1695 1090 1750 1107 non
1768 1082 1932 1109 omittendae
1951 1083 1980 1109 in
1995 1091 2064 1110 auro
2081 1083 2248 1111 differentiae
2269 1083 2336 1109 Plin.
2355 1088 2393 1114 33,
2419 1075 2434 1086 '⁴

272 1135 326 1154 tem
339 1127 432 1154 Sermo
445 1135 527 1160 quum
542 1124 693 1156 adhibetur,
713 1124 864 1149 orationem
880 1123 953 1150 illam
967 1132 1071 1154 vanam,
1091 1122 1275 1149 testimonium
1289 1120 1326 1146 es·
1389 1117 1447 1144 Viti.
1468 1124 1491 1143 ct
1506 1116 1616 1150 Quintil.
1630 1125 1656 1148 9,
1671 1125 1695 1149 3,
1709 1122 1741 1147 80
1761 1120 1790 1144 it.
1805 1125 1832 1152 7,
1846 1127 1866 1151 1,
1880 1121 1911 1150 36
1924 1125 1969 1144 etc.
2129 1118 2151 1158 ff
2179 1129 2192 1153 3
2221 1118 2325 1150 Adhuc,
2350 1117 2410 1143 Com

274 1164 299 1190 se
318 1162 424 1189 laudum
445 1163 549 1188 suarum
567 1168 666 1194 putant.
704 1160 761 1186 Cic.
776 1160 807 1186 de
824 1159 923 1186 Sene&
938 1162 975 1193 46
995 1169 1015 1186 c.
1031 1168 1061 1192 14
1086 1159 1116 1185 Et
1130 1159 1152 1185 is
1174 1158 1265 1184 Sci-mo
1279 1156 1328 1191 qui
1381 1156 1522 1180 mationem
1541 1154 1659 1187 temporis
1672 1153 1781 1179 denotat.
1827 1153 1896 1180 Ter.
1915 1153 2022 1180 Phorm.
2042 1162 2072 1187 3,
2093 1162 2114 1187 1,
2137 1163 2162 1188 ις
2183 1155 2274 1182 Adhuc
2289 1151 2397 1188 tranqui
2437 1167 2439 1173 ·

273 1208 349 1227 more
363 1199 498 1226 maiorum
511 1205 525 1223 a
539 1197 641 1222 summo
655 1196 780 1230 magistro
793 1195 936 1222 adhibetur
949 1196 978 1222 in
993 1194 1104 1230 poculis.
1141 1195 1197 1221 Cic.
1221 1193 1253 1219 dc
1269 1193 1328 1219 Fin.
1383 1198 1424 1216 res
1438 1189 1482 1215 cst.
1520 1187 1601 1215 Plaut.
1614 1188 1705 1214 Pseud.
1720 1198 1748 1222 4,
1762 1195 1789 1223 72
1802 1196 1837 1223 77
1873 1205 1883 1211 -
1903 1205 1912 1211 -
1929 1206 1939 1212 -
1957 1191 2013 1216 tun’
2026 1189 2108 1216 hodie
2145 1192 2181 1218 Ex
2194 1191 2305 1224 Sicyone
2319 1189 2370 1216 huc
2392 1184 2394 1186 ’
2422 1182 2428 1194 ³

273 1244 294 1267 ι,
308 1243 342 1267 24
356 1244 376 1260 c.
390 1242 407 1268 7
428 1235 518 1266 Qium
532 1232 603 1260 illain
619 1233 791 1258 Seueritatein
807 1232 834 1257 in
848 1240 880 1257 eo
895 1232 952 1257 filio
966 1231 1100 1263 adhibuit,
1120 1238 1199 1264 quem
1215 1230 1242 1255 in
1266 1228 1328 1254 ado·
1383 1224 1498 1255 venisti?
1524 1225 1559 1250 H.
1580 1223 1634 1250 alto
1653 1223 1739 1251 adhuc
1759 1224 1882 1251 meridie.
1926 1226 2007 1252 Ouid.
2021 1226 2099 1261 Epist.
2114 1228 2152 1260 16,
2167 1229 2215 1260 263
2251 1243 2261 1248 -
2281 1243 2290 1248 -
2311 1242 2321 1248 -
2340 1196 2444 1254 Affl

274 1271 393 1306 ptionem
407 1270 437 1295 D.
452 1269 540 1294 Silano
555 1268 777 1301 ema-ncipauerat,
796 1273 823 1294 vt
836 1276 897 1293 eum
910 1267 1088 1294 Macedonum
1103 1266 1194 1300 legatis
1209 1265 1328 1291 accusan-
1338 1271 1370 1296 30
1384 1267 1429 1287 tua
1442 1259 1523 1286 mellis
1538 1260 1567 1286 in
1581 1259 1662 1286 herba
1677 1260 1721 1286 est.
1758 1261 1790 1286 Et
1804 1270 1856 1286 cum
1870 1261 1977 1288 Futuro:
1996 1263 2053 1298 Ipse
2067 1263 2184 1297 pauculis
2198 1261 2282 1289 adhuc
2298 1260 2392 1288 diebus
2403 1259 2443 1288 in'
2460 1275 2467 1286 .-

272 1306 360 1337 tibus,
379 1304 452 1340 quod
469 1304 591 1339 pecunias
612 1305 762 1330 Praetorem
776 1303 804 1329 in
823 1304 963 1337 prouincia
976 1303 1068 1337 cepisse
1082 1307 1222 1336 arguerent
1233 1321 1242 1333 ,
1269 1308 1329 1326 cau-
1383 1296 1541 1323 Tusculano
1556 1295 1745 1323 commorabor
1757 1296 1824 1323 Plin.
1839 1306 1860 1330 4
1873 1297 1918 1331 Ep.
1932 1305 1967 1330 13,
1983 1306 2002 1325 1.
2038 1299 2124 1325 Vnam
2138 1308 2195 1326 rem
2208 1297 2293 1325 adhue
2310 1295 2390 1324 adiici
2424 1292 2428 1301 ¹

274 1343 327 1368 sam
342 1341 411 1376 apud
427 1341 452 1367 se
465 1340 552 1367 dicere
568 1339 680 1365 iuberet.
717 1340 775 1365 Hos
789 1339 876 1366 castris
892 1339 989 1365 adhibe
1003 1339 1097 1371 socios,
1111 1345 1136 1363 et
1150 1337 1259 1364 foedera
1268 1336 1327 1362 iun-
1383 1333 1442 1360 sen.
1463 1332 1500 1359 N.
1517 1333 1555 1365 Q
1566 1341 1594 1365 4,
1610 1337 1631 1361 8.
1811 1329 1832 1395 ῗ
1852 1340 1871 1365 4
1897 1334 2069 1368 Comparatiuo
2086 1329 2211 1372 iungitur.
2245 1333 2376 1361 Punctum

274 1386 305 1412 ge
324 1378 399 1412 Virg.
414 1378 478 1403 Aen.
494 1381 517 1407 8,
540 1378 579 1408 56.
617 1375 714 1402 Solatia
735 1375 801 1401 Plin.
816 1375 894 1409 Epist.
917 1384 937 1407 1,
952 1384 988 1401 12.
1038 1375 1110 1401 Caes.
1125 1373 1190 1400 Bell.
1206 1371 1288 1399 Ciuil.
1302 1380 1329 1404 2,
1383 1368 1457 1404 quod
1472 1368 1601 1401 viuimus,
1620 1373 1645 1393 et
1657 1366 1741 1393 adhuc
1759 1368 1818 1402 paul
1832 1377 1848 1394 o
1866 1368 1956 1395 minus
1979 1369 2037 1396 Sen.
2050 1371 2094 1405 Ep.
2109 1380 2154 1405 49.
2192 1370 2245 1397 Cui
2263 1369 2364 1405 gloriae
2380 1368 2432 1404 am}

273 1419 287 1444 ε
308 1414 458 1440 Hominum
480 1412 601 1439 adhibita
621 1411 728 1437 solertia
747 1412 887 1437 inuentum
908 1411 960 1443 est,
982 1419 1080 1445 magno
1100 1410 1148 1435 etl'c
1170 1409 1230 1435 vsui
1250 1408 1328 1443 poss'e.
1383 1405 1455 1440 pli-or
1468 1404 1552 1430 adhuc
1566 1413 1596 1431 ex
1610 1403 1810 1438 opportunitate
1824 1404 1944 1431 cumulus
1958 1405 2055 1432 acceffit
2068 1407 2138 1434 Suet.
2153 1406 2224 1434 Tib.
2241 1407 2313 1433 c.16.
2348 1403 2434 1433 Maio·

274 1450 330 1477 Cic.
339 1449 371 1476 de
379 1450 453 1476 Orat.
462 1457 488 1481 2,
505 1468 510 1474 .
528 1468 534 1473 .
553 1447 601 1473 Sed
610 1447 736 1473 adhibere
744 1446 875 1481 quandam
885 1447 912 1472 in
920 1446 1033 1473 dicendo
1041 1446 1154 1481 speciem
1166 1452 1246 1481 atque
1255 1453 1329 1478 pom·
1341 1449 1369 1475 35
1383 1450 1413 1468 re
1426 1440 1512 1467 adhuc
1524 1447 1549 1466 et
1564 1441 1685 1474 turpiore
1699 1440 1810 1466 infamia
1824 1441 1945 1474 flagrauit
1963 1440 2002 1467 ld.
2017 1441 2054 1468 ib.
2071 1451 2092 1468 c.
2108 1451 2154 1475 44.
2209 1443 2246 1470 Vt
2258 1440 2329 1470 mihi
2346 1439 2433 1470 videa.-

273 1494 343 1521 pam,
366 1492 391 1511 et
407 1492 509 1519 pugnae
524 1483 635 1509 ssmilem
652 1483 751 1517 fugam.
800 1483 926 1509 Stimulos
944 1483 1049 1509 Lucret.
1066 1491 1086 1514 3,
1101 1490 1170 1514 ¹032-
1220 1481 1277 1507 Cic.
1299 1480 1328 1506 in
1384 1484 1427 1504 tur
1442 1476 1540 1503 melior
1554 1476 1639 1502 adhuc
1652 1476 1792 1510 priuignus
1806 1477 1855 1505 effe
1874 1485 1954 1511 quam
1973 1476 2044 1503 filius
2069 1477 2196 1513 Calpurn.
2216 1478 2300 1506 Flacc.
2317 1475 2382 1504 decl.
2399 1478 2438 1504 aa*

274 1522 357 1548 Bruto
371 1529 408 1554 151
430 1521 495 1546 Non
507 1518 584 1545 facile
599 1527 678 1553 quem
693 1517 808 1544 dixerim
823 1518 879 1552 plus
894 1518 984 1550 studii,
1004 1527 1083 1553 quam
1100 1517 1187 1548 illum,
1208 1522 1234 1543 et
1247 1515 1279 1542 ad
1288 1515 1327 1542 di·
1382 1522 1423 1575 pr.
1439 1522 1464 1547 p-
1477 1518 1527 1542 818·
1564 1511 1657 1538 Adhuc
1670 1512 1828 1539 concitatior
1837 1511 1948 1546 Qine‘i.
1960 1521 1987 1545 2,
2001 1521 2036 1546 15,
2049 1518 2089 1543 28.
2267 1511 2289 1552 ff
2309 1521 2322 1546 5
2342 1510 2450 1543 Adhuc·

273 1556 402 1588 cendum,
428 1562 458 1581 vet
479 1555 509 1581 ad
531 1563 621 1580 omnes
640 1554 771 1580 bonarum
787 1563 876 1580 rerum
893 1552 1208 1588 dit'ciplinasadhibuille.
1267 1551 1327 1578 Cic.
1393 1557 1504 1575 ocorum
1518 1567 1527 1580 ,
1566 1547 1647 1573 eadem
1667 1547 1754 1584 figura
1782 1558 1830 1584 qua
1854 1549 1960 1574 dicimus
1988 1548 2283 1584 Vbiquelocorum,et
2297 1548 2360 1576 Nus
2374 1543 2435 1576 uani

273 1592 388 1627 Philipp.
404 1600 436 1623 11,
451 1594 468 1617 6
501 1591 597 1624 Neque
616 1590 747 1616 Antonius
767 1590 846 1615 vllius
861 1590 986 1624 supplicii
1005 1588 1161 1622 adhibendi,
1183 1588 1200 1614 fi
1214 1587 1327 1622 potesta·
1381 1585 1503 1619 gentium
1516 1582 1598 1609 Plaut.
1614 1584 1689 1618 Capt.
1704 1592 1729 1616 2,
1739 1593 1761 1617 3,
1775 1592 1806 1617 25
1824 1586 1859 1610 Vt
1878 1584 1962 1610 adhuc
1975 1584 2098 1612 locorum
2121 1585 2197 1618 feci,
2216 1586 2313 1612 faciam
2334 1585 2360 1610 se
2380 1576 2438 1612 ulo}

273 1635 327 1656 tem
340 1628 445 1660 haheat,
462 1626 541 1653 vllam
557 1633 657 1660 partem
676 1626 712 1651 est
733 1625 883 1651 relielurus.
925 1625 981 1652 Cic.
1003 1625 1056 1652 Off.
1072 1633 1092 1658 1,
1112 1645 1118 1650 .
1140 1645 1147 1651 .
1177 1623 1372 1654 Adhibebit40
1418 1626 1663 1647 ADHVCCINE·
1683 1619 1837 1646 Adhuccine
1855 1620 1982 1648 miserum
1994 1621 2181 1648 istumafinum
2193 1615 2436 1657 iugifuroreiaohi
2454 1638 2455 1642 .

272 1665 304 1692 ad
318 1662 515 1691 contiderandas
534 1671 575 1688 res
593 1668 618 1687 et
632 1669 733 1696 tempus
752 1668 777 1687 et
789 1661 966 1695 diligentiam.
1017 1661 1086 1687 Ter.
1101 1659 1209 1687 Phorm.
1224 1670 1253 1693 4,
1268 1667 1290 1693 5,
1309 1668 1327 1686 2
1379 1656 1407 1684 ri
1423 1656 1555 1684 credimus
1578 1654 1659 1691 Apul.
1671 1656 1737 1683 Met.
1751 1665 1769 1690 9
1780 1665 1806 1691 p.
1821 1651 1874 1687 2¹18.
2420 1650 2425 1657 ’

273 1702 332 1727 Hoc
345 1708 444 1726 temere
457 1707 592 1733 nunquam
607 1698 727 1723 amittant
742 1705 791 1732 ego
804 1705 819 1722 a
831 1705 884 1729 me,
904 1697 971 1731 quin
989 1697 1060 1723 mihi
1079 1696 1153 1723 testes
1174 1695 1326 1722 adhibeam.

273 1738 365 1770 Qium
380 1735 453 1761 dem:
474 1741 499 1760 et
513 1733 687 1769 quamobrem
702 1733 771 1765 dem,
791 1731 1018 1758 commemorabo.
1072 1732 1129 1758 Cic.
1143 1731 1175 1757 de
1185 1732 1242 1757 Fin.
1255 1740 1281 1763 2,
1289 1733 1327 1765 67
1799 1731 1828 1763 A
1901 1731 1932 1764 D
2005 1731 2020 1763 1

273 1772 331 1799 Nec
347 1771 441 1797 Testes
454 1770 521 1796 vllos
535 1779 548 1794 e
561 1769 638 1795 claris
652 1769 728 1799 viris,
747 1777 793 1793 nec
810 1768 969 1793 Laudatores
978 1767 1077 1800 poterit
1091 1767 1228 1793 adhibere.
1264 1767 1324 1793 Cic.
2351 1778 2354 1781 -

273 1807 326 1833 Off.
341 1815 363 1839 3,
376 1816 414 1838 44
432 1814 497 1844 ⁶1¹0
528 1805 618 1836 Qum
640 1811 706 1828 vero
723 1802 813 1841 iurato
833 1802 960 1827 sententia
979 1801 1090 1827 dicenda
1104 1802 1150 1835 fit,
1171 1802 1326 1829 meminerit
1337 1809 1372 1835 45
1418 1805 1637 1832 ADIABENE,
1668 1799 1715 1826 Vel
1725 1805 1803 1826 totam
1815 1798 1944 1834 Afflriam
1957 1806 2031 1827 notat
2046 1800 2114 1827 Plin.
2128 1807 2152 1833 5,
2166 1807 2195 1827 12
2209 1798 2347 1827 Adiabene
2366 1796 2434 1837 ΑΠ’·
2451 1813 2453 1819 ·

273 1841 351 1868 deum
366 1842 391 1867 se
403 1839 530 1866 adhibere
544 1839 644 1865 testem.
699 1837 759 1864 Liu.
773 1840 816 1869 26,
830 1845 860 1869 25
879 1838 929 1863 Eos
947 1846 1002 1863 vno
1021 1837 1127 1863 tumulo
1146 1844 1327 1872 contegerent,
1381 1835 1424 1863 ria
1441 1841 1501 1862 ante
1517 1834 1602 1862 dieta:
1621 1835 1662 1861 vel
1669 1842 1770 1870 partem
1783 1835 1964 1868 nobiliffimam,
1982 1836 2020 1862 Id.
2035 1838 2062 1870 6,
2075 1845 2099 1868 13
2120 1835 2257 1863 Adiabene
2271 1835 2434 1868 'Assyriorum
2444 1848 2450 1862 v

272 1877 485 1911 adhiberentque
500 1875 615 1901 humatis
634 1873 760 1905 titulum,
798 1880 817 1899 Η
829 1880 836 1899 ι
847 1880 863 1900 C
887 1880 969 1900 SITI
1010 1880 1022 1899 s
1033 1879 1115 1899 VNT
1146 1879 1252 1899 Aean
1263 1880 1326 1899 NA-
1382 1871 1504 1903 initium,
1528 1871 1602 1896 cuius
1623 1879 1683 1905 pars
1696 1870 1732 1897 est
1752 1866 1891 1904 Arbelitis,
1911 1871 1961 1899 vbi
1978 1872 2091 1899 Darium
2112 1871 2262 1899 Alexander
2282 1870 2432 1898 debellauit.

273 1921 297 1940 N
307 1920 322 1939 F.
332 1921 344 1940 s
353 1933 362 1946 ,
383 1919 432 1939 etc.
470 1912 527 1938 Cic.
541 1910 596 1937 Off.
611 1918 634 1947 3,
648 1919 670 1934 c.
685 1917 701 1940 9
727 1908 776 1934 Sed
789 1914 915 1944 tanquam
928 1914 1063 1935 tormenta
1075 1907 1204 1943 quaedam
1219 1907 1328 1935 adhibe·
1420 1913 1441 1931 A
1452 1913 1470 1931 D
1481 1912 1568 1932 IABE
1580 1913 1638 1938 Ni,
1664 1910 1716 1932 eius
1736 1910 1847 1947 regionis
1866 1909 1970 1935 incolae.
2026 1908 2096 1935 Tac.
2110 1908 2161 1934 An.
2174 1916 2212 1941 12,
2226 1917 2251 1941 13
2269 1906 2452 1941 Transmiffivl

273 1957 332 1976 mus
360 1948 388 1974 de
408 1947 554 1973 dilemmate.
595 1946 679 1970 Plaut.
702 1943 810 1969 Poenul.
825 1952 847 1976 5,
863 1952 885 1976 5,
898 1950 926 1976 38
946 1946 1002 1972 Cur
1015 1954 1071 1970 non
1083 1943 1246 1975 adhibuisti,
1265 1943 1329 1969 dum
1383 1948 1460 1967 amne
1474 1940 1560 1973 Tigri
1574 1947 1711 1974 permeant
1727 1942 1889 1969 Adiabenos.
2427 1937 2436 1946 ”

275 1985 337 2012 haec
351 1982 500 2018 loquereris
513 1980 688 2019 tympaniin1{
702 1978 781 2019 intell.
795 1985 824 2004 vt
837 1987 860 2004 te
877 1979 972 2018 Gallum
992 1986 1016 2004 et
1032 1980 1179 2013 seminis-um
1201 1979 1244 2013 eff?
1279 1987 1329 2004 are·
1342 1987 1374 2012 50
1421 1983 1443 2003 Α
1453 1983 1471 2003 D
1480 1984 1489 2002 1
1498 1983 1520 2001 A
1529 1982 1545 2002 B
1555 1982 1571 2002 E
1581 1983 1601 2002 N
1610 1983 1620 2002 1
1629 1983 1646 2003 c
1655 1983 1676 2002 v
1687 1984 1699 2003 s
1708 1996 1716 2009 ,
1737 1980 1764 2003 in
1777 1978 1968 2014 Cognominibus
1976 1980 2139 2014 Imperatoris
2149 1979 2239 2010 Seueri,
2253 1977 2281 2004 de
2293 1968 2432 2015 quoSextss
2441 1986 2451 2009 l·

273 2023 348 2048 reris.
408 2019 464 2045 Cic.
478 2016 530 2044 Off.
550 2025 571 2049 3,
587 2021 614 2049 58
635 2016 691 2048 Qu
707 2015 841 2041 orationis
855 2019 999 2041 vamtatem
1012 2013 1201 2040 adhibuerunt.
1238 2015 1249 2038 Ι
1283 2013 1330 2044 est,
1385 2011 1471 2036 Rufus
1491 2019 1547 2043 cap.
1566 2020 1604 2037 21.
1660 2011 1812 2039 Adiabenos
1832 2013 1932 2040 deleuit
1944 2028 1979 2034 —
1993 2015 2063 2040 Huic
2083 2015 2244 2049 cognomina
2262 2023 2294 2041 ex
2313 2013 2370 2042 vi&
2407 2009 2410 2012 ⁴

275 2058 350 2084 Vana
368 2055 406 2082 vfi
432 2054 490 2080 sunt
517 2052 649 2079 oratione.
707 2051 764 2076 Cic.
791 2050 916 2077 Hortens.
942 2049 1095 2075 Doniitores
1115 2056 1247 2083 equorum
1264 2048 1330 2072 Ver·
1385 2043 1500 2077 quaefita
1513 2044 1587 2072 sunt;
1606 2053 1667 2070 nam
1685 2048 1837 2081 Parthicus,
1857 2049 2035 2076 Adiabenicus
2053 2056 2079 2078 et
2101 2049 2229 2077 Arabicus
2243 2049 2280 2076 est
2301 2059 2369 2085 cogn
2440 2014 2451 2086 Ι

274 2092 339 2119 bera
352 2090 479 2117 adhibent
493 2088 524 2115 ad
538 2086 709 2114 domandum.
756 2086 812 2112 Cic.
832 2085 884 2112 Off.
898 2094 911 2117 3
927 2094 948 2111 c.
962 2094 993 2117 30
1012 2084 1093 2118 Qxali
1105 2092 1172 2110 vero
1185 2083 1252 2109 forti
1267 2082 1329 2108 viro
1385 2085 1470 2105 natus.
1489 2076 1552 2117 adst&
1565 2077 1799 2111 1nscripnGrueer1·
1810 2091 1834 2114 p.
1849 2091 1867 2108 r.
1883 2093 1915 2109 11.
1930 2094 1972 2110 22.
1986 2092 2036 2112 etc.
2366 2100 2374 2106 ι
2417 2073 2422 2078 ’

276 2129 317 2155 vis
331 2126 404 2162 possit
418 2125 550 2152 adhiberi.
565 2123 634 2151 ΑΜ.
650 2131 698 2157 pro
711 2122 818 2149 Caecin.
831 2130 867 2154 49
889 2122 920 2147 Et
928 2119 1150 2157 prmfirtimillud
1162 2128 1211 2154 pro
1220 2120 1244 2146 S.
1254 2118 1330 2144 Rosc.
1423 2120 1473 2141 AD
1484 2120 1493 2139 1
1504 2120 1525 2139 A
1535 2119 1551 2140 C
1561 2118 1619 2145 EO,
1640 2114 1679 2144 ui,
1700 2116 1753 2139 ere.
1772 2115 1943 2149 [ποόσκειμαι]
1964 2119 2039 2144 quta
2051 2121 2094 2146 vel
2113 2130 2198 2155 prope
2215 2122 2302 2148 iacere
2337 2119 2430 2150 Liuia,

276 2173 302 2197 3¹
322 2164 387 2190 Non
400 2162 483 2197 potest
498 2161 554 2187 vim
568 2159 637 2186 mihi
651 2159 782 2185 maiorem
797 2157 924 2184 adhibere
944 2163 1029 2183 metus
1047 2164 1127 2191 quam
1145 2155 1219 2181 fides.
1273 2153 1332 2180 Cic.
1346 2159 1374 2186 55
1388 2158 1433 2183 49.
1489 2149 1596 2189 GenteS,
1616 2156 1684 2183 quae
1702 2158 1775 2175 mare
1793 2142 1861 2176 illud
1875 2150 1994 2177 adiacent
2009 2152 2079 2185 Nep.
2094 2161 2128 2184 13,
2141 2163 2167 2186 2,
2182 2163 2201 2180 1.
2257 2157 2363 2182 Tuscus
2420 2161 2433 2180 ι·

276 2209 326 2234 pro
340 2200 415 2225 Caec.
436 2206 471 2231 42
491 2197 582 2223 Maior
600 2194 722 2222 adhibita
741 2194 782 2219 vis
798 2194 839 2225 ei,
861 2193 934 2219 cuius
948 2194 1052 2219 animus
1065 2192 1232 2227 perterritus,
1252 2198 1333 2224 quam
1388 2187 1510 2212 Romano
1524 2184 1634 2211 adiacet·
1679 2185 1785 2211 Colum·
1806 2193 1816 2211 1
1831 2193 1873 2221 pr.
1888 2194 1917 2211 10
1935 2186 2026 2212 Noete
2038 2188 2094 2213 sera
2112 2187 2218 2213 foribus
2236 2188 2347 2220 ingratia
2365 2197 2380 2214 a
2399 2190 2436 2216 ia-

275 2235 327 2268 illi,
347 2234 421 2261 cuius
435 2242 530 2267 corpus
542 2232 722 2258 vulneratum.
748 2232 766 2255 i.
794 2229 987 2265 Virumsortem
1006 2231 1062 2265 cogi
1075 2236 1124 2254 non
1132 2226 1216 2263 poſjb:
1242 2233 1271 2252 vt
1290 2228 1334 2261 qui
1387 2230 1456 2249 cere.
1510 2221 1599 2253 Et12,
1621 2229 1645 2252 1,
1660 2221 1824 2260 22Adiacens
1840 2221 2021 2255 complexibus
2040 2222 2165 2248 feminae.
2219 2221 2351 2256 Qtinetil.
2373 2229 2394 2253 1,
2408 2225 2435 2254 6,

275 2272 342 2298 nihil
360 2279 408 2297 non
418 2268 606 2306 spomefaciat.
642 2266 705 2293 Vim
718 2265 829 2292 veritati
844 2265 903 2292 Cic.
915 2273 965 2299 pro
977 2264 1106 2298 Qiintio.
1124 2283 1133 2290 ..
1156 2283 1162 2290 .
1187 2263 1333 2289 Virtutem.
1384 2267 1420 2298 23-
1439 2256 1522 2297 Rtha
1536 2255 1648 2296 eti—haec
1665 2265 1718 2283 Via.
1772 2257 1839 2290 Qiis
1853 2258 1946 2292 negat?
1976 2257 2025 2284 Sed
2043 2257 2143 2285 adiacet
2160 2263 2189 2283 et
2207 2257 2318 2284 mollior
2335 2262 2361 2284 et
2380 2265 2435 2283 ma-

283 2307 341 2334 Vid.
366 2305 445 2343 supra
466 2305 634 2331 Grauitatem
663 2301 801 2329 adhibere.
858 2301 948 2328 Vsum.
983 2301 1044 2327 Cic.
1074 2299 1170 2327 Studio
1208 2297 1333 2324 adhibito
1386 2303 1426 2329 gis
1440 2300 1512 2333 trita.
1547 2291 1612 2319 Plin.
1626 2299 1667 2327 37,
1685 2301 1701 2325 9
1722 2292 1739 2318 s.
1761 2300 1791 2326 52
1814 2292 1843 2321 de:
1861 2293 1982 2320 Ceraunia
1993 2303 2102 2330 gemma,
2133 2293 2244 2328 Aliquas
2256 2300 2316 2320 ante
2330 2293 2356 2319 se
2374 2301 2452 2327 pro-.

277 2349 303 2370 et
317 2343 373 2369 vsu.
415 2342 526 2367 Vocem.
563 2339 622 2366 Fid.
636 2338 716 2375 supra
731 2337 894 2364 Memoriam
925 2336 1062 2363 adhibere.
1114 2334 1229 2361 Vincula
1241 2333 1332 2360 alicui.
1342 2334 1378 2358 60
1389 2329 1460 2356 iccio
1482 2336 1572 2355 nitore
1595 2327 1740 2355 adiacentia
1766 2328 1904 2356 illustrare.
1963 2330 1994 2356 Et
2016 2336 2045 2362 5,
2071 2337 2104 2362 30
2139 2329 2313 2364 Hellesponto
2333 2327 2435 2355 adiacet
2472 2326 2474 2330 '

279 2378 359 2406 Ouid.
375 2386 396 2410 3.
417 2377 484 2404 Fast.
498 2385 546 2409 293
567 2376 625 2403 Nec
642 2375 694 2401 fine
706 2373 860 2401 viti-adem:
882 2372 980 2400 adhibe
993 2379 1021 2398 tu
1029 2371 1137 2398 vincula
1147 2371 1238 2405 captis.
1271 2369 1334 2396 Cic.
1388 2366 1488 2393 Troas.
1525 2366 1555 2390 Et
1572 2365 1599 2397 6,
1620 2371 1649 2399 17
1669 2365 1686 2390 s.
1705 2372 1733 2392 21
1758 2364 1885 2391 Indorum
1896 2374 1959 2399 gens
1971 2374 2027 2391 non
2039 2365 2095 2391 Eoo
2108 2370 2210 2391 tantum
2223 2364 2293 2391 mari
2305 2363 2448 2397 adiacem,·

278 2414 310 2442 de
326 2415 388 2441 Nat.
402 2413 484 2440 Deor.
498 2422 520 2445 3,
541 2414 576 2444 69
601 2413 634 2437 Vt
648 2411 742 2437 vinnm
761 2409 876 2444 aegrotis
890 2409 954 2444 quia
966 2407 1072 2443 prodest
1090 2416 1169 2439 raro,
1187 2410 1268 2432 nocet
1282 2406 1334 2432 sae·
1387 2410 1483 2429 verum
1502 2406 1528 2426 et
1547 2400 1705 2428 meridiano.
1752 2400 1880 2427 Adiacens
1900 2400 1986 2428 insula
2002 2401 2105 2432 dicitur,
2125 2410 2185 2437 quae
2202 2399 2237 2434 est
2257 2402 2335 2436 Prope
2353 2399 2434 2434 aedes,

278 2451 393 2485 piffime,
422 2448 518 2475 melius
539 2447 575 2474 est
595 2456 649 2474 non
663 2445 792 2473 adhibere
805 2445 934 2478 omnino,
966 2453 1048 2480 quam
1067 2444 1110 2479 spe
1128 2442 1225 2469 dubiae
1245 2441 1334 2468 salutis
1388 2447 1438 2465 non
1451 2444 1532 2465 tamen
1546 2434 1676 2463 cmziunela
1689 2440 1815 2463 contextui
1826 2436 2001 2473 aea'fficiorum.
2025 2436 2043 2462 l.
2060 2444 2085 2469 15
2105 2434 2128 2473 §.
2143 2445 2174 2470 14
2194 2437 2227 2462 D.
2241 2435 2273 2463 de
2287 2435 2384 2462 damno
2393 2435 2434 2463 in-
2452 2443 2455 2449 '

277 2489 307 2514 in
326 2492 443 2521 apertam
457 2484 602 2520 perniciem
624 2483 768 2509 incurrere.
804 2481 886 2509 Ouid.
894 2482 985 2508 Amor.
1000 2489 1032 2513 2,
1052 2488 1092 2512 13,
1112 2486 1137 2512 15
1161 2480 1221 2506 Huc
1234 2476 1335 2504 adhibe
1388 2472 1471 2500 ἰεὲὶο.
1507 2474 1575 2500 Item
1587 2472 1653 2508 quid
1664 2472 1781 2499 dicemus
1794 2472 1812 2499 ti
1826 2472 1910 2499 insula
1921 2472 2041 2500 adiacens
2055 2472 2149 2498 domui
2165 2472 2265 2498 vitium
2276 2471 2386 2498 faciat}—

280 2523 383 2554 Vultus,
403 2528 428 2547 et
441 2522 470 2547 in
483 2529 534 2547 vna
541 2528 618 2555 parce
631 2518 749 2545 duobus:
770 2518 841 2545 Nam
849 2517 932 2544 vitam
941 2516 1066 2543 dominae
1073 2523 1102 2542 tu
1110 2514 1195 2548 dabis,
1205 2513 1334 2541 illamihi.
1347 2509 1378 2542 65
1424 2516 1473 2536 AD
1483 2517 1493 2536 1
1503 2515 1550 2536 AC
1560 2515 1730 2541 V1.ATvs‚
1751 2517 1775 2541 a,
1793 2517 1847 2535 um.
1888 2508 2040 2536 Adiaculati
2066 2507 2180 2543 fulgoris
2200 2507 2290 2536 radios
2315 2506 2446 2536 amhn.

317 2562 534 2588 ADHIBENS,
566 2553 842 2586 abfflBENDvs,
866 2550 1113 2584 amunia-vs,
1144 2551 1239 2578 Partic.
1273 2550 1334 2585 Pas-
1389 2544 1746 2580 reMart.Capellazp.4r.
2442 2551 2444 2558 .

2433 725 2445 732 κ

2042 1761 2045 1773 l

274 2593 322 2629 fim
339 2596 388 2619 iam
400 2591 564 2618 laudauimus.
606 2590 674 2617 Attii.
694 2590 826 2616 Adhibito
840 2590 987 2624 Interprete
1019 2588 1095 2615 Curt.
1111 2592 1134 2619 8,
1150 2595 1188 2620 12,
1203 2595 1230 2620 9.
1255 2593 1279 2612 et
1294 2594 1334 2618 10,
1423 2582 1673 2613 ΑυιΑΝοιῗΤΑ,
1689 2578 1857 2614 [damiam]
1881 2580 1959 2613 Qiae
1976 2579 2068 2606 verbis
2086 2585 2191 2615 aperta,
2218 2579 2337 2606 occultos
2349 2578 2440 2607 sennis»

280 2639 303 2664 3,
317 2632 342 2656 6.
362 2628 436 2664 Conf.
450 2635 477 2662 7,
494 2635 527 2660 11,
542 2629 567 2653 6.
587 2626 656 2652 Suet.
673 2626 756 2660 Calig.
770 2635 786 2653 2
805 2625 892 2652 Nullo
906 2624 1031 2652 adhibito
1043 2623 1134 2650 modo.
1388 2617 1487 2645 habent
1506 2616 1633 2650 Qiinetil.
1649 2621 1671 2649 8,
1686 2623 1711 2647 2,
1724 2623 1768 2643 20.
2390 2631 2406 2642 ,,
2446 2633 2457 2641 „

316 2673 336 2693 A
353 2671 372 2692 D
386 2671 407 2690 11
424 2671 433 2690 1
448 2670 464 2690 Β
479 2670 489 2690 1
503 2670 524 2690 Τ
540 2670 550 2690 1
564 2669 600 2694 ο,
627 2661 694 2688 anis.
737 2661 756 2687 f.
784 2661 893 2688 Marcel.
919 2662 992 2696 Emp.
1013 2669 1069 2696 cap.
1084 2666 1109 2693 ι,-
1130 2656 1275 2686 Adhibitio
1290 2665 1334 2683 cu-
1425 2658 1662 2685 ADIANTVM,
1677 2651 1695 2677 i.
1710 2660 1735 2677 n.
1750 2648 1885 2684 [οῖδίκντον]
1904 2650 1988 2689 Herba
1996 2647 2068 2677 dit‘i‘a
2079 2647 2256 2684 αόαειδιαίνω,
2276 2649 2342 2686 quod
2340 2649 2439 2687 solid-n

279 2701 454 2729 curbitamm.
1344 2692 1379 2720 70
1388 2692 1440 2716 eius
1452 2698 1516 2728 ‹sq-ua
1531 2687 1657 2725 perfusum
1676 2696 1725 2713 non
1745 2685 1874 2722 maiitfim,
1891 2685 2159 2722 Jrccofimperfimile.
2219 2687 2269 2713 Vul
2286 2695 2298 2713 ο
2318 2680 2439 2722 (3891Πωῦ

315 2744 336 2765 Α
346 2743 365 2764 D
374 2742 394 2762 H
404 2743 413 2762 1
423 2742 445 2761 N
454 2741 476 2761 N
484 2740 522 2760 10
531 2753 540 2766 ,
565 2733 604 2759 fui
614 2753 621 2765 ,
648 2734 733 2765 itum,
757 2733 798 2757 ire
824 2731 1030 2767 [προχρεμετῖζω
1041 2731 1053 2765 ]
1081 2731 1204 2767 Equorum
1223 2725 1271 2761 est,
1291 2729 1336 2764 qui
1389 2726 1500 2752 Veneris
1515 2724 1617 2751 dicitur.
1651 2724 1691 2752 Sic
1704 2725 1767 2748 enim
1781 2726 1861 2748 vertit
1878 2723 2032 2749 Theodorus.
2078 2723 2178 2749 Mentio
2191 2724 2244 2748 eius
2257 2696 2323 2750 Piin.
2335 2715 2436 2760 22574122

280 2773 385 2809 equabus
398 2770 560 2799 adhinniunt,
580 2772 597 2794 i.
606 2767 641 2794 ad
652 2777 693 2794 eas
715 2768 843 2797 hinniunt,
856 2767 973 2794 videlicet
987 2771 1080 2793 coitum
1094 2771 1253 2801 appetentes:
1274 2765 1336 2799 quin
1388 2768 1431 2796 27,
1451 2769 1489 2792 13:
1507 2767 1531 2786 et
1548 2765 1587 2794 28,
1606 2767 1639 2787 11.
1673 2757 1749 2794 Apul.
1765 2758 1796 2785 de
1811 2757 1896 2785 Herb.
1912 2766 1967 2792 cap.
1987 2765 2032 2792 47.
2045 2765 2068 2791 5¹
2087 2764 2111 2784 et
2123 2765 2167 2792 97.
2228 2765 2231 2769 ¹
2395 2780 2399 2789 ,

280 2816 304 2836 et
320 2816 393 2844 equae
407 2806 473 2843 ipsae
485 2802 610 2832 interdum
623 2807 691 2840 equis
710 2803 871 2830 adhinniunt.
907 2801 973 2828 Plin.
988 2809 1025 2834 35,
1046 2810 1074 2828 ιο
1101 2802 1227 2835 Namque
1247 2798 1333 2826 ambi-
1424 2804 1446 2823 A
1456 2803 1473 2823 D
1484 2803 1493 2823 1
1504 2800 1686 2828 ΑΡΗΘΕῙΑ,
1721 2793 1797 2830 Qtafi
1811 2801 1837 2821 tu
1852 2793 2061 2821 induferentiam
2080 2793 2159 2827 dicas,
2175 2790 2326 2829 Ἀδιοιφορίσι.
2374 2791 2436 2827 ffic...

280 2851 309 2871 tu
331 2842 448 2870 aemulos
470 2840 622 2876 praeualere
641 2838 774 2871 sentiens,
806 2837 969 2872 singulorum
989 2836 1105 2872 picturas
1126 2835 1242 2863 induetis
1257 2834 1333 2870 equis
1388 2832 1467 2860 Acad.
1483 2840 1597 2866 2,130c.
1616 2839 1652 2866 4²
1674 2830 1794 2858 Aristoni
1813 2831 1945 2857 summum
1964 2829 2066 2856 bonum
2083 2829 2136 2861 est,
2167 2829 2196 2855 in
2215 2827 2256 2855 his
2275 2828 2354 2856 rebus
2368 2826 2435 2862 riht-l

280 2879 405 2907 ostendit.
447 2876 548 2912 Apellis
562 2881 662 2902 tantum
682 2883 752 2909 equo
771 2873 956 2900 adhinniuere.
1001 2871 1081 2899 Ouid.
1100 2872 1132 2898 de
1151 2873 1215 2898 Arte
1235 2871 1294 2897 Am.
1310 2879 1332 2903 1,
1344 2871 1376 2899 75
1386 2875 1455 2895 tram
1480 2869 1509 2894 in
1528 2874 1628 2903 partem
1643 2867 1765 2900 moueri,
1793 2875 1861 2902 quae
1884 2865 2052 2901 Adiaphoria
2073 2865 2107 2892 ab
2127 2865 2185 2900 ipso
2204 2864 2310 2892 dicitur.
2437 2869 2449 2874 ·’

282 2922 331 2947 280
350 2914 478 2942 Foemina
485 2911 624 2947 cornipedi
637 2911 738 2945 semper
751 2909 873 2936 adhinnit
889 2918 967 2944 equo.
1014 2907 1090 2935 Idem
1102 2907 1134 2934 de
1147 2908 1222 2934 Rem.
1238 2907 1332 2933 Amor.
1385 2905 1442 2932 Cic.
1471 2905 1523 2931 Att.
1537 2913 1563 2938 2,
1578 2911 1616 2940 17.
2376 2931 2378 2934 y

282 2955 333 2986 634
352 2950 440 2978 Fortis
453 2958 536 2984 equus
549 2948 620 2974 visae
643 2947 742 2981 semper
762 2944 884 2972 adhinnit
905 2953 997 2979 equae.
1159 2940 1180 2980 q
1209 2950 1225 2969 2
1251 2943 1334 2968 Meta-
1423 2945 1700 2968 AD1APH0R0N.
1729 2938 1827 2965 cicero
1845 2936 1878 2964 de
1890 2937 1948 2964 Fin.
1962 2945 1991 2970 3,
2017 2944 2044 2971 53
2065 2945 2087 2963 c.
2101 2938 2130 2963 16
2153 2935 2235 2971 Quod
2255 2933 2344 2963 illicia*
2357 2934 2365 2945 ¹

299 2989 352 3015 hor.
389 2985 539 3013 Adhinnire
552 2983 641 3018 pollini
656 2991 705 3017 ego
718 2981 841 3017 equulam
855 2980 920 3007 hanc
929 2981 1011 3006 Plaut.
1028 2978 1091 3006 Cist.
1106 2987 1134 3012 4,
1146 2987 1173 3011 2,
1186 2983 1223 3010 83.
1259 2977 1332 3004 Pucl-
1386 2976 1487 3008 dicunt,
1508 2976 1535 3003 id
1543 2976 1612 3003 mihi
1626 2975 1662 3002 ita
1672 2974 1799 3007 occurrit,
1818 2980 1847 3000 vt
1860 2973 2014 3001 indifferens
2033 2973 2158 2999 dicerem.
2207 2971 2266 3000 Vid.
2290 2971 2356 2999 Gell.
2416 2975 2436 3007 ε’,

277 2995 315 3051 fis
328 3021 484 3050 adhinniuit
496 3019 622 3047 moechus
642 3017 717 3045 Pnid.
731 3017 790 3044 adu.
810 3016 956 3049 symmach.
979 3025 998 3047 1,
1012 3020 1048 3048 58.
1093 3013 1199 3048 August.
1222 3012 1256 3040 de
1274 3022 1332 3039 mo-
1386 3012 1456 3040 Add.
1471 3013 1546 3039 Varr.
1562 3021 1601 3047 ap.
1615 3011 1688 3039 Non.
1701 3019 1726 3043 2,
1741 3018 1792 3042 ¹03-
1829 3010 1886 3037 Sen.
1900 3010 1947 3044 Ep.
1960 3014 1991 3040 82
2009 3007 2193 3036 Indifferentia
2208 3008 2345 3043 ponimus,
2380 3012 2384 3013 ⁷
2472 3031 2474 3035 .

283 3059 336 3086 rib.
350 3057 467 3086 Manich.
489 3065 515 3089 2,
537 3064 565 3088 19
584 3054 707 3081 Vidimus
721 3059 773 3080 tres
787 3052 885 3079 eleetos
905 3057 957 3078 tres
975 3051 1088 3078 feminas
1112 3049 1239 3084 petulanti
1259 3049 1331 3084 gestu
1341 3050 1373 3076 80
1386 3046 1507 3083 ἀδιάφοροι
1531 3047 1627 3075 Graeci
1657 3051 1762 3074 vocant.
2377 3063 2380 3067 .
2399 3048 2402 3050 ·

285 3094 435 3121 adhinnire.
472 3091 574 3119 Arnob.
588 3099 606 3124 4
631 3099 654 3125 p.
673 3097 712 3122 ¹33
731 3089 880 3116 Mercurius
893 3088 1010 3123 primus,
1030 3087 1077 3121 qui
1100 3086 1129 3112 in
1150 3086 1332 3119 Proserpinam
1424 3089 1718 3116 ADIATREPslA,
1737 3090 1775 3108 ae.
1799 3081 1818 3108 s.
1839 3078 2023 3116 [Ἀδιατμψία]
2045 3078 2122 3116 Quafi
2133 3077 2434 3109 tuinconuertibilitm,

286 3130 384 3157 dicitur
397 3127 556 3164 genitalibus
569 3126 744 3153 adhinniuiss‘e
761 3124 898 3151 subrectis.
935 3125 966 3150 Et
981 3130 993 3155 5
1014 3132 1038 3157 p.
1053 3130 1099 3156 172
1119 3121 1148 3148 de
1165 3123 1221 3148 Ioue
1235 3122 1333 3147 Etiam·
1387 3118 1468 3151 dicas,
1483 3119 1647 3154 Impudentia‚
1660 3119 1802 3146 Pertinacia
1816 3119 1894 3143 animi
1906 3119 1934 3143 in
1941 3114 2030 3153 sac‘h's
2041 3115 2164 3151 turpibus.
2218 3114 2297 3142 Nihil
2310 3107 2432 3150 magistu.
2452 3126 2456 3131 ·

285 3174 318 3192 ne
333 3165 360 3191 in
373 3172 493 3197 matrem,
513 3165 626 3190 etiamne
640 3162 669 3189 in
682 3161 765 3188 filiam
778 3160 880 3187 efferati
894 3158 1008 3194 pet‘toris
1020 3157 1229 3193 appetitionibus
1241 3156 1335 3183 adhin-
1387 3161 1480 3182 natura
1493 3155 1536 3181 sua
1549 3155 1656 3182 laudare
1667 3155 1702 3187 se,
1722 3162 1750 3181 ac
1781 3152 1886 3186 robare,
1908 3161 1987 3188 quam
2000 3150 2189 3186 adiatrepfian‚
2213 3150 2323 3178 dicebat·
2392 3153 2397 3155 “
2423 3151 2441 3180 ”,

286 3201 373 3228 uiuit?
411 3201 467 3227 Cic.
482 3201 510 3226 in
522 3200 608 3226 Pison.
627 3201 661 3231 69
680 3207 702 3224 c.
716 3202 747 3227 28
766 3197 858 3231 Itaque
872 3194 1034 3222 admissarius
1048 3193 1105 3226 iste,
1124 3193 1281 3227 simulatque
1289 3201 1334 3219 au·
1387 3193 1413 3218 Ia
1427 3190 1493 3226 apud
1503 3191 1572 3217 Suet.
1585 3199 1628 3224 29.
1659 3192 1747 3218 Praei-e
1772 3192 1803 3221 ’1,
1827 3188 2013 3215 Immaniffima
2025 3187 2095 3214 faeta
2102 3185 2214 3221 augebat
2226 3187 2362 3214 atrocitate
2370 3188 2431 3220 ψ,

287 3237 357 3263 diuit
369 3245 384 3262 a
399 3234 559 3270 Philosopho
572 3234 737 3269 voluptatem
749 3237 886 3266 tantopere
898 3230 1016 3263 laudari,
1037 3229 1105 3256 nihil
1120 3229 1264 3264 expiscatus
1283 3228 1333 3255 est:
1345 3230 1374 3259 85
1388 3226 1497 3254 borum.
1558 3228 1657 3254 Veteres
1667 3226 1729 3254 libri
1745 3226 1820 3252 multi
1837 3224 2056 3251 inuerecundiam
2073 3222 2187 3256 addunt,
2199 3221 2254 3258 Jiue
2270 3232 2287 3249 a
2303 3220 2429 3257 Suewfflfi
2451 3242 2454 3246 .
2471 3231 2474 3246 1

288 3273 321 3300 sic
334 3273 393 3298 suos
402 3271 487 3297 sensus
499 3270 664 3305 voluptarios
675 3277 767 3296 omnes
780 3267 912 3299 intimuit,
927 3266 960 3293 fic
974 3265 1006 3292 ad
1020 3265 1093 3292 illius
1103 3264 1169 3291 hanc
1182 3265 1334 3291 orationem
1379 3261 1434 3298 flue
1445 3272 1460 3289 a
1488 3261 1631 3295 Gloffiitore.
2413 3264 2415 3269 ⁴
2427 3252 2430 3270 ⁸

288 3306 438 3338 adhinniit‚
464 3312 492 3332 vt
505 3315 559 3332 non
574 3306 727 3340 magistrum
742 3304 868 3335 virtutis,
894 3302 937 3329 sed
950 3301 1088 3328 au&orem
1100 3300 1223 3328 libidinis
1236 3309 1251 3326 a
1264 3301 1289 3326 se
1303 3300 1335 3326 il·
1413 3306 1447 3326 ,Α
1461 3305 1479 3325 D
1495 3305 1504 3324 1
1520 3305 1536 3325 E
1550 3306 1567 3326 e
1581 3306 1603 3326 T
1617 3305 1627 3326 1
1640 3304 1677 3331 ο,
1700 3303 1724 3324 A
1738 3303 1758 3324 D
1773 3303 1783 3323 1
1796 3302 1814 3324 Ε
1828 3303 1845 3324 C
1860 3303 1881 3324 Τ
1897 3303 1908 3323 1
1922 3302 1944 3323 v
1957 3302 1978 3323 V
1993 3303 2023 3329 S,
2053 3284 2272 3327 Anlzs'coevz
2291 3291 2330 3320 ὓι.
2349 3294 2353 3298 ”
2367 3283 2434 3323 W
2471 3298 2474 3319 1

288 3345 342 3371 111111
359 3343 496 3369 inuentum
507 3341 691 3374 arbitraretur,
715 3343 734 3367 i.
753 3341 794 3368 sic
810 3338 912 3376 gautfits
925 3336 959 3372 ist
977 3341 1090 3365 oratione
1108 3346 1168 3374 quae
1180 3334 1336 3372 praesidium
1389 3340 1413 3362 A
1428 3340 1447 3361 D
1462 3341 1471 3360 1
1488 3341 1497 3360 1
1512 3340 1529 3360 C
1545 3341 1553 3361 ι
1571 3340 1605 3362 0.
2120 3356 2124 3359 t
2376 3331 2394 3363 s„
2426 3325 2429 3367 ζ
2472 3344 2474 3353 1

285 3379 387 3407 libidini
394 3377 455 3415 suae
464 3374 612 3413 praestaret.
1426 3376 1447 3396 Α
1463 3376 1482 3396 1)
1497 3366 1507 3394 i
1523 3376 1543 3396 G
1559 3377 1577 3397 o
1587 3390 1595 3403 ,
1613 3368 1666 3404 Egi,
1680 3367 1778 3400 aetum,
1792 3368 1845 3394 ere.
1864 3366 1974 3401 [ἄνκγκᾶ
1984 3366 2017 3400 ia,
2030 3364 2164 3401 βιάζομαι]
2190 3363 2283 3399 Verfisr
2292 3359 2427 3408 104·qu
2466 3357 2474 3389 t*

323 3422 372 3443 An
395 3419 479 3442 Hoc.
509 3412 568 3439 Vid.
596 3419 616 3438 A
626 3419 653 3439 n.
1343 3412 1380 3438 90
1407 3414 1457 3431 uem
1470 3413 1550 3441 agere.
1587 3405 1668 3433 Plaut.
1683 3402 1774 3431 Bacch.
1789 3411 1811 3436 ς,
1824 3411 1850 3435 2,
1863 3412 1875 3435 3
1896 3403 1964 3436 Qis
1998 3411 2023 3430 as
2031 3401 2081 3430 huc
2088 3408 2151 3426 oues
2165 3398 2271 3435 adegit?
2306 3396 2428 3460 Sicvffla·
2461 3394 2474 3422 ’,1

324 3455 532 3478 annotinas
543 3454 602 3480 (πο,
623 3447 759 3474 adhorrui.
780 3445 938 3482 [ἓκιφρῖττω]
956 3443 1036 3472 Ouid.
1053 3443 1085 3470 ad
1099 3443 1205 3470 Liuiam
1215 3450 1257 3468 221
1277 3442 1334 3477 Ipse
1390 3414 1421 3467 it.
1437 3441 1468 3467 R.
1484 3449 1509 3473 2,
1524 3449 1546 3474 ς,
1560 3443 1589 3468 16
1636 3439 1717 3474 Adigi
1739 3446 1846 3474 oportet
1872 3438 1996 3466 lactentes
2015 3437 2048 3465 ad
2063 3441 2169 3463 matres.
2309 3431 2330 3473 q
2346 3440 2391 3471 a...
2420 3428 2452 3469 {2
2472 3429 2474 3446 ²

289 3494 362 3522 pater
375 3485 451 3512 flanis
464 3483 621 3517 Tyberinus
636 3483 775 3510 adhorruit
788 3482 874 3515 vnclis,
893 3484 911 3508 i.
930 3480 974 3508 Ad
981 3479 1095 3517 peditum
1116 3485 1140 3505 et
1159 3481 1268 3515 equitum
1285 3479 1335 3505 cla·
1383 3478 1528 3512 plerumque
1540 3477 1573 3502 ad
1585 3479 1636 3503 vim
1646 3478 1766 3512 pertinet.
1785 3484 1810 3501 υ.
1830 3483 1855 3512 g.
1891 3475 1959 3502 Plin.
1973 3475 2011 3506 16,
2026 3480 2053 3499 ιο
2069 3471 2086 3497 s.
2100 3479 2134 3497 20
2169 3471 2201 3497 In
2214 3470 2296 3506 ipsam
2307 3467 2425 3499 ιιι-Μ’.
2461 3471 2474 3483 ’·

290 3532 377 3549 morsm
389 3522 496 3548 horruit.
533 3519 579 3547 scd
595 3520 628 3544 111.
651 3518 796 3545 inhorruit.
1389 3512 1477 3539 clauus
1492 3520 1581 3539 aereus
1602 3512 1731 3547 adigatur.
1787 3510 1861 3537 Idem
1877 3517 1959 3546 17,-17
1996 3507 2024 3534 Si
2041 3506 2157 3533 vastiore
2178 3515 2255 3534 ramo
2278 3505 2331 3541 pali
2347 3499 2421 3532 1110110

328 3565 348 3584 Λ
359 3564 376 3583 11
386 3564 406 3583 Η
417 3564 436 3583 o
446 3563 465 3583 R
475 3562 496 3582 T
506 3562 524 3582 0
535 3561 553 3581 R
564 3575 571 3587 ,
588 3554 637 3580 ari.
657 3554 801 3588 [ἐγκελεύω]
821 3551 894 3580 valde
907 3552 1014 3580 hortari.
1050 3548 1125 3583 Qiid
1146 3548 1183 3575 cst
1195 3547 1269 3575 aliud
1284 3548 1334 3584 igi.
1388 3553 1499 3575 exacuto
1513 3547 1633 3583 adigatur
1646 3547 1713 3580 alte,
1731 3546 1829 3581 exiguo
1842 3547 1920 3582 super
1931 3550 2029 3571 terram
2041 3541 2139 3569 relicto
2153 3542 2247 3577 capite.
2282 3540 2341 3568 Col.
2352 3544 2376 3574 ς,
2387 3535 2425 3577 Ιᾳ’
2472 3547 2474 3551 ’

292 3598 335 3619 tur
346 3592 480 3619 adhortari
495 3590 672 3618 adolescentes
681 3609 688 3621 ,
716 3597 744 3615 vt
758 3589 920 3621 turbulenti,
947 3594 976 3614 vt
996 3584 1110 3614 seditiosi
1120 3605 1128 3618 ,
1149 3591 1176 3611 vt
1191 3584 1331 3619 pernicioli
1342 3591 1374 3618 95
1389 3591 1417 3618 17
1453 3584 1577 3610 Fiffinam
1590 3591 1675 3611 cuneo
1686 3582 1760 3610 tedae
1774 3583 1867 3618 pineae
1878 3579 1996 3614 adigito,
2014 3585 2064 3614 pro
2081 3577 2110 3604 in
2122 3577 2236 3605 fissuram
2249 3584 2358 3604 cuneum
2366 3571 2423 3601 'idl-

292 3628 363 3654 ciues
376 3628 461 3654 velint
476 3627 541 3654 ess‘ci
559 3626 616 3653 Cic.
633 3624 699 3651 Phil.
715 3633 724 3651 1
745 3633 765 3650 c.
781 3633 805 3656 9.
841 3625 882 3651 Ad
897 3623 1046 3651 libertatem
1060 3620 1264 3656 recuperandam
1284 3625 1332 3647 vos
1389 3620 1455 3654 gito.
1508 3619 1574 3646 lbid.
1588 3620 1607 3647 s.
1621 3628 1655 3646 20
1691 3619 1787 3646 Forata
1799 3618 1894 3646 arbore
1905 3613 2020 3650 lapidem
2033 3613 2143 3648 adigito.
2180 3613 2251 3640 Caes.
2265 3611 2328 3639 Bell.
2345 3605 2422 3642 Chul,

292 3662 453 3690 adhortabor
468 3663 506 3689 Id.
522 3662 588 3688 Phil.
603 3670 621 3694 4
635 3669 656 3687 c.
673 3669 709 3686 ιο.
747 3660 804 3686 Cic.
826 3660 897 3686 Fam.
913 3667 948 3694 15,
964 3668 987 3686 21
1009 3657 1108 3685 Multae
1122 3663 1196 3683 erant
1209 3663 1334 3682 etrecon-
1388 3663 1412 3688 3,
1431 3663 1454 3688 51
1480 3655 1617 3690 Pompeius
1629 3655 1764 3682 tumulum
1778 3651 1906 3689 quendam
1918 3649 2068 3684 occupauit,
2088 3649 2135 3684 qui
2143 3654 2245 3676 tantum
2256 3647 2345 3674 aberat
2354 3650 2413 3684 mn?

291 3698 362 3725 ditae
377 3699 468 3725 literae
480 3710 484 3724 z
502 3698 541 3724 vis
556 3706 609 3724 non
623 3702 686 3722 erat.
725 3694 765 3721 Ad
780 3703 837 3721 cam
851 3696 934 3730 igitur
946 3693 1113 3723 adhortabar.
1149 3693 1180 3718 ln
1193 3692 1333 3719 excitando
1389 3691 1443 3717 stro
1458 3690 1572 3724 castello,
1591 3698 1621 3718 vt
1635 3690 1716 3718 telum
1729 3693 1925 3716 tormentumue
1939 3685 2043 3711 missum
2056 3683 2130 3718 adigi
2142 3693 2197 3710 non
2210 3684 2296 3719 poffet.
2336 3680 2420 3718 ΤᾷειῧἸ

292 3740 378 3761 autem
393 3739 418 3759 et
432 3734 460 3759 in
473 3733 591 3760 acuendo
604 3732 749 3767 plurimum
764 3730 843 3763 valet,
864 3731 881 3757 fl
897 3731 985 3758 laudes
998 3739 1069 3762 eum,
1089 3737 1168 3764 quem
1182 3727 1333 3754 cohortere.
1376 3735 1422 3753 .11.
1458 3726 1525 3752 Ann.
1547 3733 1588 3760 18,
1606 3736 1619 3760 3
1641 3725 1762 3754 Corbulo
1782 3723 1903 3750 triremes
1928 3720 2008 3748 alueo
2027 3719 2131 3752 Rheni,
2151 3726 2247 3747 ceteras
2259 3716 2412 3744 nauium-

291 3770 359 3797 Ter.
376 3769 470 3794 Heaut.
488 3777 506 3794 1.
521 3778 540 3801 1,
556 3775 569 3799 8
590 3767 671 3802 Quod
685 3766 753 3794 mihi
767 3765 859 3792 videre
874 3773 976 3800 praeter
988 3772 1099 3793 aetatem
1118 3771 1190 3790 tuam
1228 3764 1435 3797 Facere,100per
1446 3761 1572 3789 aestuaria
1579 3769 1604 3789 et
1616 3763 1692 3789 fossae
1703 3759 1797 3794 adegit.
1807 3757 1908 3786 Vulnus
1927 3756 2019 3783 Tacit.
2028 3756 2096 3782 Ann.
2107 3758 2132 3787 6,
2143 3763 2180 3789 35.
2197 3754 2289 3782 Ensem
2296 3752 2325 3780 in
2338 3747 2415 3787 peflw

292 3812 317 3832 et
331 3811 432 3839 praeter
447 3813 525 3837 quam
539 3814 579 3830 res
594 3812 618 3830 te
633 3803 788 3829 adhortatur
802 3807 855 3828 tua.
892 3802 964 3829 Idem
978 3801 1031 3829 off.
1047 3809 1067 3834 1,
1085 3809 1107 3827 c.
1122 3807 1142 3826 11
1169 3799 1286 3826 Maxime
1299 3807 1334 3825 ne
1389 3798 1470 3825 Ouid.
1485 3799 1548 3824 Met.
1564 3806 1587 3832 5,
1606 3806 1650 3834 70.
1663 3793 1822 3824 Etinmedia
1835 3791 1989 3827 praecordia
2006 3788 2082 3826 Sil-7,
2105 3810 2112 3817 .
2133 3810 2140 3817 .
2171 3789 2318 3825 virg-Aen.
2329 3797 2367 3822 4,
2377 3791 2410 3817 24

292 3841 371 3876 poll‘ct
390 3839 532 3873 aliquando
551 3840 583 3865 ad
604 3838 701 3866 bellum
722 3836 872 3864 faciendum
890 3837 962 3864 locus
982 3838 1036 3873 ipse
1049 3834 1196 3863 adhortari.
1245 3833 1332 3861 Catul.
1496 3833 1545 3860 Sed
1559 3834 1628 3860 mihi
1639 3831 1682 3860 vel
1695 3830 1771 3857 tellus
1784 3835 1872 3863 optem
1885 3827 1958 3863 prius
1972 3827 2025 3853 ima
2039 3825 2165 3859 dehiscat,
2376 3856 2377 3859 Ἴ

292 3881 320 3909 58
342 3875 373 3901 de
388 3873 559 3906 Berecynthia
573 3882 597 3900 ct
613 3876 673 3907 Aty,
727 3873 808 3900 Ferus
822 3873 873 3898 sese
888 3872 941 3907 ipsc
955 3873 1118 3904 affirmatus,
1131 3869 1254 3905 rapidum
1268 3869 1334 3896 inci·
1495 3869 1542 3894 Vel
1558 3876 1631 3904 patei·
1645 3866 1814 3900 omnipotens
1825 3863 1912 3898 adigat
1924 3870 1967 3888 me
1981 3861 2094 3888 fulmine
2106 3861 2139 3888 ad
2154 3859 2271 3893 vuabra,
2374 3872 2381 3888 1

292 3917 328 3939 tat
340 3911 470 3941 animum,
489 3912 507 3935 i.
528 3910 573 3936 Leo
581 3911 632 3946 fist
646 3909 680 3936 ad
691 3912 755 3935 iram
777 3917 873 3934 acuens.
1495 3904 1622 3931 Pallentes
1633 3901 1739 3930 vmbras
1757 3899 1869 3931 Herebi,
1890 3897 2049 3932 no&emque
2063 3896 2234 3931 profundam,

329 3954 350 3974 A
361 3951 583 3973 nitori-A'i’v
594 3952 622 3977 s,
642 3953 666 3977 a,
684 3953 739 3972 11111.
764 3942 867 3971 Palline.
907 3942 1053 3971 Punctione
1072 3941 1162 3978 aliqua
1179 3940 1332 3969 adhortatus
1343 3945 1387 3972 105
1499 3941 1566 3966 Ante
1579 3935 1666 3974 pudor
1677 3944 1756 3972 quam
1773 3934 1921 3966 tvviolem,
1942 3939 1986 3960 aut
1998 3939 2042 3959 tua
2054 3933 2113 3960 iura
2133 3928 2274 3959 resoluat-a.
2341 3943 2348 3949 ·
2364 3957 2406 3987 ω
