2474 4182
295 191 373 234 807
688 176 921 220 CAV
1811 180 2054 222 CAV
2365 195 2437 238 808

297 272 347 298 ess'e
360 276 429 298 tuos.
499 271 567 299 Hor.
583 271 614 297 de
627 271 690 296 Arte
702 269 774 294 Po'e't.
782 267 819 301 46
837 267 868 293 In
881 265 972 293 verbis
984 267 1063 294 etiam
1077 268 1179 300 tenuis,
1199 272 1344 300 cautusque
1407 266 1538 306 Qiarnuis
1557 270 1720 297 conuenerit.
1741 269 1774 296 D.
1797 269 1830 296 de
1842 270 1976 305 Pignorat.
1990 269 2111 303 aelione,
2131 273 2204 299 Prius
2217 272 2314 300 idonea
2326 276 2420 304 cautela
2430 253 2451 315 εἶ
2472 286 2474 290 ⁴

299 307 424 335 serendis.
496 308 537 333 Ab
551 306 655 333 incursu
669 303 733 330 belli
749 310 838 329 cautus
866 303 962 329 Lucan.
981 313 1015 338 4,
1034 313 1096 336 409.
1133 307 1151 330 i.
1167 310 1238 329 tutus
1252 310 1274 329 et
1288 302 1345 327 bene
1406 301 1530 329 debitore
1545 311 1594 336 pro
1607 305 1780 332 indemnitate
1794 306 1820 332 ei
1841 305 2001 340 praestanda.
2088 309 2091 313 ”
2418 312 2421 313 ’
2448 319 2449 328 1

298 346 409 370 munitus
421 342 537 379 adum-fiis
550 345 602 368 vim
614 340 731 366 bellicam.
803 339 858 365 Cic.
873 338 927 367 Att.
939 348 977 371 10,
991 348 1008 372 9
1030 340 1081 366 Ero
1095 345 1182 365 tamen
1196 339 1224 364 in
1239 337 1344 364 creden·
1446 344 1463 364 C
1472 344 1494 363 A
1504 345 1524 363 v
1534 344 1555 363 T
1565 345 1605 365 ΕΙ,
1614 339 1627 366 i'
1636 347 1658 366 T
1667 348 1708 368 As
1717 362 1725 374 ,
1743 343 1801 369 atis.
1822 342 1842 368 f.
1877 343 1965 368 Cincio
1974 361 1982 374 ,
1996 341 2167 376 prouidentia.
2203 344 2302 370 Ennod.
2316 349 2340 375 8,
2359 349 2372 374 8
2406 347 2445 374 Αι·

298 379 352 413 d0,
371 385 517 409 vtmoncs,
537 382 635 403 cautus.
684 375 740 401 Cic.
757 376 794 408 Q
806 375 933 408 Frat.3,9
953 376 1042 409 Quam
1053 381 1140 401 autem
1154 381 1179 401 te
1191 374 1274 400 velim
1286 382 1346 398 cau-
1409 372 1481 400 forte
1493 380 1585 400 contra
1597 384 1639 400 me
1652 375 1725 403 illam
1738 384 1811 404 tuam
1825 378 2003 404 cautelitatem
2016 376 2136 404 aestimas
2156 379 2204 404 effe
2223 380 2381 406 seruandam.
2393 377 2398 383 ’

297 420 355 442 tum
380 416 427 441 esse
450 415 478 440 in
502 411 656 444 scribendo,
677 420 708 437 ex
723 410 773 436 hoc
787 410 924 437 coniicito.
996 412 1052 437 Cic.
1068 410 1100 437 de
1114 411 1185 445 Lege
1199 411 1260 444 Agr.
1277 417 1296 440 1,
1311 415 1345 447 27
1369 421 1383 448 ς
1448 415 1466 435 c
1481 415 1503 435 A
1514 417 1532 435 v
1542 416 1559 436 Ε
1569 417 1586 436 R
1599 417 1618 435 N
1629 418 1650 437 A
1660 431 1668 443 ,
1693 412 1745 438 vid.
1768 419 1785 438 c
1795 421 1817 440 A
1827 420 1847 439 v
1857 421 1910 441 vs,
2226 426 2230 432 .
2372 410 2375 415 ·
2402 408 2408 412 “
2446 433 2447 437 Ἰ

297 451 446 486 Sequemur
459 448 645 475 auctoritatem
659 447 782 473 Consulis
797 446 876 473 soluti
888 455 902 473 a
922 446 1130 481 cupiditatibus,
1148 446 1229 472 liberi
1250 454 1264 470 a
1280 443 1346 469 deli·
1448 450 1466 470 c
1479 452 1529 470 AV
1540 452 1548 471 1
1558 453 1579 472 A
1589 453 1632 472 RE
1642 453 1654 473 s
1675 447 1784 474 Hostiae
1797 448 1968 482 dicebantur,
1988 447 2061 483 quod
2077 447 2166 474 cauiar
2180 456 2237 482 pars
2256 448 2354 476 hostiae
2373 441 2449 480 caudi³

297 486 364 519 etis,
384 485 452 512 cauti
466 485 494 510 in
508 483 649 518 periculis,
670 492 723 509 non
736 482 824 509 timidi
842 483 871 509 in
890 482 1116 509 contentionibus.
1187 483 1259 507 Intra
1274 480 1346 514 spem
1409 485 1486 506 tenus
1498 480 1651 514 dicebatur,
1672 491 1739 517 quae
1758 484 1906 518 ponebatur
1928 486 1956 512 in
1969 483 2100 512 sacrificio
2113 493 2162 518 pro
2176 483 2287 518 collegio
2301 485 2436 519 pontificu„
2465 487 2470 499 *

297 523 392 549 veniae
420 521 487 546 Hor.
501 519 530 546 in
543 520 606 546 Arte
620 520 691 546 poet.
705 521 765 554 276.
783 521 802 545 i.
810 522 853 555 qui
865 526 936 546 canet
946 518 1077 545 admittere
1086 537 1094 549 ‚
1113 516 1179 552 quod
1191 526 1239 543 non
1260 516 1349 542 habeat
1412 517 1508 551 quinto
1521 526 1628 552 quoque
1643 526 1722 545 anno.
1750 518 1846 546 Festus.

290 558 360 595 spem
374 559 468 582 veniae.
665 553 686 592 ff
710 563 726 581 2.
743 553 900 588 Substantiua
909 575 918 587 ,
935 554 1023 590 quibus
1036 553 1140 579 additur
1155 563 1162 578 :
1199 553 1248 579 Ars
1263 550 1346 578 Ouid.
1447 559 1464 579 C
1474 560 1495 579 A
1506 560 1524 578 V
1534 561 1541 579 1
1552 561 1568 580 Ι.
1577 561 1602 580 E.
1651 554 1710 580 Vnt.
1737 559 1753 580 C
1764 561 1785 581 A
1795 562 1815 580 V
1826 562 1846 581 V
1855 562 1878 582 s.

299 594 330 620 de
344 593 409 618 Arte
422 592 482 618 Am.
497 598 525 622 2,
561 610 569 617 .
607 610 613 616 .
654 592 726 617 Forte
738 590 871 626 respicitur
883 590 916 616 ad
931 599 953 622 2,
967 598 1009 622 12,
1030 589 1072 615 vbi
1085 588 1179 615 reatus
1191 590 1284 625 legitur
1298 588 1345 614 Ar·
1364 604 1393 622 10
1447 596 1464 616 C
1475 596 1496 615 A
1506 595 1526 613 v
1538 596 1597 615 111.
1607 596 1627 616 Α
1637 610 1645 621 ,
1665 598 1704 616 ae.
1729 589 1748 616 f.
1782 596 1805 616 et
1826 597 1872 617 CA
1882 597 1903 616 V
1913 598 1923 617 1
1933 597 1950 617 L
1960 597 1977 617 1.
1987 598 2008 618 v
2018 598 2059 624 M,
2078 590 2097 616 i.
2117 598 2142 615 n.
2179 588 2371 626 [σκωμμοῖτιον]
2402 586 2469 623 cnr

297 635 392 655 teiuea
405 634 478 661 capta
490 625 535 653 est.
606 625 651 652 Sil.
667 629 747 659 8,326
765 628 796 653 Et
810 625 1064 653 cautimedicamina
1072 625 1138 651 belli
1174 626 1271 651 Lentus
1279 632 1346 649 ama.
1411 623 1519 650 villatio
1542 625 1578 651 est
1601 631 1627 651 et
1650 624 1752 657 irrisio,
1771 624 1872 653 ακὲῖονε
1889 626 1980 659 Festo,
2000 628 2107 653 detortis
2125 628 2151 651 in
2170 626 2245 651 alium
2257 626 2352 662 sensum
2365 623 2472 659 vei-5152:

297 664 389 690 Tacit.
404 663 470 689 Ann.
486 670 518 694 11,
532 669 565 694 29
585 661 616 688 Et
628 663 774 697 potentiani
787 663 869 689 cautis
884 671 962 697 quam
976 661 1125 690 acrioribus
1140 660 1348 688 confiliistutius
1412 660 1496 686 Plaut.
1511 660 1570 687 Aul.
1584 670 1612 694 4,
1627 671 1653 695 4,
1670 670 1692 687 ιι
1713 662 1783 688 Pone
1797 661 1847 688 hoc
1861 661 1892 688 fis
1907 672 1913 688 z
1949 662 2025 689 aufer
2038 662 2178 693 cauillant,
2197 670 2250 686 non
2264 670 2312 695 ego
2325 671 2389 689 nunc
2405 650 2472 699 „12²ss

297 698 401 726 haberi.
473 698 572 724 Dextra
585 707 677 732 parum
692 705 766 725 cauta
787 698 870 725 Ouid.
885 707 915 724 ex
930 699 1004 724 Pont.
1018 706 1040 730 3,
1059 700 1084 729 6,
1100 706 1121 730 3.
1195 697 1251 722 Seu.
1267 697 1347 721 Herc.
1412 703 1455 728 gas
1469 704 1527 729 ago.
1599 697 1667 723 Adtl.
1684 698 1763 724 Mart.
1778 697 1884 732 Capella
1896 708 1914 731 4
1928 706 1952 731 p.
1968 706 2004 731 135
2025 698 2098 732 Quid
2112 697 2209 724 cauilla
2221 697 2320 723 saeuius
2334 698 2343 724 3
2377 689 2447 741 227ch
2458 704 2469 726 ,Ι

298 736 358 763 Oet.
372 737 414 761 611
455 734 558 760 Intrant
577 734 684 761 fraudes
703 735 826 769 cautique
839 734 903 760 doli.
976 734 1104 759 Formido
1124 732 1169 759 Sil.
1184 734 1222 764 16,
1260 751 1266 756 .
1305 749 1311 756 .
1410 729 1555 763 villatione,
1573 731 1778 768 fhphismatibus.
1848 735 1879 759 Et
1899 733 1975 767 Apul.
1994 735 2079 760 Miles.
2098 743 2106 760 1
2132 743 2155 768 p.
2171 736 2205 758 66
2241 733 2296 759 Iam
2309 728 2446 794 adlubenti]

296 772 392 798 Manus
405 776 489 797 cautas
504 770 637 804 praeferi-e
650 777 675 797 et
689 771 762 805 sequi
781 770 863 797 Ouid.
879 768 944 796 Fast.
959 778 985 802 2,
999 772 1044 801 336
1062 769 1090 794 αὐ
1107 769 1198 797 fauno,
1212 769 1255 802 qui
1273 762 1348 791 noHu
1368 777 1393 804 ¹5
1413 767 1541 801 procliuis
1556 768 1591 794 est
1607 769 1735 795 sermonis
1749 778 1778 795 ac
1793 769 1857 802 ioci,
1878 775 1903 795 et
1916 769 2010 795 scitum
2024 769 2060 796 est
2073 770 2208 796 cauillum.
2281 768 2400 798 Alludere
2410 774 2437 800 cd

295 807 374 834 cubile
387 806 653 841 Omphales-palpando
672 806 810 842 quaerebat.
884 805 984 832 Nauita
1012 804 1093 831 Ouid.
1114 803 1146 829 de
1167 804 1241 828 Rem.
1255 802 1348 840 Amor.
1412 802 1480 829 villo
1500 803 1563 830 Aur.
1579 804 1648 830 Viek.
1666 805 1734 839 Epit.
1748 814 1775 838 9,
1791 814 1831 838 14.
1901 805 1976 841 Conf.
1992 813 2032 837 23,
2045 807 2071 832 6.
2381 823 2409 842 ,1,
2430 800 2445 841 ,ξ
2461 822 2474 840 .··

296 851 355 878 737.
428 842 534 868 Numos
546 848 636 868 cautos
649 842 805 876 expendere,
826 844 844 868 i.
856 843 952 868 Numos
966 848 1035 866 mute
1049 840 1165 865 collocare
1181 839 1253 879 lior.
1270 835 1349 877 ljjptst.
1435 845 1465 878 *C
1476 845 1496 865 Α
1507 845 1544 865 V1
1557 846 1570 865 1,
1584 847 1598 865 1,
1610 848 1628 867 v
1643 847 1659 866 L
1669 848 1690 868 A
1700 861 1708 873 2
1729 849 1767 868 ae·
1804 841 1823 867 f·
1860 840 1963 868 Djmin·
1999 841 2081 872 Hau,-
2095 841 2181 867 Truc·
2196 848 2219 872 3,
2232 848 2258 872 2,
2273 843 2298 869 ¹3
2315 840 2438 897 lump&
2453 850 2471 874 Ν

296 882 360 913 225¹,
375 885 427 911 105.
499 877 590 904 Pectus
603 887 695 912 parum
708 884 812 905 cautum
833 879 950 911 Propert.
967 885 988 907 3,
1005 883 1027 908 ς,
1041 880 1063 904 8-
1133 873 1216 900 Ουιά.
1239 873 1315 899 srist.
1327 881 1348 904 1,
1414 874 1510 900 xillum
1525 874 1629 903 differat
1643 885 1657 902 a
1671 876 1814 903 cauillulis.
2391 896 2399 905 ,.
2431 882 2435 897 =

296 923 324 948 9,
338 923 373 941 20
394 914 531 948 Cautaque
551 915 688 940 communi
702 920 775 948 terga
788 913 882 940 dedere
896 913 981 946 fugae.
1038 910 1142 936 Timor
1161 909 1200 935 Id.
1213 908 1279 935 ibid.
1289 917 1348 941 3,4‚
1450 917 1497 937 CA
1508 918 1527 937 v
1538 919 1547 937 1
1558 919 1573 937 L
1584 919 1600 938 1.
1609 920 1673 945 ou,
1691 913 1740 939 ari.
1776 910 1905 945 [σκώπ7ω,
1925 910 2071 946 σοφίζομαι,
2091 910 2220 945 εἷρωνεόω]
2257 911 2358 942 Iocari,
2381 915 2407 945 '2
2430 934 2432 936 »

296 952 338 982 ός.
409 950 505 976 Viator
546 950 627 976 Ouid.
659 950 745 976 Trist.
780 958 805 981 2,
838 957 895 982 271.
967 946 1059 971 Virtus
1073 951 1148 971 cauta
1178 945 1224 971 Sil.
1242 953 1277 978 ις,
1295 946 1346 974 186-
1364 960 1399 978 20
1415 945 1521 973 Nonius
1535 956 1559 978 2,
1575 953 1614 980 183
1624 947 1678 982 Jiue
1692 951 1766 975 etiam
1782 948 1902 975 irridere.
1939 948 1996 974 Cic.
2012 947 2043 973 de
2058 948 2132 975 Orat.
2149 956 2171 979 3,
2187 956 2231 973 120
2250 948 2286 973 Vt
2300 946 2345 974 ille·
2358 947 2366 980 J
2379 947 2397 951 ’
2465 945 2468 950 ’

296 985 396 1020 Vulpes
415 986 483 1012 Hor.
498 985 577 1021 Epist.
595 995 615 1018 1,
633 994 684 1021 173.
880 981 900 1019 ff
923 990 933 1013 3
957 981 1145 1017 Olfi‘ruationcs
1159 982 1223 1007 aliae
1236 992 1244 1006 :
1281 981 1348 1006 Cau·
1414 982 1458 1015 gia
1466 983 1582 1009 Socrates
1596 984 1745 1011 cauillatur.
1818 984 1878 1011 Liu.
1887 993 1909 1016 2,
1923 989 1950 1016 58
1972 985 1994 1010 A
2007 983 2208 1009 centurionibus
2222 988 2374 1017 corruptum
2399 987 2435 1009 ἰ..
2448 989 2450 994 ·

296 1027 326 1048 to
341 1030 407 1057 opus
422 1021 457 1047 est
477 1021 560 1049 Plaut.
579 1023 654 1056 Capt.
670 1031 695 1053 2,
711 1030 730 1053 i,
744 1027 782 1051 23.
803 1022 820 1044 i.
835 1021 964 1049 cautione,
984 1018 1023 1044 uel
1036 1024 1064 1043 vt
1083 1024 1208 1043 caueatur.
1281 1018 1349 1043 Cau-
1413 1017 1496 1044 citum
1509 1019 1620 1053 dicere,
1639 1020 1782 1047 Tribunos
1811 1019 1930 1055 plebeios
1948 1019 2089 1049 cauillans,
2117 1018 2253 1046 interdum
2273 1024 2299 1045 et
2319 1011 2440 1047 νοῒ-ΠΨ
2454 1044 2457 1051 ,
2471 1023 2474 1031 “

296 1063 337 1084 tus
350 1066 373 1084 et
385 1057 491 1084 Tantus
499 1057 573 1094 fichc
586 1068 601 1084 a
613 1058 727 1084 librarus
740 1056 900 1084 commutari,
921 1060 991 1079 notat
1006 1053 1132 1079 Drakcnb.
1148 1053 1349 1085 adSil-10‚234.
1413 1063 1519 1081 vocare.
1592 1057 1648 1082 Cic.
1663 1057 1717 1083 Att.
1732 1066 1753 1088 2,
1767 1065 1777 1082 1
1798 1057 1890 1091 Itaque
1902 1055 1957 1082 iam
1971 1054 2143 1082 familiariter
2157 1064 2216 1081 cum
2230 1054 2289 1089 ipso
2310 1055 2364 1081 cau'
2383 1061 2394 1078 ἔ,
2417 1042 2440 1092 fl}
2454 1053 2455 1057 ’

296 1094 410 1129 Compar.
430 1094 486 1120 cie.
501 1094 532 1120 ad
547 1095 619 1120 Brut.
633 1102 651 1125 4
672 1093 759 1117 Vnum
775 1090 824 1115 hoc
851 1096 926 1123 grato
950 1089 1059 1121 animo,
1077 1089 1237 1124 liberalique
1260 1089 1349 1123 profe·
1415 1089 1500 1116 iocor.
1573 1091 1652 1126 Saepe
1677 1102 1737 1119 cum
1758 1092 1858 1127 populo
1880 1091 2018 1118 cauillatus
2041 1090 2094 1123 est,
2126 1099 2227 1123 verum
2241 1089 2390 1126 maiestat„l
2409 1083 2439 1115 ff·

295 1129 388 1163 etum,
413 1130 560 1155 cautiorem
586 1138 614 1154 ac
637 1126 845 1153 moderatiorem
866 1124 1058 1151 liberalitatem
1081 1125 1217 1152 desiderat.
1291 1124 1348 1151 Cic.
1366 1138 1397 1164 23
1415 1126 1486 1152 Suet.
1501 1126 1562 1153 Tit.
1577 1136 1597 1153 c.
1613 1133 1635 1157 8.
1707 1129 1764 1155 Cic.
1777 1128 1809 1154 de
1822 1128 1885 1154 Nat.
1901 1128 1981 1154 Deor.
1996 1136 2019 1160 3,
2032 1132 2058 1159 83
2074 1135 2144 1166 ⁰234
2173 1127 2261 1161 Atque
2280 1126 2309 1152 in
2330 1133 2373 1156 eo,
2410 1119 2439 1150 Ψ.

295 1165 411 1227 Philipp.
433 1174 470 1196 12,
485 1174 517 1197 24
538 1165 628 1190 Nemo
649 1163 737 1189 minus
759 1160 885 1193 timidus,
902 1170 982 1188 nemo
1007 1161 1111 1188 cautior
1124 1172 1130 1187 z
1167 1170 1208 1187 rcs
1222 1160 1346 1187 declarat.
1415 1162 1553 1188 cauillatus
1568 1163 1619 1195 est,
1639 1164 1733 1190 aestate
1746 1173 1854 1198 grauem
1868 1164 1916 1190 effe
1929 1173 2038 1191 aureum
2052 1162 2212 1193 amiculum,
2223 1161 2311 1188 hieme
2323 1157 2389 1192 fri*
2416 1154 2439 1189 θ’

388 1201 417 1227 ili

294 1200 335 1229 Id.
348 1202 365 1227 P
420 1210 461 1234 pp.
478 1209 512 1231 ι3,
526 1202 542 1225 6
557 1208 577 1224 c.
592 1208 603 1231 3
654 1198 728 1232 Qud
748 1198 876 1232 sapientia
891 1198 900 1223 3
936 1197 1101 1224 cautioribus
1121 1197 1207 1224 vtitur
1223 1196 1350 1228 consiliu,
1413 1199 1465 1224 Hic
1479 1207 1570 1234 quoque
1583 1201 1616 1225 atl
1631 1199 1769 1234 irrisionem
1784 1203 1904 1235 pertinet.
1975 1200 2016 1227 Sic
2029 1199 2103 1226 Nare
2117 1198 2220 1225 detorta
2229 1197 2345 1233 magistu
2360 1210 2385 1223 ··.
2414 1191 2439 1230 *ξ

294 1237 324 1264 in
338 1237 470 1272 posterum
485 1234 625 1268 prouidet,
646 1236 681 1260 eit
695 1235 769 1260 omui
783 1234 888 1260 ratione
904 1233 1060 1268 protectior.
1134 1233 1229 1259 Claud.
1244 1233 1276 1259 de
1295 1233 1348 1258 Piis
1414 1234 1489 1260 varie
1507 1235 1666 1263 cauillantur
1687 1236 1765 1270 Apul.
1780 1237 1844 1262 Met.
1859 1240 1872 1265 8
1886 1245 1911 1270 p.
1926 1243 1977 1267 213.
2051 1235 2161 1261 Summo
2174 1235 2229 1261 risu
2244 1241 2334 1260 meum
2353 1243 2370 1269 p
2385 1238 2389 1241 *
2428 1231 2439 1255 -’

294 1274 364 1301 Frat.
378 1277 402 1301 18
423 1271 535 1297 Cautioi·
548 1271 576 1297 in
591 1271 653 1296 sexu
666 1270 799 1296 debiliore
815 1269 900 1295 labor.
974 1270 1031 1295 Cic.
1046 1278 1096 1304 pro
1116 1269 1191 1295 Rosc.
1213 1270 1304 1296 Amer.
1319 1270 1350 1301 56
1415 1269 1488 1296 &um
1501 1271 1621 1297 cauillari
1635 1280 1689 1298 non
1703 1272 1822 1298 detinunt
1842 1271 1880 1298 Id.
1895 1280 1910 1304 9
1925 1280 1949 1306 p.
1966 1275 2021 1303 238.
2092 1270 2137 1297 Ad
2150 1266 2382 1306 reprehrnstoncms
2420 1283 2421 1287 =
2435 1266 2438 1286 l

293 1318 314 1334 e.
329 1317 363 1335 20
381 1307 489 1333 Tamen
502 1306 531 1332 in
545 1315 603 1332 eam
618 1313 717 1341 partem
732 1306 819 1341 potius
834 1312 956 1340 peccant,
975 1314 1043 1340 quae
1057 1305 1092 1331 est
1105 1306 1218 1332 cautior.
1292 1304 1349 1331 Cic.
1364 1317 1396 1341 30
1413 1315 1465 1332 rem
1479 1315 1536 1333 vero
1558 1307 1691 1341 Qiinffil.
1710 1317 1731 1341 1,
1743 1318 1771 1341 4,
1785 1316 1797 1340 ς
1818 1308 1874 1341 Qui
1888 1307 1954 1333 hanc
1972 1313 2055 1333 artem
2068 1313 2097 1333 vt
2116 1306 2234 1332 ieiunam
2255 1312 2281 1332 et
2301 1311 2362 1332 tenu
2384 1325 2386 1329 .
2406 1300 2438 1328 ·ν’

293 1352 342 1378 pro
357 1342 463 1369 Caecin.
478 1350 504 1375 53
522 1343 585 1376 Qio
598 1343 709 1369 mulieri
723 1343 782 1368 estet
798 1351 839 1368 res
851 1342 971 1373 cautior,
992 1342 1106 1373 curauit,
1121 1348 1149 1368 vt
1163 1342 1191 1367 in
1211 1349 1244 1367 eo
1262 1340 1348 1366 fundo
1414 1341 1550 1369 villantur.
1624 1344 1716 1370 Tacit.
1742 1345 1811 1370 Anu.
1832 1352 1852 1375 1,
1871 1346 1907 1377 46
1924 1344 1982 1369 *An
2001 1342 2147 1377 Augustum
2167 1343 2228 1369 fessa
2245 1347 2330 1370 aetate
2341 1337 2419 1368 ‘0532st
2434 1333 2437 1351 ⁴

293 1379 340 1406 dos
356 1378 539 1405 collocaretur.
613 1380 710 1414 Super-l.
731 1379 790 1405 Vet.
810 1378 930 1412 Inscript.
952 1379 990 1411 Q
1007 1377 1091 1403 Fabio
1110 1378 1232 1404 Maximo
1247 1376 1348 1402 dicata:
1415 1378 1586 1405 Germaniam
1600 1388 1750 1407 commeare
1765 1380 1874 1414 potuiss'e
1888 1390 1896 1410 3
1932 1378 2083 1406 Tiberium
2096 1379 2230 1413 vigentem
2242 1377 2318 1404 annis
2333 1377 2349 1404 s

292 1416 316 1442 D
325 1415 378 1442 VX
413 1414 528 1441 AETA
537 1415 587 1441 TI
596 1415 611 1441 S
647 1416 661 1441 S
675 1415 698 1441 V
712 1415 734 1440 A
747 1415 767 1440 Ε
811 1415 833 1440 C
842 1414 863 1440 A
873 1415 895 1440 V
904 1414 974 1440 TIS
984 1416 998 1439 S
1007 1414 1054 1440 1M
1063 1415 1084 1439 V
1093 1413 1107 1439 S
1146 1414 1201 1439 HA
1210 1412 1348 1439 BITVS.
1414 1414 1505 1441 senatu
1524 1415 1607 1442 verba
1627 1423 1733 1451 patrum
1752 1415 1921 1442 cauillantem
1930 1435 1938 1447 ,
1955 1418 1974 1441 i.
1995 1414 2195 1451 detorqurnmn,
2217 1415 2280 1441 male
2299 1416 2374 1440 inter·
2386 1420 2398 1447 ‘j'
2409 1428 2419 1436 =
2432 1408 2443 1445 lg

290 1450 358 1486 apud
371 1450 448 1477 Grut.
461 1450 480 1477 f.
495 1453 550 1484 406
563 1460 590 1477 n.
605 1458 631 1485 7.
704 1450 900 1477 obseruatione
913 1449 1056 1476 cautiffima
1070 1458 1212 1476 numerare
1240 1448 1348 1483 August.
1412 1456 1470 1476 tem.
1669 1449 1690 1490 ff
1711 1461 1727 1478 2
1764 1453 1844 1488 Origo
1857 1451 1927 1478 verbi·
1940 1450 2040 1478 videtur
2053 1460 2068 1477 a
2082 1451 2152 1477 ICtis
2165 1449 2295 1486 repethda
2307 1456 2330 1476 et

292 1486 407 1515 Confeff.
423 1494 440 1521 7
449 1506 458 1519 ,
470 1488 496 1512 6.
1367 1493 1396 1520 33
1413 1487 1492 1512 lorum
1507 1494 1616 1519 cauere,
1635 1486 1663 1513 de·
1676 1497 1722 1523 quo
1736 1497 1761 1513 n.
1776 1496 1788 1520 3
1810 1488 1927 1514 diximus.
2001 1487 2086 1513 Huius
2100 1489 2164 1513 enim
2176 1487 2326 1513 deminutum
2339 1483 2435 1522 ςΙίᾱιι»

328 1528 346 1548 c
356 1529 407 1549 AV
419 1529 441 1548 'r
452 1529 473 1548 A
483 1541 492 1554 ‚
511 1530 601 1548 orum.
621 1530 647 1562 n.
669 1521 704 1555 pl.
740 1522 887 1554 Cautiones,
904 1520 1079 1561 syngraphae.
1122 1519 1181 1560 Viri.
1195 1519 1284 1560 Barth.
1298 1519 1351 1560 Ad·
1414 1521 1474 1554 lor,
1493 1528 1523 1548 vt
1535 1533 1551 1548 a
1563 1522 1670 1549 sorbere
1683 1523 1823 1550 sorbillare
1842 1521 1893 1556 (st,
1908 1530 1931 1550 et
1949 1532 1965 1549 α
1983 1521 2152 1549 conscribere
2169 1521 2443 1562 ςοηΐε1·ἰὺίξ[ᾶτέ,ιἨ

291 1557 359 1585 vers.
385 1566 434 1592 44,
459 1565 483 1589 ις
507 1565 539 1583 ex
560 1558 694 1591 Corrippo
717 1565 734 1583 2
761 1566 786 1591 p.
810 1566 846 1583 m.
866 1565 897 1591 39
922 1558 1019 1583 Debita
1051 1556 1180 1591 persoluit
1210 1562 1351 1591 genitoris,
1412 1565 1441 1584 tu
1453 1558 1524 1584 dicas
1538 1561 1648 1584 minutas
1661 1563 1787 1586 cautiones
1799 1563 1971 1595 interponere,
1994 1565 2025 1585 vt
2038 1565 2121 1593 nempe
2135 1559 2181 1598 1·pr
2202 1558 2324 1593 Leguleu
2343 1556 2370 1585 di
2378 1571 2393 1578 *r
2440 1553 2449 1610 Ι

290 1600 366 1621 Cauta
378 1603 392 1620 1'
394 1594 488 1628 ecepit·
1412 1594 1529 1621 vocabulo
1546 1594 1672 1621 dicuntur.
1749 1597 1817 1631 Quin
1827 1603 1877 1630 pro
1892 1596 1994 1621 Cauere
2007 1595 2060 1630 ipſs>
2072 1594 2176 1630 postu-'sle
2189 1593 2290 1621 videtur
2301 1593 2346 1620 Te
2378 1582 2436 1694 Ἷξζ

327 1635 346 1656 C
356 1636 407 1656 AV
417 1635 438 1655 T
450 1636 468 1655 V
479 1636 509 1661 S,
529 1626 568 1655 ¹⁸¹⁵-
606 1637 641 1654 ΠΙ·
680 1629 756 1654 Omne
769 1626 814 1660 id,
833 1627 899 1662 quod
910 1626 1173 1667 ¹⁴²1fi¹srisffll¹f⁷1sssum
1182 1647 1190 1659 ,
1213 1634 1237 1654 ‘t
1249 1628 1349 1664 religio·
1412 1630 1513 1656 Coron.
1529 1638 1552 1656 11
1574 1631 1627 1656 Aut
1639 1631 1765 1658 omnibus
1777 1631 1865 1658 modis
1879 1630 2072 1660 eminandum,
2094 1639 2128 1656 ne
2149 1630 2216 1666 quid
2235 1629 2360 1656 aduersus
2384 1633 2413 1669 ἰ]
2439 1624 2447 1724 ξ

290 1668 332 1692 nis
343 1667 430 1702 gratia
443 1664 574 1690 vitandum
589 1670 631 1689 aut
645 1663 805 1689 omittendum
819 1663 869 1697 ‘st2
890 1667 1074 1698 interpretatur
1093 1664 1164 1698 Lips.
1179 1662 1259 1690 Ele&
1275 1672 1294 1695 1,
1309 1672 1347 1695 21,
1363 1674 1401 1699 40
1413 1666 1608 1692 committatur,
1628 1669 1647 1692 ι’,
1659 1670 1788 1702 supas-141¹,-
1803 1670 1877 1693 “jam
1891 1667 1961 1693 rebus
1973 1666 2116 1693 cam-ndum·
2313 1662 2335 1703 Ἴ
2385 1669 2404 1682 η
2420 1673 2426 1694 Δ.

290 1708 314 1728 ut
328 1701 418 1728 tribuit
430 1700 520 1726 Gallio
536 1707 574 1731 10,
590 1706 613 1730 ις
638 1698 802 1732 Multiplices
815 1706 924 1732 cautus,
940 1702 983 1726 vbi
998 1699 1080 1725 castus
1094 1702 1175 1735 magis
1183 1699 1275 1734 probae
1285 1700 1346 1725 Gro-
1411 1711 1442 1727 ve
1457 1700 1725 1738 Caiiillarijigyzfficat
1738 1702 1820 1736 eludi,
1837 1700 1928 1736 effestu
1936 1702 1983 1738 suo
1992 1705 2104 1737 priuari.
2151 1700 2272 1728 Tertull.
2300 1699 2332 1727 de
2353 1689 2355 1691 ι

290 1739 378 1763 nonius
392 1746 402 1766 ι·
438 1742 462 1761 <⁷1³
489 1733 633 1761 Msscl'obio
656 1735 707 1760 Sat.
734 1742 753 1764 1,
769 1742 793 1772 1,ζ
817 1735 859 1760 vbi
873 1738 910 1760 ita
925 1736 1001 1770 legit,
1022 1735 1117 1761 Caesar
1151 1750 1198 1755 ——
1233 1734 1347 1768 peraffis
1412 1737 1506 1763 Carnis
1522 1745 1550 1762 21
1571 1738 1603 1762 Et
1616 1744 1682 1770 puto
1698 1739 1756 1764 Deo
1769 1747 1817 1764 nec
1835 1738 1967 1771 liuor-em,
1987 1747 2035 1765 nec
2057 1737 2167 1770 dolum,
2186 1746 2234 1764 nec
2254 1735 2354 1763 inconst

290 1772 374 1799 totius
387 1770 480 1798 mensis
495 1770 572 1796 feriis
588 1769 631 1795 die
649 1770 696 1795 suo
711 1770 751 1795 rei
766 1770 876 1795 d1uinae
898 1777 988 1795 cautus
1009 1770 1129 1796 inseruit.
1203 1770 1251 1797 sed
1269 1771 1346 1796 Gron.
1412 1781 1459 1798 nec
1487 1771 1652 1797 lenocinium
1672 1773 1787 1798 adscribi
1812 1775 1897 1806 posse,
1916 1782 1963 1808 per
1982 1782 2049 1808 quae
2068 1774 2124 1800 fere
2139 1772 2320 1808 promulgatio
2331 1781 2357 1798 m
2390 1785 2414 1796 -ιι

290 1818 320 1835 cx
331 1807 406 1834 libris
420 1807 477 1833 dies
490 1807 549 1832 suos
563 1806 603 1832 rei
618 1805 727 1831 diuinae
746 1812 836 1831 cautus
849 1805 977 1837 inseruit,
996 1812 1025 1830 vt
1039 1813 1130 1831 cautus
1142 1804 1181 1838 fit
1203 1807 1350 1832 Nomium-
1411 1808 1512 1841 (minae
1530 1814 1574 1833 aut
1590 1806 1710 1842 promiffii
1727 1809 1896 1842 principum)
1923 1810 2074 1836 cauillatur.
2147 1810 2179 1835 Et
2197 1818 2220 1836 c.
2234 1817 2267 1843 34
2291 1809 2354 1842 Quo
2374 1807 2407 1830 ⁸1⁴¹·

288 1853 337 1870 vus
351 1843 385 1869 ad
397 1851 481 1869 nomcn
495 1842 590 1869 Caesar
607 1843 710 1868 relatus.
747 1841 841 1867 Caesar
846 1840 907 1877 fun
921 1847 1011 1866 cautus
1032 1841 1072 1866 rei
1093 1840 1211 1866 diuinae.
1282 1842 1346 1867 Mox
1365 1852 1399 1878 45
1413 1843 1457 1870 hic
1471 1843 1503 1871 de
1517 1844 1737 1877 interpretatione
1749 1842 1871 1876 corporis
1884 1843 2003 1877 quaestio
2015 1844 2166 1870 cauillatur.
2347 1865 2352 1874 .

287 1881 351 1916 legit
363 1877 478 1914 Lipfius,
499 1878 660 1912 Accepturos
675 1883 765 1904 cautus
777 1877 928 1908 sacrorum,
947 1875 992 1902 vbi
999 1877 1100 1911 plenius
1115 1876 1206 1902 editum
1220 1885 1235 1901 a
1255 1877 1349 1902 Grono-
1449 1885 1496 1905 CA
1508 1886 1528 1904 v
1539 1886 1547 1904 1
1557 1886 1572 1904 L
1582 1886 1598 1904 L
1608 1886 1723 1910 AT10,
1759 1879 1828 1904 onis.
1863 1878 1883 1904 f.
1921 1878 2069 1912 [σκῶμμα,
2103 1878 2231 1914 mimicum,
2259 1882 2427 1913 παραλογισμι

287 1920 331 1942 vio
353 1915 513 1949 Accepturos
526 1915 612 1940 causas
624 1913 754 1940 feriarmn
769 1922 783 1939 a
796 1921 858 1947 rege
871 1913 1016 1939 sacrorum.
1055 1913 1144 1947 Itaque
1158 1910 1266 1936 nondum
1280 1911 1350 1947 fiztis
1411 1914 1503 1939 Iocosa
1515 1913 1704 1946 calumniatio,
1723 1914 1807 1949 inquit
1825 1913 1922 1939 Festus.
1960 1912 2097 1943 Kaxorffiaoe
2109 1913 2207 1949 εἰρωνεία
2219 1915 2278 1941 vet,
2288 1915 2369 1942 Gloffi
2396 1913 2424 1940 Ἴ·

287 1949 454 1980 sufflat-itatis
467 1950 540 1977 habet
551 1950 596 1976 hoc
607 1949 799 1982 Substantiuum.
1412 1946 1471 1984 δρα,
1491 1947 1577 1977 cinola-21
1586 1971 1594 1984 ‚
1613 1948 1796 1984 παρεγχεὶρησις
1810 1948 1850 1975 Id.
1886 1949 1942 1975 Cic.
1956 1948 1989 1975 de
2003 1950 2078 1976 Orat.
2092 1953 2165 1982 2,218
2178 1958 2199 1975 c.
2207 1956 2240 1984 54
2261 1950 2423 1985 Etenim'qui

327 1991 346 2013 C
357 1993 380 2013 A
389 1993 409 2012 v
421 1992 443 2012 Τ
454 1992 480 2012 E.
501 1985 569 2012 Adu.
607 1985 759 2018 [ἔυλαβῶς]
795 1983 942 2015 Prudenter,
952 1983 1068 2019 prouidc.
1106 1982 1188 2009 Plaut.
1205 1983 1283 2009 Cure.
1294 1990 1315 2014 1,
1327 1990 1348 2014 1,
1413 1984 1468 2011 duo
1483 1992 1578 2019 genera
1592 1985 1651 2010 sunt
1665 1984 1823 2010 facetiarum
1838 1994 1844 2010 z
1880 1984 1994 2011 alterum
2007 1985 2153 2020 aequaliter
2165 1985 2193 2011 in
2205 1985 2282 2012 omni
2288 1986 2409 2012 sermone

290 2030 322 2055 32
343 2023 425 2049 Caute
438 2028 467 2048 vt
483 2021 587 2048 incedas
598 2021 653 2047 via.
724 2020 808 2045 Caute
824 2025 850 2044 et
864 2019 978 2052 cogitate
993 2020 1065 2045 suam
1078 2028 1135 2045 rem
1144 2018 1256 2045 trae'tare
1265 2018 1348 2044 Plaut.
1367 2030 1399 2057 50
1415 2021 1471 2046 sum
1481 2041 1489 2053 ,
1507 2020 1620 2046 alterum
1639 2026 1793 2054 peracutum
1814 2025 1840 2046 et
1859 2018 1942 2046 breue
1957 2030 1962 2046 :
1997 2019 2043 2047 illa
2056 2020 2192 2047 veteribus
2205 2021 2341 2055 superior,
2357 2021 2422 2048 cauil
2437 2003 2444 2033 ἱ

290 2058 375 2085 Trin.
389 2065 415 2090 2,
429 2064 456 2089 2,
471 2059 517 2090 46.
588 2056 739 2090 Diligenter
752 2060 777 2080 et
797 2060 873 2080 caute
892 2054 1043 2087 excogitare
1062 2055 1127 2087 quid
1146 2054 1263 2080 dicamus
1290 2054 1348 2080 Cic.
1415 2056 1455 2083 tio
1471 2066 1477 2082 ε
1514 2056 1578 2082 haec
1597 2056 1695 2088 altera,
1713 2055 1837 2082 dicacitas
1857 2055 1995 2082 nominata
2006 2056 2052 2082 est.
2113 2056 2220 2082 Sueton.
2231 2057 2336 2091 Vespas.
2352 2065 2382 2088 23
2401 2056 2421 2081 C
2436 2047 2442 2069 ⁸

290 2094 368 2120 Verr.
382 2101 411 2125 4,
425 2099 481 2126 147.
552 2091 636 2118 Caute
649 2097 675 2117 et
691 2090 834 2124 diligenter
847 2089 935 2116 facere
950 2090 1003 2116 iter
1024 2090 1096 2115 Caes.
1113 2089 1178 2114 Bell.
1193 2089 1260 2114 Gall.
1270 2097 1292 2120 ς,
1302 2097 1348 2123 47.
1412 2095 1516 2128 iungere
1531 2099 1660 2127 utrumque
1672 2091 1789 2121 uidetur,
1807 2092 1839 2118 Et
1851 2091 1968 2117 maxime
1981 2096 2069 2117 tamen
2082 2090 2246 2117 dicacitatem
2259 2091 2288 2117 in
2298 2090 2421 2118 deformi!

291 2129 350 2157 Cic·
362 2137 411 2163 pro
424 2128 512 2154 Deiot·
529 2132 555 2158 18
574 2136 595 2153 c·
611 2128 628 2153 6
649 2125 731 2160 Q¹0d
755 2126 840 2160 igitur
862 2131 888 2151 et
912 2125 1043 2151 occultius
1067 2124 1174 2154 conari,
1196 2129 1221 2149 et
1245 2123 1350 2149 efficere
1414 2127 1496 2153 lucris
1510 2127 1666 2160 affectabat,
1685 2134 1715 2154 vt
1734 2127 1868 2154 inuidiam
1889 2127 1979 2162 aliqua
1999 2125 2170 2153 cauillatione
2189 2125 2321 2158 dilueret,
2340 2127 2424 2153 transt

291 2165 395 2192 cautius
418 2164 520 2198 potuit,
541 2163 568 2190 id
583 2162 662 2195 -tibi,
681 2169 727 2188 etc.
779 2183 783 2184 .
799 2160 949 2188 Cautissime
968 2160 1073 2194 aliquid
1098 2159 1212 2185 tractare
1244 2159 1300 2185 Cic.
1315 2157 1350 2184 de
1413 2168 1509 2195 retque
1522 2162 1553 2188 ad
1569 2163 1640 2188 sales.
1713 2165 1949 2202 Inger-pretationem
1962 2162 2061 2198 salfizm
2078 2161 2120 2188 hic
2144 2169 2235 2197 quoque
2253 2162 2338 2187 notari
2355 2167 2414 2196 apg
2425 2192 2427 2196 ι

292 2201 368 2228 Orat.
381 2208 408 2232 2,
421 2208 483 2233 242.
555 2198 628 2225 Idem
644 2207 693 2233 pro
707 2197 812 2224 Cluent.
828 2202 865 2227 118
881 2206 902 2222 c·
918 2205 951 2230 42
979 2198 1001 2222 A
1016 2204 1058 2222 me
1077 2201 1166 2221 tamen
1186 2200 1215 2221 vt
1234 2202 1350 2228 aequum
1367 2203 1396 2230 ‚¹5
1413 2194 1455 2229 qli.
1494 2196 1532 2222 Id.
1547 2197 1638 2222 Grani.
1651 2205 1664 2228 3
1684 2197 1892 2223 Cauillationem
1906 2198 2024 2224 nominis
2037 2198 2146 2232 appellat
2158 2198 2374 2224 calumniator-iam
2411 2201 2417 2235 ζ

292 2236 345 2269 est,
366 2235 458 2262 omnia
480 2239 573 2266 caute,
594 2234 812 2268 pedetentimque
837 2233 968 2259 dicentur.
1038 2231 1095 2258 Cic.
1115 2230 1148 2257 de
1167 2230 1261 2257 Diuiti.
1281 2238 1307 2261 2,
1321 2238 1348 2261 33
1407 2234 1584 2267 pretationem.
1658 2231 1705 2258 Sed
1716 2232 1857 2267 apellantur
1869 2233 1915 2258 hoc
1926 2235 2023 2258 nomine
2036 2235 2128 2264 etiam,
2169 2241 2213 2258 uae
2227 2233 2370 2265 Graeciam)
2413 2237 2417 2242 “

292 2272 342 2300 Sed
361 2269 554 2302 animaduerti,
574 2270 692 2303 Qtinte,
712 2275 737 2295 te
757 2275 849 2300 caute,
866 2275 891 2294 et
911 2268 943 2294 ab
958 2268 991 2294 iis
1011 2266 1174 2293 coniecturis
1188 2275 1256 2301 quae
1270 2265 1350 2291 habe·
1414 2274 1515 2293 vocant.
1587 2266 1660 2300 Qiid
1674 2274 1803 2294 vocentur
1818 2267 1900 2294 latine
1911 2266 2071 2302 sophismata
2084 2276 2153 2302 quae
2164 2267 2206 2294 isti
2218 2276 2232 2294 a
2245 2276 2298 2294 me.
2317 2283 2364 2288 —

293 2313 352 2335 tent
365 2312 449 2333 artem
463 2310 544 2340 atque
556 2304 741 2339 prudentiam,
761 2311 807 2330 etc.
827 2303 958 2330 abducere
975 2303 1179 2329 diuinationem.
1251 2302 1348 2327 Amare
1414 2303 1510 2329 fimum
1524 2302 1632 2329 videtur
1643 2302 1727 2334 mihi,
1747 2312 1801 2338 quo
1815 2303 1912 2330 Cicero
1923 2305 1982 2330 vsus
1997 2303 2049 2336 est,
2069 2303 2252 2329 cauillationes
2265 2310 2344 2330 vocat

293 2342 377 2371 Ouid.
402 2342 435 2369 de
459 2342 523 2368 Arte
547 2342 607 2367 Am.
627 2350 650 2373 2,
673 2343 729 2374 167.
801 2339 938 2373 Nauigare
953 2338 1095 2364 cautissime
1117 2337 1173 2364 Cic.
1188 2338 1242 2363 Att.
1259 2345 1292 2368 ις,
1306 2338 1349 2362 26·
1416 2347 1462 2365 111.
1537 2340 1578 2366 Sic
1592 2339 1720 2373 leianus
1732 2339 1762 2365 in
1774 2338 1792 2365 1.
1817 2340 1852 2366 Ea
1867 2339 1903 2365 est
1914 2346 2017 2366 natura.
2040 2339 2072 2365 D.
2086 2338 2118 2365 de
2130 2338 2239 2366 verbor.
2253 2345 2281 2366 et
2291 2348 2342 2366 rer.
2373 2364 2375 2366 .

293 2379 412 2414 Pugnare
436 2376 519 2404 Ouid.
533 2376 612 2411 Epist.
629 2385 662 2408 13,
675 2378 732 2409 146.
804 2374 935 2402 Tranfire
947 2374 1031 2400 limen
1042 2373 1145 2400 cautius
1167 2372 1242 2399 Idem
1255 2374 1349 2399 Amor.
1360 2381 1396 2406 60
1413 2375 1449 2401 Ea
1462 2374 1500 2401 est
1514 2381 1609 2400 natura
1623 2374 1819 2407 cauillationis,
1838 2383 1918 2410 quam
1933 2375 2028 2401 Graeci
2043 2375 2140 2407 σωρίτην
2156 2374 2304 2408 appellant,
2321 2381 2350 2402 vt
2367 2380 2385 2401 ,τ’

294 2423 316 2448 1,
331 2424 369 2447 12,
381 2416 407 2441 6.
477 2413 611 2448 Scriptum
643 2421 734 2444 caute,
754 2416 783 2438 vt
814 2417 920 2438 centum
953 2410 1030 2437 numi
1060 2409 1254 2436 deducerentur
1291 2409 1350 2436 Cic.
1413 2410 1508 2437 denter
1521 2411 1608 2446 veris,
1628 2419 1675 2445 per
1687 2410 1849 2438 breuiffimas
1862 2411 2023 2437 mutationes
2037 2410 2181 2444 disputatio
2194 2409 2227 2436 ad
2235 2419 2275 2444 ea,
2284 2420 2352 2446 quae
2362 2423 2373 2435 ,ι

295 2450 328 2478 de
339 2449 432 2484 Legib.
446 2458 477 2482 2,
499 2457 536 2482 33.
1413 2453 1455 2473 ter
1469 2446 1531 2473 falsa
1545 2448 1612 2479 sum,
1622 2446 1788 2480 perducatur.
1861 2447 1936 2482 Conf.
1951 2447 2007 2479 16,-
2021 2446 2053 2472 D.
2069 2446 2101 2472 de
2113 2445 2198 2472 diuin.
2211 2446 2244 2472 R.
2256 2454 2282 2479 9.
2358 2451 2372 2471 o
2385 2456 2397 2469 n>

333 2492 352 2513 c
362 2493 384 2513 A
395 2493 444 2513 v‘r
455 2494 463 2512 1
473 2492 507 2512 M.
544 2483 763 2518 [ἐπαραλογίςως]
800 2482 883 2509 Caute.
919 2482 989 2508 Ter.
1012 2482 1110 2508 Heaut.
1134 2489 1163 2514 4,
1187 2486 1211 2513 8,
1236 2488 1270 2512 29
1301 2478 1350 2506 Sed
1416 2491 1454 2515 12,
1467 2491 1493 2515 2,
1508 2490 1537 2515 ¹4
1556 2483 1648 2517 Itaque
1661 2483 1777 2517 reperias
1790 2483 1919 2516 quosdam
1933 2483 1962 2509 in
1974 2481 2132 2516 disputando
2145 2481 2214 2508 mire
2226 2481 2344 2515 callidos,
2355 2491 2397 2510 cn·
2410 2480 2417 2503 ’Ἰ

294 2522 359 2550 haec
373 2522 409 2548 ita
422 2526 451 2548 vt
465 2522 540 2553 sunt,
559 2516 657 2546 cautim
669 2518 846 2582 'annatim
859 2517 950 2551 dabis,
965 2517 984 2544 fi
998 2518 1089 2552 sapies.
1137 2515 1216 2552 Apud
1229 2516 1303 2543 Non.
1320 2523 1352 2541 11.
1415 2518 1463 2545 illa
1483 2518 1656 2545 cauillatione
1676 2518 1851 2550 discesserint,
1868 2527 1923 2544 non
1945 2519 2028 2553 magis
2046 2516 2164 2544 sufficere
2186 2515 2322 2552 in-aliquo
2335 2517 2422 2552 grauia

294 2567 330 2586 22
350 2557 441 2584 Aetius
467 2555 656 2591 Alphesiboea,
709 2555 724 2581 d
750 2554 802 2581 tibi
830 2555 929 2582 cautim
949 2553 989 2582 est
1003 2552 1157 2580 adeundum
1184 2551 1218 2579 ad
1249 2551 1350 2580 virum.
1369 2557 1402 2589 σς
1416 2554 1476 2581 austu
1490 2561 1536 2581 etc.
1608 2553 1647 2580 Id.
1662 2562 1740 2589 2,17‚
1754 2563 1785 2587 3ο
1807 2554 1924 2581 Plurima
1943 2564 1975 2581 ex
1996 2563 2030 2581 co
2049 2561 2142 2581 conti-a
2159 2551 2308 2581 rhetoricen
2324 2553 2421 2580 canina.

294 2594 369 2622 Idem
382 2592 545 2625 Philocteta,
564 2593 665 2619 Contra
678 2592 714 2618 est
728 2590 844 2617 eundum
859 2591 958 2618 cautim
967 2610 975 2623 ,
994 2596 1020 2616 et
1033 2588 1162 2624 captando
1174 2588 1253 2615 mihi.
1414 2590 1466 2621 est,
1485 2589 1559 2625 quod
1573 2598 1605 2616 ex
1618 2596 1731 2625 Vtraque
1745 2591 1833 2617 causae
1845 2596 1919 2625 parte
1938 2590 2057 2623 dicatur,
2076 2593 2094 2616 ι’.
2115 2590 2193 2617 multa
2215 2598 2244 2616 αν
2262 2594 2308 2617 ute>
2319 2594 2343 2616 et
2355 2587 2421 2626 flaba

333 2636 350 2657 c
359 2635 409 2656 AV
419 2636 441 2655 T
451 2635 460 2654 1
469 2635 489 2654 V
499 2635 513 2655 s
529 2629 571 2654 vel
591 2633 607 2654 C
617 2635 638 2654 A
647 2635 668 2654 'r
677 2636 687 2655 1
697 2635 718 2654 V
727 2634 739 2653 S
760 2627 830 2653 Deus
850 2626 918 2662 aptid
939 2625 1077 2660 Augustin.
1103 2625 1134 2652 dc
1159 2625 1190 2651 C.
1216 2624 1248 2650 D.
1269 2633 1298 2657 4,
1323 2631 1349 2649 21
1416 2634 1505 2652 contra
1519 2627 1658 2653 rhetorici-n
1677 2626 1846 2662 disputantur.
1918 2626 1956 2653 Id.
1972 2636 2011 2659 ιο,
2022 2633 2050 2661 7,
2065 2635 2095 2659 14
2115 2626 2183 2652 Cum
2196 2625 2253 2652 infe
2263 2624 2290 2651 ix
2300 2623 2347 2652 illa
2361 2622 2421 2651 vert

296 2664 346 2693 Sed
360 2664 378 2691 si
394 2664 479 2691 virtus
493 2672 547 2689 non
559 2663 608 2689 nisi
621 2663 654 2689 ad
667 2662 833 2698 ingeniosum
848 2663 928 2698 posset
941 2662 1052 2694 venire,
1071 2661 1136 2696 quid
1148 2669 1216 2695 opus
1229 2667 1284 2686 erat
1293 2659 1351 2685 Deo
1413 2672 1474 2689 rum
1490 2662 1629 2689 cauillatio
1640 2663 1757 2695 accedit,
1776 2668 1802 2688 et
1816 2663 1904 2689 cui-sus
1918 2663 1951 2689 ad
1964 2662 2064 2697 singula
2073 2661 2185 2696 vestigia
2204 2660 2300 2688 restitit
2313 2670 2319 2687 ς
2353 2658 2421 2690 cusi}

295 2701 377 2728 Catio
391 2700 447 2734 (al.
462 2699 576 2730 Cautio)
596 2705 686 2732 patre,
706 2699 752 2733 qui
767 2700 846 2725 Catos
865 2699 923 2732 (al.
938 2699 1057 2730 Cautos)
1077 2697 1104 2724 id
1118 2696 1155 2723 est
1168 2702 1261 2723 acutos
1280 2696 1348 2722 face·
1415 2699 1455 2725 tio
1475 2694 1638 2730 vei-borum,
1659 2699 1799 2731 calumnia,
1818 2698 1892 2735 [ηυξ]
1909 2699 2048 2734 onustum,
2067 2707 2121 2724 cum
2140 2693 2418 2733 9ηςρ,-ὶη4φ,;ῃοῶῃ“

297 2743 355 2770 ret,
374 2745 435 2763 cum
464 2734 515 2761 hoc
545 2735 626 2770 poss'et
655 2735 777 2761 conferre
806 2734 920 2761 felicitas
935 2735 944 2761 Ξ
977 2733 1149 2769 Ingeniosmn
1180 2733 1280 2768 quippe
1306 2740 1351 2757 na·
1365 2743 1401 2771 70
1415 2733 1554 2767 heridatur,
1575 2737 1649 2761 etiam
1657 2734 1739 2770 falsa.
1810 2734 1881 2761 Hinc
1914 2741 2060 2761 mouentur
2089 2733 2166 2760 mille
2196 2733 2264 2760 iuris
2282 2730 2369 2760 tanin
2385 2739 2413 2753 ⁴1¹!

294 2773 332 2800 sci
343 2771 481 2799 felicitatis
495 2770 540 2797 est.
1413 2770 1546 2804 Qxinful.
1561 2778 1587 2805 7,
1601 2778 1624 2803 ς,
1637 2778 1677 2805 37.
1748 2769 1912 2797 Descendere
1925 2770 1958 2797 ad
1973 2769 2155 2797 cauillationes
2169 2769 2272 2804 ineptas
2290 2767 2329 2796 1d.
2342 2775 2358 2795 xv
2381 2773 2388 2794 v·
2398 2779 2439 2804 ’,;,

333 2814 413 2836 CAT
425 2814 445 2834 V
456 2813 510 2840 s,a‚
525 2815 581 2833 um.
615 2804 706 2838 [5512st
723 2803 876 2839 δεδηγμένος,
893 2804 906 2832 0'
918 2804 1014 2839 νενεχὴς
1035 2806 1094 2832 Vet.
1109 2804 1174 2839 GL]
1208 2804 1349 2840 Antiquam
1412 2806 1535 2841 Effugere
1548 2814 1655 2832 omnem
1671 2805 1869 2833 cauillationem
1890 2805 2022 2841 Qunam.
2038 2814 2058 2836 1,
2070 2813 2099 2839 ς,
2115 2810 2152 2838 38.
2334 2826 2337 2830 .
2376 2817 2377 2821 =
2398 2817 2407 2830 η

296 2844 455 2874 vocabulum,
469 2842 533 2870 idem
547 2840 614 2878 quod
626 2842 727 2868 Cautus.
764 2841 871 2868 Nonius
883 2850 914 2873 2,
927 2846 973 2875 184
994 2841 1144 2876 Sapientem
1165 2844 1350 2875 interpretatur
1449 2849 1466 2870 c
1475 2850 1494 2869 A
1505 2850 1526 2868 v
1535 2850 1545 2869 1
1556 2849 1572 2868 L
1582 2849 1597 2868 ι.
1607 2841 1630 2868 ,αἱ
1639 2848 1714 2869 TOR
1723 2861 1731 2874 ,
1753 2842 1819 2868 oris.
1845 2852 1880 2870 m,
1918 2841 2060 2877 [σκώηἹης]
2098 2841 2155 2868 Cic.
2169 2841 2224 2867 Att.
2237 2849 2264 2874 1,
2283 2848 2308 2872 13
2325 2839 2347 2866 C
2377 2867 2381 2871 ,
2426 2851 2427 2854 ’

295 2879 429 2917 laudatque
451 2879 509 2906 Cic.
522 2878 606 2905 Tusc.
618 2886 642 2910 2,
655 2885 688 2911 43
705 2886 728 2904 c.
748 2885 776 2909 19
806 2877 856 2903 Sed
875 2876 958 2904 homo
976 2883 1048 2904 catus
1068 2885 1204 2911 nunquam
1224 2876 1349 2902 terminat
1414 2884 1469 2905 tem
1484 2879 1537 2913 ipse
1551 2887 1635 2913 pat-110
1648 2878 1756 2910 animo,
1777 2884 1803 2904 et
1816 2887 1915 2913 prauo,
1931 2884 2021 2905 tamen
2035 2877 2175 2904 caninat-01·
2188 2874 2406 2911 genereillqjffl’.
2429 2879 2431 2881 ’

296 2925 345 2944 nec
358 2914 568 2950 magnitudinis,
585 2923 632 2948 nec
653 2913 838 2940 diuturnitatis
857 2912 968 2939 modum
981 2914 991 2939 3
1027 2913 1070 2940 vlu·
1083 2914 1178 2950 legitur
1190 2913 1262 2939 hodie·
1280 2912 1348 2938 Cau-
1367 2919 1399 2947 75
1414 2914 1487 2949 quod
1500 2915 1581 2941 etjam
1597 2913 1649 2940 fine
1662 2913 1800 2940 dicacitate
1813 2914 1934 2947 ridetur,
1951 2914 2020 2941 facie
2039 2913 2124 2948 magis
2147 2922 2228 2948 quam
2244 2911 2347 2939 facem,
2398 2910 2409 2931 ἠ
2440 2910 2441 2914 ’

298 2959 349 2980 tus.
371 2953 459 2979 Varro
473 2950 505 2978 de
519 2951 549 2977 L.
563 2951 594 2978 L.
609 2952 641 2982 6,
655 2958 667 2981 3
689 2959 713 2984 Ρ·
728 2956 773 2984 74,
786 2957 799 2981 3
817 2948 893 2983 Apud
907 2949 1037 2981 Ennium,
1055 2950 1111 2975 Iam
1132 2955 1188 2976 cata
1207 2948 1277 2983 figna
1291 2947 1349 2974 fere
1412 2951 1460 2977 lus.
1536 2952 1566 2976 Et
1579 2949 1688 2984 Ge11.-4‚
1702 2958 1736 2976 20
1759 2950 1816 2983 Qii
1829 2950 1935 2976 iurabat
1955 2949 2096 2977 cauillator
2114 2948 2226 2984 quidem
2246 2953 2272 2975 et
2288 2947 2357 2975 caui
2408 2965 2410 2969 -

297 2988 415 3016 sonitum
427 2987 490 3015 dare
509 2995 576 3014 voce
591 2985 726 3020 parabant.
761 2986 843 3017 Cata,
862 2989 937 3010 acuta
952 2995 957 3010 ε
994 2984 1044 3011 hoc
1062 2985 1134 3011 enim
1153 2983 1238 3011 verbo
1257 2983 1348 3010 Sabini
1411 2986 1493 3013 nimis
1502 2985 1674 3013 ridicularius
1687 2985 1749 3012 fuit.
1821 2985 1924 3012 Probus
1936 2985 2078 3013 cauillator
2093 2984 2176 3012 Plaut.
2191 2985 2280 3012 Truc.
2294 2983 2348 3016 3,.2,
2428 3003 2433 3014 ,

297 3024 392 3052 dicunt
406 3034 413 3050 :
450 3031 534 3058 quare
563 3023 643 3049 Catus
663 3021 755 3048 Aelius
773 3021 883 3053 Sextus,
902 3028 972 3052 non,
997 3027 1027 3047 vt
1046 3021 1136 3053 aiunt,
1161 3020 1284 3055 Sapiens,
1304 3018 1348 3046 sed
1446 3029 1522 3050 CAV
1534 3029 1626 3050 11.LA
1637 3028 1658 3049 Τ
1670 3028 1754 3054 Rlx,
1771 3021 1828 3048 icis.
1864 3021 1884 3048 f.
1921 3021 2054 3055 Quinctil.
2068 3029 2095 3056 7,
2110 3029 2132 3053 3,
2141 3029 2172 3055 14
2190 3019 2323 3054 Quibusd
2336 3027 2356 3044 ο.
2400 3052 2404 3056 Ἴ
2428 3021 2430 3023 ’

298 3066 405 3093 acutus,
425 3064 452 3086 et
464 3058 538 3093 quod
553 3057 590 3084 est
600 3078 610 3091 ,
629 3063 692 3085 tunc
706 3057 793 3092 coepit
808 3056 962 3083 memorari·
1032 3056 1115 3083 Simul
1129 3062 1185 3083 cata
1197 3055 1268 3082 dic‘ia
1282 3056 1349 3082 acci·
1411 3059 1466 3085 cuit
1479 3058 1588 3093 quidem
1602 3057 1713 3085 omnino
1727 3056 1833 3084 subtilis
1846 3056 1910 3084 haec
1922 3063 1948 3084 et
1961 3057 1995 3084 ad
2006 3065 2110 3084 morem
2119 3056 2341 3083 Dialefflcorum.
2354 3060 2367 3082 ‹1‘

299 3095 395 3130 pienda
415 3100 491 3122 acuta
515 3093 596 3121 dieta.
672 3095 762 3122 Verum
787 3094 809 3119 A
829 3091 958 3127 sapientia
976 3091 1035 3118 sunt
1050 3092 1172 3127 imposita
1185 3098 1306 3119 catorum
1322 3097 1347 3118 et
1361 3098 1394 3125 80
1410 3094 1543 3122 conclutio
1553 3115 1560 3127 ,
1578 3101 1608 3121 vt
1622 3094 1651 3121 in
1664 3092 1886 3129 disputationibus
1898 3093 1986 3129 potius
2001 3102 2048 3128 per
2060 3090 2330 3128 argumentavei-bot·
2356 3110 2370 3113 ,,

298 3131 467 3158 corculorum
479 3131 590 3157 nomina
619 3129 685 3157 Plin.
699 3137 726 3164 7,
741 3137 774 3162 3¹·
843 3127 954 3164 Egregie
968 3127 1089 3154 cordatus
1104 3127 1188 3154 homo
1209 3134 1279 3154 catus
1299 3128 1348 3154 Ae·
1410 3131 1506 3163 latrix,
1528 3139 1608 3165 quam
1622 3130 1650 3156 in
1668 3129 1784 3157 oratoris
1809 3127 1901 3156 officio
1918 3129 2033 3157 multum
2053 3129 2166 3156 allatura
2183 3127 2324 3155 momenti.
2354 3151 2369 3156 ,
2426 3153 2429 3160 ,

299 3166 346 3193 liu'
364 3167 456 3194 Sextus
490 3167 555 3193 Enn.
575 3172 615 3202 ap.
635 3166 690 3193 Cic.
709 3165 792 3192 Tusc.
808 3174 817 3191 1
838 3174 861 3191 c.
873 3173 900 3198 9.
969 3163 1051 3190 Plaut.
1064 3164 1132 3189 Pers.
1146 3172 1178 3197 4,
1191 3173 1226 3198 4,
1247 3171 1282 3198 70
1311 3162 1346 3190 Di
1408 3175 1435 3200 2,
1453 3175 1487 3199 ις,
1500 3174 1530 3199 25
1553 3168 1666 3193 Platonis
1679 3164 1800 3200 σοφιςικὴν
1811 3165 2001 3192 cauillatricem
2012 3165 2129 3202 appellat.
2343 3164 2351 3192 i
2364 3197 2366 3201 ι
2426 3167 2433 3200 2

300 3202 376 3229 istam
397 3202 524 3237 perdant,
544 3203 582 3229 ita
602 3206 659 3229 cata
683 3201 720 3228 est
741 3207 767 3228 et
790 3200 894 3227 callida.
966 3198 1040 3236 Cous.
1063 3199 1101 3225 Id.
1125 3199 1204 3226 Most.
1229 3208 1249 3232 1,
1269 3208 1290 3232 3,
1307 3208 1347 3232 29.
1445 3203 1662 3230 CAV11.1.AT
1675 3209 1733 3233 vs,
1752 3210 1784 3234 a,
1804 3210 1859 3228 um.
1897 3201 2008 3237 Paffiue,
2027 3201 2093 3228 idem
2111 3209 2141 3228 ac
2159 3199 2278 3227 Illusus..
2299 3198 2321 3226 A
2358 3227 2361 3229 ,
2426 3203 2431 3228 t

300 3243 325 3264 et
339 3245 362 3270 ς,
376 3246 401 3270 2,
415 3247 449 3264 ει.
518 3238 668 3266 Mercurius
685 3243 757 3264 catus
784 3238 852 3264 Hor.
873 3237 961 3264 Carm.
981 3244 1000 3267 1,
1015 3243 1053 3268 10,
1065 3244 1087 3268 3.
1156 3236 1253 3262 Catum
1267 3235 1349 3262 confi-
1411 3246 1435 3271 3,
1445 3247 1489 3273 ¹37
1507 3237 1610 3273 Lepido
1625 3239 1748 3265 sermone
1763 3236 1866 3264 Fotidis
1885 3237 2032 3265 cauillatus.
2087 3236 2127 3264 Id.
2143 3244 2160 3269 9
2168 3245 2198 3271 p.
2211 3243 2270 3268 230,
2288 3241 2302 3268 5
2348 3236 2368 3270 <f
2410 3259 2412 3264 ,

302 3273 371 3301 lium
393 3273 474 3300 Plaut.
487 3273 563 3310 Epid.
579 3283 601 3307 2,
616 3283 639 3307 2,
653 3282 693 3310 73.
713 3274 737 3300 h.
751 3283 770 3300 e.
790 3272 927 3300 Prouidum
942 3278 966 3298 et
990 3273 1071 3297 artum.
1142 3271 1210 3299 Ter.
1228 3271 1309 3298 Andr.
1323 3281 1346 3305 5,
1365 3278 1394 3308 85
1410 3274 1541 3301 blanditie
1571 3273 1726 3301 cauillatum
1755 3272 1901 3301 deducebat
1933 3281 2065 3309 puerum:
2099 3271 2170 3299 modo
2197 3280 2248 3298 non
2275 3271 2298 3298 le
2342 3272 2365 3290 ⁴¹*
2406 3265 2432 3318 ἶ,

301 3317 329 3342 2,
342 3317 373 3342 14
392 3308 492 3336 Nescio
522 3310 571 3346 qui
602 3311 680 3337 senex
712 3308 795 3336 modo
824 3308 898 3335 venit
912 3317 918 3332 ι
954 3317 968 3334 e
981 3307 1036 3333 lum
1051 3306 1056 3333 !
1093 3306 1244 3340 confidens,
1266 3314 1346 3335 catus.
1411 3310 1568 3338 Cauillatus.
1690 3310 1761 3337 Certe
1790 3310 1855 3336 alter
1888 3311 1974 3342 locus,
2006 3311 2049 3346 qui
2074 3315 2126 3344 pro
2152 3306 2252 3343 paffiua
2272 3276 2325 3343 sti?
2338 3305 2360 3338 “,
2408 3339 2411 3344 ,

307 3345 356 3373 Vbi·
366 3344 504 3372 Donatus:
527 3347 635 3379 Catus,
655 3345 790 3378 Callidus,
804 3343 911 3379 deeius.
983 3343 1038 3370 Cic.
1051 3343 1084 3371 de
1096 3342 1256 3376 Legib.1,43
1278 3344 1347 3379 Qiis
1410 3345 1538 3381 affi’renda
1567 3345 1703 3377 laudatur,
1725 3347 1880 3382 Deponentr's
1912 3352 2030 3373 viaturam
2053 3347 2156 3372 retinet.
2230 3343 2361 3378 Nimirum,
2407 3371 2409 3386 ⁴
2426 3351 2428 3356 ·

300 3380 383 3416 igitur
397 3380 568 3415 prudentem,
587 3388 613 3408 et
627 3386 672 3414 (vt
687 3383 725 3410 ita
737 3381 842 3413 dicam)
861 3385 965 3412 catum,
983 3388 1038 3406 non
1051 3378 1175 3413 exipsius
1187 3378 1291 3414 habitu,
1305 3380 1349 3408 sed
1410 3391 1424 3416 3
1458 3391 1483 3417 p.
1513 3389 1566 3417 137,
1591 3389 1625 3417 27
1666 3382 1704 3409 Ac
1735 3381 1771 3408 fic
1801 3381 1892 3416 lepido
1923 3382 2045 3409 sermone
2073 3378 2176 3407 Fotidis
2207 3378 2334 3405 inuicem·
2355 3389 2358 3395 ¹
2406 3406 2411 3415 l

302 3425 335 3444 ex
349 3416 439 3452 aliqua
453 3424 482 3442 re
500 3422 607 3443 externa
620 3418 744 3445 iudicet?
815 3416 894 3452 Apul.
909 3415 982 3443 Flor.
996 3424 1021 3450 p.
1041 3423 1086 3448 34¹
1110 3414 1186 3442 Solus
1201 3421 1260 3442 ante
1279 3416 1348 3444 alios
1409 3424 1469 3452 tus,
1503 3419 1572 3454 Ergo
1603 3417 1687 3453 igitur
1719 3417 1775 3444 iam
1805 3423 1832 3443 et
1864 3417 1919 3452 ipse
1958 3417 2069 3452 pomini,
2094 3416 2207 3451 inquam
2239 3421 2286 3440 etc.
2359 3417 2361 3440 ζ
2409 3447 2411 3453 ‚

299 3459 372 3480 catus
385 3460 488 3480 canere.
559 3453 626 3480 Hor.
641 3454 729 3480 Carm.
743 3462 766 3486 3,
783 3462 820 3487 12,
835 3462 864 3480 10
881 3453 961 3480 Catus
981 3452 1036 3478 alto
1056 3451 1205 3478 latitantem
1221 3451 1348 3480 fruticeto
1360 3461 1397 3488 90
1413 3453 1513 3486 Fotide,
1548 3453 1601 3490 ipse
1631 3456 1738 3481 inuicem
1771 3453 1915 3481 cauillamr.
1968 3451 2070 3488 Lepido
2088 3453 2209 3479 sermone
2233 3449 2342 3487 abftlute·
2355 3448 2365 3484 ’μη
2406 3449 2408 3453 “

298 3488 420 3523 excipere
439 3496 542 3523 aprum.
1408 3489 1511 3518 viderur
1523 3489 1605 3524 onusti,
1619 3489 1657 3516 in,

339 3530 357 3551 c
368 3531 389 3551 A
399 3530 421 3551 'r
430 3531 456 3551 E.
493 3523 631 3558 [vwxffis]
666 3525 749 3552 Caute.
786 3524 870 3552 Plaut.
884 3524 956 3551 Men.
971 3531 991 3557 1,
1005 3531 1031 3556 2,
1044 3531 1078 3550 22
1098 3522 1140 3549 Sic
1152 3521 1227 3550 decet
1240 3522 1298 3550 dari
1311 3524 1357 3551 fa-·
1445 3533 1493 3554 CA
1502 3533 1522 3552 v
1532 3533 1541 3552 1
1551 3533 1567 3553 1.
1578 3532 1593 3552 ι.
1602 3532 1623 3553 A
1633 3530 1709 3553 'ron
1718 3531 1728 3552 1
1737 3530 1796 3556 vs,
1816 3532 1848 3558 a,
1868 3533 1924 3552 um.
1966 3524 2018 3558 Vt,
2035 3520 2180 3552 'ri-amnis
2198 3520 2339 3548 frustrato
2354 3527 2357 3538 ⁵
2385 3531 2390 3551 ;

304 3566 360 3587 cete
373 3559 472 3593 verba,
491 3558 594 3587 custodi
607 3564 670 3586 cate.
743 3559 816 3587 Idem
828 3560 888 3587 Mil.
905 3569 928 3593 3,
944 3569 965 3593 1,
980 3567 988 3586 1
1010 3560 1078 3586 Cum
1091 3567 1154 3585 cura
1167 3564 1192 3585 et
1206 3565 1261 3585 cate
1276 3559 1349 3587 locus
1410 3561 1578 3595 villatorius,
1599 3561 1628 3588 in
1642 3560 1690 3588 lib.
1702 3567 1730 3594 35
1741 3559 1768 3586 ff.
1782 3566 1801 3587 t.
1815 3568 1832 3587 2
1851 3560 1869 3588 1.
1885 3565 1923 3591 88.
1942 3578 1944 3580 -
2305 3589 2312 3596 ,
2340 3568 2341 3573 ’
2356 3563 2362 3573 “

305 3595 433 3630 loquendi
445 3594 530 3622 ledus
541 3594 587 3621 est.
657 3595 713 3622 Cic.
726 3596 756 3622 in
769 3597 841 3623 Arat.
856 3606 882 3623 v.
895 3605 946 3630 304
962 3595 1040 3622 Tum
1054 3600 1161 3621 tornare
1173 3599 1230 3622 cate
1243 3603 1348 3624 contor-
1446 3605 1523 3626 CAv
1533 3605 1542 3625 i
1552 3605 1593 3625 ιι.
1603 3604 1643 3624 os
1653 3603 1695 3623 vs
1705 3615 1714 3629 ,
1734 3605 1765 3629 a,
1788 3605 1843 3623 urn.
1880 3594 2026 3623 Cauillator.
2060 3593 2144 3621 Firm.
2158 3600 2182 3627 ς,
2195 3597 2209 3623 8
2229 3591 2330 3622 Astuu,
2386 3591 2405 3614 ¹:-

305 3635 346 3658 tos
361 3631 448 3666 poffiet
461 3630 558 3664 orbes,
573 3631 664 3664 Quum
677 3631 735 3658 sunt
750 3631 779 3657 in
791 3632 864 3659 eaelo
876 3632 971 3659 diuino
980 3630 1090 3658 numine
1109 3629 1180 3657 flexi.
1360 3641 1393 3668 93
1409 3633 1528 3662 czuillofi
1543 3639 1570 3661 ς(
1583 3632 1739 3660 insidiarum
1759 3631 1842 3667 pleni,
2343 3628 2351 3653 ἱ
2371 3618 2415 3668 ὃ

343 3671 361 3692 c
371 3675 392 3693 A
400 3675 421 3694 v
429 3675 451 3694 Τ
460 3674 526 3700 OR,
544 3667 610 3693 oris.
629 3675 666 3692 m.
689 3667 845 3699 [ἒνλαβητῆς
852 3688 860 3701 ,
875 3667 1010 3702 ἐγγυητὴς]
1024 3684 1026 3687 >
1046 3668 1098 3703 Qu·
1109 3671 1180 3694 caue!
1192 3671 1216 3692 ee
1223 3667 1349 3701 prouidet.
1449 3675 1467 3697 c
1477 3677 1498 3697 A
1507 3677 1528 3696 v
1538 3677 1573 3696 11.
1582 3676 1598 3696 L
1608 3670 1657 3696 ᾹΤ
1665 3675 1686 3695 V
1696 3675 1709 3695 s
1717 3688 1726 3701 ,
1746 3667 1785 3696 sis.
1821 3677 1858 3695 tn.
1894 3665 2044 3697 (buil-latio,
2058 3664 2145 3704 Jocus.
2182 3657 2390 3703 Apul.·Met.Q
2406 3668 2408 3670 ’

307 3700 389 3728 Plaut.
407 3703 482 3738 Capt.
491 3711 523 3736 2,
537 3710 582 3736 2,5
603 3702 659 3736 Qui
673 3708 758 3736 cauet,
772 3712 805 3729 ne
817 3702 982 3738 decipiatur,
1002 3703 1049 3730 vix
1059 3708 1151 3735 canet,
1174 3710 1254 3737 quem
1266 3703 1347 3731 etiam
1411 3704 1461 3733 Sed
1474 3705 1520 3732 ille
1531 3705 1640 3740 cognito
1654 3703 1780 3731 cauillatu
1789 3723 1797 3738 ,
1819 3702 1912 3731 fimitis
1923 3701 2071 3734 indignanti
2080 3718 2088 3732 ‚
2109 3700 2142 3726 At
2160 3705 2188 3726 te
2199 3699 2300 3735 inqmt,
2313 3719 2321 3736 <,
2344 3724 2345 3727 .
2365 3682 2414 3741 ..ςῦ

306 3743 382 3763 cauet
401 3746 406 3761 :
440 3739 520 3766 etiam
541 3747 623 3774 quom
644 3738 738 3765 cauisse
755 3746 827 3765 ratus
846 3739 900 3771 est,
920 3739 996 3774 saepe
1020 3739 1043 3766 is
1068 3744 1162 3766 cautor
1187 3744 1277 3772 captus
1302 3739 1348 3766 cst.
1447 3748 1464 3769 c
1475 3749 1496 3769 A
1505 3748 1545 3768 v1
1556 3748 1571 3768 1.
1580 3749 1597 3768 ι.
1606 3748 1626 3768 A
1637 3747 1653 3768 Β
1662 3748 1682 3767 ν
1691 3747 1741 3768 NI>
1750 3747 1810 3773 vs,
1829 3747 1860 3772 a,
1880 3746 1934 3765 um.
1969 3735 2090 3763 Tei-tull.
2103 3735 2135 3761 de
2149 3735 2244 3762 Anima
2256 3742 2279 3760 c.
2293 3739 2333 3765 34-
2352 3733 2365 3746 ·’
2378 3741 2408 3769 «²5

307 3770 492 3801 roi-mularum
503 3781 595 3802 cautor
615 3774 672 3801 Cic.
685 3774 717 3801 de
730 3774 806 3802 Orat.
819 3783 840 3807 1,
856 3776 906 3808 236
919 3784 939 3801 c.
954 3783 990 3809 55.
1060 3774 1108 3804 Sed
1118 3775 1204 3802 melius
1217 3773 1287 3801 hodie
1299 3775 1350 3801 edu·-
1410 3782 1467 3805 «ειη
1476 3797 1484 3810 ,
1502 3786 1557 3804 non
1570 3776 1679 3810 fallens,
1697 3785 1753 3804 non
1765 3771 1972 3802 cauillabundus.
1996 3774 2016 3798 ι’.
2033 3771 2233 3798 caninat-[murm
2253 3774 2277 3796 et
2291 3767 2332 3796 So
2344 3782 2353 3788 ·=

305 3813 350 3834 tur
362 3808 470 3836 Cantor.
540 3810 656 3837 Periculi
675 3809 758 3838 alieni
777 3817 884 3842 cautor,
903 3813 946 3845 qui
958 3811 1077 3847 filicitus
1088 3808 1122 3845 est
1136 3817 1160 3838 et
1165 3809 1284 3846 prouidet
1290 3829 1300 3842 ,
1319 3811 1622 3846 miooeluderestudens.
1833 3816 1836 3819 '
2214 3818 2220 3847 j
2335 3812 2350 3830 ⁴·
2372 3788 2421 3850 σῇ

303 3846 362 3880 quis·
374 3844 473 3870 incidat
485 3848 512 3871 in
521 3848 660 3881 periculum
679 3845 734 3874 Cic.
747 3856 796 3882 pro
809 3847 877 3874 Sext.
892 3853 917 3878 ις
931 3855 953 3872 c.
965 3854 991 3880 7.
1327 3854 1329 3858 ⁴
1447 3856 1494 3876 CA
1503 3855 1525 3876 V
1537 3854 1554 3875 1.
1563 3856 1585 3876 A
1594 3869 1603 3882 ,
1620 3856 1659 3875 ae.
1695 3846 1716 3874 f.
1749 3841 1873 3880 [Wrdfm
1881 3863 1890 3878 ‚
1908 3841 2063 3877 θθέμμᾶτων
2073 3839 2181 3879 possed-em
2191 3841 2249 3868 vet·
2263 3833 2370 3879 (510πὸ
2381 3877 2383 3880 ,
2397 3848 2400 3852 “
2410 3864 2411 3869 ¹

342 3885 390 3919 an
398 3885 418 3904 v
427 3886 449 3906 'r
459 3881 477 3907 ἑ
485 3887 501 3907 1.
511 3889 548 3914 A,
569 3890 608 3909 ae.
643 3882 665 3908 f.
699 3881 872 3916 [ἄσφάλισμαι
884 3883 944 3908 Vet.
959 3882 1057 3918 Gloffi]
1094 3882 1190 3910 Cautio.
1225 3880 1307 3908 Paull.
1321 3881 1350 3908 in
1409 3883 1500 3918 bulum,
1509 3887 1536 3911 in
1550 3893 1596 3925 quo
1603 3882 1710 3920 pecude:
1721 3880 1858 3908 cluduntur
1870 3889 1882 3910 ,¹
1915 3878 2003 3906 Festus
2010 3898 2019 3911 ,
2035 3878 2134 3905 Caulae
2147 3887 2162 3905 a
2173 3883 2240 3907 cauo
2248 3872 2385 3917 ,ΦΨ-’5
2394 3879 2406 3888 ’“

305 3911 324 3941 Ι.
341 3914 368 3941 Si
387 3913 534 3943 defunctus.
552 3915 576 3952 §.
596 3917 654 3952 Qu
672 3917 705 3944 ad
724 3919 869 3946 communi.
883 3917 914 3944 D.
929 3916 961 3943 de
973 3918 1140 3946 Procurator.
1187 3916 1217 3944 ui
1231 3916 1264 3944 ad
1278 3925 1349 3944 com·
1411 3921 1500 3954 quitus
1513 3929 1586 3947 enim
1600 3924 1661 3947 ante
1677 3917 1752 3945 vsum
1764 3915 1897 3943 «estonum
1906 3934 1915 3948 ,
1934 3922 1999 3941 oues
2012 3915 2041 3941 in
2054 3914 2137 3948 antris
2150 3913 2170 3948 (
2183 3906 2322 3952 faut-12⁶}
2362 3919 2364 3925 ²
2394 3915 2396 3920 '
2408 3935 2411 3944 ,

303 3950 380 3977 muni
391 3949 540 3978 diuidundo
553 3953 684 3980 iudicium
698 3954 773 3982 datus
785 3954 822 3981 est
836 3954 868 3981 ad
883 3953 1027 3988 agendum,
1046 3954 1111 3983 item
1123 3959 1150 3980 et
1161 3962 1181 3986 a,
1208 3952 1349 3980 defenden-
1411 3960 1465 3982 tur.
1538 3954 1693 3990 Virg.·Aen.
1703 3960 1732 3987 9,
1744 3953 1780 3978 60
1800 3952 1838 3977 Ac
1848 3950 1933 3977 veluti
1947 3950 2027 3985 pleno
2038 3950 2115 3985 lupus
2131 3949 2136 3955 '
2167 3946 2262 3975 idum
2271 3939 2409 3979 ⁰⁰¹¹¹⁹³Q¹

301 3984 519 4014 dumvvidebitur
530 3987 618 4020 datus,
636 3989 736 4024 duplici
750 3989 1056 4024 cautelainterponenda.
1125 3989 1286 4026 Pomponius
1294 3989 1348 4018 inl·
1362 3989 1505 4023 105fremit
1518 3991 1550 4018 ad
1564 3989 1657 4019 caula·-
1733 3986 1783 4016 Vbi
1789 3986 1912 4022 Seruius,
1922 3985 2033 4020 Caulas,
2049 3985 2223 4016 Munimenffl
2229 3986 2256 4008 ‘²‘
2263 3980 2336 4035 ἷξΡῘ.
2358 4005 2362 4010 -
2406 3990 2408 3995 ”
