2474 4182
238 115 338 156 1219
642 102 676 143 C
753 101 789 140 O
859 98 903 139 N
1719 98 1754 138 C
1844 98 1880 138 O
1961 98 2005 140 Ν
2307 119 2390 148 1220

242 194 319 219 altior
337 201 362 218 ,0
381 190 479 219 brem-m.
496 191 590 219 umbra,
662 190 772 216 vultum
794 186 967 220 contrahere,
994 184 1028 220 qs?
1042 185 1173 220 Austerius
1194 187 1287 211 intueri
1353 187 1458 221 cogitur
1474 186 1615 221 fatigatu53
1652 187 1731 215 aliter
1745 187 1877 220 incultus,
1897 186 1996 222 integri
2021 189 2135 224 spiritus.
2205 193 2394 222 Pseudo-Cor—

244 228 325 254 Ouid.
345 236 376 254 ex
395 229 468 254 Pont.
484 237 517 261 4,
531 237 559 260 3,
581 236 608 262 7,
629 233 660 253 vt
677 227 812 251 Frontem.
1011 221 1032 260 ff
1060 231 1072 255 3
1107 221 1287 252 Contrahere,
1354 223 1439 249 nelius
1454 223 1544 248 Gallus
1557 231 1580 255 ς,
1595 231 1626 257 57
1645 224 1817 251 Contraetare
1831 225 1886 257 (al.
1901 223 2082 257 contrectare)
2099 236 2176 254 manu
2191 229 2280 263 coepit
2297 229 2394 263 frigen.

244 261 435 297 [συμέαέλλειη
453 263 649 296 συναλλάττειν]
687 259 784 296 Pacisci
796 269 807 288 ‚⁴
831 265 861 285 vt
871 258 909 294 fit
927 261 953 284 in
969 258 1091 290 emendis,
1109 257 1287 292 vendendisque
1355 259 1392 285 tia
1407 257 1542 290 membra,
1561 259 1657 291 Meque
1670 261 1750 286 etiam
1763 260 1852 295 digitis
1864 260 2006 285 sollicitare
2028 261 2088 287 suis.
2140 262 2258 298 Refertur
2270 264 2396 301 adsensus

243 299 369 325 mercibus.
406 299 465 326 Vni.
490 306 507 326 C
520 307 538 326 (J
549 306 569 325 N
578 305 598 324 T
609 305 655 323 ΗΛ
665 301 683 322 C
694 303 714 322 T
724 302 744 322 V
754 303 776 321 S.
848 295 904 321 Cic.
920 293 997 321 Offic.
1011 303 1034 326 3,
1046 296 1080 320 66
1092 303 1113 319 (-
1125 301 1153 325 ⁴5
1175 293 1289 318 Toum·
1354 297 1428 320 etiam
1443 295 1565 329 reliqum,
1584 293 1706 329 iRfilmque
1720 296 1778 322 adeo
1792 300 1899 322 animum
1914 302 1937 321 et
1951 299 2133 331 cogitationem.
2168 300 2205 324 De
2218 300 2331 332 inuidia,
2349 309 2396 335 qua

245 335 309 361 dum
320 335 356 361 est
367 335 452 369 igitur
464 344 495 361 ex
510 335 586 360 rebus
600 330 784 358 contrahendis
802 339 881 357 omne
895 330 1070 356 mendacium.
1124 329 1197 355 Idem
1212 329 1288 354 Verr.
1313 337 1327 363 ς
1350 329 1474 365 putabant
1488 330 1564 355 oculis
1571 329 1702 364 fascinari
1712 333 1816 366 aliquem
1824 330 1899 368 posse.
1923 331 1989 357 Plin.
2008 336 2038 360 18,
2054 340 2063 357 1
2085 332 2227 368 Tabesque
2239 335 2322 361 animi
2336 344 2395 361 con.

246 378 334 405 4,170
359 371 430 398 Nam
451 379 514 405 quas
533 368 654 403 pecunias
675 368 708 393 iis
726 365 829 393 ferebat
849 366 987 400 expensas,
1008 365 1166 400 quibuscum
1187 371 1288 390 contra·
1355 364 1464 391 tree‘tata
1479 364 1580 395 adurit,
1604 364 1767 398 culpantium
1780 368 1880 394 omnia.
1951 366 1994 392 Sol
2008 366 2110 393 nudum
2125 366 2286 396 corruet-:tans
2303 379 2396 405 corpu!

247 406 340 437 hebat,
358 413 403 432 etc.
475 406 531 431 Cic.
550 402 626 430 Offic.
646 412 677 435 2,
697 412 734 437 40
761 411 782 427 c.
795 411 816 428 11
844 403 929 437 Atque
948 401 981 427 iis
994 402 1090 432 etiam,
1110 400 1157 434 qui
1172 399 1289 425 vendunt
1355 401 1435 435 aqua'i'
1455 400 1559 426 Lucret.
1573 401 1599 431 6,
1614 405 1672 432 854.
1743 401 1836 428 Oculis
1850 402 1923 436 vulgi
1937 401 2042 436 aliquid
2059 403 2274 431 contre-§tandum
2292 406 2398 439 permit—

247 448 354 473 emunt,
373 441 520 468 conducunt
535 439 639 471 locant,
658 437 896 473 contrahendisque
914 437 1027 471 negotiis
1042 436 1229 470 implicantur,
1250 436 1290 460 iu-
1353 443 1409 463 tere
1427 436 1519 462 Tacit.
1534 436 1600 461 Ann.
1614 444 1637 467 3,
1651 444 1689 468 12,
1703 438 1719 461 6
1739 437 1801 462 Item
1813 438 1964 464 Lac‘lantius
1978 438 2009 464 de
2024 437 2141 472 Opificio
2155 439 2205 465 Dei
2219 448 2238 471 ι,
2253 448 2276 472 15
2296 441 2370 474 Qrae
2382 451 2396 469 a

247 478 318 504 stitia
336 478 368 503 ad
387 486 443 503 rem
463 475 603 509 gerendam
622 474 759 500 necessaria
779 474 823 499 est.
901 473 1015 506 Qiantis
1035 472 1162 498 molestiis
1182 477 1289 502 vacant,
1353 471 1432 499 nobis
1451 471 1529 506 longe
1542 477 1675 503 remotae,
1695 480 1782 505 neque
1794 473 1879 499 oculis
1893 474 2069 505 contrectari,
2083 475 2247 508 nequetangi
2261 484 2398 508 manume—

248 514 295 548 φη
314 513 383 539 njhjl
403 511 514 537 omnino
534 520 594 537 cum
614 509 713 545 populo
733 509 890 536 contrahunt
903 508 986 548 scu.
998 508 1080 534 Tusc.
1095 515 1122 540 5,
1144 514 1187 540 105
1211 516 1232 532 c.
1250 509 1287 537 36.
1315 519 1344 537 10
1353 517 1405 543 que
1421 508 1522 548 percipi
1535 506 1648 532 sensibus
1662 507 1772 540 potsunt.
1849 509 1908 534 Vid.
1923 511 2021 536 Buncm.
2034 511 2068 535 ad
2080 509 2105 535 h.
2119 513 2137 535 l.
2174 511 2238 537 Aur.
2252 510 2396 546 Victi-ipit.

248 549 322 576 Idem
338 557 385 582 pro
399 547 504 573 Clueut.
518 556 547 579 41
568 547 635 572 Cum
650 546 698 572 illo
712 546 765 572 iam
779 554 858 571 nemo
876 551 1024 576 rationem,
1044 549 1122 569 nemo
1136 551 1192 569 rem
1208 542 1288 568 vllam
1353 553 1366 578 5
1387 543 1521 570 Genitalia
1535 542 1611 568 vultu
1626 542 1806 569 contre-§tabat
1821 553 1826 568 :
1862 552 1998 578 quanquam
2012 546 2070 571 hacc
2083 546 2213 580 turpitudo
2232 547 2302 572 vltra
2320 549 2398 574 oculos

248 582 427 611 contrahebat.
498 582 601 608 Paullus
620 582 638 608 l.
652 590 662 608 1
682 581 709 607 tf.
723 580 858 613 Mandati‚
877 579 1015 614 Obligatio
1034 579 1149 605 mandati
1163 578 1288 604 consensu
1346 587 1397 616 pro
1416 578 1485 612 resta.
1560 578 1616 603 Cic.
1631 578 1714 604 Tusc.
1727 587 1740 611 3
1753 587 1774 604 c.
1793 586 1818 611 15
1838 578 1953 612 Impellit
1964 582 2068 607 rursum
2082 587 2107 607 et
2121 580 2214 607 incitat
2226 581 2258 607 ad
2276 583 2399 617 conspici-

248 618 460 646 contrahentium
479 618 601 644 consistit.
635 618 702 643 Item
722 616 874 643 mandatum
892 621 917 641 et
938 616 966 641 in
980 615 1052 642 diem
1064 614 1182 647 differri,
1203 621 1228 640 et
1242 613 1288 640 sub
1354 625 1387 642 en
1408 624 1451 646 as,
1471 619 1580 647 totaque
1596 620 1684 639 mente
1696 614 1896 640 contre&andas
1907 616 1993 642 varias
2012 617 2170 651 voluptates.
2241 617 2398 646 Petulantiug

249 654 402 680 conditione
421 653 542 680 contrahi
562 653 654 687 potest.
726 652 830 687 leian.
851 652 867 677 l.
882 656 895 681 8
923 649 988 688 §.10
1013 651 1045 678 D.
1064 651 1098 677 ad
1117 650 1289 677 senatuscons.
1354 659 1395 676 eas
1413 648 1604 675 contrectantes
1618 649 1707 675 Persae
1722 650 1783 676 lust.
1795 658 1822 684 7,
1835 659 1858 682 3,
1872 658 1900 683 4.
1990 652 2162 679 ContreEtare
2176 652 2293 678 aliorum
2305 662 2398 681 vitores

250 690 379 716 Vellcian.
401 689 427 715 Si
440 699 523 724 quum
542 690 618 715 efl'em
637 687 687 715 tibi
708 687 905 719 comrafihuus,
929 686 1027 714 mulier
1046 686 1237 716 interuenerit,
1260 690 1290 710 vt
1311 698 1335 723 ¹5
1356 684 1597 724 Suet.Domit.c.i.
1669 684 1738 711 Add.
1752 685 2030 719 Plaut.Poen.;‚3‚32.
2102 687 2273 715 Contreftam
2285 688 2415 717 filiarum*
2446 705 2448 708 .

246 735 308 752 cum
320 726 374 759 ipsa
389 725 475 759 potius
490 724 652 751 contraham.
721 723 915 750 Contrahentes
929 729 1061 749 curatores
1076 722 1142 748 Cod.
1153 729 1178 751 2,
1189 727 1216 751 25
1237 719 1254 744 Ι.
1268 726 1290 750 ς.
1354 719 1486 754 pudicitia
1512 720 1605 746 Tacit.
1619 720 1735 754 Ann.14,
1744 723 1784 753 36.
1856 721 2044 755 Commetare,
2064 724 2241 759 Iureconjhltis
2256 722 2297 756 est,
2317 725 2351 752 Vt
2358 724 2398 752 do-

284 767 301 787 C
310 768 329 787 Ο
338 768 358 787 N
369 768 390 787 T
400 768 417 787 R
427 768 448 787 A
459 766 476 787 c
488 767 509 786 T
519 768 539 787 v
548 768 561 788 s
572 781 580 792 ‚
607 769 636 790 2,
669 768 723 786 um,
760 759 854 786 Partic,
892 758 905 792 [
913 759 1104 791 συνειλεγμένος]
1152 756 1200 786 Vt,
1220 754 1291 793 Cou—
1354 758 1447 781 minum
1460 758 1529 782 circa
1542 765 1593 782 rem
1606 756 1704 792 verfizri
1711 776 1719 788 ,
1741 764 1764 783 et
1778 760 1859 783 omnia
1871 761 1899 784 in
1913 767 1940 784 ea
1953 767 2033 794 agere,
2053 767 2112 793 quae
2125 759 2314 795 dominifhlent.
2348 762 2399 787 Au-

246 796 346 824 traelus
358 797 489 822 exercitus
501 796 561 822 Liu.
575 803 616 830 27,
629 804 669 828 41.
691 795 695 799 ”
739 795 806 821 Plin.
820 800 855 827 18,
869 803 885 821 2
908 794 1058 820 Contractis
1075 792 1106 817 ad
1119 790 1238 816 medium
1252 788 1290 814 di·
1354 790 1414 831 Hor-
1430 791 1562 830 Theophil.
1575 793 1604 824 ,οἵ
1618 802 1630 818 ι
1649 791 1732 818 Instit.
1753 792 1785 818 de
1805 793 1908 827 vsucap.
1991 792 2179 827 Contreelare,
2193 802 2243 830 pro
2262 794 2399 830 Traeiare,
2445 789 2449 806 ⁸

246 832 317 867 gitis.
390 832 533 858 Contracta
546 831 664 858 Breuitas
683 830 715 857 ad
728 830 841 857 verbum
860 839 943 856 vnum
963 830 1018 855 Cic.
1033 828 1065 853 de
1080 828 1154 853 Orat.
1168 834 1190 857 3,
1206 832 1245 857 155
1268 833 1280 850 c
1354 827 1383 853 de
1390 830 1517 862 scriptore
1531 827 1587 853 Cic.
1602 827 1634 853 de
1647 828 1721 854 Orat.
1736 836 1759 860 3,
1772 837 1808 861 24
1826 829 1898 855 Haec
1911 828 2017 855 facilius
2030 829 2134 856 diuulsa
2148 836 2174 856 et
2188 830 2257 865 quafi
2276 830 2403 867 discerpta·
2446 855 2448 859 ,

247 877 286 901 39.
359 867 460 902 Copiae
473 877 527 894 non
540 867 625 894 multo
638 873 698 893 ante
716 866 865 893 contractae
886 866 954 898 Nep.
970 869 1010 894 18,
1029 871 1057 894 3,
1072 871 1092 894 3·
1165 860 1291 900 Vndique
1302 875 1336 893 20
1355 862 1528 889 contrectant.
1603 863 1651 890 Sed
1658 868 1763 899 proprie
1779 864 1862 891 Liber
1875 864 1997 891 manibus
2011 865 2186 891 contrectatus
2207 868 2274 892 Hor.
2289 866 2366 901 Epist.
2379 874 2399 901 t,
2446 882 2447 893 1

247 903 384 930 contracto
397 904 514 930 exercitu
529 903 589 929 Liu.
605 910 645 937 27,
658 911 688 936 41
706 909 751 938 pr.
824 902 879 928 Cic.
895 908 943 933 pro
956 898 1050 930 Quint.
1065 906 1086 923 ιι
1112 896 1153 929 Id,
1168 896 1239 931 quod
1253 900 1291 922 ra·
1354 907 1398 931 20,
1413 907 1447 925 ιι.
1518 898 1641 925 Crimina
1654 900 1701 926 diu
1713 900 1876 926 contrectata
1895 900 2102 927 Pseudo-Corn.
2117 901 2208 928 Gallus
2222 905 2248 935 6,
2262 912 2289 935 4.
2383 919 2385 921 ·

245 939 321 966 cilius
340 939 427 965 facere
440 938 552 973 polluis,
570 938 640 965 dabo
653 947 775 972 operam,
792 943 821 963 vt
834 945 848 961 a
863 934 997 968 principio
1010 941 1051 959 res
1065 931 1291 973 quemadmodum
1392 941 1409 960 c
1419 940 1468 960 ON
1479 941 1501 960 T
1510 941 1528 960 R
1539 941 1555 960 E
1566 940 1584 961 c
1595 941 1646 961 TA
1657 943 1696 962 TI
1707 942 1726 962 o
1735 955 1743 968 ,
1762 935 1830 961 onis.
1853 936 1873 962 f.
1910 935 2089 971 [ψηλάφησις]
2126 937 2182 963 Cic.
2195 936 2227 963 de
2248 938 2310 963 Nat.
2323 937 2399 966 Deor.

243 974 313 1009 gesta
325 980 351 1000 et
363 974 498 1001 contracta
509 974 561 1008 est,
580 974 749 1008 cognoscatis.
819 969 977 996 Contractae
991 977 1032 995 res
1054 970 1110 996 Cic.
1123 967 1201 995 Offic.
1216 976 1236 999 1,
1254 976 1288 1000 ις.
1356 979 1378 1002 1,
1391 975 1423 1004 78
1438 978 1459 995 c.
1473 978 1504 1004 ²7
1525 970 1608 1003 Qod
1621 970 1649 996 ni
1663 971 1700 998 ita
1713 972 1790 1005 ess'et,
1811 980 1858 1000 cur
1869 980 1924 998 non
1936 972 2043 1007 gestiret
2054 980 2145 1000 taurus
2159 981 2241 1008 equae
2260 972 2411 1001 contreffi.

244 1012 354 1046 Propter
366 1019 407 1037 res
420 1015 478 1038 tuas
492 1010 530 1037 ita
542 1009 703 1039 contrac'tas‚
723 1014 751 1033 vt
769 1014 816 1031 nec
831 1010 922 1039 caput,
939 1013 986 1030 nec
1002 1004 1080 1038 pedes
1100 1003 1156 1031 Cic·
1173 1004 1244 1030 Fam·
1261 1011 1289 1038 7,
1351 1007 1441 1036 tione,
1460 1014 1543 1040 equus
1556 1007 1668 1033 vaccae?

243 1055 279 1079 31.
315 1045 402 1072 Ludit.
473 1047 564 1073 Homo
582 1043 747 1074 contrac‘tus,
763 1048 811 1076 pro
825 1042 904 1067 Pareo
926 1041 1022 1080 Virgil.
1039 1040 1068 1066 in
1082 1041 1191 1066 Moreto
1214 1048 1240 1066 v.
1255 1044 1287 1079 78
1296 1054 1328 1080 23
1389 1048 1406 1069 C
1416 1048 1436 1069 0
1448 1048 1469 1067 N
1480 1047 1501 1066 T
1511 1042 1745 1074 RECTATOR,
1765 1042 1831 1069 oris.
1848 1052 1884 1070 m.
1922 1043 2029 1079 leian.

242 1083 343 1109 Verum
365 1081 408 1108 hic
427 1090 482 1108 non
503 1081 612 1110 domini]
633 1078 711 1112 (quis
733 1078 803 1103 enim
822 1075 986 1103 contractior
1004 1076 1087 1108 1l103)
1124 1075 1173 1102 Sed
1194 1075 1289 1109 populi
1389 1083 1520 1104 CONTR
1530 1084 1638 1104 ACTA
1649 1076 1708 1104 rii.
1719 1085 1728 1103 1
1738 1085 1768 1111 s,
1804 1080 1846 1105 ve}
1878 1085 1923 1106 co
1934 1087 1955 1106 N
1965 1085 2065 1107 TREC
2075 1087 2128 1107 TA
2138 1086 2154 1107 Β
2164 1077 2177 1106 i‘
2187 1086 2259 1112 Lis,
2278 1087 2302 1105 e.
2341 1078 2406 1108 Adi.

240 1124 386 1152 monemus
400 1123 464 1144 erat,
536 1117 586 1141 Hic
601 1114 683 1147 turpis
697 1112 792 1147 egestas
806 1112 971 1139 contractum
986 1112 1079 1146 pannis
1097 1110 1218 1138 tristibus
1237 1110 1285 1137 ob·
1351 1113 1471 1139 Laetant.
1486 1121 1510 1146 ι’,
1522 1117 1545 1142 8.
1581 1114 1681 1141 Auson.
1694 1113 1822 1141 Parental.
1836 1123 1863 1148 9,
1876 1124 1898 1147 3,
1933 1115 2011 1143 prud,
2024 1115 2122 1152 Apoth·
2142 1117 2200 1149 963.
2237 1114 2358 1142 Temni·
2369 1113 2400 1142 de

241 1153 320 1181 fideat
338 1153 447 1179 Paullin.
462 1153 490 1178 in
502 1151 606 1177 obitum
621 1149 698 1181 Celti,
713 1158 738 1174 v·
752 1156 812 1182 459.
884 1147 958 1183 Conf.
973 1149 1069 1174 Horat.
1079 1147 1158 1182 Epist.
1173 1156 1194 1179 1,
1207 1155 1233 1181 7,
1248 1155 1283 1172 12.
1349 1149 1447 1175 Anima
1460 1158 1481 1175 c.
1496 1156 1527 1183 57
1541 1155 1606 1176 extr.

240 1188 414 1219 Contractus,
438 1187 647 1221 [συνιςαλμὲνης]
684 1183 842 1219 Compreffus.
878 1184 972 1210 Horat.
987 1184 1068 1210 Serm.
1088 1192 1114 1217 2,
1134 1190 1162 1218 7,
1184 1185 1218 1209 61
1245 1184 1286 1208 An
1387 1190 1463 1211 coN
1473 1190 1523 1210 TR
1534 1191 1551 1211 E
1562 1189 1579 1210 c
1590 1191 1641 1212 TA
1651 1191 1712 1212 1³11.
1723 1183 1828 1212 trra.
1854 1185 1921 1213 Adu.
1949 1185 2169 1223 [φηλαφωμένως]
2203 1186 2308 1213 Lucret.
2315 1195 2341 1220 4,
2349 1187 2403 1221 664-

238 1225 311 1259 turpi
325 1224 424 1250 clausus
443 1223 471 1248 iu
484 1231 542 1248 arca
579 1220 753 1247 Contracium
773 1219 884 1254 genibus
898 1225 988 1254 tangas
1002 1224 1086 1254 caput.
1141 1218 1324 1256 C011traela30
1351 1219 1493 1247 Leuiss‘ima
1506 1228 1618 1256 corpora
1632 1220 1729 1247 debent
1764 1222 2003 1249 Contrectabiliter
2015 1223 2101 1249 caulas
2115 1223 2214 1249 intrare
2229 1222 2319 1258 palati.
2361 1222 2402 1249 sia

238 1269 280 1287 res
295 1259 330 1285 est
345 1266 370 1284 et
381 1257 491 1284 addueta
511 1258 539 1283 in
551 1256 689 1290 angustum
706 1256 762 1282 Cic.
777 1255 809 1281 de
824 1255 909 1281 Amic.
925 1264 957 1281 20
974 1263 996 1281 c.
1012 1263 1034 1288 5.
1106 1254 1208 1281 Bellum
1223 1263 1285 1280 con·
1349 1256 1448 1283 Creech.
1503 1257 1561 1283 Alii
1590 1257 1690 1293 legunt,
1727 1257 1935 1285 Contrectabilis
1969 1259 1998 1285 in
2029 1258 2130 1292 caulas,
2161 1264 2207 1285 etc.
2263 1259 2308 1286 Al.
2332 1257 2402 1285 Con·

237 1294 350 1321 madium
364 1293 462 1328 degunt
474 1302 534 1319 cum
549 1292 634 1319 ventis
648 1298 742 1318 nautae
772 1291 850 1317 Lucr.
869 1299 904 1324 4,
924 1293 982 1323 965.
1055 1290 1162 1325 Cupido
1181 1295 1284 1317 eontra·
1345 1291 1532 1320 traetabiliter.

237 1330 308 1362 elus,
338 1332 355 1355 i.
370 1335 505 1364 temperata
519 1328 662 1363 cupidum,
679 1325 811 1362 compreffiz
823 1329 933 1353 auaritia
949 1327 1043 1353 Horat.
1053 1327 1141 1353 Carni.
1156 1335 1178 1358 3,
1192 1328 1228 1358 16,
1242 1333 1282 1358 39.
1384 1334 1402 1354 c
1412 1334 1461 1355 oN
1470 1334 1491 1354 T
1500 1334 1520 1354 R
1532 1333 1554 1354 A
1565 1334 1576 1353 1
1585 1334 1689 1360 VRls,
1709 1328 1741 1355 is.
1762 1338 1798 1356 m.
1840 1329 1978 1366 (παράνομος
1997 1329 2076 1356 Gloff.
2089 1329 2135 1356 Gr.
2148 1329 2207 1356 Lat.

235 1366 346 1400 Frigore
359 1364 496 1391 contracto
511 1365 585 1399 piger
593 1384 602 1396 ,
639 1366 657 1390 i.
676 1363 704 1389 ob
714 1364 807 1399 frigus
821 1360 978 1389 contraflum
987 1382 995 1395 ,
1013 1371 1059 1398 quo
1072 1363 1188 1389 contrahi
1201 1363 1286 1397 solent
1386 1369 1405 1391 c
1417 1369 1438 1390 Ο
1448 1370 1470 1390 Ν
1481 1370 1502 1390 Τ
1510 1370 1529 1390 R
1538 1370 1584 1390 AL
1595 1361 1612 1390 Ιέ
1621 1370 1642 1391 G
1651 1371 1670 1394 ο
1678 1382 1686 1395 ,
1708 1365 1772 1391 vnde

233 1401 343 1429 homines
361 1400 457 1435 Virgil.
470 1401 566 1434 Georg.
580 1409 599 1433 4
607 1419 615 1431 ,
635 1406 693 1432 259.
766 1400 849 1425 Frons
868 1397 1004 1438 conti-afta
1014 1418 1023 1431 ‚
1047 1401 1065 1424 i.
1079 1398 1169 1434 rugosa
1187 1399 1281 1424 Horat.
1291 1411 1320 1438 33
1383 1404 1402 1425 C
1412 1406 1431 1426 o
1441 1407 1463 1426 N
1471 1407 1493 1426 T
1502 1406 1521 1426 R
1528 1406 1551 1426 A
1559 1405 1575 1425 L
1585 1405 1602 1425 E
1609 1406 1630 1426 G
1639 1407 1655 1427 Ε
1664 1408 1687 1426 N
1695 1401 1797 1433 s‚entis.
1804 1401 1898 1428 Partic.
1908 1401 1972 1428 Non
1981 1402 2083 1437 semper
2089 1401 2139 1428 illo
2147 1397 2400 1435 contralegente‚qui

233 1437 317 1464 Scrm.
333 1445 359 1469 2,
374 1445 396 1469 2,
409 1444 456 1470 125.
527 1437 665 1470 Paupertas
679 1434 813 1461 contrae'm
828 1433 902 1460 Idem
917 1433 996 1468 Epist.
1013 1442 1038 1465 1,
1053 1441 1076 1473 ς,
1089 1442 1121 1459 20
1144 1442 1204 1469 quae
1218 1439 1283 1458 metu
1348 1436 1507 1470 promiserat
1524 1444 1633 1469 operam
1653 1436 1725 1462 suam
1750 1436 1841 1463 Sidon.
1857 1438 1903 1472 Ep.
1924 1445 1952 1470 5,
1976 1445 2010 1470 ις.
2047 1438 2142 1464 Melius
2154 1435 2288 1473 distinguit
2300 1436 2400 1465 Sauaro.

232 1472 372 1509 quodantse
384 1471 520 1498 contrahit·
592 1470 709 1505 Vestigia
723 1469 856 1496 contra&a
874 1469 987 1496 alicuius
1002 1470 1092 1504 seqm,
1121 1471 1139 1495 τ’.
1153 1468 1241 1499 (ἔνθα,
1259 1474 1284 1495 εἰ
1348 1469 1390 1504 Est
1403 1478 1483 1498 autem
1495 1477 1587 1498 contra
1601 1471 1688 1506 legere
1701 1472 1786 1505 illius,
1806 1476 1849 1508 qui
1861 1474 2002 1499 attendente
2015 1473 2092 1499 altero
2099 1473 2147 1508 suo
2166 1472 2262 1503 codici,
2279 1470 2309 1498 de
2326 1470 2400 1498 extin-

233 1509 262 1535 ob
274 1508 304 1534 id
314 1506 432 1542 difficilia
445 1508 513 1534 Hor.
525 1506 605 1541 Epist.
619 1515 649 1538 2,
670 1515 697 1539 2,
711 1511 751 1535 80.
786 1505 834 1532 Sed
852 1508 938 1532 variat
957 1503 1038 1531 [effla.
1111 1505 1197 1539 Culpa
1223 1512 1285 1530 con·
1340 1508 1414 1542 plari
1426 1506 1550 1533 mundato
1559 1508 1701 1546 praelegit,
1716 1514 1746 1534 vt
1758 1508 1954 1548 deprehendatur
1967 1508 1995 1535 di
2007 1507 2103 1535 cordia.

233 1544 348 1570 tractum
361 1543 462 1570 Malum
474 1541 668 1576 aegritudinem
680 1541 812 1568 acriorem
824 1541 887 1567 facit
906 1541 963 1568 Cic.
977 1541 1059 1567 Tusc.
1073 1549 1085 1573 3
1094 1560 1102 1573 ,
1119 1548 1155 1573 52.
1212 1540 1282 1566 Con·
1385 1549 1402 1569 c
1412 1549 1431 1569 0
1440 1550 1461 1569 N
1471 1549 1492 1567 T
1502 1549 1521 1568 R
1530 1549 1552 1570 Α
1561 1549 1578 1568 1.
1588 1550 1597 1569 1
1606 1549 1646 1569 CE
1657 1548 1676 1568 0
1688 1550 1707 1569 R
1718 1563 1726 1576 ‚
1745 1546 1794 1570 ἔῃ,
1831 1544 1984 1578 [ᾱγτονέμω
2040 1544 2114 1571 ρης,
2147 1542 2213 1571 Bell·
2245 1541 2312 1569 (3311,
2333 1550 2352 1574 Ι,
2371 1545 2397 1573 ¹3

233 1579 383 1606 suetudines
406 1584 432 1605 et
451 1578 646 1604 familiaritates
657 1596 664 1608 ,
690 1577 842 1611 multaeque
861 1585 922 1603 cum
940 1576 1031 1603 multis
1051 1585 1093 1603 res
1111 1576 1283 1610 rationesque
1291 1592 1327 1617 40
1346 1577 1490 1612 Propterea
1503 1577 1575 1613 quod
1588 1578 1638 1604 illo
1653 1578 1749 1604 licente
1762 1580 1933 1607 contraliceri
1944 1580 2039 1607 audeat
2051 1588 2139 1607 nemo.
2186 1578 2330 1615 Sedpotius
2340 1577 2398 1605 duae

232 1614 383 1642 commelae
403 1613 475 1640 Idem
496 1611 572 1640 offic.
594 1622 619 1644 1,
638 1620 674 1645 53.
750 1612 926 1644 Contractus,
954 1612 1115 1647 [σύςαλτοε]
1151 1612 1282 1638 Introitus
1339 1613 1402 1650 sunt
1415 1613 1556 1646 diatones,
1575 1614 1676 1641 Contra
1689 1614 1776 1641 liceri.

231 1649 410 1682 contractior,
429 1648 527 1676 arHior
541 1648 597 1675 Cic.
611 1647 644 1673 de
657 1647 752 1674 Natus.
768 1648 847 1674 Deor.
860 1656 886 1680 2,
901 1656 958 1681 144.
1019 1648 1091 1682 Ignis
1108 1647 1282 1679 contrafflor,
1384 1655 1402 1676 c
1414 1656 1433 1676 ο
1443 1655 1465 1675 Ν
1475 1657 1497 1677 Τ
1506 1656 1525 1676 R
1535 1656 1581 1676 ΑΡ
1590 1651 1610 1676 ὁ
1621 1657 1643 1676 Ν
1655 1657 1690 1682 0,
1708 1652 1761 1677 ere.
1797 1650 1920 1677 Tertull.
1933 1650 1966 1677 ad
1979 1651 2058 1678 Mart.
2073 1660 2095 1678 c.
2109 1659 2137 1684 4.
2452 1653 2453 1659 ¹

230 1690 250 1713 i.
263 1689 344 1713 minor
356 1686 434 1711 Lucr.
448 1692 471 1717 ς,
486 1692 544 1718 570.
613 1683 698 1709 Locus
713 1684 822 1717 exiguus
836 1688 914 1716 atque
928 1684 1078 1710 contractus
1091 1684 1167 1718 Virg.
1182 1684 1281 1717 Georg.
1383 1692 1427 1712 CO
1437 1692 1458 1710 N
1468 1692 1518 1711 TR
1528 1692 1550 1711 A
1562 1691 1578 1711 Ρ
1590 1693 1609 1712 0
1621 1692 1634 1712 s
1649 1685 1719 1713 iTv
1728 1692 1740 1712 s
1749 1706 1758 1718 ,
1778 1695 1809 1719 a,
1829 1696 1883 1712 um.
1916 1687 1979 1713 Adi.
2023 1686 2186 1720 [ἅντίθετσς]
2217 1691 2268 1721 pro
2277 1683 2396 1721 Oppqfito.
2452 1674 2453 1694 ¹

231 1731 260 1755 4,
273 1730 330 1755 295.
394 1720 525 1746 Columel.
539 1726 561 1752 5,
577 1725 590 1751 5
615 1717 664 1745 Sed
679 1726 766 1752 neque
779 1718 955 1752 Spatiofiora,
976 1727 1054 1752 quam
1068 1719 1158 1745 decem
1173 1719 1280 1753 pedum,
1349 1720 1482 1754 Qiinefil.
1496 1729 1523 1754 9,
1536 1729 1559 1752 3,
1573 1728 1604 1753 32
1617 1727 1641 1746 ct
1655 1730 1702 1748 102
1737 1722 1778 1747 De
1811 1731 1915 1757 aequo,
1934 1730 2018 1754 vero,
2038 1722 2126 1754 iusto,
2145 1721 2234 1753 bono,
2254 1721 2339 1756 deque·
2354 1720 2396 1753 iiS,
2452 1721 2453 1727 ¹

230 1766 318 1792 neque
336 1755 525 1788 contractiora,
539 1763 618 1790 quam
634 1759 756 1788 quatuor.
836 1753 926 1787 Spatio
945 1753 1026 1780 breui
1046 1755 1180 1780 contracta
1199 1754 1324 1791 Ouid.45
1349 1765 1416 1791 quae
1431 1757 1489 1782 sunt
1504 1756 1695 1790 contraposita,
1714 1756 1837 1791 disputat.
1907 1758 1976 1785 Add.
1990 1767 2012 1784 c.
2026 1766 2055 1791 4,
2070 1763 2095 1788 18
2114 1763 2160 1784 etc,
2451 1758 2453 1784 ⁴.

231 1793 297 1820 Fast.
311 1795 338 1825 6,
350 1800 409 1826 495.
481 1792 537 1818 Cic.
557 1791 585 1816 in
600 1789 689 1816 Parad.
705 1798 715 1815 1
741 1788 862 1823 Accipies
877 1789 962 1823 igitur
975 1788 1027 1815 hoc
1043 1798 1157 1823 paruum
1170 1791 1281 1824 opuscu-
1386 1797 1403 1818 c
1412 1798 1431 1818 o
1441 1798 1464 1817 Ν
1476 1797 1498 1817 Τ
1507 1798 1526 1818 R
1535 1799 1556 1818 A
1566 1799 1578 1818 s
1587 1798 1631 1818 CR
1641 1793 1680 1819 ῐΒ
1689 1799 1723 1823 0,
1743 1794 1798 1819 ere.
1835 1793 1914 1827 Apul.
1930 1793 2008 1828 Apol.
2025 1802 2051 1827 p.
2063 1801 2123 1827 324.
2452 1814 2453 1819 ,

232 1829 288 1855 lum
309 1827 477 1855 lucubratum
496 1827 537 1853 his
557 1826 611 1852 iam
630 1824 856 1851 contractioribus
876 1824 1017 1860 noctibus,
1037 1825 1062 1851 h.
1078 1834 1096 1851 e.
1117 1824 1280 1851 breuioribus.
1385 1833 1402 1853 c
1411 1834 1430 1853 o
1438 1834 1461 1853 Ν
1470 1834 1492 1853 Τ
1501 1834 1521 1853 R
1530 1834 1551 1853 A
1562 1833 1575 1853 s
1586 1833 1604 1853 c
1615 1833 1635 1853 R
1645 1834 1654 1852 1
1666 1833 1682 1852 Ρ
1691 1834 1713 1854 Τ
1723 1834 1742 1854 Ο
1750 1834 1769 1854 R
1778 1847 1787 1860 ,
1826 1830 1891 1855 oris.
1928 1838 1964 1855 m.
2001 1829 2061 1855 Vet.
2095 1829 2176 1855 Inscr.
2200 1828 2255 1856 CO
2264 1826 2399 1855 NTRA-
2451 1836 2453 1855 τ
2470 1836 2474 1856 i

231 1865 325 1892 Minor
337 1870 363 1890 et
376 1863 538 1890 conti-affict-
551 1861 625 1888 orbis
639 1860 716 1888 Prud.
730 1860 790 1887 adu.
802 1859 948 1893 Symmach.
963 1869 984 1893 1,
998 1869 1054 1893 322.
1116 1860 1209 1886 Studia
1219 1869 1282 1886 con·
1349 1862 1365 1888 S
1374 1862 1395 1888 C
1402 1862 1446 1888 R1I
1456 1862 1473 1888 P
1481 1862 1511 1888 T
1518 1862 1542 1888 O
1550 1863 1572 1888 R
1608 1862 1631 1888 R
1638 1863 1659 1889 A
1667 1862 1698 1888 T
1705 1864 1717 1889 Ι
1725 1863 1749 1890 O
1758 1863 1785 1890 N
1793 1864 1805 1890 i
1812 1864 1827 1890 S
1863 1864 1879 1891 S
1887 1865 1912 1891 V
1920 1865 1949 1892 M
1957 1864 1987 1891 M
1995 1864 2008 1891 1
2051 1864 2073 1891 C
2081 1864 2107 1890 H
2115 1864 2139 1890 O
2146 1864 2170 1890 R
2178 1863 2200 1891 A
2208 1864 2259 1892 Gi.
2338 1860 2398 1890 Viti.
2451 1875 2453 1887 ι
2468 1858 2474 1891 ἰ

232 1900 360 1927 ττᾱὲἱὶοῐᾱ
377 1899 405 1926 in
423 1898 557 1925 seneclute
575 1898 623 1924 effe
643 1897 740 1923 debent
760 1897 817 1923 Cic.
832 1906 881 1931 pro
898 1896 969 1923 Cael.
986 1898 1021 1931 76
1049 1905 1071 1922 c.
1081 1904 1116 1929 31.
1212 1897 1283 1922 Con·
1347 1897 1451 1933 SalmaJI
1465 1899 1493 1923 in
1507 1896 1574 1930 Htst.
1588 1899 1656 1935 Aug.
1665 1903 1693 1933 p.
1708 1905 1765 1933 48⁰.

234 1935 317 1963 tracta
331 1941 356 1962 et
370 1934 492 1962 adstricta
507 1933 661 1968 eloquentia
674 1932 789 1967 putanda
803 1932 839 1959 est
851 1932 990 1959 dialectica
1009 1931 1082 1958 Idem
1090 1932 1122 1958 de
1129 1931 1199 1958 Clar.
1207 1932 1282 1958 Orat.
1293 1945 1326 1972 50
1384 1939 1401 1960 c
1410 1940 1429 1960 o
1441 1939 1463 1959 Ν
1474 1940 1523 1960 TR
1533 1940 1555 1959 A
1564 1939 1576 1959 s
1586 1939 1604 1959 c
1615 1940 1634 1960 R
1644 1940 1654 1959 ι
1663 1940 1679 1960 P
1687 1940 1709 1960 T
1717 1940 1773 1960 VM
1782 1953 1791 1966 ,
1810 1934 1829 1960 i.
1853 1944 1880 1960 n.
1918 1933 2138 1969 [ἔναντιόγραφον]
2172 1934 2229 1962 Cic.
2245 1935 2298 1961 Att.
2318 1935 2348 1959 16
2354 1952 2363 1966 ‚
2380 1933 2401 1968 ἡ
2462 1939 2474 1967 ·<,

231 1980 290 2005 309.
347 1970 504 1998 Contrae‘tus
518 1976 542 1996 et
556 1969 647 1996 breuis
661 1968 777 1995 ambitus
789 1967 936 1995 verborum
950 1968 1007 1994 Cic.
1022 1968 1054 1994 de
1067 1968 1220 1994 Clar.Orat.
1230 1970 1282 1994 162.
1348 1969 1460 1995 Antonii
1473 1968 1591 1995 edietum
1604 1968 1657 2004 legi
1674 1978 1689 1995 a
1703 1969 1803 2002 Bruto,
1820 1974 1847 1996 et
1877 1969 1976 1997 horum
2008 1970 2225 2005 contrascriptum
2256 1968 2398 2005 praeclare.
2463 1976 2474 2000 ι

233 2007 263 2033 de
278 2007 392 2042 periodo.
500 2004 625 2039 Substant.
660 2005 783 2031 Solicitus
801 2013 856 2031 non
880 2004 933 2031 suis
955 2003 1098 2030 contractis
1119 2003 1206 2031 Plane.
1225 2004 1281 2030 Cic.
1346 2006 1452 2042 Legitur
1458 2003 1600 2041 seimiftum
1611 2006 1687 2031 multo
1699 2006 1793 2032 melius.
2471 2013 2474 2030 1

233 2043 305 2070 Fam.
328 2050 370 2073 ιο,
390 2045 425 2070 18.
460 2044 478 2067 τ’.
498 2051 558 2076 quae
577 2040 628 2076 ipse
640 2039 693 2074 fibi
710 2040 830 2076 consciuit
843 2060 851 2072 ‚
876 2049 924 2066 non
936 2039 985 2074 sua
1004 2040 1084 2074 culpa.
1385 2047 1651 2073 CONTRASTO,
1673 2044 1727 2067 are.
1764 2040 1933 2074 [ἐντίκειμαι]
1968 2041 2124 2078 Repugnare.
2159 2040 2297 2071 Naeuius,
2328 2039 2399 2065 Con·
2461 2036 2474 2068 ι’

274 2083 292 2103 C
306 2082 325 2102 Ο
335 2083 356 2103 Ν
367 2082 417 2102 TR
427 2082 474 2101 Ac
483 2082 505 2101 T
514 2082 540 2101 Ε.
561 2075 629 2100 Adu.
666 2076 779 2110 Compar.
815 2076 872 2101 Sen.
882 2076 914 2102 de
922 2075 1101 2110 Tranquillit.
1117 2083 1133 2108 9
1154 2075 1282 2102 Affuesca-
1346 2076 1437 2103 trastat
1449 2076 1560 2110 semper,
1571 2085 1619 2103 nec
1634 2085 1677 2103 ine
1690 2076 1751 2103 sinit
1763 2077 1880 2112 loquier.
1917 2078 1966 2105 Per
1986 2075 2129 2111 metathesin
2154 2077 2195 2102 vel
2219 2073 2400 2110 anastrophen:
2449 2077 2453 2107 f
2470 2075 2474 2101 1

235 2121 293 2140 mus
308 2111 428 2139 habitare
442 2109 627 2148 contractius..
645 2109 719 2144 Conf.
732 2109 848 2136 Laetam.
863 2119 888 2141 2,
901 2116 928 2148 8,
937 2119 977 2142 39.
1014 2117 1037 2136 et
1051 2118 1083 2144 7,
1097 2119 1135 2141 21,
1149 2119 1174 2137 2.
1291 2126 1319 2153 55
1347 2113 1401 2138 Stat
1432 2118 1525 2140 contra
1555 2112 1671 2148 starique
1703 2111 1780 2140 iubet
1818 2113 1936 2140 quenal.
1970 2122 1995 2147 3,
2026 2121 2086 2146 290.
2123 2110 2171 2140 Sed
2187 2110 2251 2148 sunt
2280 2111 2419 2136 nimirums
2461 2116 2474 2134 -1

274 2154 291 2174 C
302 2154 321 2174 ο
332 2154 352 2173 Ν
366 2152 387 2172 Τ
396 2153 415 2172 R
424 2153 445 2172 A
455 2152 471 2172 c
480 2153 501 2172 T
511 2151 547 2171 10
555 2164 563 2175 ‚
582 2147 651 2170 onis.
673 2143 693 2169 f.
729 2143 861 2177 [συςολὴ]
904 2146 948 2174 Vt,
965 2145 1123 2175 Coun-acho
1136 2153 1282 2170 neruorum
1344 2147 1405 2173 duae
1426 2156 1505 2174 voces.
2470 2140 2474 2171 ξ

233 2183 351 2214 Plin.20,
359 2190 397 2214 14.
470 2179 627 2206 Contractio
639 2179 736 2205 frontis
755 2179 810 2205 Cic.
826 2187 875 2213 pro
889 2178 957 2218 Sext.
966 2186 994 2217 19
1007 2183 1058 2207 c.8.
1078 2179 1225 2218 Seueritatr's
1242 2182 1282 2204 in-
1383 2187 1401 2206 (ς
1413 2187 1432 2206 0
1441 2188 1463 2206 N
1473 2188 1522 2207 Tg
1530 2188 1603 2208 AST
1611 2182 1633 2210 Α
1642 2190 1665 2210 N
1675 2190 1705 2216 s,
1725 2184 1803 2211 ami&
1842 2185 1911 2212 mm.
1947 2183 2156 2221 sphaeristarum
2185 2176 2409 2209 contrastantium.

233 2219 289 2246 dex.
387 2216 543 2243 Neruorum
562 2213 682 2241 Scribon.
698 2221 752 2246 253.
768 2216 826 2245 269.
914 2214 1068 2246 Digitorum
1082 2213 1231 2239 contraeuo
1243 2214 1283 2239 fa·
1346 2215 1421 2250 paria
1441 2215 1531 2243 Sidon.
1545 2217 1624 2252 Epist.
1638 2227 1665 2251 2,
1678 2226 1703 2251 9.
1737 2220 1806 2246 Add.
1827 2220 1860 2246 ib.
1876 2221 1922 2255 Ep.
1937 2228 1960 2253 5.
2392 2216 2414 2251 5„

235 2255 309 2286 cilis,
330 2252 467 2286 facilisque
488 2249 641 2285 porrectio,
659 2255 767 2283 propter
784 2247 877 2274 molles
895 2248 1074 2274 commissuras
1099 2248 1156 2287 ¹Cic.
1171 2249 1203 2274 de
1218 2249 1282 2288 Nat.
1385 2258 1547 2280 CONTRA
1557 2260 1576 2280 v
1586 2252 1652 2281 ἓΝι
1663 2261 1699 2287 o,
1718 2258 1732 2280 ἔ
1757 2256 1762 2260 ”
1771 2275 1780 2288 ,
1800 2261 1906 2288 entum,
1923 2259 1973 2283 ire.
2009 2256 2143 2290 [ἐπαγτό]
2179 2254 2252 2280 Caes.
2259 2251 2355 2280 Bell.G
2441 2248 2447 2301 l

235 2291 316 2317 Deor.
331 2297 354 2321 2,
370 2296 413 2321 150
425 2296 447 2313 c.
462 2290 506 2313 60.
597 2285 634 2312 Id.
649 2285 681 2325 de
694 2284 768 2311 Orat.
781 2291 866 2323 &194
900 2282 1160 2322 Aut-Contractio'ne
1172 2283 1282 2323 breuius
1292 2297 1327 2321 60
1349 2288 1376 2319 6,
1392 2295 1426 2320 29
1446 2289 1505 2314 Hoc
1521 2289 1630 2323 animo,
1651 2296 1679 2316 vt
1692 2289 1711 2316 fi
1724 2299 1740 2324 q
1761 2299 1776 2317 a
1790 2299 1822 2317 ex
1838 2297 1912 2326 parte
1931 2291 2180 2322 contraueniretur‚
2198 2289 2256 2316 atie
2274 2287 2340 2315 instr

235 2326 336 2357 fieret,
347 2330 391 2350 aut
404 2322 580 2350 Produe'tione
593 2321 706 2355 longius.
724 2355 729 2360 .
777 2320 833 2359 Cic.
848 2326 877 2344 in
888 2319 962 2359 Orat.
972 2326 1002 2351 59
1020 2317 1127 2344 Brachii
1138 2318 1284 2357 Proieelio-
1348 2322 1538 2357 depugnarent.
1647 2326 1704 2352 Cic.
1718 2326 1802 2353 Tusc.
1817 2335 1837 2358 1,
1851 2334 1879 2360 55
1894 2336 1915 2353 c.
1930 2336 1959 2360 23
1993 2328 2048 2362 Ego
2070 2335 2136 2354 vero
2148 2325 2226 2352 facile
2239 2325 2296 2351 sum
2308 2332 2340 2358 pa
2358 2329 2395 2362 1ιῇ
2443 2335 2448 2351 ;

236 2371 270 2388 ne
291 2361 320 2386 in
340 2357 556 2387 ‘ontenffioniblss
565 2377 572 2388 ⁵
595 2354 783 2383 comraffione
802 2362 831 2381 1¹¹
849 2354 967 2381 remmis-
1072 2353 1284 2394 Stiperciliorurn
1348 2365 1381 2382 ne
1394 2358 1424 2383 in
1436 2365 1552 2386 mentem
1567 2360 1676 2395 quidem
1690 2361 1791 2396 aliquid
1805 2363 2019 2396 contraueniret,
2045 2364 2084 2389 ita
2096 2362 2141 2389 isti
2153 2362 2233 2388 faueo
2247 2358 2393 2392 sententiae.
2467 2365 2474 2384 1

236 2395 359 2424 Remissio
371 2401 397 2421 et
410 2393 567 2422 Contrac’tio
587 2393 642 2419 Cic.
657 2391 708 2418 Off.
721 2400 742 2424 i,
756 2392 812 2423 146.
877 2389 927 2430 ¹1d.
942 2391 996 2430 Att.
1011 2397 1034 2422 5,
1047 2398 1066 2422 4
1085 2390 1117 2416 Et
1130 2388 1148 2415 si
1162 2397 1247 2427 meam
1255 2398 1285 2432 in
1348 2394 1396 2417 i.e.
1410 2393 1490 2426 Qiod
1503 2396 1667 2424 contrarium
1682 2398 1758 2429 esset,
1778 2403 1805 2423 et
1822 2406 1989 2433 repugnaret,
2058 2398 2107 2426 Sed
2137 2397 2180 2424 hic
2210 2399 2287 2423 nimi,
2316 2398 2395 2431 apuu

235 2442 269 2460 eo
301 2431 487 2467 parsimoniam
518 2428 597 2456 huius
620 2436 729 2463 paginae
755 2425 904 2454 contractio
924 2425 1065 2461 fignificat,
1093 2424 1121 2451 de
1135 2426 1287 2465 parlrmoma
1349 2426 1410 2453 duae
1424 2436 1494 2454 voces
1502 2429 1575 2464 fimt.
1689 2431 1746 2458 Cic.
1760 2432 1838 2459 Verr.
1851 2441 1878 2465 2,
1891 2441 1938 2468 ¹07
1957 2443 1978 2460 c.
1992 2442 2025 2466 43
2064 2434 2092 2460 Si
2111 2433 2144 2459 de
2162 2432 2250 2459 literis
2269 2427 2394 2465 corruptis

237 2469 346 2496 chartae.
424 2465 522 2494 Effiisxo
551 2465 652 2498 animi,
678 2470 703 2490 et
742 2461 915 2495 Contractio,
943 2464 1074 2489 contraria
1113 2461 1168 2488 Cic.
1201 2461 1287 2489 Tusc.
1309 2468 1340 2501 65
1351 2465 1529 2491 contrauenit.
1550 2467 1569 2490 i.
1582 2473 1633 2491 eum
1647 2467 1773 2502 accusauit
1787 2475 1960 2503 corruptarum
1978 2470 2111 2499 literarum
2124 2479 2132 2493 .·
2168 2471 2243 2494 etiam
2266 2467 2313 2494 boc
2331 2460 2394 2493 τιδὴ

236 2514 265 2538 42
278 2506 312 2530 ⁶6
332 2513 354 2530 c·
368 2511 402 2535 3¹·
1350 2498 1525 2535 dffliiigtcitur.
1633 2500 1689 2526 Cic.
1703 2510 1751 2534 pro
1764 2503 1884 2529 Muraen.
1897 2511 1914 2536 9
1942 2503 1971 2530 Si
1985 2508 2061 2537 turpe
2074 2503 2207 2530 existimas
2221 2508 2247 2528 te
2268 2501 2397 2528 aduocato

274 2546 290 2566 c
301 2546 320 2565 0
328 2546 349 2565 N
358 2546 379 2565 T
388 2546 437 2565 RA
445 2545 491 2565 CT
502 2544 512 2563 ι
523 2545 544 2563 ν
554 2543 577 2562 Ν
587 2543 605 2564 c
614 2533 635 2562 x?
643 2543 659 2562 L
668 2543 702 2568 A,
712 2544 752 2562 ae.
773 2534 793 2561 f.
814 2533 916 2560 Dimin.
954 2532 1098 2567 [συςόλιον]
1137 2532 1193 2560 Cic.
1201 2532 1286 2573 Tusc.
1349 2534 1427 2562 illum
1441 2535 1528 2570 ipsum
1537 2555 1545 2568 ,
1566 2544 1646 2571 quem
1659 2538 1857 2563 contraueneris
1865 2557 1874 2570 ‚
1892 2539 1968 2565 causa
1986 2537 2086 2565 cadere.
2144 2538 2250 2573 Legitur
2262 2543 2287 2561 ει
2299 2537 2345 2562 hoc
2356 2534 2399 2562 bo·
2446 2551 2447 2569 3

238 2584 261 2608 3,
275 2580 301 2607 83
316 2584 337 2600 c.
352 2583 384 2607 34
400 2575 460 2600 Hoc
474 2572 593 2600 detracto
602 2592 610 2604 ‚
635 2571 706 2606 quod
720 2576 808 2598 totum
821 2569 857 2596 est
869 2569 1068 2602 voluntarium,
1087 2568 1227 2604 aegritudo
1235 2575 1287 2609 erit
1350 2570 1389 2598 die
1403 2572 1490 2605 Qiem
1505 2577 1597 2598 contra
1609 2572 1730 2604 veneris,
1746 2570 1910 2605 disiunelim,
1927 2578 1952 2599 et
1963 2572 2066 2599 restim.

238 2610 339 2637 sublata
352 2610 399 2636 illa
409 2617 547 2642 moerens,
567 2608 668 2634 morsus
685 2614 773 2634 tamen
785 2612 811 2633 et
824 2604 1067 2632 contractiuncula
1086 2604 1215 2640 quaedam
1234 2613 1288 2631 ani·
1388 2613 1404 2634 c
1412 2613 1432 2633 o
1442 2615 1464 2634 Ν
1473 2614 1494 2635 Τ
1502 2615 1523 2634 R
1531 2615 1552 2635 A
1563 2615 1582 2633 v
1593 2614 1609 2634 E
1619 2614 1638 2634 R
1648 2615 1660 2634 s
1669 2615 1690 2634 v
1698 2614 1734 2634 M.
1760 2607 1830 2634 Adu.
1866 2609 1888 2635 Ε
1905 2610 2063 2639 contrario,
2076 2616 2088 2633 ι
2106 2606 2210 2642 dium-so.
2246 2605 2350 2632 Solinus
2371 2610 2398 2638 15·
2445 2602 2455 2632 1.

237 2646 277 2674 mi
295 2645 488 2680 relinquentur.
1302 2655 1338 2684 70
1352 2643 1475 2678 Denique
1508 2648 1641 2671 recentem
1658 2649 1750 2670 natum
1771 2644 1835 2671 fletu
1854 2652 1948 2678 parens
1959 2643 2078 2678 excipit:
2099 2642 2311 2676 ,contr-'mersum
2330 2640 2398 2668 laetu

275 2688 293 2709 C
303 2689 322 2708 O
332 2689 353 2707 N
361 2687 383 2706 Τ
392 2688 410 2707 R
419 2687 441 2707 A
450 2685 466 2706 C
474 2685 495 2705 T
506 2679 526 2705 ὶῗ
534 2685 554 2704 R
563 2685 585 2704 A
593 2697 602 2710 ‚
618 2686 657 2704 ae.
677 2677 697 2704 f.
733 2677 842 2704 Vin-uu.
856 2685 878 2709 3,
890 2686 906 2704 2
920 2684 943 2704 et
955 2678 1017 2705 alibi
1023 2677 1180 2714 frequenter.
1218 2677 1288 2703 Con·
1350 2679 1408 2706 sunt
1421 2679 1523 2707 funera.
1557 2680 1595 2706 De
1614 2679 1763 2706 Thracibus.
2444 2683 2447 2691 ¹
2470 2691 2474 2707 q

242 2716 387 2745 tracturam
417 2722 506 2742 autem
532 2719 607 2740 vocat
635 2716 663 2739 in
689 2713 777 2749 fiapis
808 2714 975 2740 columnarum
983 2734 992 2747 ,
1027 2723 1080 2749 qua
1107 2713 1288 2749 gracilescunt.
1385 2721 1403 2742 c
1412 2721 1432 2741 o
1441 2721 1464 2741 Ν
1472 2721 1494 2742 Τ
1502 2722 1522 2742 R
1530 2722 1547 2741 Ε
1555 2722 1572 2742 C
1581 2722 1603 2742 T
1612 2721 1631 2741 0
1638 2734 1648 2747 ,
1665 2714 1719 2742 vid.
1733 2714 1781 2751 sub
1794 2721 1811 2742 C
1819 2721 1839 2742 O
1847 2722 1869 2742 N
1877 2722 1899 2743 T
1908 2721 1928 2742 R
1936 2721 1959 2742 A
1967 2721 1989 2742 H
1998 2721 2018 2742 0
2026 2734 2037 2748 ‚
2057 2719 2076 2741 C
2086 2720 2106 2742 0
2117 2719 2140 2740 N
2149 2719 2171 2740 Τ
2179 2719 2228 2740 RA
2235 2719 2253 2740 C
2261 2718 2283 2740 Τ
2292 2717 2324 2739 0-

239 2753 308 2782 Add.
322 2762 344 2785 3,
359 2761 380 2784 3·
416 2758 438 2778 ει
452 2759 475 2784 5,
492 2759 511 2777 1.
1385 2757 1678 2778 CONTREMisco
1703 2750 1733 2777 ab
1752 2749 1872 2785 inusitato
2468 2774 2471 2778 ,

277 2796 294 2816 c
304 2795 322 2815 o
333 2796 352 2814 Ν
362 2795 383 2814 T
392 2794 410 2814 R
419 2794 465 2814 Ac
474 2792 560 2816 Tvs‚
580 2782 618 2810 ὓς.
639 2793 676 2810 m.
712 2783 779 2810 Idem
808 2784 855 2811 uod
868 2783 1043 2812 sztraftura.
1079 2785 1167 2811 Varro
1182 2785 1212 2811 R.
1227 2785 1258 2811 R.
1269 2793 1290 2818 1,
1388 2792 1406 2812 c
1415 2793 1434 2813 0
1444 2793 1467 2813 N
1479 2793 1528 2814 ΤΚ
1537 2784 1587 2813 ΕΜ
1596 2793 1631 2819 ο,
1652 2786 1698 2819 ui,
1715 2788 1768 2813 ere.
1807 2786 1940 2822 [τρομέω]
1975 2785 2044 2814 Idem
2075 2784 2140 2821 quod
2157 2783 2310 2811 vehementer
2326 2787 2351 2812 et
2365 2788 2397 2812 nt
2453 2789 2474 2809 (1

241 2827 273 2855 68
292 2823 416 2856 Pcnl'ilia,
436 2828 465 2849 vt
484 2830 567 2853 vuae,
586 2820 672 2852 mala,
692 2825 718 2846 et
748 2793 842 2852 sorba,
860 2821 914 2855 ipsa
947 2821 1101 2852 ostendunt,
1118 2821 1224 2856 quando
1255 2820 1287 2846 ad
1302 2830 1335 2859 75
1351 2824 1418 2849 omni
1426 2829 1503 2857 parte
1525 2823 1648 2850 Tremere.
1684 2822 1740 2849 Cic.
1755 2821 1786 2848 de
1798 2823 1874 2848 Orat:
1887 2831 1910 2856 3,
1925 2828 1965 2856 155
1979 2831 2001 2848 c.
2014 2829 2045 2854 39
2073 2820 2185 2847 Caelum
2208 2819 2311 2849 tonitru
2335 2825 2394 2844 con-
2442 2830 2450 2859 ξ,

242 2861 317 2886 vsum
330 2865 451 2894 oporteat
465 2856 565 2893 promi:
601 2855 673 2891 quod
687 2855 777 2882 colore
790 2862 891 2884 mutato
906 2862 932 2883 et
944 2857 1079 2884 contractu
1093 2858 1242 2888 acinorum,
1263 2855 1282 2882 fi
1352 2859 1472 2884 tremuit.
1580 2858 1706 2892 Aequora
1735 2863 1955 2885 contremuerunt
1989 2856 2087 2884 Catull.
2108 2856 2210 2890 Argon.
2234 2855 2252 2881 s.
2270 2856 2319 2886 62,
2337 2858 2394 2894 ²:03·

243 2905 297 2922 non
316 2894 440 2922 demseris
458 2894 490 2920 ad
512 2891 658 2924 edendum,
680 2891 712 2918 ad
733 2891 913 2918 abiiciendum
926 2891 1110 2920 descensurum
1123 2893 1148 2919 se
1161 2892 1287 2918 minitan-
1350 2893 1469 2920 Timore
1482 2893 1639 2928 perterritus
1651 2893 1813 2920 contremuit
1830 2894 1886 2920 Cic.
1903 2894 1936 2921 de
1950 2893 2043 2920 Diuin.
2059 2901 2080 2924 1,
2094 2897 2122 2925 58
2143 2901 2166 2918 c.
2180 2896 2221 2922 28.
2292 2890 2394 2917 Pencu·
2409 2890 2414 2902 ¹
2441 2885 2445 2914 l

241 2937 295 2959 tur.
377 2931 418 2958 Sic
450 2929 517 2956 Cels.
549 2928 630 2962 praef.
661 2937 685 2962 p.
719 2934 748 2962 17
785 2927 942 2954 Contractus
976 2928 1064 2956 leuori
1084 2931 1217 2964 opponitur
1239 2927 1288 2964 sed
1350 2929 1407 2956 lum
1420 2929 1581 2956 contremuit
1594 2929 1688 2956 domus
1708 2930 1775 2957 Hor.
1789 2930 1877 2956 Carm.
1891 2938 1918 2962 2,
1932 2938 1966 2961 12,
1979 2934 2001 2959 8.
2030 2928 2056 2956 b.
2071 2937 2090 2954 e.
2109 2928 2169 2954 Cum
2184 2933 2288 2953 tremore
2301 2926 2409 2952 timuit.

241 2970 329 2994 variat
367 2965 449 2993 IeHio.
509 2964 567 2992 Vid.
605 2970 622 2991 c
633 2969 653 2989 Ο
664 2971 685 2990 Ν
695 2970 711 2990 F
720 2970 739 2989 R
749 2970 795 2990 Ac
805 2970 827 2990 T
836 2970 856 2989 v
865 2970 887 2990 s.
976 2964 1050 2999 Conf.
1088 2966 1195 2991 Viti-uu.
1218 2972 1243 2998 3,
1262 2971 1285 2995 3.
1352 2965 1409 2992 Cic.
1426 2975 1474 3000 pro
1489 2966 1559 2991 Sext.
1579 2967 1610 2995 68
1632 2974 1653 2992 c.
1674 2974 1699 2998 31
1739 2965 1821 2992 Cuius
1835 2965 1864 2990 in
1877 2974 1935 2992 mea
1946 2965 2021 2991 causa
2030 2972 2170 2998 >nunquam
2182 2962 2246 2989 fides
2259 2961 2401 2995 virtusque·

241 3000 263 3038 ff
285 3012 297 3029 2
333 3001 505 3033 Contraems,
521 2999 588 3035 apud
600 2999 806 3035 Iurisconfidtos‚
826 2996 859 3032 est
875 2999 1008 3035 Negotium
1023 3003 1090 3027 inter
1102 3000 1163 3026 duos
1170 3001 1288 3035 pluresue
1305 3007 1337 3033 80
1350 3001 1527 3033 contremuit,
1547 3003 1591 3036 qui
1602 3001 1695 3036 casuit
1706 3004 1802 3027 virtute
1808 3021 1817 3033 ,
1835 3007 1865 3026 vt
1883 3010 2007 3037 nunquam
2027 2999 2234 3035 contremisce-ree.
2295 2999 2298 3003 ’
2338 2995 2393 3036 Εἰς,
2408 3023 2411 3030 ,

242 3039 302 3064 data
314 3045 386 3074 opt-ra
398 3036 504 3073 gestum,
523 3043 552 3062 vt
566 3036 606 3061 vel
617 3041 718 3070 uterque
728 3037 846 3068 inuicem,
866 3036 906 3061 vel
918 3036 1037 3061 alteruter
1051 3036 1180 3072 oblIgetur.
1217 3035 1286 3061 Con·
1351 3037 1384 3063 de
1396 3037 1471 3064 Orat,
1485 3045 1506 3070 1,
1521 3045 1559 3063 121
1573 3045 1595 3063 c.
1608 3039 1643 3063 26
1658 3037 1690 3063 Et
1701 3042 1758 3063 tota
1770 3042 1858 3063 mente
1875 3043 1954 3072 atque
1977 3035 2103 3063 omnibus
2124 3033 2232 3062 artubus
2254 3037 2406 3067 contami-4

243 3073 340 3100 tractus
353 3073 520 3108 sponsionum
533 3070 786 3106 stipulationumque
799 3070 952 3097 dicebantur
960 3070 1087 3105 sponsalia
1107 3070 1285 3104 Seru.Sulpic.
1351 3073 1427 3099 scam.
1536 3072 1616 3098 Toto
1635 3081 1681 3099 cor
1701 3081 1748 3099 ore
1764 3072 1878 3099 Caecina
1894 3072 1928 3099 ad
1941 3072 1997 3098 Cic.
2011 3072 2083 3098 Fam.
2100 3073 2127 3103 6,
2138 3077 2164 3104 7.
2243 3069 2300 3096 Sen.
2315 3066 2411 3109 Epistqr*

243 3115 284 3144 ap.
298 3108 365 3135 Gell.
380 3120 408 3143 4,
420 3118 447 3142 4.
517 3107 622 3147 leian.
638 3107 655 3133 Ι.
671 3115 699 3139 19
712 3107 743 3133 D.
758 3106 791 3133 de
802 3106 878 3133 verb.
892 3106 977 3141 signif.
1002 3106 1091 3133 Labeo
1112 3107 1183 3133 libro
1196 3107 1284 3141 primo
1351 3111 1381 3141 σς
1389 3108 1439 3143 fin.
1461 3108 1553 3135 Fortes
1566 3107 1643 3135 fimus
1654 3117 1669 3135 a
1688 3109 1778 3135 uersus
1791 3108 1904 3135 fortuita
1917 3127 1926 3141 ,
1943 3116 2004 3134 -non
2022 3107 2255 3134 contremiscamus
2273 3103 2402 3147 iniuriaf„

244 3145 374 3171 Praetoris
389 3144 485 3171 vrbani
503 3143 606 3176 definit,
626 3141 699 3178 quod
717 3142 844 3177 quaedam
862 3148 987 3176 agantur,
1006 3142 1135 3177 quaedam
1154 3148 1286 3177 gerantur,
1348 3152 1405 3170 non
1414 3143 1542 3176 vulnera,
1561 3152 1615 3170 non
1627 3144 1775 3179 egestatem.
2393 3138 2404 3155 Ι

244 3179 373 3242 quaedam
407 3179 603 3206 contrahantur.
674 3179 705 3204 Et
726 3178 814 3205 aetum
841 3178 949 3212 quidem
969 3178 1089 3213 gencrale
1101 3178 1213 3204 verbum
1226 3179 1284 3210 ess‘e,
1303 3183 1332 3211 85
1388 3185 1406 3206 c
1418 3186 1438 3206 ο
1448 3186 1469 3205 Ν
1480 3185 1528 3206 TR
1537 3186 1553 3206 Ε
1562 3186 1604 3206 Μ1
1617 3186 1630 3206 s
1643 3186 1660 3207 C
1671 3187 1688 3207 E
1699 3186 1722 3206 N
1731 3185 1818 3212 DVS,
1838 3187 1868 3212 a,
1889 3188 1943 3207 um.
1959 3179 2026 3205 Part.
2063 3177 2153 3204 Sidon.
2167 3176 2246 3211 Epist.
2259 3184 2325 3209 9,11.

255 3225 263 3241 ι

2397 3175 2409 3190 'i

266 3224 299 3241 ue
326 3213 414 3241 verbis
435 3214 488 3241 flue
505 3224 533 3242 re
550 3213 614 3249 quid
625 3219 731 3248 agatur,
751 3219 780 3241 vt
796 3214 823 3240 in
839 3214 1007 3248 stipulatione
1023 3213 1066 3240 vel
1089 3213 1283 3240 numeratione.
1386 3221 1430 3242 co
1440 3222 1462 3241 N
1473 3222 1581 3242 TREM
1592 3213 1706 3247 x'r‘Lvs,
1725 3224 1755 3248 a,
1775 3224 1829 3242 um.
1847 3214 1908 3242 Adi.
1943 3216 2030 3242 Varro
2060 3213 2130 3249 apud
2159 3212 2282 3240 Nonium
2292 3221 2328 3246 4,
2343 3217 2356 3242 3
2416 3235 2418 3240 .

245 3249 418 3278 Contraehun
436 3256 523 3277 autem
544 3251 615 3277 vltro
633 3251 754 3284 citroque
772 3249 965 3284 obligationem
975 3269 982 3281 ‚
1004 3248 1076 3285 quod
1090 3249 1185 3276 Graeci
1197 3249 1283 3275 συνάλ-
1347 3250 1421 3286 Conf.
1440 3251 1547 3278 Turneb.
1559 3251 1665 3287 AduerJI
1680 3260 1719 3285 29,
1733 3258 1771 3281 28.
2118 3266 2122 3269 -
2351 3271 2355 3277 .
2388 3258 2396 3286 ¹,

245 3290 339 3319 λαγμοι
351 3291 460 3317 vocant,
487 3286 572 3312 veluti
588 3286 732 3312 emtionem
746 3285 938 3318 venditionem,
958 3285 1116 3312 locationem
1131 3284 1284 3312 conductio.
1383 3292 1401 3313 c
1412 3293 1431 3313 o
1439 3293 1461 3313 N
1470 3293 1491 3313 T
1501 3293 1545 3314 RE
1553 3294 1568 3313 Ρ
1577 3294 1586 3312 1
1597 3294 1616 3314 D
1624 3294 1646 3314 A
1654 3294 1675 3313 N
1685 3294 1707 3314 T
1716 3293 1733 3313 Ε
1741 3293 1770 3313 R.
1791 3285 1860 3314 Adu.
1901 3286 2022 3313 Tertull.
2308 3316 2311 3320 .
2378 3286 2408 3318 ‘tt'
2428 3288 2430 3290 ’

246 3331 335 3354 neni,
349 3320 507 3347 societatem.
577 3321 684 3348 Gestum
711 3330 769 3348 rein
800 3321 945 3356 significare
974 3321 1027 3348 sine
1058 3321 1147 3348 verbis
1180 3320 1284 3347 faelam.
1385 3327 1432 3357 co
1441 3329 1463 3347 N
1472 3327 1493 3347 T
1502 3329 1521 3348 R
1531 3330 1540 3349 1
1550 3329 1566 3349 Β
1576 3321 1597 3349 x?
1606 3329 1622 3348 1.
1631 3329 1651 3350 ο
1660 3343 1669 3356 ,
1689 3326 1742 3349 are.
1779 3331 1796 3348 a
1811 3321 1934 3357 Trtbula,
1950 3331 2010 3358 quae
2022 3330 2039 3348 a
2055 3319 2167 3347 Terendo
2180 3316 2251 3346 dieta
2264 3315 2340 3352 {shfi

245 3356 439 3385 Contra6hu1m
469 3355 515 3383 duo
540 3356 639 3391 summa
656 3366 745 3393 genera
758 3357 821 3394 finit
833 3367 841 3382 :
877 3367 934 3384 nam
946 3357 993 3384 alii
1005 3357 1147 3384 Nominati
1161 3355 1286 3388 dicuntur,
1302 3367 1339 3392 90
1339 3356 1407 3394 ficat
1417 3355 1529 3394 affligere
1540 3367 1638 3385 vexare.
1673 3359 1752 3393 Vulg.
1765 3359 1876 3392 Interpr.
1888 3357 1966 3384 Sirac.
1980 3365 2017 3392 35,
2030 3364 2072 3383 22.
2109 3357 2179 3382 Hinc
2283 3373 2286 3375 -
2410 3367 2414 3378 ·

264 3393 332 3420 uibus
344 3399 436 3419 certum
449 3400 532 3417 nomen
545 3393 648 3418 Latinae
661 3395 760 3429 linguae
773 3393 917 3429 consuetudo
935 3393 1068 3428 imposuit,
1087 3393 1164 3419 veluti
1189 3392 1287 3427 Ennio,
1388 3398 1405 3420 c
1419 3399 1439 3419 o
1450 3400 1470 3420 N
1481 3400 1502 3420 T
1512 3399 1530 3420 R
1540 3400 1573 3420 113
1582 3401 1602 3421 v
1612 3395 1662 3420 LK
1668 3401 1690 3421 T
1699 3401 1742 3421 vs
1751 3413 1760 3427 ,
1778 3402 1809 3426 a,
1826 3402 1880 3420 um.
1921 3391 1982 3421 Adi.
2019 3390 2140 3420 Tertull.
2153 3389 2212 3418 adu.
2226 3389 2284 3417 Iud.
2298 3396 2312 3423 5
2337 3389 2374 3416 Co
2383 3407 2403 3429 ,3¹

258 3429 345 3456 ocatio
360 3437 365 3452 :
400 3429 447 3454 alii
458 3435 516 3453 vero
531 3427 709 3460 Innominati,
729 3429 770 3455 Do
783 3434 812 3455 vt
825 3428 885 3460 des,
904 3429 945 3455 Do
959 3435 988 3455 vt
1001 3428 1097 3461 facias,
1114 3430 1157 3464 qui
1170 3433 1285 3463 proptcr-
1348 3428 1565 3456 contribulatum.
1601 3428 1671 3456 Add.
1684 3428 1721 3457 ib.
1735 3438 1755 3455 c.
1771 3437 1806 3461 13.
2370 3439 2394 3456 κ..

245 3474 272 3491 ea
279 3463 318 3498 fic
332 3463 500 3499 appellantur,
519 3465 579 3498 quia
592 3462 683 3488 nullum
696 3470 788 3490 certum
797 3473 827 3491 ac
836 3467 971 3501 proprium
984 3473 1068 3490 nomen
1088 3463 1185 3490 habent.
1228 3464 1285 3491 Vid.
1385 3471 1403 3492 c
1413 3470 1432 3491 o
1443 3471 1464 3491 N
1477 3470 1499 3490 T
1509 3471 1528 3491 R
1539 3471 1572 3491 113
1581 3472 1602 3491 v
1612 3471 1628 3490 1.
1638 3472 1660 3492 A
1670 3471 1710 3491 Ti
1720 3471 1757 3498 o,
1776 3464 1845 3491 onis.
1863 3465 1884 3492 f.
1919 3464 1994 3492 Idem
2019 3461 2088 3491 ibid.
2107 3465 2134 3495 13'
2151 3462 2206 3489 Vos
2231 3454 2395 3488 contribuloe‘

248 3502 304 3528 Tit.
317 3500 348 3526 D.
363 3498 395 3526 de
407 3497 556 3533 praescript.
570 3497 644 3524 verb.
668 3499 766 3526 Hotom.
900 3500 901 3503 ’
1347 3500 1422 3527 tione
1434 3500 1541 3534 spiritus
1553 3500 1701 3527 vlulabitis.
2377 3500 2388 3523 J,
2441 3512 2449 3530 v⁴

283 3542 300 3562 c
309 3542 329 3562 o
339 3541 362 3561 N
373 3542 394 3562 T
403 3541 422 3561 R
431 3541 452 3561 A
463 3539 480 3561 c
491 3540 512 3561 T
523 3540 542 3561 o
552 3540 570 3560 R
579 3552 588 3565 ,
607 3533 670 3559 bris.
691 3542 727 3560 m.
764 3535 924 3562 conciliator.
960 3534 1124 3570 Nuptiarum
1137 3534 1288 3562 contractor
1308 3542 1341 3569 95
1386 3540 1403 3562 c
1415 3542 1434 3562 ο
1442 3543 1494 3563 NT
1502 3543 1521 3562 R
1531 3543 1564 3562 113
1573 3538 1594 3562 17
1603 3543 1619 3562 i.
1628 3544 1637 3562 1
1647 3543 1659 3563 s
1668 3555 1675 3566 ‚
1695 3535 1726 3563 is.
1742 3544 1778 3562 m.
1815 3537 1868 3572 Qi
1880 3533 1914 3569 est
1927 3545 1956 3562 ex
1970 3534 2051 3562 eadem
2064 3535 2144 3568 tribu,
2161 3541 2229 3572 quem
2243 3531 2400 3562 Tribulemt

245 3570 312 3598 Cod.
326 3570 343 3596 l.
355 3577 368 3603 5
379 3577 397 3596 t.
409 3578 422 3603 ς
437 3570 453 3596 l.
468 3574 491 3599 8.
676 3603 683 3608 ·
1346 3570 1433 3598 dicunt
1443 3578 1536 3598 veteres
1556 3572 1645 3598 Sidon.
1659 3571 1738 3606 Epist.
1754 3577 1777 3603 8,
1788 3579 1822 3603 13.
2382 3567 2410 3597 '1¹‘

284 3611 302 3632 C
313 3612 332 3633 0
341 3613 361 3632 Ν
370 3613 391 3633 T
400 3613 419 3632 R
427 3612 449 3633 Α
459 3610 476 3632 C
487 3612 508 3632 T
517 3611 536 3631 0
544 3611 564 3631 R
573 3611 582 3630 1
591 3610 640 3630 VM
648 3624 657 3638 5
674 3612 693 3630 ¹·
712 3612 739 3630 ¹¹·
772 3605 929 3640 [σφίνκτῆρ]
966 3605 1044 3633 Gloff.
1062 3606 1108 3633 Gr.
1123 3605 1181 3632 Lat.
1387 3612 1404 3633 C
1416 3613 1435 3634 θ
1444 3613 1466 3632 N
1476 3614 1497 3633 T
1506 3614 1524 3633 R
1533 3614 1542 3633 1
1551 3614 1568 3634 B
1577 3614 1597 3633 V
1607 3614 1626 3634 0
1634 3626 1641 3639 ,
1661 3608 1707 3640 ui,
1727 3613 1817 3639 utum,
1835 3607 1888 3633 &re-
1908 3605 2074 3640 [σννεκτιννῦω
2082 3625 2091 3638 ,
2106 3605 2277 3640 σνμποιρὲχω]
2311 3587 2401 3632 ΕῘΜΙΙῙ’
2433 3617 2438 3654 9

281 3646 300 3667 c
309 3647 329 3667 ο
337 3648 359 3668 Ν
370 3647 392 3667 T
404 3648 423 3668 R
435 3648 455 3668 A
465 3648 481 3668 c
490 3646 512 3666 T
521 3647 540 3668 ο
548 3659 557 3671 ,
571 3640 612 3665 vel
622 3638 686 3675 quod
697 3638 812 3672 usitatius
831 3647 847 3667 c
855 3647 874 3667 o
884 3648 904 3667 N
914 3648 935 3668 Τ
943 3648 962 3668 R
971 3649 987 3669 Ε
995 3647 1012 3668 C
1021 3649 1042 3669 T
1051 3648 1082 3675 0,
1099 3645 1152 3668 ire.
1188 3641 1285 3675 [μετκ-
1348 3651 1402 3669 cum
1415 3643 1490 3674 aliis,
1507 3644 1548 3669 ve!
1558 3649 1638 3669 totum
1651 3644 1759 3671 tribuere
1771 3649 1796 3668 et
1807 3642 1931 3678 conferre.
1967 3641 2024 3668 Cic.
2037 3640 2150 3674 Philipp.
2166 3648 2204 3673 14,
2217 3648 2248 3673 39
2260 3647 2322 3672 c.14
2339 3638 2394 3675 νες]

249 3675 359 3712 χαρΐζω,
379 3675 525 3710 ψηλαφηίω]
555 3675 615 3712 fere
628 3672 742 3708 excaeffum
755 3681 798 3700 aut
811 3678 902 3702 vitium
919 3679 947 3702 in
965 3675 1101 3703 traHando
1119 3683 1203 3708 notat,
1221 3683 1286 3702 certe
1349 3677 1411 3704 bem
1443 3677 1476 3704 ad
1505 3686 1562 3705 eam
1594 3687 1651 3705 rem
1686 3678 1822 3713 pecuniam
1852 3677 1930 3710 dare,
1950 3676 2133 3707 contribuere,
2149 3675 2252 3702 soluere
2272 3674 2384 3710 iubeant.
2432 3658 2437 3719 Ι

247 3711 422 3738 vehementiam
433 3713 571 3747 quandam,
587 3717 630 3737 aue
641 3709 753 3736 indecens
765 3710 881 3744 quiddam
895 3714 921 3736 in
939 3713 1072 3749 tangendo.
1108 3711 1237 3739 Columel.
1253 3720 1341 3743 12‚100
1350 3712 1432 3740 Ouid.
1445 3714 1510 3740 Met.
1524 3721 1552 3748 7,
1565 3722 1606 3747 231
1630 3714 1658 3740 de
1672 3714 1770 3746 Medea,
1781 3713 1869 3740 herbas
1882 3715 1992 3749 magicas
2005 3713 2118 3752 legente,
2137 3711 2195 3737 Nec
2212 3720 2267 3737 non
2280 3711 2383 3740 Peneae.
2438 3731 2441 3741 ,

251 3756 280 3780 4,
294 3754 306 3778 3
327 3746 369 3773 Ne
382 3747 579 3774 contradentur
591 3745 694 3781 pocula·
766 3745 824 3771 Seu·
839 3745 871 3770 de
884 3746 1018 3774 Constant.
1032 3757 1055 3780 13
1071 3749 1149 3775 Hunc
1162 3746 1285 3774 arrestum
1348 3757 1396 3775 nec
1409 3757 1463 3775 non
1476 3749 1646 3783 Spercheides
1658 3750 1743 3776 vndae
1755 3748 1936 3776 Contribuere
1953 3745 2063 3787 aliquid.
2170 3747 2227 3773 Sen.
2246 3746 2278 3772 de
2297 3742 2384 3772 Benef-
2432 3725 2436 3803 Ι

248 3781 373 3808 ὓάϋῑῖῖῐῖῑς
393 3790 482 3809 omnes
504 3781 582 3809 habet
600 3781 714 3816 sapien&
733 3789 813 3816 quem
831 3780 954 3807 aduersus
973 3791 1064 3818 aegros
1083 3785 1141 3810 suos
1154 3782 1285 3809 medicus!
1348 3786 1376 3817 6,
1390 3792 1403 3818 5
1424 3784 1492 3811 Cum
1511 3784 1581 3811 idem
1596 3785 1679 3812 homo
1690 3783 1847 3812 beneficium
1860 3783 1929 3810 mihi
1941 3781 2023 3813 dedit,
2036 3787 2062 3808 et
2074 3781 2161 3816 postea
2174 3782 2239 3808 feeit
2250 3780 2383 3816 iniuriam.
2440 3795 2452 3798 =—

249 3825 366 3852 quorum
380 3825 426 3843 nee
440 3817 566 3850 obscena,
584 3817 602 3844 si
615 3816 735 3844 remedio
747 3821 839 3850 egent,
858 3817 1035 3851 contractare,
1055 3828 1102 3846 nec
1120 3819 1245 3854 reliquias
1260 3824 1285 3844 et
1347 3826 1436 3846 vtrum
1450 3826 1476 3847 et
1490 3819 1647 3847 beneficium
1660 3820 1701 3848 illi
1714 3819 1824 3847 reddere
1839 3819 1967 3848 debeam,
1985 3822 2011 3843 et
2031 3826 2072 3843 me
2091 3817 2124 3844 ab
2143 3816 2193 3844 illo
2210 3815 2381 3844 nihilominus

247 3852 327 3879 effusa
346 3852 445 3878 intueri
464 3853 619 3888 dedignatur
641 3860 686 3879 etc.
759 3851 797 3878 Id.
815 3851 892 3885 Epist.
908 3861 937 3885 41
964 3853 1048 3880 Aliter
1062 3855 1105 3881 leo
1117 3860 1208 3882 aurata
1221 3853 1283 3880 iuba
1347 3855 1500 3888 vindicare,
1520 3864 1548 3882 ac
1563 3856 1647 3882 veluti
1660 3855 1762 3883 duobus
1775 3854 1929 3882 nominibus
1939 3853 2078 3886 separatim
2093 3851 2252 3888 respondere
2263 3863 2278 3879 r
2303 3856 2335 3881 λη
2347 3848 2382 3886 ⁸1?

246 3888 412 3921 demittitur,
431 3887 496 3915 dum
508 3888 702 3921 contradatur,
721 3886 791 3916 etad
802 3887 957 3923 patientiam
968 3889 1114 3924 recipiendi
1130 3895 1285 3918 ornamenta
1292 3899 1337 3926 ¹05
1344 3895 1433 3920 terum
1444 3891 1522 3919 alteri
1534 3891 1720 3925 contribuere,
1740 3898 1767 3918 et
1779 3890 1850 3918 nihil
1859 3888 1962 3924 negotii
1974 3887 2088 3923 habere,
2101 3894 2137 3920 ⁴vt
2147 3887 2304 3916 beneficium
2315 3884 2387 3926 initi<

2385 3705 2397 3721 ,1

2398 3768 2399 3776 l

2429 4010 2431 4023 Ι

2428 4028 2430 4036 ι

2428 4044 2430 4070 l

2428 4100 2429 4109 l

2427 4116 2429 4127 l

2427 4132 2429 4140 ι
