2474 4182
300 121 368 163 539
704 109 743 148 Α
806 105 844 144 V
906 104 946 145 G
1778 106 1818 145 A
1886 103 1923 142 V
1988 104 2027 144 G
2369 81 2441 162 ΜΕΞ

298 207 326 224 ea
340 197 429 224 habent
446 197 503 224 Cic.
518 206 567 232 pro
579 197 657 223 Dom.
672 201 699 227 38
713 204 734 221 c.
750 203 788 228 14.
860 193 898 220 Id.
913 193 945 220 de
957 195 1031 221 Orat.
1046 203 1067 228 1,
1082 204 1118 222 211
1132 204 1153 222 c.
1168 200 1201 228 48
1245 195 1290 222 Sin
1304 203 1348 220 au·
1401 196 1433 221 Et
1447 195 1492 229 Ep.
1507 204 1537 221 ιο
1558 196 1703 232 Nunquam
1718 195 1746 222 in
1760 195 1864 222 honore
1885 193 2100 221 extraordinario
2118 196 2230 229 potentis
2249 196 2380 230 hominis,
2397 208 2427 227 v<-
2442 209 2445 215 v

299 239 354 260 tem
367 234 632 268 q11aereremus,quis
645 233 704 257 esset
713 229 1048 265 is,quiadRe111publicam
1063 231 1252 258 moderandam
1272 231 1347 256 vsum
1400 231 1570 265 potentissimi
1588 234 1691 266 potiuS,
1728 247 1773 251 --
1808 230 1918 261 accidit,
1945 236 1974 256 vt
1999 238 2077 255 nemo
2097 230 2219 257 tribunus
2241 232 2340 266 plebis,
2357 242 2444 268 namq:

299 275 326 295 et
339 269 474 296 scientiam
494 277 519 295 et
533 269 647 294 studium
661 267 736 292 suum
751 264 916 298 contuliss'et,
936 265 1075 294 delinirem
1088 267 1138 293 hoc
1148 267 1241 293 modo:
1279 266 1345 299 Qxi,
1400 267 1456 292 alio
1471 267 1639 300 magistratu,
1658 277 1737 294 nemo
1758 267 1893 302 priuatus,
1914 273 2008 292 auctor
2025 265 2161 298 existeret,
2180 270 2197 292 i.
2218 271 2284 294 itiam
2301 270 2442 310 petit1*mun13

300 305 397 340 quibus
423 305 502 331 rebus
530 304 628 330 vtilitas
652 301 727 336 Reip.
741 308 879 335 pararetur
893 309 1102 337 augereturque,
1120 309 1237 334 teneret,
1258 302 1344 336 iisque
1399 309 1422 328 ct
1431 301 1642 338 ⁸suffragationem
1661 304 1720 330 adeo
1734 304 1889 341 Jiescipcrct,
1906 305 2005 337 primus
2026 308 2190 336 proponeret,
2211 303 2332 338 Consulem
2344 304 2441 338 facim-:¹
2464 331 2468 339 ,

299 347 435 373 meretur,
457 341 526 366 hunc
549 336 722 371 Reipublicae
741 336 890 369 rectorem,
909 344 936 364 et
957 338 1070 364 Consilii
1092 339 1194 372 publici
1208 337 1345 364 auftorem
1365 348 1378 374 ς
1401 338 1457 363 dum
1473 333 1669 370 tffi'oetauium.
1740 340 1883 365 Tei-,Eum
1898 347 1920 371 5,
1932 346 1990 371 7,12
2011 337 2052 362 An
2066 337 2218 370 poenitebat
2231 338 2341 371 flagitii,
2360 344 2384 365 te
2392 339 2442 368 aua?

298 378 348 403 esse
362 377 521 403 habendum.
595 374 663 399 Hinc
676 372 848 400 Consiliarius
862 379 887 399 et
900 373 1002 400 Auctor
1015 374 1269 401 vocaturvestorius
1288 374 1345 400 Cic.
1400 380 1473 399 ctorc
1487 373 1559 407 quod
1572 373 1671 400 fecisset
1685 374 1833 401 adolescens
1845 376 1854 400 3
1927 374 1986 399 Liu.
2003 381 2028 404 2,
2042 381 2058 398 2
2092 373 2141 398 Res
2156 379 2210 398 tuas
2225 373 2276 398 tibi
2290 382 2342 398 non
2357 370 2437 405 solum}

300 414 353 439 Att.
369 422 407 446 14,
426 421 450 444 9.
471 417 495 436 ct
516 409 605 435 Partit.
624 417 659 443 97
681 418 702 435 c.
721 416 756 443 27
779 409 912 444 Principia
926 410 954 436 in
968 410 1104 436 sententiis
1114 409 1238 435 Dicendis
1252 409 1345 435 breuia
1399 409 1508 435 reddant
1522 409 1592 435 ciues
1606 409 1665 440 tui,
1683 416 1790 437 auctore
1803 419 1845 436 me
1859 421 1865 436 ε
1902 409 1945 435 sed
1959 409 1977 435 si
1992 407 2056 442 quid
2065 408 2151 439 deest,
2171 407 2294 434 munifice
2302 404 2442 443 augebuiiti
2458 430 2460 433 ,

300 449 348 474 effe
370 446 513 476 debebunt,
528 454 582 470 non
607 446 679 470 enim
701 444 823 480 supplex,
847 452 875 471 vt
898 445 929 472 ad
951 445 1068 471 iudicem
1081 445 1155 471 venit
1167 446 1283 477 Orator,
1301 444 1344 470 sed
1398 448 1416 470 i.
1440 444 1624 480 Ale-similetur,
1644 444 1794 479 cmi-fidente,
1812 445 1956 481 impellente.
2011 444 2066 470 Cic.
2081 444 2181 469 Acad.1
2199 443 2444 482 Aildcbiixiusergo,¹‘
2470 460 2472 466 ·

300 483 421 510 hortator
435 488 514 515 atque
527 480 637 506 Auctor.
674 480 731 507 Cic.
747 481 776 507 in
789 481 864 507 Orat.
879 489 906 507 10
925 481 1025 507 Rerum
1039 481 1137 507 formas
1153 479 1347 514 appellatldeas
1399 481 1505 514 inquit,
1525 480 1604 506 nouis
1617 479 1708 506 verbis
1721 480 1762 507 vti
1773 487 1799 506 te
1811 487 1936 513 auctore,
1956 480 1974 506 fi
1988 479 2086 506 necesse
2100 479 2144 505 est.
2217 480 2322 505 Sueton.
2332 478 2446 519 Tio-45⁴.
2458 498 2462 504 -

298 519 344 545 ille
363 527 417 543 non
437 516 603 550 intelligendi
624 516 726 549 solum,
745 516 788 543 sed
808 517 888 543 etiam
908 516 1021 543 Dicendi
1034 515 1197 550 grauissimus
1211 515 1304 542 au&0r
1320 521 1345 541 ct
1359 531 1387 549 10
1400 517 1492 542 Alium
1515 515 1645 542 dicentem
1669 516 1751 542 sacras
1774 517 1830 542 eius
1847 516 2032 551 occupationes
2048 526 2054 546 ς
2090 520 2116 541 et
2129 515 2218 541 rursus
2233 515 2314 540 alium
2329 514 2462 546 Auctorem*

299 554 421 587 magister
442 553 529 583 Plato,
548 561 643 587 easque
664 553 738 587 gigni
757 559 842 586 negat.
915 552 952 578 Id.
986 552 1039 578 Off.
1056 561 1085 584 3,
1101 561 1141 577 110
1154 561 1174 577 c.
1189 560 1220 583 30
1259 552 1346 586 Atque
1399 561 1432 578 eo
1447 552 1569 578 Senatum
1588 552 1614 577 se
1635 551 1741 583 adiisse,
1759 551 1840 578 verba
1857 559 1959 579 mutare
1970 572 1977 583 ,
1998 559 2023 577 et
2037 560 2086 586 pro
2100 551 2214 576 Auctore
2229 551 2377 583 Suasorem,
2390 549 2447 588 ’134ωῇ

297 589 377 616 huius
392 588 558 619 Deditionis‚
576 589 631 622 ipse
642 588 797 615 Posthumus
811 588 1026 623 quidedebatur,
1043 588 1132 613 suasor
1143 593 1169 613 et
1182 586 1275 613 auctor
1283 587 1345 613 fuit.
1399 588 1482 614 Sacris
1496 587 1653 613 Laboriosas
1667 586 1754 613 dicere
1771 588 1867 622 co'e'git.
1940 590 2032 622 Nempe
2063 589 2163 612 Auctor
2183 586 2307 612 interdum
2330 588 2384 621 plus
2398 591 2416 616 «e
2466 593 2470 599 ⁴

297 624 406 651 Doloris
425 625 479 651 Cic.
496 633 545 659 pro
560 624 641 650 Flacc.
658 633 693 657 53.
765 625 900 651 Facinoris
913 623 1041 657 praeclari
1055 623 1156 650 Auctor
1180 623 1248 649 Vell.
1268 632 1295 656 2,
1309 632 1345 649 10.
1398 633 1470 660 quam
1486 624 1595 656 Suasor,
1612 629 1642 648 vt
1655 625 1681 648 in
1695 624 1739 648 illo
1752 623 1820 649 Tac.
1834 624 1895 658 Agr.
1909 628 1922 653 8
1965 624 2012 649 uod
2023 622 2180 649 laudabamus
2194 622 2261 647 morlo
2275 631 2300 647 n.
2317 631 2327 653 3
2353 588 2431 656 Gene-
2445 622 2452 638 ⁹

296 661 392 687 Futuri
406 666 491 686 certus
505 666 530 686 et
544 659 616 687 idem
629 660 746 694 pellimus
760 661 870 686 Somnus
909 661 966 686 Sen.
980 660 1059 685 Herc.
1080 660 1142 685 Fur.
1164 667 1218 693 107.
1291 659 1345 685 Au·
1399 668 1467 685 rum.
1539 658 1801 695 Singularisformula
1813 656 1847 691 est
1867 659 1923 685 Cic.
1955 669 1969 685 e
1983 662 2057 686 Orat.
2079 668 2087 684 1
2111 667 2133 684 c.
2153 665 2186 691 45
2217 657 2349 692 Multique
2369 658 2435 693 pm,

296 695 399 723 &orem
409 696 520 723 Generis
528 697 658 723 Venerem
672 697 840 730 Martemque
854 695 969 721 fatemur
990 695 1071 722 Rutil.
1085 695 1264 722 Numat.1tin.
1277 696 1345 726 1,65.
1361 699 1386 724 ις
1399 700 1471 720 terea
1481 714 1489 727 ,
1510 695 1558 730 qui
1577 704 1637 720 cum
1658 694 1767 728 ingenio
1788 693 1839 720 fibi
1850 701 1957 721 auctore
1971 694 2128 729 dignitatem
2143 693 2310 727 reperissent,
2331 702 2374 727 per
2392 711 2426 728 -·-,

296 733 451 767 Simpliciter
472 731 586 759 auclorcs
599 739 646 767 pro
661 732 811 767 parentibus
833 731 913 758 Ouid.
928 731 1006 765 Epist.
1023 740 1060 763 10,
1077 740 1117 762 132
1143 730 1271 756 Auctores
1287 730 1345 756 saxa
1398 736 1476 762 runt,
1499 729 1751 764 vtinrespondendo
1764 729 1823 756 iure
1836 730 1992 757 auctoritate
2006 731 2063 765 plus
2072 730 2163 762 etiam,
2172 737 2251 764 quam
2265 729 2322 763 ipso
2336 738 2434 764 rigam.

295 768 449 803 fretumque
462 768 511 794 tui.
584 769 695 795 Generis
714 768 789 801 Virg.
804 768 867 793 Aen.
883 777 908 801 4,
923 769 976 799 365.
1048 767 1187 792 Gestorum
1199 765 1344 792 Auctorem
1397 766 1526 792 vaierent.
1599 766 1646 793 Sed
1659 771 1802 800 corruptum
1814 765 1914 792 videtur
1927 766 1991 792 illud
2005 772 2121 792 auctore.
2159 765 2323 800 Dignitatem
2339 773 2382 801 exp

295 803 364 830 dixit
377 804 446 830 Tac.
461 805 522 838 Agr.
539 809 552 834 8
586 804 643 830 Nec
658 803 782 838 Agricola
794 812 908 838 vnquam
925 804 952 829 in
965 804 1036 828 suam
1050 802 1148 828 famam
1168 801 1245 835 gestis
1262 801 1345 827 exsul·
1395 808 1468 827 turus
1489 803 1582 837 aliquis
1599 803 1707 828 Auctor.
1745 801 1774 826 id
1785 799 1819 834 est
1840 801 2006 828 Auctoritatc
2025 802 2172 837 appo-fiacrio
2185 812 2192 826 .·
2227 802 2268 826 vel
2280 801 2386 827 Auctor'

296 839 382 866 tauit:
418 840 450 866 ad
481 839 625 866 Auctorem
653 845 679 866 et
706 840 816 871 Ducem,
838 847 865 865 vt
889 838 1025 869 minister,
1045 838 1182 863 fortunam
1200 836 1344 863 referebat.
1396 837 1501 863 daturus
1514 843 1570 864 erat
1580 838 1714 868 librarius,
1726 843 1777 898 lpro
1791 835 1919 871 dignitate
1932 844 1977 863 etc.
2048 838 2105 864 cic.
2119 836 2197 863 Acad.
2212 845 2240 869 4,
2255 845 2283 869 91
2308 837 2382 866 Ex
2416 830 2430 868 'j

293 875 414 902 Iniuriae
430 875 551 909 publicae
564 875 650 910 grauis
665 874 783 907 Aucior,
799 878 816 901 i.
830 873 899 908 testis
924 874 979 900 Cic.
994 882 1043 906 pro
1058 873 1140 898 Flacc.
1155 881 1175 898 c.
1191 880 1229 907 17.
1301 874 1343 899 In-
1353 881 1387 899 20
1397 873 1487 907 paullo
1510 879 1569 899 ante
1591 873 1722 900 Clitomac
1743 882 1760 898 o
1783 879 1901 904 auctore,
1915 872 2052 907 quomodo
2071 872 2118 899 ista
2132 872 2278 899 Carneades
2291 871 2343 898 dic
2375 869 2387 881 ”
2423 870 2428 883 Τ

295 911 445 938 terticiendi
458 912 570 938 alicuius
590 911 648 938 Cic.
666 912 736 937 Fam.
753 920 790 942 12,
805 919 826 936 2.
897 909 973 943 Legis
989 907 1090 934 Auctor
1103 908 1228 935 interdum
1241 906 1275 941 <sl
1293 908 1344 941 ille,
1401 910 1437 935 Vt
1458 908 1540 944 refert
1561 909 1740 941 Clitomachus,
1760 909 1801 935 vel
1821 908 1992 943 Exfintentia
2004 908 2160 934 Clitomachi.
2233 908 2292 934 Liu.
2302 916 2322 940 1,
2335 907 2382 941 46³
2424 903 2435 929 ἰ

294 950 338 982 qui
353 950 449 973 inuenit
462 955 483 973 rt
492 950 592 982 primus
606 949 666 973 tulit
682 947 716 972 ml
724 947 853 981 populum,
872 945 943 970 verbo
957 945 1047 970 Lator.
1083 944 1218 976 Liu.6,36
1237 944 1345 977 Fabius,
1396 945 1426 971 L.
1447 945 1616 980 Tarquinius
1636 945 1716 971 Prisci
1736 944 1887 978 Tarquinii
1909 944 1980 977 regis
2001 943 2085 975 filius,
2106 952 2222 978 neposne
2235 943 2331 975 fuerit,
2351 952 2383 980 pg
2433 935 2435 955 ¹

295 991 411 1017 quarum
430 983 518 1018 legum
538 982 639 1009 Aucior
651 983 752 1014 suerat,
773 990 863 1006 earum
879 980 1010 1005 suasorem
1023 980 1048 1005 se
1061 978 1131 1006 haud
1146 979 1260 1007 dubium
1275 980 1343 1007 fere·
1396 981 1481 1016 liquet
1495 991 1501 1006 :
1536 981 1660 1016 plurimis
1673 987 1759 1007 tamen
1773 979 1925 1006 auctoribus
1940 979 2027 1005 tilium
2038 979 2179 1007 ediderim.
2214 982 2231 1005 i.
2254 977 2381 1014 historicis
2427 961 2442 1014 4
2471 983 2474 988 “

294 1017 348 1045 bat.
420 1020 461 1046 Sic
476 1019 544 1046 Vell.
559 1020 611 1044 Pat.
625 1028 650 1049 2,
665 1026 693 1049 23
714 1019 743 1042 ln
759 1016 837 1042 huius
851 1016 939 1041 locum
954 1014 1075 1042 suffectus
1089 1016 1210 1042 Valerius
1226 1016 1342 1048 Flaccus,
1393 1017 1519 1043 rantibus.
1556 1018 1656 1051 Saepius
1675 1020 1712 1042 ita
1727 1020 1834 1051 ponitur
1852 1016 1897 1043 hoc
1916 1025 2016 1047 nomm,
2031 1023 2081 1050 pro
2094 1025 2129 1047 eo,
2143 1019 2213 1041 cuius
2226 1017 2370 1042 narrationi
2386 1020 2390 1046 ᾗ
2433 1019 2442 1035 ’ν

295 1053 455 1090 turpiffimae
470 1055 534 1089 legis
556 1054 655 1080 Auc‘tor
669 1060 713 1078 etc.
785 1050 832 1078 secl
841 1052 985 1087 plerumque
999 1050 1100 1078 AuCtor
1114 1052 1178 1086 legis
1192 1055 1216 1078 is
1230 1050 1279 1085 est,
1300 1055 1344 1088 qui
1355 1061 1386 1087 25
1395 1053 1506 1079 habt-tur.
1549 1053 1593 1084 Vt,
1602 1052 1642 1078 Ab
1650 1053 1740 1079 Sutrio
1751 1058 1887 1084 auctores,
1906 1050 2020 1077 concilia
2037 1051 2069 1077 de
2083 1060 2145 1085 pace
2159 1051 2254 1078 haberi
2274 1051 2332 1077 Liu.
2348 1059 2375 1077 ιο

293 1090 363 1117 illam
370 1091 566 1126 p1·obt1t‚populo
573 1088 739 1119 commendat,
759 1087 924 1122 [Issen-litque.
958 1087 1050 1119 Liu.2,
1065 1090 1095 1120 56
1114 1088 1162 1114 Sed
1174 1093 1203 1113 vt
1217 1088 1344 1115 inuentor
1395 1088 1528 1115 Producto
1543 1088 1571 1114 in
1585 1088 1740 1114 concionem
1754 1094 1862 1114 auctore
1883 1087 1944 1113 lust.
1960 1095 1992 1118 11,
2007 1095 2030 1112 2.
2046 1090 2062 1112 i.
2078 1090 2174 1113 mantio.
2246 1087 2342 1112 Iisdem
2355 1095 2387 1113 aa

296 1126 361 1160 legis
391 1127 505 1158 Volero,
526 1126 559 1152 lic
578 1124 716 1151 Laetorius
735 1123 843 1157 Collega
860 1132 916 1149 ems
936 1123 1029 1149 auctor
1042 1132 1125 1157 quum
1137 1124 1270 1150 recentior
1285 1129 1343 1150 tum
1396 1124 1471 1150 ribus
1492 1124 1628 1158 cognitum
1648 1124 1699 1155 est,
1720 1125 1842 1157 Aequos,
1862 1124 2024 1157 Volscosque
2044 1123 2144 1149 summa
2161 1123 2191 1149 vi
2205 1122 2304 1149 bellum
2318 1131 2377 1157 app

294 1163 384 1188 acrior
398 1169 461 1188 erat.
535 1163 575 1188 Sic
589 1161 644 1187 Cic.
660 1159 691 1184 de
707 1159 767 1192 Leg.
781 1168 803 1191 3,
818 1167 844 1191 35
859 1168 880 1185 e.
897 1161 925 1185 16
946 1160 1037 1193 Itaque
1051 1158 1093 1185 isti
1107 1159 1224 1192 rationi,
1243 1159 1271 1185 de
1281 1161 1342 1196 legi·
1396 1160 1456 1186 Liu.
1495 1179 1501 1185 .
1540 1180 1546 1186 .
1585 1179 1591 1185 .
1628 1161 1669 1187 Sic
1682 1160 1736 1186 Cic.
1751 1160 1804 1185 Att.
1819 1168 1858 1192 14,
1868 1165 1880 1189 8
1902 1159 1972 1185 Nam
1987 1158 2059 1193 quod
2068 1158 2191 1185 Cluuiam
2204 1158 2296 1185 scribis
2309 1158 2385 1185 mod

292 1198 337 1224 bus
351 1198 489 1224 tabellariis
501 1198 626 1232 quuitur,
646 1204 732 1229 neque
744 1195 813 1221 lator
821 1195 961 1229 quisquam
975 1195 1011 1221 est
1024 1195 1162 1227 inuentus,
1182 1204 1230 1221 nec
1239 1195 1341 1221 Auctor
1395 1201 1421 1222 et
1429 1195 1512 1221 amice
1526 1196 1632 1230 scriptas
1641 1195 1731 1221 literas
1742 1195 1870 1227 anuline,
1889 1195 1958 1221 mihi
1972 1194 2045 1221 dedit
2059 1194 2163 1220 Paullus
2176 1194 2209 1221 ad
2223 1195 2248 1221 se
2261 1203 2276 1220 a
2288 1194 2377 1220 fratre·

292 1242 409 1268 vnquam
424 1233 517 1258 bonus.
590 1231 626 1257 Id.
643 1231 696 1257 Att.
712 1239 730 1262 1,
746 1239 773 1263 19
799 1232 909 1264 Agraria
928 1230 969 1256 lex
985 1239 999 1256 a
1019 1231 1112 1257 Flauio
1127 1231 1258 1257 Tribuno
1270 1230 1340 1265 pleb.
1354 1240 1385 1264 3ο
1395 1232 1448 1263 sas,
1468 1230 1565 1266 quibus
1585 1231 1613 1257 in
1632 1231 1758 1257 extremis
1780 1237 1851 1264 erat,
1871 1230 1921 1257 fibi
1938 1230 2044 1257 insidias
2061 1229 2138 1263 fieri,
2158 1231 2184 1256 se
2198 1229 2226 1257 id
2239 1230 2316 1256 certis
2331 1238 2362 1256 au
2383 1235 2396 1252 ι’

291 1270 464 1295 vehementer
480 1267 629 1302 agitabatur
643 1266 760 1293 Auciore
774 1267 900 1300 Pompeio
917 1277 922 1293 :
958 1275 1025 1301 quae
1038 1266 1107 1293 nihil
1124 1266 1249 1301 populare
1263 1266 1342 1293 habe·
1395 1266 1444 1294 bus
1477 1267 1639 1301 comperisse.
1675 1268 1733 1293 Hoc
1765 1275 1813 1293 nec
1839 1266 1910 1293 mihi
1937 1266 2071 1301 placebat,
2101 1272 2127 1292 et
2157 1266 2243 1293 multo
2271 1266 2313 1292 illi
2347 1265 2393 1292 m'

291 1305 337 1332 bat
350 1310 452 1338 praeter
467 1303 621 1330 Aueiorcm.
694 1304 725 1329 Et
740 1307 767 1334 8,
781 1310 793 1334 3
834 1302 882 1328 Ille
901 1302 1003 1336 legibus
1020 1311 1066 1336 per
1079 1303 1136 1329 vim
1152 1309 1178 1329 et
1192 1308 1284 1330 contra
1297 1311 1341 1328 au·
1394 1300 1415 1341 ff
1435 1310 1448 1336 5
1467 1301 1603 1330 Adiecliua
1616 1303 1641 1339 s.
1653 1303 1767 1339 Epitheta
1780 1302 1912 1329 Auctoris.
1963 1303 2091 1328 Auctores
2109 1302 2214 1337 antiqui
2231 1301 2351 1328 scribon.
2385 1302 2388 1306 '
2422 1308 2424 1318 ²

291 1341 372 1374 spicia
386 1340 501 1366 ferendis
516 1339 624 1365 Auctor.
698 1339 729 1364 Et
747 1339 839 1372 Agrar.
860 1347 891 1371 2,
911 1347 937 1364 12
953 1347 974 1364 c.
989 1346 1001 1371 5
1037 1339 1106 1365 Cum
1120 1338 1301 1371 ostenderem,
1321 1338 1339 1365 fi
1394 1338 1427 1365 ad
1442 1339 1542 1366 Callist.
1567 1342 1584 1365 ι’.
1592 1339 1732 1374 scriptores
1745 1338 1894 1366 Medicinae.
1967 1339 2120 1374 Ingeniosus
2134 1339 2229 1370 Po'e‘ta,
2249 1343 2276 1364 et
2290 1343 2367 1364 aucto

290 1376 333 1402 lex
347 1376 421 1402 vtilis
436 1375 508 1411 plebi
521 1376 599 1402 Rom.
614 1373 684 1405 mihi
698 1373 850 1406 videretur,
870 1373 1014 1400 Auctorem
1029 1383 1072 1400 me
1091 1380 1170 1409 atque
1190 1374 1343 1401 adiutorem
1395 1375 1427 1401 de
1440 1375 1527 1401 Bonus
1566 1376 1621 1402 Cic.
1638 1384 1686 1409 pro
1699 1376 1820 1401 Mur-aen.
1834 1383 1873 1407 30.
1944 1374 2122 1401 celeberrimi
2136 1380 2255 1401 auctores
2291 1374 2358 1400 Ptin.
2391 1379 2393 1381 “

289 1412 413 1438 futurum
429 1423 433 1437 :
470 1411 559 1447 Confid
571 1412 680 1446 loquitur
693 1410 721 1436 de
735 1411 795 1446 lege,
809 1419 880 1446 quam
896 1411 989 1436 tulerat
1002 1410 1117 1436 tribunus
1133 1411 1223 1446 plebis.
1280 1411 1341 1437 Sue·
1353 1421 1382 1447 33
1395 1410 1555 1437 Certiffimus
1574 1412 1650 1446 Virg.
1674 1411 1771 1445 Georg.
1797 1419 1823 1443 1,
1845 1419 1904 1444 432.
1926 1409 1954 1436 de
1969 1412 2039 1437 Luna
2059 1408 2210 1445 tempestatis
2229 1409 2325 1443 indice,
2347 1415 2376 1436 vt

291 1454 348 1474 ton.
362 1448 410 1474 Iul.
424 1457 445 1474 c.
462 1449 490 1474 16
526 1447 644 1474 Caecilio
659 1445 770 1472 Metello
792 1445 903 1472 tribuno
917 1446 951 1480 pl.
965 1445 1198 1472 turbulentissimas
1212 1446 1281 1481 leges
1296 1446 1340 1473 ad·
1393 1447 1480 1473 Lucis.
1551 1447 1691 1474 Clariffimi
1731 1447 1861 1480 Quinctil.
1894 1455 1914 1479 1,
1945 1452 1968 1476 8.
2041 1446 2132 1481 Longe
2163 1445 2296 1472 clarissimi
2324 1454 2390 1471 aue

290 1484 381 1510 versus
401 1483 572 1517 Collegarum
591 1481 799 1508 intercessionem
820 1482 919 1509 fcrenti
946 1481 1083 1508 auc‘iorem
1104 1489 1340 1517 propugnatorem·
1394 1483 1476 1516 (nim.
1502 1486 1591 1517 partis
1618 1482 1768 1515 medicinae,
1787 1491 1848 1518 quae
1879 1480 1951 1509 viHu
1982 1482 2077 1508 morbos
2108 1483 2203 1515 curat)
2229 1481 2296 1508 Cels.
2321 1490 2331 1507 1
2357 1484 2393 1515 ρι’

291 1529 344 1554 que
360 1520 384 1545 se
398 1518 597 1553 pertinacissime
611 1517 749 1552 praestitit.
822 1519 881 1543 Non
894 1519 1013 1549 multum,
1026 1524 1105 1553 puto,
1125 1518 1178 1544 abit
1190 1518 1262 1551 illud,
1276 1517 1341 1554 quod
1393 1518 1477 1545 Ouid.
1490 1518 1556 1546 Fast.
1570 1527 1599 1551 5,
1613 1521 1660 1545 601
1689 1519 1771 1545 Tune
1790 1518 1859 1545 mihi
1878 1528 1932 1545 non
1953 1517 2044 1544 dubiis
2065 1517 2221 1545 auctoribus
2241 1517 2335 1552 incipit
2358 1524 2390 1539 α’

291 1556 347 1582 Cic.
363 1556 476 1595 Verr35,
492 1562 532 1588 171
547 1563 567 1579 c.
583 1556 617 1588 67
637 1553 773 1579 Senatores
788 1552 881 1587 populi
894 1553 1008 1579 Romani
1028 1555 1138 1588 Legum,
1164 1554 1340 1580 iudiciorum·
1393 1554 1522 1581 Aue’tores
1535 1554 1638 1581 aestatis
1656 1562 1729 1581 vocat
1743 1561 1814 1582 ortus
1829 1561 1852 1581 et
1867 1555 1967 1591 occafics
1979 1554 2132 1590 quorundam
2137 1553 2256 1588 siderum.
2321 1551 2385 1579 Em'⁴

291 1600 344 1626 que
358 1597 384 1617 et
398 1591 463 1617 iuris
476 1589 608 1616 Au&ores
617 1595 754 1615 vocantur.
828 1590 934 1624 Itemque
958 1589 1023 1624 quod
1036 1587 1095 1625 post
1113 1591 1213 1616 Romuli
1236 1597 1339 1616 mortem
1348 1599 1384 1623 40
1393 1588 1482 1616 tissimi
1496 1589 1628 1622 Quinctil.
1645 1598 1665 1622 1,
1679 1598 1704 1622 z,
1718 1599 1742 1617 2.
1780 1598 1800 1622 1,
1815 1598 1854 1622 10,
1869 1598 1905 1617 ιο.
1941 1599 1980 1622 10,
1995 1598 2015 1622 1,
2029 1597 2072 1622 45.
2164 1588 2356 1616 Euidenti-ffimi
2368 1608 2369 1611 ,
2380 1600 2392 1614 ι
2416 1608 2417 1611 ,

290 1628 352 1654 Liu.
367 1635 388 1658 1,
400 1634 428 1661 ¹7
463 1626 644 1652 Decreucruut
661 1631 751 1659 patres
759 1644 773 1655 ‚.
788 1630 832 1655 vt,
852 1634 912 1650 cum
935 1625 1048 1659 populus
1068 1634 1159 1660 regem
1172 1625 1291 1658 iussiss‘et,
1308 1625 1337 1652 id
1393 1634 1433 1658 19,
1447 1634 1459 1657 3
1480 1626 1498 1651 s.
1515 1634 1548 1658 15.
1644 1625 1829 1652 Eruditissimis
1844 1625 2001 1652 auctoribus
2022 1625 2112 1652 induci
2134 1626 2248 1660 Cic-pro
2260 1626 2385 1652 Muraen

289 1662 325 1689 fic
337 1668 424 1689 ratum
440 1662 515 1693 esset,
533 1661 551 1686 li
566 1666 650 1694 patres
664 1659 792 1686 A116tores
805 1660 898 1686 fierent
914 1671 919 1686 ι
955 1660 1089 1695 hodieque
1111 1661 1139 1687 in
1154 1661 1270 1696 Legibus
1285 1670 1340 1687 ma-
1394 1661 1512 1688 Grauior
1528 1661 1699 1688 Tacit.Hist.
1714 1670 1737 1693 3,
1750 1669 1791 1695 43.
1863 1661 1976 1688 Idoneus
1996 1661 2126 1694 Qiinffll.
2142 1670 2162 1694 1,
2177 1671 2204 1695 4.
2259 1663 2315 1687 Cic.
2328 1662 2351 1687 V

289 1697 496 1733 gistratibusque
507 1695 631 1730 rogandis
647 1696 788 1729 vsurpatur
801 1696 872 1721 idem
888 1697 943 1727 ius,
963 1697 991 1722 vi
999 1696 1110 1723 ademta.
1182 1698 1340 1732 Priusquam
1394 1699 1441 1723 216
1461 1706 1481 1723 c.
1496 1698 1540 1729 96.
1612 1697 1702 1723 Latini
1716 1696 1826 1730 Qiincl.
1843 1704 1863 1729 1,
1875 1702 1898 1726 8.
1970 1697 2059 1723 Leuis.
2097 1697 2234 1731 Locuples.
2270 1697 2343 1723 Lucu
2415 1693 2422 1703 ²

290 1734 403 1768 populus
422 1732 576 1766 suffragium
597 1732 683 1762 ineat,
703 1731 732 1756 in
757 1731 888 1757 incertum
912 1732 1086 1759 comitiorum
1105 1738 1230 1759 euentum
1254 1739 1339 1768 patres
1392 1732 1447 1758 vicl.
1462 1732 1516 1758 suis
1531 1732 1606 1759 locis.
1671 1733 1727 1758 Cic.
1737 1735 1791 1759 Att.
1800 1740 1827 1767 7,
1842 1741 1854 1764 33
1877 1732 2010 1759 Caecilius
2026 1732 2112 1759 Malus
2125 1733 2220 1759 auctor
2232 1733 2347 1759 Latinita
2399 1725 2431 1781 ὦ

289 1769 419 1796 Αυὸἶοιεε
432 1767 499 1794 fiunt
513 1769 521 1793 3
592 1766 639 1794 Sed
652 1766 707 1792 Cic.
722 1775 771 1800 pro
784 1767 862 1792 Dom.
877 1772 909 1796 80
923 1776 944 1793 c.
957 1776 988 1798 30
1027 1768 1128 1794 Auctor
1146 1769 1210 1802 legis
1224 1775 1339 1801 vocatur,
1349 1779 1382 1805 43
1393 1767 1526 1794 Maximos
1551 1767 1674 1794 aueiores
1697 1769 1726 1795 in
1749 1768 1853 1794 diuersa
1875 1769 1952 1794 fuisse
1974 1769 2104 1803 opinione
2126 1769 2206 1795 video
2231 1768 2361 1803 QinGt-il.
2378 1760 2433 1816 sti

289 1805 337 1840 qui
352 1805 453 1839 primus
466 1803 551 1829 sciuit.
625 1803 718 1837 Nempe
729 1803 771 1829 hic
784 1803 916 1836 exemplum
930 1803 990 1828 aliis
999 1806 1104 1837 praeiit.
1144 1804 1280 1831 Libidinis
1294 1813 1340 1831 ve·
1392 1805 1484 1831 quen.
1500 1804 1551 1830 Sat.
1574 1811 1620 1836 14,
1633 1812 1669 1835 ,32
1703 1819 1748 1826 ,-
1783 1803 1863 1830 citius
1885 1812 1935 1830 nos
1972 1804 2155 1838 Corrumpunt
2171 1805 2302 1832 vitiorum
2322 1812 2405 1831 exe-1

287 1842 353 1867 titae
367 1839 461 1872 ᾱιτξὶοι·
475 1838 612 1865 sceleratus
627 1847 632 1862 :
668 1837 778 1873 quifert
790 1839 878 1864 literas
892 1841 1030 1864 amatorias
1042 1849 1056 1864 a
1064 1841 1152 1874 Jorore
1169 1840 1204 1865 ad
1214 1840 1338 1875 fratrem.
1392 1839 1550 1871 domestica,
1565 1839 1666 1874 magnis
1702 1840 1794 1873 Qum]
1807 1838 1916 1866 subeant
1928 1839 2031 1865 animos
2045 1839 2207 1873 auctoribus.
2242 1867 2246 1870 ,
2277 1838 2412 1868 Memora
2417 1844 2423 1847 “

288 1876 370 1903 Ouid.
385 1877 449 1902 Met.
463 1884 489 1908 9,
504 1877 561 1909 576.
633 1873 711 1900 Lucis
729 1873 818 1908 Apollo
852 1873 925 1899 Idem
941 1874 1005 1899 Met.
1021 1882 1049 1907 4,
1063 1882 1120 1909 257.
1189 1875 1238 1902 Sed
1263 1876 1340 1909 Prop.
1394 1875 1430 1901 les
1445 1874 1577 1901 Columel.
1592 1884 1613 1907 1,
1627 1883 1647 1908 ι,
1660 1884 1687 1908 4.
1758 1875 1877 1902 Pessimus
1888 1874 1982 1902 auctor
1995 1875 2083 1902 futuri
2097 1876 2154 1902 Seu.
2164 1877 2243 1902 Herc.
2256 1876 2307 1903 fur.
2323 1874 2424 1910 1071..d

286 1921 316 1946 4,
330 1921 353 1945 3,
369 1921 396 1944 32
416 1912 495 1937 Lucis
508 1910 629 1937 auctores
642 1918 703 1935 aues
717 1910 775 1935 sunt
794 1909 865 1935 Galli
880 1909 1034 1943 gallinacei,
1059 1916 1104 1941 vt,
1124 1912 1216 1945 Aquae
1232 1911 1340 1945 pluuiae
1393 1911 1496 1943 Somno,
1522 1913 1540 1937 i.
1554 1910 1629 1936 index
1647 1918 1671 1936 et
1703 1914 1860 1937 racnmzcius.
1930 1911 1987 1937 Cic.
2009 1911 2041 1937 de
2059 1910 2128 1937 Clar.
2148 1911 2223 1938 Orat.
2242 1921 2280 1946 44
2303 1911 2342 1938 Sit
2360 1911 2424 1938 sane·

288 1948 427 1983 graculum
440 1954 464 1972 et
478 1946 608 1973 Bonitatis
623 1945 743 1972 colorem
757 1945 867 1971 vidimus
882 1955 888 1970 :
924 1952 954 1971 vt
965 1955 991 1971 n.
1010 1953 1022 1978 5
1041 1945 1211 1972 Certiffimus.
1244 1950 1274 1972 ir.
1285 1946 1338 1972 Du·
1350 1961 1383 1987 50
1393 1946 1519 1981 inquam,
1540 1952 1569 1972 vt
1582 1945 1657 1972 lubet
1692 1955 1706 1972 e
1726 1946 1775 1972 isto
1785 1967 1792 1979 ,
1814 1952 1839 1972 et
1852 1955 1902 1980 ego
1922 1947 2025 1972 cautius
2039 1945 2142 1980 posthae
2160 1946 2424 1980 historiamattingar.

288 1983 349 2011 bins
364 1982 500 2013 Muneris,
521 1984 564 2016 qui
572 1981 674 2007 donauit
694 1980 775 2019 Ouid:
784 1981 848 2006 Met.
864 1986 936 2012 2,88.
971 1988 994 2007 et
1010 1983 1114 2016 1o‚673.
1184 1982 1240 2009 Cic.
1254 1983 1339 2009 Tusc.
1392 1988 1419 2008 te
1432 1981 1573 2014 audiente,
1592 1991 1673 2017 quem
1685 1990 1777 2008 rerum
1790 1983 1970 2008 Romanarum
1980 1980 2122 2009 Auctorem
2135 1982 2242 2010 laudare
2249 1983 2351 2017 possum
2366 1981 2422 2008 Reli
2438 1980 2439 1986 ¹

287 2028 317 2053 4,
333 2027 345 2044 2
366 2018 471 2051 Qtibus
484 2017 576 2043 Iunius
590 2016 685 2055 Brutus
705 2020 817 2049 patriam
836 2015 979 2047 liberauit,
1006 2017 1153 2050 praeclarus
1177 2018 1271 2045 audior
1293 2027 1340 2044 no·
1393 2017 1570 2052 giofiffimum.
1642 2017 1707 2044 Non
1720 2017 1841 2044 sordidus
1856 2017 1964 2049 auctor,
1980 2020 1998 2043 i.
2012 2017 2098 2045 Clarus
2111 2025 2136 2044 et
2148 2019 2247 2046 celebris
2263 2019 2329 2044 Hor.
2345 2017 2422 2044 Carrn
2437 2012 2439 2043 l

286 2054 400 2082 bilitatis
417 2060 486 2079 tuae.
560 2051 659 2082 Necxs,
677 2053 720 2086 qui
731 2059 803 2076 manu
812 2050 861 2085 sua
874 2050 1006 2085 interfecit
1031 2051 1112 2089 Quid.
1136 2053 1201 2078 Met.
1223 2058 1254 2085 8,
1274 2062 1339 2085 449.
1395 2063 1416 2085 1,
1431 2059 1469 2086 28,
1484 2063 1523 2088 14.
1594 2053 1698 2080 Summi
1715 2053 1846 2087 Qiinffil.
1862 2062 1888 2086 1,
1909 2055 1935 2079 6.
2007 2053 2182 2087 Validiffimus
2202 2051 2422 2080 autfini-mittem

288 2090 416 2118 Nominis
430 2088 523 2115 aucior
543 2086 663 2114 Scribon.
680 2088 734 2113 106.
752 2088 769 2112 i.
779 2088 902 2113 inuentor.
974 2086 1071 2120 Operis
1085 2085 1125 2111 sui
1163 2087 1245 2115 Ouid.
1259 2087 1339 2120 Epist.
1392 2089 1501 2114 nuntios
1513 2089 1617 2115 Parthis
1629 2089 1682 2116 fuit
1694 2089 1833 2121 Sinnaces,
1851 2092 1869 2115 i.
1884 2089 1973 2125 Suasor-
1986 2088 2077 2115 Tacit.
2091 2090 2158 2116 Ami.
2169 2091 2196 2121 6,
2210 2096 2243 2120 3¹·
2369 2108 2371 2110 -
2417 2097 2422 2111 ι

288 2135 319 2157 ιι,
335 2131 356 2156 8.
376 2128 418 2161 qui
430 2124 576 2151 crudelitate
584 2122 633 2159 βω
639 2122 728 2158 facit,
746 2128 776 2148 vc
783 2120 835 2155 fibi
847 2131 926 2147 necem
941 2121 1033 2183 aliiquis
1052 2120 1197 2157 consciscat.
1265 2121 1338 2147 Pacis
1350 2131 1379 2158 5¹5
1397 2121 1494 2153 Verba,
1512 2123 1654 2157 quibuscum
1671 2127 1742 2150 varie
1756 2124 1882 2150 Auetoris
1901 2134 1986 2150 nomen
2001 2123 2154 2157 construitur
2167 2133 2175 2148 .·
2211 2121 2332 2156 Appellet
2355 2137 2358 2143 .
2389 2124 2428 2159 «ζμ.

287 2161 382 2189 auctor
396 2162 496 2194 semper
508 2159 548 2185 fui
564 2159 639 2193 Reip.
673 2158 729 2184 Cic.
743 2158 795 2184 Att.
809 2165 836 2190 9,
850 2165 880 2183 ιι.
951 2157 963 2183 Ι
984 2177 990 2182 .
1004 2156 1036 2183 de
1051 2157 1125 2183 Orat.
1140 2165 1165 2189 2,
1183 2165 1230 2190 194
1266 2158 1338 2190 Qa-
1392 2165 1450 2183 rem
1465 2155 1528 2183 fides
1542 2156 1607 2182 Plin.
1621 2162 1661 2187 28,
1675 2166 1694 2183 1.
1713 2161 1732 2183 i.
1739 2158 1818 2192 fidem
1825 2159 1957 2193 faciamus
1971 2158 2050 2185 ditiis
2062 2159 2185 2186 laudzindo
2199 2157 2308 2185 auctore.
2375 2156 2396 2191 '-.

289 2206 318 2224 re
333 2197 418 2223 nolite
431 2195 583 2221 existimare
599 2202 642 2220 me
656 2194 741 2227 ipsum
751 2213 759 2225 ,
777 2194 825 2227 qui
837 2201 892 2218 non
905 2192 1018 2220 heroum
1033 2199 1136 2219 veteres
1150 2194 1237 2224 casus,
1250 2192 1338 2219 fictos-
1391 2191 1546 2224 διιᾶσι-ειη,
1565 2191 1619 2218 uid.
1634 2198 1721 2219 Cl'ro.
1792 2193 1977 2219 Criminantur
1990 2193 2100 2226 quidam
2135 2208 2180 2214 —
2216 2193 2354 2224 auctores,
2380 2198 2388 2215 κ’

288 2241 341 2267 que
367 2231 452 2258 lucius
478 2230 574 2263 vellem
591 2229 712 2260 imitari,
732 2236 811 2262 atque
835 2227 994 2254 adumbrare
1012 2227 1142 2260 dicendo,
1160 2236 1246 2262 neque
1262 2227 1339 2254 a&or
1391 2228 1545 2261 praelegunt
1558 2227 1690 2260 Qun-Stil.
1705 2236 1732 2259 1,
1745 2235 1768 2260 5,
1781 2236 1811 2254 11.
1866 2227 1896 2254 Id
1916 2228 1954 2254 ita
1973 2229 2035 2259 else,
2053 2234 2082 2255 vt
2098 2228 2203 2261 credas,
2219 2229 2302 2263 ipsam
2320 2237 2356 2254 rei
2384 2239 2385 2243 ¹

289 2269 366 2295 essem
380 2267 481 2293 alienae
496 2265 638 2300 personae,
659 2263 703 2290 sed
715 2263 809 2289 auctor
824 2269 912 2294 meae,
932 2271 1016 2296 quum
1028 2263 1098 2288 mihi
1110 2264 1147 2289 M.
1162 2263 1288 2297 Aquilius
1310 2263 1340 2288 in
1392 2262 1494 2289 &orem
1510 2261 1586 2289 Dabo
1605 2262 1687 2288 Plaut.
1701 2263 1784 2289 Trin.
1800 2272 1826 2294 ι,
1841 2271 1866 2295 2,
1880 2270 1924 2298 70.
1949 2266 1967 2289 i.
1981 2265 2016 2289 Re
2035 2265 2089 2300 ipfiz
2109 2264 2240 2298 ostendam.
2313 2265 2366 2291 Ena

287 2304 398 2331 ciuitate
411 2301 565 2329 retinendus
579 2300 653 2332 esset,
674 2308 758 2334 quae,
778 2306 824 2325 etc.
880 2299 999 2324 Porticus
1012 2297 1130 2324 auctoris
1145 2298 1225 2324 Liuia
1239 2307 1338 2324 nomen
1351 2297 1513 2331 5oau8tores
1528 2297 1659 2331 Quinctil.
1671 2306 1691 2329 1,
1706 2306 1730 2329 9.
1802 2298 1844 2324 Est
1863 2299 1957 2325 auc'tor
1969 2300 2126 2333 Massurius,
2144 2299 2186 2326 bis
2201 2300 2230 2326 in
2242 2299 2374 2334 triumph·

288 2340 369 2368 habet
382 2339 510 2375 Censoris,
529 2339 573 2374 qui
581 2336 729 2372 faciendam
740 2335 833 2363 locauit
866 2333 949 2361 Ouid.
962 2334 1020 2360 Art.
1034 2334 1095 2360 Am.
1110 2342 1130 2365 1,
1143 2341 1186 2368 72.
1246 2334 1338 2360 Profe·
1391 2332 1481 2366 etum,
1504 2336 1523 2360 i.
1537 2333 1602 2360 dicit
1617 2340 1661 2359 aut
1668 2333 1762 2369 scribit
1774 2333 1841 2360 Plin.
1856 2341 1882 2368 7,
1896 2343 1937 2367 43.
1986 2335 2116 2362 Auctores
2130 2335 2205 2368 sunt,
2224 2334 2349 2362 omnibus
2371 2355 2373 2358 ψ

288 2374 387 2403 &ionis
403 2373 497 2401 auctor
535 2373 607 2399 Caes.
621 2371 687 2398 Bell.
702 2370 770 2397 Gall.
788 2378 810 2403 5,
823 2378 858 2402 33.
879 2372 898 2396 i.
911 2370 1010 2406 Suafhr.
1083 2369 1238 2403 Propagiuis
1250 2375 1338 2396 tantae
1390 2368 1518 2396 aduolare
1532 2368 1613 2396 Ilium
1626 2377 1658 2395 ex
1670 2368 1814 2403 Aethiopia
1832 2378 1909 2402 aues,
1929 2372 1947 2396 i.
1955 2370 2034 2406 fient,
2047 2374 2090 2407 qui
2102 2370 2206 2404 dicant,
2220 2378 2265 2398 atct
2271 2371 2354 2408 scrib
2381 2403 2386 2405 .

287 2411 399 2443 auctor,
419 2411 503 2438 Iulius
536 2408 626 2444 Cacsar
657 2405 767 2442 rereHu
799 2405 883 2432 domus
907 2404 1034 2442 Augustae
1065 2405 1147 2432 Ouid.
1164 2405 1230 2432 Fast.
1245 2414 1268 2438 3,
1285 2413 1338 2440 157.
1391 2413 1430 2437 ιο,
1445 2406 1487 2431 26.
1539 2403 1600 2431 Liu.
1612 2412 1641 2437 4,
1680 2424 1685 2430 .
1724 2424 1731 2430 .
1768 2405 1847 2436 Sunt,
1868 2406 1916 2440 qui
1929 2406 1998 2432 male
2012 2412 2157 2442 pugnatum
2177 2406 2211 2434 ab
2224 2406 2267 2434 his
2280 2408 2356 2434 cons
2374 2436 2376 2438 ,

318 2446 468 2473 uerelarum
489 2454 518 2472 ac
532 2443 634 2471 doloris
661 2443 718 2469 Cic.
734 2450 783 2477 pro
798 2441 890 2468 Flacco
906 2451 928 2467 c.
942 2450 984 2468 22.
1011 2444 1030 2468 i.
1043 2440 1145 2467 vindex.
1215 2441 1270 2468 Cic.
1284 2442 1338 2468 Att.
1391 2441 1421 2467 in
1435 2440 1550 2476 Algido,
1567 2440 1689 2467 auctores
1707 2439 1765 2466 sint.
1837 2441 1918 2468 Fiunt
1932 2441 2055 2469 auctores
2070 2443 2174 2475 Patres,
2195 2443 2252 2469 vid.
2264 2452 2290 2470 n.
2301 2452 2326 2475 3,
2343 2442 2384 2469 de
2410 2470 2412 2472 ,

288 2488 313 2516 8,
328 2492 344 2509 z
365 2481 436 2509 Mihi
458 2480 528 2508 nihil
552 2480 598 2507 illa
619 2480 648 2505 in
673 2483 750 2513 gente
768 2486 885 2512 vnquam
898 2477 932 2504 ab
943 2477 1000 2503 vllo
1016 2476 1125 2504 aue‘iore
1140 2477 1216 2511 Reip.
1231 2486 1259 2504 ac
1273 2477 1339 2504 duee
1351 2483 1383 2515 63
1392 2476 1467 2504 &ore
1488 2477 1575 2510 Legis.
1609 2489 1611 2493 ⁴
1646 2477 1714 2503 Ter.
1733 2475 1801 2510 prol.
1815 2476 1899 2502 Andr.
1916 2485 1945 2509 19
1969 2477 2025 2510 Qi
2045 2486 2106 2504 cum
2125 2477 2195 2505 hunc
2215 2479 2350 2510 accusant,
2415 2472 2419 2506 f

287 2519 392 2554 turpius
406 2519 454 2544 esse
467 2516 575 2543 videtur
587 2515 705 2547 fae'tum,
729 2522 809 2549 quam
829 2522 845 2539 a
861 2513 952 2539 nostro
972 2513 1060 2540 amico
1077 2513 1178 2541 factum
1193 2512 1244 2545 est,
1263 2513 1338 2540 cuius
1392 2512 1484 2545 vium,
1509 2512 1645 2544 Plautum,
1669 2512 1799 2544 Ennium,
1813 2513 1946 2543 accusant,
1967 2520 2033 2546 quos
2047 2512 2091 2539 hic
2101 2513 2191 2541 noster
2202 2513 2325 2540 audien-es
2336 2507 2426 2540 Hau-¹

290 2563 340 2589 ego
355 2554 442 2580 vicem
455 2552 551 2584 doleo,
571 2552 618 2587 qui
633 2550 729 2578 vrbem
742 2549 870 2584 reliquit,
889 2548 918 2575 id
932 2549 968 2575 est
981 2549 1103 2583 patriam.
1175 2550 1277 2577 Auctor
1288 2550 1338 2575 Re·
1391 2557 1509 2583 quorum
1527 2547 1657 2575 aemulari
1676 2553 1782 2582 exoptat
1800 2547 1988 2582 negligentiam
2007 2554 2053 2574 etc.
2114 2548 2243 2575 Auctores
2259 2551 2357 2584 igitur,
2375 2557 2419 2583 qu

288 2599 364 2620 rum,
383 2592 425 2625 qui
439 2598 479 2615 eas
493 2588 562 2624 geffit
581 2587 642 2614 Sall.
657 2587 713 2613 Cat.
727 2594 750 2618 3,
763 2594 778 2612 2
799 2586 835 2612 Ac
848 2584 917 2611 mihi
931 2584 1056 2620 quidem,
1076 2584 1176 2611 tametsi
1190 2584 1260 2611 haud
1276 2594 1338 2620 qua·
1392 2587 1529 2611 imitamur.
1600 2583 1656 2610 Cic.
1676 2583 1709 2609 de
1723 2583 1797 2610 Orat.
1815 2592 1847 2616 2,
1862 2591 1901 2617 155
1928 2585 2002 2616 Qios
2021 2592 2104 2618 quum
2123 2590 2152 2610 tu
2171 2583 2281 2611 haberes
2299 2583 2409 2610 auctor

288 2634 369 2661 quam
384 2633 430 2659 par
443 2624 530 2658 gloria
541 2624 662 2657 sequatur
677 2622 848 2656 scriptorem,
868 2626 894 2647 et
907 2622 1053 2648 Auctorem
1065 2629 1165 2651 rerum,
1178 2621 1242 2656 quod
1254 2620 1338 2657 desm-
1392 2620 1509 2651 Antoni,
1528 2619 1615 2647 miror
1627 2628 1674 2645 cur
1685 2618 1885 2653 philosophiae,
1906 2618 1968 2645 ficut
1982 2619 2029 2644 ille
2044 2619 2223 2652 Pacuuianus,
2240 2628 2323 2654 prope
2337 2618 2371 2645 be
2389 2625 2404 2651 «j

288 2661 330 2688 dit
343 2662 443 2687 Cortiult
455 2665 542 2685 contra
557 2668 594 2684 eos
605 2677 613 2690 ,
632 2661 675 2693 qui
689 2658 814 2684 Actorem
821 2655 940 2691 substitui
953 2658 1051 2683 volunt.
1086 2656 1133 2683 Sed
1144 2657 1211 2683 Tac.
1226 2657 1275 2683 An.
1290 2666 1311 2689 3,
1325 2665 1338 2689 3
1348 2666 1384 2694 70
1394 2655 1531 2683 indixeris.
1567 2657 1688 2691 Loquitur
1707 2654 1736 2680 de
1754 2654 1893 2687 Camicade,
1913 2655 2024 2681 Critolao
2042 2661 2068 2680 et
2082 2656 2132 2681 Dio
2151 2664 2201 2681 ene.
2271 2654 2348 2681 Idem
2360 2655 2384 2682 V
2415 2657 2419 2686 ξ

289 2698 418 2724 Auctores
434 2703 524 2721 rerum
532 2693 594 2730 ficut
608 2692 740 2725 Hillorici.
779 2693 839 2719 Vid.
851 2701 876 2718 n.
887 2702 902 2724 3
923 2691 1147 2727 Religiofiffimus.
1220 2692 1340 2727 Religio·
1393 2700 1416 2725 3,
1432 2693 1475 2718 216
1495 2701 1518 2719 c.
1532 2693 1568 2724 96
1586 2690 1653 2719 Noli
1664 2690 1748 2725 igitur
1762 2690 1866 2724 dicere,
1886 2690 1965 2717 istum
1979 2689 2050 2716 idem
2064 2690 2116 2716 feci
2137 2699 2167 2723 e,
2187 2689 2260 2725 quod
2271 2689 2388 2720 Sacer-d

288 2742 354 2759 num
367 2731 538 2758 colendarum
551 2730 677 2755 Auctores
692 2734 718 2754 et
728 2727 866 2762 magistros
880 2727 966 2754 habeo
979 2729 1094 2755 maiores
1110 2727 1213 2754 nostros
1234 2728 1290 2755 Cic.
1306 2727 1339 2754 de
1427 2741 1474 2748 -—·
1508 2727 1600 2754 Dicito
1613 2726 1715 2762 potius,
1736 2727 1865 2760 quoniam
1882 2726 1963 2754 habes
1981 2725 2121 2753 auetorem
2136 2726 2281 2758 idoneum,
2300 2732 2379 2762 quo'

288 2769 354 2795 Har.
363 2768 470 2801 Resp.18
479 2775 500 2792 c.
509 2774 534 2798 9.
570 2763 707 2799 Sanguinis
716 2769 808 2789 auctor
815 2763 888 2797 Virg.
899 2764 961 2790 Aen.
970 2771 996 2798 7,
1004 2773 1048 2798 49.
1066 2766 1085 2790 i.
1094 2765 1251 2800 progenitor.
1281 2764 1338 2790 Sce-
1393 2763 1484 2789 tonius
1518 2777 1564 2783 —
1600 2762 1709 2794 fecerit,
1738 2762 1766 2788 id
1785 2762 1865 2788 istum
1899 2776 1945 2782 ——
1981 2761 2068 2788 fecisse
2081 2772 2087 2788 ε
2119 2767 2145 2788 et
2165 2761 2238 2789 istius
2259 2762 2353 2789 innoce
2370 2763 2377 2785 s
2416 2790 2418 2792 ,

288 2804 353 2830 ieris
373 2801 577 2835 Sen.Med.977.
627 2799 760 2826 Sermonis
774 2798 852 2825 huius
864 2799 998 2826 auctorest
1006 2799 1127 2826 Valerius
1148 2799 1204 2826 Cic.
1216 2800 1270 2826 Att.
1283 2807 1304 2831 1,
1317 2808 1339 2832 3.
1393 2799 1430 2825 Μ.
1445 2799 1558 2827 Antonii
1571 2798 1643 2826 facto
1660 2803 1739 2832 atque
1750 2797 1909 2824 auctoritate
1921 2796 2069 2824 defendite.
2144 2798 2176 2823 Et
2192 2799 2269 2825 Verr.
2283 2806 2314 2831 3,
2348 2809 2373 2824 ..=

289 2839 449 2866 Societatum
475 2837 532 2864 Cic.
541 2844 589 2871 pro
597 2835 682 2862 Planc.
691 2843 719 2867 32
727 2844 748 2860 c.
758 2843 792 2867 13.
810 2838 829 2861 i.
837 2834 960 2871 desenfhr.
1015 2836 1057 2862 Sic
1065 2835 1190 2862 Ciuitatis
1200 2835 1337 2863 habuimus.
1351 2841 1383 2869 75
1394 2835 1466 2861 Haec
1479 2843 1528 2861 vos
1544 2840 1620 2862 antea
1630 2833 1733 2861 Iudices
1745 2833 1872 2865 audistis,
1886 2841 1980 2859 verum
1994 2833 2100 2860 fortasse
2112 2833 2150 2859 ita
2161 2833 2286 2866 audistis,
2305 2838 2335 2860 vt
2352 2853 2356 2856 -
2380 2844 2381 2847 ¹

289 2875 357 2903 Add.
367 2883 415 2909 pro
423 2873 528 2900 Cluent.
537 2874 580 2898 66.
612 2870 796 2897 Statuarumin
804 2870 1340 2905 mentioneestetvnanonpraetereunda,
1392 2879 1450 2897 rem
1471 2879 1611 2898 rumorem
1630 2868 1778 2901 haberetis,
1801 2869 2005 2904 sermonemque
2025 2868 2157 2895 omnium.
2229 2870 2260 2896 ln
2278 2869 2332 2896 ine
2369 2882 2379 2901 ι,

289 2909 484 2938 licetAuctoris
492 2907 594 2938 incerti,
602 2909 620 2933 i.
630 2905 740 2942 artificis
753 2905 1004 2940 Plin.34,8s.19,35.
1039 2907 1146 2933 Sueton.
1160 2907 1227 2941 Aug.
1235 2912 1266 2936 28
1285 2907 1338 2933 Au·
1393 2905 1488 2932 auehi·
1507 2906 1588 2934 Ouid.
1602 2906 1668 2933 Met.
1681 2913 1718 2937 12,
1738 2913 1794 2938 419.
1817 2904 1846 2930 dc
1865 2906 1980 2937 vulnere,
1998 2913 2013 2930 α
2036 2913 2082 2940 quo
2101 2903 2284 2941 ivfiic‘lumjit.
2321 2909 2323 2912 “
2363 2902 2381 2934 Γ’ἱ

290 2953 348 2974 ctor
357 2945 454 2980 optimi
462 2945 555 2971 Status.
610 2941 710 2977 Stupri,
733 2944 752 2967 ι’.
760 2940 858 2967 adulter
887 2942 968 2968 Ouid.
984 2943 1040 2968 Art.
1051 2943 1108 2969 Am.
1123 2949 1215 2977 1,7o4.
1272 2943 1338 2969 Veri
1392 2942 1492 2976 pretari
1512 2941 1642 2968 auclores.
1677 2941 1802 2968 Inuenire
1821 2940 1890 2975 apud
1904 2939 2034 2966 auc'tores.
2071 2941 2192 2968 Laudare
2209 2941 2345 2968 auctorem
2369 2964 2374 2972 ,,

290 2989 399 3014 auctor,
417 2983 462 3017 qui
475 2989 533 3007 uera
546 2978 615 3006 docet
638 2979 706 3004 Hor.
728 2977 816 3004 Carm.
833 2984 859 3008 1,
874 2981 916 3008 28,
932 2986 969 3010 14.
995 2977 1024 3004 de
1045 2978 1199 3014 Pythagora.
1271 2979 1338 3005 Viae
1385 2977 1444 3013 fitis
1458 2978 1551 3004 verbis.
1623 2977 1678 3004 Cic.
1693 2977 1746 3004 Att.
1761 2985 1796 3008 12,
1813 2985 1840 3008 19
1860 2976 1965 3002 Etenim
1986 2975 2071 3002 habeo
2090 2976 2234 3003 nonnullos
2253 2985 2285 3004 ex
2301 2976 2350 3011 iis,

290 3024 391 3049 auctor,
407 3020 449 3053 qui
461 3019 498 3043 ire
511 3015 576 3041 iubet
594 3013 676 3041 Ouid.
690 3014 756 3040 Met.
771 3021 794 3045 3,
808 3017 842 3042 18.
876 3012 1015 3039 Virtutum
1028 3013 1151 3040 omnium
1163 3018 1255 3040 auctor
1263 3015 1338 3045 Cato,
1350 3021 1382 3046 80
1391 3022 1461 3039 nunc
1476 3013 1582 3040 Lectito
1596 3012 1732 3045 auoores,
1749 3013 1796 3046 qui
1804 3011 1902 3044 dicant,
1911 3011 1971 3037 ficri
1985 3011 2013 3038 id
2026 3018 2167 3046 oportere,
2187 3012 2260 3047 quod
2274 3019 2320 3040 etc.
2353 3033 2356 3036 ,
2372 3023 2374 3028 ·

291 3055 450 3089 imxemplum
471 3052 527 3079 Cic.
536 3050 568 3077 de
584 3049 668 3084 Fin.4
682 3051 749 3076 c.16.
819 3046 956 3074 Dardanus
964 3047 1057 3075 Iliacae
1065 3050 1165 3083 primus
1174 3055 1248 3084 pater
1256 3050 1337 3076 Vrbis
1391 3049 1473 3083 praef.
1492 3049 1636 3084 Primoque
1658 3048 1782 3075 medendi
1803 3048 1911 3074 scientia
1930 3047 2072 3082 sapientiae
2092 3056 2150 3082 pars
2172 3047 2337 3081 habebatur,
2361 3071 2363 3073 ,

290 3098 317 3116 et
325 3096 417 3117 auctor
435 3088 510 3122 Virg.
526 3087 590 3113 Aen.
605 3090 628 3118 8,
645 3093 696 3118 134.
767 3083 916 3117 Vulneris„
929 3085 972 3119 qui
973 3083 1043 3119 fecit
1070 3084 1152 3111 Ouid.
1169 3086 1231 3111 Met.
1245 3091 1268 3116 8,
1280 3093 1337 3120 417.
1390 3084 1550 3112 morborum
1564 3085 1666 3112 curatio
1683 3090 1709 3110 et
1722 3093 1812 3111 rerum
1827 3083 1988 3110 naturalium
2008 3084 2196 3118 contemplatio
2216 3084 2264 3110 sub
2277 3084 2345 3112 iisde
2362 3095 2373 3107 ι’

291 3129 322 3151 it.
353 3126 412 3152 Am.
443 3132 467 3156 3,
498 3131 533 3156 13,
564 3130 606 3149 22.
679 3120 744 3147 Met.
771 3126 793 3152 5,
825 3127 873 3151 133.
930 3154 935 3158 .
1105 3116 1126 3154 ἢ
1143 3128 1161 3152 4
1178 3122 1215 3146 De
1241 3121 1339 3157 diuersa
1390 3120 1512 3147 &oribus
1527 3122 1596 3148 Nata
1609 3121 1648 3147 fit.
1719 3119 1849 3153 Qinetil.
1865 3128 1889 3151 2,
1902 3128 1931 3152 4,
1946 3128 1978 3152 42
2004 3119 2053 3146 Sed
2073 3128 2106 3145 ne
2125 3119 2154 3146 hi
2175 3119 2294 3154 quidem,
2307 3120 2357 3154 qui

292 3158 473 3193 co›z,l'lruflione
484 3166 507 3186 et
514 3158 654 3195 formulis,
672 3162 785 3182 notamus
798 3152 846 3187 ista
859 3165 866 3180 :
904 3154 960 3180 Cic.
969 3154 1022 3180 Au.
1031 3159 1075 3186 8,3
1097 3155 1144 3181 Ille
1158 3155 1260 3189 legibus
1274 3158 1338 3184 Cae·
1391 3156 1529 3183 fortissime
1546 3155 1693 3189 affirmant,
1712 3155 1768 3182 vllo
1782 3155 1842 3181 satis
1861 3155 1959 3181 idoneo
1978 3155 2087 3182 auciore
2100 3155 2240 3184 Nituntur.
2309 3156 2366 3183 Cic.

292 3196 350 3222 eilii
365 3195 466 3222 Metelli
478 3200 569 3223 contra
582 3191 698 3228 auspicia
710 3189 826 3219 ferendis
838 3195 946 3222 auctor,
967 3189 1013 3216 ille
1026 3190 1129 3217 Galliae
1143 3190 1278 3218 vlterioris
1293 3193 1336 3219 ad·
1350 3198 1378 3226 85
1392 3193 1418 3224 6,
1433 3200 1449 3218 2
1470 3193 1561 3225 Quum
1574 3192 1644 3219 mihi
1654 3190 1746 3219 auctor
1758 3191 1872 3217 Placerct
1889 3191 2007 3223 (etenim
2018 3197 2073 3218 crat
2090 3191 2270 3228 ἱςορικώτοιτος,
2288 3197 2316 3218 et
2352 3191 2358 3198 “

292 3231 413 3262 ium-tor,
432 3238 478 3257 etc.
498 3232 536 3257 De
549 3231 661 3264 Pompeio
675 3229 698 3254 lo
717 3229 794 3253 uitur.
873 3226 973 3252 Auctor
986 3225 1027 3252 his
1038 3225 1119 3264 rebus
1133 3227 1191 3261 quis
1204 3227 1241 3253 cst
1266 3228 1335 3255 Ter.
1390 3228 1419 3254 in
1435 3228 1631 3262 Peloponneso)
1649 3226 1799 3255 admirabar
1816 3233 1919 3259 tamen,
1950 3233 1975 3253 ct
1994 3227 2040 3254 vix
2059 3227 2216 3263 aggrediens
2236 3236 2342 3254 commu
2370 3227 2371 3245 ἶ

294 3266 370 3294 Adel.
383 3277 416 3300 4,
436 3273 465 3299 5,
488 3273 526 3300 37.
547 3267 617 3291 cuius
639 3236 754 3325 ⁶⁰²²{qfflsu
777 3263 900 3298 negotium
921 3267 1004 3288 ratum
1019 3262 1072 3295 sit,
1089 3269 1181 3297 pater,
1200 3270 1269 3290 tutor
1290 3271 1336 3290 etc.
1389 3272 1450 3289 cum
1464 3263 1600 3297 Dionysio.
1671 3262 1798 3290 Praebere
1817 3263 1843 3289 se
1857 3262 2010 3296 auchrcm,
2025 3264 2189 3298 principem,
2208 3263 2302 3290 ducem
2317 3264 2342 3290 se
2360 3281 2373 3292 ι,

294 3301 392 3329 Aderat
412 3301 501 3328 furens
520 3301 613 3332 miles,
636 3299 681 3326 nul
694 3308 711 3326 o
725 3298 804 3330 duce,
825 3296 873 3324 fibi
888 3297 1001 3332 quisque
1014 3304 1106 3324 auctor
1132 3298 1199 3324 Tac.
1215 3300 1249 3325 11.
1265 3308 1285 3331 3,
1299 3308 1337 3334 71.
1390 3298 1520 3334 bonisque
1532 3299 1658 3327 omnibus
1670 3298 1743 3326 Idem
1758 3299 1829 3325 Fam.
1845 3307 1883 3331 10,
1896 3302 1920 3325 6.
1991 3300 2143 3334 Praclegere
2161 3298 2282 3326 auctores
2301 3299 2372 3333 Qi‘

293 3339 351 3366 Cic.
366 3336 479 3370 Philipp.
494 3345 519 3368 2,
533 3338 566 3362 26
586 3335 690 3362 Etenim
703 3334 721 3361 si
734 3339 852 3361 auctores
867 3332 900 3359 ad
915 3331 1078 3359 liberandam
1092 3333 1202 3368 patriam
1212 3333 1337 3362 defidera-
1391 3343 1411 3366 1,
1428 3343 1450 3366 ς,
1465 3343 1496 3361 ιι.
1568 3336 1626 3362 Cic.
1639 3335 1671 3362 de
1684 3335 1758 3367 Orat.
1775 3343 1799 3367 2,
1814 3343 1865 3368 290
1884 3335 1948 3362 Non
1962 3335 2032 3362 enim
2046 3343 2158 3366 vereor,
2175 3343 2208 3361 ne
2217 3335 2276 3370 quis
2283 3344 2326 3362 me
2340 3344 2349 3362 1
2366 3349 2368 3351 ·

293 3379 401 3404 rentur,
421 3372 475 3399 illis
487 3371 638 3397 auctoribus
653 3372 746 3397 Brutos
760 3377 810 3405 ego
823 3368 990 3403 impellerem
1002 3369 1012 3394 3
1048 3369 1172 3404 Suufhres,
1183 3371 1335 3406 impulsores.
1344 3377 1380 3402 90
1389 3379 1485 3404 genere
1499 3371 1633 3398 leuiorem
1646 3371 1701 3398 iam
1711 3377 1795 3405 putet,
1812 3371 1939 3406 quoniam
1953 3371 2062 3406 quidem
2075 3377 2104 3397 tu
2114 3370 2250 3397 Fabricios
2261 3370 2330 3397 mihi
2358 3395 2367 3405 ,-

295 3411 352 3437 Cic.
367 3410 421 3436 Att.
434 3416 461 3441 9,
477 3415 499 3434 11
522 3406 570 3432 Sed
582 3412 610 3433 vt
624 3415 656 3433 eo
671 3411 791 3441 tempore
805 3413 859 3431 non
872 3403 953 3431 modo
967 3404 1021 3444 ipse
1035 3403 1336 3465 a11ct01·di¹guitatistuae
1389 3414 1448 3438 res,
1468 3412 1494 3433 et
1514 3407 1654 3434 Africanos
1672 3406 1821 3439 Maximos,
1841 3408 1970 3440 Catones,
1990 3405 2120 3441 Lepidos,
2139 3406 2279 3440 protulisti.

294 3446 353 3478 fui,
374 3452 468 3471 verum
490 3442 571 3468 etiam
594 3442 702 3469 cacteris
724 3447 817 3468 auctor
838 3439 875 3467 ad*
891 3445 917 3467 te
940 3439 1135 3472 adnmandum,
1166 3449 1188 3466 ic
1211 3450 1253 3467 me
1266 3451 1334 3468 nunc
1388 3449 1449 3474 gere
1463 3442 1584 3471 auoiores
1597 3443 1664 3470 alios
1676 3442 1705 3469 in
1717 3442 1856 3475 ordinem,
1879 3442 1945 3470 alios
1956 3443 2069 3468 omnino
2082 3442 2199 3468 eximere
2218 3450 2331 3468 numero
2351 3446 2367 3467 ο,

293 3480 415 3515 Pompeii
449 3477 562 3513 dignitas
592 3477 764 3504 vehementer
792 3481 892 3503 mouet.
964 3475 1020 3502 Cic.
1042 3475 1099 3501 1³0st
1112 3475 1166 3501 red.
1181 3475 1208 3501 in
1223 3477 1308 3504 Senat.
1322 3483 1336 3507 8
1390 3476 1446 3503 c‘til.
1461 3486 1481 3511 1,
1497 3487 1524 3512 4.
1595 3478 1701 3505 Referri
1719 3477 1752 3504 ad
1771 3478 1907 3505 auctorem
1922 3477 2025 3510 Celfi'5,
2038 3482 2071 3507 18.
2128 3477 2184 3503 Nec
2200 3475 2338 3504 literarum
2356 3481 2366 3499 ί

294 3516 376 3551 Qiod
389 3515 406 3543 fi
419 3516 455 3550 Q
467 3512 590 3542 Metellus
604 3513 651 3539 illo
660 3520 778 3547 tempore
786 3511 884 3539 Consul
897 3511 983 3538 fuisset
997 3511 1106 3542 vnicus‚
1125 3510 1251 3538 dubitatis
1260 3533 1267 3544 ,
1281 3522 1335 3548 quo
1388 3521 1495 3547 carum,
1514 3523 1561 3541 nee
1581 3513 1762 3549 philosophiae
1781 3514 1835 3541 iam
1852 3514 1937 3541 vllum
1955 3513 2091 3540 auetorem
2108 3512 2230 3547 Requiro
2251 3513 2306 3540 Cic.
2316 3513 2353 3540 Ac
2365 3514 2367 3516 ’

294 3553 386 3580 animo
400 3549 523 3578 fueritin
535 3557 577 3574 me
590 3548 767 3575 conseruando
781 3548 905 3580 futurus,
924 3555 1007 3582 quum
1020 3546 1048 3573 in
1067 3546 1228 3573 restituendo
1249 3555 1336 3575 aucto-
1347 3558 1378 3583 95
1389 3557 1410 3575 c.
1425 3557 1449 3575 2.
1470 3553 1541 3577 cuius
1560 3556 1641 3585 nempe
1656 3551 1762 3585 exemplo
1778 3559 1814 3576 mi·
1826 3557 1904 3577 ιιιιάν.
1977 3548 2058 3582 Sequi
2073 3548 2192 3582 aliquem
2207 3548 2363 3576 auctorem*-

294 3597 353 3615 rem
365 3587 456 3620 fuisse,
473 3584 695 3620 ascriptoremque
709 3583 820 3610 videatis
836 3584 845 3610 3
915 3583 970 3610 Cic.
986 3582 1039 3609 Att.
1053 3590 1080 3615 9,
1095 3590 1118 3608 12
1158 3582 1213 3616 Ego
1226 3583 1335 3617 quidem
1389 3584 1467 3618 Epist.
1480 3594 1504 3618 3,
1518 3594 1539 3619 5.
1607 3586 1719 3612 Sumunt
1733 3585 1773 3612 ius
1785 3585 1867 3613 verba
1880 3584 1913 3612 ab
1926 3583 2088 3611 Auctoribus
2100 3584 2209 3616 Quin&
2226 3592 2247 3616 ι,
2258 3594 2286 3619 4,
2299 3593 2326 3618 4.
2340 3598 2361 3608 .

296 3622 348 3650 tibi
361 3631 416 3650 non
428 3622 485 3649 sum
498 3626 605 3652 auctor,
626 3619 643 3647 si
658 3619 797 3653 Pompeius
812 3619 916 3646 Italiam
929 3618 1075 3653 relinquit,
1094 3623 1120 3644 te
1141 3626 1250 3652 quoquc
1275 3629 1334 3654 pro·
1388 3628 1471 3654 pero,
1490 3621 1636 3656 auftorque
1657 3621 1734 3654 Sum,
1754 3627 1783 3647 vt
1802 3630 1845 3648 me
1864 3620 1950 3647 cuiuis
1968 3617 2130 3645 castrandum
2150 3619 2219 3646 loces
2233 3620 2315 3646 Plaut.
2348 3624 2367 3653 ζ

295 3657 397 3692 fugere·
421 3661 440 3685 i.
454 3667 503 3684 ’10⁷2
510 3655 611 3693 fimdco·
682 3655 750 3680 Ter·
763 3654 837 3681 Adel.
851 3662 874 3687 ς,
888 3659 911 3687 8,
926 3656 954 3681 16
972 3653 1037 3680 Idne
1051 3652 1110 3679 estis
1118 3659 1235 3680 auctores
1249 3655 1335 3682 mihi?
1389 3664 1412 3686 ι’,
1428 3663 1466 3689 73.
1525 3657 1600 3684 Idem
1617 3657 1695 3683 Poen.
1709 3665 1730 3689 1,
1745 3665 1765 3689 1,
1781 3662 1806 3687 18
1831 3654 1973 3690 suspende,
1991 3655 2079 3686 vinci,
2096 3654 2223 3687 verbera,
2244 3655 2348 3687 auctum,
2362 3660 2364 3676 ῑ

303 3693 352 3720 Vbi
359 3693 476 3720 Donatus
489 3703 495 3719 ι
529 3692 657 3718 Auctores
668 3709 676 3722 ,
698 3688 747 3715 hoc
760 3690 796 3715 est
810 3691 983 3717 Persuasores.
1020 3689 1076 3716 Cic.
1092 3689 1162 3715 Fam.
1177 3691 1203 3720 6,
1217 3694 1229 3718 8
1255 3691 1275 3716 A
1291 3700 1333 3717 mc
1390 3690 1453 3717 lino.
1625 3689 1647 3729 fl
1672 3700 1690 3727 7
1718 3693 1882 3719 Peculiariter
1900 3690 2025 3725 obseruari
2041 3698 2148 3718 meretur
2162 3691 2277 3718 lCtorum
2294 3691 2368 3727 usiae·

298 3727 435 3755 confilium
448 3728 531 3764 petis,
549 3726 615 3763 quid
629 3725 673 3752 sim
687 3724 739 3752 tibi
752 3730 858 3757 auctor,
878 3725 907 3752 in
920 3725 1042 3752 Siciliane
1056 3724 1183 3756 subsidas,
1202 3733 1236 3750 an
1260 3732 1287 3752 vt
1302 3726 1490 3753 adtooAuc‘tor
1502 3736 1553 3753 eum
1558 3726 1705 3765 fignificat,
1721 3737 1737 3755 a
1749 3737 1795 3763 quo
1812 3727 1868 3766 quir
1887 3728 1928 3752 ius
1941 3727 1968 3752 ἑτι
1980 3733 2007 3750 re
2021 3725 2107 3756 habet,
2117 3724 2172 3760 flue
2189 3736 2207 3754 a
2223 3735 2270 3762 quo
2287 3727 2332 3763 qu·
2359 3722 2371 3746 ·“,’

297 3763 424 3798 reliquias
433 3783 441 3797 ,
456 3771 501 3790 ccc.
573 3762 654 3789 Plaut.
668 3759 748 3788 Stich.
764 3768 785 3792 1,
799 3768 823 3791 2,
836 3768 865 3794 71
905 3761 976 3787 Mihi
995 3766 1113 3794 auctores
1125 3760 1165 3786 ita'
1174 3761 1231 3786 sunt
1245 3762 1334 3794 amici,
1390 3763 1444 3789 Cic.
1462 3763 1536 3790 Verr.
1550 3771 1572 3796 5,
1585 3771 1619 3796 45
1638 3773 1660 3790 c.
1675 3772 1702 3790 21
1723 3763 1800 3790 Tum
1812 3760 1853 3788 illi
1866 3759 2069 3793 intellexerunt,
2090 3762 2115 3788 se
2129 3761 2171 3796 id,
2185 3761 2259 3797 quod
2271 3770 2288 3789 a
2299 3760 2371 3801 ,ηιμ-,γ’
2401 3774 2413 3793 ¹..

297 3805 327 3826 vt
341 3807 389 3826 vos
403 3798 529 3825 abducam
541 3798 603 3825 hinc
617 3797 735 3824 domum.
807 3796 864 3821 Cic.
879 3796 931 3822 Att.
946 3805 980 3829 ις,
993 3805 1018 3829 13
1047 3795 1095 3822 Sed
1107 3801 1198 3822 auctor
1211 3804 1264 3822 non
1279 3797 1334 3823 sum
1389 3797 1463 3824 &ore
1477 3799 1611 3831 emiss'cnt,
1630 3798 1731 3826 diutius
1748 3796 1871 3823 obtinere
1888 3804 1942 3821 non
1956 3796 2033 3830 poss'e.
2070 3797 2175 3832 leian.
2189 3799 2218 3824 in
2227 3797 2248 3830 ,1.
2278 3827 2280 3829 ,
2301 3797 2334 3824 D.
2356 3800 2366 3827 ἱ»

296 3840 326 3862 vt
340 3840 365 3860 te
376 3833 442 3866 vrbi¹
452 3834 609 3862 committas.
679 3832 760 3860 Plaut.
774 3830 833 3857 Mil.
848 3841 876 3865 4,
888 3839 910 3863 3,
924 3841 934 3858 ι
955 3831 1029 3865 Quid
1041 3831 1110 3858 mihi
1123 3839 1191 3858 nunc
1206 3839 1231 3857 es
1246 3839 1336 3858 auctor
1388 3833 1553 3861 vietiouibus
1566 3845 1572 3860 ε
1596 3834 1666 3861 Illud
1673 3832 1830 3868 quaeritur,
1849 3839 1883 3858 an
1895 3831 1933 3863 is,
1949 3831 1996 3866 qui
2010 3833 2172 3867 mancipium
2183 3806 2366 3866 vendiditsd.

296 3876 327 3897 vt
341 3869 437 3896 faciam
449 3868 481 3896 de
493 3869 639 3897 concubina
653 3869 663 3895 3
734 3866 790 3894 Cic.
805 3866 838 3892 ad
850 3867 922 3893 Brut.
937 3876 960 3894 11
982 3868 1052 3894 Nam
1067 3867 1111 3894 illi
1123 3867 1160 3894 ita
1173 3867 1334 3895 sentientide
1390 3867 1565 3896 fideiussorem
1589 3869 1626 3896 ob
1644 3867 1808 3896 euie’tionem
1825 3865 1902 3899 dare,
1928 3875 2010 3901 quem
2030 3867 2113 3902 vulgo
2129 3868 2267 3896 auctorem
2284 3867 2324 3894 see
2334 3866 2360 3900 ἦ

297 3903 411 3942 Republ.
434 3912 592 3940 magnopere
612 3910 705 3933 auctor
724 3902 783 3936 fui,
805 3910 838 3930 ne
856 3901 977 3931 differret
997 3910 1099 3939 tempus
1110 3901 1250 3942 petitionis
1264 3902 1490 3935 fiiae.10;vocant.
1543 3906 1637 3941 Nempe
1648 3902 1749 3932 Auctor
1760 3900 1915 3937 primus&
1926 3902 1978 3939 rije
1991 3903 2131 3944 venditor:-
2147 3903 2290 3936 secundus,
2311 3915 2381 3936 ³.
2442 3907 2446 3921 ⁸

2350 3949 2364 3958 ω
2378 3948 2412 3973 ³7¹5
