2474 4182
187 137 261 175 1315
581 120 618 161 C
698 121 735 160 V
827 120 871 161 N

194 212 292 246 Vix-gil.
307 212 372 239 Aen.
386 214 412 245 6,
425 214 477 245 846
496 210 545 239 Tu
559 211 691 238 Maximus
705 209 752 236 ille
770 215 814 242 es,
843 209 916 236 Vnus
940 209 988 244 qui
1000 209 1080 236 nobis
1092 207 1243 236 cundiando

194 248 312 275 restituis
327 257 393 275 rem.
445 248 495 275 Sed
511 248 576 275 Non
587 247 724 274 cunetator
743 245 835 281 iniqui
853 245 915 272 Stat.
927 245 1020 273 Theb.
1032 254 1055 278 3,
1069 253 1114 280 79.
1136 250 1246 280 paratus

196 284 230 311 ad
246 287 330 320 inique
344 283 472 321 agendum.

233 327 250 346 c
260 327 279 345 ν
291 326 311 344 N
320 326 337 346 C
346 326 366 345 T
375 327 397 346 A
406 326 422 346 Β
431 325 453 344 ν
462 327 484 346 N
494 325 513 345 1)
524 324 544 343 v
556 325 569 342 s
577 337 585 349 ‚
626 326 641 343 a
650 337 658 349 ,
700 325 756 343 um.
792 316 851 342 Adi.
888 317 1068 350 [μελλητιῶν]
1111 314 1248 342 Cunftans.

199 356 259 381 Liu.
273 358 299 387 6,
311 363 328 389 7
353 354 434 390 Qiod
449 355 497 381 vbi
511 355 593 379 aciem
611 353 665 379 iarn
679 352 819 379 instruenti
833 352 949 379 Camillo
963 352 1140 378 Centuriones
1153 360 1250 378 renun-
1274 356 1288 382 5

199 392 334 417 tiauerunt
347 391 463 418 turbatas
475 389 593 416 militum
607 394 708 415 mentes
722 389 785 421 esse,
807 388 920 422 segniter
941 397 1014 415 arma
1035 394 1125 422 capta,
1144 386 1249 413 cunela-

199 427 358 462 bnndosque
372 433 398 453 et
410 425 553 452 resistentes
566 425 676 458 egressos
690 424 778 451 castris
793 424 857 456 esse,
872 431 917 451 etc.
991 424 1132 458 Nusquam
1146 422 1252 449 ennoia-

201 463 320 496 bundus,
343 462 391 489 nisi
405 469 488 496 quum
506 461 535 487 in
548 461 643 487 Senatu
662 461 820 495 loqueretur
833 460 926 487 Tacit.
942 460 1009 486 Ann.
1027 468 1051 492 1,
1067 466 1094 494 7.
1111 458 1139 485 cle
1149 458 1252 485 Tiberio

199 499 307 535 Caesare.

239 541 315 562 CVN
325 540 341 559 C
351 539 372 558 T
382 533 508 563 ᾹΜΕΝ,
527 531 588 558 inis.
608 541 634 558 n.
672 529 814 558 camelario.
852 530 964 558 Pauidae
971 529 1140 557 cunetamine
1156 529 1252 556 mentis
1280 539 1309 556 10
1317 531 1382 558 alias
1398 530 1523 556 cauitates
1544 528 1704 555 transfertur
1727 537 1752 554 υ.
1765 537 1791 565 g.
1805 527 1872 555 Plin.
1885 536 1912 561 2,
1925 538 1965 563 43.
2003 536 2026 556 et
2040 539 2065 562 2,
2080 535 2121 560 80.

202 571 313 598 Paullin.
326 569 415 594 Carm.
430 576 472 600 23,
484 570 535 602 416
554 568 586 594 de
600 568 623 594 S.
638 567 735 594 Felice.

241 612 258 632 c
269 613 288 631 v
298 613 318 630 N
331 611 346 630 1
356 611 375 630 V
383 610 396 630 s
405 624 413 636 ,
433 604 452 630 i.
477 612 512 630 m.
550 603 648 638 [σφῆν]
685 601 880 637 ,instrumentum
891 602 993 638 formae
1003 601 1185 638 pyramidalis,
1194 602 1255 628 late-

202 642 271 669 ribus
278 642 422 676 plerumque
434 638 550 675 oppositis
563 640 629 666 binis
642 639 857 676 triangularibus,
876 641 965 665 alteris
980 648 991 665 e
1004 638 1125 675 quadrato
1132 638 1254 673 oblongis,

203 687 248 718 quo
261 676 299 703 ad.
307 675 575 711 aliquidscindendum
593 682 617 701 et
631 675 789 702 diuidendum
805 678 908 701 utimur.
947 674 1003 702 Cic.
1019 674 1101 701 Tusc.
1112 683 1137 706 2,
1151 682 1180 705 23
1197 674 1253 698 llos

204 713 251 740 ille
275 720 374 738 cuneos
396 710 498 738 fabrica
520 710 622 738 crudeli
644 711 762 737 inferens
793 712 845 742 (al.
860 711 1002 747 inserens)
1039 709 1159 742 Perrupit
1173 713 1253 733 artus.
1275 717 1300 743 ¹5

205 748 311 775 Colum.
324 757 351 781 4,
366 755 409 779 29,
421 755 439 780 9
459 746 580 773 Calamus
594 746 739 783 inserendus
751 746 881 780 figuretur
896 746 924 772 in
938 747 1049 781 speciem
1070 745 1162 775 cunei,
1181 743 1213 768 sic
1228 748 1256 768 vt

206 783 241 811 ab
255 784 309 810 ima
328 788 401 818 parte
422 790 512 809 acutus
527 783 644 810 surculus
663 782 746 809 latere
761 782 844 809 altero
859 782 888 808 sit
901 782 1024 812 tenuior,
1045 780 1128 806 altero
1142 778 1256 813 plenior.

201 820 271 847 Cato
286 828 330 851 20,
346 828 355 844 1
375 819 473 845 Cuneis
487 819 591 853 salignis
609 818 757 853 circumfigi
771 824 876 854 oportet
890 817 1075 844 Columellam.
1149 813 1256 841 Colum.

204 863 228 889 5,
243 865 277 888 ιι,
290 863 309 888 4
341 855 448 881 Cuneus
477 855 582 881 ferreus
615 855 658 881 vel
691 855 774 881 oll'eus
799 857 826 880 in
846 853 960 887 insitione
979 850 1139 878 adhibendus.
1214 850 1256 876 Sic

205 893 313 919 Cuneus
331 889 447 924 affigitur
464 890 526 917 Pall.
541 891 613 916 Nou.
623 898 649 925 7,
663 897 685 924 ς,
755 890 860 925 Figitur
880 887 940 913 Pall.
956 888 1130 917 Mart.1o,30.

206 928 254 954 dae
272 926 407 953 radicibus
420 926 547 953 inseritur
575 926 614 953 Id.
629 928 683 953 Ian.
706 933 742 958 ις,
757 934 778 958 3.
850 924 983 957 Mergitur
1001 923 1061 948 ibid.
1077 923 1094 948 s.
1110 931 1134 955 9.
1206 922 1259 947 Im-

206 963 334 998 primitur
355 963 373 988 s.
390 970 421 988 ιι.
518 962 594 997 Virg.
609 962 706 995 Georg.
721 970 744 987 2.
759 968 794 993 79
830 959 861 984 Et
875 959 927 985 alte
961 958 1085 986 Finditur
1100 959 1128 984 in
1141 957 1259 984 solidum

206 998 297 1025 cuneis
310 998 355 1025 via
368 1008 374 1023 :
410 997 505 1024 deinde
517 998 628 1024 feraces*
651 998 755 1024 Plantae
767 994 958 1020 immittuntur.
1066 994 1157 1020 Gemit
1174 993 1260 1020 robur

205 1034 305 1062 adactis
318 1033 408 1060 cuneis
426 1033 514 1060 Valer.
527 1034 624 1067 Argon.
640 1041 661 1064 3,
679 1034 735 1063 164.
756 1055 759 1058 .
819 1030 942 1057 scindere
956 1030 1057 1064 lignum
1072 1030 1162 1056 cuneis
1182 1030 1259 1064 Virg.

208 1072 307 1105 Georg.
324 1079 345 1102 1,
360 1078 418 1103 ¹44·

207 1107 281 1134 nodo
295 1106 379 1132 malus
394 1105 483 1131 clauus
497 1104 538 1130 vel
553 1112 648 1129 cuncus
663 1101 811 1137 infigendus
832 1102 868 1128 cst
907 1102 1019 1128 Hieron.
1035 1102 1064 1127 in
1077 1101 1171 1128 Matth.
1189 1110 1210 1127 c.
1226 1109 1259 1127 21.

208 1143 261 1170 Vel
290 1143 361 1168 inter
384 1149 480 1167 cuneos
500 1139 602 1165 ferreos
630 1138 711 1165 Plaut.
733 1138 812 1164 Stich.
835 1147 869 1170 4,
884 1147 911 1170 2,
926 1147 965 1170 39.
996 1140 1014 1164 i.
1030 1139 1107 1164 velin
1123 1136 1259 1172 arHi'ffimo

200 1185 290 1216 potero
304 1177 441 1204 accumbere
455 1176 513 1201 loco.
712 1171 732 1211 q
753 1182 769 1200 2
806 1174 928 1206 Cuneus,
968 1173 980 1207 [
994 1175 1054 1201 Vet.
1068 1174 1109 1200 Gl.
1124 1174 1260 1209 §foe-rimis

205 1214 303 1248 λόχος]
334 1220 381 1247 per
395 1211 584 1238 translationem
598 1219 612 1235 a
625 1210 791 1236 similitudine
806 1209 906 1236 dicitur
919 1209 986 1245 apud
998 1210 1088 1243 Veget.
1102 1218 1124 1242 3,
1141 1218 1169 1242 19
1189 1209 1260 1235 Mul-

207 1249 296 1277 titudo
310 1248 444 1283 peditum,
466 1254 533 1281 quae
549 1245 638 1272 iuncta
653 1245 710 1271 acie
725 1246 814 1280 primo
827 1245 980 1286 angustior,
1002 1244 1097 1271 deinde
1112 1246 1193 1272 latior
1200 1253 1299 1279 pro-30

207 1285 293 1316 cedit,
313 1289 338 1310 et
353 1282 566 1309 aduersariorum
582 1282 690 1307 ordines
703 1283 823 1316 rumpit,
841 1290 904 1316 quia
918 1290 931 1308 a
944 1281 1066 1316 pluribus
1081 1281 1109 1307 in
1124 1290 1206 1307 vnum
1220 1280 1260 1307 lo-

207 1330 267 1347 cum
280 1319 332 1346 tela
344 1321 497 1345 mittuntur.
568 1318 627 1344 Liu.
641 1322 665 1350 8,
679 1326 707 1343 10
732 1318 876 1351 Tantaque
896 1318 973 1344 caede
991 1326 1134 1352 perrupere
1154 1326 1261 1349 cuneos,

206 1362 236 1383 vt
262 1356 308 1382 vix
331 1361 450 1390 quartam
469 1360 570 1388 partem
590 1353 774 1388 relinquerent
793 1353 918 1380 hostium.
993 1354 1071 1380 Acies
1091 1362 1139 1388 per
1154 1362 1260 1385 cuneos,

207 1391 379 1426 componitur
414 1390 484 1416 Tac.
511 1390 602 1416 Germ.
635 1392 662 1422 6,
693 1394 715 1419 8.
786 1389 917 1423 Qtinelil.
933 1398 956 1422 2,
971 1398 1005 1422 13,
1021 1399 1039 1423 4
1058 1390 1137 1416 Nunc
1150 1390 1207 1416 acie
1221 1388 1261 1415 di-

205 1427 296 1460 reeta,
315 1435 384 1453 nunc
399 1426 507 1458 cuneis,
542 1440 587 1445 —
624 1424 794 1460 pugnabitur.

206 1463 296 1491 etlneis
320 1464 346 1489 se
368 1463 482 1497 quisque
507 1460 605 1488 coactis
641 1461 839 1496 Agglomerant.
911 1463 950 1488 De
971 1464 1084 1497 equitatu
1106 1468 1129 1487 et
1144 1460 1262 1495 peditatu

204 1496 348 1528 commistis
371 1498 423 1524 dici
443 1499 532 1524 volunt
555 1497 642 1533 Heins.
663 1504 686 1523 et
707 1497 834 1524 Drakenb.
857 1496 891 1523 ad
910 1497 955 1524 Sil.
968 1506 1069 1531 4,144.
1141 1496 1262 1523 Turbati

207 1536 285 1570 Virg.
305 1535 371 1561 Aen.
394 1542 437 1566 12,
459 1535 519 1565 269·
716 1531 737 1570 ff
759 1542 770 1566 3
810 1533 909 1559 Gradus
922 1540 945 1559 ct
957 1533 1050 1569 sedilia
1068 1532 1219 1559 theatrorum
1234 1535 1261 1558 in

206 1568 411 1603 orbemstrufla,
424 1576 473 1604 per
487 1571 593 1594 minores
600 1567 694 1604 gradus
702 1569 727 1604 s.
735 1569 820 1604 Jralas
835 1569 919 1604 versus
934 1576 1045 1595 centrum
1056 1565 1182 1600 din-effus,
1201 1578 1262 1604 quas

490 1069 605 1095 Prouerlr.
625 1068 683 1093 Hoc
696 1066 731 1092 est
746 1065 818 1101 quod
832 1066 914 1100 vulgo
929 1066 1044 1096 dicitur,
1068 1066 1138 1092 malo
1153 1065 1259 1091 arboris
1268 1077 1299 1102 23

866 1426 941 1460 Virg.
956 1427 1020 1451 Aen.
1046 1434 1089 1458 η,
1102 1433 1154 1459 437
1172 1424 1298 1461 Densi,33

1692 117 1728 158 C
1811 116 1864 167 ,ν
1967 116 1997 159 P
2279 129 2352 177 1316

1310 207 1402 235 labore
1416 207 1554 233 exhaustos
1567 211 1652 235 terrae
1664 208 1693 235 in
1705 207 1821 235 mediam
1836 206 1927 233 subito
1948 216 2083 243 emergere
2102 210 2246 238 ciuitatem.
2314 214 2352 241 De

1308 242 1445 281 posteriore
1469 243 1542 269 Caes.
1565 243 1630 269 Bell.
1654 245 1721 271 Gall.
1737 252 1764 279 7,
1778 252 1811 271 22
1831 244 1961 279 Aggerem
1974 244 2103 271 cuniculis
2116 246 2309 280 subtrahebant,
2326 250 2352 276 de

1314 278 1409 315 obseffis
1421 282 1492 315 agit,
1513 280 1556 313 qui
1569 275 1637 304 acii:
1649 287 1678 304 ex
1689 281 1748 306 vrbe
1762 281 1884 306 cuniculis
1896 283 2091 316 oppugnantium
2102 290 2212 317 aggerem
2226 286 2263 309 ita
2270 283 2356 318 subm.

1315 316 1396 341 ebant.
1501 313 1648 349 Mataphor.
1676 314 1732 341 Cic.
1746 315 1777 342 de
1791 316 1861 350 Lege
1877 315 1939 349 Agr.
1949 322 1994 350 pr.
2015 316 2091 349 Qlae
2102 325 2144 342 res
2156 323 2242 351 aperte
2256 318 2357 352 peteba-

1315 358 1375 383 tur,
1397 359 1427 376 ea
1447 359 1515 376 nunc
1530 349 1633 376 occulte
1645 349 1774 376 cuniculis
1788 357 1964 386 oppugnatur.
2034 351 2082 378 Sed
2088 355 2192 387 proprie
2204 354 2259 379 Cic.
2272 354 2323 380 Off.
2335 363 2358 388 3,

1315 396 1350 420 90
1370 385 1443 420 Quid
1456 385 1475 412 fi
1490 392 1563 420 pater
1575 385 1636 411 fana
1649 384 1762 420 expilet,
1783 387 1918 413 cuniculos
1935 391 1994 421 agat
2015 386 2047 413 ad
2065 388 2212 420 aerarium,
2230 388 2358 418 indicetne

1315 423 1344 450 id
1359 421 1555 456 magistratibus
1567 421 1638 447 filius
1652 422 1661 447 3
1731 420 1805 456 C⁰⁷¹f·
1818 423 1892 449 Curt.
1907 431 1934 456 4,
1949 425 1975 454 6,
1991 427 2013 452 8.
2084 423 2144 449 Liu.
2158 432 2202 455 23,
2219 429 2243 454 18
2261 424 2358 452 Trans.

1315 458 1395 485 versis
1416 457 1546 483 cuniculis
1567 456 1684 484 hostium
1698 456 1835 483 cuniculos
1848 459 1978 493 excipere.
2049 458 2180 485 Subruere
2187 454 2276 486 muros
2291 461 2359 489 cuni.

1317 494 1384 521 culis
1400 495 1475 520 Curt.
1490 502 1518 527 4,
1532 495 1558 524 6,
1575 501 1611 519 21.
1649 499 1672 519 et
1686 500 1712 526 7,
1726 494 1751 524 6,
1761 500 1800 523 23.
1870 493 1930 520 Liu.
1945 502 1969 527 ς,
1983 502 2011 528 19
2025 500 2048 519 et
2062 502 2099 520 21.
2170 494 2313 522 Cuniculus
2328 497 2360 524 ad

2191 530 2232 556 Sic
2244 531 2307 557 Riui
2319 541 2360 559 cu-

1316 565 1421 593 niculus
1441 565 1547 592 Colum.
1563 569 1586 596 8,
1602 571 1638 598 17,
1651 574 1678 599 4.
1694 561 1775 590 tetius
1792 566 1874 590 riuus.
1943 565 2009 591 Plin.
2024 574 2052 599 9,
2065 571 2092 598 38
2113 565 2227 592 Feruere
2240 566 2267 592 in
2281 567 2361 601 plum-

1318 603 1369 634 bo,
1396 601 1554 634 singulisque
1567 608 1652 634 aquae
1666 598 1802 634 amphoris
1816 605 1937 625 centenas
1949 605 2027 635 atque
2041 602 2238 636 quinquagenas
2255 603 2362 631 medica-

1317 638 1399 665 minis
1412 637 1493 662 libras
1507 635 1634 670 aequari,
1655 643 1685 662 ac
1704 634 1813 662 modico
1833 643 1934 670 vapore
1951 637 2067 670 torreri,
2087 643 2113 664 et
2131 637 2194 663 ideo
2208 631 2361 674 longinquae

1317 671 1434 700 fornacis
1447 672 1580 698 cuniculo.
2201 668 2206 672 ”

1355 714 1372 734 c
1382 715 1402 733 ν
1412 715 1433 734 N
1444 715 1453 733 1
1462 713 1480 733 c
1489 715 1509 734 v
1519 715 1534 733 L
1544 714 1565 733 v
1575 714 1612 739 M,
1620 706 1638 733 i.
1659 715 1685 733 n.
1717 707 1749 733 In
1758 705 1828 732 Festi
1839 705 1988 733 editionibus
2003 705 2055 740 effi’,
2068 708 2137 735 modo
2149 708 2268 734 diximus.

1355 750 1372 771 c
1382 750 1433 769 VN
1443 751 1450 769 1
1462 749 1479 769 c
1489 750 1510 769 v
1521 750 1615 769 mxcv
1625 749 1656 774 S,
1677 751 1709 775 a,
1730 751 1786 768 um.
1806 742 1867 769 Adi.
1911 743 1961 774 Vt,
1979 742 2154 770 Cuniculinae
2168 744 2249 779 pelles
2265 744 2364 774 Cathol-

1357 785 1376 805 c
1389 786 1440 805 vu
1452 787 1461 806 1
1471 785 1488 806 c
1501 785 1521 805 v
1532 785 1548 805 1.
1558 785 1579 805 Α
1589 785 1626 805 Rl
1637 785 1665 809 s,
1687 786 1709 804 e.
1746 777 1807 805 Adi.
1850 778 1902 811 Vt,
1926 777 2019 806 Herba
2055 779 2215 808 canicularis
2253 781 2365 810 Marcell.

1321 816 1395 850 Emp.
1411 824 1450 848 14.
2367 823 2369 826 ⁴

1357 858 1374 878 C
1384 858 1403 877 V
1416 858 1437 877 N
1447 858 1457 877 1
1466 856 1483 876 C
1494 858 1513 876 v
1524 857 1539 875 L
1549 857 1568 876 Α
1580 857 1599 876 R
1607 857 1617 876 1
1627 857 1648 876 v
1657 856 1669 877 S
1677 870 1686 883 ,
1704 849 1723 876 i.
1745 859 1780 876 m.
1818 847 2017 890 [ὕπονομευτῆς]
2054 849 2161 890 Qui-fieb
2179 854 2256 878 terris
2274 854 2367 880 callicu-

1202 885 1259 912 Te·
1269 897 1303 915 20
1319 886 1447 927 Iosfoflit.
1485 886 1610 921 Vegetius
1625 895 1651 919 2,
1665 894 1687 912 11
1708 886 1779 914 Haec
1792 893 1865 912 emm
1877 886 1929 912 erit
1946 894 2008 912 cura
2025 894 2180 920 praecipua,
2200 892 2229 913 vt
2242 887 2373 923 quidquid-

1320 922 1453 949 exercitui
1466 923 1637 948 necessarium
1650 921 1792 948 videbatur
1802 942 1810 954 ,
1830 929 1968 955 nunquam
1980 921 2074 948 deefl'et
2087 922 2221 954 incastris,
2241 931 2319 957 vsque
2326 933 2368 958 eo,

1321 965 1350 985 vt
1375 960 1456 985 etiam
1477 957 1656 984 auricularios
1676 957 1821 989 haberent,
1841 957 1891 992 qui
1910 957 1942 984 ad
1961 966 2066 984 morem
2087 959 2220 984 Bessorum
2233 957 2311 986 dudio
2322 959 2367 987 sub

1322 995 1402 1021 terris
1416 994 1557 1026 cuniculo,
1577 994 1714 1028 murisque
1728 994 1798 1020 intra
1811 993 1983 1020 fundamenta
1996 993 2129 1028 perfoffis,
2148 994 2367 1028 improuifiemer.

1322 1037 1415 1065 gerent
1429 1030 1460 1056 ad
1474 1030 1552 1056 vrbes
1567 1029 1684 1056 hostium
1697 1029 1846 1064 capiendas.
1924 1029 1983 1056 isid.
2004 1030 2137 1056 Ammian.
2151 1039 2203 1063 24,
2219 1038 2243 1064 15
2256 1031 2367 1065 (4·Val.)

1322 1066 1397 1102 Conf.
1413 1066 1502 1092 Barth.
1517 1065 1551 1092 ad
1563 1066 1625 1092 Stat.
1638 1064 1730 1092 Theb.
1744 1070 1824 1099 2,418
1839 1074 1864 1100 p.
1878 1067 1942 1098 496.

1360 1108 1376 1128 c
1389 1110 1408 1128 v
1420 1109 1441 1128 N
1452 1110 1461 1128 1
1472 1109 1488 1128 (τ
1498 1109 1519 1127 v
1530 1108 1545 1127 L
1555 1103 1577 1128 A*
1587 1109 1608 1128 T
1617 1109 1626 1127 1
1635 1108 1670 1128 M.
1711 1101 1781 1127 Adu.
1817 1101 1862 1128 Ad
1874 1100 1971 1128 modum
1983 1101 2101 1131 cuniculi.
2138 1100 2203 1128 Plin.
2215 1109 2240 1134 9,
2253 1103 2285 1134 56
2304 1101 2369 1129 Alte-

1325 1147 1384 1165 rum
1400 1147 1480 1172 genus
1495 1137 1672 1169 concharum,
1688 1146 1804 1171 purpura
1816 1143 1943 1168 vocatur,
1960 1136 2131 1164 cuniculatim
2146 1144 2316 1171 procurrente
2331 1147 2372 1166 ro-
2387 1163 2389 1169 ,

1328 1174 1398 1235 (iffi,
1419 1181 1447 1236 {t
1479 1173 1595 1200 cuniculi
1626 1172 1709 1200 latere
1740 1173 1872 1200 introrsus
1892 1171 2033 1206 tubulato,
2053 1182 2105 1208 qua
2119 1173 2272 1208 proferatur
2285 1173 2372 1209 lingua

1322 1212 1350 1238 A
1385 1230 1391 1236 .
1406 1211 1416 1236 1
1437 1230 1445 1236 .
1461 1218 1480 1235 c.
1496 1217 1532 1242 33.

1360 1251 1377 1272 C
1389 1253 1408 1272 v
1419 1252 1440 1271 N
1452 1252 1485 1272 te
1497 1252 1518 1270 v
1530 1251 1545 1270 L
1556 1252 1578 1272 Α
1587 1252 1608 1272 Τ
1618 1252 1638 1272 O
1646 1252 1676 1278 R,
1696 1245 1760 1271 oris.
1780 1254 1815 1272 m.
1851 1244 2035 1272 Cunicularius.
2071 1244 2174 1271 LuEtat.
2182 1244 2210 1270 in
2217 1244 2277 1271 Stat.
2284 1243 2373 1273 Theb.

1322 1291 1349 1313 2,
1363 1286 1409 1315 418
1430 1281 1547 1308 Follbres
1563 1281 1687 1307 dicuntur
1698 1281 1725 1307 in
1739 1280 1857 1308 exercitu
1870 1281 2065 1308 cuniculatores
2075 1300 2084 1314 ,
2105 1280 2152 1315 qui
2167 1280 2302 1306 cuniculos
2313 1280 2373 1308 faci-

1323 1324 1371 1344 unt
1380 1337 1388 1349 ‚
1409 1326 1456 1352 per
1470 1326 1536 1351 quos
1551 1316 1699 1351 introgressi
1711 1317 1810 1343 milites
1824 1325 1967 1344 murorum
1979 1316 2151 1344 fundamenta
2170 1316 2331 1343 conuellunt.

1358 1360 1375 1380 c
1386 1360 1405 1378 ν
1416 1361 1437 1379 N
1447 1360 1454 1378 1
1465 1359 1481 1379 c
1491 1360 1512 1379 v
1521 1353 1565 1380 Lo
1574 1361 1586 1379 s
1595 1360 1615 1378 v
1624 1360 1636 1380 s
1646 1373 1653 1385 ‚
1674 1362 1688 1379 a
1696 1373 1704 1385 ‚
1726 1362 1782 1380 um.
1813 1352 1875 1379 Adi.
1912 1354 1925 1387 [
1932 1350 2101 1388 ὑπονομώδης]
2138 1353 2265 1379 Cuniculis
2278 1353 2369 1387 plenus.

1329 1388 1398 1417 Vnde
1413 1389 1532 1416 Catullus
1546 1388 1721 1415 Celtiberiam
1733 1395 1807 1416 vocat
1818 1388 2017 1416 Cuniculosarn.
2059 1389 2117 1416 Vid.
2140 1394 2340 1415 CELTIBERIA.

1362 1431 1379 1452 C
1393 1431 1412 1450 V
1424 1431 1445 1451 N
1459 1423 1471 1451 ἴ
1481 1431 1497 1451 1.
1506 1431 1528 1451 Α
1538 1444 1546 1457 ,
1564 1433 1602 1451 ae.
1624 1424 1645 1450 f.
1682 1423 1809 1459 [κόνυζα]
1847 1425 1933 1452 Herba
1946 1423 1990 1458 esi,
1997 1434 2070 1461 quam
2087 1423 2232 1451 Theodorus
2249 1425 2318 1451 Gaza
2329 1424 2373 1450 Pu:

1325 1460 1435 1487 litarem
1447 1463 1579 1487 conuertit.
1616 1460 1741 1493 Cunilla,
1759 1469 1839 1495 quam
1863 1461 2005 1488 satureiam
2020 1460 2130 1495 quidam
2146 1465 2242 1487 vocant
2256 1458 2372 1487 Scribon.

1323 1504 1380 1530 ¹24·
1453 1495 1521 1522 Adai.
1537 1504 1596 1531 quae
1609 1495 1690 1521 Rhod.
1704 1498 1731 1521 in
1746 1497 1804 1522 Lex.
1817 1497 1915 1523 attulit.
1951 1496 2086 1524 Columel.
2106 1504 2122 1529 9
2132 1516 2140 1528 ‚
2156 1504 2175 1528 4
2194 1495 2290 1523 Eadem
2301 1495 2372 1531 regio

1323 1531 1454 1560 foecunda
1473 1531 1502 1557 sit
1522 1530 1628 1557 fruticis
1647 1530 1756 1565 exigui,
1776 1538 1803 1557 et
1823 1532 1939 1559 maxime
1952 1532 2056 1565 thymi,
2075 1538 2119 1558 aut
2133 1531 2253 1566 origani.
2271 1537 2326 1559 tum
2336 1536 2372 1558 et-

1323 1568 1377 1594 iam
1391 1566 1547 1600 thymbrae,
1567 1566 1610 1593 vel
1623 1566 1747 1593 nostratis
1761 1566 1881 1598 cunilae,
1901 1577 1980 1602 quarn
2000 1569 2143 1594 satureiam
2162 1567 2254 1594 rustici
2272 1565 2371 1595 vocant.

203 1606 311 1644 proinde
319 1613 407 1641 partes
422 1604 550 1632 radiorum
563 1606 700 1639 imaginari
716 1606 791 1636 licet,
809 1607 836 1630 in
855 1606 961 1631 Cuncos
980 1604 1158 1631 diuidebantnr
1170 1615 1178 1630 .·
1215 1613 1260 1640 quo
1269 1616 1306 1641 40
1322 1604 1390 1630 Plin.
1405 1612 1445 1636 20,
1461 1605 1489 1629 16
1504 1603 1523 1629 s.
1536 1604 1566 1629 61
1586 1602 1701 1629 Cunilae
1714 1608 1818 1636 praeter
1839 1603 1950 1629 satiuam
1972 1604 2155 1635 (Satureiam)
2181 1603 2257 1638 plura
2280 1603 2374 1630 sunt'in

207 1646 272 1670 enim
287 1644 404 1669 remotior
422 1650 438 1667 a
456 1646 540 1666 centro
553 1642 653 1675 quisque
673 1649 747 1666 arcus
760 1643 828 1666 inter
835 1640 921 1674 scalas
934 1642 993 1666 illas
1005 1644 1172 1676 imo-ceptus,
1191 1646 1262 1666 tanto

207 1682 288 1706 maior
301 1676 334 1710 est
347 1687 356 1707 ‚·
390 1679 486 1707 minor,
506 1684 551 1711 quo
563 1677 676 1710 propior.
714 1676 783 1701 Hinc
797 1676 842 1710 ¹Pst
857 1685 948 1711 quoque
955 1674 1113 1712 JpeHatorcr
1131 1679 1158 1702 in
1176 1675 1263 1713 gradi-

207 1715 253 1741 hus
278 1717 315 1740 ita
339 1711 425 1746 diuisis
441 1711 557 1747 sedentes
580 1710 665 1737 Cunei
687 1714 783 1737 nomine
804 1718 936 1737 vocantur.
973 1711 1048 1745 Virg.
1063 1713 1160 1746 Georg.
1174 1721 1196 1744 2,
1213 1720 1262 1745 509

208 1751 288 1778 Hunc
297 1749 399 1784 plausus
406 1748 524 1775 hiantem
532 1747 579 1773 Per
593 1755 689 1772 cuneos
706 1747 871 1781 (geminatus
884 1747 974 1779 enim)
991 1747 1130 1782 plebisque
1143 1754 1259 1782 patrum-

209 1795 262 1822 que
276 1785 416 1820 corripuit.
453 1785 545 1817 Nempe
560 1785 586 1808 ιή
599 1782 706 1810 theatris
720 1790 743 1808 et
751 1781 905 1818 speHaculis
917 1784 1019 1818 plausus
1039 1782 1112 1809 datus
1129 1793 1178 1809 non
1195 1781 1302 1815 acio-45

185 1822 187 1827 '
208 1823 279 1850 ribus
292 1821 360 1848 modo
374 1827 418 1847 aut
431 1821 580 1846 mzmer..rir's
593 1818 667 1851 adeo,
682 1818 730 1855 fid
742 1821 802 1845 aliis
815 1828 907 1854 quoque
925 1818 1060 1855 gratialis,
1084 1819 1208 1845 theatrum
1223 1822 1263 1844 in-

210 1856 390 1895 gredientibus.
457 1856 549 1882 quen.
563 1855 614 1881 Sat.
628 1857 655 1887 6,
667 1857 696 1880 61
724 1855 823 1882 Cuneis
842 1863 875 1881 an
901 1854 1000 1881 habent
1025 1854 1171 1889 speffiiacula
1198 1854 1263 1881 totis

212 1893 293 1928 Qlod
307 1894 412 1919 securus
425 1900 495 1919 ames
510 1892 519 1917 3
588 1892 719 1926 Imprimis
729 1891 778 1918 huc
785 1893 899 1926 pertinet
917 1891 1024 1917 Vitrun.
1039 1899 1062 1924 ς,
1077 1893 1093 1916 6
1114 1891 1201 1917 Cunei
1209 1891 1263 1925 spe-

209 1929 376 1957 Ctaculorum
389 1928 417 1954 in
431 1927 535 1954 theatro
551 1926 588 1953 ita
601 1926 773 1960 diuidantur,
794 1934 823 1953 vt
834 1927 925 1961 anguli
938 1926 1107 1961 trigonorum
1117 1947 1124 1959 ‚
1145 1927 1192 1961 qui
1206 1936 1265 1953 cur-

211 1972 274 1994 runt
287 1966 388 1992 circum
400 1969 569 1990 curuaturam
582 1962 781 1996 circinationis,
801 1963 918 1997 dirigant
932 1963 1048 1989 ascensus
1057 1983 1065 1995 ,
1086 1962 1217 1998 scalasque
1225 1963 1264 1989 in-
1274 1967 1305 1993 50

209 2007 251 2030 ter
264 2010 360 2028 cuneos
373 2000 405 2027 ad
412 2000 527 2034 primam
534 1998 769 2033 praecinctionem.
827 1994 830 2001 λ
843 2000 874 2025 Et
882 1999 950 2026 Suet.
959 1999 1027 2033 Aug.
1043 2008 1064 2025 c.
1073 2008 1111 2033 44
1132 1999 1238 2026 Maritis
1248 2008 1263 2024 e

213 2036 290 2071 plebe
303 2037 425 2069 proprios
438 2035 546 2062 ordines
561 2034 696 2069 allignauit
711 2045 716 2061 :
750 2035 919 2069 praetextatis
932 2044 1047 2061 cuneum
1066 2035 1150 2061 suum.
1223 2036 1266 2062 Sic

213 2070 324 2098 Ordinis
338 2070 466 2108 senatorii
479 2076 505 2108 et
518 2070 645 2102 equestris
658 2071 734 2096 cunei
752 2071 825 2097 Idem
840 2071 868 2097 in
881 2071 984 2097 Domit.
993 2080 1019 2104 4.
1089 2070 1198 2097 Phaedr.
1208 2078 1230 2104 ς,
1238 2078 1266 2105 7,

214 2115 242 2140 ὃς
262 2107 297 2133 Vt
311 2114 378 2132 vero
391 2112 481 2131 cuneis
492 2105 612 2129 innotuit
625 2113 667 2130 res
679 2106 815 2132 omnibus.
851 2108 910 2132 Vet.
926 2106 968 2132 Gl.
983 2107 1088 2133 Cuneus
1101 2106 1197 2142 θεοί-τρες
1216 2118 1267 2142 κερ-

213 2143 265 2178 mk,
289 2144 320 2167 it.
338 2139 401 2174 Φιλῆ
415 2138 518 2173 θεαῖς-ρκ-

213 2178 242 2205 di
250 2198 257 2210 ‚
275 2177 311 2203 ibi
323 2176 475 2212 obseruatum
489 2171 530 2205 cll.

255 2219 336 2240 CVN
348 2209 487 2240 E6LVS,
506 2208 524 2235 i.
550 2216 585 2233 m.
622 2206 725 2233 Dimin.
764 2207 895 2240 [σφηνίον]
931 2207 986 2233 Cic.
1006 2207 1038 2233 de
1057 2207 1183 2234 Vniuers.
1202 2218 1232 2241 41
1247 2218 1271 2235 c.

220 2259 245 2283 ¹3
266 2250 366 2284 Easque
378 2244 559 2282 (particulas)
580 2243 650 2269 inter
662 2243 687 2269 se
702 2242 863 2276 copulabant
879 2242 947 2267 haud
963 2242 1058 2267 iisdem
1071 2243 1197 2273 vinculis,
1212 2244 1270 2276 qui.
1301 2245 1303 2248 ⁴

217 2286 268 2313 bus
282 2284 328 2319 ipsi
341 2289 415 2310 erant
429 2281 566 2315 colligati,
584 2278 627 2305 sed
640 2278 746 2310 talibus,
754 2286 821 2312 quae
835 2277 908 2304 cerni
922 2286 975 2303 non
990 2277 1088 2311 poss'ent
1102 2282 1209 2310 propter
1217 2286 1273 2310 par-

219 2322 348 2353 vitatem,
372 2317 472 2345 crebris
485 2315 556 2351 quali
569 2314 687 2341 cuneolis
700 2313 807 2340 iniee'iis
822 2322 905 2340 vnum
925 2311 1074 2339 efficiebant
1096 2320 1127 2338 ex
1147 2312 1314 2352 o1nnib11s50

221 2365 325 2392 corpus.
395 2353 468 2382 Adde
481 2350 576 2379 Pallad.
590 2350 668 2377 Febr.
682 2358 720 2385 17,
736 2359 748 2382 3
765 2349 917 2376 Cuneolum
937 2349 1115 2384 praemittere.

259 2400 276 2420 c
285 2399 305 2418 v
314 2398 362 2418 NE
371 2397 390 2417 0
401 2410 410 2423 ,
425 2394 478 2416 Ere.
514 2385 646 2422 [σφηνᾶω]
684 2387 762 2412 Cuneo
788 2384 915 2418 distinere.
952 2385 1018 2411 Plin.
1045 2386 1089 2416 16,
1112 2393 1149 2417 40
1180 2383 1233 2409 Aut
1256 2382 1274 2408 si

242 2428 289 2456 uid
303 2425 468 2455 cuneandum
483 2423 513 2450 sit
527 2424 555 2450 in
568 2423 650 2457 ligno.
723 2422 771 2448 Per
783 2422 840 2448 vim
855 2421 980 2453 cuneati,
997 2427 1022 2446 et
1031 2429 1098 2455 quae
1111 2424 1205 2446 natura
1218 2419 1276 2445 iun-

251 2474 266 2492 a
279 2465 353 2497 sunt,
374 2460 518 2489 distrahere
537 2458 669 2492 Qinffll.
683 2468 712 2492 4,
726 2466 749 2490 3,
763 2468 790 2492 4.
808 2461 825 2483 i.
840 2456 955 2489 intrudi,
975 2456 1105 2486 infirciri.
1178 2455 1277 2486 Plin.3,

716 2135 737 2174 ff
759 2146 778 2170 4
814 2138 933 2163 Cunetus
965 2147 990 2166 et
1012 2142 1128 2167 ,Cuneus
1161 2142 1267 2177 confun-
1276 2150 1303 2175 55

1324 1639 1457 1666 medicina
1470 1647 1574 1673 genera.
1610 1639 1688 1672 Quae
1702 1638 1801 1665 bubula
1814 1639 1978 1673 appellatur,
1999 1640 2087 1665 semen
2102 1639 2204 1673 pulegii
2216 1639 2306 1672 habet,
2323 1638 2371 1666 vti-

1324 1676 1349 1702 le
1364 1675 1397 1702 ad
1409 1675 1521 1702 vulnera
1534 1673 1781 1701 commanducatum
1795 1674 2018 1709 impositumque,
2038 1681 2067 1701 vt
2080 1675 2176 1709 quinto
2190 1674 2246 1709 post
2266 1675 2308 1701 die
2324 1674 2371 1701 sol-

1323 1717 1402 1738 vatur
1417 1718 1461 1737 etc.
1537 1712 1567 1737 Et
1582 1711 1599 1736 s.
1613 1712 1648 1737 62
1673 1709 1715 1737 Est
1740 1710 1793 1736 alia
1813 1710 1926 1744 Cunila,
1944 1711 2098 1737 Gallinacea
2117 1710 2245 1745 appellata
2276 1709 2372 1736 nostris.

1326 1748 1433 1774 Graecis
1447 1747 1596 1781 Origannm
1612 1746 1838 1772 Heracleoticum.
1888 1746 1995 1773 Prodest
2010 1747 2095 1773 oculis
2109 1748 2188 1778 trita,
2209 1746 2300 1773 addito
2319 1745 2375 1773 sale:

1326 1783 1431 1810 Tuffim
1447 1791 1554 1817 quoquc
1566 1782 1704 1814 emendat,
1724 1789 1750 1808 et
1761 1782 1913 1809 iecinorum
1925 1782 2001 1809 vitia.
2073 1782 2096 1808 S.
2110 1784 2140 1814 63
2157 1782 2287 1809 Tertium
2300 1789 2377 1816 genu·

1326 1819 1363 1845 est
1377 1819 1450 1850 eius,
1471 1828 1538 1853 quae
1567 1827 1582 1844 a
1603 1819 1712 1845 Graecis
1735 1818 1866 1851 mascula,
1886 1827 1902 1845 a
1914 1818 2010 1845 nostris
2025 1818 2148 1852 cunilago
2160 1824 2289 1851 vocatur,
2308 1817 2378 1845 Odo-

1327 1855 1364 1882 ris
1378 1854 1454 1881 foedi
1468 1863 1514 1881 etc.
2356 1852 2359 1856 “
2377 1871 2379 1875 «

1364 1897 1381 1917 C
1391 1898 1411 1916 V
1422 1898 1442 1917 N
1452 1898 1460 1916 1
1472 1897 1488 1916 L
1498 1892 1521 1917 Ᾰ
1529 1897 1577 1918 GO
1586 1911 1595 1923 ,
1613 1890 1675 1917 inis.
1695 1889 1715 1917 f.
1745 1887 1853 1923 [κόνυζοι
1866 1888 1961 1925 οἴῃ-τίοι]
1997 1890 2035 1916 De
2049 1898 2096 1925 qua
2107 1888 2176 1915 modo
2190 1888 2294 1916 die‘tum.
2310 1887 2381 1917 Addz·

1326 1927 1392 1954 Plin.
1412 1935 1450 1960 19,
1463 1932 1485 1956 8.

1362 1969 1540 1994 CVNINA,
1558 1961 1613 1988 vid.
1633 1967 1778 1989 CVNAE.

1363 2006 1380 2026 c
1391 2006 1410 2024 v
1422 2006 1442 2025 N
1455 2005 1464 2025 ι
1476 2005 1510 2029 0,
1530 2002 1578 2024 irc.
1615 2000 1701 2033 inquit
1714 1997 1818 2029 Festus,
1838 1995 1875 2023 est
1889 1996 1992 2023 Stercus
2007 1995 2094 2022 facere
2107 2005 2112 2022 :
2149 1994 2251 2022 dietum
2269 2003 2285 2021 a
2296 1993 2379 2021 Curii·

1326 2034 1487 2064 infantium,
1506 2043 1574 2068 quae
1587 2034 1662 2068 saepe
1675 2034 1789 2060 stercore
1802 2032 1955 2060 foedantur.
1993 2033 2080 2058 Potius
2093 2038 2222 2067 cognatum
2239 2037 2299 2065 puto
2312 2031 2381 2056 Coe-

1327 2080 1402 2098 num.
1441 2072 1535 2096 Notum
1549 2068 1592 2102 est,
1610 2072 1706 2105 quoties
1717 2069 1764 2096 OE
1775 2069 1829 2096 etV
1839 2074 2031 2105 permutentur,
2049 2074 2080 2094 vt
2094 2070 2121 2094 in
2129 2068 2215 2094 Poena
2221 2065 2312 2101 punio,
2321 2066 2383 2092 Po*

1327 2107 1367 2133 ni*
1387 2106 1518 2138 Punicus,
1538 2107 1635 2132 Munio
1668 2105 1776 2132 moenia
1807 2111 1852 2132 etc.
1895 2105 2024 2132 Caeterum
2044 2103 2074 2131 ab
2096 2103 2142 2131 hoc
2163 2102 2236 2129 verbo
2253 2104 2326 2128 etiam
2342 2099 2392 2127 de..

1329 2145 1417 2167 rIuant
1431 2143 1584 2176 Inquinare.
2368 2161 2369 2165 ,
2385 2146 2393 2163 ⁴

1368 2181 1385 2201 c
1394 2181 1475 2201 VNN
1485 2183 1526 2201 vs
1536 2194 1543 2206 ‚
1560 2175 1579 2201 i.
1598 2185 1635 2201 m.
1656 2175 1670 2208 [
1676 2176 1780 2209 filim-05]
1819 2175 1915 2200 Nomen
1929 2172 2080 2208 inhonestum
2098 2180 2163 2201 certe
2177 2174 2317 2208 Satyricum
2338 2172 2392 2201 Pri-a

1332 2209 1407 2237 demit
1421 2209 1556 2236 muliebr-ir.
1593 2209 1696 2236 Αιιὸῐοτ
1710 2211 1835 2237 carminis
1849 2210 1966 2244 Priapeii
1995 2211 2023 2236 Si
2037 2219 2090 2245 qua
2101 2210 2137 2236 est
2152 2219 2206 2236 non
2219 2208 2288 2235 fatui
2301 2207 2364 2242 puell
2371 2207 2378 2213 ²

1332 2246 1421 2272 cunni.
1495 2245 1565 2272 Nam
1580 2246 1633 2272 fuit
1647 2252 1707 2272 ante
1721 2246 1851 2272 Helenam
1865 2254 1965 2271 cunnus
1977 2247 2115 2272 teterrima
2128 2246 2193 2272 belli
2207 2245 2291 2272 Causa
2317 2243 2342 2270 H
2360 2246 2362 2249 '
2434 2251 2435 2255 ¹

1333 2281 1416 2308 Serm.
1431 2290 1452 2313 1,
1461 2289 1483 2313 3,
1492 2289 1547 2315 107.
1566 2283 1584 2307 i.
1595 2283 1681 2308 mulier
1694 2288 1738 2316 per
1753 2280 1930 2315 Synecdochen.
2005 2283 2046 2308 Sic
2054 2282 2169 2308 Mirator
2181 2280 2263 2307 cunni
2271 2279 2348 2314 Cup'v

1334 2316 1394 2341 nius
1409 2317 1464 2342 albi
1477 2325 1483 2341 ι
1523 2317 1615 2352 Verfiis
1629 2317 1663 2350 est
1675 2318 1744 2343 Hor.
1757 2318 1840 2344 Serm.
1856 2325 1876 2348 1,
1889 2326 1915 2347 2,
1927 2319 1958 2349 36
1972 2316 2101 2353 satyricae
2115 2317 2288 2353 obscenitatis:
2307 2315 2336 2341 de

1337 2349 1487 2377 Turnebus
1507 2361 1538 2384 ιι,
1553 2360 1574 2385 ς.
1652 2353 1774 2386 Videtur,
1787 2355 1887 2388 inquit,
1906 2362 1935 2379 cx
1942 2352 2062 2388 pudenda
2070 2360 2146 2388 parte
2158 2354 2282 2380 mulierem
2296 2353 2336 2377 int

1337 2393 1394 2420 gere
1402 2403 1411 2416 ‚
1431 2393 1459 2410 ex
1473 2385 1526 2409 albo
1539 2390 1679 2422 ingenuam.
1749 2391 1789 2414 At
1806 2391 1833 2414 in
1847 2391 1964 2424 ingenuis
1975 2387 2066 2424 stupra
2079 2389 2172 2425 legibus
2185 2383 2397 2422 vindicabantur&

1337 2429 1387 2446 non
1402 2426 1481 2445 autem
1494 2421 1522 2444 in
1536 2421 1669 2448 libertinis.
1706 2423 1831 2458 Ingcnuae
1847 2432 1906 2449 vero
1917 2426 2031 2450 mulieres
2043 2425 2140 2451 albarae
2153 2431 2240 2456 erant,
2257 2423 2404 2450 libertinae-¹

1338 2462 1454 2487 atratae,
1490 2454 1623 2482 nobiliores
1651 2462 1814 2489 purpuratae.
1883 2459 2059 2484 Artemidorm
2090 2459 2134 2494 ιρις)
2158 2459 2177 2485 εἰ
2202 2462 2248 2492 μὲν
2275 2457 2289 2488 ἦ
2316 2460 2384 2491 χλιιι

225 2511 238 2535 3
259 2499 387 2535 Hispania
399 2503 527 2524 cuneatur
541 2494 681 2529 angustiis,
699 2494 770 2520 inter
783 2493 838 2519 duo
857 2493 958 2525 maria,
978 2487 1115 2527 paullatim
1135 2490 1230 2517 deinde
1251 2492 1278 2516 se
1299 2493 1330 2524 63
1339 2491 1388 2525 μύς
1409 2489 1442 2520 εἴη
1462 2489 1553 2522 λευκὴ,
1571 2489 1701 2524 ἐλευθέραν
1716 2489 1728 2515 ὅ
1739 2489 1789 2516 ἰδὼν
1809 2491 1920 2523 γαμήσει·
1952 2489 1997 2518 ..33⁸3
2009 2494 2133 2525 fimum,
2147 2494 2321 2528 inexevfls'fm·
2343 2489 2386 2519 ἅδε
2413 2485 2416 2488 ’

225 2536 349 2572 pandens.
367 2538 386 2561 i.
404 2531 600 2568 Cuneiformam
615 2530 694 2557 habet.
766 2530 808 2556 Sic
826 2529 856 2555 Se
875 2529 902 2555 in
922 2529 1041 2555 diuerso‘s
1061 2527 1170 2562 angulos
1184 2532 1278 2553 mineat

226 2572 297 2600 Mela
309 2580 331 2604 3,
343 2573 368 2597 6.
476 2568 534 2594 Sen.
555 2566 634 2601 Epist.
656 2574 696 2600 119
716 2568 789 2597 (118)
816 2566 888 2591 Vnus
903 2564 968 2599 lapis
983 2564 1047 2590 facit
1061 2563 1210 2595 fornicem,
1228 2562 1276 2588 ille

228 2609 277 2644 qui
290 2607 371 2634 latera
385 2605 512 2632 inclinata
527 2602 666 2635 eune-anit,
684 2609 710 2628 et
725 2602 877 2628 interuentu
891 2601 938 2627 suo
952 2601 1049 2626 vinxit.
1066 2602 1084 2626 i.
1099 2602 1170 2626 cunei
1178 2598 1279 2635 forma,

227 2653 300 2681 quam
315 2642 402 2675 habet,
420 2638 545 2673 distinuit.

267 2686 283 2706 c
293 2685 315 2703 v
325 2678 502 2706 NERTvs,
524 2683 555 2706 a,
573 2682 627 2700 um.
652 2672 713 2698 Adi.
751 2671 908 2707 [σφηνωτᾶε]
945 2671 1006 2698 Liu.
1021 2680 1045 2705 9,
1059 2680 1095 2705 40
1114 2672 1211 2697 Forma
1224 2675 1280 2696 erat
1293 2679 1330 2707 70
1342 2670 1396 2697 olet
1410 2679 1445 2696 vn
1466 2678 1480 2695 e
1494 2669 1539 2701 lit,
1558 2669 1631 2704 quod
1649 2669 1748 2696 dicitur
1767 2678 1821 2695 cum
1841 2670 1895 2695 illis
1906 2680 1916 2698 ;

229 2715 311 2745 scuti,
332 2714 465 2739 summum
490 2710 569 2737 latius
596 2717 648 2743 qua
667 2708 756 2743 peetus
779 2716 858 2743 atque
885 2708 992 2734 humeri
1011 2713 1151 2742 teguntur,
1174 2705 1280 2739 fastigio

230 2749 352 2786 aequali,
372 2747 405 2775 ad
428 2747 513 2773 imum
535 2744 672 2771 cuneatior
692 2744 849 2771 mobilitatis
866 2745 949 2770 causa.
968 2746 986 2769 i.
994 2743 1127 2779 paullatim
1140 2740 1281 2778 angustior,

231 2786 382 2823 decrescente
395 2782 535 2811 latitudine.
607 2779 738 2807 Columel.
754 2787 776 2813 ς,
790 2789 815 2812 2,
828 2789 847 2814 4
867 2780 913 2806 Sin
926 2785 1015 2806 antem
1030 2785 1152 2805 cuneatus
1166 2786 1227 2812 ager
1240 2777 1283 2803 fu-

233 2823 300 2853 erit,
317 2826 346 2847 vt
360 2825 422 2855 puta
435 2819 528 2853 longus
538 2816 616 2851 pedes
630 2821 751 2847 centuni,
768 2816 833 2842 latus
845 2824 876 2842 ex
893 2824 944 2842 vna
957 2821 1030 2850 parte
1044 2814 1121 2849 pedes
1139 2815 1185 2842 XX
1207 2820 1232 2839 ct
1247 2821 1279 2840 ex

230 2859 315 2887 altera
327 2853 479 2892 (opposita)
491 2853 568 2888 pedes
583 2853 620 2880 X:
633 2867 678 2872 —
698 2850 747 2877 hos
763 2851 791 2877 in
804 2854 836 2877 'co
848 2860 933 2877 cuneo
947 2851 1087 2886 quadratos
1101 2851 1177 2885 pedes
1186 2850 1234 2876 esse
1243 2849 1281 2875 di·
1294 2854 1326 2882 75

234 2902 331 2921 cemus.
401 2890 431 2918 A
440 2892 523 2917 cuneis
536 2889 644 2919 theatri,
665 2887 693 2913 de
705 2886 791 2923 quibus
806 2896 832 2913 n.
842 2896 854 2919 3
862 2893 965 2913 vocatur
973 2888 1120 2913 Cuneatum
1128 2886 1283 2913 Theatrum

233 2930 332 2957 Auson.
356 2926 423 2954 Lud.
444 2927 495 2952 V11
516 2925 572 2959 Sap.
597 2924 666 2958 prol.
689 2932 716 2950 v.
739 2931 777 2949 21.
848 2922 918 2950 Add.
940 2923 1009 2957 LipJI
1023 2922 1052 2949 de
1065 2922 1199 2957 Amphith.
1210 2930 1231 2947 c.
1246 2929 1279 2954 13.

232 2965 320 2993 Collis
334 2968 457 2990 cuneatus
477 2960 558 2988 Ouid.
573 2961 638 2987 Met.
653 2967 686 2991 13,
700 2964 759 2993 778.
782 2961 800 2984 i.
814 2961 841 2984 in
855 2960 927 2984 cunei
932 2957 1120 2992 similitudinem
1127 2956 1228 2994 fufius.

272 3007 289 3028 c
300 3008 321 3028 V
330 3007 352 3026 N
361 3006 378 3026 E
387 3005 410 3025 Α
418 3005 440 3025 Τ
450 3004 487 3024 10
496 3017 503 3029 ,
518 2997 587 3022 onis.
607 2996 626 3021 f.
665 2994 818 3021 Scribonius
831 2995 979 3034 Largtis·47
1001 2994 1090 3020 Donec
1105 3003 1187 3028 quum
1208 2993 1279 3024 (Do-

234 3037 326 3065 nicum
339 3039 358 3061 i.
373 3034 475 3066 donec)
488 3032 609 3060 videatur
621 3036 697 3066 pator
711 3031 816 3057 narium
831 3031 996 3057 Cuneauone
1023 3029 1136 3063 quadam
1161 3030 1280 3063 recipere
1297 3038 1329 3064 30
1725 3019 1753 3051 C

236 3073 305 3108 poss'e
325 3070 457 3097 fistulam:
491 3068 558 3095 iubet
576 3066 689 3103 fistulam
710 3065 922 3093 circumuoluendo
940 3066 1040 3092 linteolo
1063 3068 1101 3092 ita
1118 3064 1282 3101 conformari,

236 3115 266 3135 vt
280 3105 380 3144 anguste
392 3107 460 3132 velut
474 3105 580 3131 thneum
592 3102 715 3138 intrusum
724 3102 842 3138 foramen
855 3104 953 3128 narium
966 3102 1035 3127 illam
1049 3104 1155 3135 recipere
1163 3099 1246 3136 poffit.

274 3150 291 3170 C
300 3150 320 3168 v
329 3150 350 3169 Ν
360 3143 433 3169 ΕᾸΤ
442 3148 452 3167 1
461 3148 496 3168 Μ.
532 3139 600 3166 Adu.
636 3137 722 3172 [κατ-αὶ
734 3139 796 3172 ςέφη
812 3137 976 3171 Vct.Glosl'.·]
1013 3137 1061 3163 Ptr
1081 3145 1175 3163 cuneos.
1211 3136 1284 3162 Caes.

239 3178 304 3207 Bell.
317 3177 385 3205 Gall.
400 3185 425 3211 7,
438 3182 466 3207 28
486 3175 581 3203 Hostes
594 3184 623 3201 re
634 3183 705 3200 noua
720 3173 855 3208 perterriti
865 3193 874 3206 ,
884 3182 978 3205 muro,
992 3171 1164 3207 turribusque
1178 3171 1285 3204 deiecti,

239 3215 270 3242 in
282 3214 344 3241 foro
357 3222 386 3239 ac
400 3213 465 3238 locis
478 3209 672 3247 patentioribus
686 3210 817 3236 cuneatim
831 3209 1011 3236 constiterunt.

277 3257 323 3277 CV
335 3254 358 3275 N
371 3254 381 3274 l
393 3254 410 3275 C
419 3246 464 3274 571.
473 3255 494 3274 V
503 3255 532 3280 S,
552 3247 572 3274 i.
593 3255 628 3273 m.
664 3242 808 3280 [duasne]
845 3246 949 3272 Animal
960 3245 1038 3280 lepori
1045 3242 1142 3277 fimile,
1156 3242 1203 3278 fi‘b
1217 3249 1285 3268 terra

241 3283 327 3320 (ff‘ff'
339 3285 415 3314 latere
422 3283 533 3319 solitum.
582 3283 669 3308 Varro
682 3280 714 3307 de
729 3282 759 3307 R.
773 3281 805 3308 R.
818 3289 840 3313 3,
854 3289 891 3313 12,
904 3283 920 3307 6
941 3279 1033 3307 Tertii
1046 3279 1148 3314 generis
1161 3278 1206 3309 est,
1215 3278 1287 3312 quod

242 3321 274 3349 in
286 3316 415 3355 Hispania
429 3318 557 3350 nascitur,
576 3317 660 3344 simile
672 3316 763 3344 nostro
778 3317 863 3352 lepori
876 3325 906 3342 ex
920 3316 1032 3351 quadam
1046 3320 1132 3350 parte,
1150 3313 1192 3340 scd
1201 3313 1286 3340 humi-

244 3358 286 3390 le,
309 3364 390 3392 quem
402 3353 552 3381 cuniculum
568 3362 599 3388 ap
618 3353 706 3379 ellant.
777 3349 972 3388 Etpaullopqli,
989 3350 1117 3378 Cuniculi
1128 3349 1195 3376 dieti
1208 3349 1288 3381 abeo,

247 3392 320 3428 quod
343 3390 391 3418 sub
412 3395 483 3416 terra
505 3388 599 3415 cunicu
612 3397 641 3415 os
663 3388 710 3423 ipsi
736 3388 823 3415 facere
842 3388 958 3419 soleant,
976 3387 1023 3414 vbi
1045 3387 1140 3413 lateant
1161 3385 1189 3411 in
1208 3385 1285 3419 agris.

248 3430 342 3463 Nempe
361 3425 463 3453 Gaudet
482 3424 510 3450 in
523 3424 613 3450 cti'ossis
633 3423 752 3450 habitare
766 3423 902 3450 cuniculus
917 3423 998 3450 antris
1012 3431 1018 3447 ε
1054 3421 1212 3448 Monslrauit
1227 3422 1289 3447 taci-

248 3471 289 3491 tos
303 3462 422 3490 hostibus
435 3460 480 3488 ille
493 3459 548 3486 vias
565 3459 679 3486 Martial.
690 3468 724 3492 13,
732 3461 775 3486 60.
848 3459 921 3495 Coris.
935 3459 1049 3485 Mollior
1062 3457 1159 3492 capillo
1172 3457 1288 3483 cuniculi

249 3499 336 3527 Catul.
351 3506 391 3530 23,
406 3506 426 3524 1.
496 3495 657 3527 Cuniculus,
675 3495 780 3528 (editur
798 3495 974 3526 Cuniculum)
995 3495 1125 3521 Foramen
1148 3491 1193 3520 snb
1220 3498 1289 3519 terra

249 3535 381 3562 occultum
391 3553 399 3566 ,
415 3538 459 3559 aut
473 3530 506 3557 ab
519 3530 628 3559 animali
642 3530 713 3564 quod
726 3530 810 3557 simile
823 3530 858 3557 cst
871 3530 972 3564 lepori,
990 3529 1152 3564 appellatur,
1169 3528 1212 3554 cui
1230 3527 1288 3554 sub-

249 3571 354 3598 tersoss'a
374 3567 547 3599 terra<laterc
564 3566 599 3592 cst
618 3566 746 3592 solitum:
781 3573 825 3593 ant
845 3575 860 3592 a
877 3574 1021 3592 cuneorum
1034 3564 1223 3596 similitudine,
1243 3564 1291 3598 qui
1309 3574 1341 3601 95
1349 3565 1674 3600 transituspollitadmitti.

251 3615 356 3633 omnem
371 3604 508 3631 materiam
521 3603 619 3629 intrant
632 3600 768 3627 findentes.
804 3603 872 3628 Hace
887 3601 982 3628 Festus.
1038 3602 1129 3635 Veget.
1144 3610 1172 3635 4,
1180 3607 1219 3635 724
1238 3600 1288 3625 Ge-

250 3651 297 3668 nus
312 3638 517 3675 oppugnationis
529 3638 565 3664 est
578 3637 774 3664 subterraneum
787 3642 864 3671 atque
886 3637 1028 3669 secretum,
1046 3635 1119 3672 quod
1137 3634 1288 3662 cuniculum

250 3684 344 3703 vocant
358 3685 372 3702 a
386 3674 537 3710 leporibus,
554 3673 600 3708 qui
614 3680 737 3699 cauernas
756 3671 803 3697 sub
822 3672 898 3699 terris
918 3672 1041 3704 fodiunt,
1060 3671 1154 3706 ibique
1175 3670 1290 3698 condun-

249 3717 302 3739 tur.
338 3710 465 3738 Adhibita
478 3718 542 3744 ergo
554 3707 739 3738 multitudine,
755 3706 787 3732 ad
806 3707 918 3741 speciem
939 3707 1125 3740 metallorum,
1146 3707 1174 3733 in
1193 3705 1289 3742 quibus

1305 3399 1341 3424 90
1349 3389 1383 3414 lis
1394 3390 1491 3424 ingenii
1502 3387 1618 3414 denotare
1630 3388 1739 3414 videtur.
2171 3417 2174 3421 .

1350 3429 1386 3456 18,
1399 3431 1415 3450 2
1436 3423 1463 3450 Si
1478 3423 1555 3457 copia
1568 3423 1656 3449 maior
1669 3423 1722 3456 est,
1737 3424 1816 3449 intell.
1829 3432 1900 3458 quam
1914 3430 1942 3449 vt
1956 3426 2058 3458 capiant
2075 3423 2143 3448 illam
2164 3421 2231 3448 dolia
2251 3424 2278 3448 in
2300 3419 2400 3448 terram)
2446 3431 2447 3434 ¹

1339 2528 1465 2562 πορφυρᾶ,
1481 2527 1628 2561 ἐυγενες-ἑραν
1648 2526 1732 2552 eamr.
1768 2526 1809 2553 Sic
1827 2528 1891 2551 enim
1908 2530 2011 2552 coniicit
2023 2527 2121 2561 somnia
2141 2527 2188 2560 ista
2200 2529 2388 2560 Artemidorus,

1340 2563 1405 2599 quod
1417 2563 1458 2589 hir
1469 2561 1541 2596 essent
1549 2562 1641 2597 solitae
1654 2559 1761 2594 vestibus
1773 2565 1814 2587 vti
1824 2564 1958 2597 lngenuae,
1971 2561 2115 2593 libertinae,
2132 2569 2156 2588 et
2173 2562 2274 2588 nobiles.
2318 2563 2388 2588 Haec

1340 2600 1392 2625 ille.
1409 2599 1489 2633 Quam
1503 2597 1699 2633 rcfmmidarint
1710 2597 1755 2623 boc
1766 2606 1851 2623 nomen
1865 2597 2032 2659 ingamiliari
2041 2600 2114 2623 etiam
2127 2598 2254 2633 jer-mons,
2272 2597 2336 2624 illud
2347 2600 2388 2623 in-
2416 2612 2417 2615 =

1341 2635 1408 2661 dicat
1417 2654 1426 2666 ,
1445 2646 1451 2659 r
1462 2633 1509 2660 uod
1521 2633 1658 2660 Ciceronis
1671 2633 1754 2659 verbis
1766 2633 1874 2660 dicemus
1915 2639 1964 2659 rat.
1980 2640 2025 2666 154
2038 2642 2059 2659 c.
2071 2641 2103 2666 45
2123 2632 2196 2667 Qtid
2209 2634 2220 2659 3
2254 2632 2322 2659 illud
2332 2641 2388 2659 non

1950 2678 2006 2695 cum
2025 2676 2114 2695 autem
2126 2668 2196 2695 nobis
2209 2677 2265 2695 non
2281 2667 2388 2702 dicitur,

1342 2706 1385 2733 sed
1400 2705 1523 2741 nobili-um
1537 2709 1549 2731 ,ἲ
1586 2705 1650 2740 quia
1665 2704 1683 2731 si
1700 2705 1736 2731 ita
1751 2704 1900 2737 diceretur,
1919 2704 2059 2731 obscenius
2079 2709 2267 2732 concurrerent
2286 2703 2388 2736 literae,

1340 2748 1371 2769 vt
1382 2741 1462 2768 etiam
1477 2741 1576 2774 modo,
1596 2741 1645 2767 nili
1659 2748 1740 2767 autem
1754 2740 1981 2774 interposuiffem‚
2001 2741 2196 2767 concurrissent.
2253 2740 2289 2766 Ex
2304 2748 2337 2766 eo
2351 2739 2386 2766 cst

1340 2786 1431 2805 mecum
1445 2783 1470 2804 ct
1482 2785 1575 2811 recum,
1593 2783 1622 2803 vt
1637 2778 1696 2803 esset
1710 2776 1794 2804 simile
1809 2777 1863 2803 illis
1880 2776 2005 2812 vobiycum
2019 2783 2099 2811 atque
2110 2774 2248 2813 nobilium.
2319 2773 2397 2804 Md.-

1341 2813 1433 2841 Famil.
1448 2821 1474 2846 9,
1490 2822 1527 2839 κ.

1377 2856 1454 2877 CVN
1466 2855 1484 2873 N
1496 2856 1551 2875 ιιι
1563 2854 1686 2881 NGvs,
1705 2847 1725 2875 i.
1745 2858 1781 2875 m.
1817 2848 1934 2875 Martial.
1949 2856 1991 2879 12,
2006 2855 2045 2882 59.

1379 2891 1562 2923 cvuqu,
1582 2883 1634 2911 uid.
1657 2884 1882 2922 CVMQVEJab
1908 2890 2000 2911 CVM.
2233 2899 2235 2904 ¹

1378 2927 1454 2948 CVN
1466 2927 1507 2947 x’z
1518 2927 1539 2947 A
1548 2927 1589 2947 MI
1601 2926 1614 2946 s
1627 2940 1634 2951 ‚
1651 2919 1710 2947 i'dis.
1729 2920 1749 2947 f.
1788 2919 1955 2955 [κοννζαμὶς]
1992 2919 2099 2953 Herba,
2117 2928 2185 2954 quae
2207 2919 2263 2947 alio
2280 2917 2389 2946 nemim

1341 2957 1475 2992 Cunilago
1487 2955 1586 2983 dicitnr
1602 2956 1669 2983 Plin.
1683 2965 1721 2991 19,
1734 2961 1756 2987 8.
2255 2965 2264 2973 ·
2377 2959 2381 2962 ”

1383 3071 1401 3092 C
1413 3071 1458 3092 VP
1468 3072 1489 3092 Α
1499 3085 1506 3097 ,
1524 3066 1579 3098 vel,
1594 3065 1740 3102 qtiodfizepe
1757 3065 1818 3092 libri
1833 3064 1995 3101 praeferunt,
2013 3069 2030 3091 C
2040 3070 2156 3098 VPPA,
2173 3072 2212 3091 ae.
2234 3064 2255 3091 s.
2295 3064 2387 3091 Vesus-¹·-

1344 3104 1443 3128 narium
1458 3105 1553 3134 malus,
1572 3104 1613 3128 cui
1620 3103 1795 3129 Germanorum
1807 3101 1876 3128 Kufe
1887 3100 2031 3136 respondere
2042 3100 2151 3127 uidetur.
2186 3100 2245 3127 Ifid.
2263 3102 2326 3132 20‚6
2338 3099 2387 3126 Βό-

1345 3137 1413 3164 lium
1433 3137 1559 3173 (antiqua
1578 3137 1655 3164 editio
1671 3138 1711 3164 hic
1729 3140 1868 3172 interponit
1885 3137 1940 3172 R.)
1957 3137 2046 3171 Cupos
2065 3143 2092 3162 ct
2103 3137 2189 3170 Cupas
2204 3146 2218 3163 a
2234 3133 2385 3170 capiendos

1346 3173 1501 3207 accipiendo
1513 3181 1593 3207 aquas
1607 3173 1648 3199 vel
1663 3173 1757 3199 vinum
1770 3179 1875 3199 vocatas
1889 3172 2000 3205 volunt,
2021 3172 2089 3198 vnde
2103 3177 2130 3198 et
2146 3180 2284 3206 caupones.
2316 3169 2384 3199 .No-

1302 3215 1331 3243 85
1348 3209 1408 3235 nius
1425 3216 1459 3242 ις,
1473 3216 1490 3243 7
1524 3210 1554 3234 In
1574 3208 1716 3243 generibus
1734 3210 1858 3235 vasorum
1877 3214 1903 3235 et
1919 3208 2076 3243 poculorum
2091 3211 2166 3243 ponit
2180 3209 2266 3242 Cupas
2277 3212 2304 3234 et
2315 3205 2391 3238 tina}

1348 3244 1480 3279 laudatque
1501 3245 1630 3271 Varronis
1643 3245 1734 3277 verba,
1750 3245 1826 3271 Mori
1841 3244 1915 3279 longi
1927 3253 1988 3270 cum
2007 3244 2133 3279 operculo
2152 3243 2185 3269 ad
2198 3252 2293 3278 cupas,
2312 3240 2390 3268 tertio

1348 3279 1497 3314 amphoras.
1566 3280 1604 3307 Id.
1626 3280 1732 3307 Nonius
1750 3288 1782 3314 2,
1804 3288 1839 3312 1¹3
1869 3289 1882 3306 e
1898 3281 2019 3307 Varrone
2030 3279 2109 3313 affert
2121 3279 2206 3313 Cupas
2219 3275 2385 3310 vinariaslir-

1349 3325 1412 3350 pare
1424 3315 1481 3342 noli
1498 3315 1573 3349 (uid.
1594 3322 1608 3342 s
1616 3322 1633 3343 C
1643 3324 1652 3343 1
1662 3323 1680 3342 R
1692 3322 1707 3341 Ρ
1718 3319 1755 3348 O)
1791 3317 1822 3342 Et
1829 3334 1837 3348 ,
1853 3315 1971 3342 Alteram
1982 3315 2056 3342 via-m
2069 3315 2224 3342 deformasse
2231 3311 2391 3375 Carneaff

1349 3352 1457 3379 virtutis
1471 3359 1485 3377 e
1498 3352 1570 3386 cupis
1585 3352 1652 3378 acris
1665 3352 1749 3385 aceti,
1768 3361 1816 3387 qua
1821 3351 1911 3386 forma
1924 3361 2038 3387 magnam
2051 3353 2102 3377 vim
2114 3353 2264 3378 acrimoniae
2283 3356 2306 3376 et
2308 3348 2335 3411 s(
2338 3347 2342 3352 ⁴

1811 3389 1898 3422 Cupas
1909 3389 1937 3413 in
1950 3388 2011 3413 cella
2023 3389 2125 3412 uinaria
2137 3388 2240 3412 collocat
2263 3385 2307 3412 Pal
2317 3381 2353 3415 fld-
2361 3389 2385 3414 Ι,

1349 3457 1458 3495 defossa,
1473 3458 1591 3485 medium
1604 3459 1716 3494 spatium
1730 3459 1802 3493 cupis
1815 3458 1986 3493 deputabitur
1995 3479 2002 3491 ,
2022 3466 2085 3493 quas
2097 3467 2130 3484 ne
2142 3457 2292 3485 ambulacra
2304 3452 2388 3491 probi-²

1350 3494 1445 3527 beant,
1465 3493 1568 3521 basellis
1587 3493 1729 3522 altioribus
1746 3493 1896 3528 impositas,
1911 3494 1953 3520 vel
1972 3494 2049 3529 super
2067 3493 2164 3520 obruta
2178 3492 2251 3520 dolia
2263 3491 2388 3530 possumq}
2411 3515 2413 3518 Α

1351 3530 1482 3558 collocare
1497 3531 1581 3564 spatio
1595 3530 1665 3557 inter
1675 3531 1701 3557 se
1714 3530 1837 3565 longiore
1850 3529 1988 3562 distantes,
2003 3535 2050 3563 vt,
2068 3528 2086 3555 fi
2106 3537 2147 3556 res
2159 3529 2262 3562 exigat,
2280 3529 2391 3554 emanue

1710 3565 1791 3599 Quod
1805 3565 1822 3591 si
1838 3565 1911 3601 cupis
1924 3565 2012 3592 locum
2025 3566 2101 3591 suum
2119 3565 2157 3599 (a
2170 3564 2244 3590 doliis
2256 3558 2391 3621 diuersitas}
2409 3595 2411 3598 Α

1352 3601 1538 3636 deputabimus
1550 3608 1596 3628 etc.
1667 3601 1715 3630 Sed
1735 3602 1829 3628 vinum
1849 3601 1881 3627 de
1898 3602 1973 3636 Cupa
1990 3601 2057 3637 quod
2075 3600 2160 3636 Pisoni
2172 3599 2258 3626 obiicit
2266 3599 2346 3626 Cicero
2356 3597 2376 3630 ρΙ
2393 3614 2396 3618 -
2412 3621 2418 3630 ,

1353 3637 1385 3664 de
1399 3637 1473 3672 Copa
1481 3637 1506 3673 s.
1519 3637 1595 3672 Cupa
1612 3637 1637 3666 h.
1649 3647 1670 3664 e.
1688 3644 1734 3665 CA
1743 3644 1764 3663 v
1773 3644 1789 3664 r·
1798 3643 1879 3664 ONA
1896 3646 1922 3663 υ.
1937 3646 1962 3663 υ.
2018 3637 2152 3663 lambinus
2169 3638 2244 3662 etiam
2261 3634 2308 3662 huc
2318 3634 2388 3660 vom

1352 3673 1421 3700 Hor.
1439 3673 1522 3699 Serm.
1535 3681 1568 3706 2,
1581 3681 1610 3705 2,
1623 3681 1663 3706 ¹²3
1688 3671 1810 3699 Posthaec
1825 3672 1910 3704 ‚ludus
1926 3677 1982 3699 erat
1994 3680 2058 3707 cupa
2072 3676 2164 3706 potare
2177 3669 2298 3706 magistra
2309 3679 2317 3695 :
2347 3663 2388 3695 3ἰό

1351 3711 1417 3735 enim
1428 3709 1490 3745 legit
1497 3715 1548 3744 pro
1559 3709 1644 3743 Culpa
1652 3728 1662 3742 ,
1686 3707 1750 3771 guod
1761 3709 1850 3735 hahent
1862 3717 1944 3735 omnes
1955 3707 2032 3740 libri,
2051 3712 2076 3733 et
2087 3706 2209 3743 intelligit
2217 3706 2338 3741 paz-ulum,
2347 3709 2391 3741 ty*

249 3747 309 3775 auri
321 3746 474 3781 argentique
488 3754 567 3772 venas
581 3744 713 3770 Bessorum
726 3742 840 3768 rimatur
857 3742 983 3769 industria
993 3763 1001 3775 ‚
1021 3751 1117 3777 magno
1131 3743 1224 3770 labore
1235 3747 1287 3768 ter·
1296 3754 1343 3772 100
1351 3744 1452 3777 athum,
1468 3753 1515 3779 quo
1530 3747 1586 3779 quis
1594 3751 1644 3780 pro
1656 3754 1686 3770 ar
1702 3747 1764 3771 itrio
1777 3750 1897 3770 uteretur.
1939 3746 1979 3771 Ac
1998 3750 2105 3776 cupam,
2120 3748 2170 3777 pro'
2177 3742 2334 3780 poculopoty'
2342 3739 2397 3776 1³22*

249 3792 279 3811 ra
292 3781 443 3815 defoditur,
462 3788 608 3815 cauatoque
627 3779 641 3805 s
655 3787 702 3805 eeu
713 3777 741 3804 in
756 3777 868 3804 exitium
887 3779 1003 3804 ciuitatis
1025 3778 1130 3805 inferna
1150 3778 1288 3814 quaeritur

249 3819 304 3846 via.
366 3818 440 3849 Qlae
453 3817 525 3843 fraus
538 3815 639 3850 duplici
660 3823 688 3841 us
702 3819 827 3849 operatur
839 3812 949 3839 insidiis.
1003 3814 1056 3840 Aut
1069 3815 1141 3841 enim
1154 3818 1290 3850 penetrant

249 3853 363 3885 vrbem,
379 3858 406 3878 et
446 3866 491 3872 —
533 3851 705 3885 egrediuntur
737 3857 784 3884 per
816 3848 966 3875 cuniculum
991 3855 1035 3875 aiut
1071 3865 1116 3870 —-
1149 3857 1291 3876 murorum

250 3885 419 3916 fundamenta
455 3901 498 3906 ——-
534 3886 677 3913 suffodiunt
697 3892 742 3912 etc.
779 3885 817 3911 De
825 3887 913 3919 priore
924 3893 1011 3920 genere
1023 3884 1154 3918 Qinetil.
1173 3885 1290 3912 Declam.

1351 3779 1453 3806 tabaeur
1466 3783 1494 3806 in
1507 3779 1581 3814 Copa
1596 3779 1714 3814 Virgilio
1725 3779 1822 3807 tributa
1834 3789 1860 3806 v.
1875 3781 1893 3805 6
1915 3780 1980 3806 Sunt
1992 3785 2089 3811 cupae,
2109 3778 2217 3809 calices,
2235 3774 2330 3810 cyathi,
2345 3779 2386 3801 rw.-

1352 3816 1378 3842 sa
1387 3835 1395 3848 ‚
1415 3814 1499 3845 tibia,
1518 3814 1641 3842 chordae.
1695 3815 1742 3842 Sed
1753 3816 1864 3851 Scaliger
1880 3824 1910 3841 ex
1922 3814 1996 3841 MSS.
2010 3812 2136 3846 restituit,
2155 3813 2219 3840 Sunt
2231 3811 2302 3846 topia
2313 3814 2339 3836 et
2348 3815 2392 3834 a..

1353 3849 1439 3882 lybae.
1475 3851 1549 3886 Qcod
1558 3860 1587 3877 ex
1595 3851 1702 3878 Naeuio
1715 3853 1811 3882 citant,
1831 3851 1902 3877 Duas
1914 3857 1991 3883 cupas
2004 3858 2080 3876 mero
2093 3849 2181 3883 plenas
2194 3846 2310 3874 exhausit
2316 3843 2386 3881 feru

1353 3895 1400 3912 non
1413 3884 1448 3919 est
1462 3888 1570 3919 Naeuii,
1589 3886 1664 3927 aursi
1675 3884 1725 3919 est,
1745 3886 1924 3921 hyperbolicum
1936 3883 1978 3917 eli.
2019 3885 2078 3912 Cum
2088 3887 2169 3921 igitur
2180 3892 2241 3914 vas,
2259 3885 2287 3909 in
2299 3888 2344 3917 quo
2353 3877 2394 3911 W

250 3932 295 3959 255
311 3925 506 3960 Superuacuum
517 3922 554 3949 est
568 3921 704 3949 cuniculos
718 3919 812 3948 fodere
830 3925 857 3947 et
875 3927 922 3954 per
941 3919 1058 3946 occultos
1076 3921 1166 3957 specus
1190 3920 1465 3958 ingenti105berctur,
1483 3930 1578 3957 cupam
1585 3921 1666 3959 sume
1674 3942 1684 3955 ‚
1697 3923 1804 3958 probari
1815 3930 1865 3947 mm
1871 3917 1956 3956 spqffis,
1961 3919 2036 3956 forte
2041 3920 2153 3957 facilius
2162 3917 2250 3946 audias
2262 3925 2328 3948 eum,
2345 3910 2388 3950 qd

2313 3950 2385 3981 died,
