<?xml version="1.0" encoding="UTF-8"?>
<!DOCTYPE html PUBLIC "-//W3C//DTD XHTML 1.0 Transitional//EN"
    "http://www.w3.org/TR/xhtml1/DTD/xhtml1-transitional.dtd">
<html xmlns="http://www.w3.org/1999/xhtml" xml:lang="en" lang="en">
 <head>
  <title>
</title>
<meta http-equiv="Content-Type" content="text/html;charset=utf-8" />
  <meta name='ocr-system' content='tesseract 3.04.00' />
  <meta name='ocr-capabilities' content='ocr_page ocr_carea ocr_par ocr_line ocrx_word'/>
</head>
<body>
  <div class='ocr_page' id='page_1' title='image "./novuslinguaeeter01gesn_0293.png"; bbox 0 0 2474 4182; ppageno 0'>
   <div class='ocr_carea' id='block_1_1' title="bbox 22 84 2161 160">
    <p class='ocr_par' dir='ltr' id='par_1_1' title="bbox 22 84 2161 160">
     <span class='ocr_line' id='line_1_1' title="bbox 22 84 2161 160; baseline 0.007 -26"><span class='ocrx_word' id='word_1_1' title='bbox 22 117 88 160; x_wconf 81' lang='lat'>481</span> <span class='ocrx_word' id='word_1_2' title='bbox 412 92 668 137; x_wconf 85' lang='lat' dir='ltr'>ASP</span> <span class='ocrx_word' id='word_1_3' title='bbox 832 84 836 85; x_wconf 33' lang='lat'><em>⁷</em></span> <span class='ocrx_word' id='word_1_4' title='bbox 1552 97 1786 139; x_wconf 85' lang='lat' dir='ltr'>ASP</span> <span class='ocrx_word' id='word_1_5' title='bbox 2085 115 2161 158; x_wconf 80' lang='lat'>482</span> 
     </span>
    </p>
   </div>
   <div class='ocr_carea' id='block_1_2' title="bbox 16 182 2163 617">
    <p class='ocr_par' dir='ltr' id='par_1_2' title="bbox 58 182 2159 224">
     <span class='ocr_line' id='line_1_2' title="bbox 58 182 2159 224; baseline 0.001 -8"><span class='ocrx_word' id='word_1_6' title='bbox 58 193 351 223; x_wconf 66' lang='grc' dir='ltr'><strong>ΑςριῑκσιιινΜ,</strong></span> <span class='ocrx_word' id='word_1_7' title='bbox 375 182 502 220; x_wconf 76' lang='lat' dir='ltr'>vid.post</span> <span class='ocrx_word' id='word_1_8' title='bbox 522 186 705 211; x_wconf 81' lang='lat' dir='ltr'>ASPERGO-</span> <span class='ocrx_word' id='word_1_9' title='bbox 1017 215 1025 222; x_wconf 93' lang='lat'>.</span> <span class='ocrx_word' id='word_1_10' title='bbox 1144 187 1458 222; x_wconf 45' lang='lat' dir='ltr'>&#39;ASPERNANTER</span> <span class='ocrx_word' id='word_1_11' title='bbox 1495 185 1563 212; x_wconf 87' lang='lat' dir='ltr'>Adu.</span> <span class='ocrx_word' id='word_1_12' title='bbox 1600 187 1727 222; x_wconf 84' lang='lat' dir='ltr'>Accipere</span> <span class='ocrx_word' id='word_1_13' title='bbox 1745 187 1868 215; x_wconf 85' lang='lat' dir='ltr'>Ambros.</span> <span class='ocrx_word' id='word_1_14' title='bbox 1884 190 1929 224; x_wconf 87' lang='lat' dir='ltr'>Ep.</span> <span class='ocrx_word' id='word_1_15' title='bbox 1945 199 1975 224; x_wconf 81' lang='lat'>29</span> <span class='ocrx_word' id='word_1_16' title='bbox 1995 200 2059 220; x_wconf 75' lang='lat' dir='ltr'>extr.</span> <span class='ocrx_word' id='word_1_17' title='bbox 2098 197 2159 224; x_wconf 79' lang='lat' dir='ltr'>Am-</span> 
     </span>
    </p>

    <p class='ocr_par' dir='ltr' id='par_1_3' title="bbox 25 216 2159 296">
     <span class='ocr_line' id='line_1_3' title="bbox 58 216 2159 262; baseline 0.006 -21"><span class='ocrx_word' id='word_1_18' title='bbox 58 232 233 258; x_wconf 76' lang='lat' dir='ltr'>AsPERGO</span> <span class='ocrx_word' id='word_1_19' title='bbox 279 224 320 250; x_wconf 60' lang='lat'>„21</span> <span class='ocrx_word' id='word_1_20' title='bbox 340 230 361 249; x_wconf 81' lang='lat' dir='ltr'>A</span> <span class='ocrx_word' id='word_1_21' title='bbox 371 226 562 251; x_wconf 78' lang='lat' dir='ltr'>DsPERGo,</span> <span class='ocrx_word' id='word_1_22' title='bbox 583 217 618 250; x_wconf 81' lang='lat' dir='ltr'>fi,</span> <span class='ocrx_word' id='word_1_23' title='bbox 639 218 710 248; x_wconf 90' lang='lat' dir='ltr'>sum,</span> <span class='ocrx_word' id='word_1_24' title='bbox 732 216 784 242; x_wconf 70' lang='lat' dir='ltr'>ere.</span> <span class='ocrx_word' id='word_1_25' title='bbox 821 216 924 250; x_wconf 53' lang='lat' dir='ltr'>Malim,</span> <span class='ocrx_word' id='word_1_26' title='bbox 935 216 1059 252; x_wconf 73' lang='grc' dir='ltr'>ῥκντίςω]</span> <span class='ocrx_word' id='word_1_27' title='bbox 1112 225 1192 256; x_wconf 51' lang='lat' dir='ltr'>mian:</span> <span class='ocrx_word' id='word_1_28' title='bbox 1206 225 1246 249; x_wconf 77' lang='lat'>31,</span> <span class='ocrx_word' id='word_1_29' title='bbox 1260 226 1286 249; x_wconf 86' lang='lat'>4.</span> <span class='ocrx_word' id='word_1_30' title='bbox 1302 252 1306 256; x_wconf 27' lang='grc' dir='ltr'><strong><em>ι</em></strong></span> <span class='ocrx_word' id='word_1_31' title='bbox 1329 217 1399 256; x_wconf 73' lang='lat' dir='ltr'>Salii.</span> <span class='ocrx_word' id='word_1_32' title='bbox 1417 218 1450 244; x_wconf 86' lang='lat' dir='ltr'>de</span> <span class='ocrx_word' id='word_1_33' title='bbox 1467 220 1544 246; x_wconf 84' lang='lat' dir='ltr'>Prou.</span> <span class='ocrx_word' id='word_1_34' title='bbox 1564 231 1589 256; x_wconf 88' lang='lat' dir='ltr'>p.</span> <span class='ocrx_word' id='word_1_35' title='bbox 1606 231 1657 257; x_wconf 88' lang='lat'>114.</span> <span class='ocrx_word' id='word_1_36' title='bbox 1701 223 1804 251; x_wconf 89' lang='lat' dir='ltr'>Audire</span> <span class='ocrx_word' id='word_1_37' title='bbox 1818 225 1909 252; x_wconf 88' lang='lat' dir='ltr'>Sidon.</span> <span class='ocrx_word' id='word_1_38' title='bbox 1922 226 1967 261; x_wconf 85' lang='lat' dir='ltr'>Ep.</span> <span class='ocrx_word' id='word_1_39' title='bbox 1982 235 2010 262; x_wconf 86' lang='lat'>7,</span> <span class='ocrx_word' id='word_1_40' title='bbox 2024 234 2045 259; x_wconf 77' lang='lat'>8.</span> <span class='ocrx_word' id='word_1_41' title='bbox 2083 232 2159 261; x_wconf 61' lang='lat' dir='ltr'>Resa,</span> 
     </span>
     <span class='ocr_line' id='line_1_4' title="bbox 25 244 1464 296; baseline -0.008 -6"><span class='ocrx_word' id='word_1_42' title='bbox 25 267 59 293; x_wconf 80' lang='grc' dir='ltr'>Ε’</span> <span class='ocrx_word' id='word_1_43' title='bbox 72 264 112 290; x_wconf 89' lang='lat' dir='ltr'>Ad</span> <span class='ocrx_word' id='word_1_44' title='bbox 127 269 150 288; x_wconf 73' lang='lat' dir='ltr'>et</span> <span class='ocrx_word' id='word_1_45' title='bbox 163 244 258 296; x_wconf 58' lang='lat' dir='ltr'>Spargi)</span> <span class='ocrx_word' id='word_1_46' title='bbox 276 257 430 294; x_wconf 70' lang='lat' dir='ltr'>compositum</span> <span class='ocrx_word' id='word_1_47' title='bbox 443 267 453 286; x_wconf 84' lang='lat'><em>;</em></span> <span class='ocrx_word' id='word_1_48' title='bbox 472 255 649 291; x_wconf 78' lang='lat' dir='ltr'>aliquantulum</span> <span class='ocrx_word' id='word_1_49' title='bbox 662 250 816 287; x_wconf 74' lang='lat' dir='ltr'>madefacere</span> <span class='ocrx_word' id='word_1_50' title='bbox 821 252 960 288; x_wconf 51' lang='lat' dir='ltr'>figas-shut.</span> <span class='ocrx_word' id='word_1_51' title='bbox 996 253 1058 278; x_wconf 80' lang='lat' dir='ltr'>Pro·</span> <span class='ocrx_word' id='word_1_52' title='bbox 1112 252 1193 279; x_wconf 83' lang='lat' dir='ltr'>lutari</span> <span class='ocrx_word' id='word_1_53' title='bbox 1212 252 1285 278; x_wconf 86' lang='lat' dir='ltr'>Idem</span> <span class='ocrx_word' id='word_1_54' title='bbox 1300 251 1367 292; x_wconf 60' lang='lat' dir='ltr'>tb-id.</span> <span class='ocrx_word' id='word_1_55' title='bbox 1381 254 1426 287; x_wconf 88' lang='lat' dir='ltr'>Ep.</span> <span class='ocrx_word' id='word_1_56' title='bbox 1441 262 1464 279; x_wconf 89' lang='lat'>2.</span> 
     </span>
    </p>

    <p class='ocr_par' dir='ltr' id='par_1_4' title="bbox 40 276 1983 329">
     <span class='ocr_line' id='line_1_5' title="bbox 40 276 1983 329; baseline 0.002 -11"><span class='ocrx_word' id='word_1_57' title='bbox 40 276 76 327; x_wconf 60' lang='lat' dir='ltr'>gn</span> <span class='ocrx_word' id='word_1_58' title='bbox 100 307 108 325; x_wconf 64' lang='grc' dir='ltr'>Ι</span> <span class='ocrx_word' id='word_1_59' title='bbox 133 306 159 324; x_wconf 86' lang='lat'>12</span> <span class='ocrx_word' id='word_1_60' title='bbox 183 297 211 323; x_wconf 91' lang='lat'>16</span> <span class='ocrx_word' id='word_1_61' title='bbox 243 294 376 321; x_wconf 83' lang='lat' dir='ltr'>Nonnihil</span> <span class='ocrx_word' id='word_1_62' title='bbox 390 292 495 328; x_wconf 74' lang='lat' dir='ltr'>aspersis</span> <span class='ocrx_word' id='word_1_63' title='bbox 506 288 598 325; x_wconf 84' lang='lat' dir='ltr'>gaudet</span> <span class='ocrx_word' id='word_1_64' title='bbox 617 296 692 319; x_wconf 86' lang='lat' dir='ltr'>amor</span> <span class='ocrx_word' id='word_1_65' title='bbox 707 287 837 319; x_wconf 76' lang='lat' dir='ltr'>lacrymis.</span> <span class='ocrx_word' id='word_1_66' title='bbox 909 289 989 314; x_wconf 85' lang='lat' dir='ltr'>Aram</span> <span class='ocrx_word' id='word_1_67' title='bbox 1003 289 1057 313; x_wconf 90' lang='lat' dir='ltr'>san-</span> <span class='ocrx_word' id='word_1_68' title='bbox 1149 294 1171 314; x_wconf 82' lang='lat' dir='ltr'>A</span> <span class='ocrx_word' id='word_1_69' title='bbox 1181 295 1193 314; x_wconf 90' lang='lat' dir='ltr'>s</span> <span class='ocrx_word' id='word_1_70' title='bbox 1203 295 1216 313; x_wconf 81' lang='grc' dir='ltr'>Ρ</span> <span class='ocrx_word' id='word_1_71' title='bbox 1228 295 1243 313; x_wconf 61' lang='lat' dir='ltr'>L*</span> <span class='ocrx_word' id='word_1_72' title='bbox 1254 294 1273 313; x_wconf 83' lang='lat' dir='ltr'>R</span> <span class='ocrx_word' id='word_1_73' title='bbox 1283 295 1303 313; x_wconf 84' lang='lat' dir='ltr'>N</span> <span class='ocrx_word' id='word_1_74' title='bbox 1313 295 1335 314; x_wconf 79' lang='lat' dir='ltr'>A</span> <span class='ocrx_word' id='word_1_75' title='bbox 1344 294 1395 328; x_wconf 68' lang='lat' dir='ltr'>Tf’</span> <span class='ocrx_word' id='word_1_76' title='bbox 1406 295 1423 314; x_wconf 78' lang='lat' dir='ltr'>R</span> <span class='ocrx_word' id='word_1_77' title='bbox 1435 309 1443 321; x_wconf 93' lang='lat'>,</span> <span class='ocrx_word' id='word_1_78' title='bbox 1464 290 1528 316; x_wconf 80' lang='lat' dir='ltr'>otis.</span> <span class='ocrx_word' id='word_1_79' title='bbox 1557 301 1592 318; x_wconf 89' lang='lat' dir='ltr'>m.</span> <span class='ocrx_word' id='word_1_80' title='bbox 1629 295 1736 322; x_wconf 87' lang='lat' dir='ltr'><em>Dicitur</em></span> <span class='ocrx_word' id='word_1_81' title='bbox 1751 294 1794 329; x_wconf 75' lang='lat' dir='ltr'>effi</span> <span class='ocrx_word' id='word_1_82' title='bbox 1806 296 1983 324; x_wconf 79' lang='lat' dir='ltr'>Tertulliani.</span> 
     </span>
    </p>

    <p class='ocr_par' dir='ltr' id='par_1_5' title="bbox 16 311 2163 617">
     <span class='ocr_line' id='line_1_6' title="bbox 16 311 2160 371; baseline 0 -9"><span class='ocrx_word' id='word_1_83' title='bbox 16 311 37 355; x_wconf 53' lang='lat' dir='ltr'>ip</span> <span class='ocrx_word' id='word_1_84' title='bbox 48 320 98 362; x_wconf 64' lang='lat' dir='ltr'>iin&#39;e</span> <span class='ocrx_word' id='word_1_85' title='bbox 110 316 243 367; x_wconf 62' lang='lat' dir='ltr'>’aspe’rgere</span> <span class='ocrx_word' id='word_1_86' title='bbox 252 331 311 357; x_wconf 89' lang='lat' dir='ltr'>Cic.</span> <span class='ocrx_word' id='word_1_87' title='bbox 328 330 360 357; x_wconf 89' lang='lat' dir='ltr'>de</span> <span class='ocrx_word' id='word_1_88' title='bbox 374 330 469 356; x_wconf 86' lang='lat' dir='ltr'>Natur.</span> <span class='ocrx_word' id='word_1_89' title='bbox 481 327 560 353; x_wconf 87' lang='lat' dir='ltr'>Deor.</span> <span class='ocrx_word' id='word_1_90' title='bbox 575 333 598 357; x_wconf 84' lang='lat'>3,</span> <span class='ocrx_word' id='word_1_91' title='bbox 613 328 641 353; x_wconf 83' lang='lat'>88</span> <span class='ocrx_word' id='word_1_92' title='bbox 662 332 684 348; x_wconf 88' lang='lat' dir='ltr'>c.</span> <span class='ocrx_word' id='word_1_93' title='bbox 698 325 738 355; x_wconf 81' lang='lat'>36.</span> <span class='ocrx_word' id='word_1_94' title='bbox 810 324 953 358; x_wconf 72' lang='lat' dir='ltr'>Aspergere</span> <span class='ocrx_word' id='word_1_95' title='bbox 975 329 1057 364; x_wconf 80' lang='lat' dir='ltr'>totam</span> <span class='ocrx_word' id='word_1_96' title='bbox 1078 327 1091 354; x_wconf 80' lang='grc' dir='ltr'><em>ς</em></span> <span class='ocrx_word' id='word_1_97' title='bbox 1150 330 1170 350; x_wconf 77' lang='grc' dir='ltr'>Α</span> <span class='ocrx_word' id='word_1_98' title='bbox 1180 330 1192 349; x_wconf 89' lang='lat' dir='ltr'>s</span> <span class='ocrx_word' id='word_1_99' title='bbox 1202 330 1216 349; x_wconf 84' lang='lat' dir='ltr'><strong>P</strong></span> <span class='ocrx_word' id='word_1_100' title='bbox 1226 330 1269 363; x_wconf 59' lang='lat' dir='ltr'>El&#39;*</span> <span class='ocrx_word' id='word_1_101' title='bbox 1279 331 1299 349; x_wconf 86' lang='lat' dir='ltr'>N</span> <span class='ocrx_word' id='word_1_102' title='bbox 1311 330 1332 350; x_wconf 86' lang='lat' dir='ltr'>A</span> <span class='ocrx_word' id='word_1_103' title='bbox 1342 330 1376 350; x_wconf 84' lang='lat'>131</span> <span class='ocrx_word' id='word_1_104' title='bbox 1390 330 1405 349; x_wconf 80' lang='lat' dir='ltr'>L</span> <span class='ocrx_word' id='word_1_105' title='bbox 1417 331 1465 357; x_wconf 68' lang='grc' dir='ltr'>ις,</span> <span class='ocrx_word' id='word_1_106' title='bbox 1488 334 1513 365; x_wconf 60' lang='lat'>‘²2</span> <span class='ocrx_word' id='word_1_107' title='bbox 1537 327 1753 367; x_wconf 62' lang='lat' dir='ltr'>[nurofoefomrds]</span> <span class='ocrx_word' id='word_1_108' title='bbox 1791 332 1858 358; x_wconf 86' lang='lat' dir='ltr'>Gell.</span> <span class='ocrx_word' id='word_1_109' title='bbox 1874 341 1911 366; x_wconf 93' lang='lat'>11,</span> <span class='ocrx_word' id='word_1_110' title='bbox 1921 342 1933 366; x_wconf 80' lang='lat'>3</span> <span class='ocrx_word' id='word_1_111' title='bbox 1957 334 2160 371; x_wconf 84' lang='lat' dir='ltr'>Nonnunquam</span> 
     </span>
     <span class='ocr_line' id='line_1_7' title="bbox 16 346 2161 405; baseline 0.005 -16"><span class='ocrx_word' id='word_1_112' title='bbox 16 346 46 399; x_wconf 50' lang='grc' dir='ltr'><em>Ξ</em></span> <span class='ocrx_word' id='word_1_113' title='bbox 65 371 115 396; x_wconf 72' lang='lat' dir='ltr'>&#39;em</span> <span class='ocrx_word' id='word_1_114' title='bbox 136 377 150 394; x_wconf 55' lang='grc' dir='ltr'>ἃ</span> <span class='ocrx_word' id='word_1_115' title='bbox 171 376 203 393; x_wconf 69' lang='lat' dir='ltr'>ua</span> <span class='ocrx_word' id='word_1_116' title='bbox 225 366 324 401; x_wconf 72' lang='lat' dir='ltr'>frigida</span> <span class='ocrx_word' id='word_1_117' title='bbox 348 364 466 392; x_wconf 86' lang='lat' dir='ltr'>Scribon.</span> <span class='ocrx_word' id='word_1_118' title='bbox 481 362 526 394; x_wconf 86' lang='lat'>46.</span> <span class='ocrx_word' id='word_1_119' title='bbox 598 359 742 393; x_wconf 82' lang='lat' dir='ltr'>Aspergere</span> <span class='ocrx_word' id='word_1_120' title='bbox 764 368 859 394; x_wconf 85' lang='lat' dir='ltr'>aquam</span> <span class='ocrx_word' id='word_1_121' title='bbox 881 361 991 390; x_wconf 64' lang='lat' dir='ltr'>ciza-itur,</span> <span class='ocrx_word' id='word_1_122' title='bbox 1014 367 1056 393; x_wconf 82' lang='lat' dir='ltr'>qm</span> <span class='ocrx_word' id='word_1_123' title='bbox 1111 358 1179 398; x_wconf 80' lang='lat' dir='ltr'>apud</span> <span class='ocrx_word' id='word_1_124' title='bbox 1194 367 1236 384; x_wconf 89' lang='lat' dir='ltr'>me</span> <span class='ocrx_word' id='word_1_125' title='bbox 1250 359 1335 393; x_wconf 81' lang='lat' dir='ltr'>ipsum</span> <span class='ocrx_word' id='word_1_126' title='bbox 1348 359 1420 385; x_wconf 89' lang='lat' dir='ltr'>soleo</span> <span class='ocrx_word' id='word_1_127' title='bbox 1434 363 1623 400; x_wconf 41' lang='lat' dir='ltr'>res-eiusmodi</span> <span class='ocrx_word' id='word_1_128' title='bbox 1642 374 1734 398; x_wconf 84' lang='lat' dir='ltr'>paruas</span> <span class='ocrx_word' id='word_1_129' title='bbox 1748 367 1856 401; x_wconf 86' lang='lat' dir='ltr'>quidem</span> <span class='ocrx_word' id='word_1_130' title='bbox 1870 370 2054 405; x_wconf 85' lang='lat' dir='ltr'>minutasque,</span> <span class='ocrx_word' id='word_1_131' title='bbox 2074 379 2099 398; x_wconf 86' lang='lat' dir='ltr'>et</span> <span class='ocrx_word' id='word_1_132' title='bbox 2114 373 2161 399; x_wconf 89' lang='lat' dir='ltr'>ho-</span> 
     </span>
     <span class='ocr_line' id='line_1_8' title="bbox 17 378 2160 442; baseline 0.008 -25"><span class='ocrx_word' id='word_1_133' title='bbox 17 380 88 434; x_wconf 33' lang='lat' dir='ltr'>qugi&#39;o</span> <span class='ocrx_word' id='word_1_134' title='bbox 124 378 219 430; x_wconf 70' lang='lat' dir='ltr'>uoqiam</span> <span class='ocrx_word' id='word_1_135' title='bbox 238 401 377 429; x_wconf 51' lang='lat' dir='ltr'>reddiderit</span> <span class='ocrx_word' id='word_1_136' title='bbox 393 402 511 427; x_wconf 69' lang='lat' dir='ltr'>animans,</span> <span class='ocrx_word' id='word_1_137' title='bbox 532 404 562 421; x_wconf 86' lang='lat' dir='ltr'>ac</span> <span class='ocrx_word' id='word_1_138' title='bbox 579 402 667 420; x_wconf 77' lang='lat' dir='ltr'>merum</span> <span class='ocrx_word' id='word_1_139' title='bbox 686 394 820 427; x_wconf 75' lang='lat' dir='ltr'><strong><em>ademerit,</em></strong></span> <span class='ocrx_word' id='word_1_140' title='bbox 834 395 943 431; x_wconf 80' lang='lat' dir='ltr'>Jiuntum</span> <span class='ocrx_word' id='word_1_141' title='bbox 961 395 990 433; x_wconf 59' lang='grc' dir='ltr'><em>αᾷ</em></span> <span class='ocrx_word' id='word_1_142' title='bbox 1006 396 1056 425; x_wconf 80' lang='lat' dir='ltr'>iis,</span> <span class='ocrx_word' id='word_1_143' title='bbox 1111 394 1230 434; x_wconf 74' lang='lat' dir='ltr'>minibus</span> <span class='ocrx_word' id='word_1_144' title='bbox 1244 403 1298 420; x_wconf 90' lang='lat' dir='ltr'>non</span> <span class='ocrx_word' id='word_1_145' title='bbox 1313 394 1379 421; x_wconf 91' lang='lat' dir='ltr'>bene</span> <span class='ocrx_word' id='word_1_146' title='bbox 1394 396 1506 422; x_wconf 82' lang='lat' dir='ltr'>eruditis</span> <span class='ocrx_word' id='word_1_147' title='bbox 1521 398 1705 432; x_wconf 77' lang='lat' dir='ltr'>aspernabiles.</span> <span class='ocrx_word' id='word_1_148' title='bbox 1740 403 1859 439; x_wconf 51' lang='lat' dir='ltr'>Addao,</span> <span class='ocrx_word' id='word_1_149' title='bbox 1869 414 1886 431; x_wconf 92' lang='lat'>1.</span> <span class='ocrx_word' id='word_1_150' title='bbox 1922 405 2024 434; x_wconf 86' lang='lat' dir='ltr'>Arnob.</span> <span class='ocrx_word' id='word_1_151' title='bbox 2040 409 2057 433; x_wconf 90' lang='lat'><strong>6</strong></span> <span class='ocrx_word' id='word_1_152' title='bbox 2071 416 2095 442; x_wconf 90' lang='lat' dir='ltr'>p.</span> <span class='ocrx_word' id='word_1_153' title='bbox 2104 417 2160 441; x_wconf 83' lang='lat'>203.</span> 
     </span>
     <span class='ocr_line' id='line_1_9' title="bbox 17 411 2160 479; baseline 0.014 -39"><span class='ocrx_word' id='word_1_154' title='bbox 17 414 20 470; x_wconf 36' lang='grc' dir='ltr'>ἵ</span> <span class='ocrx_word' id='word_1_155' title='bbox 37 417 62 468; x_wconf 39' lang='lat'>&#39;¹⁴¹⁴</span> <span class='ocrx_word' id='word_1_156' title='bbox 79 411 176 466; x_wconf 49' lang='lat' dir='ltr'>inthiii</span> <span class='ocrx_word' id='word_1_157' title='bbox 194 441 232 465; x_wconf 83' lang='lat' dir='ltr'>uio</span> <span class='ocrx_word' id='word_1_158' title='bbox 268 447 339 474; x_wconf 69' lang='lat' dir='ltr'>quam</span> <span class='ocrx_word' id='word_1_159' title='bbox 359 436 447 462; x_wconf 72' lang='lat' dir='ltr'>Graeci</span> <span class='ocrx_word' id='word_1_160' title='bbox 463 430 625 462; x_wconf 62' lang='grc' dir='ltr'>λειποθυμίαν</span> <span class='ocrx_word' id='word_1_161' title='bbox 643 430 781 465; x_wconf 71' lang='lat' dir='ltr'>appellant,</span> <span class='ocrx_word' id='word_1_162' title='bbox 801 431 900 467; x_wconf 68' lang='lat' dir='ltr'>aspersit</span> <span class='ocrx_word' id='word_1_163' title='bbox 919 433 945 456; x_wconf 79' lang='lat' dir='ltr'>in</span> <span class='ocrx_word' id='word_1_164' title='bbox 966 431 1056 469; x_wconf 61' lang='lat' dir='ltr'>saa-{eni</span> <span class='ocrx_word' id='word_1_165' title='bbox 1111 430 1185 470; x_wconf 53' lang='lat' dir='ltr'>Con-s.</span> <span class='ocrx_word' id='word_1_166' title='bbox 1200 430 1260 456; x_wconf 87' lang='lat' dir='ltr'>Ace.</span> <span class='ocrx_word' id='word_1_167' title='bbox 1276 437 1316 465; x_wconf 77' lang='lat' dir='ltr'>ap.</span> <span class='ocrx_word' id='word_1_168' title='bbox 1331 431 1404 457; x_wconf 88' lang='lat' dir='ltr'>Non.</span> <span class='ocrx_word' id='word_1_169' title='bbox 1418 437 1526 471; x_wconf 35' lang='grc'><strong>2,.854.</strong></span> <span class='ocrx_word' id='word_1_170' title='bbox 1583 434 1698 468; x_wconf 80' lang='lat' dir='ltr'>Capitol.</span> <span class='ocrx_word' id='word_1_171' title='bbox 1712 437 1782 464; x_wconf 80' lang='lat' dir='ltr'>Max.</span> <span class='ocrx_word' id='word_1_172' title='bbox 1797 445 1822 465; x_wconf 89' lang='lat' dir='ltr'>et</span> <span class='ocrx_word' id='word_1_173' title='bbox 1836 440 1908 467; x_wconf 88' lang='lat' dir='ltr'>Balb.</span> <span class='ocrx_word' id='word_1_174' title='bbox 1928 451 1950 468; x_wconf 87' lang='lat' dir='ltr'>c.</span> <span class='ocrx_word' id='word_1_175' title='bbox 1964 444 1989 468; x_wconf 90' lang='lat'>6.</span> <span class='ocrx_word' id='word_1_176' title='bbox 2046 444 2160 479; x_wconf 78' lang='lat' dir='ltr'><em>Compar.</em></span> 
     </span>
     <span class='ocr_line' id='line_1_10' title="bbox 18 448 1957 514; baseline 0.006 -28"><span class='ocrx_word' id='word_1_177' title='bbox 18 452 36 486; x_wconf 42' lang='lat'>1¹1</span> <span class='ocrx_word' id='word_1_178' title='bbox 54 485 83 503; x_wconf 67' lang='lat' dir='ltr'>ua</span> <span class='ocrx_word' id='word_1_179' title='bbox 122 474 156 501; x_wconf 68' lang='lat' dir='ltr'>ad</span> <span class='ocrx_word' id='word_1_180' title='bbox 168 448 212 511; x_wconf 57' lang='lat' dir='ltr'>jiu-</span> <span class='ocrx_word' id='word_1_181' title='bbox 226 458 323 514; x_wconf 42' lang='grc' dir='ltr'>βψω</span> <span class='ocrx_word' id='word_1_182' title='bbox 342 475 494 498; x_wconf 59' lang='lat' dir='ltr'>reum-amur,</span> <span class='ocrx_word' id='word_1_183' title='bbox 553 465 636 492; x_wconf 65' lang='lat' dir='ltr'>Pham,</span> <span class='ocrx_word' id='word_1_184' title='bbox 656 467 743 493; x_wconf 75' lang='lat' dir='ltr'>Truc,</span> <span class='ocrx_word' id='word_1_185' title='bbox 765 476 796 499; x_wconf 76' lang='lat'>2,</span> <span class='ocrx_word' id='word_1_186' title='bbox 818 476 851 500; x_wconf 83' lang='lat'>4,</span> <span class='ocrx_word' id='word_1_187' title='bbox 872 475 896 499; x_wconf 68' lang='grc' dir='ltr'>ις</span> <span class='ocrx_word' id='word_1_188' title='bbox 924 464 1058 499; x_wconf 78' lang='lat' dir='ltr'>Aspernsti</span> <span class='ocrx_word' id='word_1_189' title='bbox 1112 465 1186 498; x_wconf 84' lang='lat' dir='ltr'>Qud</span> <span class='ocrx_word' id='word_1_190' title='bbox 1200 465 1313 492; x_wconf 84' lang='lat' dir='ltr'>stercore</span> <span class='ocrx_word' id='word_1_191' title='bbox 1328 467 1518 501; x_wconf 84' lang='lat' dir='ltr'>aspernabihus</span> <span class='ocrx_word' id='word_1_192' title='bbox 1529 469 1669 508; x_wconf 30' lang='lat' dir='ltr'>*Augustim</span> <span class='ocrx_word' id='word_1_193' title='bbox 1686 471 1718 496; x_wconf 92' lang='lat' dir='ltr'>de</span> <span class='ocrx_word' id='word_1_194' title='bbox 1733 474 1802 499; x_wconf 88' lang='lat' dir='ltr'>Mor.</span> <span class='ocrx_word' id='word_1_195' title='bbox 1815 476 1886 502; x_wconf 54' lang='lat' dir='ltr'>Man,</span> <span class='ocrx_word' id='word_1_196' title='bbox 1900 485 1922 509; x_wconf 68' lang='lat'>2,</span> <span class='ocrx_word' id='word_1_197' title='bbox 1936 482 1957 507; x_wconf 77' lang='lat'>8,</span> 
     </span>
     <span class='ocr_line' id='line_1_11' title="bbox 17 486 2163 551; baseline 0.007 -25"><span class='ocrx_word' id='word_1_198' title='bbox 17 486 114 538; x_wconf 51' lang='lat' dir='ltr'>laquafn</span> <span class='ocrx_word' id='word_1_199' title='bbox 153 511 205 537; x_wconf 63' lang='lat' dir='ltr'>jam</span> <span class='ocrx_word' id='word_1_200' title='bbox 220 509 300 536; x_wconf 58' lang='lat' dir='ltr'>„edm</span> <span class='ocrx_word' id='word_1_201' title='bbox 312 507 420 534; x_wconf 70' lang='lat' dir='ltr'>animus.</span> <span class='ocrx_word' id='word_1_202' title='bbox 454 501 528 537; x_wconf 73' lang='lat' dir='ltr'>Qtod</span> <span class='ocrx_word' id='word_1_203' title='bbox 540 501 654 528; x_wconf 84' lang='lat' dir='ltr'>Terent.</span> <span class='ocrx_word' id='word_1_204' title='bbox 669 502 751 529; x_wconf 84' lang='lat' dir='ltr'>Andr.</span> <span class='ocrx_word' id='word_1_205' title='bbox 766 511 791 535; x_wconf 91' lang='lat'>2,</span> <span class='ocrx_word' id='word_1_206' title='bbox 809 512 835 534; x_wconf 91' lang='lat'>1,</span> <span class='ocrx_word' id='word_1_207' title='bbox 850 510 886 534; x_wconf 75' lang='lat'>35,</span> <span class='ocrx_word' id='word_1_208' title='bbox 898 501 1058 540; x_wconf 61' lang='lat' dir='ltr'>simpliciter,</span> <span class='ocrx_word' id='word_1_209' title='bbox 1072 511 1099 528; x_wconf 90' lang='lat'>10</span> <span class='ocrx_word' id='word_1_210' title='bbox 1148 508 1168 527; x_wconf 82' lang='grc' dir='ltr'>Α</span> <span class='ocrx_word' id='word_1_211' title='bbox 1179 508 1191 527; x_wconf 86' lang='lat' dir='ltr'><strong>S</strong></span> <span class='ocrx_word' id='word_1_212' title='bbox 1202 509 1216 527; x_wconf 89' lang='lat' dir='ltr'>P</span> <span class='ocrx_word' id='word_1_213' title='bbox 1226 508 1242 528; x_wconf 81' lang='grc' dir='ltr'><strong><em>Ε</em></strong></span> <span class='ocrx_word' id='word_1_214' title='bbox 1251 509 1269 527; x_wconf 76' lang='lat' dir='ltr'>R</span> <span class='ocrx_word' id='word_1_215' title='bbox 1280 509 1303 527; x_wconf 85' lang='lat' dir='ltr'>N</span> <span class='ocrx_word' id='word_1_216' title='bbox 1313 509 1335 528; x_wconf 85' lang='grc' dir='ltr'>Α</span> <span class='ocrx_word' id='word_1_217' title='bbox 1346 509 1368 529; x_wconf 87' lang='grc' dir='ltr'>Τ</span> <span class='ocrx_word' id='word_1_218' title='bbox 1379 510 1398 529; x_wconf 89' lang='lat' dir='ltr'>v</span> <span class='ocrx_word' id='word_1_219' title='bbox 1407 510 1428 529; x_wconf 85' lang='lat' dir='ltr'>s.</span> <span class='ocrx_word' id='word_1_220' title='bbox 1466 504 1560 530; x_wconf 84' lang='lat' dir='ltr'>Parttc.</span> <span class='ocrx_word' id='word_1_221' title='bbox 1598 506 1849 544; x_wconf 69' lang='grc' dir='ltr'>[καταπεφρονηκώς]</span> <span class='ocrx_word' id='word_1_222' title='bbox 1896 513 1994 549; x_wconf 77' lang='lat' dir='ltr'>Virgil.</span> <span class='ocrx_word' id='word_1_223' title='bbox 2014 514 2112 551; x_wconf 84' lang='lat' dir='ltr'>Georg.</span> <span class='ocrx_word' id='word_1_224' title='bbox 2133 525 2145 549; x_wconf 81' lang='lat'>3</span> <span class='ocrx_word' id='word_1_225' title='bbox 2154 536 2163 550; x_wconf 92' lang='lat'>,</span> 
     </span>
     <span class='ocr_line' id='line_1_12' title="bbox 23 522 2163 586; baseline 0.004 -16"><span class='ocrx_word' id='word_1_226' title='bbox 23 522 167 576; x_wconf 39' lang='lat' dir='ltr'>{addidisti</span> <span class='ocrx_word' id='word_1_227' title='bbox 182 546 308 572; x_wconf 86' lang='lat' dir='ltr'>animum.</span> <span class='ocrx_word' id='word_1_228' title='bbox 359 541 501 574; x_wconf 69' lang='lat' dir='ltr'>Asper-gere</span> <span class='ocrx_word' id='word_1_229' title='bbox 519 537 672 564; x_wconf 80' lang='lat' dir='ltr'>minutatim</span> <span class='ocrx_word' id='word_1_230' title='bbox 687 549 692 564; x_wconf 70' lang='grc' dir='ltr'><strong>ι</strong></span> <span class='ocrx_word' id='word_1_231' title='bbox 713 539 784 564; x_wconf 86' lang='lat' dir='ltr'>Haec</span> <span class='ocrx_word' id='word_1_232' title='bbox 797 547 857 564; x_wconf 87' lang='lat' dir='ltr'>cum</span> <span class='ocrx_word' id='word_1_233' title='bbox 872 537 938 563; x_wconf 83' lang='lat' dir='ltr'>aceti</span> <span class='ocrx_word' id='word_1_234' title='bbox 952 536 1058 561; x_wconf 78' lang='lat' dir='ltr'>hemina</span> <span class='ocrx_word' id='word_1_235' title='bbox 1112 545 1157 569; x_wconf 82' lang='lat'>393</span> <span class='ocrx_word' id='word_1_236' title='bbox 1180 538 1209 563; x_wconf 84' lang='lat' dir='ltr'>In</span> <span class='ocrx_word' id='word_1_237' title='bbox 1224 546 1335 564; x_wconf 90' lang='lat' dir='ltr'>nemora</span> <span class='ocrx_word' id='word_1_238' title='bbox 1347 538 1400 578; x_wconf 82' lang='lat' dir='ltr'>alta</span> <span class='ocrx_word' id='word_1_239' title='bbox 1414 547 1525 571; x_wconf 85' lang='lat' dir='ltr'>vocans,</span> <span class='ocrx_word' id='word_1_240' title='bbox 1537 548 1584 566; x_wconf 85' lang='lat' dir='ltr'>nec</span> <span class='ocrx_word' id='word_1_241' title='bbox 1598 546 1627 566; x_wconf 88' lang='lat' dir='ltr'>tu</span> <span class='ocrx_word' id='word_1_242' title='bbox 1640 542 1774 575; x_wconf 87' lang='lat' dir='ltr'>aspernata</span> <span class='ocrx_word' id='word_1_243' title='bbox 1787 553 1933 575; x_wconf 84' lang='lat' dir='ltr'>vocantem.</span> <span class='ocrx_word' id='word_1_244' title='bbox 1970 551 2049 576; x_wconf 83' lang='lat' dir='ltr'>Haud</span> <span class='ocrx_word' id='word_1_245' title='bbox 2061 552 2163 586; x_wconf 87' lang='lat' dir='ltr'>adsper-</span> 
     </span>
     <span class='ocr_line' id='line_1_13' title="bbox 22 573 2163 617; baseline -0 -6"><span class='ocrx_word' id='word_1_246' title='bbox 22 590 106 611; x_wconf 85' lang='lat' dir='ltr'>terere</span> <span class='ocrx_word' id='word_1_247' title='bbox 120 587 242 617; x_wconf 78' lang='lat' dir='ltr'>oportet,</span> <span class='ocrx_word' id='word_1_248' title='bbox 259 584 285 606; x_wconf 89' lang='lat' dir='ltr'>et</span> <span class='ocrx_word' id='word_1_249' title='bbox 299 575 448 604; x_wconf 80' lang='lat' dir='ltr'>minutatim</span> <span class='ocrx_word' id='word_1_250' title='bbox 462 574 607 608; x_wconf 81' lang='lat' dir='ltr'><strong>aspergere,</strong></span> <span class='ocrx_word' id='word_1_251' title='bbox 627 582 659 599; x_wconf 85' lang='lat' dir='ltr'>ne</span> <span class='ocrx_word' id='word_1_252' title='bbox 672 573 822 600; x_wconf 83' lang='lat' dir='ltr'>efferuescat</span> <span class='ocrx_word' id='word_1_253' title='bbox 836 573 1059 599; x_wconf 76' lang='lat' dir='ltr'>medicamentum</span> <span class='ocrx_word' id='word_1_254' title='bbox 1113 579 1189 598; x_wconf 87' lang='lat' dir='ltr'>natus</span> <span class='ocrx_word' id='word_1_255' title='bbox 1203 573 1305 599; x_wconf 85' lang='lat' dir='ltr'>Tullus</span> <span class='ocrx_word' id='word_1_256' title='bbox 1322 574 1382 600; x_wconf 89' lang='lat' dir='ltr'>Liu.</span> <span class='ocrx_word' id='word_1_257' title='bbox 1397 583 1422 607; x_wconf 85' lang='lat'>1,</span> <span class='ocrx_word' id='word_1_258' title='bbox 1438 583 1473 606; x_wconf 84' lang='lat'>23.</span> <span class='ocrx_word' id='word_1_259' title='bbox 1524 576 1642 610; x_wconf 80' lang='lat' dir='ltr'>Propert.</span> <span class='ocrx_word' id='word_1_260' title='bbox 1659 585 1690 609; x_wconf 81' lang='lat'>2,</span> <span class='ocrx_word' id='word_1_261' title='bbox 1706 586 1750 610; x_wconf 88' lang='lat'>10,</span> <span class='ocrx_word' id='word_1_262' title='bbox 1764 588 1794 611; x_wconf 86' lang='lat'>41</span> <span class='ocrx_word' id='word_1_263' title='bbox 1821 581 1922 609; x_wconf 78' lang='lat' dir='ltr'>Interea</span> <span class='ocrx_word' id='word_1_264' title='bbox 1938 593 1999 611; x_wconf 89' lang='lat' dir='ltr'>caue</span> <span class='ocrx_word' id='word_1_265' title='bbox 2014 587 2044 613; x_wconf 82' lang='lat' dir='ltr'>lis</span> <span class='ocrx_word' id='word_1_266' title='bbox 2059 597 2106 614; x_wconf 86' lang='lat' dir='ltr'>nos</span> <span class='ocrx_word' id='word_1_267' title='bbox 2120 587 2163 616; x_wconf 81' lang='lat' dir='ltr'>ad.</span> 
     </span>
    </p>
   </div>
   <div class='ocr_carea' id='block_1_3' title="bbox 39 606 2164 656">
    <p class='ocr_par' dir='ltr' id='par_1_6' title="bbox 39 606 2164 656">
     <span class='ocr_line' id='line_1_14' title="bbox 39 606 2164 656; baseline 0.011 -29"><span class='ocrx_word' id='word_1_268' title='bbox 39 617 141 646; x_wconf 37' lang='lat' dir='ltr'><strong>cribon‘</strong></span> <span class='ocrx_word' id='word_1_269' title='bbox 155 625 215 652; x_wconf 86' lang='lat'>207.</span> <span class='ocrx_word' id='word_1_270' title='bbox 235 619 252 641; x_wconf 89' lang='lat' dir='ltr'>i.</span> <span class='ocrx_word' id='word_1_271' title='bbox 266 613 378 641; x_wconf 48' lang='lat' dir='ltr'><em>adiscere„</em></span> <span class='ocrx_word' id='word_1_272' title='bbox 439 609 575 644; x_wconf 65' lang='lat' dir='ltr'>‘Aspergi5</span> <span class='ocrx_word' id='word_1_273' title='bbox 595 609 701 646; x_wconf 66' lang='lat' dir='ltr'>absolute</span> <span class='ocrx_word' id='word_1_274' title='bbox 721 610 790 636; x_wconf 78' lang='lat' dir='ltr'>lbid.</span> <span class='ocrx_word' id='word_1_275' title='bbox 806 617 858 644; x_wconf 83' lang='lat'>173,</span> <span class='ocrx_word' id='word_1_276' title='bbox 873 610 931 641; x_wconf 84' lang='lat'>267,</span> <span class='ocrx_word' id='word_1_277' title='bbox 949 613 995 642; x_wconf 83' lang='lat' dir='ltr'>pro</span> <span class='ocrx_word' id='word_1_278' title='bbox 1015 606 1060 632; x_wconf 75' lang='lat' dir='ltr'>ml-</span> <span class='ocrx_word' id='word_1_279' title='bbox 1114 609 1232 642; x_wconf 86' lang='lat' dir='ltr'>spernata</span> <span class='ocrx_word' id='word_1_280' title='bbox 1251 608 1375 643; x_wconf 87' lang='lat' dir='ltr'>sepultos.</span> <span class='ocrx_word' id='word_1_281' title='bbox 1430 609 1496 643; x_wconf 78' lang='lat' dir='ltr'>Paffi</span> <span class='ocrx_word' id='word_1_282' title='bbox 1528 611 1700 645; x_wconf 77' lang='lat' dir='ltr'>Aspen-natam</span> <span class='ocrx_word' id='word_1_283' title='bbox 1721 614 1801 640; x_wconf 89' lang='lat' dir='ltr'>sumit</span> <span class='ocrx_word' id='word_1_284' title='bbox 1821 622 1900 651; x_wconf 89' lang='lat' dir='ltr'>atque</span> <span class='ocrx_word' id='word_1_285' title='bbox 1920 619 2006 647; x_wconf 81' lang='lat' dir='ltr'>ebibit</span> <span class='ocrx_word' id='word_1_286' title='bbox 2025 624 2164 656; x_wconf 88' lang='lat' dir='ltr'>potionem</span> 
     </span>
    </p>
   </div>
   <div class='ocr_carea' id='block_1_4' title="bbox 12 643 2167 834">
    <p class='ocr_par' dir='ltr' id='par_1_7' title="bbox 14 643 2167 688">
     <span class='ocr_line' id='line_1_15' title="bbox 14 643 2167 688; baseline 0.01 -24"><span class='ocrx_word' id='word_1_287' title='bbox 14 657 66 681; x_wconf 57' lang='lat' dir='ltr'>w&#39;ici</span> <span class='ocrx_word' id='word_1_288' title='bbox 130 653 266 688; x_wconf 44' lang='grc' dir='ltr'><strong>Αἷμα-ΗΠ,</strong></span> <span class='ocrx_word' id='word_1_289' title='bbox 279 645 435 676; x_wconf 68' lang='lat' dir='ltr'>carbonibus</span> <span class='ocrx_word' id='word_1_290' title='bbox 449 646 536 672; x_wconf 64' lang='lat' dir='ltr'>seme„</span> <span class='ocrx_word' id='word_1_291' title='bbox 549 654 590 678; x_wconf 67' lang='lat'>54,</span> <span class='ocrx_word' id='word_1_292' title='bbox 634 645 814 680; x_wconf 64' lang='lat' dir='ltr'><em>Add‚75‚207</em></span> <span class='ocrx_word' id='word_1_293' title='bbox 828 645 969 678; x_wconf 72' lang='lat' dir='ltr'>Aspergere</span> <span class='ocrx_word' id='word_1_294' title='bbox 984 643 1060 677; x_wconf 89' lang='lat' dir='ltr'>super</span> <span class='ocrx_word' id='word_1_295' title='bbox 1116 644 1216 684; x_wconf 77' lang='lat' dir='ltr'>Arnob.</span> <span class='ocrx_word' id='word_1_296' title='bbox 1236 653 1248 677; x_wconf 75' lang='grc' dir='ltr'><strong><em>ς</em></strong></span> <span class='ocrx_word' id='word_1_297' title='bbox 1270 654 1295 680; x_wconf 87' lang='lat' dir='ltr'>p.</span> <span class='ocrx_word' id='word_1_298' title='bbox 1309 653 1362 680; x_wconf 79' lang='lat'>¹75·</span> <span class='ocrx_word' id='word_1_299' title='bbox 1435 646 1535 673; x_wconf 84' lang='lat' dir='ltr'>Aeneas</span> <span class='ocrx_word' id='word_1_300' title='bbox 1555 648 1693 681; x_wconf 88' lang='lat' dir='ltr'>aspernato</span> <span class='ocrx_word' id='word_1_301' title='bbox 1712 651 1856 677; x_wconf 84' lang='lat' dir='ltr'>certamine</span> <span class='ocrx_word' id='word_1_302' title='bbox 1876 654 1946 680; x_wconf 91' lang='lat' dir='ltr'>intra</span> <span class='ocrx_word' id='word_1_303' title='bbox 1969 665 2058 684; x_wconf 86' lang='lat' dir='ltr'>muros</span> <span class='ocrx_word' id='word_1_304' title='bbox 2078 666 2167 687; x_wconf 85' lang='lat' dir='ltr'>manet</span> 
     </span>
    </p>

    <p class='ocr_par' dir='ltr' id='par_1_8' title="bbox 14 674 1782 723">
     <span class='ocr_line' id='line_1_16' title="bbox 14 674 1782 723; baseline 0.006 -16"><span class='ocrx_word' id='word_1_305' title='bbox 14 698 16 700; x_wconf 75' lang='lat'>,</span> <span class='ocrx_word' id='word_1_306' title='bbox 41 674 98 717; x_wconf 53' lang='grc' dir='ltr'>σὴ,</span> <span class='ocrx_word' id='word_1_307' title='bbox 120 696 165 723; x_wconf 73' lang='lat'>47,</span> <span class='ocrx_word' id='word_1_308' title='bbox 219 687 358 720; x_wconf 73' lang='lat' dir='ltr'>Aspergere</span> <span class='ocrx_word' id='word_1_309' title='bbox 374 682 452 708; x_wconf 79' lang='lat' dir='ltr'>salem</span> <span class='ocrx_word' id='word_1_310' title='bbox 467 681 590 707; x_wconf 77' lang='lat' dir='ltr'>carnibus</span> <span class='ocrx_word' id='word_1_311' title='bbox 604 681 703 714; x_wconf 81' lang='lat' dir='ltr'>Plin.8‚</span> <span class='ocrx_word' id='word_1_312' title='bbox 717 687 753 713; x_wconf 77' lang='lat'>38.</span> <span class='ocrx_word' id='word_1_313' title='bbox 788 683 834 712; x_wconf 74' lang='lat' dir='ltr'>Et,</span> <span class='ocrx_word' id='word_1_314' title='bbox 850 680 993 713; x_wconf 74' lang='lat' dir='ltr'>Aspergere</span> <span class='ocrx_word' id='word_1_315' title='bbox 1009 678 1059 704; x_wconf 77' lang='lat' dir='ltr'>sale</span> <span class='ocrx_word' id='word_1_316' title='bbox 1076 687 1099 711; x_wconf 79' lang='lat'>¹5</span> <span class='ocrx_word' id='word_1_317' title='bbox 1112 680 1182 706; x_wconf 64' lang='lat' dir='ltr'>Dl&amp;</span> <span class='ocrx_word' id='word_1_318' title='bbox 1204 689 1230 713; x_wconf 83' lang='lat'>4-</span> <span class='ocrx_word' id='word_1_319' title='bbox 1554 717 1558 722; x_wconf 75' lang='grc'><strong>,</strong></span> <span class='ocrx_word' id='word_1_320' title='bbox 1649 719 1654 723; x_wconf 76' lang='grc'><strong>,</strong></span> <span class='ocrx_word' id='word_1_321' title='bbox 1778 686 1782 690; x_wconf 74' lang='grc'><strong>”</strong></span> 
     </span>
    </p>

    <p class='ocr_par' dir='ltr' id='par_1_9' title="bbox 12 709 2166 794">
     <span class='ocr_line' id='line_1_17' title="bbox 12 709 2166 764; baseline 0.002 -14"><span class='ocrx_word' id='word_1_322' title='bbox 12 709 110 753; x_wconf 57' lang='lat' dir='ltr'>ywarne}</span> <span class='ocrx_word' id='word_1_323' title='bbox 124 725 195 751; x_wconf 80' lang='lat' dir='ltr'>Idem</span> <span class='ocrx_word' id='word_1_324' title='bbox 208 729 233 754; x_wconf 74' lang='grc' dir='ltr'>ι,-</span> <span class='ocrx_word' id='word_1_325' title='bbox 253 722 278 746; x_wconf 83' lang='grc'>6.</span> <span class='ocrx_word' id='word_1_326' title='bbox 349 718 458 745; x_wconf 89' lang='lat' dir='ltr'>Minuto</span> <span class='ocrx_word' id='word_1_327' title='bbox 473 724 498 743; x_wconf 89' lang='lat' dir='ltr'>et</span> <span class='ocrx_word' id='word_1_328' title='bbox 513 718 578 744; x_wconf 86' lang='lat' dir='ltr'>trito</span> <span class='ocrx_word' id='word_1_329' title='bbox 593 717 644 743; x_wconf 85' lang='lat' dir='ltr'>sale</span> <span class='ocrx_word' id='word_1_330' title='bbox 658 726 763 744; x_wconf 79' lang='lat' dir='ltr'>carnem</span> <span class='ocrx_word' id='word_1_331' title='bbox 781 717 915 750; x_wconf 81' lang='lat' dir='ltr'>aspergere</span> <span class='ocrx_word' id='word_1_332' title='bbox 928 714 1060 754; x_wconf 56' lang='lat' dir='ltr'>(Jolumcl.</span> <span class='ocrx_word' id='word_1_333' title='bbox 1152 723 1173 742; x_wconf 79' lang='lat' dir='ltr'>A</span> <span class='ocrx_word' id='word_1_334' title='bbox 1183 723 1195 742; x_wconf 82' lang='lat' dir='ltr'>s</span> <span class='ocrx_word' id='word_1_335' title='bbox 1205 723 1220 756; x_wconf 61' lang='grc' dir='ltr'>ιζ</span> <span class='ocrx_word' id='word_1_336' title='bbox 1230 723 1245 742; x_wconf 82' lang='lat' dir='ltr'>E</span> <span class='ocrx_word' id='word_1_337' title='bbox 1255 722 1335 756; x_wconf 64' lang='lat' dir='ltr'>RNA</span> <span class='ocrx_word' id='word_1_338' title='bbox 1345 723 1367 742; x_wconf 90' lang='lat' dir='ltr'>N</span> <span class='ocrx_word' id='word_1_339' title='bbox 1377 722 1395 742; x_wconf 91' lang='lat' dir='ltr'>D</span> <span class='ocrx_word' id='word_1_340' title='bbox 1405 723 1458 743; x_wconf 88' lang='lat' dir='ltr'>vs.</span> <span class='ocrx_word' id='word_1_341' title='bbox 1491 717 1583 744; x_wconf 78' lang='lat' dir='ltr'>Partic.</span> <span class='ocrx_word' id='word_1_342' title='bbox 1623 719 1678 745; x_wconf 80' lang='lat' dir='ltr'>Cic.</span> <span class='ocrx_word' id='word_1_343' title='bbox 1696 720 1768 747; x_wconf 84' lang='lat' dir='ltr'>Fam.</span> <span class='ocrx_word' id='word_1_344' title='bbox 1784 728 1818 754; x_wconf 77' lang='grc' dir='ltr'>ις,</span> <span class='ocrx_word' id='word_1_345' title='bbox 1833 724 1850 748; x_wconf 87' lang='grc'><em>6</em></span> <span class='ocrx_word' id='word_1_346' title='bbox 1868 724 1943 756; x_wconf 79' lang='lat' dir='ltr'>Quae</span> <span class='ocrx_word' id='word_1_347' title='bbox 1958 727 2057 754; x_wconf 77' lang='lat' dir='ltr'>etiamsi</span> <span class='ocrx_word' id='word_1_348' title='bbox 2072 739 2166 764; x_wconf 79' lang='lat' dir='ltr'>parum</span> 
     </span>
     <span class='ocr_line' id='line_1_18' title="bbox 37 740 2166 794; baseline 0.007 -16"><span class='ocrx_word' id='word_1_349' title='bbox 37 769 52 788; x_wconf 72' lang='lat'>2</span> <span class='ocrx_word' id='word_1_350' title='bbox 233 740 240 753; x_wconf 55' lang='lat'><strong>³</strong></span> <span class='ocrx_word' id='word_1_351' title='bbox 291 750 313 790; x_wconf 56' lang='lat' dir='ltr'><strong>ff</strong></span> <span class='ocrx_word' id='word_1_352' title='bbox 340 762 356 780; x_wconf 86' lang='lat'><em>2</em></span> <span class='ocrx_word' id='word_1_353' title='bbox 388 753 553 789; x_wconf 72' lang='lat' dir='ltr'>Memphoras</span> <span class='ocrx_word' id='word_1_354' title='bbox 590 757 642 779; x_wconf 69' lang='lat' dir='ltr'>arii</span> <span class='ocrx_word' id='word_1_355' title='bbox 662 757 758 780; x_wconf 72' lang='lat' dir='ltr'>uariat.</span> <span class='ocrx_word' id='word_1_356' title='bbox 810 752 839 777; x_wconf 74' lang='lat' dir='ltr'>V.</span> <span class='ocrx_word' id='word_1_357' title='bbox 857 760 882 786; x_wconf 75' lang='lat' dir='ltr'>g.</span> <span class='ocrx_word' id='word_1_358' title='bbox 913 751 969 776; x_wconf 82' lang='lat' dir='ltr'>Cic.</span> <span class='ocrx_word' id='word_1_359' title='bbox 987 752 1059 777; x_wconf 64' lang='lat' dir='ltr'>bam.</span> <span class='ocrx_word' id='word_1_360' title='bbox 1116 752 1183 778; x_wconf 85' lang='lat' dir='ltr'>iusta</span> <span class='ocrx_word' id='word_1_361' title='bbox 1196 751 1249 778; x_wconf 79' lang='lat' dir='ltr'>nbi</span> <span class='ocrx_word' id='word_1_362' title='bbox 1264 752 1319 778; x_wconf 85' lang='lat' dir='ltr'>visa</span> <span class='ocrx_word' id='word_1_363' title='bbox 1331 751 1384 785; x_wconf 84' lang='lat' dir='ltr'>est,</span> <span class='ocrx_word' id='word_1_364' title='bbox 1406 751 1472 778; x_wconf 89' lang='lat' dir='ltr'>hanc</span> <span class='ocrx_word' id='word_1_365' title='bbox 1487 758 1574 780; x_wconf 89' lang='lat' dir='ltr'>tamen</span> <span class='ocrx_word' id='word_1_366' title='bbox 1593 753 1672 781; x_wconf 87' lang='lat' dir='ltr'>habet</span> <span class='ocrx_word' id='word_1_367' title='bbox 1683 756 1832 790; x_wconf 87' lang='lat' dir='ltr'>rationem,</span> <span class='ocrx_word' id='word_1_368' title='bbox 1850 765 1878 785; x_wconf 91' lang='lat' dir='ltr'>vt</span> <span class='ocrx_word' id='word_1_369' title='bbox 1896 769 1950 787; x_wconf 91' lang='lat' dir='ltr'>non</span> <span class='ocrx_word' id='word_1_370' title='bbox 1972 763 2052 790; x_wconf 78' lang='lat' dir='ltr'>nimis</span> <span class='ocrx_word' id='word_1_371' title='bbox 2072 775 2166 794; x_wconf 86' lang='lat' dir='ltr'>concu-</span> 
     </span>
    </p>

    <p class='ocr_par' dir='ltr' id='par_1_10' title="bbox 12 767 2166 834">
     <span class='ocr_line' id='line_1_19' title="bbox 15 767 2166 834; baseline 0.006 -21.981"><span class='ocrx_word' id='word_1_372' title='bbox 15 773 19 808; x_wconf 47' lang='grc' dir='ltr'><strong><em>ἶ</em></strong></span> <span class='ocrx_word' id='word_1_373' title='bbox 45 767 209 828; x_wconf 58' lang='grc' dir='ltr'>,’6ς3ὲοήςηι</span> <span class='ocrx_word' id='word_1_374' title='bbox 221 790 296 816; x_wconf 86' lang='lat' dir='ltr'>fonte</span> <span class='ocrx_word' id='word_1_375' title='bbox 310 790 335 817; x_wconf 85' lang='lat' dir='ltr'>se</span> <span class='ocrx_word' id='word_1_376' title='bbox 348 789 503 816; x_wconf 88' lang='lat' dir='ltr'>hausturum</span> <span class='ocrx_word' id='word_1_377' title='bbox 519 790 572 817; x_wconf 85' lang='lat' dir='ltr'>inte</span> <span class='ocrx_word' id='word_1_378' title='bbox 586 790 645 824; x_wconf 81' lang='lat' dir='ltr'>ligit</span> <span class='ocrx_word' id='word_1_379' title='bbox 660 788 749 815; x_wconf 85' lang='lat' dir='ltr'>laudes</span> <span class='ocrx_word' id='word_1_380' title='bbox 762 787 833 818; x_wconf 89' lang='lat' dir='ltr'>suas,</span> <span class='ocrx_word' id='word_1_381' title='bbox 853 795 866 812; x_wconf 85' lang='lat' dir='ltr'>e</span> <span class='ocrx_word' id='word_1_382' title='bbox 881 795 935 821; x_wconf 91' lang='lat' dir='ltr'>quo</span> <span class='ocrx_word' id='word_1_383' title='bbox 948 786 977 812; x_wconf 86' lang='lat' dir='ltr'>lit</span> <span class='ocrx_word' id='word_1_384' title='bbox 992 786 1059 812; x_wconf 85' lang='lat' dir='ltr'>leui·</span> <span class='ocrx_word' id='word_1_385' title='bbox 1114 788 1251 822; x_wconf 80' lang='lat' dir='ltr'>piscendus</span> <span class='ocrx_word' id='word_1_386' title='bbox 1265 787 1363 821; x_wconf 87' lang='lat' dir='ltr'>homo,</span> <span class='ocrx_word' id='word_1_387' title='bbox 1384 788 1430 815; x_wconf 91' lang='lat' dir='ltr'>sed</span> <span class='ocrx_word' id='word_1_388' title='bbox 1442 790 1574 822; x_wconf 81' lang='lat' dir='ltr'>tamen,li</span> <span class='ocrx_word' id='word_1_389' title='bbox 1589 789 1725 817; x_wconf 88' lang='lat' dir='ltr'>deferatur</span> <span class='ocrx_word' id='word_1_390' title='bbox 1739 801 1753 818; x_wconf 89' lang='lat' dir='ltr'>a</span> <span class='ocrx_word' id='word_1_391' title='bbox 1767 793 1877 827; x_wconf 79' lang='lat' dir='ltr'>Senatu,</span> <span class='ocrx_word' id='word_1_392' title='bbox 1897 797 2010 824; x_wconf 88' lang='lat' dir='ltr'>minime</span> <span class='ocrx_word' id='word_1_393' title='bbox 2030 801 2166 834; x_wconf 70' lang='lat' dir='ltr'>aspernan-</span> 
     </span>
    </p>
   </div>
   <div class='ocr_carea' id='block_1_5' title="bbox 16 822 2168 968">
    <p class='ocr_par' dir='ltr' id='par_1_11' title="bbox 16 822 2109 869">
     <span class='ocr_line' id='line_1_20' title="bbox 16 822 2109 869; baseline 0.003 -13"><span class='ocrx_word' id='word_1_394' title='bbox 16 823 17 835; x_wconf 70' lang='lat'><em>³</em></span> <span class='ocrx_word' id='word_1_395' title='bbox 31 838 59 858; x_wconf 86' lang='lat' dir='ltr'>er</span> <span class='ocrx_word' id='word_1_396' title='bbox 72 828 201 869; x_wconf 78' lang='lat' dir='ltr'>aspersuS,</span> <span class='ocrx_word' id='word_1_397' title='bbox 227 829 245 852; x_wconf 83' lang='lat' dir='ltr'>i.</span> <span class='ocrx_word' id='word_1_398' title='bbox 260 826 404 852; x_wconf 71' lang='lat' dir='ltr'>maculatus.</span> <span class='ocrx_word' id='word_1_399' title='bbox 459 826 525 851; x_wconf 87' lang='lat' dir='ltr'>Plin.</span> <span class='ocrx_word' id='word_1_400' title='bbox 549 834 595 858; x_wconf 79' lang='lat'>30,</span> <span class='ocrx_word' id='word_1_401' title='bbox 616 835 624 851; x_wconf 92' lang='lat'>1</span> <span class='ocrx_word' id='word_1_402' title='bbox 650 825 750 851; x_wconf 86' lang='lat' dir='ltr'>Primus</span> <span class='ocrx_word' id='word_1_403' title='bbox 769 822 850 848; x_wconf 84' lang='lat' dir='ltr'>exstat</span> <span class='ocrx_word' id='word_1_404' title='bbox 870 826 916 854; x_wconf 88' lang='lat' dir='ltr'>(vt</span> <span class='ocrx_word' id='word_1_405' title='bbox 934 822 1059 857; x_wconf 81' lang='lat' dir='ltr'>equidem</span> <span class='ocrx_word' id='word_1_406' title='bbox 1115 824 1162 850; x_wconf 86' lang='lat' dir='ltr'>dus</span> <span class='ocrx_word' id='word_1_407' title='bbox 1179 825 1227 850; x_wconf 75' lang='lat' dir='ltr'>esse</span> <span class='ocrx_word' id='word_1_408' title='bbox 1242 824 1374 851; x_wconf 87' lang='lat' dir='ltr'>videatur.</span> <span class='ocrx_word' id='word_1_409' title='bbox 1410 824 1489 850; x_wconf 88' lang='lat' dir='ltr'>Haud</span> <span class='ocrx_word' id='word_1_410' title='bbox 1505 825 1665 860; x_wconf 79' lang='lat' dir='ltr'>aspernanda</span> <span class='ocrx_word' id='word_1_411' title='bbox 1679 834 1813 861; x_wconf 78' lang='lat' dir='ltr'>precantes</span> <span class='ocrx_word' id='word_1_412' title='bbox 1826 830 1900 865; x_wconf 88' lang='lat' dir='ltr'>Virg.</span> <span class='ocrx_word' id='word_1_413' title='bbox 1914 833 1979 859; x_wconf 88' lang='lat' dir='ltr'>Aen.</span> <span class='ocrx_word' id='word_1_414' title='bbox 1995 843 2025 867; x_wconf 90' lang='lat'>11,</span> <span class='ocrx_word' id='word_1_415' title='bbox 2041 839 2109 865; x_wconf 58' lang='lat'>106„</span> 
     </span>
    </p>

    <p class='ocr_par' dir='ltr' id='par_1_12' title="bbox 18 858 2168 968">
     <span class='ocr_line' id='line_1_21' title="bbox 18 858 2166 900; baseline 0.002 -9"><span class='ocrx_word' id='word_1_416' title='bbox 18 858 19 861; x_wconf 31' lang='lat'>¹</span> <span class='ocrx_word' id='word_1_417' title='bbox 31 866 144 895; x_wconf 83' lang='lat' dir='ltr'>nuemo)</span> <span class='ocrx_word' id='word_1_418' title='bbox 163 867 353 889; x_wconf 85' lang='lat' dir='ltr'>commentatus</span> <span class='ocrx_word' id='word_1_419' title='bbox 374 861 405 888; x_wconf 87' lang='lat' dir='ltr'>de</span> <span class='ocrx_word' id='word_1_420' title='bbox 419 867 475 887; x_wconf 90' lang='lat' dir='ltr'>arte</span> <span class='ocrx_word' id='word_1_421' title='bbox 495 862 596 895; x_wconf 77' lang='lat' dir='ltr'>magica</span> <span class='ocrx_word' id='word_1_422' title='bbox 609 862 722 891; x_wconf 69' lang='lat' dir='ltr'>Omnes,</span> <span class='ocrx_word' id='word_1_423' title='bbox 742 858 855 884; x_wconf 83' lang='lat' dir='ltr'>Xerxem</span> <span class='ocrx_word' id='word_1_424' title='bbox 872 867 960 892; x_wconf 66' lang='lat' dir='ltr'>regem</span> <span class='ocrx_word' id='word_1_425' title='bbox 977 859 1060 898; x_wconf 75' lang='lat' dir='ltr'>Persa·</span> <span class='ocrx_word' id='word_1_426' title='bbox 1071 869 1105 887; x_wconf 89' lang='lat'>20</span> <span class='ocrx_word' id='word_1_427' title='bbox 1152 867 1173 886; x_wconf 74' lang='lat' dir='ltr'>A</span> <span class='ocrx_word' id='word_1_428' title='bbox 1183 868 1194 886; x_wconf 84' lang='lat' dir='ltr'>s</span> <span class='ocrx_word' id='word_1_429' title='bbox 1206 868 1219 886; x_wconf 81' lang='lat' dir='ltr'>P</span> <span class='ocrx_word' id='word_1_430' title='bbox 1229 867 1244 886; x_wconf 65' lang='grc' dir='ltr'>Ε</span> <span class='ocrx_word' id='word_1_431' title='bbox 1254 867 1271 886; x_wconf 86' lang='lat' dir='ltr'>R</span> <span class='ocrx_word' id='word_1_432' title='bbox 1286 866 1306 886; x_wconf 80' lang='grc' dir='ltr'><strong>Ν</strong></span> <span class='ocrx_word' id='word_1_433' title='bbox 1319 867 1340 887; x_wconf 82' lang='lat' dir='ltr'>A</span> <span class='ocrx_word' id='word_1_434' title='bbox 1350 866 1372 886; x_wconf 83' lang='lat' dir='ltr'>T</span> <span class='ocrx_word' id='word_1_435' title='bbox 1382 868 1391 886; x_wconf 96' lang='lat'>1</span> <span class='ocrx_word' id='word_1_436' title='bbox 1401 867 1420 887; x_wconf 93' lang='lat' dir='ltr'>o</span> <span class='ocrx_word' id='word_1_437' title='bbox 1430 881 1438 892; x_wconf 85' lang='lat'>,</span> <span class='ocrx_word' id='word_1_438' title='bbox 1471 861 1539 887; x_wconf 75' lang='lat' dir='ltr'>onis.</span> <span class='ocrx_word' id='word_1_439' title='bbox 1577 862 1597 888; x_wconf 93' lang='lat' dir='ltr'>f.</span> <span class='ocrx_word' id='word_1_440' title='bbox 1636 864 1648 896; x_wconf 95' lang='lat'>[</span> <span class='ocrx_word' id='word_1_441' title='bbox 1661 864 1836 899; x_wconf 70' lang='grc' dir='ltr'>καταφρόνησις</span> <span class='ocrx_word' id='word_1_442' title='bbox 1849 866 1861 899; x_wconf 88' lang='grc'>]</span> <span class='ocrx_word' id='word_1_443' title='bbox 1905 868 2054 897; x_wconf 73' lang='lat' dir='ltr'>Contemtus.</span> <span class='ocrx_word' id='word_1_444' title='bbox 2110 873 2166 900; x_wconf 80' lang='lat' dir='ltr'>Cic,</span> 
     </span>
     <span class='ocr_line' id='line_1_22' title="bbox 18 893 2168 943; baseline 0.005 -19"><span class='ocrx_word' id='word_1_445' title='bbox 18 909 20 914; x_wconf 66' lang='lat'>,</span> <span class='ocrx_word' id='word_1_446' title='bbox 89 898 176 930; x_wconf 85' lang='lat' dir='ltr'>bello,</span> <span class='ocrx_word' id='word_1_447' title='bbox 195 897 269 932; x_wconf 91' lang='lat' dir='ltr'>quod</span> <span class='ocrx_word' id='word_1_448' title='bbox 282 897 304 923; x_wconf 89' lang='lat' dir='ltr'>is</span> <span class='ocrx_word' id='word_1_449' title='bbox 319 897 446 924; x_wconf 82' lang='lat' dir='ltr'>Graeciae</span> <span class='ocrx_word' id='word_1_450' title='bbox 460 897 569 929; x_wconf 88' lang='lat' dir='ltr'>intulit,</span> <span class='ocrx_word' id='word_1_451' title='bbox 587 896 742 926; x_wconf 63' lang='lat' dir='ltr'>comitium,</span> <span class='ocrx_word' id='word_1_452' title='bbox 757 902 785 920; x_wconf 85' lang='lat' dir='ltr'>ae</span> <span class='ocrx_word' id='word_1_453' title='bbox 799 893 871 920; x_wconf 87' lang='lat' dir='ltr'>velut</span> <span class='ocrx_word' id='word_1_454' title='bbox 884 895 983 920; x_wconf 81' lang='lat' dir='ltr'>semina</span> <span class='ocrx_word' id='word_1_455' title='bbox 997 900 1060 920; x_wconf 81' lang='lat' dir='ltr'>artis</span> <span class='ocrx_word' id='word_1_456' title='bbox 1115 896 1198 922; x_wconf 86' lang='lat' dir='ltr'>Tusc.</span> <span class='ocrx_word' id='word_1_457' title='bbox 1215 905 1243 928; x_wconf 85' lang='lat'>4,</span> <span class='ocrx_word' id='word_1_458' title='bbox 1258 905 1287 927; x_wconf 78' lang='lat'>32</span> <span class='ocrx_word' id='word_1_459' title='bbox 1309 906 1330 922; x_wconf 82' lang='lat' dir='ltr'>c.</span> <span class='ocrx_word' id='word_1_460' title='bbox 1349 904 1378 930; x_wconf 89' lang='lat'>14</span> <span class='ocrx_word' id='word_1_461' title='bbox 1400 897 1527 929; x_wconf 71' lang='lat' dir='ltr'>Qiorum</span> <span class='ocrx_word' id='word_1_462' title='bbox 1541 906 1634 924; x_wconf 89' lang='lat' dir='ltr'>omnes</span> <span class='ocrx_word' id='word_1_463' title='bbox 1649 898 1739 925; x_wconf 86' lang='lat' dir='ltr'>morbi</span> <span class='ocrx_word' id='word_1_464' title='bbox 1754 905 1781 925; x_wconf 90' lang='lat' dir='ltr'>et</span> <span class='ocrx_word' id='word_1_465' title='bbox 1798 902 2010 934; x_wconf 73' lang='lat' dir='ltr'>perturbationes</span> <span class='ocrx_word' id='word_1_466' title='bbox 2031 915 2062 933; x_wconf 80' lang='lat' dir='ltr'>ex</span> <span class='ocrx_word' id='word_1_467' title='bbox 2083 909 2168 943; x_wconf 87' lang='lat' dir='ltr'>asper-</span> 
     </span>
     <span class='ocr_line' id='line_1_23' title="bbox 37 909 1508 968; baseline -0.001 -7"><span class='ocrx_word' id='word_1_468' title='bbox 37 909 78 941; x_wconf 57' lang='lat' dir='ltr'>um</span> <span class='ocrx_word' id='word_1_469' title='bbox 114 934 184 961; x_wconf 85' lang='lat' dir='ltr'>tosae</span> <span class='ocrx_word' id='word_1_470' title='bbox 197 932 320 968; x_wconf 86' lang='lat' dir='ltr'>Asperlit,</span> <span class='ocrx_word' id='word_1_471' title='bbox 335 932 425 960; x_wconf 88' lang='lat' dir='ltr'>obiter</span> <span class='ocrx_word' id='word_1_472' title='bbox 441 933 551 964; x_wconf 67' lang='lat' dir='ltr'>infecto,</span> <span class='ocrx_word' id='word_1_473' title='bbox 563 939 718 968; x_wconf 88' lang='lat' dir='ltr'>quacunque</span> <span class='ocrx_word' id='word_1_474' title='bbox 731 936 936 961; x_wconf 86' lang='lat' dir='ltr'>commeauerat‚</span> <span class='ocrx_word' id='word_1_475' title='bbox 950 930 1060 956; x_wconf 85' lang='lat' dir='ltr'>mundo.</span> <span class='ocrx_word' id='word_1_476' title='bbox 1114 931 1222 958; x_wconf 84' lang='lat' dir='ltr'>natione</span> <span class='ocrx_word' id='word_1_477' title='bbox 1239 932 1351 957; x_wconf 84' lang='lat' dir='ltr'>rationis</span> <span class='ocrx_word' id='word_1_478' title='bbox 1371 933 1508 959; x_wconf 88' lang='lat' dir='ltr'>eueniunt.</span> 
     </span>
    </p>
   </div>
   <div class='ocr_carea' id='block_1_6' title="bbox 16 825 57 1185">
    <p class='ocr_par' dir='ltr' id='par_1_13' title="bbox 16 825 57 1185">
     <span class='ocr_line' id='line_1_24' title="bbox 16 825 37 967; baseline 0 -54"><span class='ocrx_word' id='word_1_479' title='bbox 16 825 37 967; x_wconf 95' lang='lat' dir='ltr'>   </span> 
     </span>
     <span class='ocr_line' id='line_1_25' title="bbox 24 967 57 1125; baseline 0 -29"><span class='ocrx_word' id='word_1_480' title='bbox 24 967 57 1125; x_wconf 95' lang='lat' dir='ltr'>    </span> 
     </span>
     <span class='ocr_line' id='line_1_26' title="bbox 25 1125 46 1185; baseline 0 0"><span class='ocrx_word' id='word_1_481' title='bbox 25 1125 46 1185; x_wconf 95' lang='lat' dir='ltr'>   </span> 
     </span>
    </p>
   </div>
   <div class='ocr_carea' id='block_1_7' title="bbox 13 965 2172 1226">
    <p class='ocr_par' dir='ltr' id='par_1_14' title="bbox 13 965 2172 1226">
     <span class='ocr_line' id='line_1_27' title="bbox 40 965 2133 1012; baseline 0.003 -17"><span class='ocrx_word' id='word_1_482' title='bbox 40 981 57 1000; x_wconf 69' lang='grc' dir='ltr'><em>η</em></span> <span class='ocrx_word' id='word_1_483' title='bbox 82 978 84 980; x_wconf 66' lang='grc'>’</span> <span class='ocrx_word' id='word_1_484' title='bbox 107 972 170 1005; x_wconf 75' lang='lat' dir='ltr'>ipris</span> <span class='ocrx_word' id='word_1_485' title='bbox 186 967 362 1002; x_wconf 77' lang='lat' dir='ltr'>vetustioribus</span> <span class='ocrx_word' id='word_1_486' title='bbox 381 969 505 995; x_wconf 78' lang='lat' dir='ltr'>codicibus</span> <span class='ocrx_word' id='word_1_487' title='bbox 521 970 613 1005; x_wconf 70' lang='lat' dir='ltr'>legitur</span> <span class='ocrx_word' id='word_1_488' title='bbox 634 965 768 1005; x_wconf 46' lang='lat' dir='ltr'>Sparfiss&#39;e3</span> <span class='ocrx_word' id='word_1_489' title='bbox 821 966 870 1005; x_wconf 30' lang='lat' dir='ltr'>’Sic</span> <span class='ocrx_word' id='word_1_490' title='bbox 894 965 1060 1005; x_wconf 76' lang='lat' dir='ltr'>Adspergunt</span> <span class='ocrx_word' id='word_1_491' title='bbox 1150 974 1172 994; x_wconf 79' lang='lat' dir='ltr'>A</span> <span class='ocrx_word' id='word_1_492' title='bbox 1182 975 1194 993; x_wconf 85' lang='lat' dir='ltr'>s</span> <span class='ocrx_word' id='word_1_493' title='bbox 1204 974 1243 993; x_wconf 73' lang='lat'>1³13</span> <span class='ocrx_word' id='word_1_494' title='bbox 1254 974 1272 993; x_wconf 78' lang='lat' dir='ltr'>R</span> <span class='ocrx_word' id='word_1_495' title='bbox 1286 974 1305 992; x_wconf 76' lang='lat' dir='ltr'>N</span> <span class='ocrx_word' id='word_1_496' title='bbox 1316 975 1370 994; x_wconf 78' lang='lat' dir='ltr'>AM</span> <span class='ocrx_word' id='word_1_497' title='bbox 1380 974 1427 994; x_wconf 77' lang='lat' dir='ltr'>EN</span> <span class='ocrx_word' id='word_1_498' title='bbox 1437 975 1487 994; x_wconf 80' lang='lat' dir='ltr'>‘rv</span> <span class='ocrx_word' id='word_1_499' title='bbox 1497 975 1538 1001; x_wconf 86' lang='lat' dir='ltr'>M,</span> <span class='ocrx_word' id='word_1_500' title='bbox 1563 967 1581 994; x_wconf 87' lang='lat' dir='ltr'>i.</span> <span class='ocrx_word' id='word_1_501' title='bbox 1609 977 1636 995; x_wconf 87' lang='lat' dir='ltr'>n.</span> <span class='ocrx_word' id='word_1_502' title='bbox 1671 968 1756 996; x_wconf 79' lang='lat' dir='ltr'>Idem.</span> <span class='ocrx_word' id='word_1_503' title='bbox 1790 971 1966 1000; x_wconf 86' lang='lat' dir='ltr'>Tertulliano</span> <span class='ocrx_word' id='word_1_504' title='bbox 1979 976 2133 1012; x_wconf 71' lang='lat' dir='ltr'>adscribunt,</span> 
     </span>
     <span class='ocr_line' id='line_1_28' title="bbox 29 1000 1635 1035; baseline -0.003 -4"><span class='ocrx_word' id='word_1_505' title='bbox 29 1009 34 1016; x_wconf 91' lang='grc'>·</span> <span class='ocrx_word' id='word_1_506' title='bbox 103 1004 238 1032; x_wconf 85' lang='lat' dir='ltr'>vetustatis</span> <span class='ocrx_word' id='word_1_507' title='bbox 252 1004 442 1031; x_wconf 89' lang='lat' dir='ltr'>inimitabilem</span> <span class='ocrx_word' id='word_1_508' title='bbox 455 1005 507 1031; x_wconf 90' lang='lat' dir='ltr'>arti</span> <span class='ocrx_word' id='word_1_509' title='bbox 519 1003 703 1030; x_wconf 63' lang='lat' dir='ltr'>auctoritatem</span> <span class='ocrx_word' id='word_1_510' title='bbox 715 1000 847 1035; x_wconf 61' lang='lat' dir='ltr'>Qundhl.</span> <span class='ocrx_word' id='word_1_511' title='bbox 859 1006 882 1033; x_wconf 84' lang='lat'>8,</span> <span class='ocrx_word' id='word_1_512' title='bbox 892 1009 913 1032; x_wconf 82' lang='lat'>3,</span> <span class='ocrx_word' id='word_1_513' title='bbox 926 1009 965 1033; x_wconf 63' lang='grc' dir='ltr'>ις.</span> <span class='ocrx_word' id='word_1_514' title='bbox 1002 1002 1059 1027; x_wconf 87' lang='lat' dir='ltr'>Cic.</span> <span class='ocrx_word' id='word_1_515' title='bbox 1153 1010 1175 1029; x_wconf 83' lang='lat' dir='ltr'>A</span> <span class='ocrx_word' id='word_1_516' title='bbox 1186 1010 1198 1029; x_wconf 83' lang='lat' dir='ltr'>s</span> <span class='ocrx_word' id='word_1_517' title='bbox 1209 1010 1223 1029; x_wconf 89' lang='lat' dir='ltr'>P</span> <span class='ocrx_word' id='word_1_518' title='bbox 1233 1010 1249 1029; x_wconf 82' lang='lat' dir='ltr'>E</span> <span class='ocrx_word' id='word_1_519' title='bbox 1257 1010 1276 1028; x_wconf 84' lang='lat' dir='ltr'>R</span> <span class='ocrx_word' id='word_1_520' title='bbox 1286 1010 1305 1029; x_wconf 86' lang='grc' dir='ltr'>ο</span> <span class='ocrx_word' id='word_1_521' title='bbox 1315 1023 1323 1035; x_wconf 83' lang='lat'>,</span> <span class='ocrx_word' id='word_1_522' title='bbox 1343 1012 1384 1035; x_wconf 77' lang='lat' dir='ltr'>as,</span> <span class='ocrx_word' id='word_1_523' title='bbox 1422 1004 1475 1030; x_wconf 74' lang='lat' dir='ltr'>vid,</span> <span class='ocrx_word' id='word_1_524' title='bbox 1506 1012 1527 1031; x_wconf 82' lang='lat' dir='ltr'>A</span> <span class='ocrx_word' id='word_1_525' title='bbox 1536 1011 1548 1031; x_wconf 83' lang='lat' dir='ltr'>S</span> <span class='ocrx_word' id='word_1_526' title='bbox 1558 1011 1573 1030; x_wconf 85' lang='lat' dir='ltr'>p</span> <span class='ocrx_word' id='word_1_527' title='bbox 1581 1011 1598 1030; x_wconf 86' lang='lat' dir='ltr'>E</span> <span class='ocrx_word' id='word_1_528' title='bbox 1606 1011 1635 1031; x_wconf 76' lang='lat' dir='ltr'>R,</span> 
     </span>
     <span class='ocr_line' id='line_1_29' title="bbox 48 1036 1917 1076; baseline -0.001 -8"><span class='ocrx_word' id='word_1_529' title='bbox 48 1042 148 1070; x_wconf 57' lang='lat' dir='ltr'>fratr.</span> <span class='ocrx_word' id='word_1_530' title='bbox 162 1049 185 1073; x_wconf 82' lang='lat'>2,</span> <span class='ocrx_word' id='word_1_531' title='bbox 201 1050 230 1067; x_wconf 91' lang='lat'>10</span> <span class='ocrx_word' id='word_1_532' title='bbox 251 1041 331 1067; x_wconf 89' lang='lat' dir='ltr'>Nunc</span> <span class='ocrx_word' id='word_1_533' title='bbox 344 1040 413 1067; x_wconf 87' lang='lat' dir='ltr'>mihi</span> <span class='ocrx_word' id='word_1_534' title='bbox 426 1039 598 1067; x_wconf 84' lang='lat' dir='ltr'>iucunditatis</span> <span class='ocrx_word' id='word_1_535' title='bbox 611 1038 685 1073; x_wconf 88' lang='lat' dir='ltr'>plena</span> <span class='ocrx_word' id='word_1_536' title='bbox 698 1037 807 1072; x_wconf 75' lang='lat' dir='ltr'>epistola</span> <span class='ocrx_word' id='word_1_537' title='bbox 820 1036 870 1063; x_wconf 86' lang='lat' dir='ltr'>hoc</span> <span class='ocrx_word' id='word_1_538' title='bbox 886 1036 990 1071; x_wconf 70' lang='lat' dir='ltr'>aspersit</span> <span class='ocrx_word' id='word_1_539' title='bbox 1005 1046 1061 1062; x_wconf 87' lang='lat' dir='ltr'>mo-</span> <span class='ocrx_word' id='word_1_540' title='bbox 1076 1051 1106 1076; x_wconf 74' lang='lat'>23</span> <span class='ocrx_word' id='word_1_541' title='bbox 1155 1046 1176 1065; x_wconf 82' lang='grc' dir='ltr'>Α</span> <span class='ocrx_word' id='word_1_542' title='bbox 1186 1045 1198 1065; x_wconf 88' lang='lat' dir='ltr'>s</span> <span class='ocrx_word' id='word_1_543' title='bbox 1208 1046 1222 1065; x_wconf 72' lang='lat' dir='ltr'>i&gt;</span> <span class='ocrx_word' id='word_1_544' title='bbox 1233 1045 1248 1065; x_wconf 73' lang='grc' dir='ltr'>ιε</span> <span class='ocrx_word' id='word_1_545' title='bbox 1257 1045 1275 1065; x_wconf 83' lang='lat' dir='ltr'><strong>R</strong></span> <span class='ocrx_word' id='word_1_546' title='bbox 1287 1046 1298 1065; x_wconf 88' lang='lat' dir='ltr'>s</span> <span class='ocrx_word' id='word_1_547' title='bbox 1310 1046 1346 1065; x_wconf 88' lang='lat'>10</span> <span class='ocrx_word' id='word_1_548' title='bbox 1355 1060 1364 1072; x_wconf 91' lang='lat'>‚</span> <span class='ocrx_word' id='word_1_549' title='bbox 1391 1047 1412 1066; x_wconf 86' lang='lat' dir='ltr'>A</span> <span class='ocrx_word' id='word_1_550' title='bbox 1422 1047 1434 1066; x_wconf 86' lang='lat' dir='ltr'>s</span> <span class='ocrx_word' id='word_1_551' title='bbox 1445 1047 1458 1066; x_wconf 77' lang='grc' dir='ltr'>ι’</span> <span class='ocrx_word' id='word_1_552' title='bbox 1469 1047 1485 1067; x_wconf 84' lang='lat' dir='ltr'>E</span> <span class='ocrx_word' id='word_1_553' title='bbox 1494 1047 1513 1067; x_wconf 78' lang='lat' dir='ltr'>R</span> <span class='ocrx_word' id='word_1_554' title='bbox 1523 1047 1535 1067; x_wconf 90' lang='lat' dir='ltr'>s</span> <span class='ocrx_word' id='word_1_555' title='bbox 1544 1047 1564 1066; x_wconf 94' lang='lat' dir='ltr'><strong>v</strong></span> <span class='ocrx_word' id='word_1_556' title='bbox 1574 1047 1604 1073; x_wconf 89' lang='lat' dir='ltr'>s,</span> <span class='ocrx_word' id='word_1_557' title='bbox 1639 1041 1694 1068; x_wconf 84' lang='lat' dir='ltr'>vid.</span> <span class='ocrx_word' id='word_1_558' title='bbox 1723 1049 1745 1069; x_wconf 82' lang='lat' dir='ltr'>A</span> <span class='ocrx_word' id='word_1_559' title='bbox 1754 1049 1766 1069; x_wconf 89' lang='lat' dir='ltr'>s</span> <span class='ocrx_word' id='word_1_560' title='bbox 1778 1048 1793 1068; x_wconf 79' lang='lat' dir='ltr'>P</span> <span class='ocrx_word' id='word_1_561' title='bbox 1805 1048 1849 1069; x_wconf 83' lang='lat' dir='ltr'>ER</span> <span class='ocrx_word' id='word_1_562' title='bbox 1858 1050 1879 1071; x_wconf 84' lang='lat' dir='ltr'>G</span> <span class='ocrx_word' id='word_1_563' title='bbox 1889 1051 1917 1071; x_wconf 86' lang='grc' dir='ltr'><strong>ο,</strong></span> 
     </span>
     <span class='ocr_line' id='line_1_30' title="bbox 33 1072 2171 1119; baseline 0.001 -15"><span class='ocrx_word' id='word_1_564' title='bbox 33 1080 46 1107; x_wconf 67' lang='grc' dir='ltr'><strong><em>ό</em></strong></span> <span class='ocrx_word' id='word_1_565' title='bbox 67 1077 105 1105; x_wconf 75' lang='lat' dir='ltr'>&#39;ne</span> <span class='ocrx_word' id='word_1_566' title='bbox 137 1083 183 1103; x_wconf 80' lang='lat' dir='ltr'>etc.</span> <span class='ocrx_word' id='word_1_567' title='bbox 239 1077 295 1103; x_wconf 91' lang='lat' dir='ltr'>Cic.</span> <span class='ocrx_word' id='word_1_568' title='bbox 305 1086 353 1111; x_wconf 87' lang='lat' dir='ltr'>pro</span> <span class='ocrx_word' id='word_1_569' title='bbox 367 1077 486 1103; x_wconf 82' lang='lat' dir='ltr'>Muracn.</span> <span class='ocrx_word' id='word_1_570' title='bbox 499 1077 534 1102; x_wconf 90' lang='lat'>66</span> <span class='ocrx_word' id='word_1_571' title='bbox 554 1074 602 1101; x_wconf 87' lang='lat' dir='ltr'>Sed</span> <span class='ocrx_word' id='word_1_572' title='bbox 615 1074 633 1100; x_wconf 84' lang='lat' dir='ltr'><strong>fi</strong></span> <span class='ocrx_word' id='word_1_573' title='bbox 647 1073 720 1099; x_wconf 88' lang='lat' dir='ltr'>illius</span> <span class='ocrx_word' id='word_1_574' title='bbox 736 1073 888 1099; x_wconf 83' lang='lat' dir='ltr'>comitatem</span> <span class='ocrx_word' id='word_1_575' title='bbox 902 1079 928 1099; x_wconf 89' lang='lat' dir='ltr'>et</span> <span class='ocrx_word' id='word_1_576' title='bbox 948 1072 1062 1098; x_wconf 78' lang='lat' dir='ltr'>facilita-</span> <span class='ocrx_word' id='word_1_577' title='bbox 1155 1081 1177 1100; x_wconf 84' lang='grc' dir='ltr'>Α</span> <span class='ocrx_word' id='word_1_578' title='bbox 1187 1082 1198 1100; x_wconf 84' lang='lat' dir='ltr'>S</span> <span class='ocrx_word' id='word_1_579' title='bbox 1211 1081 1224 1100; x_wconf 79' lang='grc' dir='ltr'>Ρ</span> <span class='ocrx_word' id='word_1_580' title='bbox 1234 1081 1250 1100; x_wconf 71' lang='grc' dir='ltr'><strong><em>Ε</em></strong></span> <span class='ocrx_word' id='word_1_581' title='bbox 1260 1081 1279 1100; x_wconf 82' lang='lat' dir='ltr'>R</span> <span class='ocrx_word' id='word_1_582' title='bbox 1288 1082 1308 1101; x_wconf 90' lang='lat' dir='ltr'>v</span> <span class='ocrx_word' id='word_1_583' title='bbox 1318 1081 1339 1101; x_wconf 88' lang='lat' dir='ltr'>G</span> <span class='ocrx_word' id='word_1_584' title='bbox 1349 1082 1377 1101; x_wconf 91' lang='lat' dir='ltr'>o.</span> <span class='ocrx_word' id='word_1_585' title='bbox 1416 1077 1499 1102; x_wconf 75' lang='lat' dir='ltr'>Herba</span> <span class='ocrx_word' id='word_1_586' title='bbox 1514 1074 1556 1108; x_wconf 80' lang='lat' dir='ltr'>est,</span> <span class='ocrx_word' id='word_1_587' title='bbox 1574 1077 1731 1114; x_wconf 76' lang='lat' dir='ltr'>Lappaginir</span> <span class='ocrx_word' id='word_1_588' title='bbox 1738 1078 1849 1114; x_wconf 69' lang='lat' dir='ltr'>species,</span> <span class='ocrx_word' id='word_1_589' title='bbox 1863 1079 1958 1114; x_wconf 76' lang='lat' dir='ltr'>similis</span> <span class='ocrx_word' id='word_1_590' title='bbox 1972 1082 2021 1116; x_wconf 82' lang='lat' dir='ltr'>illi,</span> <span class='ocrx_word' id='word_1_591' title='bbox 2032 1092 2092 1119; x_wconf 75' lang='lat' dir='ltr'>quae</span> <span class='ocrx_word' id='word_1_592' title='bbox 2104 1085 2171 1112; x_wconf 78' lang='lat' dir='ltr'>mol.</span> 
     </span>
     <span class='ocr_line' id='line_1_31' title="bbox 47 1097 1953 1150; baseline 0.002 -10"><span class='ocrx_word' id='word_1_593' title='bbox 47 1122 72 1142; x_wconf 77' lang='grc' dir='ltr'>ιιι</span> <span class='ocrx_word' id='word_1_594' title='bbox 90 1097 150 1140; x_wconf 82' lang='lat' dir='ltr'>ttiae</span> <span class='ocrx_word' id='word_1_595' title='bbox 168 1112 294 1147; x_wconf 81' lang='lat' dir='ltr'>grauitati</span> <span class='ocrx_word' id='word_1_596' title='bbox 315 1112 503 1146; x_wconf 83' lang='lat' dir='ltr'>seueritatique</span> <span class='ocrx_word' id='word_1_597' title='bbox 523 1109 670 1144; x_wconf 82' lang='lat' dir='ltr'>asperseris.</span> <span class='ocrx_word' id='word_1_598' title='bbox 732 1109 806 1135; x_wconf 83' lang='lat' dir='ltr'>Idem</span> <span class='ocrx_word' id='word_1_599' title='bbox 824 1108 856 1135; x_wconf 90' lang='lat' dir='ltr'>de</span> <span class='ocrx_word' id='word_1_600' title='bbox 869 1110 942 1135; x_wconf 86' lang='lat' dir='ltr'>Orat.</span> <span class='ocrx_word' id='word_1_601' title='bbox 963 1117 994 1140; x_wconf 86' lang='lat'>2,</span> <span class='ocrx_word' id='word_1_602' title='bbox 1015 1117 1061 1142; x_wconf 84' lang='lat'>241</span> <span class='ocrx_word' id='word_1_603' title='bbox 1116 1108 1179 1144; x_wconf 83' lang='lat' dir='ltr'>lugo</span> <span class='ocrx_word' id='word_1_604' title='bbox 1193 1109 1303 1142; x_wconf 79' lang='lat' dir='ltr'>dicitur,</span> <span class='ocrx_word' id='word_1_605' title='bbox 1322 1111 1365 1137; x_wconf 91' lang='lat' dir='ltr'>sed</span> <span class='ocrx_word' id='word_1_606' title='bbox 1378 1111 1454 1137; x_wconf 86' lang='lat' dir='ltr'>foliis</span> <span class='ocrx_word' id='word_1_607' title='bbox 1466 1111 1655 1146; x_wconf 85' lang='lat' dir='ltr'>asperioribus.</span> <span class='ocrx_word' id='word_1_608' title='bbox 1691 1114 1758 1141; x_wconf 88' lang='lat' dir='ltr'>Plin.</span> <span class='ocrx_word' id='word_1_609' title='bbox 1775 1116 1816 1147; x_wconf 88' lang='lat'>26,</span> <span class='ocrx_word' id='word_1_610' title='bbox 1830 1123 1859 1141; x_wconf 93' lang='lat'>10</span> <span class='ocrx_word' id='word_1_611' title='bbox 1881 1116 1898 1142; x_wconf 92' lang='lat' dir='ltr'>s.</span> <span class='ocrx_word' id='word_1_612' title='bbox 1914 1119 1953 1150; x_wconf 78' lang='grc'>65.</span> 
     </span>
     <span class='ocr_line' id='line_1_32' title="bbox 13 1139 2170 1190; baseline 0.006 -23"><span class='ocrx_word' id='word_1_613' title='bbox 13 1139 24 1167; x_wconf 68' lang='grc' dir='ltr'>ι’,</span> <span class='ocrx_word' id='word_1_614' title='bbox 48 1148 99 1178; x_wconf 81' lang='lat' dir='ltr'>uod</span> <span class='ocrx_word' id='word_1_615' title='bbox 116 1154 204 1175; x_wconf 89' lang='lat' dir='ltr'>tamen</span> <span class='ocrx_word' id='word_1_616' title='bbox 226 1148 262 1174; x_wconf 84' lang='lat' dir='ltr'>cst</span> <span class='ocrx_word' id='word_1_617' title='bbox 290 1146 512 1174; x_wconf 81' lang='lat' dir='ltr'>mendaciunculis</span> <span class='ocrx_word' id='word_1_618' title='bbox 534 1144 732 1180; x_wconf 87' lang='lat' dir='ltr'>aspergendum.</span> <span class='ocrx_word' id='word_1_619' title='bbox 803 1144 961 1171; x_wconf 84' lang='lat' dir='ltr'>Labeculam</span> <span class='ocrx_word' id='word_1_620' title='bbox 982 1144 1064 1170; x_wconf 84' lang='lat' dir='ltr'>alicui</span> <span class='ocrx_word' id='word_1_621' title='bbox 1153 1153 1196 1172; x_wconf 78' lang='lat' dir='ltr'>As</span> <span class='ocrx_word' id='word_1_622' title='bbox 1207 1152 1304 1172; x_wconf 74' lang='grc' dir='ltr'>ΡΗΑἱ</span> <span class='ocrx_word' id='word_1_623' title='bbox 1316 1154 1385 1173; x_wconf 89' lang='lat' dir='ltr'>T10</span> <span class='ocrx_word' id='word_1_624' title='bbox 1398 1154 1431 1173; x_wconf 82' lang='lat' dir='ltr'>N.</span> <span class='ocrx_word' id='word_1_625' title='bbox 1468 1146 1643 1182; x_wconf 71' lang='grc' dir='ltr'>[οἰσφοίλτιον]</span> <span class='ocrx_word' id='word_1_626' title='bbox 1684 1150 1796 1185; x_wconf 62' lang='grc' dir='ltr'>ΤνζῙοΙίί</span> <span class='ocrx_word' id='word_1_627' title='bbox 1807 1151 1912 1186; x_wconf 67' lang='lat' dir='ltr'>species.</span> <span class='ocrx_word' id='word_1_628' title='bbox 1949 1153 2087 1188; x_wconf 86' lang='lat' dir='ltr'>Plin.21,9</span> <span class='ocrx_word' id='word_1_629' title='bbox 2108 1157 2126 1183; x_wconf 91' lang='lat' dir='ltr'>s.</span> <span class='ocrx_word' id='word_1_630' title='bbox 2138 1166 2170 1190; x_wconf 83' lang='lat'>30</span> 
     </span>
     <span class='ocr_line' id='line_1_33' title="bbox 22 1174 2172 1226; baseline 0.002 -12"><span class='ocrx_word' id='word_1_631' title='bbox 22 1174 170 1214; x_wconf 44' lang='lat' dir='ltr'>¹nudatione</span> <span class='ocrx_word' id='word_1_632' title='bbox 182 1185 227 1210; x_wconf 91' lang='lat' dir='ltr'>sua</span> <span class='ocrx_word' id='word_1_633' title='bbox 240 1184 277 1210; x_wconf 87' lang='lat' dir='ltr'>Id.</span> <span class='ocrx_word' id='word_1_634' title='bbox 293 1185 320 1210; x_wconf 90' lang='lat' dir='ltr'>in</span> <span class='ocrx_word' id='word_1_635' title='bbox 335 1183 421 1210; x_wconf 89' lang='lat' dir='ltr'>Vatin.</span> <span class='ocrx_word' id='word_1_636' title='bbox 435 1191 465 1215; x_wconf 76' lang='lat'>41</span> <span class='ocrx_word' id='word_1_637' title='bbox 486 1191 506 1208; x_wconf 88' lang='lat' dir='ltr'>c.</span> <span class='ocrx_word' id='word_1_638' title='bbox 522 1189 558 1215; x_wconf 87' lang='lat'>17.</span> <span class='ocrx_word' id='word_1_639' title='bbox 631 1181 731 1208; x_wconf 90' lang='lat' dir='ltr'>Labem</span> <span class='ocrx_word' id='word_1_640' title='bbox 745 1180 869 1215; x_wconf 86' lang='lat' dir='ltr'>dignitati</span> <span class='ocrx_word' id='word_1_641' title='bbox 882 1180 991 1206; x_wconf 84' lang='lat' dir='ltr'>alterius</span> <span class='ocrx_word' id='word_1_642' title='bbox 1006 1181 1061 1207; x_wconf 85' lang='lat' dir='ltr'>Cic.</span> <span class='ocrx_word' id='word_1_643' title='bbox 1117 1182 1196 1208; x_wconf 83' lang='lat' dir='ltr'>Folio</span> <span class='ocrx_word' id='word_1_644' title='bbox 1212 1188 1322 1208; x_wconf 89' lang='lat' dir='ltr'>coronat</span> <span class='ocrx_word' id='word_1_645' title='bbox 1341 1188 1367 1208; x_wconf 88' lang='lat' dir='ltr'>et</span> <span class='ocrx_word' id='word_1_646' title='bbox 1383 1182 1528 1209; x_wconf 90' lang='lat' dir='ltr'>trifolium.</span> <span class='ocrx_word' id='word_1_647' title='bbox 1566 1184 1639 1210; x_wconf 88' lang='lat' dir='ltr'>Tria</span> <span class='ocrx_word' id='word_1_648' title='bbox 1659 1185 1717 1211; x_wconf 91' lang='lat' dir='ltr'>eius</span> <span class='ocrx_word' id='word_1_649' title='bbox 1737 1194 1849 1220; x_wconf 86' lang='lat' dir='ltr'>genera,</span> <span class='ocrx_word' id='word_1_650' title='bbox 1869 1188 2037 1221; x_wconf 81' lang='lat' dir='ltr'>minyanthes</span> <span class='ocrx_word' id='word_1_651' title='bbox 2059 1200 2172 1226; x_wconf 90' lang='lat' dir='ltr'>vocant,</span> 
     </span>
    </p>
   </div>
   <div class='ocr_carea' id='block_1_8' title="bbox 0 1216 2178 2372">
    <p class='ocr_par' dir='ltr' id='par_1_15' title="bbox 61 1216 2172 1255">
     <span class='ocr_line' id='line_1_34' title="bbox 61 1216 2172 1255; baseline 0.003 -7"><span class='ocrx_word' id='word_1_652' title='bbox 61 1221 148 1248; x_wconf 80' lang='lat' dir='ltr'>Vatin.</span> <span class='ocrx_word' id='word_1_653' title='bbox 164 1227 187 1253; x_wconf 77' lang='grc' dir='ltr'>ις</span> <span class='ocrx_word' id='word_1_654' title='bbox 205 1229 225 1246; x_wconf 88' lang='lat' dir='ltr'>c.</span> <span class='ocrx_word' id='word_1_655' title='bbox 241 1222 266 1247; x_wconf 92' lang='lat'>6.</span> <span class='ocrx_word' id='word_1_656' title='bbox 311 1220 364 1246; x_wconf 84' lang='lat' dir='ltr'>Hoc</span> <span class='ocrx_word' id='word_1_657' title='bbox 381 1221 454 1245; x_wconf 78' lang='lat' dir='ltr'>etiam</span> <span class='ocrx_word' id='word_1_658' title='bbox 465 1216 616 1252; x_wconf 79' lang='lat' dir='ltr'>simpliciter</span> <span class='ocrx_word' id='word_1_659' title='bbox 630 1217 791 1252; x_wconf 81' lang='lat' dir='ltr'>Adspergere</span> <span class='ocrx_word' id='word_1_660' title='bbox 810 1216 876 1243; x_wconf 77' lang='lat' dir='ltr'>dixit</span> <span class='ocrx_word' id='word_1_661' title='bbox 896 1217 963 1242; x_wconf 83' lang='lat' dir='ltr'>Hor.</span> <span class='ocrx_word' id='word_1_662' title='bbox 980 1216 1061 1242; x_wconf 85' lang='lat' dir='ltr'>Serm.</span> <span class='ocrx_word' id='word_1_663' title='bbox 1075 1223 1107 1248; x_wconf 83' lang='lat'>30</span> <span class='ocrx_word' id='word_1_664' title='bbox 1117 1217 1164 1243; x_wconf 86' lang='lat' dir='ltr'>alii</span> <span class='ocrx_word' id='word_1_665' title='bbox 1179 1218 1342 1252; x_wconf 85' lang='lat' dir='ltr'>asphaltion,</span> <span class='ocrx_word' id='word_1_666' title='bbox 1356 1219 1460 1245; x_wconf 83' lang='lat' dir='ltr'>maiore</span> <span class='ocrx_word' id='word_1_667' title='bbox 1472 1219 1560 1251; x_wconf 84' lang='lat' dir='ltr'>folio,</span> <span class='ocrx_word' id='word_1_668' title='bbox 1574 1228 1629 1254; x_wconf 91' lang='lat' dir='ltr'>quo</span> <span class='ocrx_word' id='word_1_669' title='bbox 1642 1227 1754 1248; x_wconf 89' lang='lat' dir='ltr'>vtuntur</span> <span class='ocrx_word' id='word_1_670' title='bbox 1767 1225 1913 1251; x_wconf 88' lang='lat' dir='ltr'>coronarii.</span> <span class='ocrx_word' id='word_1_671' title='bbox 1949 1226 2072 1253; x_wconf 88' lang='lat' dir='ltr'>Alterum</span> <span class='ocrx_word' id='word_1_672' title='bbox 2085 1235 2172 1255; x_wconf 88' lang='lat' dir='ltr'>acuto.</span> 
     </span>
    </p>

    <p class='ocr_par' dir='ltr' id='par_1_16' title="bbox 0 1252 2175 1330">
     <span class='ocr_line' id='line_1_35' title="bbox 13 1252 2175 1292; baseline 0.006 -18"><span class='ocrx_word' id='word_1_673' title='bbox 13 1271 16 1278; x_wconf 95' lang='grc'><strong>,</strong></span> <span class='ocrx_word' id='word_1_674' title='bbox 33 1276 41 1290; x_wconf 59' lang='lat'>,</span> <span class='ocrx_word' id='word_1_675' title='bbox 52 1266 80 1292; x_wconf 67' lang='lat'>4,</span> <span class='ocrx_word' id='word_1_676' title='bbox 94 1261 126 1291; x_wconf 71' lang='lat'>37</span> <span class='ocrx_word' id='word_1_677' title='bbox 148 1257 167 1282; x_wconf 79' lang='lat' dir='ltr'>E</span> <span class='ocrx_word' id='word_1_678' title='bbox 182 1255 280 1290; x_wconf 65' lang='lat' dir='ltr'>quibus</span> <span class='ocrx_word' id='word_1_679' title='bbox 294 1264 361 1282; x_wconf 71' lang='lat' dir='ltr'>vnus</span> <span class='ocrx_word' id='word_1_680' title='bbox 375 1259 444 1281; x_wconf 68' lang='lat' dir='ltr'>amet</span> <span class='ocrx_word' id='word_1_681' title='bbox 456 1253 551 1288; x_wconf 88' lang='lat' dir='ltr'>quauis</span> <span class='ocrx_word' id='word_1_682' title='bbox 565 1253 718 1288; x_wconf 84' lang='lat' dir='ltr'>adspergere</span> <span class='ocrx_word' id='word_1_683' title='bbox 732 1252 850 1284; x_wconf 65' lang='lat' dir='ltr'>cuneios,</span> <span class='ocrx_word' id='word_1_684' title='bbox 872 1253 977 1278; x_wconf 79' lang='lat' dir='ltr'>Praeter</span> <span class='ocrx_word' id='word_1_685' title='bbox 992 1261 1062 1284; x_wconf 86' lang='lat' dir='ltr'>eum,</span> <span class='ocrx_word' id='word_1_686' title='bbox 1116 1254 1326 1289; x_wconf 82' lang='lat' dir='ltr'>oxytriphyllon.</span> <span class='ocrx_word' id='word_1_687' title='bbox 1390 1255 1521 1282; x_wconf 76' lang='lat' dir='ltr'>Tertium</span> <span class='ocrx_word' id='word_1_688' title='bbox 1551 1263 1583 1282; x_wconf 79' lang='lat' dir='ltr'>ex</span> <span class='ocrx_word' id='word_1_689' title='bbox 1610 1257 1736 1284; x_wconf 86' lang='lat' dir='ltr'>omnibus</span> <span class='ocrx_word' id='word_1_690' title='bbox 1763 1259 1974 1288; x_wconf 83' lang='lat' dir='ltr'>minutiffimum.</span> <span class='ocrx_word' id='word_1_691' title='bbox 2037 1265 2115 1291; x_wconf 80' lang='lat' dir='ltr'>Plura</span> <span class='ocrx_word' id='word_1_692' title='bbox 2138 1265 2175 1292; x_wconf 56' lang='lat' dir='ltr'>ibi</span> 
     </span>
     <span class='ocr_line' id='line_1_36' title="bbox 0 1288 1371 1330; baseline -0.003 -10"><span class='ocrx_word' id='word_1_693' title='bbox 0 1300 16 1323; x_wconf 52' lang='grc' dir='ltr'>ι’,</span> <span class='ocrx_word' id='word_1_694' title='bbox 37 1292 65 1320; x_wconf 84' lang='lat' dir='ltr'>ui</span> <span class='ocrx_word' id='word_1_695' title='bbox 79 1291 186 1327; x_wconf 85' lang='lat' dir='ltr'>praebet</span> <span class='ocrx_word' id='word_1_696' title='bbox 200 1300 305 1326; x_wconf 85' lang='lat' dir='ltr'>aquam.</span> <span class='ocrx_word' id='word_1_697' title='bbox 341 1290 440 1316; x_wconf 72' lang='lat' dir='ltr'>AuEtor</span> <span class='ocrx_word' id='word_1_698' title='bbox 453 1288 485 1315; x_wconf 87' lang='lat' dir='ltr'>ad</span> <span class='ocrx_word' id='word_1_699' title='bbox 499 1289 597 1315; x_wconf 87' lang='lat' dir='ltr'>Heren.</span> <span class='ocrx_word' id='word_1_700' title='bbox 612 1298 639 1322; x_wconf 80' lang='lat'>4,</span> <span class='ocrx_word' id='word_1_701' title='bbox 653 1291 683 1321; x_wconf 78' lang='lat'>63</span> <span class='ocrx_word' id='word_1_702' title='bbox 710 1289 759 1314; x_wconf 91' lang='lat' dir='ltr'>Iste</span> <span class='ocrx_word' id='word_1_703' title='bbox 774 1288 896 1323; x_wconf 88' lang='lat' dir='ltr'>quotidie</span> <span class='ocrx_word' id='word_1_704' title='bbox 910 1297 955 1322; x_wconf 89' lang='lat' dir='ltr'>per</span> <span class='ocrx_word' id='word_1_705' title='bbox 970 1288 1061 1325; x_wconf 80' lang='lat' dir='ltr'>forum</span> <span class='ocrx_word' id='word_1_706' title='bbox 1118 1297 1141 1316; x_wconf 78' lang='lat' dir='ltr'>et</span> <span class='ocrx_word' id='word_1_707' title='bbox 1160 1298 1204 1321; x_wconf 85' lang='lat'>21,</span> <span class='ocrx_word' id='word_1_708' title='bbox 1225 1297 1261 1324; x_wconf 85' lang='lat'>17.</span> <span class='ocrx_word' id='word_1_709' title='bbox 1359 1326 1371 1330; x_wconf 74' lang='lat'>-</span> 
     </span>
    </p>

    <p class='ocr_par' dir='ltr' id='par_1_17' title="bbox 0 1324 2173 1472">
     <span class='ocr_line' id='line_1_37' title="bbox 13 1324 2173 1371; baseline -0 -17"><span class='ocrx_word' id='word_1_710' title='bbox 13 1340 17 1358; x_wconf 76' lang='grc' dir='ltr'>ι</span> <span class='ocrx_word' id='word_1_711' title='bbox 45 1327 152 1361; x_wconf 84' lang='lat' dir='ltr'>edium,</span> <span class='ocrx_word' id='word_1_712' title='bbox 174 1334 298 1362; x_wconf 85' lang='lat' dir='ltr'>tanquam</span> <span class='ocrx_word' id='word_1_713' title='bbox 318 1326 422 1353; x_wconf 86' lang='lat' dir='ltr'>iubatus</span> <span class='ocrx_word' id='word_1_714' title='bbox 441 1325 520 1352; x_wconf 86' lang='lat' dir='ltr'>draco</span> <span class='ocrx_word' id='word_1_715' title='bbox 541 1325 637 1359; x_wconf 86' lang='lat' dir='ltr'>serpit,</span> <span class='ocrx_word' id='word_1_716' title='bbox 663 1324 786 1351; x_wconf 87' lang='lat' dir='ltr'>dentibus</span> <span class='ocrx_word' id='word_1_717' title='bbox 806 1324 931 1356; x_wconf 85' lang='lat' dir='ltr'>aduncis,</span> <span class='ocrx_word' id='word_1_718' title='bbox 957 1325 1062 1358; x_wconf 69' lang='lat' dir='ltr'>aspectu</span> <span class='ocrx_word' id='word_1_719' title='bbox 1155 1332 1199 1352; x_wconf 84' lang='lat' dir='ltr'>As</span> <span class='ocrx_word' id='word_1_720' title='bbox 1212 1332 1227 1351; x_wconf 82' lang='lat'>1‘</span> <span class='ocrx_word' id='word_1_721' title='bbox 1239 1332 1458 1353; x_wconf 81' lang='lat' dir='ltr'>HALTITES.</span> <span class='ocrx_word' id='word_1_722' title='bbox 1497 1326 1710 1363; x_wconf 75' lang='grc' dir='ltr'>[Ἂσφοιλτίτης]</span> <span class='ocrx_word' id='word_1_723' title='bbox 1759 1330 1840 1357; x_wconf 84' lang='lat' dir='ltr'>Lacus</span> <span class='ocrx_word' id='word_1_724' title='bbox 1861 1332 1964 1365; x_wconf 59' lang='lat' dir='ltr'>Syriae,</span> <span class='ocrx_word' id='word_1_725' title='bbox 1991 1333 2020 1360; x_wconf 60' lang='lat' dir='ltr'>df</span> <span class='ocrx_word' id='word_1_726' title='bbox 2040 1344 2086 1371; x_wconf 65' lang='lat' dir='ltr'>quo</span> <span class='ocrx_word' id='word_1_727' title='bbox 2106 1336 2173 1364; x_wconf 51' lang='lat' dir='ltr'>plin·</span> 
     </span>
     <span class='ocr_line' id='line_1_38' title="bbox 0 1354 2173 1400; baseline 0.006 -13"><span class='ocrx_word' id='word_1_728' title='bbox 0 1354 19 1400; x_wconf 54' lang='grc' dir='ltr'>’μ’</span> <span class='ocrx_word' id='word_1_729' title='bbox 33 1363 132 1397; x_wconf 84' lang='lat' dir='ltr'>abido,</span> <span class='ocrx_word' id='word_1_730' title='bbox 155 1363 250 1399; x_wconf 85' lang='lat' dir='ltr'>spiritu</span> <span class='ocrx_word' id='word_1_731' title='bbox 270 1368 414 1393; x_wconf 86' lang='lat' dir='ltr'>venenato,</span> <span class='ocrx_word' id='word_1_732' title='bbox 441 1361 658 1395; x_wconf 68' lang='lat' dir='ltr'>circumspectans</span> <span class='ocrx_word' id='word_1_733' title='bbox 680 1360 729 1386; x_wconf 89' lang='lat' dir='ltr'>huc</span> <span class='ocrx_word' id='word_1_734' title='bbox 744 1366 769 1386; x_wconf 87' lang='lat' dir='ltr'>et</span> <span class='ocrx_word' id='word_1_735' title='bbox 790 1360 864 1391; x_wconf 89' lang='lat' dir='ltr'>illuc,</span> <span class='ocrx_word' id='word_1_736' title='bbox 884 1360 901 1385; x_wconf 82' lang='lat' dir='ltr'>fi</span> <span class='ocrx_word' id='word_1_737' title='bbox 923 1369 1003 1394; x_wconf 87' lang='lat' dir='ltr'>quem</span> <span class='ocrx_word' id='word_1_738' title='bbox 1023 1368 1063 1386; x_wconf 84' lang='lat' dir='ltr'>re·</span> <span class='ocrx_word' id='word_1_739' title='bbox 1119 1368 1142 1394; x_wconf 74' lang='grc' dir='ltr'>ς,</span> <span class='ocrx_word' id='word_1_740' title='bbox 1158 1364 1186 1387; x_wconf 92' lang='lat'>16</span> <span class='ocrx_word' id='word_1_741' title='bbox 1207 1361 1365 1395; x_wconf 82' lang='lat' dir='ltr'>Asphaltites</span> <span class='ocrx_word' id='word_1_742' title='bbox 1377 1362 1446 1388; x_wconf 86' lang='lat' dir='ltr'>nihil</span> <span class='ocrx_word' id='word_1_743' title='bbox 1463 1368 1567 1396; x_wconf 81' lang='lat' dir='ltr'>praeter</span> <span class='ocrx_word' id='word_1_744' title='bbox 1581 1362 1704 1390; x_wconf 87' lang='lat' dir='ltr'>bitumen</span> <span class='ocrx_word' id='word_1_745' title='bbox 1718 1365 1818 1399; x_wconf 80' lang='lat' dir='ltr'>gignit:</span> <span class='ocrx_word' id='word_1_746' title='bbox 1838 1368 1907 1394; x_wconf 87' lang='lat' dir='ltr'>vnde</span> <span class='ocrx_word' id='word_1_747' title='bbox 1921 1374 1947 1394; x_wconf 88' lang='lat' dir='ltr'>et</span> <span class='ocrx_word' id='word_1_748' title='bbox 1960 1378 2066 1397; x_wconf 87' lang='lat' dir='ltr'>nomen.</span> <span class='ocrx_word' id='word_1_749' title='bbox 2104 1372 2173 1400; x_wconf 91' lang='lat' dir='ltr'>Nul-</span> 
     </span>
     <span class='ocr_line' id='line_1_39' title="bbox 0 1396 2173 1436; baseline 0.005 -11"><span class='ocrx_word' id='word_1_750' title='bbox 0 1400 18 1433; x_wconf 55' lang='grc' dir='ltr'>ἠ’</span> <span class='ocrx_word' id='word_1_751' title='bbox 35 1400 102 1427; x_wconf 87' lang='lat' dir='ltr'>eriat</span> <span class='ocrx_word' id='word_1_752' title='bbox 137 1400 182 1426; x_wconf 89' lang='lat' dir='ltr'>cui</span> <span class='ocrx_word' id='word_1_753' title='bbox 195 1398 298 1433; x_wconf 81' lang='lat' dir='ltr'>aliquid</span> <span class='ocrx_word' id='word_1_754' title='bbox 313 1398 377 1424; x_wconf 85' lang='lat' dir='ltr'>mali</span> <span class='ocrx_word' id='word_1_755' title='bbox 391 1396 512 1424; x_wconf 84' lang='lat' dir='ltr'>faucibus</span> <span class='ocrx_word' id='word_1_756' title='bbox 528 1398 632 1429; x_wconf 83' lang='lat' dir='ltr'>afflare,</span> <span class='ocrx_word' id='word_1_757' title='bbox 648 1405 727 1431; x_wconf 86' lang='lat' dir='ltr'>quem</span> <span class='ocrx_word' id='word_1_758' title='bbox 746 1404 794 1422; x_wconf 88' lang='lat' dir='ltr'>ore</span> <span class='ocrx_word' id='word_1_759' title='bbox 812 1397 956 1430; x_wconf 74' lang='lat' dir='ltr'>attingere,</span> <span class='ocrx_word' id='word_1_760' title='bbox 979 1396 1064 1422; x_wconf 87' lang='lat' dir='ltr'>denti·</span> <span class='ocrx_word' id='word_1_761' title='bbox 1077 1405 1104 1431; x_wconf 78' lang='lat'>35</span> <span class='ocrx_word' id='word_1_762' title='bbox 1118 1397 1173 1422; x_wconf 89' lang='lat' dir='ltr'>lum</span> <span class='ocrx_word' id='word_1_763' title='bbox 1192 1407 1287 1431; x_wconf 87' lang='lat' dir='ltr'>corpus</span> <span class='ocrx_word' id='word_1_764' title='bbox 1303 1398 1461 1424; x_wconf 85' lang='lat' dir='ltr'>animalium</span> <span class='ocrx_word' id='word_1_765' title='bbox 1481 1399 1594 1433; x_wconf 85' lang='lat' dir='ltr'>recipit,</span> <span class='ocrx_word' id='word_1_766' title='bbox 1616 1401 1686 1426; x_wconf 84' lang='lat' dir='ltr'>tauri</span> <span class='ocrx_word' id='word_1_767' title='bbox 1705 1402 1852 1436; x_wconf 85' lang='lat' dir='ltr'>camelique</span> <span class='ocrx_word' id='word_1_768' title='bbox 1871 1404 1977 1431; x_wconf 79' lang='lat' dir='ltr'>fluitant</span> <span class='ocrx_word' id='word_1_769' title='bbox 1991 1417 1996 1432; x_wconf 94' lang='lat'>:</span> <span class='ocrx_word' id='word_1_770' title='bbox 2023 1407 2087 1434; x_wconf 89' lang='lat' dir='ltr'>inde</span> <span class='ocrx_word' id='word_1_771' title='bbox 2102 1409 2173 1435; x_wconf 87' lang='lat' dir='ltr'>fama</span> 
     </span>
     <span class='ocr_line' id='line_1_40' title="bbox 0 1419 1955 1472; baseline 0.005 -16"><span class='ocrx_word' id='word_1_772' title='bbox 0 1426 5 1435; x_wconf 88' lang='grc'><em>“</em></span> <span class='ocrx_word' id='word_1_773' title='bbox 21 1450 24 1453; x_wconf 83' lang='grc'>.</span> <span class='ocrx_word' id='word_1_774' title='bbox 37 1444 67 1462; x_wconf 64' lang='grc' dir='ltr'>μς</span> <span class='ocrx_word' id='word_1_775' title='bbox 81 1419 211 1468; x_wconf 45' lang='lat' dir='ltr'>instem-e,</span> <span class='ocrx_word' id='word_1_776' title='bbox 232 1435 333 1469; x_wconf 84' lang='lat' dir='ltr'>Lingua</span> <span class='ocrx_word' id='word_1_777' title='bbox 352 1434 488 1468; x_wconf 87' lang='lat' dir='ltr'>aspergere</span> <span class='ocrx_word' id='word_1_778' title='bbox 502 1432 584 1467; x_wconf 86' lang='lat' dir='ltr'>pollit.</span> <span class='ocrx_word' id='word_1_779' title='bbox 619 1432 676 1458; x_wconf 90' lang='lat' dir='ltr'>Cic.</span> <span class='ocrx_word' id='word_1_780' title='bbox 689 1440 738 1466; x_wconf 90' lang='lat' dir='ltr'>pro</span> <span class='ocrx_word' id='word_1_781' title='bbox 750 1432 835 1458; x_wconf 83' lang='lat' dir='ltr'>Plane.</span> <span class='ocrx_word' id='word_1_782' title='bbox 850 1440 882 1464; x_wconf 73' lang='lat'>30</span> <span class='ocrx_word' id='word_1_783' title='bbox 901 1441 922 1458; x_wconf 87' lang='lat' dir='ltr'>c.</span> <span class='ocrx_word' id='word_1_784' title='bbox 937 1440 964 1457; x_wconf 78' lang='lat' dir='ltr'>iz</span> <span class='ocrx_word' id='word_1_785' title='bbox 985 1433 1064 1458; x_wconf 84' lang='lat' dir='ltr'>Hunc</span> <span class='ocrx_word' id='word_1_786' title='bbox 1118 1432 1188 1458; x_wconf 89' lang='lat' dir='ltr'>nihil</span> <span class='ocrx_word' id='word_1_787' title='bbox 1201 1433 1231 1459; x_wconf 91' lang='lat' dir='ltr'>in</span> <span class='ocrx_word' id='word_1_788' title='bbox 1245 1441 1278 1459; x_wconf 91' lang='lat' dir='ltr'>eo</span> <span class='ocrx_word' id='word_1_789' title='bbox 1293 1433 1388 1467; x_wconf 84' lang='lat' dir='ltr'>mergi.</span> <span class='ocrx_word' id='word_1_790' title='bbox 1425 1434 1464 1459; x_wconf 87' lang='lat' dir='ltr'>De</span> <span class='ocrx_word' id='word_1_791' title='bbox 1478 1433 1528 1460; x_wconf 85' lang='lat' dir='ltr'>hoc</span> <span class='ocrx_word' id='word_1_792' title='bbox 1542 1435 1625 1461; x_wconf 88' lang='lat' dir='ltr'>multa</span> <span class='ocrx_word' id='word_1_793' title='bbox 1639 1436 1721 1462; x_wconf 83' lang='lat' dir='ltr'>Solin.</span> <span class='ocrx_word' id='word_1_794' title='bbox 1736 1442 1762 1462; x_wconf 91' lang='lat' dir='ltr'>et</span> <span class='ocrx_word' id='word_1_795' title='bbox 1774 1438 1865 1464; x_wconf 87' lang='lat' dir='ltr'>lustin.</span> <span class='ocrx_word' id='word_1_796' title='bbox 1879 1442 1919 1472; x_wconf 76' lang='lat'>36,</span> <span class='ocrx_word' id='word_1_797' title='bbox 1934 1449 1955 1472; x_wconf 85' lang='lat'>3.</span> 
     </span>
    </p>

    <p class='ocr_par' dir='ltr' id='par_1_18' title="bbox 59 1467 2175 1512">
     <span class='ocr_line' id='line_1_41' title="bbox 59 1467 2175 1512; baseline -0.004 -14"><span class='ocrx_word' id='word_1_798' title='bbox 59 1472 131 1498; x_wconf 70' lang='lat' dir='ltr'>Vitae</span> <span class='ocrx_word' id='word_1_799' title='bbox 144 1470 308 1505; x_wconf 88' lang='lat' dir='ltr'>splendorem</span> <span class='ocrx_word' id='word_1_800' title='bbox 322 1469 434 1496; x_wconf 88' lang='lat' dir='ltr'>Maculis</span> <span class='ocrx_word' id='word_1_801' title='bbox 453 1469 566 1503; x_wconf 82' lang='lat' dir='ltr'>aspergis</span> <span class='ocrx_word' id='word_1_802' title='bbox 579 1467 634 1494; x_wconf 83' lang='lat' dir='ltr'>istis</span> <span class='ocrx_word' id='word_1_803' title='bbox 649 1477 654 1493; x_wconf 78' lang='lat' dir='ltr'>z</span> <span class='ocrx_word' id='word_1_804' title='bbox 679 1468 745 1494; x_wconf 83' lang='lat' dir='ltr'>iacis</span> <span class='ocrx_word' id='word_1_805' title='bbox 757 1468 904 1500; x_wconf 85' lang='lat' dir='ltr'>adulteria,</span> <span class='ocrx_word' id='word_1_806' title='bbox 923 1474 968 1493; x_wconf 76' lang='lat' dir='ltr'>etc.</span> <span class='ocrx_word' id='word_1_807' title='bbox 1007 1468 1064 1494; x_wconf 87' lang='lat' dir='ltr'>No·</span> <span class='ocrx_word' id='word_1_808' title='bbox 1155 1475 1176 1494; x_wconf 76' lang='grc' dir='ltr'>Α</span> <span class='ocrx_word' id='word_1_809' title='bbox 1187 1476 1199 1495; x_wconf 76' lang='lat' dir='ltr'>S</span> <span class='ocrx_word' id='word_1_810' title='bbox 1210 1476 1224 1494; x_wconf 81' lang='grc' dir='ltr'>Ρ</span> <span class='ocrx_word' id='word_1_811' title='bbox 1234 1476 1254 1495; x_wconf 84' lang='grc' dir='ltr'>Η</span> <span class='ocrx_word' id='word_1_812' title='bbox 1264 1478 1283 1495; x_wconf 78' lang='grc' dir='ltr'>υ</span> <span class='ocrx_word' id='word_1_813' title='bbox 1292 1475 1310 1495; x_wconf 89' lang='lat' dir='ltr'>D</span> <span class='ocrx_word' id='word_1_814' title='bbox 1321 1467 1338 1495; x_wconf 69' lang='grc' dir='ltr'><strong><em>ἓ</em></strong></span> <span class='ocrx_word' id='word_1_815' title='bbox 1348 1475 1363 1494; x_wconf 86' lang='lat' dir='ltr'>L</span> <span class='ocrx_word' id='word_1_816' title='bbox 1375 1475 1395 1495; x_wconf 92' lang='lat' dir='ltr'>V</span> <span class='ocrx_word' id='word_1_817' title='bbox 1406 1476 1418 1495; x_wconf 90' lang='lat' dir='ltr'>S</span> <span class='ocrx_word' id='word_1_818' title='bbox 1428 1489 1437 1501; x_wconf 94' lang='lat'>,</span> <span class='ocrx_word' id='word_1_819' title='bbox 1463 1469 1480 1495; x_wconf 91' lang='lat' dir='ltr'>i.</span> <span class='ocrx_word' id='word_1_820' title='bbox 1519 1479 1554 1497; x_wconf 89' lang='lat' dir='ltr'>m.</span> <span class='ocrx_word' id='word_1_821' title='bbox 1590 1469 1763 1506; x_wconf 64' lang='grc' dir='ltr'>[ἐσφάδελος]</span> <span class='ocrx_word' id='word_1_822' title='bbox 1807 1474 1890 1501; x_wconf 61' lang='lat' dir='ltr'><em>Herba</em></span> <span class='ocrx_word' id='word_1_823' title='bbox 1899 1494 1907 1507; x_wconf 61' lang='lat'>5</span> <span class='ocrx_word' id='word_1_824' title='bbox 1927 1476 1955 1501; x_wconf 52' lang='lat' dir='ltr'>de.</span> <span class='ocrx_word' id='word_1_825' title='bbox 1976 1485 2023 1511; x_wconf 66' lang='lat' dir='ltr'>qua</span> <span class='ocrx_word' id='word_1_826' title='bbox 2041 1478 2110 1505; x_wconf 42' lang='lat' dir='ltr'>pnn-</span> <span class='ocrx_word' id='word_1_827' title='bbox 2131 1488 2175 1512; x_wconf 62' lang='lat'>2¹,</span> 
     </span>
    </p>

    <p class='ocr_par' dir='ltr' id='par_1_19' title="bbox 34 1503 2176 1549">
     <span class='ocr_line' id='line_1_42' title="bbox 34 1503 2176 1549; baseline 0.004 -16"><span class='ocrx_word' id='word_1_828' title='bbox 34 1515 70 1533; x_wconf 89' lang='lat' dir='ltr'>m</span> <span class='ocrx_word' id='word_1_829' title='bbox 84 1507 166 1534; x_wconf 86' lang='lat' dir='ltr'>alicui</span> <span class='ocrx_word' id='word_1_830' title='bbox 179 1506 283 1541; x_wconf 83' lang='lat' dir='ltr'>leian.</span> <span class='ocrx_word' id='word_1_831' title='bbox 303 1506 331 1532; x_wconf 91' lang='lat' dir='ltr'>in</span> <span class='ocrx_word' id='word_1_832' title='bbox 353 1505 370 1531; x_wconf 95' lang='lat' dir='ltr'>l.</span> <span class='ocrx_word' id='word_1_833' title='bbox 384 1505 443 1531; x_wconf 91' lang='lat' dir='ltr'>diui</span> <span class='ocrx_word' id='word_1_834' title='bbox 462 1505 566 1531; x_wconf 83' lang='lat' dir='ltr'>fratres.</span> <span class='ocrx_word' id='word_1_835' title='bbox 594 1504 626 1530; x_wconf 93' lang='lat' dir='ltr'>D.</span> <span class='ocrx_word' id='word_1_836' title='bbox 641 1504 673 1530; x_wconf 91' lang='lat' dir='ltr'>de</span> <span class='ocrx_word' id='word_1_837' title='bbox 688 1504 747 1530; x_wconf 88' lang='lat' dir='ltr'>iure</span> <span class='ocrx_word' id='word_1_838' title='bbox 766 1510 896 1538; x_wconf 83' lang='lat' dir='ltr'>patronat.</span> <span class='ocrx_word' id='word_1_839' title='bbox 940 1503 996 1529; x_wconf 86' lang='lat' dir='ltr'>Cic.</span> <span class='ocrx_word' id='word_1_840' title='bbox 1013 1512 1063 1538; x_wconf 88' lang='lat' dir='ltr'>pro</span> <span class='ocrx_word' id='word_1_841' title='bbox 1121 1512 1149 1538; x_wconf 89' lang='lat'>17</span> <span class='ocrx_word' id='word_1_842' title='bbox 1171 1505 1188 1530; x_wconf 89' lang='lat' dir='ltr'>s.</span> <span class='ocrx_word' id='word_1_843' title='bbox 1204 1508 1235 1534; x_wconf 77' lang='lat'>68</span> <span class='ocrx_word' id='word_1_844' title='bbox 1256 1504 1423 1539; x_wconf 87' lang='lat' dir='ltr'>Asphodelus</span> <span class='ocrx_word' id='word_1_845' title='bbox 1439 1505 1576 1532; x_wconf 87' lang='lat' dir='ltr'>manditur</span> <span class='ocrx_word' id='word_1_846' title='bbox 1592 1512 1617 1532; x_wconf 86' lang='lat' dir='ltr'>et</span> <span class='ocrx_word' id='word_1_847' title='bbox 1634 1507 1734 1533; x_wconf 87' lang='lat' dir='ltr'>semine</span> <span class='ocrx_word' id='word_1_848' title='bbox 1748 1508 1817 1535; x_wconf 82' lang='lat' dir='ltr'>tosto</span> <span class='ocrx_word' id='word_1_849' title='bbox 1836 1515 1861 1535; x_wconf 90' lang='lat' dir='ltr'>et</span> <span class='ocrx_word' id='word_1_850' title='bbox 1876 1509 1971 1539; x_wconf 90' lang='lat' dir='ltr'>bulbo.</span> <span class='ocrx_word' id='word_1_851' title='bbox 2007 1513 2092 1540; x_wconf 80' lang='lat' dir='ltr'>Paullo</span> <span class='ocrx_word' id='word_1_852' title='bbox 2107 1513 2176 1549; x_wconf 75' lang='lat' dir='ltr'>post,</span> 
     </span>
    </p>

    <p class='ocr_par' dir='ltr' id='par_1_20' title="bbox 0 1539 2174 1582">
     <span class='ocr_line' id='line_1_43' title="bbox 0 1539 2174 1582; baseline 0.002 -13"><span class='ocrx_word' id='word_1_853' title='bbox 0 1549 5 1572; x_wconf 74' lang='grc' dir='ltr'><strong>ι</strong></span> <span class='ocrx_word' id='word_1_854' title='bbox 46 1541 89 1569; x_wconf 86' lang='lat' dir='ltr'>el.</span> <span class='ocrx_word' id='word_1_855' title='bbox 103 1549 133 1574; x_wconf 84' lang='lat'>23</span> <span class='ocrx_word' id='word_1_856' title='bbox 152 1551 173 1567; x_wconf 88' lang='lat' dir='ltr'>e.</span> <span class='ocrx_word' id='word_1_857' title='bbox 189 1550 217 1568; x_wconf 90' lang='lat'>10</span> <span class='ocrx_word' id='word_1_858' title='bbox 237 1542 293 1575; x_wconf 79' lang='lat' dir='ltr'>Qu</span> <span class='ocrx_word' id='word_1_859' title='bbox 309 1541 383 1568; x_wconf 90' lang='lat' dir='ltr'>istius</span> <span class='ocrx_word' id='word_1_860' title='bbox 400 1539 465 1566; x_wconf 63' lang='lat' dir='ltr'>saeii</span> <span class='ocrx_word' id='word_1_861' title='bbox 480 1549 535 1566; x_wconf 89' lang='lat' dir='ltr'>non</span> <span class='ocrx_word' id='word_1_862' title='bbox 553 1539 635 1566; x_wconf 89' lang='lat' dir='ltr'>modo</span> <span class='ocrx_word' id='word_1_863' title='bbox 647 1539 816 1574; x_wconf 80' lang='lat' dir='ltr'>Suspicione,</span> <span class='ocrx_word' id='word_1_864' title='bbox 837 1539 880 1565; x_wconf 88' lang='lat' dir='ltr'>sed</span> <span class='ocrx_word' id='word_1_865' title='bbox 900 1549 932 1565; x_wconf 90' lang='lat' dir='ltr'>ne</span> <span class='ocrx_word' id='word_1_866' title='bbox 950 1539 1065 1566; x_wconf 83' lang='lat' dir='ltr'>Infamia</span> <span class='ocrx_word' id='word_1_867' title='bbox 1120 1540 1265 1574; x_wconf 86' lang='lat' dir='ltr'>Asphodeli</span> <span class='ocrx_word' id='word_1_868' title='bbox 1284 1541 1450 1567; x_wconf 88' lang='lat' dir='ltr'>mentionem</span> <span class='ocrx_word' id='word_1_869' title='bbox 1469 1547 1495 1567; x_wconf 89' lang='lat' dir='ltr'>et</span> <span class='ocrx_word' id='word_1_870' title='bbox 1509 1542 1643 1568; x_wconf 81' lang='lat' dir='ltr'>Homerus</span> <span class='ocrx_word' id='word_1_871' title='bbox 1662 1542 1736 1569; x_wconf 77' lang='lat' dir='ltr'>fecit.</span> <span class='ocrx_word' id='word_1_872' title='bbox 1785 1544 1869 1571; x_wconf 83' lang='lat' dir='ltr'>Radix</span> <span class='ocrx_word' id='word_1_873' title='bbox 1891 1546 1948 1572; x_wconf 87' lang='lat' dir='ltr'>eius</span> <span class='ocrx_word' id='word_1_874' title='bbox 1966 1548 2040 1582; x_wconf 81' lang='lat' dir='ltr'>napis</span> <span class='ocrx_word' id='word_1_875' title='bbox 2060 1550 2174 1577; x_wconf 67' lang='lat' dir='ltr'>modicis</span> 
     </span>
    </p>

    <p class='ocr_par' dir='ltr' id='par_1_21' title="bbox 0 1575 2177 1620">
     <span class='ocr_line' id='line_1_44' title="bbox 0 1575 2177 1620; baseline 0.004 -15"><span class='ocrx_word' id='word_1_876' title='bbox 0 1590 8 1607; x_wconf 74' lang='grc' dir='ltr'><strong>ι</strong></span> <span class='ocrx_word' id='word_1_877' title='bbox 39 1577 127 1605; x_wconf 85' lang='lat' dir='ltr'>uidem</span> <span class='ocrx_word' id='word_1_878' title='bbox 139 1577 176 1603; x_wconf 89' lang='lat' dir='ltr'>est</span> <span class='ocrx_word' id='word_1_879' title='bbox 190 1578 312 1611; x_wconf 81' lang='lat' dir='ltr'>aspersus.</span> <span class='ocrx_word' id='word_1_880' title='bbox 348 1575 417 1603; x_wconf 80' lang='lat' dir='ltr'>Add.</span> <span class='ocrx_word' id='word_1_881' title='bbox 435 1576 503 1609; x_wconf 91' lang='lat' dir='ltr'>Nep.</span> <span class='ocrx_word' id='word_1_882' title='bbox 517 1582 550 1610; x_wconf 85' lang='lat'>7,</span> <span class='ocrx_word' id='word_1_883' title='bbox 568 1584 595 1607; x_wconf 81' lang='lat'>3,</span> <span class='ocrx_word' id='word_1_884' title='bbox 611 1583 632 1608; x_wconf 82' lang='grc' dir='ltr'>ς.</span> <span class='ocrx_word' id='word_1_885' title='bbox 703 1575 771 1602; x_wconf 87' lang='lat' dir='ltr'>Sales</span> <span class='ocrx_word' id='word_1_886' title='bbox 791 1576 909 1602; x_wconf 81' lang='lat' dir='ltr'>orationi</span> <span class='ocrx_word' id='word_1_887' title='bbox 929 1576 1065 1610; x_wconf 83' lang='lat' dir='ltr'>aspergere</span> <span class='ocrx_word' id='word_1_888' title='bbox 1075 1583 1111 1607; x_wconf 77' lang='lat'>40</span> <span class='ocrx_word' id='word_1_889' title='bbox 1121 1576 1213 1602; x_wconf 76' lang='lat' dir='ltr'>similis</span> <span class='ocrx_word' id='word_1_890' title='bbox 1228 1577 1272 1603; x_wconf 88' lang='lat' dir='ltr'>est.</span> <span class='ocrx_word' id='word_1_891' title='bbox 1312 1577 1409 1611; x_wconf 89' lang='lat' dir='ltr'>Neque</span> <span class='ocrx_word' id='word_1_892' title='bbox 1422 1576 1476 1603; x_wconf 80' lang='lat' dir='ltr'>alia</span> <span class='ocrx_word' id='word_1_893' title='bbox 1489 1578 1669 1609; x_wconf 84' lang='lat' dir='ltr'>numerofior,</span> <span class='ocrx_word' id='word_1_894' title='bbox 1689 1579 1782 1606; x_wconf 91' lang='lat' dir='ltr'>LXXX</span> <span class='ocrx_word' id='word_1_895' title='bbox 1799 1579 1873 1607; x_wconf 77' lang='lat' dir='ltr'>simul</span> <span class='ocrx_word' id='word_1_896' title='bbox 1886 1584 2017 1609; x_wconf 86' lang='lat' dir='ltr'>aceruatis</span> <span class='ocrx_word' id='word_1_897' title='bbox 2031 1585 2105 1620; x_wconf 84' lang='lat' dir='ltr'>saepe</span> <span class='ocrx_word' id='word_1_898' title='bbox 2119 1586 2177 1613; x_wconf 91' lang='lat' dir='ltr'>bul-</span> 
     </span>
    </p>

    <p class='ocr_par' dir='ltr' id='par_1_22' title="bbox 0 1610 2176 1654">
     <span class='ocr_line' id='line_1_45' title="bbox 0 1610 2176 1654; baseline 0.004 -14"><span class='ocrx_word' id='word_1_899' title='bbox 0 1630 5 1644; x_wconf 57' lang='grc' dir='ltr'><strong>ς</strong></span> <span class='ocrx_word' id='word_1_900' title='bbox 45 1613 69 1641; x_wconf 84' lang='lat' dir='ltr'>ie</span> <span class='ocrx_word' id='word_1_901' title='bbox 86 1612 115 1639; x_wconf 84' lang='lat' dir='ltr'>in</span> <span class='ocrx_word' id='word_1_902' title='bbox 128 1612 203 1639; x_wconf 88' lang='lat' dir='ltr'>Orat.</span> <span class='ocrx_word' id='word_1_903' title='bbox 218 1617 250 1647; x_wconf 87' lang='lat'>87</span> <span class='ocrx_word' id='word_1_904' title='bbox 271 1621 292 1638; x_wconf 91' lang='lat' dir='ltr'>c.</span> <span class='ocrx_word' id='word_1_905' title='bbox 306 1612 348 1638; x_wconf 82' lang='lat'>26.</span> <span class='ocrx_word' id='word_1_906' title='bbox 385 1610 459 1637; x_wconf 88' lang='lat' dir='ltr'>Idem</span> <span class='ocrx_word' id='word_1_907' title='bbox 472 1620 522 1645; x_wconf 92' lang='lat' dir='ltr'>pro</span> <span class='ocrx_word' id='word_1_908' title='bbox 536 1612 618 1638; x_wconf 90' lang='lat' dir='ltr'>Corn.</span> <span class='ocrx_word' id='word_1_909' title='bbox 634 1610 706 1638; x_wconf 82' lang='lat' dir='ltr'>Balb.</span> <span class='ocrx_word' id='word_1_910' title='bbox 721 1613 752 1644; x_wconf 78' lang='lat'>56</span> <span class='ocrx_word' id='word_1_911' title='bbox 775 1612 810 1638; x_wconf 91' lang='lat' dir='ltr'>Vt</span> <span class='ocrx_word' id='word_1_912' title='bbox 828 1612 914 1646; x_wconf 88' lang='lat' dir='ltr'>aliqui</span> <span class='ocrx_word' id='word_1_913' title='bbox 933 1612 1065 1638; x_wconf 79' lang='lat' dir='ltr'>sermones</span> <span class='ocrx_word' id='word_1_914' title='bbox 1121 1611 1171 1638; x_wconf 88' lang='lat' dir='ltr'>bis.</span> <span class='ocrx_word' id='word_1_915' title='bbox 1208 1612 1430 1647; x_wconf 82' lang='lat' dir='ltr'>Theophrastus,</span> <span class='ocrx_word' id='word_1_916' title='bbox 1450 1618 1476 1639; x_wconf 85' lang='lat' dir='ltr'>et</span> <span class='ocrx_word' id='word_1_917' title='bbox 1488 1613 1546 1640; x_wconf 88' lang='lat' dir='ltr'>fere</span> <span class='ocrx_word' id='word_1_918' title='bbox 1559 1614 1670 1646; x_wconf 90' lang='lat' dir='ltr'>Graeci,</span> <span class='ocrx_word' id='word_1_919' title='bbox 1688 1615 1862 1651; x_wconf 82' lang='lat' dir='ltr'>princepsque</span> <span class='ocrx_word' id='word_1_920' title='bbox 1877 1618 2052 1654; x_wconf 82' lang='lat' dir='ltr'>Pythagoras,</span> <span class='ocrx_word' id='word_1_921' title='bbox 2073 1622 2176 1649; x_wconf 89' lang='lat' dir='ltr'>caulem</span> 
     </span>
    </p>

    <p class='ocr_par' dir='ltr' id='par_1_23' title="bbox 0 1632 2176 1692">
     <span class='ocr_line' id='line_1_46' title="bbox 0 1632 2176 1692; baseline 0.004 -16"><span class='ocrx_word' id='word_1_922' title='bbox 0 1656 17 1689; x_wconf 56' lang='grc' dir='ltr'>Γ</span> <span class='ocrx_word' id='word_1_923' title='bbox 40 1632 156 1677; x_wconf 58' lang='lat' dir='ltr'>dniinum</span> <span class='ocrx_word' id='word_1_924' title='bbox 170 1647 263 1674; x_wconf 84' lang='lat' dir='ltr'>alienis</span> <span class='ocrx_word' id='word_1_925' title='bbox 278 1647 355 1674; x_wconf 91' lang='lat' dir='ltr'>bonis</span> <span class='ocrx_word' id='word_1_926' title='bbox 369 1648 548 1673; x_wconf 76' lang='lat' dir='ltr'>moerentium</span> <span class='ocrx_word' id='word_1_927' title='bbox 557 1667 566 1679; x_wconf 94' lang='lat'>,</span> <span class='ocrx_word' id='word_1_928' title='bbox 585 1647 667 1673; x_wconf 83' lang='lat' dir='ltr'>etiam</span> <span class='ocrx_word' id='word_1_929' title='bbox 686 1647 718 1673; x_wconf 88' lang='lat' dir='ltr'>ad</span> <span class='ocrx_word' id='word_1_930' title='bbox 730 1647 828 1674; x_wconf 84' lang='lat' dir='ltr'>vestras</span> <span class='ocrx_word' id='word_1_931' title='bbox 841 1656 917 1674; x_wconf 85' lang='lat' dir='ltr'>aures</span> <span class='ocrx_word' id='word_1_932' title='bbox 931 1656 1066 1682; x_wconf 85' lang='lat' dir='ltr'>permana-</span> <span class='ocrx_word' id='word_1_933' title='bbox 1121 1648 1179 1674; x_wconf 85' lang='lat' dir='ltr'>eius</span> <span class='ocrx_word' id='word_1_934' title='bbox 1194 1648 1337 1675; x_wconf 86' lang='lat' dir='ltr'>cubitalem</span> <span class='ocrx_word' id='word_1_935' title='bbox 1347 1669 1355 1681; x_wconf 93' lang='lat'>,</span> <span class='ocrx_word' id='word_1_936' title='bbox 1376 1656 1401 1675; x_wconf 87' lang='lat' dir='ltr'>et</span> <span class='ocrx_word' id='word_1_937' title='bbox 1414 1650 1489 1683; x_wconf 87' lang='lat' dir='ltr'>saepe</span> <span class='ocrx_word' id='word_1_938' title='bbox 1503 1647 1586 1675; x_wconf 71' lang='lat' dir='ltr'>duum</span> <span class='ocrx_word' id='word_1_939' title='bbox 1600 1651 1753 1677; x_wconf 76' lang='lat' dir='ltr'>cubitorum</span> <span class='ocrx_word' id='word_1_940' title='bbox 1762 1672 1770 1683; x_wconf 93' lang='lat'>,</span> <span class='ocrx_word' id='word_1_941' title='bbox 1795 1653 1869 1678; x_wconf 84' lang='lat' dir='ltr'>foliis</span> <span class='ocrx_word' id='word_1_942' title='bbox 1883 1655 1958 1688; x_wconf 90' lang='lat' dir='ltr'>porri</span> <span class='ocrx_word' id='word_1_943' title='bbox 1973 1655 2112 1692; x_wconf 84' lang='lat' dir='ltr'>siluestris,</span> <span class='ocrx_word' id='word_1_944' title='bbox 2131 1667 2176 1685; x_wconf 90' lang='lat' dir='ltr'>an-</span> 
     </span>
    </p>

    <p class='ocr_par' dir='ltr' id='par_1_24' title="bbox 12 1682 2176 1725">
     <span class='ocr_line' id='line_1_47' title="bbox 12 1682 2176 1725; baseline 0.004 -13"><span class='ocrx_word' id='word_1_945' title='bbox 12 1696 16 1705; x_wconf 75' lang='grc'><em>·</em></span> <span class='ocrx_word' id='word_1_946' title='bbox 48 1689 90 1718; x_wconf 85' lang='lat' dir='ltr'>nt,</span> <span class='ocrx_word' id='word_1_947' title='bbox 108 1689 135 1711; x_wconf 89' lang='lat' dir='ltr'>et</span> <span class='ocrx_word' id='word_1_948' title='bbox 152 1684 181 1710; x_wconf 88' lang='lat' dir='ltr'>in</span> <span class='ocrx_word' id='word_1_949' title='bbox 193 1683 297 1710; x_wconf 87' lang='lat' dir='ltr'>iudicio</span> <span class='ocrx_word' id='word_1_950' title='bbox 310 1683 368 1718; x_wconf 92' lang='lat' dir='ltr'>ipso</span> <span class='ocrx_word' id='word_1_951' title='bbox 380 1682 576 1716; x_wconf 86' lang='lat' dir='ltr'>redundarent,</span> <span class='ocrx_word' id='word_1_952' title='bbox 597 1682 698 1713; x_wconf 77' lang='lat' dir='ltr'>idcirco</span> <span class='ocrx_word' id='word_1_953' title='bbox 712 1683 758 1709; x_wconf 90' lang='lat' dir='ltr'>illa</span> <span class='ocrx_word' id='word_1_954' title='bbox 778 1684 807 1709; x_wconf 91' lang='lat' dir='ltr'>in</span> <span class='ocrx_word' id='word_1_955' title='bbox 819 1684 895 1710; x_wconf 88' lang='lat' dir='ltr'>omni</span> <span class='ocrx_word' id='word_1_956' title='bbox 916 1689 990 1717; x_wconf 79' lang='lat' dir='ltr'>parte</span> <span class='ocrx_word' id='word_1_957' title='bbox 1009 1692 1067 1710; x_wconf 89' lang='lat' dir='ltr'>ora·</span> <span class='ocrx_word' id='word_1_958' title='bbox 1121 1684 1245 1711; x_wconf 89' lang='lat' dir='ltr'>thericon</span> <span class='ocrx_word' id='word_1_959' title='bbox 1265 1693 1418 1711; x_wconf 86' lang='lat' dir='ltr'>vocauere:</span> <span class='ocrx_word' id='word_1_960' title='bbox 1437 1685 1560 1711; x_wconf 72' lang='lat' dir='ltr'>radicem</span> <span class='ocrx_word' id='word_1_961' title='bbox 1580 1694 1663 1719; x_wconf 81' lang='lat' dir='ltr'>vero,</span> <span class='ocrx_word' id='word_1_962' title='bbox 1681 1686 1710 1713; x_wconf 91' lang='lat' dir='ltr'>id</span> <span class='ocrx_word' id='word_1_963' title='bbox 1729 1687 1766 1714; x_wconf 87' lang='lat' dir='ltr'>est</span> <span class='ocrx_word' id='word_1_964' title='bbox 1781 1687 1893 1722; x_wconf 77' lang='lat' dir='ltr'>bulb05,</span> <span class='ocrx_word' id='word_1_965' title='bbox 1909 1691 2079 1725; x_wconf 89' lang='lat' dir='ltr'>asphodelon.</span> <span class='ocrx_word' id='word_1_966' title='bbox 2118 1694 2176 1721; x_wconf 89' lang='lat' dir='ltr'>No-</span> 
     </span>
    </p>

    <p class='ocr_par' dir='ltr' id='par_1_25' title="bbox 17 1712 2177 1761">
     <span class='ocr_line' id='line_1_48' title="bbox 42 1718 2177 1761; baseline 0.005 -14.884"><span class='ocrx_word' id='word_1_967' title='bbox 42 1721 100 1749; x_wconf 75' lang='lat' dir='ltr'>onis</span> <span class='ocrx_word' id='word_1_968' title='bbox 113 1721 214 1747; x_wconf 86' lang='lat' dir='ltr'>summa</span> <span class='ocrx_word' id='word_1_969' title='bbox 228 1725 283 1746; x_wconf 90' lang='lat' dir='ltr'>arte</span> <span class='ocrx_word' id='word_1_970' title='bbox 297 1718 400 1753; x_wconf 83' lang='lat' dir='ltr'>aspergi</span> <span class='ocrx_word' id='word_1_971' title='bbox 413 1718 553 1745; x_wconf 87' lang='lat' dir='ltr'>videbatis.</span> <span class='ocrx_word' id='word_1_972' title='bbox 607 1719 648 1746; x_wconf 81' lang='lat' dir='ltr'>sic</span> <span class='ocrx_word' id='word_1_973' title='bbox 663 1720 702 1746; x_wconf 89' lang='lat' dir='ltr'>As</span> <span class='ocrx_word' id='word_1_974' title='bbox 698 1728 807 1754; x_wconf 85' lang='lat' dir='ltr'>pergere</span> <span class='ocrx_word' id='word_1_975' title='bbox 826 1720 924 1755; x_wconf 80' lang='lat' dir='ltr'>aliquid</span> <span class='ocrx_word' id='word_1_976' title='bbox 945 1719 1067 1752; x_wconf 78' lang='lat' dir='ltr'>dicimus,</span> <span class='ocrx_word' id='word_1_977' title='bbox 1122 1719 1169 1746; x_wconf 87' lang='lat' dir='ltr'>stri</span> <span class='ocrx_word' id='word_1_978' title='bbox 1184 1720 1252 1746; x_wconf 87' lang='lat' dir='ltr'>illud</span> <span class='ocrx_word' id='word_1_979' title='bbox 1265 1721 1388 1747; x_wconf 82' lang='lat' dir='ltr'>albucum</span> <span class='ocrx_word' id='word_1_980' title='bbox 1402 1728 1515 1753; x_wconf 89' lang='lat' dir='ltr'>vocant,</span> <span class='ocrx_word' id='word_1_981' title='bbox 1529 1727 1556 1747; x_wconf 88' lang='lat' dir='ltr'>et</span> <span class='ocrx_word' id='word_1_982' title='bbox 1568 1721 1741 1756; x_wconf 83' lang='lat' dir='ltr'>asphodelum</span> <span class='ocrx_word' id='word_1_983' title='bbox 1756 1723 1885 1752; x_wconf 90' lang='lat' dir='ltr'>hastulam</span> <span class='ocrx_word' id='word_1_984' title='bbox 1897 1727 2008 1761; x_wconf 84' lang='lat' dir='ltr'>regiam.</span> <span class='ocrx_word' id='word_1_985' title='bbox 2047 1729 2177 1757; x_wconf 57' lang='lat' dir='ltr'>Haeremus</span> 
     </span>
    </p>

    <p class='ocr_par' dir='ltr' id='par_1_26' title="bbox 18 1754 2176 1828">
     <span class='ocr_line' id='line_1_49' title="bbox 21 1754 2176 1799; baseline 0.003 -17"><span class='ocrx_word' id='word_1_986' title='bbox 21 1780 23 1782; x_wconf 84' lang='lat'>.</span> <span class='ocrx_word' id='word_1_987' title='bbox 50 1766 88 1784; x_wconf 81' lang='lat' dir='ltr'>um</span> <span class='ocrx_word' id='word_1_988' title='bbox 96 1763 177 1793; x_wconf 79' lang='lat' dir='ltr'>pauca</span> <span class='ocrx_word' id='word_1_989' title='bbox 194 1754 223 1781; x_wconf 85' lang='lat' dir='ltr'>de</span> <span class='ocrx_word' id='word_1_990' title='bbox 235 1764 262 1782; x_wconf 80' lang='lat' dir='ltr'>re</span> <span class='ocrx_word' id='word_1_991' title='bbox 281 1756 365 1790; x_wconf 75' lang='lat' dir='ltr'>aliqua</span> <span class='ocrx_word' id='word_1_992' title='bbox 378 1755 522 1791; x_wconf 72' lang='lat' dir='ltr'>scribimur.</span> <span class='ocrx_word' id='word_1_993' title='bbox 559 1755 615 1782; x_wconf 86' lang='lat' dir='ltr'>Cic.</span> <span class='ocrx_word' id='word_1_994' title='bbox 631 1755 703 1782; x_wconf 87' lang='lat' dir='ltr'>Fam.</span> <span class='ocrx_word' id='word_1_995' title='bbox 716 1764 749 1787; x_wconf 84' lang='lat'>2,</span> <span class='ocrx_word' id='word_1_996' title='bbox 763 1757 792 1781; x_wconf 93' lang='lat'>16</span> <span class='ocrx_word' id='word_1_997' title='bbox 818 1756 890 1782; x_wconf 85' lang='lat' dir='ltr'>Haec</span> <span class='ocrx_word' id='word_1_998' title='bbox 909 1755 1019 1790; x_wconf 78' lang='lat' dir='ltr'>asperii,</span> <span class='ocrx_word' id='word_1_999' title='bbox 1038 1761 1067 1781; x_wconf 89' lang='lat' dir='ltr'>vt</span> <span class='ocrx_word' id='word_1_1000' title='bbox 1078 1764 1111 1791; x_wconf 76' lang='lat'>43</span> <span class='ocrx_word' id='word_1_1001' title='bbox 1122 1756 1189 1782; x_wconf 91' lang='lat' dir='ltr'>Plin.</span> <span class='ocrx_word' id='word_1_1002' title='bbox 1243 1756 1312 1783; x_wconf 70' lang='lat' dir='ltr'>Add.</span> <span class='ocrx_word' id='word_1_1003' title='bbox 1326 1756 1421 1789; x_wconf 85' lang='lat' dir='ltr'>Id.·22,</span> <span class='ocrx_word' id='word_1_1004' title='bbox 1430 1765 1463 1783; x_wconf 82' lang='lat'>22.</span> <span class='ocrx_word' id='word_1_1005' title='bbox 1484 1764 1508 1783; x_wconf 79' lang='lat' dir='ltr'>et</span> <span class='ocrx_word' id='word_1_1006' title='bbox 1528 1757 1665 1784; x_wconf 75' lang='lat' dir='ltr'>Columel-</span> <span class='ocrx_word' id='word_1_1007' title='bbox 1675 1762 1702 1790; x_wconf 87' lang='lat'>6,</span> <span class='ocrx_word' id='word_1_1008' title='bbox 1719 1767 1757 1793; x_wconf 87' lang='lat'>17,</span> <span class='ocrx_word' id='word_1_1009' title='bbox 1771 1768 1796 1785; x_wconf 85' lang='lat'>2.</span> <span class='ocrx_word' id='word_1_1010' title='bbox 1824 1763 1853 1786; x_wconf 87' lang='lat' dir='ltr'>it.</span> <span class='ocrx_word' id='word_1_1011' title='bbox 1867 1769 1893 1793; x_wconf 90' lang='lat'>9,</span> <span class='ocrx_word' id='word_1_1012' title='bbox 1909 1771 1936 1794; x_wconf 88' lang='lat'>4,</span> <span class='ocrx_word' id='word_1_1013' title='bbox 1950 1773 1977 1796; x_wconf 93' lang='lat'>4.</span> <span class='ocrx_word' id='word_1_1014' title='bbox 2015 1765 2176 1799; x_wconf 77' lang='lat' dir='ltr'>Asphodssus</span> 
     </span>
     <span class='ocr_line' id='line_1_50' title="bbox 18 1789 2009 1828; baseline 0.003 -9"><span class='ocrx_word' id='word_1_1015' title='bbox 18 1804 23 1818; x_wconf 75' lang='grc' dir='ltr'>ι</span> <span class='ocrx_word' id='word_1_1016' title='bbox 43 1793 105 1826; x_wconf 83' lang='lat' dir='ltr'>ires,</span> <span class='ocrx_word' id='word_1_1017' title='bbox 118 1800 162 1818; x_wconf 87' lang='lat' dir='ltr'>me</span> <span class='ocrx_word' id='word_1_1018' title='bbox 177 1797 264 1818; x_wconf 88' lang='lat' dir='ltr'>tamen</span> <span class='ocrx_word' id='word_1_1019' title='bbox 284 1791 313 1817; x_wconf 90' lang='lat' dir='ltr'>in</span> <span class='ocrx_word' id='word_1_1020' title='bbox 326 1789 460 1817; x_wconf 87' lang='lat' dir='ltr'>stomacho</span> <span class='ocrx_word' id='word_1_1021' title='bbox 474 1790 559 1817; x_wconf 87' lang='lat' dir='ltr'>solere</span> <span class='ocrx_word' id='word_1_1022' title='bbox 578 1790 674 1817; x_wconf 89' lang='lat' dir='ltr'>ridere.</span> <span class='ocrx_word' id='word_1_1023' title='bbox 711 1792 753 1818; x_wconf 78' lang='lat' dir='ltr'>Sic</span> <span class='ocrx_word' id='word_1_1024' title='bbox 767 1791 795 1817; x_wconf 77' lang='lat' dir='ltr'>de</span> <span class='ocrx_word' id='word_1_1025' title='bbox 814 1794 1009 1828; x_wconf 51' lang='lat' dir='ltr'>exigumlegato</span> <span class='ocrx_word' id='word_1_1026' title='bbox 1028 1793 1069 1818; x_wconf 73' lang='lat' dir='ltr'>vel</span> <span class='ocrx_word' id='word_1_1027' title='bbox 1122 1791 1217 1819; x_wconf 87' lang='lat' dir='ltr'>Pallad.</span> <span class='ocrx_word' id='word_1_1028' title='bbox 1233 1801 1252 1824; x_wconf 93' lang='lat'>1,</span> <span class='ocrx_word' id='word_1_1029' title='bbox 1265 1800 1306 1826; x_wconf 80' lang='lat'>37,</span> <span class='ocrx_word' id='word_1_1030' title='bbox 1318 1801 1340 1822; x_wconf 86' lang='lat'>2,</span> <span class='ocrx_word' id='word_1_1031' title='bbox 1365 1793 1408 1818; x_wconf 79' lang='lat' dir='ltr'>vbi</span> <span class='ocrx_word' id='word_1_1032' title='bbox 1419 1796 1493 1818; x_wconf 80' lang='lat' dir='ltr'>etiam</span> <span class='ocrx_word' id='word_1_1033' title='bbox 1507 1793 1606 1828; x_wconf 82' lang='lat' dir='ltr'>quidam</span> <span class='ocrx_word' id='word_1_1034' title='bbox 1623 1793 1717 1819; x_wconf 68' lang='lat' dir='ltr'>codices</span> <span class='ocrx_word' id='word_1_1035' title='bbox 1734 1794 1889 1822; x_wconf 86' lang='lat' dir='ltr'>asfodillum</span> <span class='ocrx_word' id='word_1_1036' title='bbox 1903 1796 2009 1825; x_wconf 84' lang='lat' dir='ltr'>habent.</span> 
     </span>
    </p>

    <p class='ocr_par' dir='ltr' id='par_1_27' title="bbox 37 1825 2178 1869">
     <span class='ocr_line' id='line_1_51' title="bbox 37 1825 2178 1869; baseline 0.004 -14"><span class='ocrx_word' id='word_1_1037' title='bbox 37 1835 88 1856; x_wconf 77' lang='lat' dir='ltr'>rte</span> <span class='ocrx_word' id='word_1_1038' title='bbox 105 1826 267 1859; x_wconf 71' lang='lat' dir='ltr'>hereditatis,</span> <span class='ocrx_word' id='word_1_1039' title='bbox 286 1826 419 1853; x_wconf 87' lang='lat' dir='ltr'>Sextulam</span> <span class='ocrx_word' id='word_1_1040' title='bbox 434 1825 534 1853; x_wconf 89' lang='lat' dir='ltr'>Ebutio</span> <span class='ocrx_word' id='word_1_1041' title='bbox 553 1827 667 1861; x_wconf 83' lang='lat' dir='ltr'>aspergit</span> <span class='ocrx_word' id='word_1_1042' title='bbox 686 1826 726 1854; x_wconf 89' lang='lat' dir='ltr'>Id.</span> <span class='ocrx_word' id='word_1_1043' title='bbox 740 1836 789 1862; x_wconf 87' lang='lat' dir='ltr'>pro</span> <span class='ocrx_word' id='word_1_1044' title='bbox 804 1828 910 1855; x_wconf 90' lang='lat' dir='ltr'>Caecin.</span> <span class='ocrx_word' id='word_1_1045' title='bbox 927 1836 964 1863; x_wconf 83' lang='lat'>17.</span> <span class='ocrx_word' id='word_1_1046' title='bbox 1008 1827 1067 1854; x_wconf 81' lang='lat' dir='ltr'>Vid.</span> <span class='ocrx_word' id='word_1_1047' title='bbox 1160 1827 1304 1859; x_wconf 63' lang='lat' dir='ltr'>asrimo,</span> <span class='ocrx_word' id='word_1_1048' title='bbox 1312 1828 1728 1866; x_wconf 63' lang='lat' dir='ltr'>fADSP1010‚exi,e‚61u1n,ere.</span> <span class='ocrx_word' id='word_1_1049' title='bbox 1749 1829 2031 1869; x_wconf 48' lang='lat' dir='ltr'>[xpoafflfnmssoeofu&#39;w]</span> <span class='ocrx_word' id='word_1_1050' title='bbox 2053 1837 2090 1862; x_wconf 79' lang='lat' dir='ltr'>Ex</span> <span class='ocrx_word' id='word_1_1051' title='bbox 2098 1836 2139 1863; x_wconf 89' lang='lat' dir='ltr'>Ad</span> <span class='ocrx_word' id='word_1_1052' title='bbox 2154 1843 2178 1864; x_wconf 80' lang='lat' dir='ltr'>et</span> 
     </span>
    </p>

    <p class='ocr_par' dir='ltr' id='par_1_28' title="bbox 19 1857 2178 1906">
     <span class='ocr_line' id='line_1_52' title="bbox 19 1857 2178 1906; baseline 0.007 -22"><span class='ocrx_word' id='word_1_1053' title='bbox 19 1869 22 1875; x_wconf 90' lang='lat'>·</span> <span class='ocrx_word' id='word_1_1054' title='bbox 39 1869 167 1892; x_wconf 69' lang='lat' dir='ltr'>ExTVL</span> <span class='ocrx_word' id='word_1_1055' title='bbox 176 1869 207 1890; x_wconf 83' lang='grc' dir='ltr'><strong>Α,</strong></span> <span class='ocrx_word' id='word_1_1056' title='bbox 267 1874 272 1876; x_wconf 70' lang='grc'><strong>-</strong></span> <span class='ocrx_word' id='word_1_1057' title='bbox 548 1857 554 1863; x_wconf 72' lang='grc'><em>’</em></span> <span class='ocrx_word' id='word_1_1058' title='bbox 1122 1862 1216 1896; x_wconf 86' lang='lat' dir='ltr'>Specio</span> <span class='ocrx_word' id='word_1_1059' title='bbox 1235 1866 1338 1898; x_wconf 81' lang='lat' dir='ltr'>antiquo</span> <span class='ocrx_word' id='word_1_1060' title='bbox 1355 1863 1430 1888; x_wconf 80' lang='lat' dir='ltr'>verbo</span> <span class='ocrx_word' id='word_1_1061' title='bbox 1449 1864 1619 1897; x_wconf 79' lang='lat' dir='ltr'>composnum,</span> <span class='ocrx_word' id='word_1_1062' title='bbox 1635 1863 1768 1901; x_wconf 72' lang='lat' dir='ltr'>fignificat</span> <span class='ocrx_word' id='word_1_1063' title='bbox 1788 1867 1900 1900; x_wconf 83' lang='lat' dir='ltr'>Intueri,</span> <span class='ocrx_word' id='word_1_1064' title='bbox 1925 1869 1960 1895; x_wconf 77' lang='lat' dir='ltr'>ad</span> <span class='ocrx_word' id='word_1_1065' title='bbox 1978 1871 2078 1906; x_wconf 77' lang='lat' dir='ltr'>aliquid</span> <span class='ocrx_word' id='word_1_1066' title='bbox 2095 1874 2178 1900; x_wconf 85' lang='lat' dir='ltr'>oculos</span> 
     </span>
    </p>

    <p class='ocr_par' dir='ltr' id='par_1_29' title="bbox 53 1897 2175 1941">
     <span class='ocr_line' id='line_1_53' title="bbox 53 1897 2175 1941; baseline 0.001 -14"><span class='ocrx_word' id='word_1_1067' title='bbox 53 1905 324 1929; x_wconf 74' lang='lat' dir='ltr'>AnerRGENs&#39;,</span> <span class='ocrx_word' id='word_1_1068' title='bbox 342 1897 419 1925; x_wconf 85' lang='lat' dir='ltr'>entis.</span> <span class='ocrx_word' id='word_1_1069' title='bbox 455 1897 620 1933; x_wconf 82' lang='lat' dir='ltr'>Adspergens</span> <span class='ocrx_word' id='word_1_1070' title='bbox 633 1898 727 1932; x_wconf 85' lang='lat' dir='ltr'>septies</span> <span class='ocrx_word' id='word_1_1071' title='bbox 746 1903 838 1924; x_wconf 84' lang='lat' dir='ltr'>contra</span> <span class='ocrx_word' id='word_1_1072' title='bbox 855 1897 945 1924; x_wconf 87' lang='lat' dir='ltr'>velum</span> <span class='ocrx_word' id='word_1_1073' title='bbox 961 1897 1068 1931; x_wconf 86' lang='lat' dir='ltr'>Vulgat.</span> <span class='ocrx_word' id='word_1_1074' title='bbox 1122 1898 1230 1924; x_wconf 63' lang='lat' dir='ltr'>adila-ere</span> <span class='ocrx_word' id='word_1_1075' title='bbox 1248 1899 1289 1924; x_wconf 76' lang='lat' dir='ltr'>vel</span> <span class='ocrx_word' id='word_1_1076' title='bbox 1305 1906 1453 1924; x_wconf 75' lang='lat' dir='ltr'>conuertere.</span> <span class='ocrx_word' id='word_1_1077' title='bbox 1496 1898 1580 1925; x_wconf 88' lang='lat' dir='ltr'>Ouid.</span> <span class='ocrx_word' id='word_1_1078' title='bbox 1596 1899 1661 1925; x_wconf 82' lang='lat' dir='ltr'>Fast.</span> <span class='ocrx_word' id='word_1_1079' title='bbox 1675 1902 1702 1939; x_wconf 81' lang='lat'>6,</span> <span class='ocrx_word' id='word_1_1080' title='bbox 1716 1902 1765 1933; x_wconf 82' lang='lat'>605</span> <span class='ocrx_word' id='word_1_1081' title='bbox 1786 1901 1889 1936; x_wconf 81' lang='lat' dir='ltr'>Corpus</span> <span class='ocrx_word' id='word_1_1082' title='bbox 1909 1910 1937 1930; x_wconf 90' lang='lat' dir='ltr'>vt</span> <span class='ocrx_word' id='word_1_1083' title='bbox 1957 1906 2073 1939; x_wconf 82' lang='lat' dir='ltr'>aspexit,</span> <span class='ocrx_word' id='word_1_1084' title='bbox 2093 1907 2175 1941; x_wconf 89' lang='lat' dir='ltr'>lacry-</span> 
     </span>
    </p>

    <p class='ocr_par' dir='ltr' id='par_1_30' title="bbox 28 1933 2177 1977">
     <span class='ocr_line' id='line_1_54' title="bbox 28 1933 2177 1977; baseline 0.004 -15"><span class='ocrx_word' id='word_1_1085' title='bbox 28 1935 104 1962; x_wconf 71' lang='lat' dir='ltr'>cuit.</span> <span class='ocrx_word' id='word_1_1086' title='bbox 118 1936 152 1969; x_wconf 80' lang='lat'>4,</span> <span class='ocrx_word' id='word_1_1087' title='bbox 174 1942 210 1969; x_wconf 84' lang='lat'>17.</span> <span class='ocrx_word' id='word_1_1088' title='bbox 245 1933 314 1961; x_wconf 75' lang='lat' dir='ltr'>Add.</span> <span class='ocrx_word' id='word_1_1089' title='bbox 337 1933 405 1961; x_wconf 87' lang='lat' dir='ltr'>ibid.</span> <span class='ocrx_word' id='word_1_1090' title='bbox 421 1935 468 1967; x_wconf 85' lang='lat'>16,</span> <span class='ocrx_word' id='word_1_1091' title='bbox 488 1942 526 1967; x_wconf 88' lang='lat'>19.</span> <span class='ocrx_word' id='word_1_1092' title='bbox 598 1933 762 1968; x_wconf 78' lang='lat' dir='ltr'>Adspergens</span> <span class='ocrx_word' id='word_1_1093' title='bbox 782 1934 899 1959; x_wconf 86' lang='lat' dir='ltr'>cinerem</span> <span class='ocrx_word' id='word_1_1094' title='bbox 918 1933 1000 1967; x_wconf 87' lang='lat' dir='ltr'>capiti</span> <span class='ocrx_word' id='word_1_1095' title='bbox 1019 1933 1068 1959; x_wconf 91' lang='lat' dir='ltr'>suo</span> <span class='ocrx_word' id='word_1_1096' title='bbox 1081 1947 1112 1972; x_wconf 74' lang='lat'>50</span> <span class='ocrx_word' id='word_1_1097' title='bbox 1122 1933 1183 1965; x_wconf 88' lang='lat' dir='ltr'>mis,</span> <span class='ocrx_word' id='word_1_1098' title='bbox 1204 1940 1249 1959; x_wconf 81' lang='lat' dir='ltr'>etc.</span> <span class='ocrx_word' id='word_1_1099' title='bbox 1285 1933 1354 1959; x_wconf 90' lang='lat' dir='ltr'>Ter.</span> <span class='ocrx_word' id='word_1_1100' title='bbox 1363 1934 1445 1960; x_wconf 87' lang='lat' dir='ltr'>Andr.</span> <span class='ocrx_word' id='word_1_1101' title='bbox 1456 1943 1475 1966; x_wconf 87' lang='lat'>1,</span> <span class='ocrx_word' id='word_1_1102' title='bbox 1487 1943 1544 1966; x_wconf 87' lang='lat'>1,91</span> <span class='ocrx_word' id='word_1_1103' title='bbox 1565 1935 1668 1961; x_wconf 88' lang='lat' dir='ltr'>Interea</span> <span class='ocrx_word' id='word_1_1104' title='bbox 1682 1941 1753 1961; x_wconf 83' lang='lat' dir='ltr'>inter</span> <span class='ocrx_word' id='word_1_1105' title='bbox 1767 1937 1904 1970; x_wconf 85' lang='lat' dir='ltr'>mulieres,</span> <span class='ocrx_word' id='word_1_1106' title='bbox 1920 1948 1986 1973; x_wconf 87' lang='lat' dir='ltr'>quae</span> <span class='ocrx_word' id='word_1_1107' title='bbox 2003 1940 2044 1967; x_wconf 84' lang='lat' dir='ltr'>ibi</span> <span class='ocrx_word' id='word_1_1108' title='bbox 2058 1942 2177 1977; x_wconf 82' lang='lat' dir='ltr'>aderant,</span> 
     </span>
    </p>

    <p class='ocr_par' dir='ltr' id='par_1_31' title="bbox 0 1945 2178 2010">
     <span class='ocr_line' id='line_1_55' title="bbox 0 1945 2178 2010; baseline 0.005 -19"><span class='ocrx_word' id='word_1_1109' title='bbox 0 1945 15 2002; x_wconf 47' lang='grc' dir='ltr'><strong>ἶ</strong></span> <span class='ocrx_word' id='word_1_1110' title='bbox 43 1971 310 2006; x_wconf 80' lang='lat' dir='ltr'>ulgat.2Sa1n.13‚x9.</span> <span class='ocrx_word' id='word_1_1111' title='bbox 1122 1969 1195 1995; x_wconf 87' lang='lat' dir='ltr'>forte</span> <span class='ocrx_word' id='word_1_1112' title='bbox 1211 1978 1290 1995; x_wconf 90' lang='lat' dir='ltr'>vnam</span> <span class='ocrx_word' id='word_1_1113' title='bbox 1304 1969 1404 2003; x_wconf 89' lang='lat' dir='ltr'>aspicio</span> <span class='ocrx_word' id='word_1_1114' title='bbox 1417 1969 1645 1995; x_wconf 86' lang='lat' dir='ltr'>adolescentulam.</span> <span class='ocrx_word' id='word_1_1115' title='bbox 1718 1970 1876 2004; x_wconf 88' lang='lat' dir='ltr'>Adspiciunt</span> <span class='ocrx_word' id='word_1_1116' title='bbox 1895 1975 1980 2001; x_wconf 88' lang='lat' dir='ltr'>oculis</span> <span class='ocrx_word' id='word_1_1117' title='bbox 1998 1977 2086 2010; x_wconf 87' lang='lat' dir='ltr'>superi</span> <span class='ocrx_word' id='word_1_1118' title='bbox 2105 1988 2178 2006; x_wconf 88' lang='lat' dir='ltr'>mor-</span> 
     </span>
    </p>

    <p class='ocr_par' dir='ltr' id='par_1_32' title="bbox 4 1995 2178 2043">
     <span class='ocr_line' id='line_1_56' title="bbox 4 1995 2178 2043; baseline 0.001 -10"><span class='ocrx_word' id='word_1_1119' title='bbox 4 1995 27 2028; x_wconf 40' lang='grc' dir='ltr'>ί,</span> <span class='ocrx_word' id='word_1_1120' title='bbox 53 2013 248 2038; x_wconf 79' lang='lat' dir='ltr'>ASPERGO,</span> <span class='ocrx_word' id='word_1_1121' title='bbox 276 2004 331 2040; x_wconf 79' lang='lat' dir='ltr'>fine</span> <span class='ocrx_word' id='word_1_1122' title='bbox 356 2010 579 2036; x_wconf 81' lang='lat' dir='ltr'>ADSPERGO,</span> <span class='ocrx_word' id='word_1_1123' title='bbox 605 2003 667 2030; x_wconf 70' lang='lat' dir='ltr'>inis.</span> <span class='ocrx_word' id='word_1_1124' title='bbox 705 2003 726 2030; x_wconf 88' lang='lat' dir='ltr'>f.</span> <span class='ocrx_word' id='word_1_1125' title='bbox 763 2003 934 2039; x_wconf 70' lang='grc' dir='ltr'>[ραντισμός]</span> <span class='ocrx_word' id='word_1_1126' title='bbox 977 2004 1069 2039; x_wconf 86' lang='lat' dir='ltr'>Aqua,</span> <span class='ocrx_word' id='word_1_1127' title='bbox 1122 2004 1185 2030; x_wconf 88' lang='lat' dir='ltr'>talia</span> <span class='ocrx_word' id='word_1_1128' title='bbox 1200 2004 1274 2030; x_wconf 87' lang='lat' dir='ltr'>iustis</span> <span class='ocrx_word' id='word_1_1129' title='bbox 1292 2004 1376 2042; x_wconf 42' lang='lat' dir='ltr'>Ouid..</span> <span class='ocrx_word' id='word_1_1130' title='bbox 1388 2004 1453 2043; x_wconf 69' lang='lat' dir='ltr'>Met.</span> <span class='ocrx_word' id='word_1_1131' title='bbox 1472 2011 1505 2034; x_wconf 85' lang='lat'>13,</span> <span class='ocrx_word' id='word_1_1132' title='bbox 1519 2011 1564 2037; x_wconf 88' lang='lat'>70.</span> <span class='ocrx_word' id='word_1_1133' title='bbox 1602 2005 1659 2030; x_wconf 87' lang='lat' dir='ltr'>Cic.</span> <span class='ocrx_word' id='word_1_1134' title='bbox 1674 2004 1707 2030; x_wconf 89' lang='lat' dir='ltr'>de</span> <span class='ocrx_word' id='word_1_1135' title='bbox 1721 2005 1795 2032; x_wconf 86' lang='lat' dir='ltr'>Orat.</span> <span class='ocrx_word' id='word_1_1136' title='bbox 1811 2015 1835 2037; x_wconf 90' lang='lat'>1,</span> <span class='ocrx_word' id='word_1_1137' title='bbox 1852 2009 1891 2034; x_wconf 88' lang='lat'>161</span> <span class='ocrx_word' id='word_1_1138' title='bbox 1909 2018 1931 2036; x_wconf 78' lang='lat' dir='ltr'>c,</span> <span class='ocrx_word' id='word_1_1139' title='bbox 1946 2018 1973 2043; x_wconf 71' lang='lat'>35</span> <span class='ocrx_word' id='word_1_1140' title='bbox 1996 2011 2037 2038; x_wconf 85' lang='lat' dir='ltr'>Sic</span> <span class='ocrx_word' id='word_1_1141' title='bbox 2050 2014 2132 2040; x_wconf 81' lang='lat' dir='ltr'>modo</span> <span class='ocrx_word' id='word_1_1142' title='bbox 2148 2015 2178 2042; x_wconf 78' lang='lat' dir='ltr'>in</span> 
     </span>
    </p>

    <p class='ocr_par' dir='ltr' id='par_1_33' title="bbox 5 2031 2176 2082">
     <span class='ocr_line' id='line_1_57' title="bbox 5 2031 2176 2082; baseline 0.004 -18"><span class='ocrx_word' id='word_1_1143' title='bbox 5 2031 26 2064; x_wconf 32' lang='lat' dir='ltr'><strong><em>s</em></strong></span> <span class='ocrx_word' id='word_1_1144' title='bbox 42 2052 77 2069; x_wconf 68' lang='lat' dir='ltr'>me</span> <span class='ocrx_word' id='word_1_1145' title='bbox 89 2042 263 2079; x_wconf 75' lang='lat' dir='ltr'>adspergitur,</span> <span class='ocrx_word' id='word_1_1146' title='bbox 283 2041 341 2067; x_wconf 82' lang='lat' dir='ltr'>dum</span> <span class='ocrx_word' id='word_1_1147' title='bbox 354 2040 522 2076; x_wconf 80' lang='lat' dir='ltr'>adspergitur.</span> <span class='ocrx_word' id='word_1_1148' title='bbox 558 2041 597 2066; x_wconf 89' lang='lat' dir='ltr'>De</span> <span class='ocrx_word' id='word_1_1149' title='bbox 614 2040 669 2074; x_wconf 82' lang='lat' dir='ltr'>tofo</span> <span class='ocrx_word' id='word_1_1150' title='bbox 688 2039 754 2066; x_wconf 87' lang='lat' dir='ltr'>Plin.</span> <span class='ocrx_word' id='word_1_1151' title='bbox 770 2042 811 2072; x_wconf 79' lang='lat'>36,</span> <span class='ocrx_word' id='word_1_1152' title='bbox 825 2048 859 2066; x_wconf 83' lang='lat'>22.</span> <span class='ocrx_word' id='word_1_1153' title='bbox 880 2040 899 2065; x_wconf 90' lang='lat' dir='ltr'>s.</span> <span class='ocrx_word' id='word_1_1154' title='bbox 913 2045 946 2072; x_wconf 85' lang='lat'>48</span> <span class='ocrx_word' id='word_1_1155' title='bbox 974 2041 1069 2073; x_wconf 87' lang='lat' dir='ltr'>Asper·</span> <span class='ocrx_word' id='word_1_1156' title='bbox 1121 2040 1245 2066; x_wconf 86' lang='lat' dir='ltr'>oratione</span> <span class='ocrx_word' id='word_1_1157' title='bbox 1257 2038 1460 2077; x_wconf 33' lang='lat' dir='ltr'>Crassildnutias</span> <span class='ocrx_word' id='word_1_1158' title='bbox 1475 2044 1556 2073; x_wconf 91' lang='lat' dir='ltr'>atque</span> <span class='ocrx_word' id='word_1_1159' title='bbox 1569 2047 1725 2080; x_wconf 77' lang='lat' dir='ltr'>ornamenta</span> <span class='ocrx_word' id='word_1_1160' title='bbox 1740 2041 1796 2068; x_wconf 84' lang='lat' dir='ltr'>eius</span> <span class='ocrx_word' id='word_1_1161' title='bbox 1809 2043 1912 2078; x_wconf 86' lang='lat' dir='ltr'>ingenii</span> <span class='ocrx_word' id='word_1_1162' title='bbox 1931 2055 1978 2080; x_wconf 87' lang='lat' dir='ltr'>per</span> <span class='ocrx_word' id='word_1_1163' title='bbox 1992 2049 2121 2082; x_wconf 66' lang='lat' dir='ltr'>quaedam</span> <span class='ocrx_word' id='word_1_1164' title='bbox 2136 2051 2176 2078; x_wconf 78' lang='lat' dir='ltr'>in.</span> 
     </span>
    </p>

    <p class='ocr_par' dir='ltr' id='par_1_34' title="bbox 46 2073 2177 2120">
     <span class='ocr_line' id='line_1_58' title="bbox 46 2073 2177 2120; baseline 0.004 -16"><span class='ocrx_word' id='word_1_1165' title='bbox 46 2086 80 2104; x_wconf 81' lang='lat' dir='ltr'>ne</span> <span class='ocrx_word' id='word_1_1166' title='bbox 90 2085 125 2105; x_wconf 57' lang='lat' dir='ltr'>&gt;et</span> <span class='ocrx_word' id='word_1_1167' title='bbox 138 2078 198 2112; x_wconf 88' lang='lat' dir='ltr'>gelu</span> <span class='ocrx_word' id='word_1_1168' title='bbox 211 2077 368 2111; x_wconf 88' lang='lat' dir='ltr'>pruinisque</span> <span class='ocrx_word' id='word_1_1169' title='bbox 381 2081 543 2110; x_wconf 87' lang='lat' dir='ltr'>rumpuntur</span> <span class='ocrx_word' id='word_1_1170' title='bbox 562 2075 591 2102; x_wconf 88' lang='lat' dir='ltr'>in</span> <span class='ocrx_word' id='word_1_1171' title='bbox 604 2076 694 2108; x_wconf 79' lang='lat' dir='ltr'>testas,</span> <span class='ocrx_word' id='word_1_1172' title='bbox 715 2084 763 2101; x_wconf 86' lang='lat' dir='ltr'>nec</span> <span class='ocrx_word' id='word_1_1173' title='bbox 784 2081 876 2101; x_wconf 89' lang='lat' dir='ltr'>contra</span> <span class='ocrx_word' id='word_1_1174' title='bbox 896 2074 1021 2100; x_wconf 88' lang='lat' dir='ltr'>humores</span> <span class='ocrx_word' id='word_1_1175' title='bbox 1041 2079 1068 2099; x_wconf 89' lang='lat' dir='ltr'>et</span> <span class='ocrx_word' id='word_1_1176' title='bbox 1120 2073 1236 2113; x_wconf 24' lang='lat' dir='ltr'>voluerat</span> <span class='ocrx_word' id='word_1_1177' title='bbox 1245 2078 1327 2113; x_wconf 75' lang='lat' dir='ltr'>atque</span> <span class='ocrx_word' id='word_1_1178' title='bbox 1337 2079 1519 2115; x_wconf 81' lang='lat' dir='ltr'>integumenta</span> <span class='ocrx_word' id='word_1_1179' title='bbox 1532 2075 1652 2109; x_wconf 66' lang='lat' dir='ltr'>perspein</span> <span class='ocrx_word' id='word_1_1180' title='bbox 1663 2086 1668 2101; x_wconf 72' lang='grc' dir='ltr'>ε</span> <span class='ocrx_word' id='word_1_1181' title='bbox 1687 2075 1731 2102; x_wconf 78' lang='lat' dir='ltr'>sed</span> <span class='ocrx_word' id='word_1_1182' title='bbox 1743 2086 1847 2108; x_wconf 73' lang='lat' dir='ltr'>ea‚cum</span> <span class='ocrx_word' id='word_1_1183' title='bbox 1858 2082 2033 2117; x_wconf 88' lang='lat' dir='ltr'>contemplari</span> <span class='ocrx_word' id='word_1_1184' title='bbox 2044 2094 2177 2120; x_wconf 87' lang='lat' dir='ltr'>cuperem,</span> 
     </span>
    </p>

    <p class='ocr_par' dir='ltr' id='par_1_35' title="bbox 42 2108 2176 2151">
     <span class='ocr_line' id='line_1_59' title="bbox 42 2108 2176 2151; baseline 0.004 -11"><span class='ocrx_word' id='word_1_1185' title='bbox 42 2123 108 2140; x_wconf 85' lang='lat' dir='ltr'>iram</span> <span class='ocrx_word' id='word_1_1186' title='bbox 122 2113 202 2140; x_wconf 88' lang='lat' dir='ltr'>maris</span> <span class='ocrx_word' id='word_1_1187' title='bbox 215 2111 328 2139; x_wconf 86' lang='lat' dir='ltr'>robusti.</span> <span class='ocrx_word' id='word_1_1188' title='bbox 379 2112 533 2146; x_wconf 82' lang='lat' dir='ltr'>Aspergines</span> <span class='ocrx_word' id='word_1_1189' title='bbox 546 2112 686 2145; x_wconf 82' lang='lat' dir='ltr'>parietum,</span> <span class='ocrx_word' id='word_1_1190' title='bbox 695 2112 785 2136; x_wconf 82' lang='lat' dir='ltr'>Guttae</span> <span class='ocrx_word' id='word_1_1191' title='bbox 795 2110 851 2135; x_wconf 80' lang='lat' dir='ltr'>illae</span> <span class='ocrx_word' id='word_1_1192' title='bbox 865 2117 996 2146; x_wconf 54' lang='lat' dir='ltr'>aquarum,</span> <span class='ocrx_word' id='word_1_1193' title='bbox 1005 2117 1066 2142; x_wconf 80' lang='lat' dir='ltr'>quae</span> <span class='ocrx_word' id='word_1_1194' title='bbox 1079 2117 1107 2143; x_wconf 74' lang='lat'>55</span> <span class='ocrx_word' id='word_1_1195' title='bbox 1120 2116 1168 2134; x_wconf 84' lang='lat' dir='ltr'>vix</span> <span class='ocrx_word' id='word_1_1196' title='bbox 1183 2108 1329 2142; x_wconf 81' lang='lat' dir='ltr'>aspiciendi</span> <span class='ocrx_word' id='word_1_1197' title='bbox 1343 2109 1455 2143; x_wconf 89' lang='lat' dir='ltr'>potestas</span> <span class='ocrx_word' id='word_1_1198' title='bbox 1468 2110 1532 2136; x_wconf 82' lang='lat' dir='ltr'>fuit.</span> <span class='ocrx_word' id='word_1_1199' title='bbox 1560 2111 1599 2137; x_wconf 91' lang='lat' dir='ltr'>Ita</span> <span class='ocrx_word' id='word_1_1200' title='bbox 1612 2120 1699 2146; x_wconf 88' lang='lat' dir='ltr'>neque</span> <span class='ocrx_word' id='word_1_1201' title='bbox 1713 2112 1764 2139; x_wconf 90' lang='lat' dir='ltr'>hoc</span> <span class='ocrx_word' id='word_1_1202' title='bbox 1778 2115 1879 2149; x_wconf 78' lang='lat' dir='ltr'>possum</span> <span class='ocrx_word' id='word_1_1203' title='bbox 1893 2116 1992 2151; x_wconf 85' lang='lat' dir='ltr'>dicere,</span> <span class='ocrx_word' id='word_1_1204' title='bbox 2006 2129 2050 2147; x_wconf 90' lang='lat' dir='ltr'>me</span> <span class='ocrx_word' id='word_1_1205' title='bbox 2063 2123 2176 2151; x_wconf 86' lang='lat' dir='ltr'>omnino</span> 
     </span>
    </p>

    <p class='ocr_par' dir='ltr' id='par_1_36' title="bbox 29 2142 2177 2192">
     <span class='ocr_line' id='line_1_60' title="bbox 29 2142 2177 2192; baseline 0.005 -17"><span class='ocrx_word' id='word_1_1206' title='bbox 29 2159 47 2175; x_wconf 72' lang='lat'>&#39;.·</span> <span class='ocrx_word' id='word_1_1207' title='bbox 62 2148 208 2176; x_wconf 69' lang='lat' dir='ltr'>humiditate</span> <span class='ocrx_word' id='word_1_1208' title='bbox 220 2151 346 2184; x_wconf 72' lang='lat' dir='ltr'>parietum</span> <span class='ocrx_word' id='word_1_1209' title='bbox 358 2147 442 2183; x_wconf 76' lang='lat' dir='ltr'>solent</span> <span class='ocrx_word' id='word_1_1210' title='bbox 463 2146 582 2172; x_wconf 75' lang='lat' dir='ltr'>decidere.</span> <span class='ocrx_word' id='word_1_1211' title='bbox 624 2146 690 2171; x_wconf 88' lang='lat' dir='ltr'>Plin.</span> <span class='ocrx_word' id='word_1_1212' title='bbox 710 2153 758 2176; x_wconf 84' lang='lat'>22,</span> <span class='ocrx_word' id='word_1_1213' title='bbox 776 2152 814 2169; x_wconf 89' lang='lat'>21.</span> <span class='ocrx_word' id='word_1_1214' title='bbox 851 2142 947 2176; x_wconf 75' lang='lat' dir='ltr'>virgil.</span> <span class='ocrx_word' id='word_1_1215' title='bbox 963 2144 1028 2169; x_wconf 81' lang='lat' dir='ltr'>Aen.</span> <span class='ocrx_word' id='word_1_1216' title='bbox 1043 2151 1066 2175; x_wconf 83' lang='lat'>3,</span> <span class='ocrx_word' id='word_1_1217' title='bbox 1121 2144 1263 2178; x_wconf 85' lang='lat' dir='ltr'>ignorare,</span> <span class='ocrx_word' id='word_1_1218' title='bbox 1283 2144 1349 2184; x_wconf 80' lang='lat' dir='ltr'>quid</span> <span class='ocrx_word' id='word_1_1219' title='bbox 1363 2145 1501 2179; x_wconf 82' lang='lat' dir='ltr'>possideat,</span> <span class='ocrx_word' id='word_1_1220' title='bbox 1519 2155 1606 2181; x_wconf 86' lang='lat' dir='ltr'>neque</span> <span class='ocrx_word' id='word_1_1221' title='bbox 1619 2148 1696 2188; x_wconf 79' lang='lat' dir='ltr'>plane</span> <span class='ocrx_word' id='word_1_1222' title='bbox 1708 2150 1778 2176; x_wconf 81' lang='lat' dir='ltr'>noffe</span> <span class='ocrx_word' id='word_1_1223' title='bbox 1792 2159 1821 2177; x_wconf 91' lang='lat' dir='ltr'>ac</span> <span class='ocrx_word' id='word_1_1224' title='bbox 1833 2151 1934 2180; x_wconf 76' lang='lat' dir='ltr'>vidisse.</span> <span class='ocrx_word' id='word_1_1225' title='bbox 1970 2157 2003 2182; x_wconf 83' lang='lat' dir='ltr'>Et</span> <span class='ocrx_word' id='word_1_1226' title='bbox 2012 2158 2096 2192; x_wconf 75' lang='lat' dir='ltr'>paullo</span> <span class='ocrx_word' id='word_1_1227' title='bbox 2110 2166 2177 2192; x_wconf 74' lang='lat' dir='ltr'>ante,</span> 
     </span>
    </p>

    <p class='ocr_par' dir='ltr' id='par_1_37' title="bbox 42 2178 2178 2225">
     <span class='ocr_line' id='line_1_61' title="bbox 42 2178 2178 2225; baseline 0.007 -18"><span class='ocrx_word' id='word_1_1228' title='bbox 42 2194 66 2218; x_wconf 82' lang='lat'>;4</span> <span class='ocrx_word' id='word_1_1229' title='bbox 95 2199 141 2204; x_wconf 89' lang='lat'><strong>—</strong></span> <span class='ocrx_word' id='word_1_1230' title='bbox 169 2184 233 2210; x_wconf 78' lang='lat' dir='ltr'>salsa</span> <span class='ocrx_word' id='word_1_1231' title='bbox 248 2184 367 2217; x_wconf 87' lang='lat' dir='ltr'>spumant</span> <span class='ocrx_word' id='word_1_1232' title='bbox 378 2182 514 2215; x_wconf 80' lang='lat' dir='ltr'>aspergine</span> <span class='ocrx_word' id='word_1_1233' title='bbox 527 2186 622 2206; x_wconf 75' lang='lat' dir='ltr'>cautes.</span> <span class='ocrx_word' id='word_1_1234' title='bbox 659 2178 740 2205; x_wconf 85' lang='lat' dir='ltr'>Ouid.</span> <span class='ocrx_word' id='word_1_1235' title='bbox 755 2179 821 2204; x_wconf 89' lang='lat' dir='ltr'>Met.</span> <span class='ocrx_word' id='word_1_1236' title='bbox 836 2186 859 2210; x_wconf 80' lang='lat'>3,</span> <span class='ocrx_word' id='word_1_1237' title='bbox 875 2180 907 2207; x_wconf 84' lang='lat'>86</span> <span class='ocrx_word' id='word_1_1238' title='bbox 935 2193 980 2198; x_wconf 87' lang='lat'>—-—</span> <span class='ocrx_word' id='word_1_1239' title='bbox 1011 2179 1066 2204; x_wconf 86' lang='lat' dir='ltr'>san·</span> <span class='ocrx_word' id='word_1_1240' title='bbox 1120 2180 1228 2206; x_wconf 90' lang='lat' dir='ltr'>Tantus</span> <span class='ocrx_word' id='word_1_1241' title='bbox 1247 2189 1320 2207; x_wconf 86' lang='lat' dir='ltr'>enim</span> <span class='ocrx_word' id='word_1_1242' title='bbox 1339 2181 1429 2207; x_wconf 87' lang='lat' dir='ltr'>cursus</span> <span class='ocrx_word' id='word_1_1243' title='bbox 1450 2181 1598 2209; x_wconf 87' lang='lat' dir='ltr'>verborum</span> <span class='ocrx_word' id='word_1_1244' title='bbox 1620 2184 1688 2217; x_wconf 86' lang='lat' dir='ltr'>fuit,</span> <span class='ocrx_word' id='word_1_1245' title='bbox 1709 2191 1734 2211; x_wconf 92' lang='lat' dir='ltr'>et</span> <span class='ocrx_word' id='word_1_1246' title='bbox 1755 2185 1788 2212; x_wconf 83' lang='lat' dir='ltr'>fic</span> <span class='ocrx_word' id='word_1_1247' title='bbox 1809 2187 1928 2215; x_wconf 87' lang='lat' dir='ltr'>euolauit</span> <span class='ocrx_word' id='word_1_1248' title='bbox 1946 2192 2051 2225; x_wconf 86' lang='lat' dir='ltr'>oratio,</span> <span class='ocrx_word' id='word_1_1249' title='bbox 2072 2200 2101 2220; x_wconf 83' lang='lat' dir='ltr'>vt</span> <span class='ocrx_word' id='word_1_1250' title='bbox 2121 2196 2178 2222; x_wconf 85' lang='lat' dir='ltr'>eius</span> 
     </span>
    </p>

    <p class='ocr_par' dir='ltr' id='par_1_38' title="bbox 34 2213 2175 2260">
     <span class='ocr_line' id='line_1_62' title="bbox 34 2213 2175 2260; baseline 0.006 -16"><span class='ocrx_word' id='word_1_1251' title='bbox 34 2231 36 2234; x_wconf 46' lang='lat' dir='ltr'>v</span> <span class='ocrx_word' id='word_1_1252' title='bbox 54 2221 76 2247; x_wconf 75' lang='lat' dir='ltr'>is</span> <span class='ocrx_word' id='word_1_1253' title='bbox 111 2232 156 2239; x_wconf 93' lang='grc'>--</span> <span class='ocrx_word' id='word_1_1254' title='bbox 191 2218 328 2252; x_wconf 84' lang='lat' dir='ltr'>aspergine</span> <span class='ocrx_word' id='word_1_1255' title='bbox 341 2217 454 2242; x_wconf 79' lang='lat' dir='ltr'>tinxerat</span> <span class='ocrx_word' id='word_1_1256' title='bbox 467 2213 570 2241; x_wconf 81' lang='lat' dir='ltr'>herbas.</span> <span class='ocrx_word' id='word_1_1257' title='bbox 628 2215 732 2241; x_wconf 87' lang='lat' dir='ltr'>Lucret.</span> <span class='ocrx_word' id='word_1_1258' title='bbox 747 2216 774 2246; x_wconf 91' lang='lat'>6,</span> <span class='ocrx_word' id='word_1_1259' title='bbox 789 2221 839 2247; x_wconf 78' lang='lat'>524</span> <span class='ocrx_word' id='word_1_1260' title='bbox 862 2213 978 2246; x_wconf 79' lang='lat' dir='ltr'>Aduersa</span> <span class='ocrx_word' id='word_1_1261' title='bbox 993 2214 1066 2241; x_wconf 82' lang='lat' dir='ltr'>fulsit</span> <span class='ocrx_word' id='word_1_1262' title='bbox 1121 2216 1179 2242; x_wconf 88' lang='lat' dir='ltr'>vim</span> <span class='ocrx_word' id='word_1_1263' title='bbox 1193 2222 1272 2251; x_wconf 86' lang='lat' dir='ltr'>atque</span> <span class='ocrx_word' id='word_1_1264' title='bbox 1286 2217 1471 2244; x_wconf 76' lang='lat' dir='ltr'>incitationem</span> <span class='ocrx_word' id='word_1_1265' title='bbox 1485 2219 1641 2253; x_wconf 81' lang='lat' dir='ltr'>aspexerim,</span> <span class='ocrx_word' id='word_1_1266' title='bbox 1658 2220 1769 2255; x_wconf 84' lang='lat' dir='ltr'>vestigia</span> <span class='ocrx_word' id='word_1_1267' title='bbox 1783 2222 1978 2260; x_wconf 78' lang='lat' dir='ltr'>ingressumque</span> <span class='ocrx_word' id='word_1_1268' title='bbox 1990 2229 2037 2254; x_wconf 81' lang='lat' dir='ltr'>vix</span> <span class='ocrx_word' id='word_1_1269' title='bbox 2050 2229 2175 2257; x_wconf 87' lang='lat' dir='ltr'>viderim.</span> 
     </span>
    </p>

    <p class='ocr_par' dir='ltr' id='par_1_39' title="bbox 28 2248 2175 2301">
     <span class='ocr_line' id='line_1_63' title="bbox 28 2248 2175 2301; baseline 0.007 -26"><span class='ocrx_word' id='word_1_1270' title='bbox 28 2252 36 2275; x_wconf 52' lang='grc' dir='ltr'>,ἓ</span> <span class='ocrx_word' id='word_1_1271' title='bbox 49 2254 172 2283; x_wconf 68' lang='lat' dir='ltr'>mborum</span> <span class='ocrx_word' id='word_1_1272' title='bbox 185 2253 329 2287; x_wconf 77' lang='lat' dir='ltr'>aspergine,</span> <span class='ocrx_word' id='word_1_1273' title='bbox 344 2252 397 2281; x_wconf 82' lang='lat' dir='ltr'>Sol,</span> <span class='ocrx_word' id='word_1_1274' title='bbox 410 2260 464 2278; x_wconf 81' lang='lat' dir='ltr'>cum</span> <span class='ocrx_word' id='word_1_1275' title='bbox 478 2253 528 2277; x_wconf 72' lang='lat' dir='ltr'>iris</span> <span class='ocrx_word' id='word_1_1276' title='bbox 542 2248 586 2283; x_wconf 80' lang='lat' dir='ltr'>est.</span> <span class='ocrx_word' id='word_1_1277' title='bbox 621 2250 678 2277; x_wconf 89' lang='lat' dir='ltr'>Nee</span> <span class='ocrx_word' id='word_1_1278' title='bbox 691 2258 774 2284; x_wconf 88' lang='lat' dir='ltr'>aquae</span> <span class='ocrx_word' id='word_1_1279' title='bbox 788 2250 896 2284; x_wconf 81' lang='lat' dir='ltr'>aspergo</span> <span class='ocrx_word' id='word_1_1280' title='bbox 910 2250 1067 2285; x_wconf 74' lang='lat' dir='ltr'>impositura</span> <span class='ocrx_word' id='word_1_1281' title='bbox 1122 2252 1203 2278; x_wconf 91' lang='lat' dir='ltr'>Molli</span> <span class='ocrx_word' id='word_1_1282' title='bbox 1218 2253 1294 2279; x_wconf 90' lang='lat' dir='ltr'>vultu</span> <span class='ocrx_word' id='word_1_1283' title='bbox 1308 2253 1424 2288; x_wconf 82' lang='lat' dir='ltr'>aspicere</span> <span class='ocrx_word' id='word_1_1284' title='bbox 1437 2254 1519 2280; x_wconf 88' lang='lat' dir='ltr'>Ouid.</span> <span class='ocrx_word' id='word_1_1285' title='bbox 1528 2255 1593 2281; x_wconf 87' lang='lat' dir='ltr'>Met.</span> <span class='ocrx_word' id='word_1_1286' title='bbox 1610 2264 1649 2288; x_wconf 89' lang='lat'>10,</span> <span class='ocrx_word' id='word_1_1287' title='bbox 1663 2258 1720 2283; x_wconf 89' lang='lat'>610.</span> <span class='ocrx_word' id='word_1_1288' title='bbox 1763 2259 1809 2285; x_wconf 92' lang='lat' dir='ltr'>Me</span> <span class='ocrx_word' id='word_1_1289' title='bbox 1822 2258 1873 2286; x_wconf 92' lang='lat' dir='ltr'>huc</span> <span class='ocrx_word' id='word_1_1290' title='bbox 1887 2262 1973 2295; x_wconf 87' lang='lat' dir='ltr'>aspice</span> <span class='ocrx_word' id='word_1_1291' title='bbox 1986 2263 2068 2290; x_wconf 86' lang='lat' dir='ltr'>Plaut.</span> <span class='ocrx_word' id='word_1_1292' title='bbox 2079 2266 2175 2301; x_wconf 85' lang='lat' dir='ltr'>Amph.</span> 
     </span>
    </p>

    <p class='ocr_par' dir='ltr' id='par_1_40' title="bbox 0 2281 2178 2336">
     <span class='ocr_line' id='line_1_64' title="bbox 0 2281 2178 2336; baseline 0.006 -20"><span class='ocrx_word' id='word_1_1293' title='bbox 0 2284 2 2289; x_wconf 74' lang='grc'><strong>’</strong></span> <span class='ocrx_word' id='word_1_1294' title='bbox 30 2281 37 2322; x_wconf 59' lang='lat' dir='ltr'>J</span> <span class='ocrx_word' id='word_1_1295' title='bbox 47 2291 132 2328; x_wconf 74' lang='lat' dir='ltr'>iquatn</span> <span class='ocrx_word' id='word_1_1296' title='bbox 144 2285 252 2324; x_wconf 77' lang='lat' dir='ltr'>corpori</span> <span class='ocrx_word' id='word_1_1297' title='bbox 264 2286 393 2315; x_wconf 88' lang='lat' dir='ltr'>maculam</span> <span class='ocrx_word' id='word_1_1298' title='bbox 405 2287 473 2313; x_wconf 84' lang='lat' dir='ltr'>Petr.</span> <span class='ocrx_word' id='word_1_1299' title='bbox 485 2295 506 2313; x_wconf 86' lang='lat' dir='ltr'>c.</span> <span class='ocrx_word' id='word_1_1300' title='bbox 515 2295 569 2313; x_wconf 88' lang='lat'>102.</span> <span class='ocrx_word' id='word_1_1301' title='bbox 613 2286 679 2312; x_wconf 89' lang='lat' dir='ltr'>Non</span> <span class='ocrx_word' id='word_1_1302' title='bbox 693 2285 776 2320; x_wconf 83' lang='lat' dir='ltr'>potest</span> <span class='ocrx_word' id='word_1_1303' title='bbox 790 2287 898 2320; x_wconf 82' lang='lat' dir='ltr'>aspergo</span> <span class='ocrx_word' id='word_1_1304' title='bbox 912 2285 940 2311; x_wconf 92' lang='lat' dir='ltr'>in</span> <span class='ocrx_word' id='word_1_1305' title='bbox 955 2287 1066 2313; x_wconf 86' lang='lat' dir='ltr'>interio-</span> <span class='ocrx_word' id='word_1_1306' title='bbox 1081 2295 1147 2320; x_wconf 85' lang='lat'>602,</span> <span class='ocrx_word' id='word_1_1307' title='bbox 1161 2297 1187 2321; x_wconf 82' lang='lat'>2,</span> <span class='ocrx_word' id='word_1_1308' title='bbox 1201 2294 1247 2318; x_wconf 81' lang='lat'>118.</span> <span class='ocrx_word' id='word_1_1309' title='bbox 1285 2291 1459 2315; x_wconf 73' lang='lat' dir='ltr'>Attentionem</span> <span class='ocrx_word' id='word_1_1310' title='bbox 1474 2296 1497 2315; x_wconf 80' lang='lat' dir='ltr'>et</span> <span class='ocrx_word' id='word_1_1311' title='bbox 1511 2291 1647 2327; x_wconf 79' lang='lat' dir='ltr'>obsequium</span> <span class='ocrx_word' id='word_1_1312' title='bbox 1655 2291 1774 2327; x_wconf 70' lang='lat' dir='ltr'>pqsiulat.</span> <span class='ocrx_word' id='word_1_1313' title='bbox 1811 2295 1853 2321; x_wconf 84' lang='lat' dir='ltr'>Sic</span> <span class='ocrx_word' id='word_1_1314' title='bbox 1866 2293 2034 2325; x_wconf 66' lang='lat' dir='ltr'>Au&#39;cfioritate</span> <span class='ocrx_word' id='word_1_1315' title='bbox 2049 2301 2178 2336; x_wconf 86' lang='lat' dir='ltr'>anteibat,</span> 
     </span>
    </p>

    <p class='ocr_par' dir='ltr' id='par_1_41' title="bbox 5 2314 2176 2372">
     <span class='ocr_line' id='line_1_65' title="bbox 5 2314 2176 2372; baseline 0.006 -20"><span class='ocrx_word' id='word_1_1316' title='bbox 5 2314 6 2321; x_wconf 33' lang='lat' dir='ltr'>l</span> <span class='ocrx_word' id='word_1_1317' title='bbox 26 2319 33 2330; x_wconf 37' lang='lat'>³¹</span> <span class='ocrx_word' id='word_1_1318' title='bbox 52 2323 53 2327; x_wconf 42' lang='lat'>¹</span> <span class='ocrx_word' id='word_1_1319' title='bbox 86 2327 97 2347; x_wconf 64' lang='lat'>¹·</span> <span class='ocrx_word' id='word_1_1320' title='bbox 108 2331 184 2353; x_wconf 82' lang='lat' dir='ltr'>rtem</span> <span class='ocrx_word' id='word_1_1321' title='bbox 198 2324 339 2359; x_wconf 87' lang='lat' dir='ltr'>peruenire</span> <span class='ocrx_word' id='word_1_1322' title='bbox 353 2322 460 2348; x_wconf 89' lang='lat' dir='ltr'>Vitruu.</span> <span class='ocrx_word' id='word_1_1323' title='bbox 471 2329 494 2355; x_wconf 81' lang='grc' dir='ltr'>ς,</span> <span class='ocrx_word' id='word_1_1324' title='bbox 503 2331 534 2348; x_wconf 93' lang='grc' dir='ltr'>ιι.</span> <span class='ocrx_word' id='word_1_1325' title='bbox 569 2321 597 2348; x_wconf 82' lang='lat' dir='ltr'>Si</span> <span class='ocrx_word' id='word_1_1326' title='bbox 610 2322 746 2356; x_wconf 81' lang='lat' dir='ltr'>aspergine</span> <span class='ocrx_word' id='word_1_1327' title='bbox 759 2327 868 2357; x_wconf 85' lang='lat' dir='ltr'>propter</span> <span class='ocrx_word' id='word_1_1328' title='bbox 882 2321 982 2348; x_wconf 60' lang='lat' dir='ltr'>iafhnn</span> <span class='ocrx_word' id='word_1_1329' title='bbox 996 2331 1066 2350; x_wconf 87' lang='lat' dir='ltr'>mer·</span> <span class='ocrx_word' id='word_1_1330' title='bbox 1120 2332 1236 2358; x_wconf 88' lang='lat' dir='ltr'>eumque</span> <span class='ocrx_word' id='word_1_1331' title='bbox 1250 2325 1334 2359; x_wconf 84' lang='lat' dir='ltr'>magis</span> <span class='ocrx_word' id='word_1_1332' title='bbox 1347 2325 1460 2356; x_wconf 80' lang='lat' dir='ltr'>milites,</span> <span class='ocrx_word' id='word_1_1333' title='bbox 1475 2334 1555 2360; x_wconf 89' lang='lat' dir='ltr'>quam</span> <span class='ocrx_word' id='word_1_1334' title='bbox 1568 2327 1617 2361; x_wconf 85' lang='lat' dir='ltr'>qui</span> <span class='ocrx_word' id='word_1_1335' title='bbox 1630 2334 1784 2362; x_wconf 83' lang='lat' dir='ltr'>praeerant,</span> <span class='ocrx_word' id='word_1_1336' title='bbox 1798 2330 1978 2365; x_wconf 86' lang='lat' dir='ltr'>adspiciebant</span> <span class='ocrx_word' id='word_1_1337' title='bbox 1990 2334 2058 2370; x_wconf 90' lang='lat' dir='ltr'>Nep.</span> <span class='ocrx_word' id='word_1_1338' title='bbox 2069 2345 2105 2370; x_wconf 84' lang='lat'>12,</span> <span class='ocrx_word' id='word_1_1339' title='bbox 2114 2348 2142 2372; x_wconf 90' lang='lat'>4,</span> <span class='ocrx_word' id='word_1_1340' title='bbox 2158 2347 2176 2365; x_wconf 95' lang='lat'>1.</span> 
     </span>
    </p>
   </div>
   <div class='ocr_carea' id='block_1_9' title="bbox 0 2326 2178 2625">
    <p class='ocr_par' dir='ltr' id='par_1_42' title="bbox 0 2326 2178 2444">
     <span class='ocr_line' id='line_1_66' title="bbox 0 2326 2178 2404; baseline 0.013 -32"><span class='ocrx_word' id='word_1_1341' title='bbox 0 2380 3 2386; x_wconf 46' lang='grc' dir='ltr'>Ι</span> <span class='ocrx_word' id='word_1_1342' title='bbox 29 2326 98 2378; x_wconf 45' lang='lat' dir='ltr'>liti}-</span> <span class='ocrx_word' id='word_1_1343' title='bbox 111 2361 222 2393; x_wconf 45' lang='lat' dir='ltr'>§riores</span> <span class='ocrx_word' id='word_1_1344' title='bbox 242 2359 327 2386; x_wconf 54' lang='lat' dir='ltr'>fagum</span> <span class='ocrx_word' id='word_1_1345' title='bbox 347 2358 406 2385; x_wconf 77' lang='lat' dir='ltr'>sunt</span> <span class='ocrx_word' id='word_1_1346' title='bbox 427 2358 445 2384; x_wconf 84' lang='lat' dir='ltr'>l.</span> <span class='ocrx_word' id='word_1_1347' title='bbox 461 2367 480 2391; x_wconf 92' lang='lat'>4</span> <span class='ocrx_word' id='word_1_1348' title='bbox 498 2357 525 2384; x_wconf 82' lang='lat' dir='ltr'>ff.</span> <span class='ocrx_word' id='word_1_1349' title='bbox 544 2355 567 2394; x_wconf 78' lang='lat'>§.</span> <span class='ocrx_word' id='word_1_1350' title='bbox 580 2366 597 2384; x_wconf 88' lang='lat'>2</span> <span class='ocrx_word' id='word_1_1351' title='bbox 622 2358 654 2383; x_wconf 92' lang='lat' dir='ltr'>de</span> <span class='ocrx_word' id='word_1_1352' title='bbox 673 2358 702 2384; x_wconf 96' lang='lat' dir='ltr'>L.</span> <span class='ocrx_word' id='word_1_1353' title='bbox 717 2357 804 2384; x_wconf 85' lang='lat' dir='ltr'>Rhod.</span> <span class='ocrx_word' id='word_1_1354' title='bbox 827 2357 870 2383; x_wconf 81' lang='lat' dir='ltr'>vbi</span> <span class='ocrx_word' id='word_1_1355' title='bbox 889 2357 1016 2393; x_wconf 81' lang='lat' dir='ltr'>adsperge</span> <span class='ocrx_word' id='word_1_1356' title='bbox 1038 2358 1067 2385; x_wconf 84' lang='lat' dir='ltr'>de</span> <span class='ocrx_word' id='word_1_1357' title='bbox 1121 2360 1354 2400; x_wconf 38' lang='lat' dir='ltr'>Cic.-d·eDiu..1,7·3</span> <span class='ocrx_word' id='word_1_1358' title='bbox 1376 2361 1468 2393; x_wconf 81' lang='lat' dir='ltr'>Qum</span> <span class='ocrx_word' id='word_1_1359' title='bbox 1483 2367 1571 2402; x_wconf 76' lang='lat' dir='ltr'>autem</span> <span class='ocrx_word' id='word_1_1360' title='bbox 1584 2362 1780 2397; x_wconf 88' lang='lat' dir='ltr'>aliquantulum</span> <span class='ocrx_word' id='word_1_1361' title='bbox 1794 2369 1939 2402; x_wconf 73' lang='lat' dir='ltr'>progressus</span> <span class='ocrx_word' id='word_1_1362' title='bbox 1953 2371 2021 2404; x_wconf 82' lang='lat' dir='ltr'>esset,</span> <span class='ocrx_word' id='word_1_1363' title='bbox 2031 2372 2120 2400; x_wconf 83' lang='lat' dir='ltr'>subito</span> <span class='ocrx_word' id='word_1_1364' title='bbox 2135 2383 2178 2400; x_wconf 89' lang='lat' dir='ltr'>ex-</span> 
     </span>
     <span class='ocr_line' id='line_1_67' title="bbox 81 2392 2163 2444; baseline 0.016 -40"><span class='ocrx_word' id='word_1_1365' title='bbox 81 2392 132 2409; x_wconf 50' lang='grc' dir='ltr'>ω,</span> <span class='ocrx_word' id='word_1_1366' title='bbox 157 2399 194 2424; x_wconf 69' lang='lat' dir='ltr'>-m</span> <span class='ocrx_word' id='word_1_1367' title='bbox 206 2399 316 2432; x_wconf 62' lang='lat' dir='ltr'>capitur,</span> <span class='ocrx_word' id='word_1_1368' title='bbox 330 2402 390 2429; x_wconf 74' lang='lat' dir='ltr'>quae</span> <span class='ocrx_word' id='word_1_1369' title='bbox 403 2397 476 2420; x_wconf 80' lang='lat' dir='ltr'>etiam</span> <span class='ocrx_word' id='word_1_1370' title='bbox 485 2400 534 2429; x_wconf 79' lang='lat' dir='ltr'>per</span> <span class='ocrx_word' id='word_1_1371' title='bbox 545 2400 686 2430; x_wconf 76' lang='lat' dir='ltr'>tegumenta</span> <span class='ocrx_word' id='word_1_1372' title='bbox 706 2401 730 2420; x_wconf 86' lang='lat' dir='ltr'>et</span> <span class='ocrx_word' id='word_1_1373' title='bbox 740 2396 891 2420; x_wconf 75' lang='lat' dir='ltr'>munimenta</span> <span class='ocrx_word' id='word_1_1374' title='bbox 904 2397 1018 2420; x_wconf 69' lang='lat' dir='ltr'>mercium</span> <span class='ocrx_word' id='word_1_1375' title='bbox 1026 2401 1070 2430; x_wconf 78' lang='lat' dir='ltr'>pe·</span> <span class='ocrx_word' id='word_1_1376' title='bbox 1122 2395 1243 2428; x_wconf 82' lang='lat' dir='ltr'>audiuit,</span> <span class='ocrx_word' id='word_1_1377' title='bbox 1257 2395 1418 2435; x_wconf 70' lang='lat' dir='ltr'>hinnitum,</span> <span class='ocrx_word' id='word_1_1378' title='bbox 1443 2397 1625 2432; x_wconf 83' lang='lat' dir='ltr'>respexitque,</span> <span class='ocrx_word' id='word_1_1379' title='bbox 1651 2405 1677 2425; x_wconf 90' lang='lat' dir='ltr'>et</span> <span class='ocrx_word' id='word_1_1380' title='bbox 1698 2408 1797 2435; x_wconf 87' lang='lat' dir='ltr'>equum</span> <span class='ocrx_word' id='word_1_1381' title='bbox 1816 2402 1930 2431; x_wconf 86' lang='lat' dir='ltr'>alacrem</span> <span class='ocrx_word' id='word_1_1382' title='bbox 1955 2405 2039 2434; x_wconf 89' lang='lat' dir='ltr'>laetus</span> <span class='ocrx_word' id='word_1_1383' title='bbox 2063 2409 2163 2444; x_wconf 85' lang='lat' dir='ltr'>aspexit</span> 
     </span>
    </p>

    <p class='ocr_par' dir='ltr' id='par_1_43' title="bbox 23 2426 2177 2480">
     <span class='ocr_line' id='line_1_68' title="bbox 23 2429 2177 2480; baseline 0.009 -26"><span class='ocrx_word' id='word_1_1384' title='bbox 23 2439 26 2462; x_wconf 74' lang='grc'>;</span> <span class='ocrx_word' id='word_1_1385' title='bbox 358 2438 371 2456; x_wconf 86' lang='lat'><em>2</em></span> <span class='ocrx_word' id='word_1_1386' title='bbox 404 2430 517 2465; x_wconf 74' lang='lat' dir='ltr'>Metapb.</span> <span class='ocrx_word' id='word_1_1387' title='bbox 543 2429 623 2456; x_wconf 88' lang='lat' dir='ltr'>Prud.</span> <span class='ocrx_word' id='word_1_1388' title='bbox 638 2429 735 2465; x_wconf 86' lang='lat' dir='ltr'>Apoth.</span> <span class='ocrx_word' id='word_1_1389' title='bbox 749 2432 796 2463; x_wconf 70' lang='lat'>641</span> <span class='ocrx_word' id='word_1_1390' title='bbox 828 2430 911 2456; x_wconf 88' lang='lat' dir='ltr'>Omni</span> <span class='ocrx_word' id='word_1_1391' title='bbox 927 2430 1066 2465; x_wconf 88' lang='lat' dir='ltr'>culparum</span> <span class='ocrx_word' id='word_1_1392' title='bbox 1124 2431 1198 2457; x_wconf 89' lang='lat' dir='ltr'>cuius</span> <span class='ocrx_word' id='word_1_1393' title='bbox 1213 2431 1240 2457; x_wconf 92' lang='lat' dir='ltr'>in</span> <span class='ocrx_word' id='word_1_1394' title='bbox 1255 2430 1318 2457; x_wconf 83' lang='lat' dir='ltr'>iuba</span> <span class='ocrx_word' id='word_1_1395' title='bbox 1331 2440 1443 2458; x_wconf 76' lang='lat' dir='ltr'>examen</span> <span class='ocrx_word' id='word_1_1396' title='bbox 1462 2442 1542 2467; x_wconf 85' lang='lat' dir='ltr'>apum</span> <span class='ocrx_word' id='word_1_1397' title='bbox 1556 2434 1717 2462; x_wconf 81' lang='lat' dir='ltr'>consederat.</span> <span class='ocrx_word' id='word_1_1398' title='bbox 1753 2437 1823 2464; x_wconf 76' lang='lat' dir='ltr'>Add.</span> <span class='ocrx_word' id='word_1_1399' title='bbox 1837 2439 1911 2466; x_wconf 88' lang='lat' dir='ltr'>Idem</span> <span class='ocrx_word' id='word_1_1400' title='bbox 1925 2441 1957 2467; x_wconf 86' lang='lat' dir='ltr'>de</span> <span class='ocrx_word' id='word_1_1401' title='bbox 1969 2443 2014 2469; x_wconf 88' lang='lat' dir='ltr'>Ar.</span> <span class='ocrx_word' id='word_1_1402' title='bbox 2031 2444 2108 2480; x_wconf 88' lang='lat' dir='ltr'>Resp.</span> <span class='ocrx_word' id='word_1_1403' title='bbox 2127 2455 2148 2473; x_wconf 91' lang='lat' dir='ltr'>c.</span> <span class='ocrx_word' id='word_1_1404' title='bbox 2167 2431 2177 2473; x_wconf 78' lang='lat' dir='ltr'>i</span> 
     </span>
    </p>

    <p class='ocr_par' dir='ltr' id='par_1_44' title="bbox 51 2460 2178 2517">
     <span class='ocr_line' id='line_1_69' title="bbox 51 2460 2178 2517; baseline 0.015 -41"><span class='ocrx_word' id='word_1_1405' title='bbox 51 2463 54 2466; x_wconf 47' lang='lat'><strong>⁴</strong></span> <span class='ocrx_word' id='word_1_1406' title='bbox 75 2460 96 2477; x_wconf 52' lang='grc' dir='ltr'>ε.</span> <span class='ocrx_word' id='word_1_1407' title='bbox 108 2462 137 2474; x_wconf 65' lang='lat' dir='ltr'>-a</span> <span class='ocrx_word' id='word_1_1408' title='bbox 155 2476 169 2495; x_wconf 58' lang='lat' dir='ltr'>e</span> <span class='ocrx_word' id='word_1_1409' title='bbox 179 2467 259 2495; x_wconf 49' lang='lat' dir='ltr'><strong>liber·</strong></span> <span class='ocrx_word' id='word_1_1410' title='bbox 326 2465 375 2493; x_wconf 54' lang='lat' dir='ltr'>“Ha</span> <span class='ocrx_word' id='word_1_1411' title='bbox 387 2467 460 2501; x_wconf 63' lang='lat' dir='ltr'>culpa</span> <span class='ocrx_word' id='word_1_1412' title='bbox 478 2465 666 2502; x_wconf 59' lang='lat' dir='ltr'>velfflsfficz&#39;ovze</span> <span class='ocrx_word' id='word_1_1413' title='bbox 680 2467 751 2492; x_wconf 78' lang='lat' dir='ltr'>illius</span> <span class='ocrx_word' id='word_1_1414' title='bbox 763 2464 904 2501; x_wconf 58' lang='lat' dir='ltr'>adspersus,</span> <span class='ocrx_word' id='word_1_1415' title='bbox 1081 2471 1112 2503; x_wconf 74' lang='lat'>55</span> <span class='ocrx_word' id='word_1_1416' title='bbox 1122 2466 1224 2506; x_wconf 74' lang='lat' dir='ltr'>Deinde</span> <span class='ocrx_word' id='word_1_1417' title='bbox 1237 2467 1368 2507; x_wconf 75' lang='lat' dir='ltr'>respexit,</span> <span class='ocrx_word' id='word_1_1418' title='bbox 1384 2473 1410 2494; x_wconf 88' lang='lat' dir='ltr'>et</span> <span class='ocrx_word' id='word_1_1419' title='bbox 1424 2467 1530 2495; x_wconf 87' lang='lat' dir='ltr'>fimulac</span> <span class='ocrx_word' id='word_1_1420' title='bbox 1544 2470 1677 2497; x_wconf 86' lang='lat' dir='ltr'>consulem</span> <span class='ocrx_word' id='word_1_1421' title='bbox 1691 2471 1809 2507; x_wconf 82' lang='lat' dir='ltr'>adspexit</span> <span class='ocrx_word' id='word_1_1422' title='bbox 1824 2482 1869 2502; x_wconf 75' lang='lat' dir='ltr'>etc.</span> <span class='ocrx_word' id='word_1_1423' title='bbox 1905 2477 1979 2504; x_wconf 89' lang='lat' dir='ltr'>Idem</span> <span class='ocrx_word' id='word_1_1424' title='bbox 1997 2488 2047 2514; x_wconf 90' lang='lat' dir='ltr'>pro</span> <span class='ocrx_word' id='word_1_1425' title='bbox 2060 2480 2120 2514; x_wconf 82' lang='lat' dir='ltr'>Syll.</span> <span class='ocrx_word' id='word_1_1426' title='bbox 2138 2490 2178 2517; x_wconf 84' lang='lat'>74</span> 
     </span>
    </p>

    <p class='ocr_par' dir='ltr' id='par_1_45' title="bbox 25 2495 2177 2551">
     <span class='ocr_line' id='line_1_70' title="bbox 25 2501 2177 2551; baseline 0.006 -18"><span class='ocrx_word' id='word_1_1427' title='bbox 25 2508 29 2533; x_wconf 89' lang='lat'>.&#39;</span> <span class='ocrx_word' id='word_1_1428' title='bbox 58 2510 265 2534; x_wconf 65' lang='grc' dir='ltr'><strong>-ΗἜκςνς,</strong></span> <span class='ocrx_word' id='word_1_1429' title='bbox 284 2511 315 2536; x_wconf 74' lang='lat' dir='ltr'>a,</span> <span class='ocrx_word' id='word_1_1430' title='bbox 335 2510 389 2528; x_wconf 84' lang='lat' dir='ltr'>um·</span> <span class='ocrx_word' id='word_1_1431' title='bbox 426 2501 519 2528; x_wconf 80' lang='lat' dir='ltr'>Partic.</span> <span class='ocrx_word' id='word_1_1432' title='bbox 555 2501 677 2537; x_wconf 75' lang='grc' dir='ltr'>[ῥαντὸς]</span> <span class='ocrx_word' id='word_1_1433' title='bbox 720 2503 769 2533; x_wconf 75' lang='lat' dir='ltr'>Vt,</span> <span class='ocrx_word' id='word_1_1434' title='bbox 791 2502 917 2535; x_wconf 83' lang='lat' dir='ltr'>Aspersus</span> <span class='ocrx_word' id='word_1_1435' title='bbox 931 2501 1017 2527; x_wconf 89' lang='lat' dir='ltr'>oculis</span> <span class='ocrx_word' id='word_1_1436' title='bbox 1035 2501 1068 2527; x_wconf 92' lang='lat' dir='ltr'>li-</span> <span class='ocrx_word' id='word_1_1437' title='bbox 1121 2502 1239 2537; x_wconf 84' lang='lat' dir='ltr'>Aspicite</span> <span class='ocrx_word' id='word_1_1438' title='bbox 1254 2504 1356 2537; x_wconf 87' lang='lat' dir='ltr'>ipsum,</span> <span class='ocrx_word' id='word_1_1439' title='bbox 1375 2505 1541 2532; x_wconf 86' lang='lat' dir='ltr'>contuemini</span> <span class='ocrx_word' id='word_1_1440' title='bbox 1556 2514 1602 2539; x_wconf 83' lang='lat' dir='ltr'>os,</span> <span class='ocrx_word' id='word_1_1441' title='bbox 1623 2508 1744 2534; x_wconf 87' lang='lat' dir='ltr'>conferte</span> <span class='ocrx_word' id='word_1_1442' title='bbox 1764 2510 1867 2537; x_wconf 86' lang='lat' dir='ltr'>crimen</span> <span class='ocrx_word' id='word_1_1443' title='bbox 1886 2521 1946 2540; x_wconf 88' lang='lat' dir='ltr'>cum</span> <span class='ocrx_word' id='word_1_1444' title='bbox 1965 2515 2021 2542; x_wconf 86' lang='lat' dir='ltr'>vita</span> <span class='ocrx_word' id='word_1_1445' title='bbox 2039 2525 2124 2551; x_wconf 87' lang='lat' dir='ltr'>vsque</span> <span class='ocrx_word' id='word_1_1446' title='bbox 2143 2518 2177 2545; x_wconf 89' lang='lat' dir='ltr'>ad</span> 
     </span>
    </p>

    <p class='ocr_par' dir='ltr' id='par_1_46' title="bbox 2 2534 2177 2588">
     <span class='ocr_line' id='line_1_71' title="bbox 2 2536 2177 2588; baseline 0.011 -30"><span class='ocrx_word' id='word_1_1447' title='bbox 2 2552 5 2555; x_wconf 60' lang='lat'>.</span> <span class='ocrx_word' id='word_1_1448' title='bbox 25 2539 37 2562; x_wconf 61' lang='grc' dir='ltr'>ι,</span> <span class='ocrx_word' id='word_1_1449' title='bbox 106 2539 173 2568; x_wconf 71' lang='lat' dir='ltr'>min,</span> <span class='ocrx_word' id='word_1_1450' title='bbox 188 2548 232 2572; x_wconf 85' lang='lat'>12,</span> <span class='ocrx_word' id='word_1_1451' title='bbox 243 2544 266 2569; x_wconf 78' lang='lat'>8.</span> <span class='ocrx_word' id='word_1_1452' title='bbox 322 2539 416 2564; x_wconf 87' lang='lat' dir='ltr'>Horat.</span> <span class='ocrx_word' id='word_1_1453' title='bbox 434 2537 512 2572; x_wconf 86' lang='lat' dir='ltr'>Epist.</span> <span class='ocrx_word' id='word_1_1454' title='bbox 529 2547 552 2570; x_wconf 92' lang='lat'>1,</span> <span class='ocrx_word' id='word_1_1455' title='bbox 575 2546 616 2570; x_wconf 93' lang='lat'>11,</span> <span class='ocrx_word' id='word_1_1456' title='bbox 640 2546 667 2564; x_wconf 85' lang='lat'>12</span> <span class='ocrx_word' id='word_1_1457' title='bbox 693 2537 818 2571; x_wconf 67' lang='lat' dir='ltr'>Asper-sus</span> <span class='ocrx_word' id='word_1_1458' title='bbox 840 2536 927 2563; x_wconf 84' lang='lat' dir='ltr'>imbre</span> <span class='ocrx_word' id='word_1_1459' title='bbox 946 2537 1067 2577; x_wconf 68' lang='lat' dir='ltr'>lutoque.</span> <span class='ocrx_word' id='word_1_1460' title='bbox 1121 2538 1174 2565; x_wconf 90' lang='lat' dir='ltr'>hoc</span> <span class='ocrx_word' id='word_1_1461' title='bbox 1192 2544 1295 2573; x_wconf 77' lang='lat' dir='ltr'>tempus</span> <span class='ocrx_word' id='word_1_1462' title='bbox 1308 2539 1453 2573; x_wconf 88' lang='lat' dir='ltr'>explicata:</span> <span class='ocrx_word' id='word_1_1463' title='bbox 1473 2546 1531 2568; x_wconf 89' lang='lat' dir='ltr'>tum</span> <span class='ocrx_word' id='word_1_1464' title='bbox 1543 2543 1645 2569; x_wconf 89' lang='lat' dir='ltr'>crimen</span> <span class='ocrx_word' id='word_1_1465' title='bbox 1658 2546 1848 2578; x_wconf 82' lang='lat' dir='ltr'>recognoscite.</span> <span class='ocrx_word' id='word_1_1466' title='bbox 1887 2549 1918 2574; x_wconf 84' lang='lat' dir='ltr'>Et</span> <span class='ocrx_word' id='word_1_1467' title='bbox 1933 2548 2177 2588; x_wconf 85' lang='lat' dir='ltr'>deArusp.Resp.2</span> 
     </span>
    </p>

    <p class='ocr_par' dir='ltr' id='par_1_47' title="bbox 0 2573 2176 2625">
     <span class='ocr_line' id='line_1_72' title="bbox 0 2573 2176 2625; baseline 0.013 -36"><span class='ocrx_word' id='word_1_1468' title='bbox 0 2606 2 2611; x_wconf 93' lang='lat'>.</span> <span class='ocrx_word' id='word_1_1469' title='bbox 26 2595 36 2610; x_wconf 35' lang='grc' dir='ltr'><em>η</em></span> <span class='ocrx_word' id='word_1_1470' title='bbox 62 2581 138 2612; x_wconf 53' lang='lat' dir='ltr'>Pm-</span> <span class='ocrx_word' id='word_1_1471' title='bbox 153 2584 175 2609; x_wconf 88' lang='lat'>1,</span> <span class='ocrx_word' id='word_1_1472' title='bbox 188 2584 223 2607; x_wconf 77' lang='lat'>¹²,</span> <span class='ocrx_word' id='word_1_1473' title='bbox 238 2577 266 2602; x_wconf 70' lang='lat'>16</span> <span class='ocrx_word' id='word_1_1474' title='bbox 285 2574 351 2601; x_wconf 83' lang='lat' dir='ltr'>Non</span> <span class='ocrx_word' id='word_1_1475' title='bbox 365 2573 435 2600; x_wconf 86' lang='lat' dir='ltr'>nihil</span> <span class='ocrx_word' id='word_1_1476' title='bbox 454 2573 559 2608; x_wconf 81' lang='lat' dir='ltr'>aspersis</span> <span class='ocrx_word' id='word_1_1477' title='bbox 575 2573 670 2608; x_wconf 80' lang='lat' dir='ltr'>gaudet</span> <span class='ocrx_word' id='word_1_1478' title='bbox 690 2582 766 2599; x_wconf 90' lang='lat' dir='ltr'>amor</span> <span class='ocrx_word' id='word_1_1479' title='bbox 785 2573 910 2599; x_wconf 86' lang='lat' dir='ltr'>lacrimis.</span> <span class='ocrx_word' id='word_1_1480' title='bbox 948 2573 1008 2599; x_wconf 76' lang='lat' dir='ltr'>Liu-</span> <span class='ocrx_word' id='word_1_1481' title='bbox 1025 2582 1067 2606; x_wconf 86' lang='lat'>41,</span> <span class='ocrx_word' id='word_1_1482' title='bbox 1122 2575 1153 2601; x_wconf 88' lang='lat' dir='ltr'>Et</span> <span class='ocrx_word' id='word_1_1483' title='bbox 1168 2573 1244 2601; x_wconf 84' lang='lat' dir='ltr'>fimul</span> <span class='ocrx_word' id='word_1_1484' title='bbox 1266 2575 1298 2601; x_wconf 92' lang='lat' dir='ltr'>ad</span> <span class='ocrx_word' id='word_1_1485' title='bbox 1317 2576 1366 2602; x_wconf 89' lang='lat' dir='ltr'>Cn.</span> <span class='ocrx_word' id='word_1_1486' title='bbox 1382 2576 1526 2604; x_wconf 86' lang='lat' dir='ltr'>Lentulum</span> <span class='ocrx_word' id='word_1_1487' title='bbox 1546 2579 1619 2606; x_wconf 90' lang='lat' dir='ltr'>COS.</span> <span class='ocrx_word' id='word_1_1488' title='bbox 1638 2580 1746 2613; x_wconf 85' lang='lat' dir='ltr'>aspexit.</span> <span class='ocrx_word' id='word_1_1489' title='bbox 1803 2582 1845 2609; x_wconf 90' lang='lat' dir='ltr'>Ad</span> <span class='ocrx_word' id='word_1_1490' title='bbox 1866 2583 1961 2611; x_wconf 86' lang='lat' dir='ltr'>faciem</span> <span class='ocrx_word' id='word_1_1491' title='bbox 1981 2595 2075 2615; x_wconf 87' lang='lat' dir='ltr'>eorum</span> <span class='ocrx_word' id='word_1_1492' title='bbox 2091 2599 2176 2625; x_wconf 87' lang='lat' dir='ltr'>quum</span> 
     </span>
    </p>
   </div>
   <div class='ocr_carea' id='block_1_10' title="bbox 47 2607 2175 2658">
    <p class='ocr_par' dir='ltr' id='par_1_48' title="bbox 47 2607 2175 2658">
     <span class='ocr_line' id='line_1_73' title="bbox 47 2607 2175 2658; baseline 0.011 -29"><span class='ocrx_word' id='word_1_1493' title='bbox 47 2620 51 2629; x_wconf 82' lang='grc'><strong>,</strong></span> <span class='ocrx_word' id='word_1_1494' title='bbox 66 2614 132 2639; x_wconf 59' lang='lat' dir='ltr'>ime,-</span> <span class='ocrx_word' id='word_1_1495' title='bbox 141 2610 263 2647; x_wconf 67' lang='lat' dir='ltr'>prodigia</span> <span class='ocrx_word' id='word_1_1496' title='bbox 275 2607 319 2643; x_wconf 83' lang='lat' dir='ltr'>est,</span> <span class='ocrx_word' id='word_1_1497' title='bbox 331 2610 415 2636; x_wconf 86' lang='lat' dir='ltr'>Vacca</span> <span class='ocrx_word' id='word_1_1498' title='bbox 434 2617 514 2635; x_wconf 87' lang='lat' dir='ltr'>aenea</span> <span class='ocrx_word' id='word_1_1499' title='bbox 527 2609 656 2641; x_wconf 82' lang='lat' dir='ltr'>Syracusis</span> <span class='ocrx_word' id='word_1_1500' title='bbox 675 2609 709 2636; x_wconf 84' lang='lat' dir='ltr'>ab</span> <span class='ocrx_word' id='word_1_1501' title='bbox 726 2609 822 2644; x_wconf 80' lang='lat' dir='ltr'>agresti</span> <span class='ocrx_word' id='word_1_1502' title='bbox 842 2615 918 2635; x_wconf 83' lang='lat' dir='ltr'>tauro</span> <span class='ocrx_word' id='word_1_1503' title='bbox 938 2609 1020 2642; x_wconf 86' lang='lat' dir='ltr'>inita,</span> <span class='ocrx_word' id='word_1_1504' title='bbox 1039 2618 1068 2636; x_wconf 87' lang='lat' dir='ltr'>ae</span> <span class='ocrx_word' id='word_1_1505' title='bbox 1122 2611 1248 2645; x_wconf 84' lang='lat' dir='ltr'>aspicies,</span> <span class='ocrx_word' id='word_1_1506' title='bbox 1267 2611 1336 2638; x_wconf 89' lang='lat' dir='ltr'>haud</span> <span class='ocrx_word' id='word_1_1507' title='bbox 1350 2611 1477 2639; x_wconf 86' lang='lat' dir='ltr'>videntur</span> <span class='ocrx_word' id='word_1_1508' title='bbox 1486 2613 1550 2639; x_wconf 90' lang='lat' dir='ltr'>mali</span> <span class='ocrx_word' id='word_1_1509' title='bbox 1563 2614 1646 2641; x_wconf 86' lang='lat' dir='ltr'>Plaut.</span> <span class='ocrx_word' id='word_1_1510' title='bbox 1661 2616 1751 2643; x_wconf 86' lang='lat' dir='ltr'>Pseud.</span> <span class='ocrx_word' id='word_1_1511' title='bbox 1767 2626 1786 2650; x_wconf 88' lang='lat'>1,</span> <span class='ocrx_word' id='word_1_1512' title='bbox 1803 2627 1828 2651; x_wconf 87' lang='lat'>2,</span> <span class='ocrx_word' id='word_1_1513' title='bbox 1841 2627 1868 2652; x_wconf 86' lang='lat'>9.</span> <span class='ocrx_word' id='word_1_1514' title='bbox 1912 2621 1994 2649; x_wconf 85' lang='lat' dir='ltr'>Ouid.</span> <span class='ocrx_word' id='word_1_1515' title='bbox 2008 2623 2074 2651; x_wconf 86' lang='lat' dir='ltr'>Met.</span> <span class='ocrx_word' id='word_1_1516' title='bbox 2089 2634 2114 2658; x_wconf 88' lang='lat'>2,</span> <span class='ocrx_word' id='word_1_1517' title='bbox 2126 2631 2175 2657; x_wconf 83' lang='lat'>228</span> 
     </span>
    </p>
   </div>
   <div class='ocr_carea' id='block_1_11' title="bbox 0 2406 78 2639">
    <p class='ocr_par' dir='ltr' id='par_1_49' title="bbox 0 2406 78 2639">
     <span class='ocr_line' id='line_1_74' title="bbox 0 2406 78 2528; baseline 0 0"><span class='ocrx_word' id='word_1_1518' title='bbox 0 2406 78 2528; x_wconf 95' lang='lat' dir='ltr'>  </span> 
     </span>
     <span class='ocr_line' id='line_1_75' title="bbox 0 2528 26 2639; baseline 0 -48"><span class='ocrx_word' id='word_1_1519' title='bbox 0 2528 26 2639; x_wconf 95' lang='lat' dir='ltr'>    </span> 
     </span>
    </p>
   </div>
   <div class='ocr_carea' id='block_1_12' title="bbox 0 2643 2177 2983">
    <p class='ocr_par' dir='ltr' id='par_1_50' title="bbox 1 2643 2177 2733">
     <span class='ocr_line' id='line_1_76' title="bbox 1 2643 2176 2690; baseline 0.007 -17"><span class='ocrx_word' id='word_1_1520' title='bbox 1 2650 6 2655; x_wconf 93' lang='lat'>&#39;</span> <span class='ocrx_word' id='word_1_1521' title='bbox 51 2647 123 2675; x_wconf 85' lang='lat' dir='ltr'>mine</span> <span class='ocrx_word' id='word_1_1522' title='bbox 135 2646 244 2680; x_wconf 83' lang='lat' dir='ltr'>aspersa.</span> <span class='ocrx_word' id='word_1_1523' title='bbox 292 2645 402 2670; x_wconf 82' lang='lat' dir='ltr'>Leniter</span> <span class='ocrx_word' id='word_1_1524' title='bbox 416 2644 531 2678; x_wconf 85' lang='lat' dir='ltr'>aspersus</span> <span class='ocrx_word' id='word_1_1525' title='bbox 547 2643 679 2671; x_wconf 80' lang='lat' dir='ltr'>laudibus.</span> <span class='ocrx_word' id='word_1_1526' title='bbox 723 2645 781 2672; x_wconf 66' lang='lat' dir='ltr'>Vm.</span> <span class='ocrx_word' id='word_1_1527' title='bbox 797 2652 812 2671; x_wconf 89' lang='lat' dir='ltr'>L</span> <span class='ocrx_word' id='word_1_1528' title='bbox 821 2651 837 2671; x_wconf 77' lang='grc' dir='ltr'>Ε</span> <span class='ocrx_word' id='word_1_1529' title='bbox 847 2652 867 2670; x_wconf 84' lang='lat' dir='ltr'>v</span> <span class='ocrx_word' id='word_1_1530' title='bbox 876 2652 884 2671; x_wconf 89' lang='lat'>1</span> <span class='ocrx_word' id='word_1_1531' title='bbox 894 2652 916 2671; x_wconf 89' lang='lat' dir='ltr'>s.</span> <span class='ocrx_word' id='word_1_1532' title='bbox 1076 2654 1112 2682; x_wconf 85' lang='lat'>70</span> <span class='ocrx_word' id='word_1_1533' title='bbox 1122 2647 1199 2673; x_wconf 86' lang='lat' dir='ltr'>Tum</span> <span class='ocrx_word' id='word_1_1534' title='bbox 1213 2656 1280 2673; x_wconf 88' lang='lat' dir='ltr'>vero</span> <span class='ocrx_word' id='word_1_1535' title='bbox 1292 2646 1428 2674; x_wconf 70' lang='lat' dir='ltr'>Phaethon</span> <span class='ocrx_word' id='word_1_1536' title='bbox 1441 2649 1544 2675; x_wconf 74' lang='lat' dir='ltr'>cunCtis</span> <span class='ocrx_word' id='word_1_1537' title='bbox 1556 2658 1570 2675; x_wconf 90' lang='lat' dir='ltr'>e</span> <span class='ocrx_word' id='word_1_1538' title='bbox 1582 2650 1703 2685; x_wconf 84' lang='lat' dir='ltr'>partibus</span> <span class='ocrx_word' id='word_1_1539' title='bbox 1718 2652 1813 2679; x_wconf 89' lang='lat' dir='ltr'>orbem</span> <span class='ocrx_word' id='word_1_1540' title='bbox 1850 2655 1960 2690; x_wconf 87' lang='lat' dir='ltr'>Aspicit.</span> <span class='ocrx_word' id='word_1_1541' title='bbox 2016 2659 2074 2687; x_wconf 88' lang='lat' dir='ltr'>Sen.</span> <span class='ocrx_word' id='word_1_1542' title='bbox 2096 2663 2176 2689; x_wconf 87' lang='lat' dir='ltr'>Herc.</span> 
     </span>
     <span class='ocr_line' id='line_1_77' title="bbox 60 2677 2177 2733; baseline 0.007 -23"><span class='ocrx_word' id='word_1_1543' title='bbox 60 2683 236 2710; x_wconf 75' lang='lat' dir='ltr'>ASPBRSV</span> <span class='ocrx_word' id='word_1_1544' title='bbox 246 2687 277 2712; x_wconf 88' lang='lat' dir='ltr'>S,</span> <span class='ocrx_word' id='word_1_1545' title='bbox 302 2677 342 2706; x_wconf 70' lang='lat' dir='ltr'>fis·</span> <span class='ocrx_word' id='word_1_1546' title='bbox 377 2688 414 2705; x_wconf 87' lang='lat' dir='ltr'>m.</span> <span class='ocrx_word' id='word_1_1547' title='bbox 449 2679 592 2715; x_wconf 71' lang='grc' dir='ltr'>[ρείντισις]</span> <span class='ocrx_word' id='word_1_1548' title='bbox 633 2680 807 2718; x_wconf 76' lang='lat' dir='ltr'>Adspergendi</span> <span class='ocrx_word' id='word_1_1549' title='bbox 826 2679 907 2706; x_wconf 60' lang='lat' dir='ltr'>acius.</span> <span class='ocrx_word' id='word_1_1550' title='bbox 950 2680 1017 2707; x_wconf 91' lang='lat' dir='ltr'>Plin.</span> <span class='ocrx_word' id='word_1_1551' title='bbox 1033 2689 1067 2714; x_wconf 88' lang='lat'>11,</span> <span class='ocrx_word' id='word_1_1552' title='bbox 1121 2683 1175 2709; x_wconf 85' lang='lat' dir='ltr'>fur.</span> <span class='ocrx_word' id='word_1_1553' title='bbox 1191 2684 1244 2709; x_wconf 81' lang='lat'>600</span> <span class='ocrx_word' id='word_1_1554' title='bbox 1260 2683 1297 2710; x_wconf 85' lang='lat' dir='ltr'>Ex</span> <span class='ocrx_word' id='word_1_1555' title='bbox 1312 2684 1369 2710; x_wconf 84' lang='lat' dir='ltr'>alto</span> <span class='ocrx_word' id='word_1_1556' title='bbox 1382 2685 1473 2719; x_wconf 88' lang='lat' dir='ltr'>aspicit</span> <span class='ocrx_word' id='word_1_1557' title='bbox 1487 2691 1600 2713; x_wconf 86' lang='lat' dir='ltr'>terrena.</span> <span class='ocrx_word' id='word_1_1558' title='bbox 1634 2687 1701 2714; x_wconf 89' lang='lat' dir='ltr'>Plin.</span> <span class='ocrx_word' id='word_1_1559' title='bbox 1710 2696 1741 2721; x_wconf 80' lang='grc' dir='ltr'>ιι,</span> <span class='ocrx_word' id='word_1_1560' title='bbox 1749 2696 1781 2724; x_wconf 83' lang='lat'>37</span> <span class='ocrx_word' id='word_1_1561' title='bbox 1802 2690 1898 2718; x_wconf 79' lang='lat' dir='ltr'>Cancri</span> <span class='ocrx_word' id='word_1_1562' title='bbox 1911 2693 1939 2719; x_wconf 89' lang='lat' dir='ltr'>in</span> <span class='ocrx_word' id='word_1_1563' title='bbox 1954 2693 2097 2730; x_wconf 85' lang='lat' dir='ltr'>obliquum</span> <span class='ocrx_word' id='word_1_1564' title='bbox 2110 2699 2177 2733; x_wconf 87' lang='lat' dir='ltr'>aspi-</span> 
     </span>
    </p>

    <p class='ocr_par' dir='ltr' id='par_1_51' title="bbox 0 2714 2176 2907">
     <span class='ocr_line' id='line_1_78' title="bbox 0 2714 2176 2764; baseline 0.009 -23"><span class='ocrx_word' id='word_1_1565' title='bbox 0 2737 9 2755; x_wconf 55' lang='lat'>!</span> <span class='ocrx_word' id='word_1_1566' title='bbox 79 2718 156 2751; x_wconf 71' lang='lat' dir='ltr'>Quae</span> <span class='ocrx_word' id='word_1_1567' title='bbox 168 2714 266 2742; x_wconf 61' lang='lat' dir='ltr'>insefika</span> <span class='ocrx_word' id='word_1_1568' title='bbox 277 2714 485 2750; x_wconf 87' lang='lat' dir='ltr'>appellauimus,</span> <span class='ocrx_word' id='word_1_1569' title='bbox 505 2716 596 2742; x_wconf 88' lang='lat' dir='ltr'>omnia</span> <span class='ocrx_word' id='word_1_1570' title='bbox 610 2715 664 2743; x_wconf 91' lang='lat' dir='ltr'>olei</span> <span class='ocrx_word' id='word_1_1571' title='bbox 677 2717 778 2751; x_wconf 86' lang='lat' dir='ltr'>aspersu</span> <span class='ocrx_word' id='word_1_1572' title='bbox 798 2722 931 2742; x_wconf 81' lang='lat' dir='ltr'>necantur.</span> <span class='ocrx_word' id='word_1_1573' title='bbox 1122 2719 1205 2745; x_wconf 87' lang='lat' dir='ltr'>ciunt.</span> <span class='ocrx_word' id='word_1_1574' title='bbox 1278 2719 1334 2746; x_wconf 84' lang='lat' dir='ltr'>Cic.</span> <span class='ocrx_word' id='word_1_1575' title='bbox 1354 2720 1383 2746; x_wconf 91' lang='lat' dir='ltr'>in</span> <span class='ocrx_word' id='word_1_1576' title='bbox 1404 2721 1484 2747; x_wconf 88' lang='lat' dir='ltr'>Catil.</span> <span class='ocrx_word' id='word_1_1577' title='bbox 1503 2730 1533 2754; x_wconf 78' lang='lat'>3,</span> <span class='ocrx_word' id='word_1_1578' title='bbox 1548 2730 1571 2754; x_wconf 86' lang='lat'>13</span> <span class='ocrx_word' id='word_1_1579' title='bbox 1587 2731 1608 2748; x_wconf 92' lang='lat' dir='ltr'>c.</span> <span class='ocrx_word' id='word_1_1580' title='bbox 1623 2730 1636 2756; x_wconf 83' lang='lat'>3</span> <span class='ocrx_word' id='word_1_1581' title='bbox 1655 2723 1696 2749; x_wconf 89' lang='lat' dir='ltr'>Sic</span> <span class='ocrx_word' id='word_1_1582' title='bbox 1708 2729 1808 2752; x_wconf 90' lang='lat' dir='ltr'>terram</span> <span class='ocrx_word' id='word_1_1583' title='bbox 1819 2726 2009 2764; x_wconf 88' lang='lat' dir='ltr'>intuebantur,</span> <span class='ocrx_word' id='word_1_1584' title='bbox 2029 2732 2063 2759; x_wconf 85' lang='lat' dir='ltr'>fic</span> <span class='ocrx_word' id='word_1_1585' title='bbox 2078 2734 2176 2761; x_wconf 88' lang='lat' dir='ltr'>furtim</span> 
     </span>
     <span class='ocr_line' id='line_1_79' title="bbox 0 2750 2175 2796; baseline 0.016 -33"><span class='ocrx_word' id='word_1_1586' title='bbox 0 2766 8 2792; x_wconf 58' lang='grc' dir='ltr'><strong><em>ὲ</em></strong></span> <span class='ocrx_word' id='word_1_1587' title='bbox 20 2759 24 2763; x_wconf 93' lang='grc'>.</span> <span class='ocrx_word' id='word_1_1588' title='bbox 61 2758 267 2783; x_wconf 68' lang='lat' dir='ltr'>ASPERMO,</span> <span class='ocrx_word' id='word_1_1589' title='bbox 287 2751 354 2777; x_wconf 68' lang='lat' dir='ltr'>smis,</span> <span class='ocrx_word' id='word_1_1590' title='bbox 376 2751 396 2778; x_wconf 77' lang='lat' dir='ltr'>f.</span> <span class='ocrx_word' id='word_1_1591' title='bbox 416 2750 517 2786; x_wconf 67' lang='grc' dir='ltr'>[ῥανὶς]</span> <span class='ocrx_word' id='word_1_1592' title='bbox 554 2751 628 2778; x_wconf 78' lang='lat' dir='ltr'>Idem.</span> <span class='ocrx_word' id='word_1_1593' title='bbox 652 2752 708 2779; x_wconf 89' lang='lat' dir='ltr'>Cic.</span> <span class='ocrx_word' id='word_1_1594' title='bbox 717 2752 749 2779; x_wconf 88' lang='lat' dir='ltr'>de</span> <span class='ocrx_word' id='word_1_1595' title='bbox 758 2754 821 2787; x_wconf 75' lang='lat' dir='ltr'>Leg.</span> <span class='ocrx_word' id='word_1_1596' title='bbox 831 2762 854 2784; x_wconf 84' lang='lat'>2,</span> <span class='ocrx_word' id='word_1_1597' title='bbox 865 2761 900 2786; x_wconf 77' lang='lat'>24</span> <span class='ocrx_word' id='word_1_1598' title='bbox 920 2762 940 2778; x_wconf 90' lang='lat' dir='ltr'>c.</span> <span class='ocrx_word' id='word_1_1599' title='bbox 951 2761 979 2778; x_wconf 90' lang='lat'>10</span> <span class='ocrx_word' id='word_1_1600' title='bbox 995 2752 1067 2778; x_wconf 83' lang='lat' dir='ltr'>Nam</span> <span class='ocrx_word' id='word_1_1601' title='bbox 1121 2764 1314 2790; x_wconf 86' lang='lat' dir='ltr'>nonnunquam</span> <span class='ocrx_word' id='word_1_1602' title='bbox 1329 2755 1399 2783; x_wconf 82' lang='lat' dir='ltr'>inter</span> <span class='ocrx_word' id='word_1_1603' title='bbox 1414 2758 1440 2783; x_wconf 90' lang='lat' dir='ltr'>se</span> <span class='ocrx_word' id='word_1_1604' title='bbox 1454 2757 1616 2792; x_wconf 87' lang='lat' dir='ltr'>aspiciebant</span> <span class='ocrx_word' id='word_1_1605' title='bbox 1630 2769 1636 2785; x_wconf 93' lang='lat'><strong>:</strong></span> <span class='ocrx_word' id='word_1_1606' title='bbox 1671 2765 1701 2786; x_wconf 90' lang='lat' dir='ltr'>vt</span> <span class='ocrx_word' id='word_1_1607' title='bbox 1713 2769 1768 2787; x_wconf 89' lang='lat' dir='ltr'>non</span> <span class='ocrx_word' id='word_1_1608' title='bbox 1781 2761 1835 2788; x_wconf 87' lang='lat' dir='ltr'>iam</span> <span class='ocrx_word' id='word_1_1609' title='bbox 1848 2763 1881 2790; x_wconf 90' lang='lat' dir='ltr'>ab</span> <span class='ocrx_word' id='word_1_1610' title='bbox 1901 2764 1961 2792; x_wconf 88' lang='lat' dir='ltr'>aliis</span> <span class='ocrx_word' id='word_1_1611' title='bbox 1983 2767 2096 2796; x_wconf 89' lang='lat' dir='ltr'>indicari</span> <span class='ocrx_word' id='word_1_1612' title='bbox 2131 2769 2175 2796; x_wconf 86' lang='lat' dir='ltr'>sed</span> 
     </span>
     <span class='ocr_line' id='line_1_80' title="bbox 0 2786 2175 2841; baseline 0.009 -28"><span class='ocrx_word' id='word_1_1613' title='bbox 0 2796 29 2829; x_wconf 68' lang='lat'>1⁴</span> <span class='ocrx_word' id='word_1_1614' title='bbox 55 2788 92 2816; x_wconf 82' lang='lat' dir='ltr'>ud</span> <span class='ocrx_word' id='word_1_1615' title='bbox 104 2788 148 2816; x_wconf 88' lang='lat' dir='ltr'>vel</span> <span class='ocrx_word' id='word_1_1616' title='bbox 161 2786 307 2822; x_wconf 80' lang='lat' dir='ltr'>aspersione</span> <span class='ocrx_word' id='word_1_1617' title='bbox 320 2795 419 2822; x_wconf 85' lang='lat' dir='ltr'>aquae,</span> <span class='ocrx_word' id='word_1_1618' title='bbox 440 2786 483 2813; x_wconf 91' lang='lat' dir='ltr'>vel</span> <span class='ocrx_word' id='word_1_1619' title='bbox 497 2787 603 2815; x_wconf 87' lang='lat' dir='ltr'>dierum</span> <span class='ocrx_word' id='word_1_1620' title='bbox 616 2797 728 2816; x_wconf 86' lang='lat' dir='ltr'>numero</span> <span class='ocrx_word' id='word_1_1621' title='bbox 743 2789 856 2816; x_wconf 88' lang='lat' dir='ltr'>tollitur.</span> <span class='ocrx_word' id='word_1_1622' title='bbox 897 2788 924 2814; x_wconf 85' lang='lat' dir='ltr'>Si</span> <span class='ocrx_word' id='word_1_1623' title='bbox 937 2788 1066 2823; x_wconf 83' lang='lat' dir='ltr'>adspersio</span> <span class='ocrx_word' id='word_1_1624' title='bbox 1121 2791 1168 2826; x_wconf 76' lang='lat' dir='ltr'>ipsi</span> <span class='ocrx_word' id='word_1_1625' title='bbox 1183 2800 1198 2818; x_wconf 90' lang='lat' dir='ltr'>a</span> <span class='ocrx_word' id='word_1_1626' title='bbox 1211 2792 1237 2818; x_wconf 89' lang='lat' dir='ltr'>se</span> <span class='ocrx_word' id='word_1_1627' title='bbox 1250 2791 1414 2819; x_wconf 84' lang='lat' dir='ltr'>viderentur.</span> <span class='ocrx_word' id='word_1_1628' title='bbox 1451 2794 1508 2821; x_wconf 90' lang='lat' dir='ltr'>Cic.</span> <span class='ocrx_word' id='word_1_1629' title='bbox 1521 2803 1571 2829; x_wconf 89' lang='lat' dir='ltr'>pro</span> <span class='ocrx_word' id='word_1_1630' title='bbox 1585 2795 1662 2821; x_wconf 88' lang='lat' dir='ltr'>Rosc.</span> <span class='ocrx_word' id='word_1_1631' title='bbox 1677 2796 1766 2823; x_wconf 85' lang='lat' dir='ltr'>Amer.</span> <span class='ocrx_word' id='word_1_1632' title='bbox 1780 2799 1810 2830; x_wconf 83' lang='lat'>63</span> <span class='ocrx_word' id='word_1_1633' title='bbox 1831 2809 1851 2825; x_wconf 89' lang='lat' dir='ltr'>c.</span> <span class='ocrx_word' id='word_1_1634' title='bbox 1866 2808 1900 2826; x_wconf 85' lang='lat'>22.</span> <span class='ocrx_word' id='word_1_1635' title='bbox 1945 2808 2080 2831; x_wconf 90' lang='lat' dir='ltr'>ortentum</span> <span class='ocrx_word' id='word_1_1636' title='bbox 2095 2790 2175 2841; x_wconf 60' lang='lat' dir='ltr'>a&#39;tque</span> 
     </span>
     <span class='ocr_line' id='line_1_81' title="bbox 0 2822 2175 2876; baseline 0.014 -38"><span class='ocrx_word' id='word_1_1637' title='bbox 0 2839 9 2866; x_wconf 51' lang='grc' dir='ltr'><strong><em>κ</em></strong></span> <span class='ocrx_word' id='word_1_1638' title='bbox 20 2823 32 2850; x_wconf 76' lang='lat' dir='ltr'>l:</span> <span class='ocrx_word' id='word_1_1639' title='bbox 54 2824 80 2852; x_wconf 58' lang='grc' dir='ltr'><strong>,ἃ</strong></span> <span class='ocrx_word' id='word_1_1640' title='bbox 91 2824 228 2858; x_wconf 60' lang='lat' dir='ltr'>confingat</span> <span class='ocrx_word' id='word_1_1641' title='bbox 241 2822 361 2850; x_wconf 64' lang='lat' dir='ltr'>Macrob,</span> <span class='ocrx_word' id='word_1_1642' title='bbox 374 2823 425 2849; x_wconf 66' lang='lat' dir='ltr'>sat,</span> <span class='ocrx_word' id='word_1_1643' title='bbox 438 2831 462 2856; x_wconf 73' lang='lat'>3,</span> <span class='ocrx_word' id='word_1_1644' title='bbox 475 2832 493 2850; x_wconf 66' lang='grc' dir='ltr'><strong>χ,</strong></span> <span class='ocrx_word' id='word_1_1645' title='bbox 739 2850 744 2852; x_wconf 71' lang='grc'><strong>,</strong></span> <span class='ocrx_word' id='word_1_1646' title='bbox 1079 2831 1111 2859; x_wconf 76' lang='lat'>75</span> <span class='ocrx_word' id='word_1_1647' title='bbox 1121 2827 1269 2854; x_wconf 87' lang='lat' dir='ltr'>monstrum</span> <span class='ocrx_word' id='word_1_1648' title='bbox 1284 2828 1453 2855; x_wconf 84' lang='lat' dir='ltr'>certiffimum</span> <span class='ocrx_word' id='word_1_1649' title='bbox 1466 2829 1518 2862; x_wconf 86' lang='lat' dir='ltr'>est,</span> <span class='ocrx_word' id='word_1_1650' title='bbox 1538 2831 1587 2856; x_wconf 80' lang='lat' dir='ltr'>else</span> <span class='ocrx_word' id='word_1_1651' title='bbox 1600 2830 1718 2866; x_wconf 87' lang='lat' dir='ltr'>aliquem</span> <span class='ocrx_word' id='word_1_1652' title='bbox 1732 2832 1848 2861; x_wconf 90' lang='lat' dir='ltr'>humana</span> <span class='ocrx_word' id='word_1_1653' title='bbox 1861 2836 1947 2870; x_wconf 89' lang='lat' dir='ltr'>specie</span> <span class='ocrx_word' id='word_1_1654' title='bbox 1960 2844 1986 2864; x_wconf 90' lang='lat' dir='ltr'>et</span> <span class='ocrx_word' id='word_1_1655' title='bbox 1999 2839 2098 2873; x_wconf 84' lang='lat' dir='ltr'>figura,</span> <span class='ocrx_word' id='word_1_1656' title='bbox 2127 2841 2175 2876; x_wconf 91' lang='lat' dir='ltr'>qui</span> 
     </span>
     <span class='ocr_line' id='line_1_82' title="bbox 26 2857 2176 2907; baseline 0.011 -26"><span class='ocrx_word' id='word_1_1657' title='bbox 26 2887 27 2891; x_wconf 67' lang='lat'>,</span> <span class='ocrx_word' id='word_1_1658' title='bbox 60 2867 85 2890; x_wconf 69' lang='lat' dir='ltr'><strong>A</strong></span> <span class='ocrx_word' id='word_1_1659' title='bbox 93 2867 106 2888; x_wconf 80' lang='lat' dir='ltr'><strong>s</strong></span> <span class='ocrx_word' id='word_1_1660' title='bbox 115 2867 131 2888; x_wconf 67' lang='grc' dir='ltr'>Ρ</span> <span class='ocrx_word' id='word_1_1661' title='bbox 139 2866 156 2887; x_wconf 80' lang='lat' dir='ltr'>E</span> <span class='ocrx_word' id='word_1_1662' title='bbox 164 2866 184 2886; x_wconf 78' lang='lat' dir='ltr'>R</span> <span class='ocrx_word' id='word_1_1663' title='bbox 193 2865 283 2886; x_wconf 81' lang='lat' dir='ltr'>1TAs</span> <span class='ocrx_word' id='word_1_1664' title='bbox 292 2877 301 2892; x_wconf 90' lang='lat'><em>‚</em></span> <span class='ocrx_word' id='word_1_1665' title='bbox 325 2857 379 2885; x_wconf 83' lang='lat' dir='ltr'>vid.</span> <span class='ocrx_word' id='word_1_1666' title='bbox 396 2865 419 2885; x_wconf 85' lang='lat' dir='ltr'>A</span> <span class='ocrx_word' id='word_1_1667' title='bbox 427 2866 439 2886; x_wconf 89' lang='lat' dir='ltr'>s</span> <span class='ocrx_word' id='word_1_1668' title='bbox 448 2866 463 2886; x_wconf 82' lang='grc' dir='ltr'>Ρ</span> <span class='ocrx_word' id='word_1_1669' title='bbox 472 2865 489 2886; x_wconf 85' lang='lat' dir='ltr'>E</span> <span class='ocrx_word' id='word_1_1670' title='bbox 497 2865 527 2885; x_wconf 85' lang='lat' dir='ltr'>R.</span> <span class='ocrx_word' id='word_1_1671' title='bbox 1121 2869 1224 2890; x_wconf 82' lang='lat' dir='ltr'>tantum</span> <span class='ocrx_word' id='word_1_1672' title='bbox 1243 2864 1409 2891; x_wconf 88' lang='lat' dir='ltr'>immanitate</span> <span class='ocrx_word' id='word_1_1673' title='bbox 1430 2864 1524 2893; x_wconf 84' lang='lat' dir='ltr'>bestias</span> <span class='ocrx_word' id='word_1_1674' title='bbox 1545 2867 1658 2899; x_wconf 85' lang='lat' dir='ltr'>vicerit,</span> <span class='ocrx_word' id='word_1_1675' title='bbox 1678 2874 1708 2894; x_wconf 84' lang='lat' dir='ltr'>vt</span> <span class='ocrx_word' id='word_1_1676' title='bbox 1723 2876 1833 2904; x_wconf 87' lang='lat' dir='ltr'>propter</span> <span class='ocrx_word' id='word_1_1677' title='bbox 1844 2881 1910 2907; x_wconf 86' lang='lat' dir='ltr'>quos</span> <span class='ocrx_word' id='word_1_1678' title='bbox 1924 2872 1989 2900; x_wconf 89' lang='lat' dir='ltr'>hanc</span> <span class='ocrx_word' id='word_1_1679' title='bbox 2001 2876 2176 2904; x_wconf 83' lang='lat' dir='ltr'>suauissimam</span> 
     </span>
    </p>

    <p class='ocr_par' dir='ltr' id='par_1_52' title="bbox 0 2875 2176 2983">
     <span class='ocr_line' id='line_1_83' title="bbox 0 2875 2174 2947; baseline 0.01 -29"><span class='ocrx_word' id='word_1_1680' title='bbox 0 2875 10 2922; x_wconf 51' lang='grc' dir='ltr'><strong>ξ</strong></span> <span class='ocrx_word' id='word_1_1681' title='bbox 26 2893 28 2897; x_wconf 80' lang='grc'>’</span> <span class='ocrx_word' id='word_1_1682' title='bbox 58 2901 179 2924; x_wconf 70' lang='lat' dir='ltr'>AspER</span> <span class='ocrx_word' id='word_1_1683' title='bbox 189 2901 256 2927; x_wconf 80' lang='lat' dir='ltr'>No,</span> <span class='ocrx_word' id='word_1_1684' title='bbox 279 2894 328 2921; x_wconf 75' lang='lat' dir='ltr'>ari.</span> <span class='ocrx_word' id='word_1_1685' title='bbox 363 2894 555 2931; x_wconf 68' lang='grc' dir='ltr'>[καταφρονέω]</span> <span class='ocrx_word' id='word_1_1686' title='bbox 597 2895 742 2929; x_wconf 79' lang='lat' dir='ltr'>Recusare,</span> <span class='ocrx_word' id='word_1_1687' title='bbox 760 2896 876 2924; x_wconf 86' lang='lat' dir='ltr'>auersari</span> <span class='ocrx_word' id='word_1_1688' title='bbox 886 2916 894 2928; x_wconf 91' lang='lat'>,</span> <span class='ocrx_word' id='word_1_1689' title='bbox 914 2904 969 2922; x_wconf 88' lang='lat' dir='ltr'>non</span> <span class='ocrx_word' id='word_1_1690' title='bbox 985 2904 1069 2930; x_wconf 82' lang='lat' dir='ltr'>agno·</span> <span class='ocrx_word' id='word_1_1691' title='bbox 1121 2899 1208 2926; x_wconf 87' lang='lat' dir='ltr'>lucem</span> <span class='ocrx_word' id='word_1_1692' title='bbox 1221 2900 1367 2935; x_wconf 84' lang='lat' dir='ltr'>aspexerit,</span> <span class='ocrx_word' id='word_1_1693' title='bbox 1392 2910 1438 2927; x_wconf 87' lang='lat' dir='ltr'>eos</span> <span class='ocrx_word' id='word_1_1694' title='bbox 1454 2901 1631 2936; x_wconf 83' lang='lat' dir='ltr'>indigniffime</span> <span class='ocrx_word' id='word_1_1695' title='bbox 1645 2903 1703 2930; x_wconf 88' lang='lat' dir='ltr'>luce</span> <span class='ocrx_word' id='word_1_1696' title='bbox 1717 2905 1840 2939; x_wconf 87' lang='lat' dir='ltr'>priuarit.</span> <span class='ocrx_word' id='word_1_1697' title='bbox 1876 2907 2032 2943; x_wconf 89' lang='lat' dir='ltr'>Adspicere,</span> <span class='ocrx_word' id='word_1_1698' title='bbox 2049 2918 2115 2947; x_wconf 79' lang='lat' dir='ltr'>pro,</span> <span class='ocrx_word' id='word_1_1699' title='bbox 2129 2915 2174 2939; x_wconf 85' lang='lat' dir='ltr'>im-</span> 
     </span>
     <span class='ocr_line' id='line_1_84' title="bbox 5 2927 2176 2983; baseline 0.007 -25"><span class='ocrx_word' id='word_1_1700' title='bbox 5 2927 13 2973; x_wconf 57' lang='lat' dir='ltr'>j</span> <span class='ocrx_word' id='word_1_1701' title='bbox 37 2959 45 2964; x_wconf 76' lang='grc'><strong>,</strong></span> <span class='ocrx_word' id='word_1_1702' title='bbox 56 2930 66 2946; x_wconf 61' lang='lat'><strong>⁵</strong></span> <span class='ocrx_word' id='word_1_1703' title='bbox 79 2940 109 2959; x_wconf 82' lang='lat' dir='ltr'>e:</span> <span class='ocrx_word' id='word_1_1704' title='bbox 132 2931 168 2958; x_wconf 83' lang='lat' dir='ltr'>est</span> <span class='ocrx_word' id='word_1_1705' title='bbox 181 2936 268 2958; x_wconf 85' lang='lat' dir='ltr'>autern</span> <span class='ocrx_word' id='word_1_1706' title='bbox 285 2930 387 2958; x_wconf 75' lang='grc' dir='ltr'><strong>ἀὶἃιιιιι</strong></span> <span class='ocrx_word' id='word_1_1707' title='bbox 404 2939 419 2958; x_wconf 88' lang='lat' dir='ltr'>a</span> <span class='ocrx_word' id='word_1_1708' title='bbox 432 2931 541 2966; x_wconf 89' lang='lat' dir='ltr'>Sperno.</span> <span class='ocrx_word' id='word_1_1709' title='bbox 576 2931 694 2959; x_wconf 87' lang='lat' dir='ltr'>Donatus</span> <span class='ocrx_word' id='word_1_1710' title='bbox 712 2933 744 2959; x_wconf 78' lang='lat' dir='ltr'>ad</span> <span class='ocrx_word' id='word_1_1711' title='bbox 758 2933 826 2960; x_wconf 93' lang='lat' dir='ltr'>Ter.</span> <span class='ocrx_word' id='word_1_1712' title='bbox 843 2932 948 2958; x_wconf 84' lang='lat' dir='ltr'>Phorm.</span> <span class='ocrx_word' id='word_1_1713' title='bbox 962 2941 985 2964; x_wconf 87' lang='lat'>2,</span> <span class='ocrx_word' id='word_1_1714' title='bbox 998 2941 1019 2964; x_wconf 81' lang='lat'>3,</span> <span class='ocrx_word' id='word_1_1715' title='bbox 1032 2941 1066 2967; x_wconf 84' lang='lat'>24</span> <span class='ocrx_word' id='word_1_1716' title='bbox 1114 2939 1256 2971; x_wconf 76' lang='lat' dir='ltr'>perterrito</span> <span class='ocrx_word' id='word_1_1717' title='bbox 1269 2939 1351 2963; x_wconf 83' lang='lat' dir='ltr'>animo</span> <span class='ocrx_word' id='word_1_1718' title='bbox 1363 2945 1452 2963; x_wconf 79' lang='lat' dir='ltr'>contra</span> <span class='ocrx_word' id='word_1_1719' title='bbox 1464 2936 1600 2972; x_wconf 67' lang='lat' dir='ltr'>consistere.</span> <span class='ocrx_word' id='word_1_1720' title='bbox 1637 2939 1681 2966; x_wconf 88' lang='lat' dir='ltr'>Ne</span> <span class='ocrx_word' id='word_1_1721' title='bbox 1694 2940 1774 2967; x_wconf 65' lang='lat' dir='ltr'>rectis</span> <span class='ocrx_word' id='word_1_1722' title='bbox 1789 2942 1898 2976; x_wconf 88' lang='lat' dir='ltr'>quidem</span> <span class='ocrx_word' id='word_1_1723' title='bbox 1916 2944 2000 2971; x_wconf 89' lang='lat' dir='ltr'>oculis</span> <span class='ocrx_word' id='word_1_1724' title='bbox 2013 2955 2075 2973; x_wconf 89' lang='lat' dir='ltr'>eum</span> <span class='ocrx_word' id='word_1_1725' title='bbox 2090 2947 2176 2983; x_wconf 86' lang='lat' dir='ltr'>adspi-</span> 
     </span>
    </p>
   </div>
   <div class='ocr_carea' id='block_1_13' title="bbox 0 2965 2177 3547">
    <p class='ocr_par' dir='ltr' id='par_1_53' title="bbox 2 2965 2176 3055">
     <span class='ocr_line' id='line_1_85' title="bbox 52 2965 2174 3011; baseline 0.007 -16.661"><span class='ocrx_word' id='word_1_1726' title='bbox 52 2977 113 2995; x_wconf 87' lang='lat' dir='ltr'>uam</span> <span class='ocrx_word' id='word_1_1727' title='bbox 125 2967 148 2994; x_wconf 86' lang='lat' dir='ltr'>is</span> <span class='ocrx_word' id='word_1_1728' title='bbox 159 2967 328 3003; x_wconf 85' lang='lat' dir='ltr'>adspernatur</span> <span class='ocrx_word' id='word_1_1729' title='bbox 345 2976 414 2994; x_wconf 89' lang='lat' dir='ltr'>nunc</span> <span class='ocrx_word' id='word_1_1730' title='bbox 428 2972 482 2994; x_wconf 85' lang='lat' dir='ltr'>tani</span> <span class='ocrx_word' id='word_1_1731' title='bbox 495 2965 673 2995; x_wconf 88' lang='lat' dir='ltr'>illiberaliter.</span> <span class='ocrx_word' id='word_1_1732' title='bbox 708 2970 783 3004; x_wconf 85' lang='lat' dir='ltr'>Virg.</span> <span class='ocrx_word' id='word_1_1733' title='bbox 799 2970 896 3002; x_wconf 85' lang='lat' dir='ltr'>Georg.</span> <span class='ocrx_word' id='word_1_1734' title='bbox 907 2977 927 3000; x_wconf 89' lang='lat'>1,</span> <span class='ocrx_word' id='word_1_1735' title='bbox 939 2973 986 2998; x_wconf 86' lang='lat'>228</span> <span class='ocrx_word' id='word_1_1736' title='bbox 1008 2968 1066 2995; x_wconf 84' lang='lat' dir='ltr'>Nec</span> <span class='ocrx_word' id='word_1_1737' title='bbox 1119 2981 1179 2998; x_wconf 83' lang='lat' dir='ltr'>cere</span> <span class='ocrx_word' id='word_1_1738' title='bbox 1192 2972 1302 3007; x_wconf 77' lang='lat' dir='ltr'>potuisse</span> <span class='ocrx_word' id='word_1_1739' title='bbox 1315 2972 1470 2999; x_wconf 60' lang='lat' dir='ltr'>instruetam</span> <span class='ocrx_word' id='word_1_1740' title='bbox 1484 2974 1569 3001; x_wconf 85' lang='lat' dir='ltr'>aciem</span> <span class='ocrx_word' id='word_1_1741' title='bbox 1589 2975 1658 3002; x_wconf 89' lang='lat' dir='ltr'>Suet.</span> <span class='ocrx_word' id='word_1_1742' title='bbox 1674 2977 1741 3011; x_wconf 85' lang='lat' dir='ltr'>Aug.</span> <span class='ocrx_word' id='word_1_1743' title='bbox 1756 2986 1777 3003; x_wconf 86' lang='lat' dir='ltr'>c.</span> <span class='ocrx_word' id='word_1_1744' title='bbox 1795 2979 1832 3004; x_wconf 90' lang='lat'>16.</span> <span class='ocrx_word' id='word_1_1745' title='bbox 1879 2979 2103 3010; x_wconf 87' lang='lat' dir='ltr'>Lacedaemonios</span> <span class='ocrx_word' id='word_1_1746' title='bbox 2139 3000 2174 3007; x_wconf 72' lang='lat'>.-</span> 
     </span>
     <span class='ocr_line' id='line_1_86' title="bbox 2 2999 2176 3055; baseline 0.008 -26"><span class='ocrx_word' id='word_1_1747' title='bbox 2 2999 19 3034; x_wconf 48' lang='grc' dir='ltr'><strong>ἢ</strong></span> <span class='ocrx_word' id='word_1_1748' title='bbox 59 3003 165 3030; x_wconf 74' lang='lat' dir='ltr'>lusiaeae</span> <span class='ocrx_word' id='word_1_1749' title='bbox 176 3011 268 3029; x_wconf 80' lang='lat' dir='ltr'>euram</span> <span class='ocrx_word' id='word_1_1750' title='bbox 279 3001 450 3038; x_wconf 88' lang='lat' dir='ltr'>aspernabere</span> <span class='ocrx_word' id='word_1_1751' title='bbox 464 3003 558 3029; x_wconf 54' lang='lat' dir='ltr'>lentis.</span> <span class='ocrx_word' id='word_1_1752' title='bbox 592 3005 638 3031; x_wconf 86' lang='lat' dir='ltr'>Vbi</span> <span class='ocrx_word' id='word_1_1753' title='bbox 651 3005 773 3038; x_wconf 90' lang='lat' dir='ltr'>Seruius,</span> <span class='ocrx_word' id='word_1_1754' title='bbox 789 3003 982 3039; x_wconf 79' lang='lat' dir='ltr'>Aspernabere,</span> <span class='ocrx_word' id='word_1_1755' title='bbox 996 3005 1066 3031; x_wconf 85' lang='lat' dir='ltr'>Con·</span> <span class='ocrx_word' id='word_1_1756' title='bbox 1077 3011 1109 3037; x_wconf 90' lang='lat'>80</span> <span class='ocrx_word' id='word_1_1757' title='bbox 1121 3014 1181 3035; x_wconf 87' lang='lat' dir='ltr'>ante</span> <span class='ocrx_word' id='word_1_1758' title='bbox 1196 3009 1222 3036; x_wconf 90' lang='lat' dir='ltr'>se</span> <span class='ocrx_word' id='word_1_1759' title='bbox 1235 3009 1425 3043; x_wconf 86' lang='lat' dir='ltr'>imperatorem</span> <span class='ocrx_word' id='word_1_1760' title='bbox 1439 3018 1520 3037; x_wconf 90' lang='lat' dir='ltr'>nemo</span> <span class='ocrx_word' id='word_1_1761' title='bbox 1533 3011 1709 3038; x_wconf 88' lang='lat' dir='ltr'>Boeotiorum</span> <span class='ocrx_word' id='word_1_1762' title='bbox 1721 3014 1796 3039; x_wconf 89' lang='lat' dir='ltr'>ausus</span> <span class='ocrx_word' id='word_1_1763' title='bbox 1804 3013 1937 3049; x_wconf 88' lang='lat' dir='ltr'>adspicere</span> <span class='ocrx_word' id='word_1_1764' title='bbox 1951 3016 1978 3042; x_wconf 91' lang='lat' dir='ltr'>in</span> <span class='ocrx_word' id='word_1_1765' title='bbox 1986 3019 2043 3044; x_wconf 86' lang='lat' dir='ltr'>acie</span> <span class='ocrx_word' id='word_1_1766' title='bbox 2061 3019 2130 3055; x_wconf 89' lang='lat' dir='ltr'>Nep.</span> <span class='ocrx_word' id='word_1_1767' title='bbox 2139 3027 2176 3054; x_wconf 77' lang='grc' dir='ltr'>ις,</span> 
     </span>
    </p>

    <p class='ocr_par' dir='ltr' id='par_1_54' title="bbox 0 3037 2177 3342">
     <span class='ocr_line' id='line_1_87' title="bbox 52 3037 2177 3089; baseline 0.008 -25"><span class='ocrx_word' id='word_1_1768' title='bbox 52 3052 55 3062; x_wconf 75' lang='grc' dir='ltr'><strong>ι</strong></span> <span class='ocrx_word' id='word_1_1769' title='bbox 81 3047 135 3066; x_wconf 73' lang='grc' dir='ltr'>πει.</span> <span class='ocrx_word' id='word_1_1770' title='bbox 169 3039 226 3065; x_wconf 87' lang='lat' dir='ltr'>Cic.</span> <span class='ocrx_word' id='word_1_1771' title='bbox 240 3037 318 3065; x_wconf 83' lang='lat' dir='ltr'>Acad.</span> <span class='ocrx_word' id='word_1_1772' title='bbox 334 3048 353 3072; x_wconf 89' lang='lat'>4</span> <span class='ocrx_word' id='word_1_1773' title='bbox 370 3046 434 3066; x_wconf 82' lang='lat' dir='ltr'>extr.</span> <span class='ocrx_word' id='word_1_1774' title='bbox 462 3039 574 3072; x_wconf 86' lang='lat' dir='ltr'>Habeo,</span> <span class='ocrx_word' id='word_1_1775' title='bbox 595 3039 719 3075; x_wconf 83' lang='lat' dir='ltr'>inquam,</span> <span class='ocrx_word' id='word_1_1776' title='bbox 739 3041 894 3067; x_wconf 85' lang='lat' dir='ltr'>sententiam</span> <span class='ocrx_word' id='word_1_1777' title='bbox 913 3045 1000 3073; x_wconf 87' lang='lat' dir='ltr'>tuam,</span> <span class='ocrx_word' id='word_1_1778' title='bbox 1020 3049 1066 3067; x_wconf 88' lang='lat' dir='ltr'>ne·</span> <span class='ocrx_word' id='word_1_1779' title='bbox 1119 3050 1142 3075; x_wconf 73' lang='lat' dir='ltr'>g,</span> <span class='ocrx_word' id='word_1_1780' title='bbox 1158 3053 1176 3070; x_wconf 90' lang='lat'>1.</span> <span class='ocrx_word' id='word_1_1781' title='bbox 1230 3044 1278 3071; x_wconf 78' lang='lat' dir='ltr'>Sed</span> <span class='ocrx_word' id='word_1_1782' title='bbox 1289 3044 1323 3072; x_wconf 80' lang='lat' dir='ltr'>ad</span> <span class='ocrx_word' id='word_1_1783' title='bbox 1333 3047 1471 3080; x_wconf 76' lang='lat' dir='ltr'>propitiam</span> <span class='ocrx_word' id='word_1_1784' title='bbox 1483 3047 1635 3074; x_wconf 82' lang='lat' dir='ltr'>voluntatem</span> <span class='ocrx_word' id='word_1_1785' title='bbox 1647 3055 1671 3073; x_wconf 84' lang='lat' dir='ltr'>et</span> <span class='ocrx_word' id='word_1_1786' title='bbox 1683 3050 1804 3075; x_wconf 72' lang='lat' dir='ltr'>auxilium</span> <span class='ocrx_word' id='word_1_1787' title='bbox 1812 3053 1926 3085; x_wconf 80' lang='lat' dir='ltr'>pertinet</span> <span class='ocrx_word' id='word_1_1788' title='bbox 1938 3052 2001 3079; x_wconf 76' lang='lat' dir='ltr'>illud</span> <span class='ocrx_word' id='word_1_1789' title='bbox 2018 3054 2094 3089; x_wconf 84' lang='lat' dir='ltr'>Virg.</span> <span class='ocrx_word' id='word_1_1790' title='bbox 2108 3057 2177 3084; x_wconf 68' lang='lat' dir='ltr'>Aen.¹</span> 
     </span>
     <span class='ocr_line' id='line_1_88' title="bbox 0 3057 2175 3125; baseline 0.009 -27"><span class='ocrx_word' id='word_1_1791' title='bbox 0 3057 14 3117; x_wconf 44' lang='grc' dir='ltr'>ΚΕ</span> <span class='ocrx_word' id='word_1_1792' title='bbox 47 3068 49 3075; x_wconf 74' lang='grc'><em>’</em></span> <span class='ocrx_word' id='word_1_1793' title='bbox 64 3083 78 3102; x_wconf 78' lang='lat' dir='ltr'>e</span> <span class='ocrx_word' id='word_1_1794' title='bbox 94 3082 153 3101; x_wconf 88' lang='lat' dir='ltr'>eam</span> <span class='ocrx_word' id='word_1_1795' title='bbox 171 3073 314 3101; x_wconf 83' lang='lat' dir='ltr'>admodum</span> <span class='ocrx_word' id='word_1_1796' title='bbox 334 3075 466 3109; x_wconf 84' lang='lat' dir='ltr'>aspernor.</span> <span class='ocrx_word' id='word_1_1797' title='bbox 501 3075 575 3102; x_wconf 88' lang='lat' dir='ltr'>Idem</span> <span class='ocrx_word' id='word_1_1798' title='bbox 588 3085 637 3110; x_wconf 90' lang='lat' dir='ltr'>pro</span> <span class='ocrx_word' id='word_1_1799' title='bbox 645 3077 750 3104; x_wconf 87' lang='lat' dir='ltr'>Cluent.</span> <span class='ocrx_word' id='word_1_1800' title='bbox 766 3086 813 3110; x_wconf 77' lang='lat'>¹94</span> <span class='ocrx_word' id='word_1_1801' title='bbox 833 3077 915 3103; x_wconf 86' lang='lat' dir='ltr'>Cuius</span> <span class='ocrx_word' id='word_1_1802' title='bbox 929 3085 977 3111; x_wconf 88' lang='lat' dir='ltr'>ego</span> <span class='ocrx_word' id='word_1_1803' title='bbox 990 3076 1066 3104; x_wconf 86' lang='lat' dir='ltr'>furo·</span> <span class='ocrx_word' id='word_1_1804' title='bbox 1119 3089 1141 3110; x_wconf 85' lang='lat'>2,</span> <span class='ocrx_word' id='word_1_1805' title='bbox 1156 3082 1210 3113; x_wconf 84' lang='lat'>690</span> <span class='ocrx_word' id='word_1_1806' title='bbox 1235 3081 1356 3116; x_wconf 86' lang='lat' dir='ltr'>Iuppiter</span> <span class='ocrx_word' id='word_1_1807' title='bbox 1376 3082 1562 3117; x_wconf 88' lang='lat' dir='ltr'>omnipotens,</span> <span class='ocrx_word' id='word_1_1808' title='bbox 1580 3083 1702 3118; x_wconf 87' lang='lat' dir='ltr'>precibus</span> <span class='ocrx_word' id='word_1_1809' title='bbox 1726 3083 1744 3110; x_wconf 83' lang='lat' dir='ltr'><strong>fi</strong></span> <span class='ocrx_word' id='word_1_1810' title='bbox 1768 3085 1882 3113; x_wconf 70' lang='lat' dir='ltr'>flecteris</span> <span class='ocrx_word' id='word_1_1811' title='bbox 1896 3087 1972 3121; x_wconf 83' lang='lat' dir='ltr'>vllis,</span> <span class='ocrx_word' id='word_1_1812' title='bbox 2007 3090 2101 3125; x_wconf 86' lang='lat' dir='ltr'>Aspice</span> <span class='ocrx_word' id='word_1_1813' title='bbox 2117 3101 2175 3120; x_wconf 81' lang='lat' dir='ltr'>nos.</span> 
     </span>
     <span class='ocr_line' id='line_1_89' title="bbox 0 3108 2173 3160; baseline 0.009 -25"><span class='ocrx_word' id='word_1_1814' title='bbox 0 3113 10 3132; x_wconf 76' lang='lat'>¹·</span> <span class='ocrx_word' id='word_1_1815' title='bbox 43 3126 49 3142; x_wconf 74' lang='grc'>,-</span> <span class='ocrx_word' id='word_1_1816' title='bbox 105 3115 183 3145; x_wconf 88' lang='lat' dir='ltr'>atque</span> <span class='ocrx_word' id='word_1_1817' title='bbox 205 3108 388 3147; x_wconf 82' lang='lat' dir='ltr'>crudelitatem</span> <span class='ocrx_word' id='word_1_1818' title='bbox 409 3110 472 3138; x_wconf 83' lang='lat' dir='ltr'>deos</span> <span class='ocrx_word' id='word_1_1819' title='bbox 489 3111 652 3140; x_wconf 84' lang='lat' dir='ltr'>immortales</span> <span class='ocrx_word' id='word_1_1820' title='bbox 677 3121 692 3139; x_wconf 89' lang='lat' dir='ltr'>a</span> <span class='ocrx_word' id='word_1_1821' title='bbox 714 3113 768 3139; x_wconf 87' lang='lat' dir='ltr'>suis</span> <span class='ocrx_word' id='word_1_1822' title='bbox 790 3113 842 3139; x_wconf 90' lang='lat' dir='ltr'>aris</span> <span class='ocrx_word' id='word_1_1823' title='bbox 865 3118 944 3147; x_wconf 80' lang='lat' dir='ltr'>atque</span> <span class='ocrx_word' id='word_1_1824' title='bbox 961 3113 1066 3148; x_wconf 83' lang='lat' dir='ltr'>templis</span> <span class='ocrx_word' id='word_1_1825' title='bbox 1125 3116 1173 3143; x_wconf 84' lang='lat' dir='ltr'>Vbi</span> <span class='ocrx_word' id='word_1_1826' title='bbox 1187 3116 1309 3149; x_wconf 88' lang='lat' dir='ltr'>Seruius,</span> <span class='ocrx_word' id='word_1_1827' title='bbox 1330 3117 1424 3152; x_wconf 88' lang='lat' dir='ltr'>Aspice</span> <span class='ocrx_word' id='word_1_1828' title='bbox 1437 3127 1507 3144; x_wconf 84' lang='lat' dir='ltr'>nos:</span> <span class='ocrx_word' id='word_1_1829' title='bbox 1542 3119 1606 3154; x_wconf 88' lang='lat' dir='ltr'>quia</span> <span class='ocrx_word' id='word_1_1830' title='bbox 1619 3120 1752 3146; x_wconf 87' lang='lat' dir='ltr'>intuentes</span> <span class='ocrx_word' id='word_1_1831' title='bbox 1765 3120 1805 3147; x_wconf 87' lang='lat' dir='ltr'>dii</span> <span class='ocrx_word' id='word_1_1832' title='bbox 1817 3121 1952 3150; x_wconf 90' lang='lat' dir='ltr'>adiuuant.</span> <span class='ocrx_word' id='word_1_1833' title='bbox 2009 3125 2074 3160; x_wconf 73' lang='lat' dir='ltr'>Pqffi</span> <span class='ocrx_word' id='word_1_1834' title='bbox 2090 3128 2173 3156; x_wconf 85' lang='lat' dir='ltr'>Ouid.</span> 
     </span>
     <span class='ocr_line' id='line_1_90' title="bbox 8 3144 2176 3193; baseline 0.007 -18"><span class='ocrx_word' id='word_1_1835' title='bbox 8 3174 10 3178; x_wconf 80' lang='grc'><strong>,</strong></span> <span class='ocrx_word' id='word_1_1836' title='bbox 44 3144 64 3172; x_wconf 56' lang='lat'>¹1·</span> <span class='ocrx_word' id='word_1_1837' title='bbox 85 3152 175 3173; x_wconf 75' lang='lat' dir='ltr'>m³t0⁵</span> <span class='ocrx_word' id='word_1_1838' title='bbox 187 3145 236 3171; x_wconf 78' lang='lat' dir='ltr'>ess‘e</span> <span class='ocrx_word' id='word_1_1839' title='bbox 249 3144 363 3172; x_wconf 68' lang='lat' dir='ltr'>⁶⁰flfid0·</span> <span class='ocrx_word' id='word_1_1840' title='bbox 418 3146 540 3174; x_wconf 71' lang='lat' dir='ltr'>Id·Ve¹&#39;¹&#39;·</span> <span class='ocrx_word' id='word_1_1841' title='bbox 553 3155 582 3181; x_wconf 75' lang='lat'>4,</span> <span class='ocrx_word' id='word_1_1842' title='bbox 597 3157 633 3180; x_wconf 87' lang='lat'>¹13</span> <span class='ocrx_word' id='word_1_1843' title='bbox 654 3149 811 3176; x_wconf 84' lang='lat' dir='ltr'>Ennenfium</span> <span class='ocrx_word' id='word_1_1844' title='bbox 826 3149 1005 3183; x_wconf 85' lang='lat' dir='ltr'>querimonias</span> <span class='ocrx_word' id='word_1_1845' title='bbox 1019 3158 1066 3176; x_wconf 91' lang='lat' dir='ltr'>no·</span> <span class='ocrx_word' id='word_1_1846' title='bbox 1120 3151 1187 3179; x_wconf 84' lang='lat' dir='ltr'>Fast.</span> <span class='ocrx_word' id='word_1_1847' title='bbox 1201 3154 1228 3185; x_wconf 90' lang='lat'>6,</span> <span class='ocrx_word' id='word_1_1848' title='bbox 1241 3161 1275 3185; x_wconf 81' lang='lat'>29</span> <span class='ocrx_word' id='word_1_1849' title='bbox 1296 3153 1323 3179; x_wconf 89' lang='lat' dir='ltr'>Si</span> <span class='ocrx_word' id='word_1_1850' title='bbox 1336 3162 1418 3189; x_wconf 85' lang='lat' dir='ltr'>genus</span> <span class='ocrx_word' id='word_1_1851' title='bbox 1432 3154 1574 3189; x_wconf 85' lang='lat' dir='ltr'>aspicitur,</span> <span class='ocrx_word' id='word_1_1852' title='bbox 1594 3155 1735 3182; x_wconf 89' lang='lat' dir='ltr'>Saturnum</span> <span class='ocrx_word' id='word_1_1853' title='bbox 1756 3157 1843 3191; x_wconf 87' lang='lat' dir='ltr'>prima</span> <span class='ocrx_word' id='word_1_1854' title='bbox 1861 3165 1996 3193; x_wconf 87' lang='lat' dir='ltr'>parentem</span> <span class='ocrx_word' id='word_1_1855' title='bbox 2032 3163 2094 3190; x_wconf 87' lang='lat' dir='ltr'>Feci</span> <span class='ocrx_word' id='word_1_1856' title='bbox 2133 3165 2176 3191; x_wconf 89' lang='lat' dir='ltr'>Sa-</span> 
     </span>
     <span class='ocr_line' id='line_1_91' title="bbox 1 3171 2176 3228; baseline 0.01 -21"><span class='ocrx_word' id='word_1_1857' title='bbox 1 3200 6 3227; x_wconf 55' lang='grc' dir='ltr'>ἲ</span> <span class='ocrx_word' id='word_1_1858' title='bbox 43 3171 74 3219; x_wconf 65' lang='grc' dir='ltr'>ξε</span> <span class='ocrx_word' id='word_1_1859' title='bbox 86 3191 133 3218; x_wconf 86' lang='lat' dir='ltr'>per</span> <span class='ocrx_word' id='word_1_1860' title='bbox 149 3180 211 3208; x_wconf 87' lang='lat' dir='ltr'>deos</span> <span class='ocrx_word' id='word_1_1861' title='bbox 227 3181 389 3207; x_wconf 85' lang='lat' dir='ltr'>immortales</span> <span class='ocrx_word' id='word_1_1862' title='bbox 408 3182 557 3217; x_wconf 85' lang='lat' dir='ltr'>aspernari,</span> <span class='ocrx_word' id='word_1_1863' title='bbox 577 3184 661 3211; x_wconf 89' lang='lat' dir='ltr'>nolite</span> <span class='ocrx_word' id='word_1_1864' title='bbox 680 3192 849 3212; x_wconf 87' lang='lat' dir='ltr'>contemnere</span> <span class='ocrx_word' id='word_1_1865' title='bbox 867 3193 896 3211; x_wconf 84' lang='lat' dir='ltr'>ac</span> <span class='ocrx_word' id='word_1_1866' title='bbox 914 3185 1047 3220; x_wconf 85' lang='lat' dir='ltr'>negligere</span> <span class='ocrx_word' id='word_1_1867' title='bbox 1057 3205 1066 3218; x_wconf 90' lang='lat'>,</span> <span class='ocrx_word' id='word_1_1868' title='bbox 1079 3190 1108 3219; x_wconf 77' lang='lat'>85</span> <span class='ocrx_word' id='word_1_1869' title='bbox 1120 3188 1195 3216; x_wconf 90' lang='lat' dir='ltr'>turni</span> <span class='ocrx_word' id='word_1_1870' title='bbox 1206 3189 1261 3215; x_wconf 84' lang='lat' dir='ltr'>sors</span> <span class='ocrx_word' id='word_1_1871' title='bbox 1276 3198 1327 3224; x_wconf 86' lang='lat' dir='ltr'>ego</span> <span class='ocrx_word' id='word_1_1872' title='bbox 1340 3190 1427 3224; x_wconf 89' lang='lat' dir='ltr'>prima</span> <span class='ocrx_word' id='word_1_1873' title='bbox 1441 3190 1490 3216; x_wconf 91' lang='lat' dir='ltr'>fui.</span> <span class='ocrx_word' id='word_1_1874' title='bbox 1511 3193 1528 3217; x_wconf 87' lang='lat' dir='ltr'>i.</span> <span class='ocrx_word' id='word_1_1875' title='bbox 1544 3194 1611 3218; x_wconf 83' lang='lat' dir='ltr'>ratio</span> <span class='ocrx_word' id='word_1_1876' title='bbox 1622 3195 1722 3228; x_wconf 76' lang='lat' dir='ltr'>generis</span> <span class='ocrx_word' id='word_1_1877' title='bbox 1736 3193 1848 3219; x_wconf 78' lang='lat' dir='ltr'>habetur.</span> <span class='ocrx_word' id='word_1_1878' title='bbox 1883 3195 1924 3221; x_wconf 86' lang='lat' dir='ltr'>Sic</span> <span class='ocrx_word' id='word_1_1879' title='bbox 1937 3195 2039 3225; x_wconf 86' lang='lat' dir='ltr'>Cedent</span> <span class='ocrx_word' id='word_1_1880' title='bbox 2058 3184 2176 3227; x_wconf 74' lang='lat' dir='ltr'>Aesonio</span> 
     </span>
     <span class='ocr_line' id='line_1_92' title="bbox 0 3207 2174 3265; baseline 0.01 -24"><span class='ocrx_word' id='word_1_1881' title='bbox 0 3207 10 3228; x_wconf 67' lang='lat' dir='ltr'>l.</span> <span class='ocrx_word' id='word_1_1882' title='bbox 41 3217 136 3246; x_wconf 79' lang='lat' dir='ltr'>dices.</span> <span class='ocrx_word' id='word_1_1883' title='bbox 200 3217 256 3243; x_wconf 86' lang='lat' dir='ltr'>Cic.</span> <span class='ocrx_word' id='word_1_1884' title='bbox 271 3215 303 3242; x_wconf 92' lang='lat' dir='ltr'>de</span> <span class='ocrx_word' id='word_1_1885' title='bbox 318 3216 392 3243; x_wconf 87' lang='lat' dir='ltr'>Orat.</span> <span class='ocrx_word' id='word_1_1886' title='bbox 404 3225 427 3250; x_wconf 81' lang='lat'>3,</span> <span class='ocrx_word' id='word_1_1887' title='bbox 439 3226 473 3251; x_wconf 86' lang='lat'>99</span> <span class='ocrx_word' id='word_1_1888' title='bbox 490 3228 512 3245; x_wconf 92' lang='lat' dir='ltr'>c.</span> <span class='ocrx_word' id='word_1_1889' title='bbox 526 3226 557 3252; x_wconf 74' lang='lat'>25</span> <span class='ocrx_word' id='word_1_1890' title='bbox 577 3220 652 3254; x_wconf 73' lang='lat' dir='ltr'>Qun</span> <span class='ocrx_word' id='word_1_1891' title='bbox 665 3222 745 3248; x_wconf 80' lang='lat' dir='ltr'>etiarn</span> <span class='ocrx_word' id='word_1_1892' title='bbox 758 3221 885 3256; x_wconf 85' lang='lat' dir='ltr'>gustatus,</span> <span class='ocrx_word' id='word_1_1893' title='bbox 901 3221 949 3256; x_wconf 90' lang='lat' dir='ltr'>qui</span> <span class='ocrx_word' id='word_1_1894' title='bbox 963 3223 999 3247; x_wconf 85' lang='lat' dir='ltr'>est</span> <span class='ocrx_word' id='word_1_1895' title='bbox 1012 3222 1067 3248; x_wconf 85' lang='lat' dir='ltr'>sen·</span> <span class='ocrx_word' id='word_1_1896' title='bbox 1120 3224 1200 3257; x_wconf 89' lang='lat' dir='ltr'>duci,</span> <span class='ocrx_word' id='word_1_1897' title='bbox 1220 3224 1247 3251; x_wconf 91' lang='lat' dir='ltr'>Si</span> <span class='ocrx_word' id='word_1_1898' title='bbox 1262 3224 1352 3252; x_wconf 84' lang='lat' dir='ltr'>forma</span> <span class='ocrx_word' id='word_1_1899' title='bbox 1364 3225 1431 3253; x_wconf 91' lang='lat' dir='ltr'>velit</span> <span class='ocrx_word' id='word_1_1900' title='bbox 1444 3226 1542 3261; x_wconf 85' lang='lat' dir='ltr'>adspici</span> <span class='ocrx_word' id='word_1_1901' title='bbox 1552 3247 1560 3259; x_wconf 95' lang='lat'>,</span> <span class='ocrx_word' id='word_1_1902' title='bbox 1580 3228 1670 3254; x_wconf 78' lang='lat' dir='ltr'>Proles</span> <span class='ocrx_word' id='word_1_1903' title='bbox 1688 3228 1811 3255; x_wconf 88' lang='lat' dir='ltr'>fulminis</span> <span class='ocrx_word' id='word_1_1904' title='bbox 1831 3229 1952 3265; x_wconf 90' lang='lat' dir='ltr'>improbi</span> <span class='ocrx_word' id='word_1_1905' title='bbox 1964 3239 2009 3260; x_wconf 81' lang='lat' dir='ltr'>etc.</span> <span class='ocrx_word' id='word_1_1906' title='bbox 2030 3234 2088 3262; x_wconf 86' lang='lat' dir='ltr'>Sen.</span> <span class='ocrx_word' id='word_1_1907' title='bbox 2101 3236 2174 3263; x_wconf 89' lang='lat' dir='ltr'>Med.</span> 
     </span>
     <span class='ocr_line' id='line_1_93' title="bbox 14 3245 2175 3299; baseline 0.006 -18"><span class='ocrx_word' id='word_1_1908' title='bbox 14 3281 17 3287; x_wconf 31' lang='lat'><strong>⁴</strong></span> <span class='ocrx_word' id='word_1_1909' title='bbox 44 3245 63 3281; x_wconf 58' lang='lat'>³..</span> <span class='ocrx_word' id='word_1_1910' title='bbox 76 3262 111 3282; x_wconf 77' lang='lat' dir='ltr'>ex</span> <span class='ocrx_word' id='word_1_1911' title='bbox 128 3252 254 3280; x_wconf 83' lang='lat' dir='ltr'>omnibus</span> <span class='ocrx_word' id='word_1_1912' title='bbox 273 3253 388 3279; x_wconf 87' lang='lat' dir='ltr'>maxime</span> <span class='ocrx_word' id='word_1_1913' title='bbox 399 3253 575 3288; x_wconf 81' lang='lat' dir='ltr'>voluptarius,</span> <span class='ocrx_word' id='word_1_1914' title='bbox 596 3265 676 3291; x_wconf 89' lang='lat' dir='ltr'>quam</span> <span class='ocrx_word' id='word_1_1915' title='bbox 689 3258 744 3285; x_wconf 85' lang='lat' dir='ltr'>cito</span> <span class='ocrx_word' id='word_1_1916' title='bbox 760 3257 797 3289; x_wconf 90' lang='lat' dir='ltr'>id,</span> <span class='ocrx_word' id='word_1_1917' title='bbox 813 3256 886 3291; x_wconf 89' lang='lat' dir='ltr'>quod</span> <span class='ocrx_word' id='word_1_1918' title='bbox 897 3257 974 3283; x_wconf 85' lang='lat' dir='ltr'>valde</span> <span class='ocrx_word' id='word_1_1919' title='bbox 989 3257 1065 3284; x_wconf 86' lang='lat' dir='ltr'>dulce</span> <span class='ocrx_word' id='word_1_1920' title='bbox 1119 3270 1146 3288; x_wconf 88' lang='lat' dir='ltr'>v.</span> <span class='ocrx_word' id='word_1_1921' title='bbox 1161 3265 1200 3290; x_wconf 77' lang='lat'>82.</span> <span class='ocrx_word' id='word_1_1922' title='bbox 1238 3260 1315 3294; x_wconf 81' lang='lat' dir='ltr'>Sil.3,</span> <span class='ocrx_word' id='word_1_1923' title='bbox 1352 3281 1359 3288; x_wconf 89' lang='lat'>.</span> <span class='ocrx_word' id='word_1_1924' title='bbox 1396 3282 1403 3288; x_wconf 87' lang='lat'>.</span> <span class='ocrx_word' id='word_1_1925' title='bbox 1441 3282 1448 3288; x_wconf 92' lang='lat'>.</span> <span class='ocrx_word' id='word_1_1926' title='bbox 1484 3263 1530 3289; x_wconf 91' lang='lat' dir='ltr'>Sin</span> <span class='ocrx_word' id='word_1_1927' title='bbox 1544 3263 1603 3290; x_wconf 89' lang='lat' dir='ltr'>solo</span> <span class='ocrx_word' id='word_1_1928' title='bbox 1611 3263 1770 3299; x_wconf 84' lang='lat' dir='ltr'>adspicimur</span> <span class='ocrx_word' id='word_1_1929' title='bbox 1778 3265 1900 3296; x_wconf 80' lang='lat' dir='ltr'>sexu,etc.</span> <span class='ocrx_word' id='word_1_1930' title='bbox 2093 3281 2106 3298; x_wconf 88' lang='lat'><em>2</em></span> <span class='ocrx_word' id='word_1_1931' title='bbox 2123 3272 2175 3299; x_wconf 91' lang='lat' dir='ltr'>Ad.</span> 
     </span>
     <span class='ocr_line' id='line_1_94' title="bbox 0 3281 2177 3342; baseline 0.011 -30"><span class='ocrx_word' id='word_1_1932' title='bbox 0 3281 7 3300; x_wconf 69' lang='lat' dir='ltr'>s·</span> <span class='ocrx_word' id='word_1_1933' title='bbox 71 3296 83 3324; x_wconf 53' lang='lat'>,¹</span> <span class='ocrx_word' id='word_1_1934' title='bbox 99 3290 251 3325; x_wconf 76' lang='lat' dir='ltr'>aspernatur</span> <span class='ocrx_word' id='word_1_1935' title='bbox 263 3297 292 3315; x_wconf 79' lang='lat' dir='ltr'>ac</span> <span class='ocrx_word' id='word_1_1936' title='bbox 304 3287 404 3323; x_wconf 88' lang='lat' dir='ltr'>respuit</span> <span class='ocrx_word' id='word_1_1937' title='bbox 417 3290 427 3315; x_wconf 79' lang='lat'>3</span> <span class='ocrx_word' id='word_1_1938' title='bbox 446 3290 506 3324; x_wconf 91' lang='lat' dir='ltr'>quis</span> <span class='ocrx_word' id='word_1_1939' title='bbox 524 3291 633 3324; x_wconf 85' lang='lat' dir='ltr'>potione</span> <span class='ocrx_word' id='word_1_1940' title='bbox 651 3293 707 3326; x_wconf 89' lang='lat' dir='ltr'>vti,</span> <span class='ocrx_word' id='word_1_1941' title='bbox 732 3299 777 3319; x_wconf 89' lang='lat' dir='ltr'>aut</span> <span class='ocrx_word' id='word_1_1942' title='bbox 792 3293 855 3319; x_wconf 87' lang='lat' dir='ltr'>cibo</span> <span class='ocrx_word' id='word_1_1943' title='bbox 876 3292 947 3319; x_wconf 83' lang='lat' dir='ltr'>dulci</span> <span class='ocrx_word' id='word_1_1944' title='bbox 964 3293 1065 3320; x_wconf 82' lang='lat' dir='ltr'>diutius</span> <span class='ocrx_word' id='word_1_1945' title='bbox 1119 3297 1219 3332; x_wconf 86' lang='lat' dir='ltr'>spicere</span> <span class='ocrx_word' id='word_1_1946' title='bbox 1233 3296 1321 3332; x_wconf 80' lang='lat' dir='ltr'>defitu</span> <span class='ocrx_word' id='word_1_1947' title='bbox 1333 3307 1418 3325; x_wconf 84' lang='lat' dir='ltr'>rerum</span> <span class='ocrx_word' id='word_1_1948' title='bbox 1432 3301 1637 3326; x_wconf 81' lang='lat' dir='ltr'>inanimatarum.</span> <span class='ocrx_word' id='word_1_1949' title='bbox 1693 3299 1751 3326; x_wconf 92' lang='lat' dir='ltr'>Col.</span> <span class='ocrx_word' id='word_1_1950' title='bbox 1767 3305 1789 3332; x_wconf 88' lang='lat'>8,</span> <span class='ocrx_word' id='word_1_1951' title='bbox 1804 3305 1827 3333; x_wconf 88' lang='lat'>8,</span> <span class='ocrx_word' id='word_1_1952' title='bbox 1848 3309 1862 3328; x_wconf 87' lang='lat'>2</span> <span class='ocrx_word' id='word_1_1953' title='bbox 1882 3302 2049 3334; x_wconf 81' lang='lat' dir='ltr'>Tabulatum</span> <span class='ocrx_word' id='word_1_1954' title='bbox 2063 3307 2177 3342; x_wconf 84' lang='lat' dir='ltr'>adspicit</span> 
     </span>
    </p>

    <p class='ocr_par' dir='ltr' id='par_1_55' title="bbox 0 3324 2176 3414">
     <span class='ocr_line' id='line_1_95' title="bbox 45 3324 2174 3374; baseline 0.009 -26"><span class='ocrx_word' id='word_1_1955' title='bbox 45 3324 47 3338; x_wconf 76' lang='lat'>³</span> <span class='ocrx_word' id='word_1_1956' title='bbox 71 3338 99 3349; x_wconf 61' lang='grc' dir='ltr'>Ν.</span> <span class='ocrx_word' id='word_1_1957' title='bbox 121 3327 131 3353; x_wconf 78' lang='lat'>3</span> <span class='ocrx_word' id='word_1_1958' title='bbox 167 3324 241 3352; x_wconf 88' lang='lat' dir='ltr'>Idem</span> <span class='ocrx_word' id='word_1_1959' title='bbox 256 3325 310 3351; x_wconf 88' lang='lat' dir='ltr'>Att.</span> <span class='ocrx_word' id='word_1_1960' title='bbox 324 3331 358 3359; x_wconf 86' lang='lat'>7,</span> <span class='ocrx_word' id='word_1_1961' title='bbox 373 3326 402 3351; x_wconf 78' lang='lat'>16</span> <span class='ocrx_word' id='word_1_1962' title='bbox 421 3324 485 3351; x_wconf 89' lang='lat' dir='ltr'>Non</span> <span class='ocrx_word' id='word_1_1963' title='bbox 503 3327 627 3360; x_wconf 83' lang='lat' dir='ltr'>aspernor</span> <span class='ocrx_word' id='word_1_1964' title='bbox 641 3328 770 3356; x_wconf 79' lang='lat' dir='ltr'>Trebatii</span> <span class='ocrx_word' id='word_1_1965' title='bbox 791 3329 898 3361; x_wconf 79' lang='lat' dir='ltr'>literas,</span> <span class='ocrx_word' id='word_1_1966' title='bbox 918 3337 932 3356; x_wconf 84' lang='lat' dir='ltr'>a</span> <span class='ocrx_word' id='word_1_1967' title='bbox 951 3338 1004 3364; x_wconf 87' lang='lat' dir='ltr'>qno</span> <span class='ocrx_word' id='word_1_1968' title='bbox 1021 3335 1065 3357; x_wconf 79' lang='lat' dir='ltr'>me</span> <span class='ocrx_word' id='word_1_1969' title='bbox 1118 3332 1270 3359; x_wconf 87' lang='lat' dir='ltr'>meridiem.</span> <span class='ocrx_word' id='word_1_1970' title='bbox 1308 3335 1351 3360; x_wconf 84' lang='lat' dir='ltr'>Ita</span> <span class='ocrx_word' id='word_1_1971' title='bbox 1372 3333 1483 3368; x_wconf 85' lang='lat' dir='ltr'>despicit</span> <span class='ocrx_word' id='word_1_1972' title='bbox 1502 3335 1606 3368; x_wconf 85' lang='lat' dir='ltr'>xystum</span> <span class='ocrx_word' id='word_1_1973' title='bbox 1624 3335 1741 3370; x_wconf 80' lang='lat' dir='ltr'>porticus</span> <span class='ocrx_word' id='word_1_1974' title='bbox 1760 3335 1828 3363; x_wconf 89' lang='lat' dir='ltr'>Plin.</span> <span class='ocrx_word' id='word_1_1975' title='bbox 1841 3337 1887 3373; x_wconf 88' lang='lat' dir='ltr'>Ep.</span> <span class='ocrx_word' id='word_1_1976' title='bbox 1903 3347 1926 3372; x_wconf 86' lang='grc' dir='ltr'>ς,</span> <span class='ocrx_word' id='word_1_1977' title='bbox 1938 3342 1965 3373; x_wconf 88' lang='grc'>6,</span> <span class='ocrx_word' id='word_1_1978' title='bbox 1981 3349 2017 3374; x_wconf 80' lang='lat'>23.</span> <span class='ocrx_word' id='word_1_1979' title='bbox 2065 3345 2097 3369; x_wconf 76' lang='lat' dir='ltr'>Et</span> <span class='ocrx_word' id='word_1_1980' title='bbox 2110 3345 2128 3370; x_wconf 86' lang='lat' dir='ltr'>s.</span> <span class='ocrx_word' id='word_1_1981' title='bbox 2142 3349 2174 3374; x_wconf 75' lang='lat'>28</span> 
     </span>
     <span class='ocr_line' id='line_1_96' title="bbox 0 3359 2176 3414; baseline 0.01 -30"><span class='ocrx_word' id='word_1_1982' title='bbox 0 3365 2 3371; x_wconf 94' lang='lat'><em>·</em></span> <span class='ocrx_word' id='word_1_1983' title='bbox 43 3362 52 3398; x_wconf 43' lang='lat'>‘⁹</span> <span class='ocrx_word' id='word_1_1984' title='bbox 64 3368 68 3383; x_wconf 58' lang='grc' dir='ltr'>ι’</span> <span class='ocrx_word' id='word_1_1985' title='bbox 80 3377 86 3383; x_wconf 75' lang='lat'>-.</span> <span class='ocrx_word' id='word_1_1986' title='bbox 108 3360 193 3396; x_wconf 20' lang='lat' dir='ltr'>&#39;diligi</span> <span class='ocrx_word' id='word_1_1987' title='bbox 207 3360 270 3387; x_wconf 89' lang='lat' dir='ltr'>scio.</span> <span class='ocrx_word' id='word_1_1988' title='bbox 314 3359 352 3386; x_wconf 90' lang='lat' dir='ltr'>Id.</span> <span class='ocrx_word' id='word_1_1989' title='bbox 366 3369 415 3394; x_wconf 91' lang='lat' dir='ltr'>pro</span> <span class='ocrx_word' id='word_1_1990' title='bbox 422 3361 498 3387; x_wconf 85' lang='lat' dir='ltr'>Rosc.</span> <span class='ocrx_word' id='word_1_1991' title='bbox 509 3361 597 3389; x_wconf 83' lang='lat' dir='ltr'>Amet.</span> <span class='ocrx_word' id='word_1_1992' title='bbox 607 3371 646 3397; x_wconf 77' lang='lat'>133</span> <span class='ocrx_word' id='word_1_1993' title='bbox 668 3366 742 3392; x_wconf 80' lang='lat' dir='ltr'>Hanc</span> <span class='ocrx_word' id='word_1_1994' title='bbox 756 3374 832 3398; x_wconf 90' lang='lat' dir='ltr'>vero,</span> <span class='ocrx_word' id='word_1_1995' title='bbox 846 3373 914 3399; x_wconf 83' lang='lat' dir='ltr'>quae</span> <span class='ocrx_word' id='word_1_1996' title='bbox 927 3365 961 3392; x_wconf 86' lang='lat' dir='ltr'>ad</span> <span class='ocrx_word' id='word_1_1997' title='bbox 970 3374 1065 3393; x_wconf 84' lang='lat' dir='ltr'>eorum</span> <span class='ocrx_word' id='word_1_1998' title='bbox 1074 3372 1109 3397; x_wconf 89' lang='lat'>90</span> <span class='ocrx_word' id='word_1_1999' title='bbox 1120 3368 1300 3402; x_wconf 89' lang='lat' dir='ltr'>Cubiculum,</span> <span class='ocrx_word' id='word_1_2000' title='bbox 1318 3369 1391 3405; x_wconf 89' lang='lat' dir='ltr'>quod</span> <span class='ocrx_word' id='word_1_2001' title='bbox 1408 3370 1514 3403; x_wconf 81' lang='lat' dir='ltr'>vineas,</span> <span class='ocrx_word' id='word_1_2002' title='bbox 1537 3376 1656 3403; x_wconf 83' lang='lat' dir='ltr'>montes,</span> <span class='ocrx_word' id='word_1_2003' title='bbox 1673 3371 1800 3400; x_wconf 85' lang='lat' dir='ltr'>intuetur.</span> <span class='ocrx_word' id='word_1_2004' title='bbox 1838 3375 1871 3400; x_wconf 79' lang='lat' dir='ltr'>Et</span> <span class='ocrx_word' id='word_1_2005' title='bbox 1883 3374 1944 3409; x_wconf 66' lang='lat'>1129</span> <span class='ocrx_word' id='word_1_2006' title='bbox 1965 3377 2094 3412; x_wconf 84' lang='lat' dir='ltr'>Porticus,</span> <span class='ocrx_word' id='word_1_2007' title='bbox 2109 3388 2176 3414; x_wconf 81' lang='lat' dir='ltr'>quae</span> 
     </span>
    </p>

    <p class='ocr_par' dir='ltr' id='par_1_56' title="bbox 0 3395 2176 3521">
     <span class='ocr_line' id='line_1_97' title="bbox 48 3395 2176 3450; baseline 0.008 -30"><span class='ocrx_word' id='word_1_2008' title='bbox 48 3401 51 3407; x_wconf 95' lang='lat'>·</span> <span class='ocrx_word' id='word_1_2009' title='bbox 68 3395 120 3435; x_wconf 46' lang='lat'>4³..</span> <span class='ocrx_word' id='word_1_2010' title='bbox 142 3403 222 3432; x_wconf 72' lang='lat' dir='ltr'>atque</span> <span class='ocrx_word' id='word_1_2011' title='bbox 239 3395 272 3423; x_wconf 84' lang='lat' dir='ltr'>ad</span> <span class='ocrx_word' id='word_1_2012' title='bbox 292 3395 436 3436; x_wconf 82' lang='lat' dir='ltr'>infantium</span> <span class='ocrx_word' id='word_1_2013' title='bbox 455 3404 599 3431; x_wconf 86' lang='lat' dir='ltr'>puerorum</span> <span class='ocrx_word' id='word_1_2014' title='bbox 617 3399 780 3428; x_wconf 86' lang='lat' dir='ltr'>incunabula</span> <span class='ocrx_word' id='word_1_2015' title='bbox 795 3401 926 3436; x_wconf 85' lang='lat' dir='ltr'>pertinet,</span> <span class='ocrx_word' id='word_1_2016' title='bbox 948 3401 996 3428; x_wconf 86' lang='lat' dir='ltr'>nifi</span> <span class='ocrx_word' id='word_1_2017' title='bbox 1015 3401 1066 3429; x_wconf 90' lang='lat' dir='ltr'>hoc</span> <span class='ocrx_word' id='word_1_2018' title='bbox 1123 3414 1178 3431; x_wconf 89' lang='lat' dir='ltr'>non</span> <span class='ocrx_word' id='word_1_2019' title='bbox 1197 3405 1312 3440; x_wconf 89' lang='lat' dir='ltr'>aspicere</span> <span class='ocrx_word' id='word_1_2020' title='bbox 1331 3406 1439 3439; x_wconf 85' lang='lat' dir='ltr'>vineas,</span> <span class='ocrx_word' id='word_1_2021' title='bbox 1459 3406 1504 3434; x_wconf 88' lang='lat' dir='ltr'>sed</span> <span class='ocrx_word' id='word_1_2022' title='bbox 1525 3413 1633 3442; x_wconf 82' lang='lat' dir='ltr'>tangere</span> <span class='ocrx_word' id='word_1_2023' title='bbox 1646 3406 1763 3434; x_wconf 88' lang='lat' dir='ltr'>videtur.</span> <span class='ocrx_word' id='word_1_2024' title='bbox 1941 3409 1962 3450; x_wconf 59' lang='lat' dir='ltr'><strong>ff</strong></span> <span class='ocrx_word' id='word_1_2025' title='bbox 1983 3421 1995 3445; x_wconf 82' lang='lat'>3</span> <span class='ocrx_word' id='word_1_2026' title='bbox 2015 3414 2134 3449; x_wconf 71' lang='lat' dir='ltr'>Aspicere</span> <span class='ocrx_word' id='word_1_2027' title='bbox 2148 3420 2176 3441; x_wconf 81' lang='lat' dir='ltr'>et</span> 
     </span>
     <span class='ocr_line' id='line_1_98' title="bbox 0 3423 2175 3485; baseline 0.013 -35"><span class='ocrx_word' id='word_1_2028' title='bbox 0 3423 12 3450; x_wconf 63' lang='lat' dir='ltr'>ll</span> <span class='ocrx_word' id='word_1_2029' title='bbox 40 3459 49 3469; x_wconf 84' lang='lat'>.-</span> <span class='ocrx_word' id='word_1_2030' title='bbox 67 3437 87 3470; x_wconf 50' lang='lat' dir='ltr'>&#39;³⁵ss</span> <span class='ocrx_word' id='word_1_2031' title='bbox 99 3441 130 3467; x_wconf 44' lang='lat' dir='ltr'>go</span> <span class='ocrx_word' id='word_1_2032' title='bbox 140 3441 156 3460; x_wconf 84' lang='lat' dir='ltr'>a</span> <span class='ocrx_word' id='word_1_2033' title='bbox 167 3432 246 3460; x_wconf 87' lang='lat' dir='ltr'>vobis</span> <span class='ocrx_word' id='word_1_2034' title='bbox 258 3432 387 3465; x_wconf 80' lang='lat' dir='ltr'>reiicitis,</span> <span class='ocrx_word' id='word_1_2035' title='bbox 406 3438 432 3459; x_wconf 90' lang='lat' dir='ltr'>et</span> <span class='ocrx_word' id='word_1_2036' title='bbox 444 3433 636 3468; x_wconf 85' lang='lat' dir='ltr'>aspernamini,</span> <span class='ocrx_word' id='word_1_2037' title='bbox 654 3436 744 3464; x_wconf 87' lang='lat' dir='ltr'>videte</span> <span class='ocrx_word' id='word_1_2038' title='bbox 758 3446 805 3473; x_wconf 90' lang='lat' dir='ltr'>per</span> <span class='ocrx_word' id='word_1_2039' title='bbox 819 3436 881 3463; x_wconf 87' lang='lat' dir='ltr'>deos</span> <span class='ocrx_word' id='word_1_2040' title='bbox 896 3437 1068 3471; x_wconf 77' lang='lat' dir='ltr'>immortales,</span> <span class='ocrx_word' id='word_1_2041' title='bbox 1120 3441 1247 3476; x_wconf 82' lang='lat' dir='ltr'>Accipere</span> <span class='ocrx_word' id='word_1_2042' title='bbox 1250 3441 1323 3478; x_wconf 77' lang='lat' dir='ltr'>saepe</span> <span class='ocrx_word' id='word_1_2043' title='bbox 1335 3441 1488 3469; x_wconf 83' lang='lat' dir='ltr'>aLibrariis</span> <span class='ocrx_word' id='word_1_2044' title='bbox 1500 3444 1568 3470; x_wconf 81' lang='lat' dir='ltr'>inter</span> <span class='ocrx_word' id='word_1_2045' title='bbox 1575 3443 1604 3479; x_wconf 74' lang='lat' dir='ltr'>ft&#39;</span> <span class='ocrx_word' id='word_1_2046' title='bbox 1616 3446 1763 3469; x_wconf 82' lang='lat' dir='ltr'>commutari</span> <span class='ocrx_word' id='word_1_2047' title='bbox 1768 3449 1841 3471; x_wconf 80' lang='lat' dir='ltr'>notat</span> <span class='ocrx_word' id='word_1_2048' title='bbox 1847 3446 2028 3476; x_wconf 82' lang='lat' dir='ltr'>Drackenb.ad</span> <span class='ocrx_word' id='word_1_2049' title='bbox 2035 3450 2079 3477; x_wconf 88' lang='lat' dir='ltr'>Sil.</span> <span class='ocrx_word' id='word_1_2050' title='bbox 2089 3458 2111 3483; x_wconf 76' lang='grc' dir='ltr'>ς,</span> <span class='ocrx_word' id='word_1_2051' title='bbox 2119 3458 2175 3485; x_wconf 74' lang='lat'>573.</span> 
     </span>
     <span class='ocr_line' id='line_1_99' title="bbox 0 3468 2173 3521; baseline 0.009 -27"><span class='ocrx_word' id='word_1_2052' title='bbox 0 3470 37 3516; x_wconf 33' lang='grc' dir='ltr'><strong><em>Γ</em></strong></span> <span class='ocrx_word' id='word_1_2053' title='bbox 62 3500 65 3502; x_wconf 67' lang='lat'>‚</span> <span class='ocrx_word' id='word_1_2054' title='bbox 96 3477 104 3499; x_wconf 59' lang='grc' dir='ltr'>π,</span> <span class='ocrx_word' id='word_1_2055' title='bbox 123 3469 152 3497; x_wconf 87' lang='lat' dir='ltr'>in</span> <span class='ocrx_word' id='word_1_2056' title='bbox 165 3469 254 3496; x_wconf 89' lang='lat' dir='ltr'>locum</span> <span class='ocrx_word' id='word_1_2057' title='bbox 267 3468 408 3503; x_wconf 88' lang='lat' dir='ltr'>Rempubl.</span> <span class='ocrx_word' id='word_1_2058' title='bbox 423 3474 611 3503; x_wconf 86' lang='lat' dir='ltr'>peruenturam</span> <span class='ocrx_word' id='word_1_2059' title='bbox 629 3473 734 3506; x_wconf 83' lang='lat' dir='ltr'>putetis.</span> <span class='ocrx_word' id='word_1_2060' title='bbox 788 3472 985 3507; x_wconf 84' lang='lat' dir='ltr'>Philosophiam</span> <span class='ocrx_word' id='word_1_2061' title='bbox 1004 3473 1067 3501; x_wconf 84' lang='lat' dir='ltr'>haec</span> <span class='ocrx_word' id='word_1_2062' title='bbox 1156 3484 1199 3505; x_wconf 82' lang='lat' dir='ltr'>As</span> <span class='ocrx_word' id='word_1_2063' title='bbox 1211 3483 1387 3511; x_wconf 74' lang='lat' dir='ltr'>ricmNs,</span> <span class='ocrx_word' id='word_1_2064' title='bbox 1405 3479 1481 3505; x_wconf 88' lang='lat' dir='ltr'>entis.</span> <span class='ocrx_word' id='word_1_2065' title='bbox 1519 3478 1594 3513; x_wconf 70' lang='lat' dir='ltr'>Qud</span> <span class='ocrx_word' id='word_1_2066' title='bbox 1612 3477 1873 3515; x_wconf 71' lang='lat' dir='ltr'>statis‚adspicientes</span> <span class='ocrx_word' id='word_1_2067' title='bbox 1891 3482 1921 3509; x_wconf 88' lang='lat' dir='ltr'>in</span> <span class='ocrx_word' id='word_1_2068' title='bbox 1940 3485 2041 3512; x_wconf 86' lang='lat' dir='ltr'>caelum</span> <span class='ocrx_word' id='word_1_2069' title='bbox 2068 3486 2173 3521; x_wconf 80' lang='lat' dir='ltr'>Vulgat-</span> 
     </span>
    </p>

    <p class='ocr_par' dir='ltr' id='par_1_57' title="bbox 25 3504 1259 3547">
     <span class='ocr_line' id='line_1_100' title="bbox 25 3504 1259 3547; baseline 0.007 -18"><span class='ocrx_word' id='word_1_2070' title='bbox 25 3513 35 3523; x_wconf 91' lang='grc'>·-</span> <span class='ocrx_word' id='word_1_2071' title='bbox 60 3521 72 3539; x_wconf 43' lang='grc'>;,</span> <span class='ocrx_word' id='word_1_2072' title='bbox 108 3516 112 3525; x_wconf 62' lang='grc' dir='ltr'>ι</span> <span class='ocrx_word' id='word_1_2073' title='bbox 131 3505 265 3541; x_wconf 78' lang='lat' dir='ltr'>aspernata</span> <span class='ocrx_word' id='word_1_2074' title='bbox 277 3513 414 3546; x_wconf 74' lang='lat' dir='ltr'>nunquam</span> <span class='ocrx_word' id='word_1_2075' title='bbox 427 3504 464 3531; x_wconf 88' lang='lat' dir='ltr'>est</span> <span class='ocrx_word' id='word_1_2076' title='bbox 483 3505 540 3531; x_wconf 88' lang='lat' dir='ltr'>Cic.</span> <span class='ocrx_word' id='word_1_2077' title='bbox 553 3504 586 3531; x_wconf 88' lang='lat' dir='ltr'>de</span> <span class='ocrx_word' id='word_1_2078' title='bbox 597 3506 671 3534; x_wconf 87' lang='lat' dir='ltr'>Orat.</span> <span class='ocrx_word' id='word_1_2079' title='bbox 686 3517 699 3534; x_wconf 82' lang='lat'><em>2</em></span> <span class='ocrx_word' id='word_1_2080' title='bbox 717 3518 739 3535; x_wconf 87' lang='lat' dir='ltr'>c.</span> <span class='ocrx_word' id='word_1_2081' title='bbox 755 3517 796 3543; x_wconf 84' lang='lat'>37.</span> <span class='ocrx_word' id='word_1_2082' title='bbox 852 3508 925 3535; x_wconf 89' lang='lat' dir='ltr'>Idem</span> <span class='ocrx_word' id='word_1_2083' title='bbox 939 3509 967 3535; x_wconf 91' lang='lat' dir='ltr'>in</span> <span class='ocrx_word' id='word_1_2084' title='bbox 980 3509 1066 3537; x_wconf 82' lang='lat' dir='ltr'>Pison.</span> <span class='ocrx_word' id='word_1_2085' title='bbox 1121 3513 1179 3540; x_wconf 74' lang='grc' dir='ltr'>Λξὶ.</span> <span class='ocrx_word' id='word_1_2086' title='bbox 1194 3522 1214 3547; x_wconf 81' lang='lat'>1,</span> <span class='ocrx_word' id='word_1_2087' title='bbox 1228 3522 1259 3540; x_wconf 88' lang='grc' dir='ltr'><strong>ιι,</strong></span> 
     </span>
    </p>
   </div>
   <div class='ocr_carea' id='block_1_14' title="bbox 0 3540 2175 3700">
    <p class='ocr_par' dir='ltr' id='par_1_58' title="bbox 0 3539 2175 3669">
     <span class='ocr_line' id='line_1_101' title="bbox 59 3540 2175 3590; baseline 0.01 -23"><span class='ocrx_word' id='word_1_2088' title='bbox 59 3548 150 3585; x_wconf 42' lang='grc' dir='ltr'>ἢ-Ὧο</span> <span class='ocrx_word' id='word_1_2089' title='bbox 168 3541 260 3569; x_wconf 91' lang='lat' dir='ltr'>Nemo</span> <span class='ocrx_word' id='word_1_2090' title='bbox 271 3540 388 3576; x_wconf 82' lang='lat' dir='ltr'>denique</span> <span class='ocrx_word' id='word_1_2091' title='bbox 400 3541 468 3567; x_wconf 88' lang='lat' dir='ltr'>ciuis</span> <span class='ocrx_word' id='word_1_2092' title='bbox 482 3540 534 3573; x_wconf 87' lang='lat' dir='ltr'>est,</span> <span class='ocrx_word' id='word_1_2093' title='bbox 552 3541 599 3576; x_wconf 91' lang='lat' dir='ltr'>qui</span> <span class='ocrx_word' id='word_1_2094' title='bbox 613 3551 666 3569; x_wconf 90' lang='lat' dir='ltr'>non</span> <span class='ocrx_word' id='word_1_2095' title='bbox 678 3544 760 3571; x_wconf 89' lang='lat' dir='ltr'>modo</span> <span class='ocrx_word' id='word_1_2096' title='bbox 773 3546 798 3571; x_wconf 90' lang='lat' dir='ltr'>se</span> <span class='ocrx_word' id='word_1_2097' title='bbox 811 3545 898 3571; x_wconf 87' lang='lat' dir='ltr'>ciuem</span> <span class='ocrx_word' id='word_1_2098' title='bbox 914 3545 962 3571; x_wconf 78' lang='lat' dir='ltr'>etse</span> <span class='ocrx_word' id='word_1_2099' title='bbox 974 3547 1066 3573; x_wconf 88' lang='lat' dir='ltr'>memi-</span> <span class='ocrx_word' id='word_1_2100' title='bbox 1077 3555 1108 3582; x_wconf 74' lang='lat'>95</span> <span class='ocrx_word' id='word_1_2101' title='bbox 1158 3557 1180 3576; x_wconf 85' lang='lat' dir='ltr'>A</span> <span class='ocrx_word' id='word_1_2102' title='bbox 1190 3557 1202 3576; x_wconf 89' lang='lat' dir='ltr'>s</span> <span class='ocrx_word' id='word_1_2103' title='bbox 1215 3556 1230 3576; x_wconf 82' lang='lat'>1&gt;</span> <span class='ocrx_word' id='word_1_2104' title='bbox 1242 3556 1277 3577; x_wconf 87' lang='lat' dir='ltr'>Ic</span> <span class='ocrx_word' id='word_1_2105' title='bbox 1286 3557 1295 3576; x_wconf 90' lang='lat'>1</span> <span class='ocrx_word' id='word_1_2106' title='bbox 1304 3556 1409 3577; x_wconf 82' lang='lat' dir='ltr'>ENDV</span> <span class='ocrx_word' id='word_1_2107' title='bbox 1418 3556 1441 3577; x_wconf 86' lang='lat' dir='ltr'>s.</span> <span class='ocrx_word' id='word_1_2108' title='bbox 1462 3549 1680 3586; x_wconf 61' lang='grc' dir='ltr'>[προσβλεπτὲοῑ]</span> <span class='ocrx_word' id='word_1_2109' title='bbox 1715 3549 1797 3578; x_wconf 67' lang='lat' dir='ltr'>Ouid·</span> <span class='ocrx_word' id='word_1_2110' title='bbox 1811 3552 1877 3580; x_wconf 72' lang='lat' dir='ltr'>Fast·</span> <span class='ocrx_word' id='word_1_2111' title='bbox 1892 3555 1919 3588; x_wconf 84' lang='lat'>6,</span> <span class='ocrx_word' id='word_1_2112' title='bbox 1931 3560 1983 3590; x_wconf 79' lang='lat'>284</span> <span class='ocrx_word' id='word_1_2113' title='bbox 2003 3556 2051 3583; x_wconf 89' lang='lat' dir='ltr'>Tu</span> <span class='ocrx_word' id='word_1_2114' title='bbox 2066 3556 2175 3585; x_wconf 74' lang='lat' dir='ltr'>deanon</span> 
     </span>
     <span class='ocr_line' id='line_1_102' title="bbox 0 3574 1458 3620; baseline 0.007 -18"><span class='ocrx_word' id='word_1_2115' title='bbox 0 3599 1 3602; x_wconf 74' lang='grc'><strong>,</strong></span> <span class='ocrx_word' id='word_1_2116' title='bbox 34 3586 44 3599; x_wconf 74' lang='grc' dir='ltr'>ι·</span> <span class='ocrx_word' id='word_1_2117' title='bbox 61 3592 69 3596; x_wconf 64' lang='lat'>&gt;</span> <span class='ocrx_word' id='word_1_2118' title='bbox 79 3574 123 3602; x_wconf 50' lang='lat'>&#39;⁴3¹</span> <span class='ocrx_word' id='word_1_2119' title='bbox 167 3576 238 3604; x_wconf 87' lang='lat' dir='ltr'>ivos</span> <span class='ocrx_word' id='word_1_2120' title='bbox 251 3586 306 3604; x_wconf 92' lang='lat' dir='ltr'>non</span> <span class='ocrx_word' id='word_1_2121' title='bbox 319 3577 404 3604; x_wconf 89' lang='lat' dir='ltr'>oculis</span> <span class='ocrx_word' id='word_1_2122' title='bbox 419 3577 519 3611; x_wconf 79' lang='lat' dir='ltr'>fugiat,</span> <span class='ocrx_word' id='word_1_2123' title='bbox 540 3576 649 3605; x_wconf 81' lang='lat' dir='ltr'>auribus</span> <span class='ocrx_word' id='word_1_2124' title='bbox 662 3580 782 3614; x_wconf 81' lang='lat' dir='ltr'>respuat,</span> <span class='ocrx_word' id='word_1_2125' title='bbox 803 3582 894 3607; x_wconf 90' lang='lat' dir='ltr'>animo</span> <span class='ocrx_word' id='word_1_2126' title='bbox 908 3581 1066 3615; x_wconf 88' lang='lat' dir='ltr'>aspernetur.</span> <span class='ocrx_word' id='word_1_2127' title='bbox 1121 3586 1209 3613; x_wconf 63' lang='lat' dir='ltr'>fixeras</span> <span class='ocrx_word' id='word_1_2128' title='bbox 1223 3584 1374 3620; x_wconf 79' lang='lat' dir='ltr'>aspicienda</span> <span class='ocrx_word' id='word_1_2129' title='bbox 1386 3585 1458 3612; x_wconf 88' lang='lat' dir='ltr'>viro.</span> 
     </span>
     <span class='ocr_line' id='line_1_103' title="bbox 0 3585 1960 3669; baseline 0.011 -31"><span class='ocrx_word' id='word_1_2130' title='bbox 0 3609 4 3623; x_wconf 78' lang='lat'><em>¹</em></span> <span class='ocrx_word' id='word_1_2131' title='bbox 34 3605 41 3619; x_wconf 91' lang='lat'><em>&#39;</em></span> <span class='ocrx_word' id='word_1_2132' title='bbox 60 3585 184 3669; x_wconf 33' lang='lat' dir='ltr'>&amp;ab</span> <span class='ocrx_word' id='word_1_2133' title='bbox 195 3621 228 3647; x_wconf 80' lang='lat'>2,</span> <span class='ocrx_word' id='word_1_2134' title='bbox 240 3614 266 3647; x_wconf 75' lang='lat'>5&#39;1</span> <span class='ocrx_word' id='word_1_2135' title='bbox 284 3613 369 3641; x_wconf 90' lang='lat' dir='ltr'>Simul</span> <span class='ocrx_word' id='word_1_2136' title='bbox 388 3618 467 3648; x_wconf 85' lang='lat' dir='ltr'>atque</span> <span class='ocrx_word' id='word_1_2137' title='bbox 485 3618 577 3639; x_wconf 90' lang='lat' dir='ltr'>natum</span> <span class='ocrx_word' id='word_1_2138' title='bbox 595 3613 692 3641; x_wconf 79' lang='lat' dir='ltr'>animal</span> <span class='ocrx_word' id='word_1_2139' title='bbox 713 3615 765 3648; x_wconf 87' lang='lat' dir='ltr'>est,</span> <span class='ocrx_word' id='word_1_2140' title='bbox 784 3616 880 3650; x_wconf 86' lang='lat' dir='ltr'>gaudet</span> <span class='ocrx_word' id='word_1_2141' title='bbox 894 3617 1029 3652; x_wconf 91' lang='lat' dir='ltr'>voluptate</span> <span class='ocrx_word' id='word_1_2142' title='bbox 1041 3625 1069 3646; x_wconf 80' lang='lat' dir='ltr'>et</span> <span class='ocrx_word' id='word_1_2143' title='bbox 1158 3629 1180 3649; x_wconf 83' lang='grc' dir='ltr'>Α</span> <span class='ocrx_word' id='word_1_2144' title='bbox 1190 3629 1202 3649; x_wconf 84' lang='lat' dir='ltr'>s</span> <span class='ocrx_word' id='word_1_2145' title='bbox 1212 3628 1227 3648; x_wconf 81' lang='lat' dir='ltr'>P</span> <span class='ocrx_word' id='word_1_2146' title='bbox 1236 3628 1278 3649; x_wconf 84' lang='lat' dir='ltr'>Ec</span> <span class='ocrx_word' id='word_1_2147' title='bbox 1287 3628 1338 3648; x_wconf 86' lang='lat' dir='ltr'>TV</span> <span class='ocrx_word' id='word_1_2148' title='bbox 1348 3629 1378 3655; x_wconf 87' lang='lat' dir='ltr'>s,</span> <span class='ocrx_word' id='word_1_2149' title='bbox 1398 3630 1423 3654; x_wconf 86' lang='lat' dir='ltr'>a,</span> <span class='ocrx_word' id='word_1_2150' title='bbox 1444 3629 1498 3647; x_wconf 80' lang='lat' dir='ltr'>um·</span> <span class='ocrx_word' id='word_1_2151' title='bbox 1529 3619 1624 3647; x_wconf 66' lang='lat' dir='ltr'><strong>V¹¹¹t¹¹³</strong></span> <span class='ocrx_word' id='word_1_2152' title='bbox 1636 3620 1753 3656; x_wconf 51' lang='lat' dir='ltr'>&amp;spei—‘3¹¹⁵</span> <span class='ocrx_word' id='word_1_2153' title='bbox 1772 3622 1825 3650; x_wconf 71' lang='lat' dir='ltr'>Sid·</span> <span class='ocrx_word' id='word_1_2154' title='bbox 1842 3629 1856 3655; x_wconf 86' lang='lat'><em>8</em></span> <span class='ocrx_word' id='word_1_2155' title='bbox 1869 3634 1908 3661; x_wconf 61' lang='grc' dir='ltr'>ΕΡ·</span> <span class='ocrx_word' id='word_1_2156' title='bbox 1922 3634 1960 3659; x_wconf 88' lang='lat'>¹4·</span> 
     </span>
    </p>

    <p class='ocr_par' dir='ltr' id='par_1_59' title="bbox 98 3648 2175 3700">
     <span class='ocr_line' id='line_1_104' title="bbox 98 3648 2175 3700; baseline 0.015 -31"><span class='ocrx_word' id='word_1_2157' title='bbox 98 3654 105 3668; x_wconf 69' lang='grc' dir='ltr'>ι</span> <span class='ocrx_word' id='word_1_2158' title='bbox 128 3652 131 3653; x_wconf 61' lang='grc'>’</span> <span class='ocrx_word' id='word_1_2159' title='bbox 140 3648 200 3677; x_wconf 53' lang='lat' dir='ltr'>&#39;etit</span> <span class='ocrx_word' id='word_1_2160' title='bbox 211 3655 241 3676; x_wconf 76' lang='lat' dir='ltr'>vt</span> <span class='ocrx_word' id='word_1_2161' title='bbox 255 3648 372 3682; x_wconf 77' lang='lat' dir='ltr'>bonum,</span> <span class='ocrx_word' id='word_1_2162' title='bbox 392 3650 545 3684; x_wconf 72' lang='lat' dir='ltr'>aspernatur</span> <span class='ocrx_word' id='word_1_2163' title='bbox 557 3649 679 3676; x_wconf 88' lang='lat' dir='ltr'>dolorem</span> <span class='ocrx_word' id='word_1_2164' title='bbox 694 3657 723 3677; x_wconf 88' lang='lat' dir='ltr'>vt</span> <span class='ocrx_word' id='word_1_2165' title='bbox 737 3652 845 3679; x_wconf 83' lang='lat' dir='ltr'>malum&#39;.</span> <span class='ocrx_word' id='word_1_2166' title='bbox 893 3652 983 3680; x_wconf 86' lang='lat' dir='ltr'>Tacit.</span> <span class='ocrx_word' id='word_1_2167' title='bbox 998 3654 1066 3682; x_wconf 87' lang='lat' dir='ltr'>Ann.</span> <span class='ocrx_word' id='word_1_2168' title='bbox 1159 3665 1201 3686; x_wconf 80' lang='lat' dir='ltr'>As</span> <span class='ocrx_word' id='word_1_2169' title='bbox 1211 3664 1225 3683; x_wconf 79' lang='grc' dir='ltr'>Ρ</span> <span class='ocrx_word' id='word_1_2170' title='bbox 1235 3664 1251 3685; x_wconf 77' lang='grc' dir='ltr'><strong><em>Ε</em></strong></span> <span class='ocrx_word' id='word_1_2171' title='bbox 1259 3664 1277 3685; x_wconf 88' lang='lat' dir='ltr'><strong>c</strong></span> <span class='ocrx_word' id='word_1_2172' title='bbox 1286 3664 1308 3685; x_wconf 86' lang='lat' dir='ltr'>T</span> <span class='ocrx_word' id='word_1_2173' title='bbox 1317 3665 1338 3685; x_wconf 87' lang='grc' dir='ltr'><strong><em>ν</em></strong></span> <span class='ocrx_word' id='word_1_2174' title='bbox 1347 3664 1360 3685; x_wconf 89' lang='lat' dir='ltr'>s</span> <span class='ocrx_word' id='word_1_2175' title='bbox 1368 3678 1377 3691; x_wconf 91' lang='lat'>,</span> <span class='ocrx_word' id='word_1_2176' title='bbox 1389 3658 1414 3694; x_wconf 72' lang='lat' dir='ltr'>s.</span> <span class='ocrx_word' id='word_1_2177' title='bbox 1435 3663 1485 3683; x_wconf 84' lang='lat' dir='ltr'>AD</span> <span class='ocrx_word' id='word_1_2178' title='bbox 1494 3663 1507 3682; x_wconf 87' lang='lat' dir='ltr'>s</span> <span class='ocrx_word' id='word_1_2179' title='bbox 1517 3661 1532 3681; x_wconf 78' lang='lat' dir='ltr'>P</span> <span class='ocrx_word' id='word_1_2180' title='bbox 1543 3662 1560 3682; x_wconf 79' lang='lat' dir='ltr'>E</span> <span class='ocrx_word' id='word_1_2181' title='bbox 1568 3662 1586 3682; x_wconf 88' lang='lat' dir='ltr'>c</span> <span class='ocrx_word' id='word_1_2182' title='bbox 1595 3662 1617 3682; x_wconf 87' lang='grc' dir='ltr'>Τ</span> <span class='ocrx_word' id='word_1_2183' title='bbox 1627 3662 1647 3682; x_wconf 88' lang='lat' dir='ltr'>v</span> <span class='ocrx_word' id='word_1_2184' title='bbox 1656 3664 1670 3684; x_wconf 80' lang='lat' dir='ltr'>s</span> <span class='ocrx_word' id='word_1_2185' title='bbox 1678 3677 1687 3690; x_wconf 90' lang='lat'>‚</span> <span class='ocrx_word' id='word_1_2186' title='bbox 1707 3656 1747 3685; x_wconf 58' lang='grc' dir='ltr'>ὓς·</span> <span class='ocrx_word' id='word_1_2187' title='bbox 1769 3669 1804 3686; x_wconf 81' lang='lat'>¹¹¹·</span> <span class='ocrx_word' id='word_1_2188' title='bbox 1826 3660 1840 3694; x_wconf 64' lang='lat' dir='ltr'>s</span> <span class='ocrx_word' id='word_1_2189' title='bbox 1846 3659 1950 3697; x_wconf 60' lang='grc' dir='ltr'>ἵξαμα]</span> <span class='ocrx_word' id='word_1_2190' title='bbox 1970 3662 2094 3696; x_wconf 70' lang='lat' dir='ltr'>intuitus,</span> <span class='ocrx_word' id='word_1_2191' title='bbox 2108 3664 2175 3700; x_wconf 67' lang='lat' dir='ltr'>“spi‘</span> 
     </span>
    </p>
   </div>
   <div class='ocr_carea' id='block_1_15' title="bbox 2 3660 159 3739">
    <p class='ocr_par' dir='ltr' id='par_1_60' title="bbox 2 3633 159 3739">
     <span class='ocr_line' id='line_1_105' title="bbox 2 3660 159 3739; baseline 0.032 -38"><span class='ocrx_word' id='word_1_2192' title='bbox 2 3681 14 3726; x_wconf 60' lang='lat'>4:</span> <span class='ocrx_word' id='word_1_2193' title='bbox 60 3660 159 3739; x_wconf 49' lang='lat' dir='ltr'>gi</span> 
     </span>
    </p>
   </div>
   <div class='ocr_carea' id='block_1_16' title="bbox 154 3720 2175 3767">
    <p class='ocr_par' dir='ltr' id='par_1_61' title="bbox 154 3720 2175 3767">
     <span class='ocr_line' id='line_1_106' title="bbox 154 3720 2175 3767; baseline 0.009 -23"><span class='ocrx_word' id='word_1_2194' title='bbox 154 3727 167 3743; x_wconf 78' lang='grc' dir='ltr'>ι-</span> <span class='ocrx_word' id='word_1_2195' title='bbox 179 3725 245 3754; x_wconf 76' lang='lat' dir='ltr'>tur,</span> <span class='ocrx_word' id='word_1_2196' title='bbox 265 3720 366 3756; x_wconf 77' lang='lat' dir='ltr'>frigida</span> <span class='ocrx_word' id='word_1_2197' title='bbox 387 3721 417 3749; x_wconf 88' lang='lat' dir='ltr'>in</span> <span class='ocrx_word' id='word_1_2198' title='bbox 436 3729 508 3756; x_wconf 74' lang='lat' dir='ltr'>aqua</span> <span class='ocrx_word' id='word_1_2199' title='bbox 525 3720 673 3749; x_wconf 81' lang='lat' dir='ltr'>offunditur</span> <span class='ocrx_word' id='word_1_2200' title='bbox 690 3731 831 3749; x_wconf 90' lang='lat' dir='ltr'>venenum.</span> <span class='ocrx_word' id='word_1_2201' title='bbox 1006 3723 1026 3764; x_wconf 58' lang='lat' dir='ltr'><strong>ff</strong></span> <span class='ocrx_word' id='word_1_2202' title='bbox 1055 3730 1162 3756; x_wconf 74' lang='lat' dir='ltr'>2100ris</span> <span class='ocrx_word' id='word_1_2203' title='bbox 1177 3730 1286 3756; x_wconf 71' lang='lat' dir='ltr'>statuam</span> <span class='ocrx_word' id='word_1_2204' title='bbox 1301 3729 1430 3756; x_wconf 80' lang='lat' dir='ltr'>viderem.</span> <span class='ocrx_word' id='word_1_2205' title='bbox 1468 3726 1549 3760; x_wconf 72' lang='lat' dir='ltr'>Qiod</span> <span class='ocrx_word' id='word_1_2206' title='bbox 1561 3727 1729 3764; x_wconf 83' lang='lat' dir='ltr'>posteaquam</span> <span class='ocrx_word' id='word_1_2207' title='bbox 1743 3730 1811 3764; x_wconf 86' lang='lat' dir='ltr'>dixi,</span> <span class='ocrx_word' id='word_1_2208' title='bbox 1819 3737 1905 3759; x_wconf 82' lang='lat' dir='ltr'>tantus</span> <span class='ocrx_word' id='word_1_2209' title='bbox 1918 3731 1955 3758; x_wconf 82' lang='lat' dir='ltr'>est</span> <span class='ocrx_word' id='word_1_2210' title='bbox 1969 3734 2081 3767; x_wconf 84' lang='lat' dir='ltr'>gemitus</span> <span class='ocrx_word' id='word_1_2211' title='bbox 2089 3736 2175 3763; x_wconf 67' lang='lat' dir='ltr'>faetus</span> 
     </span>
    </p>
   </div>
   <div class='ocr_carea' id='block_1_17' title="bbox 100 3665 165 3782">
    <p class='ocr_par' dir='ltr' id='par_1_62' title="bbox 100 3665 165 3782">
     <span class='ocr_line' id='line_1_107' title="bbox 100 3665 165 3782; baseline 0 0"><span class='ocrx_word' id='word_1_2212' title='bbox 100 3665 165 3782; x_wconf 95' lang='lat' dir='ltr'>    </span> 
     </span>
    </p>
   </div>
   <div class='ocr_carea' id='block_1_18' title="bbox 176 3684 2175 3731">
    <p class='ocr_par' dir='ltr' id='par_1_63' title="bbox 176 3684 2175 3731">
     <span class='ocr_line' id='line_1_108' title="bbox 176 3684 2175 3731; baseline 0.009 -22"><span class='ocrx_word' id='word_1_2213' title='bbox 176 3697 192 3706; x_wconf 59' lang='grc' dir='ltr'>ω</span> <span class='ocrx_word' id='word_1_2214' title='bbox 213 3684 284 3712; x_wconf 74' lang='lat' dir='ltr'>alida</span> <span class='ocrx_word' id='word_1_2215' title='bbox 299 3685 376 3721; x_wconf 77' lang='lat' dir='ltr'>potio</span> <span class='ocrx_word' id='word_1_2216' title='bbox 396 3684 512 3712; x_wconf 80' lang='lat' dir='ltr'>traditur</span> <span class='ocrx_word' id='word_1_2217' title='bbox 526 3685 680 3712; x_wconf 78' lang='lat' dir='ltr'>Britannico</span> <span class='ocrx_word' id='word_1_2218' title='bbox 693 3696 698 3713; x_wconf 90' lang='lat'>:</span> <span class='ocrx_word' id='word_1_2219' title='bbox 723 3686 785 3713; x_wconf 85' lang='lat' dir='ltr'>dein</span> <span class='ocrx_word' id='word_1_2220' title='bbox 805 3688 943 3723; x_wconf 87' lang='lat' dir='ltr'>postquam</span> <span class='ocrx_word' id='word_1_2221' title='bbox 961 3689 1068 3717; x_wconf 83' lang='lat' dir='ltr'>feruore</span> <span class='ocrx_word' id='word_1_2222' title='bbox 1124 3693 1208 3720; x_wconf 77' lang='lat' dir='ltr'>ciendi</span> <span class='ocrx_word' id='word_1_2223' title='bbox 1220 3691 1308 3726; x_wconf 63' lang='lat' dir='ltr'>aelus,</span> <span class='ocrx_word' id='word_1_2224' title='bbox 1325 3695 1367 3720; x_wconf 83' lang='lat' dir='ltr'>vel</span> <span class='ocrx_word' id='word_1_2225' title='bbox 1379 3692 1475 3719; x_wconf 83' lang='lat' dir='ltr'>modus.</span> <span class='ocrx_word' id='word_1_2226' title='bbox 1512 3691 1568 3717; x_wconf 89' lang='lat' dir='ltr'>Cic.</span> <span class='ocrx_word' id='word_1_2227' title='bbox 1583 3692 1661 3720; x_wconf 80' lang='lat' dir='ltr'>Vei-r.</span> <span class='ocrx_word' id='word_1_2228' title='bbox 1676 3702 1694 3727; x_wconf 91' lang='lat'>4</span> <span class='ocrx_word' id='word_1_2229' title='bbox 1714 3703 1735 3721; x_wconf 88' lang='lat' dir='ltr'>c.</span> <span class='ocrx_word' id='word_1_2230' title='bbox 1748 3697 1781 3722; x_wconf 88' lang='lat'>62</span> <span class='ocrx_word' id='word_1_2231' title='bbox 1802 3697 1833 3722; x_wconf 92' lang='lat' dir='ltr'>In</span> <span class='ocrx_word' id='word_1_2232' title='bbox 1846 3706 1897 3731; x_wconf 91' lang='lat' dir='ltr'>qua</span> <span class='ocrx_word' id='word_1_2233' title='bbox 1909 3697 2057 3724; x_wconf 85' lang='lat' dir='ltr'>inauratam</span> <span class='ocrx_word' id='word_1_2234' title='bbox 2070 3700 2100 3726; x_wconf 92' lang='lat' dir='ltr'>C.</span> <span class='ocrx_word' id='word_1_2235' title='bbox 2110 3701 2175 3728; x_wconf 91' lang='lat' dir='ltr'>Ver-</span> 
     </span>
    </p>
   </div>
   <div class='ocr_carea' id='block_1_19' title="bbox 0 3724 2176 3878">
    <p class='ocr_par' dir='ltr' id='par_1_64' title="bbox 0 3724 2176 3878">
     <span class='ocr_line' id='line_1_109' title="bbox 37 3724 2176 3806; baseline 0.007 -24"><span class='ocrx_word' id='word_1_2236' title='bbox 37 3781 42 3788; x_wconf 74' lang='grc'><strong>,</strong></span> <span class='ocrx_word' id='word_1_2237' title='bbox 62 3724 99 3785; x_wconf 28' lang='lat' dir='ltr'>ql*</span> <span class='ocrx_word' id='word_1_2238' title='bbox 144 3756 240 3787; x_wconf 49' lang='lat' dir='ltr'>„al-lin.</span> <span class='ocrx_word' id='word_1_2239' title='bbox 250 3756 317 3784; x_wconf 83' lang='lat' dir='ltr'>Bell.</span> <span class='ocrx_word' id='word_1_2240' title='bbox 331 3757 389 3784; x_wconf 83' lang='lat' dir='ltr'>Afr.</span> <span class='ocrx_word' id='word_1_2241' title='bbox 402 3766 433 3791; x_wconf 80' lang='lat'>93</span> <span class='ocrx_word' id='word_1_2242' title='bbox 456 3756 595 3798; x_wconf 34' lang='lat' dir='ltr'>Intellexit&#39;</span> <span class='ocrx_word' id='word_1_2243' title='bbox 610 3766 701 3792; x_wconf 85' lang='lat' dir='ltr'>regem</span> <span class='ocrx_word' id='word_1_2244' title='bbox 719 3768 815 3794; x_wconf 81' lang='lat' dir='ltr'>vagum</span> <span class='ocrx_word' id='word_1_2245' title='bbox 833 3767 849 3785; x_wconf 89' lang='lat' dir='ltr'>a</span> <span class='ocrx_word' id='word_1_2246' title='bbox 866 3759 921 3799; x_wconf 78' lang='lat' dir='ltr'>suis</span> <span class='ocrx_word' id='word_1_2247' title='bbox 940 3758 1070 3789; x_wconf 85' lang='lat' dir='ltr'>desertum</span> <span class='ocrx_word' id='word_1_2248' title='bbox 1125 3765 1230 3800; x_wconf 74' lang='lat' dir='ltr'>aspe6tu</span> <span class='ocrx_word' id='word_1_2249' title='bbox 1259 3765 1358 3792; x_wconf 83' lang='lat' dir='ltr'>statuae</span> <span class='ocrx_word' id='word_1_2250' title='bbox 1389 3771 1415 3791; x_wconf 91' lang='lat' dir='ltr'>et</span> <span class='ocrx_word' id='word_1_2251' title='bbox 1445 3765 1718 3799; x_wconf 88' lang='lat' dir='ltr'>commemoratione,</span> <span class='ocrx_word' id='word_1_2252' title='bbox 1741 3773 1771 3794; x_wconf 86' lang='lat' dir='ltr'>vt</span> <span class='ocrx_word' id='word_1_2253' title='bbox 1799 3773 1844 3794; x_wconf 80' lang='lat' dir='ltr'>etc.</span> <span class='ocrx_word' id='word_1_2254' title='bbox 1915 3767 1989 3802; x_wconf 80' lang='lat' dir='ltr'>Virg.</span> <span class='ocrx_word' id='word_1_2255' title='bbox 2002 3769 2068 3797; x_wconf 85' lang='lat' dir='ltr'>Aen.</span> <span class='ocrx_word' id='word_1_2256' title='bbox 2081 3773 2108 3804; x_wconf 85' lang='lat'>6,</span> <span class='ocrx_word' id='word_1_2257' title='bbox 2123 3774 2176 3806; x_wconf 81' lang='lat'>436</span> 
     </span>
     <span class='ocr_line' id='line_1_110' title="bbox 0 3780 2175 3844; baseline 0.008 -26"><span class='ocrx_word' id='word_1_2258' title='bbox 0 3803 3 3812; x_wconf 89' lang='lat'><em>·</em></span> <span class='ocrx_word' id='word_1_2259' title='bbox 37 3790 48 3823; x_wconf 67' lang='lat'>⁴,</span> <span class='ocrx_word' id='word_1_2260' title='bbox 62 3780 201 3835; x_wconf 34' lang='lat' dir='ltr'>&amp;sq—ibus</span> <span class='ocrx_word' id='word_1_2261' title='bbox 212 3792 354 3834; x_wconf 72' lang='lat' dir='ltr'>aspernari.</span> <span class='ocrx_word' id='word_1_2262' title='bbox 400 3793 457 3822; x_wconf 82' lang='lat' dir='ltr'>Cic.</span> <span class='ocrx_word' id='word_1_2263' title='bbox 472 3792 542 3828; x_wconf 87' lang='lat' dir='ltr'>apud</span> <span class='ocrx_word' id='word_1_2264' title='bbox 554 3794 678 3821; x_wconf 82' lang='lat' dir='ltr'>Priscian.</span> <span class='ocrx_word' id='word_1_2265' title='bbox 699 3803 724 3829; x_wconf 92' lang='lat' dir='ltr'>p.</span> <span class='ocrx_word' id='word_1_2266' title='bbox 739 3803 792 3830; x_wconf 83' lang='lat'>792.</span> <span class='ocrx_word' id='word_1_2267' title='bbox 818 3795 875 3829; x_wconf 85' lang='lat' dir='ltr'>Qu</span> <span class='ocrx_word' id='word_1_2268' title='bbox 888 3794 983 3830; x_wconf 80' lang='lat' dir='ltr'>habet,</span> <span class='ocrx_word' id='word_1_2269' title='bbox 999 3797 1072 3826; x_wconf 88' lang='lat' dir='ltr'>vltro</span> <span class='ocrx_word' id='word_1_2270' title='bbox 1160 3816 1206 3821; x_wconf 93' lang='lat'>—</span> <span class='ocrx_word' id='word_1_2271' title='bbox 1241 3807 1320 3836; x_wconf 86' lang='lat' dir='ltr'>teque</span> <span class='ocrx_word' id='word_1_2272' title='bbox 1333 3800 1437 3836; x_wconf 66' lang='lat' dir='ltr'>aspeehi</span> <span class='ocrx_word' id='word_1_2273' title='bbox 1448 3808 1484 3840; x_wconf 32' lang='lat' dir='ltr'>‘ne</span> <span class='ocrx_word' id='word_1_2274' title='bbox 1499 3798 1623 3827; x_wconf 89' lang='lat' dir='ltr'>subtrahe</span> <span class='ocrx_word' id='word_1_2275' title='bbox 1635 3801 1735 3843; x_wconf 76' lang='lat' dir='ltr'>nostro.</span> <span class='ocrx_word' id='word_1_2276' title='bbox 1782 3802 1838 3829; x_wconf 92' lang='lat' dir='ltr'>Cic.</span> <span class='ocrx_word' id='word_1_2277' title='bbox 1851 3803 1941 3844; x_wconf 41' lang='lat' dir='ltr'>fruta·</span> <span class='ocrx_word' id='word_1_2278' title='bbox 1951 3812 1972 3836; x_wconf 90' lang='lat'>1,</span> <span class='ocrx_word' id='word_1_2279' title='bbox 1986 3811 2017 3840; x_wconf 81' lang='lat'>73</span> <span class='ocrx_word' id='word_1_2280' title='bbox 2039 3806 2096 3833; x_wconf 88' lang='lat' dir='ltr'>Nec</span> <span class='ocrx_word' id='word_1_2281' title='bbox 2109 3816 2175 3834; x_wconf 88' lang='lat' dir='ltr'>vero</span> 
     </span>
     <span class='ocr_line' id='line_1_111' title="bbox 6 3828 2174 3878; baseline 0.008 -25"><span class='ocrx_word' id='word_1_2282' title='bbox 6 3855 13 3863; x_wconf 13' lang='grc' dir='ltr'>Ἴ,</span> <span class='ocrx_word' id='word_1_2283' title='bbox 63 3840 65 3843; x_wconf 86' lang='grc'><em>·</em></span> <span class='ocrx_word' id='word_1_2284' title='bbox 79 3839 151 3865; x_wconf 98' lang='lat'>5</span> <span class='ocrx_word' id='word_1_2285' title='bbox 169 3846 181 3860; x_wconf 91' lang='lat'>,</span> <span class='ocrx_word' id='word_1_2286' title='bbox 199 3837 247 3864; x_wconf 80' lang='lat' dir='ltr'>qui</span> <span class='ocrx_word' id='word_1_2287' title='bbox 265 3828 302 3855; x_wconf 85' lang='lat' dir='ltr'>est</span> <span class='ocrx_word' id='word_1_2288' title='bbox 315 3836 428 3863; x_wconf 79' lang='lat' dir='ltr'>pauper,</span> <span class='ocrx_word' id='word_1_2289' title='bbox 448 3830 610 3864; x_wconf 79' lang='lat' dir='ltr'>aspernatur.</span> <span class='ocrx_word' id='word_1_2290' title='bbox 1126 3836 1158 3864; x_wconf 84' lang='lat' dir='ltr'>de</span> <span class='ocrx_word' id='word_1_2291' title='bbox 1171 3837 1223 3864; x_wconf 89' lang='lat' dir='ltr'>hoc</span> <span class='ocrx_word' id='word_1_2292' title='bbox 1237 3838 1377 3872; x_wconf 80' lang='lat' dir='ltr'>quisquam</span> <span class='ocrx_word' id='word_1_2293' title='bbox 1389 3835 1513 3862; x_wconf 85' lang='lat' dir='ltr'>dubitare</span> <span class='ocrx_word' id='word_1_2294' title='bbox 1526 3837 1624 3870; x_wconf 74' lang='lat' dir='ltr'>posset,</span> <span class='ocrx_word' id='word_1_2295' title='bbox 1642 3837 1692 3864; x_wconf 86' lang='lat' dir='ltr'>nifi</span> <span class='ocrx_word' id='word_1_2296' title='bbox 1706 3838 1778 3865; x_wconf 75' lang='lat' dir='ltr'>idem</span> <span class='ocrx_word' id='word_1_2297' title='bbox 1792 3838 1870 3865; x_wconf 86' lang='lat' dir='ltr'>nobis</span> <span class='ocrx_word' id='word_1_2298' title='bbox 1889 3839 2036 3874; x_wconf 84' lang='lat' dir='ltr'>accideret,</span> <span class='ocrx_word' id='word_1_2299' title='bbox 2063 3842 2174 3878; x_wconf 82' lang='lat' dir='ltr'>diligen-</span> 
     </span>
    </p>
   </div>
   <div class='ocr_carea' id='block_1_20' title="bbox 0 3864 2175 3979">
    <p class='ocr_par' dir='ltr' id='par_1_65' title="bbox 0 3864 2175 3979">
     <span class='ocr_line' id='line_1_112' title="bbox 10 3864 2175 3912; baseline 0.008 -23"><span class='ocrx_word' id='word_1_2300' title='bbox 10 3887 14 3899; x_wconf 44' lang='lat'><strong>(</strong></span> <span class='ocrx_word' id='word_1_2301' title='bbox 48 3880 55 3901; x_wconf 71' lang='lat'>1</span> <span class='ocrx_word' id='word_1_2302' title='bbox 67 3883 69 3886; x_wconf 38' lang='lat'><strong>⁴</strong></span> <span class='ocrx_word' id='word_1_2303' title='bbox 105 3868 249 3904; x_wconf 48' lang='lat' dir='ltr'>POERNA</span> <span class='ocrx_word' id='word_1_2304' title='bbox 258 3871 312 3904; x_wconf 54' lang='lat' dir='ltr'>ris.</span> <span class='ocrx_word' id='word_1_2305' title='bbox 348 3864 442 3892; x_wconf 75' lang='lat' dir='ltr'>Panic.</span> <span class='ocrx_word' id='word_1_2306' title='bbox 478 3865 536 3892; x_wconf 87' lang='lat' dir='ltr'>Cic.</span> <span class='ocrx_word' id='word_1_2307' title='bbox 542 3866 564 3892; x_wconf 66' lang='lat'>1⁷</span> <span class='ocrx_word' id='word_1_2308' title='bbox 566 3874 618 3906; x_wconf 75' lang='lat' dir='ltr'>am.</span> <span class='ocrx_word' id='word_1_2309' title='bbox 635 3873 668 3899; x_wconf 83' lang='grc' dir='ltr'>ις,</span> <span class='ocrx_word' id='word_1_2310' title='bbox 683 3874 712 3892; x_wconf 90' lang='grc' dir='ltr'>ιο</span> <span class='ocrx_word' id='word_1_2311' title='bbox 732 3865 798 3893; x_wconf 88' lang='grc' dir='ltr'><strong>Νοιι</strong></span> <span class='ocrx_word' id='word_1_2312' title='bbox 809 3866 962 3901; x_wconf 84' lang='lat' dir='ltr'>aspernante</span> <span class='ocrx_word' id='word_1_2313' title='bbox 973 3868 1071 3898; x_wconf 83' lang='lat' dir='ltr'>senatu.</span> <span class='ocrx_word' id='word_1_2314' title='bbox 1124 3879 1166 3900; x_wconf 79' lang='lat' dir='ltr'>ter</span> <span class='ocrx_word' id='word_1_2315' title='bbox 1178 3873 1211 3900; x_wconf 89' lang='lat' dir='ltr'>de</span> <span class='ocrx_word' id='word_1_2316' title='bbox 1223 3873 1315 3900; x_wconf 87' lang='lat' dir='ltr'>animo</span> <span class='ocrx_word' id='word_1_2317' title='bbox 1328 3870 1520 3907; x_wconf 83' lang='lat' dir='ltr'>cogitantibus,</span> <span class='ocrx_word' id='word_1_2318' title='bbox 1541 3872 1614 3908; x_wconf 86' lang='lat' dir='ltr'>quod</span> <span class='ocrx_word' id='word_1_2319' title='bbox 1626 3873 1660 3900; x_wconf 87' lang='lat' dir='ltr'>iis</span> <span class='ocrx_word' id='word_1_2320' title='bbox 1673 3874 1748 3909; x_wconf 87' lang='lat' dir='ltr'>saepe</span> <span class='ocrx_word' id='word_1_2321' title='bbox 1760 3874 1806 3900; x_wconf 91' lang='lat' dir='ltr'>vsu</span> <span class='ocrx_word' id='word_1_2322' title='bbox 1827 3873 1917 3907; x_wconf 87' lang='lat' dir='ltr'>venit,</span> <span class='ocrx_word' id='word_1_2323' title='bbox 1935 3876 1984 3910; x_wconf 91' lang='lat' dir='ltr'>qui</span> <span class='ocrx_word' id='word_1_2324' title='bbox 2006 3886 2088 3912; x_wconf 89' lang='lat' dir='ltr'>quum</span> <span class='ocrx_word' id='word_1_2325' title='bbox 2109 3879 2175 3905; x_wconf 81' lang='lat' dir='ltr'>acri-</span> 
     </span>
     <span class='ocr_line' id='line_1_113' title="bbox 0 3896 2174 3979; baseline 0.008 -54"><span class='ocrx_word' id='word_1_2326' title='bbox 0 3920 2 3924; x_wconf 97' lang='grc'>.</span> <span class='ocrx_word' id='word_1_2327' title='bbox 28 3924 30 3926; x_wconf 78' lang='grc'><strong>,</strong></span> <span class='ocrx_word' id='word_1_2328' title='bbox 63 3908 65 3917; x_wconf 80' lang='lat'>=</span> <span class='ocrx_word' id='word_1_2329' title='bbox 84 3896 1166 3963; x_wconf 15' lang='lat' dir='ltr'>&gt;Quoql1-1eiqlibetregemaspernantibuslust.39,1,;.Add.1dem13,6,4.105ter</span> <span class='ocrx_word' id='word_1_2330' title='bbox 1180 3909 1264 3937; x_wconf 82' lang='lat' dir='ltr'>oculis</span> <span class='ocrx_word' id='word_1_2331' title='bbox 1276 3908 1444 3936; x_wconf 82' lang='lat' dir='ltr'>deficientem</span> <span class='ocrx_word' id='word_1_2332' title='bbox 1459 3906 1551 3979; x_wconf 44' lang='lat'>{0151}</span> <span class='ocrx_word' id='word_1_2333' title='bbox 1561 3908 1746 3943; x_wconf 82' lang='lat' dir='ltr'>intuerentur,</span> <span class='ocrx_word' id='word_1_2334' title='bbox 1767 3915 1796 3937; x_wconf 90' lang='lat' dir='ltr'>vt</span> <span class='ocrx_word' id='word_1_2335' title='bbox 1815 3909 1949 3945; x_wconf 66' lang='lat' dir='ltr'>aspectum</span> <span class='ocrx_word' id='word_1_2336' title='bbox 1967 3914 2174 3976; x_wconf 53' lang='lat' dir='ltr'>omninotgirneiriltt-</span> 
     </span>
     <span class='ocr_line' id='line_1_114' title="bbox 61 3952 2174 3979; baseline 0.019 -20"><span class='ocrx_word' id='word_1_2337' title='bbox 61 3952 63 3959; x_wconf 65' lang='grc' dir='ltr'>ι</span> <span class='ocrx_word' id='word_1_2338' title='bbox 110 3956 114 3959; x_wconf 72' lang='lat'><em>-</em></span> <span class='ocrx_word' id='word_1_2339' title='bbox 215 3954 223 3962; x_wconf 73' lang='grc'>1</span> <span class='ocrx_word' id='word_1_2340' title='bbox 263 3955 272 3964; x_wconf 72' lang='lat'>0</span> <span class='ocrx_word' id='word_1_2341' title='bbox 2166 3967 2174 3979; x_wconf 64' lang='grc'><strong><em>,</em></strong></span> 
     </span>
    </p>
   </div>
  </div>
 </body>
</html>
