2474 4182
413 117 695 160 CDE

31 219 162 252 incipiunt.
216 213 276 239 stat.
290 210 381 238 Theb.
398 212 436 242 16,
450 214 500 242 408
519 209 589 234 Haec
609 213 709 241 pugnae
722 204 816 230 facies:
837 206 932 232 co‘e'unt
948 205 999 232 line
1013 214 1069 233 nio.

20 258 60 280 lre
93 251 144 278 sine
159 254 221 275 arte.
275 247 388 281 Agmina
401 248 497 272 cocunt
517 243 602 269 Valer.
619 242 717 274 Argon.
732 245 756 271 8,
770 249 828 272 430.
880 241 956 268 [tates
973 244 1070 268 <opum

20 272 103 316 iidssm
117 287 212 319 Argon.
226 288 250 315 8,
264 288 322 316 284.
394 283 497 308 Coeunt
511 280 538 305 in
555 277 652 312 praelia
685 275 723 302 Id.
739 278 836 310 Argon.
855 285 877 309 ς,
892 280 945 309 635,
1019 278 1069 303 pso

20 316 109 350 {niuea
125 320 212 346 coiere
232 319 260 344 in
279 327 378 344 cornua
397 325 473 344 vacca
503 313 606 342 Nemes.
622 310 729 351 sicel-¹4,
744 321 782 346 34.
807 312 835 337 de
848 316 938 339 gam-is.
1011 314 1070 339 Mu-

20 351 125 392 {tuaque
137 355 232 382 armati
244 356 340 381 co'e'unt
354 355 380 379 in
392 352 499 379 vulnera
515 350 608 376 fratres
630 348 721 373 Manil.
733 357 760 380 4,
774 353 810 379 83.
876 349 973 374 Lucan.
988 357 1010 381 2,
1023 357 1052 374 22

31 393 197 426 Multumque
211 390 299 417 coitur
334 387 449 416 Humani
464 385 564 421 generis
580 384 682 422 maiore
701 384 728 409 in
742 384 840 417 praelia
853 383 958 410 damno.
1015 381 1035 420 fi
1055 391 1068 416 5

29 431 67 457 De
85 428 189 454 Venereo
202 424 341 463 congnflie:
377 424 479 457 [βινᾶγ,
504 419 598 457 dorda-J]
635 419 699 445 Plin.
723 428 760 451 10,
780 428 806 451 53
837 419 973 452 Qiaedani
994 419 1067 445 ouini

29 457 148 497 tempore
160 465 270 493 coeunt,
290 455 318 487 111
331 459 449 495 gallinae.
520 455 626 481 Colum.
640 457 665 486 6,
680 464 723 489 27,
738 464 749 487 3
770 455 797 481 tle
812 456 895 490 Equis,
904 456 976 482 Tam
990 455 1067 480 femi-

29 500 69 526 nis
82 507 161 533 quam
177 496 329 524 admissariis
345 490 548 521 desiderantibus
568 491 682 517 coeundi
697 491 741 516 fiat
756 490 873 525 potestas.
929 492 960 517 Et
972 499 990 523 4
1012 490 1068 516 Fla-

29 541 104 570 grent
137 533 231 561 ardore
263 530 374 564 coeiindi
398 527 520 554 feminae.
595 528 625 553 Et
648 535 675 552 10
708 527 907 560 Nonnunquam
940 525 1068 560 ignobilis

12 558 136 688 §quoque
161 568 274 603 vulgaris
299 565 383 602 astllus
404 563 477 589 elicit
501 572 572 598 cquae
593 561 721 599 gencrqfizc
749 562 918 597 cupiditatem
945 561 1068 588 coeundi.

34 135 104 181 985

30 605 110 633 Ouid,
125 605 189 632 Fast,
203 613 224 637 3,
241 612 280 635 193
314 602 380 627 Cum
396 608 457 633 parc
475 607 594 633 quaeque
613 599 658 624 suo
672 600 767 624 cocunt
791 598 972 660 volucresquled
984 597 1068 659 fel-riae-

976 653 982 660 .
1030 642 1067 659 er.

14 673 57 759 54,
70 684 114 708 129
134 676 191 703 Nec
204 671 402 709 quiapriuigno
419 672 509 697 videar
523 671 625 696 coitura
641 678 772 702 nouerca,
789 669 954 709 Terruerint
967 669 1069 696 animos

28 712 136 739 nomina
157 719 220 738 vana
233 715 297 735 tuos.
369 707 449 733 Ouid.
466 707 528 732 Met.
544 715 581 738 10,
596 715 645 739 394
675 707 831 740 Coeiintque
850 705 973 731 animalia
993 705 1070 731 nullo

12 735 139 775 ieaetera
156 745 264 773 delee'tu.
337 742 410 769 Ideni
424 744 487 769 Met.
507 751 532 774 9,
546 750 594 776 732.
629 741 689 767 Vrit
708 750 771 767 oues
785 741 866 766 ar-ics:
894 741 1012 775 sequitur
1026 742 1070 767 sua

15 764 24 857 1

22 650 98 676 ,que,
129 642 215 675 Atque
234 639 364 672 aliquam,
391 635 423 661 de
443 644 492 669 qua
513 640 646 669 procreet,
674 635 766 668 anguis
787 633 872 660 habet.

14 775 127 810 Ἰ1121111112
141 789 255 813 ceruum.
291 778 332 805 Sic
346 784 371 805 et
384 788 445 805 aues
458 780 563 805 co'euut.

14 824 17 828 ⁴
29 819 76 845 dio

636 778 665 803 Et
679 777 710 802 de
725 778 786 802 Arte
801 777 858 802 Am.
874 785 895 808 2,
909 779 952 808 615
973 778 1003 802 ln
1017 785 1069 802 me.

85 838 93 851 ,
119 818 255 853 passiinque
274 814 328 840 coit
349 824 439 849 peeus;
472 814 522 840 hoc
541 822 648 848 quoque
666 812 724 838 viso
763 812 866 838 Auertit
886 812 973 838 vultus
995 813 1069 847 saepe

14 854 191 889 (puella—suos.
261 851 336 876 Curt.
350 859 372 883 5,
389 859 408 883 i,
421 858 452 884 37
485 850 611 880 Liberos,
639 849 817 881 coniugesque
838 855 897 874 cum
920 847 1068 882 hospitibus

29 890 116 924 stupro
129 888 218 919 coire,
242 886 323 912 modo
333 905 339 916 ,
356 893 401 912 etc.
472 886 553 912 Toro
567 885 648 910 coire
669 883 749 909 Ouid.
769 883 800 909 de
814 884 878 909 Arte
892 883 950 909 Am.
973 892 994 916 1,
1009 886 1068 917 564.

40 923 169 951 ubauditur
178 921 335 958 praepositio.
382 922 485 948 Furtim
500 922 572 947 coire
589 920 662 946 Ideni
676 920 750 945 Rem.
763 920 854 944 Amor.
870 927 904 950 33.

6 982 9 988 .
26 959 152 987 Interdum
171 959 252 986 Coirc
273 957 441 992 [συνίςαθοιγ]
465 957 568 983 Verbum
582 955 738 990 criminosum
751 953 791 987 ist.
829 954 884 980 Cic.
899 963 948 988 pro
963 955 1069 981 Cluent.

4 990 12 1003 '¹
26 1003 74 1028 144
96 995 151 1029 Qui
170 993 312 1021 Tribunus
332 994 449 1019 militum
463 991 610 1027 legionibus
625 997 738 1025 quatuor
753 990 862 1025 primis,
881 991 963 1024 quiue
983 993 1069 1025 Qiae-

5 1033 13 1090 ξ
26 1031 93 1064 stor,
110 1030 193 1057 Trib.
209 1029 292 1056 Plebis
305 1033 342 1061 (et
356 1029 477 1063 deinceps
491 1036 581 1055 onmes
596 1026 759 1060 magistratus
773 1030 973 1058 enumerantur)
988 1027 1068 1061 quiue

8 1091 10 1093 ,
27 1067 53 1093 ’11
66 1067 160 1093 Senatu
175 1066 328 1093 sententiam
345 1065 430 1097 dixit,
451 1064 562 1090 dixerit:
587 1063 633 1097 qui
647 1071 740 1089 eorum
755 1063 824 1093 coit,
845 1062 957 1094 coierit,
974 1071 1068 1088 conue-

16 1103 80 1135 mit,
101 1102 273 1133 conuenerit,
290 1110 344 1135 quo
358 1101 417 1135 quis
432 1099 534 1126 iudicio
549 1098 655 1133 publico
669 1097 904 1129 condemnaretur,
920 1104 966 1123 etc.
1002 1097 1068 1124 Plin.

26 1138 104 1174 Epist.
121 1145 144 1171 5,
159 1147 188 1171 ¹4
216 1137 348 1164 Recitauit
366 1136 486 1162 libellum
507 1135 631 1161 disertum
651 1140 675 1160 et
694 1131 818 1168 grauem,
839 1142 893 1168 quo
914 1133 1019 1167 questus
1033 1133 1069 1159 est

44 1174 118 1200 enit-e
137 1173 336 1203 aduocationes,
370 1171 462 1198 venii-e
483 1171 562 1197 etiam
583 1170 837 1205 praeuaricationes,
864 1169 892 1194 in
914 1168 973 1195 lites
993 1169 1069 1201 coiri,

1013 1206 1069 1232 Cic.

27 1217 51 1236 et
65 1209 166 1244 gloriae
183 1210 241 1236 loco
255 1208 318 1243 poni
332 1216 363 1233 ex
378 1207 467 1242 spoliis
482 1207 582 1233 ciuium
603 1214 711 1240 magnos
724 1212 749 1232 ct
764 1206 840 1232 statos
854 1203 964 1231 reditus.

42 1288 103 1308 ntur
118 1281 167 1307 hoc
189 1281 248 1307 iure
260 1279 380 1311 firmato,
401 1288 467 1314 quae
488 1281 581 1305 coeant
602 1277 634 1304 de
648 1277 787 1304 hominum
807 1276 1070 1310 lociiplctiffiniorum

21 1317 119 1349 bonis,
140 1316 233 1351 pracda
248 1316 399 1350 praesertim
416 1315 537 1350 populari
550 1320 575 1340 et
594 1315 637 1348 spe
654 1313 803 1347 largitionis
817 1311 913 1338 oblata.

65 1360 108 1380 co
119 1360 126 1379 l
136 1359 220 1385 ENs,
237 1351 316 1377 untis.
353 1352 420 1377 Part.
457 1349 646 1384 [συςενώμενος]
683 1349 728 1375 Sil.
743 1357 763 1380 1,
778 1357 807 1380 52
833 1348 931 1382 Teque
944 1348 1006 1374 vadi
1021 1348 1067 1374 dn-

25 1389 101 1415 binm
115 1387 270 1416 coeuntibus
285 1386 378 1413 Aufide
398 1386 472 1421 ripis.
544 1386 601 1412 Sen.
617 1384 720 1411 Troad.
736 1392 781 1416 199
812 1382 841 1409 de
854 1384 941 1410 umbra
958 1384 1070 1410 Achillis

22 1422 76 1460 post
89 1427 234 1451 vaticinium
247 1422 361 1449 redeunte
373 1422 407 1449 ad
417 1422 523 1458 inferos.
560 1422 740 1455 Repetensque
754 1419 844 1445 Ditem
865 1419 964 1446 mersus
979 1420 1070 1455 ingen-

26 1468 78 1487 tem
91 1461 194 1494 specum
206 1461 317 1485 coeiinte
329 1464 398 1485 terra
412 1458 516 1489 iunxit,
536 1459 554 1482 i.
569 1457 664 1482 hiatum
678 1458 841 1492 coniungente
848 1455 876 1491 se
890 1463 960 1483 terra
973 1456 1069 1490 claustr.

52 1495 93 1520 dd.
108 1495 197 1522 Iustin.
210 1505 238 1529 4,
252 1503 272 1527 1,
288 1496 324 1521 16.

59 1537 104 1557 Co
115 1540 122 1558 1
132 1537 182 1557 Τν
192 1538 239 1557 izv
249 1538 261 1557 s
271 1550 279 1562 ,
301 1538 325 1561 a,
345 1537 399 1554 um.
438 1527 531 1554 Partic.
568 1526 651 1553 Ouid.
667 1527 732 1553 Her.
747 1535 776 1560 4,
791 1534 835 1559 129
871 1525 929 1553 Nec
941 1527 1004 1562 quia
1018 1527 1071 1562 pri-

42 1565 105 1600 igno
118 1565 209 1592 videar
221 1565 323 1591 coitura
336 1571 458 1589 nouerca.

60 1606 107 1628 CO
119 1599 228 1631 i'TVS,
246 1608 271 1632 a,
292 1609 346 1626 uin.

0 1613 48 1663 ’ff
62 1645 111 1671 pro
124 1636 210 1663 Socio.
248 1635 322 1672 Cous.
335 1634 402 1662 ibid.
419 1634 434 1660 1.
450 1643 488 1666 32.
503 1640 528 1660 et
541 1642 577 1666 33.

55 1678 72 1699 C
81 1678 117 1699 01
128 1678 143 1698 Β
152 1669 164 1698 i
174 1679 190 1698 L
198 1679 208 1698 1
217 1678 230 1698 s
239 1691 247 1704 ‚
280 1680 303 1697 e.
342 1672 369 1698 Si
380 1670 479 1696 verbum
494 1667 540 1702 est,
560 1667 691 1704 fignificat
698 1688 707 1701 ,
732 1668 798 1704 quod
809 1668 893 1704 facile
912 1672 963 1696 coit
976 1676 1000 1695 et
1012 1675 1069 1704 apte

26 1709 91 1745 'ungi
99 1705 187 1743 pottst.
240 1707 310 1733 Gell.
327 1714 365 1741 17,
384 1714 412 1738 19
442 1704 532 1732 Celeri
545 1704 688 1730 admodum
707 1710 733 1730 et
750 1703 845 1730 coibili
864 1705 1002 1737 oratione,
1021 1713 1069 1740 νᾳ-

36 1752 134 1779 umque
152 1743 199 1770 filo
212 1743 290 1769 tereti
304 1749 331 1768 et
344 1740 472 1772 candido,
491 1739 609 1766 fabulam
630 1739 730 1774 scripsit
744 1739 897 1766 Herodotus
917 1741 996 1775 super
1009 1739 1068 1767 fidi-

36 1779 80 1805 ine
98 1779 148 1805 illo
168 1778 277 1805 Arione.
334 1777 381 1805 Sed
393 1776 516 1803 Cohibili
528 1775 599 1802 hodie
612 1775 706 1808 editur,
719 1784 743 1802 υ.
757 1785 784 1802 v.

35 1814 177 1847 ncoibilis,
195 1813 304 1849 uidefito
318 1814 377 1840 Ioco.

59 1848 318 1881 comitf'riziz,
336 1847 701 1875 vid.con1ssiti'rrn..

60 1892 77 1912 C
89 1891 220 1918 01'1'10,
240 1885 308 1911 131115.
328 1884 348 1911 f.
369 1883 504 1918 [σύςασις]
524 1881 608 1909 Attus
619 1880 730 1908 coeundi.
766 1881 822 1908 Cic.
838 1882 870 1908 de
884 1882 976 1917 Arusp.
991 1882 1067 1917 Resp.

36 1929 49 1954 5
68 1922 246 1948 Veruntamen
259 1920 397 1947 nocturnis
412 1919 514 1954 vigiliis
528 1924 554 1944 et
566 1917 684 1943 coitione
697 1916 846 1949 hominum,
859 1917 991 1945 iustitium
1003 1919 1069 1945 illud

32 1993 153 2020 ocietatis
167 1993 194 2019 in
206 1999 342 2019 aeternum
355 1991 439 2018 coitio
454 1990 498 2016 est.
570 1989 678 2021 Coitio,
704 1995 752 2024 pro
765 1987 863 2016 aHione
876 2000 970 2016 arcana
991 1998 1015 2016 et
1021 1991 1069 2027 fa-

33 2027 72 2055 iio
85 2039 109 2055 a.
145 2027 322 2058 Dubitabitis,
343 2027 408 2061 quin
421 2026 505 2052 coitio
517 2024 586 2053 fa&a
600 2024 630 2051 fit
649 2025 705 2051 Cic.
714 2033 763 2059 pro
779 2025 863 2052 Plane.
880 2035 901 2052 c.
915 2035 956 2052 22.
994 2026 1067 2053 Idem

0 2068 2 2088 :
25 2065 61 2098 Q
92 2069 141 2091 rat.
154 2072 178 2096 3,
193 2072 203 2090 i
251 2062 305 2089 uod
318 2059 428 2094 scribis,
454 2067 480 2088 te
495 2061 591 2088 audifl'c
610 2061 639 2087 in
658 2060 860 2088 candidatorum
880 2062 1069 2089 Consularium

0 2109 2 2115 ·
26 2099 140 2126 :eitione
159 2108 202 2125 me
215 2099 376 2129 interfuisse,
404 2098 431 2124 id
446 2097 539 2124 falsum
554 2096 598 2122 est.
653 2096 791 2122 Eiusmodi
804 2098 876 2123 enim
891 2098 1026 2131 pactiones
1041 2099 1070 2124 in

26 2171 144 2197 intercise
159 2170 296 2197 debuerit:
317 2176 342 2196 et
355 2168 429 2195 simul
443 2168 510 2194 mihi
525 2166 744 2193 committendum
759 2175 813 2192 non
826 2167 893 2197 fuit,
914 2172 943 2193 vt
956 2166 997 2193 his
1011 2168 1066 2193 coi-

32 2206 139 2232 ionibus
157 2206 321 2237 interessem,
353 2204 449 2238 quibus
470 2202 573 2230 Meffala
592 2201 788 2229 excluderetur.
862 2204 893 2229 Et
911 2202 973 2229 Liu.
992 2211 1016 2236 3,
1034 2205 1066 2237 65

0 2246 3 2260 ³
27 2241 110 2274 Quum
121 2249 168 2276 per
179 2240 308 2267 coitiones
322 2240 503 2274 potentiorum
526 2238 626 2264 iniuria
638 2237 722 2264 fieret.
778 2238 851 2273 Cous.
865 2238 938 2264 Idem
952 2247 975 2271 3,
990 2246 1027 2272 35.
1042 2246 1066 2266 ει

0 2285 9 2381 t}
27 2284 47 2310 4,
63 2283 97 2309 13.
126 2275 184 2303 Vid.
204 2277 287 2312 Sigon.
309 2283 333 2302 et
346 2277 453 2302 Grouou.
524 2273 589 2300 Vidi
598 2280 627 2300 te
640 2282 746 2308 quoque
766 2274 912 2300 coitionem
926 2275 1066 2302 aduersum

27 2428 54 2453 19
73 2421 143 2452 (62)
178 2419 207 2446 de
225 2421 324 2446 camelis
337 2419 461 2454 feminis,
489 2417 528 2444 Ad
543 2417 642 2444 belluni
663 2417 779 2444 feminae
801 2424 1005 2452 praeparantur,
1025 2426 1065 2443 in-

27 2461 181 2491 reniumque
200 2455 252 2488 est,
279 2461 308 2482 vt
326 2454 483 2482 desiderium
504 2454 541 2480 eis
560 2453 687 2480 coitionis
710 2453 823 2488 quadam
846 2452 1002 2478 castratione
1022 2461 1065 2479 ex-

27 2492 155 2518 bearetur.
644 2490 646 2494 ⁴

0 2531 1 2554 1
57 2524 221 2559 coi'rvs‚
244 2525 283 2554 sis.
308 2535 343 2553 m.
374 2527 506 2560 [ωηο-ἴοι,
525 2523 655 2557 συνάφεια,
671 2522 752 2562 μίξις,
772 2521 866 2555 ὅχάα]
908 2521 1064 2558 Vfitatiffime

27 2562 47 2588 ie
72 2563 163 2590 Venere
182 2562 287 2589 dicitur.
355 2561 423 2587 Plin.
443 2570 482 2594 10,
494 2569 520 2593 52
550 2560 644 2586 Coitus
656 2556 751 2583 auibus
771 2557 875 2585 duobus
894 2557 996 2592 modis,
1017 2566 1062 2586 etc.

0 2618 2 2622 .
49 2597 173 2626 onstrifer
192 2597 277 2624 coitus
301 2597 363 2632 Stat.
375 2595 467 2622 Theb.
487 2604 525 2628 10,
538 2604 599 2630 790.
672 2593 790 2620 Nefandi
809 2594 895 2620 coitus
919 2595 977 2621 Seu.
997 2595 1063 2630 Hip-

37 2633 72 2660 ol.
88 2635 143 2660 160.
212 2633 306 2659 Coitus
327 2631 476 2665 appetentia
495 2630 585 2664 pecori
604 2634 633 2656 vt
645 2635 786 2655 moueatur
809 2630 914 2656 Colum.
929 2632 955 2663 6,
977 2639 1022 2664 24,
1039 2640 1062 2664 3.

47 2668 62 2694 d
83 2668 168 2698 coitus
180 2667 340 2694 feminarum
360 2671 519 2692 reuocantur
539 2665 610 2692 tauri
640 2665 712 2692 Idem
726 2666 752 2698 6,
768 2674 805 2698 23,
819 2674 839 2698 3.

50 2704 195 2738 ippocrates
214 2709 300 2729 autem
316 2702 409 2729 diuina
422 2701 465 2728 vir
484 2701 591 2728 scientia
606 2700 637 2728 de
656 2701 729 2728 coitu
744 2701 862 2728 Venerio
882 2701 919 2728 ita
931 2702 1064 2730 existima-

40 2745 80 2765 at:
108 2744 208 2773 partem
221 2739 270 2765 else
281 2737 412 2773 quandam
426 2737 515 2764 morbi
529 2737 675 2770 teterrimi,
700 2746 781 2772 quem
801 2737 884 2764 nostri
896 2738 1063 2774 comitialem

41 2775 119 2801 'xcre.
141 2783 254 2809 namque
269 2773 346 2809 ipsius
360 2773 442 2800 verba
454 2773 516 2800 haec
531 2773 685 2806 traduntur,
712 2773 754 2803 τὴν
769 2775 876 2799 σννεσίαν
896 2775 954 2800 εἰναι
971 2774 1062 2810 μικροὶ,

733 2809 800 2836 Cels.
814 2818 838 2842 5,
853 2814 878 2840 18
896 2810 983 2837 Potest
995 2820 1062 2838 vero

27 2357 42 2374 1.
57 2356 116 2381 313.«
177 2349 226 2375 Pro
238 2355 326 2384 pugna
339 2347 408 2373 Ter.
428 2346 535 2373 Phorm.
556 2355 588 2379 2,
608 2355 634 2378 1,
655 2354 685 2378 32
716 2345 797 2372 Senex
811 2345 895 2379 adest,
915 2346 978 2373 vide
999 2347 1065 2382 quid

27 2392 100 2419 ngas:
137 2384 224 2419 prima
245 2383 335 2411 coitio
355 2382 391 2408 est
407 2382 544 2409 acerrima.
617 2382 701 2408 Coitus
727 2383 857 2409 Venereus.
904 2382 988 2409 Solin.
1009 2392 1065 2422 cap.

33 2809 155 2841 κιληψίαν.
191 2810 238 2837 Sed
249 2816 330 2836 tamen
341 2813 415 2836 etiam
428 2810 457 2836 de
470 2811 530 2836 aliis
544 2810 686 2845 vsurpatur.

35 2855 50 2872 a
70 2845 226 2881 compositio
243 2846 322 2873 etiam
342 2845 375 2872 ad
388 2845 536 2880 parotidas,

34 2882 122 2908 oitum
135 2881 256 2909 humoris
274 2881 473 2908 emolliendum.
546 2880 676 2916 Q‘mffil.
696 2890 722 2914 9,
735 2890 763 2914 4,
777 2889 808 2914 59
842 2881 935 2908 Coitus
949 2883 1063 2916 Syllaba.

42 2926 86 2944 un.
141 2917 234 2944 Coitus
249 2916 354 2950 Lunae,
373 2927 427 2944 cum
439 2916 521 2944 radiis
527 2918 593 2954 ffilis
604 2919 716 2944 inuoluta
729 2917 796 2952 quast
809 2917 939 2954 delitefiit.
993 2919 1061 2946 Plin.

33 2973 42 2986 ,
54 2961 70 2986 9
87 2953 192 2980 Morata
206 2954 235 2980 in
247 2954 308 2980 solis
321 2954 394 2980 coitu
411 2953 504 2980 biduo.
559 2955 590 2980 Et
604 2962 625 2980 c.
639 2961 664 2986 13
697 2953 763 2980 Solis
782 2952 917 2980 defectum
938 2963 992 2981 non
1011 2956 1060 2983 nisi

35 2988 153 3016 ouiffima
164 2989 283 3024 primane
295 2989 355 3020 fieri
368 2989 440 3022 luna,
453 2988 527 3024 quod
539 2995 634 3016 vocant
649 2989 751 3019 coitum
760 3009 766 3016 .
793 2989 851 3016 Vid.
876 2996 920 3017 CO
928 2997 944 3017 E
953 2998 975 3018 ‘r
984 2999 1004 3018 v
1014 2999 1036 3019 s.

0 3053 13 3092 i}
47 3068 76 3086 ec
89 3059 154 3095 quia
165 3061 290 3095 priuigno
303 3061 395 3088 videar
407 3061 510 3088 coitura
521 3070 643 3088 nouerca.

0 3094 11 3120 l:
52 3102 98 3124 co
108 3102 204 3123 ΕΡῙΟ.
241 3095 391 3132 [ἐέρχαμαμ
406 3094 592 3130 ἔπιέάλλομοᾳ,
609 3096 740 3130 {viruit-oq]
767 3096 888 3130 Verbum,
905 3107 952 3134 quo
965 3106 1060 3127 ueteres

0 3122 15 3171 11
35 3132 150 3158 rebantur
158 3138 211 3167 pro·
220 3133 326 3167 Incipio.
362 3131 469 3160 Lubido
481 3133 614 3168 extemplo
627 3141 738 3166 coepere
753 3131 789 3158 est
800 3133 957 3161 conuiuium
977 3135 1060 3162 Plaut.

6 3166 16 3191 ὲ
35 3168 84 3194 ers.
101 3176 122 3201 1,
136 3175 158 3199 3,
170 3175 209 3202 41.
281 3167 352 3194 Idem
367 3168 437 3194 Men.
449 3175 472 3201 5,
487 3176 518 3204 57
535 3169 633 3204 Neque
646 3177 697 3203 ego
710 3167 828 3202 insanio,
847 3178 933 3204 neque
946 3180 1056 3206 pugnas,

7 3215 10 3228 ι
33 3212 101 3238 eque
114 3203 173 3230 lites
186 3202 289 3238 coepio.

57 3249 83 3266 m
103 3239 214 3274 coepiat.
286 3239 400 3266 Terent.
420 3239 495 3266 Adel.
515 3248 538 3272 3,
557 3249 580 3273 3,
599 3250 636 3274 44
656 3241 730 3266 Prius
749 3239 909 3275 olfecissem,
922 3252 1001 3278 quam
1015 3243 1060 3271 ille

35 3275 162 3310 uidquaiu
176 3280 306 3309 coeperet,
340 3275 394 3310 Quo
406 3277 434 3301 in
446 3276 498 3302 loco
510 3277 582 3302 multi
593 3278 678 3313 legunt
692 3276 813 3311 Coeperit.
854 3279 893 3304 At
906 3277 995 3314 diserte
1006 3280 1061 3307 Pri.

42 3311 95 3346 ifin.
116 3320 145 3338 10
164 3320 189 3345 p.
211 3316 261 3345 879
294 3309 379 3342 docet,
400 3310 526 3351 legentium
553 3312 701 3347 Coeperet,
727 3311 761 3338 Id
780 3312 845 3347 quod
861 3317 902 3339 exi
920 3317 942 3340 it
955 3315 1060 3352 senfin:

51 3348 183 3383 tna-iperet.
226 3345 331 3378 Festus,
350 3346 478 3380 Coepiani
491 3346 616 3375 futurum
625 3354 727 3388 tempus
742 3347 775 3374 ab
789 3356 821 3374 eo
835 3324 956 3383 quodgest
968 3351 1059 3386 Caepi.

60 3422 96 3449 fet
111 3418 243 3446 infinitaui
258 3417 333 3444 modi
347 3426 464 3452 coepere.
522 3418 569 3446 Sed
579 3418 638 3446 haec
650 3419 737 3446 deinde
752 3419 863 3455 obsoleta.
909 3423 1060 3458 Mansi'runt

35 3463 45 3480 ι
57 3453 108 3491 vsa
125 3461 223 3481 tantum
243 3455 407 3480 Praeteritum
426 3453 527 3488 Coepi,
553 3455 716 3490 Coeperam,
735 3455 900 3490 Coepiss'em‚
927 3458 1059 3494 Coepero,

58 3521 62 3524 ⁴
90 3490 144 3521 isse,
158 3491 297 3525 Coeptum.
352 3489 409 3516 Cic.
418 3489 449 3515 de
456 3489 520 3516 Nat.
533 3490 615 3516 Deor.
627 3499 676 3526 2‚7
688 3500 710 3517 c.
725 3500 743 3518 2
767 3491 886 3518 Pristinis
898 3493 986 3521 orbati
999 3504 1058 3521 mu-

67 3525 73 3531 ‘
96 3534 126 3552 us
143 3524 206 3553 haec
226 3525 310 3552 studia
329 3533 460 3552 renouare
477 3525 621 3559 coepimus.
692 3526 792 3554 Sallust.
806 3527 834 3553 in
853 3528 932 3555 Catil.
963 3529 1014 3557 Sed
1027 3539 1059 3558 ea

49 3557 54 3564 ¹
72 3561 168 3596 pestate
184 3570 294 3597 coepere
309 3562 334 3587 se
353 3561 466 3596 quisque
478 3561 565 3595 inagis
574 3561 710 3588 extollere.

46 3595 134 3627 &iest
145 3597 267 3632 coepisse:
298 3596 406 3632 superfit
420 3596 583 3627 Dimidiurm
600 3597 711 3624 rursum
724 3596 775 3624 hoc
787 3598 891 3634 incipe,
919 3606 945 3626 et
960 3600 1058 3629 efficies

43 3633 115 3659 iison.
128 3632 216 3667 Epigr.
233 3638 270 3663 82.
341 3633 438 3660 Melius
452 3632 559 3667 coepisti
572 3641 650 3666 quam
664 3631 759 3658 definis
787 3635 869 3661 Ouid.
883 3635 961 3670 Epist.
976 3645 1003 3670 9,
1020 3646 1056 3670 23.

14 3675 15 3680 ’
37 3673 136 3704 rupert.
149 3676 178 3701 4,
190 3677 223 3700 4‚·
232 3675 269 3703 74
295 3669 364 3696 Vrbi
384 3669 463 3696 festus
478 3675 549 3700 erat,
579 3667 670 3694 dixere
686 3667 777 3694 Palilia
796 3670 897 3696 Patres:
937 3672 990 3699 Hic
1005 3673 1058 3708 pri.

47 3712 77 3730 us
95 3703 183 3742 coepit
200 3703 340 3731 moenibus
359 3706 407 3732 ess‘e
426 3704 490 3731 dies.
527 3707 545 3731 i.
562 3705 594 3730 Eo
608 3703 647 3730 die
661 3705 771 3738 primum
784 3712 914 3740 coeperunt
927 3708 983 3734 aedi
1002 3712 1059 3736 cari

41 3741 120 3766 omnia.
189 3738 256 3766 Cels.
267 3740 362 3771 Praef..
383 3742 405 3768 A
424 3740 535 3767 consilio
548 3746 636 3766 tamen
650 3745 803 3773 coeperunt.

52 3776 89 3808 46
103 3773 165 3801 Rite
177 3775 298 3809 coepturi
310 3775 343 3803 ab
349 3777 471 3804 Homero
485 3776 618 3802 videmur.
689 3775 788 3801 Ennius
801 3776 868 3810 apud
879 3778 936 3805 Cic.
952 3778 985 3806 dc
992 3780 1059 3808 Fato

34 3817 47 3842 5
58 3819 81 3836 c.
95 3817 121 3843 15
140 3809 219 3837 Neue
231 3810 293 3837 inde
303 3812 379 3838 nauis
391 3811 554 3839 inchoandae
568 3811 710 3838 exordium
744 3811 884 3846 Coepiss'et.
939 3815 1058 3844 Martial.

31 3853 52 3877 i,
67 3852 110 3878 103
133 3845 284 3872 Portentum
297 3846 348 3878 est,
367 3848 472 3883 quoties
486 3849 575 3883 coepit
588 3847 677 3882 imago
691 3847 776 3881 loqui.
848 3848 951 3883 Lingua
970 3851 1059 3886 coepit

9 3883 11 3890 '
31 3881 65 3907 fl‘e
77 3880 228 3916 inquaestu
246 3882 377 3915 (Quintiis.
397 3892 540 3918 iprooem.
556 3893 590 3916 13.
660 3882 762 3910 Odium
775 3883 864 3917 coepit
877 3883 978 3918 glandis
1003 3887 1056 3915 Lu·-

30 3921 78 3944 ret.
93 3923 118 3951 5,
130 3923 195 3951 1415.
208 3924 211 3926 ·
231 3917 369 3980 Obilidium
384 3920 471 3955 coepit
484 3920 576 3947 Tacit.
590 3920 657 3946 Ann.
671 3928 700 3953 4,
712 3927 757 3953 49.
794 3918 839 3946 Sil.
853 3928 888 3953 15,
899 3929 949 3954 419

169 3958 253 3987 voi..
291 3973 298 3980 .

1090 530 1120 548 10

1094 710 1117 735 ¹2

1089 891 1122 909 20

22 1255 74 1292 pro
89 1246 177 1272 Domo
190 1254 226 1280 47
245 1243 363 1278 Collegia
377 1242 478 1270 medius
494 1242 571 1269 fidius
591 1242 782 1268 Tribunorum
801 1240 885 1276 plebis
899 1246 954 1267 tota
968 1241 1068 1276 reperi·
1092 1250 1124 1276 30

26 1291 39 1308 e

1091 1426 1120 1452 35

390 1600 439 1631 Vt,
460 1597 592 1624 Honestae
606 1598 647 1624 rei
661 1598 769 1624 societas
787 1597 857 1624 coita
877 1597 983 1632 leian.
996 1597 1013 1625 l.
1031 1605 1070 1633 57.
1083 1604 1120 1630 40

839 1777 898 1802 Eius
912 1776 1069 1812 compqfitum
1087 1784 1120 1810 45
1141 1786 1221 1811 quam
1237 1778 1297 1804 esset
1313 1785 1406 1812 coepta
1420 1777 1523 1805 deberi.

26 2144 50 2161 ea
69 2135 187 2162 coitione
205 2134 304 2167 factae,
335 2143 398 2169 quas
411 2133 498 2168 postea
516 2132 659 2159 Memmius
673 2132 812 2166 patefecit,
837 2137 866 2157 vt
883 2141 963 2158 nemo
981 2132 1067 2158 bonus
1088 2135 1117 2161 55
1137 2134 1236 2167 Georg.
1253 2141 1274 2165 1,
1288 2141 1333 2167 40.

28 2320 60 2338 ne
73 2318 100 2339 et
112 2312 326 2339 coniurationem
338 2320 431 2338 eorum
450 2319 498 2345 pro
513 2315 557 2336 tua
572 2309 700 2344 sapientia
712 2309 869 2344 suspicatum
893 2310 972 2344 Apul.
987 2311 1065 2346 Apol.
1084 2310 1119 2336 60
1136 2312 1180 2338 est.
1217 2311 1337 2337 Deficere
1351 2312 1451 2346 coeptis
1473 2312 1560 2338 Valer.
1577 2312 1677 2346 Argon.
1691 2321 1718 2345 2,
1733 2321 1791 2348 597-

1085 2489 1116 2522 65

912 2666 981 2693 Gell.
995 2675 1032 2700 19,
1046 2676 1062 2694 2
1080 2678 1116 2706 70

568 2845 706 2880 phymata,
731 2845 874 2878 strumam,
900 2854 1062 2882 omnemque
1080 2861 1112 2889 75
1132 2857 1189 2882 419.

57 3029 76 3051 c
86 3026 186 3052 οιΤιΐ
193 3032 243 3052 Rv
253 3032 266 3052 s
276 3046 285 3058 ,
304 3034 329 3058 a,
348 3034 403 3052 uni.
440 3025 533 3052 Partic.
571 3025 748 3059 [συνκσωίσων]
785 3025 867 3060 Ouid.
881 3026 960 3061 Epist.
968 3036 996 3061 4,
1013 3036 1059 3061 129
1081 3035 1113 3060 80
1130 3029 1198 3056 Geli.
1213 3038 1226 3055 2
1242 3029 1290 3056 vlt.
1304 3030 1362 3057 Nos
1375 3040 1456 3063 vero,
1476 3038 1506 3059 vt
1519 3038 1625 3065 coeptus
1640 3031 1728 3057 noster
1741 3030 1785 3057 est.

339 3204 469 3236 EcTruc.
479 3213 508 3237 2,
521 3213 541 3237 1,
553 3213 583 3237 23
605 3204 657 3232 Vbi
674 3203 743 3230 nihil
757 3203 866 3238 habeat,
880 3205 963 3234 alium
978 3217 1057 3243 quae-
1078 3216 1107 3245 35
1129 3208 1203 3243 Qid
1217 3216 1321 3245 coeptas
1336 3210 1461 3237 Thraso}

781 3563 887 3598 Incipe,
916 3564 1058 3593 dimidium
1074 3581 1107 3608 95

873 3742 1005 3776 Quinetil.
1021 3753 1058 3776 10,
1068 3750 1116 3770 100
1127 3753 1171 3778 20,
1185 3751 1207 3776 8.

1071 3932 1116 3958 105
1126 3923 1160 3951 ad
1174 3924 1260 3950 Lucis.
1273 3932 1328 3958 cap.
1341 3933 1365 3957 9.
1377 3930 1401 3952 et
1414 3923 1432 3951 l.
1445 3932 1463 3962 7
1479 3923 1502 3961 §.
1514 3932 1532 3960 7
1545 3925 1576 3952 C.
1590 3924 1622 3951 de
1635 3924 1734 3950 stimma
1748 3922 1832 3949 Trin.

1108 710 1118 717 ·
1139 709 1217 737 atque
1230 712 1306 738 agere
1320 705 1405 731 causas
1421 705 1509 739 coepit
1529 707 1585 732 Cic.
1600 706 1632 732 de
1644 707 1719 733 Orat.
1735 716 1754 740 1,
1769 716 1825 742 170.

1549 119 1816 160 COE

1245 204 1325 231 Forte
1339 205 1393 231 dies
1406 207 1518 240 priscinn
1532 209 1627 241 Tyriis
1641 210 1774 236 sollemnis
1788 209 1918 237 honorem

1246 240 1409 273 Rettulerat,
1431 252 1485 276 quo
1500 245 1614 277 primum
1629 246 1679 271 orsi
1697 247 1863 280 Carthaginis
1879 246 1945 273 altae

1246 276 1441 309 Fundamenta,
1463 287 1559 304 nouam
1573 290 1682 315 coepere
1697 282 1842 316 mapalibus
1856 282 1959 309 vrbem.

1139 307 1159 346 fl
1180 317 1193 334 2
1230 310 1355 338 Sollt'mnis
1369 317 1472 339 {uaxmli'
1487 314 1635 346 eonstrut‘ho
1657 327 1709 343 cum
1724 318 1839 353 infinito,
1859 328 1904 354 quo
1919 321 1945 344 in
1960 327 2046 354 gffnt‘re’
2059 322 2181 350 Ciceronis

2096 134 2181 184 986

1056 356 1068 380 5
1097 350 1112 377 ς
1131 348 1195 382 stant
1207 344 1269 379 fia,
1284 348 1368 381 Coepi
1382 357 1458 383 agere
1468 350 1799 386 ,cogitare,‹liligerc‚eise
1809 355 1917 387 Romae,
1925 354 2070 385 intendere,
2079 360 2182 392 nauiga.

1138 389 1177 423 re,
1192 382 1259 414 poss'e
1281 383 1400 417 ingredi,
1419 385 1524 424 sapere,
1544 386 1612 425 spen·
1627 386 1738 421 habere,
1759 389 1827 415 velle
1841 397 1887 416 etc.
1944 389 2085 417 Abundare
2097 396 2183 427 coepit

1138 417 1194 443 Cic.
1210 418 1263 444 Att.
1279 427 1299 451 i,
1315 428 1338 445 2.
1410 420 1484 460 Idem
1501 421 1622 460 11162111Δ
1637 431 1658 453 2,
1675 433 1701 449 10
1733 426 1783 451 Res
1796 434 1840 451 cos
1857 426 2029 460 iampridem,
2050 426 2113 453 fides
2134 428 2183 456 De-

1138 452 1216 478 ficere
1236 463 1321 489 nuper
1342 462 1437 490 coepit.
1510 457 1537 482 Si
1551 466 1618 490 quae
1639 459 1744 492 rapinae
1764 460 1822 486 ficri
1841 463 1976 495 coeperint
2004 462 2043 488 Id.
2059 463 2129 489 Fam.
2146 473 2184 498 14,

1140 493 1175 528 18,
1190 496 1211 528 .²'
1283 491 1338 517 Cic.
1352 500 1400 525 pro
1417 493 1445 518 C.
1462 491 1553 518 Rabir.
1577 492 1661 518 Posth.
1677 503 1688 521 s
1722 495 1800 521 Nihil
1821 502 1908 524 autem
1923 505 1978 524 erat
1991 497 2039 524 illo
2053 498 2185 532 blandius,

1139 524 1209 549 nihil
1224 524 1274 550 hoc
1289 526 1442 568 benignius:
1464 533 1491 553 vt
1505 527 1586 568 magis
1606 530 1753 562 poeniteret
1767 532 1890 565 coepiss‘e,
1924 541 2002 568 quani
2017 534 2109 561 liceret
2122 535 2185 562 defi-

1138 559 1212 585 stcre.
1286 562 1399 588 Simulat
1413 563 1539 596 progredi
1553 572 1665 597 coepero
1697 565 1769 591 Idem
1788 568 1859 594 Fam.
1880 578 1901 601 3,
1916 578 1937 601 5,
1954 578 1984 595 ii.
2056 570 2185 606 Recipere

1137 595 1162 621 se
1176 596 1263 629 coepit
1275 597 1304 622 in
1319 597 1435 632 aliquem
1452 598 1539 624 locum
1567 599 1604 625 ld.
1621 600 1692 626 ham.
1708 609 1746 633 10,
1762 609 1794 633 15.

1260 632 1264 636 .
1333 633 1337 637 .
1381 633 1385 637 .
1433 635 1441 640 .
1474 635 1477 638 .
1864 605 2030 638 Respondete
2050 607 2186 642 impuden-

1138 639 1178 657 ter
1190 639 1279 666 coepit
1307 633 1362 659 Cic.
1379 642 1407 658 in
1421 634 1499 660 Catil.
1515 643 1536 667 3,
1552 643 1578 661 12
1593 644 1614 661 c.
1631 643 1652 667 5.

1203 667 1207 672 -
1329 669 1334 673 ι
1701 672 1705 675 ¹
1728 637 1813 663 Ruere
1832 640 1919 673 coepit
1951 641 2022 667 Idem
2037 644 2090 668 Att.
2105 651 2129 677 7,
2142 652 2184 671 20.

1138 667 1240 693 Sentire
1259 677 1337 703 coepi
1355 678 1397 694 me
1414 676 1552 696 nocentem
1577 671 1625 697 efl'e
1652 669 1733 697 Ouid.
1751 674 1842 699 Amor.
1864 684 1880 705 1,
1900 683 1925 708 7,
1941 685 1978 708 59.
2052 678 2184 706 Tractare

1220 741 1223 745 ¹
1308 740 1313 745 .
1608 743 1615 748 .
1763 744 1767 748 ν
1896 712 1980 746 Coepi
1998 723 2051 739 cum
2064 715 2136 741 uerbo
2148 719 2186 741 in-

1139 739 1252 766 choatum
1281 741 1356 775 Virg.
1371 741 1470 774 Georg.
1485 749 1505 772 3,
1520 749 1564 774 237
1597 742 1703 768 Mutius
1719 751 1747 769 vt
1761 751 1789 769 in
1804 744 1893 771 medio
1913 748 1998 782 coepit
2019 759 2101 783 quum
2115 749 2186 777 albe-

1140 776 1211 801 scere
1231 783 1321 810 ponto.
1381 778 1411 802 Et
1432 784 1483 809 504
1522 777 1567 802 Sin
1588 777 1616 802 in
1644 779 1758 811 prot-essii
1789 781 1876 814 coepit
1897 783 2046 811 crudescere
2067 787 2185 814 morbus.

1139 812 1220 836 Etiam
1235 811 1366 848 alim-sere
1378 811 1496 838 abundat.
1532 812 1667 838 Pausanias
1682 822 1758 840 orare
1773 816 1860 850 coepit
1880 817 1949 851 Nep.
1959 828 1984 851 4,
1997 828 2014 852 4
2039 823 2064 847 6.
2100 824 2186 857 Coepi

1139 846 1226 872 facere
1252 849 1357 874 Petron.
1387 851 1405 874 i.
1421 848 1497 884 feci:
1534 847 1588 874 vid.
1611 848 1717 874 Erhard.
1736 850 1768 875 ad
1784 861 1804 876 c.
1826 856 1885 887 ὄρ.
1901 863 1931 887 29
1943 855 1984 889 sq.
2001 840 2058 882 si'lit.
2095 856 2207 885 Biirm.’

1138 881 1205 907 Atld.
1223 884 1310 909 Grani.
1325 883 1359 909 ad
1372 884 1429 910 Cic.
1444 885 1514 910 Fam.
1530 892 1567 916 10,
1583 886 1620 910 16.

1138 918 1213 957 loqui.
1284 919 1359 954 Virg.
1374 921 1439 946 Aen.
1454 927 1472 952 1,
1488 927 1532 952 525
1560 919 1692 946 Maximus
1711 918 1828 946 Ilioneus
1842 923 1945 955 placido
1963 926 1996 951 sic
2010 927 2115 960 11261012
2129 938 2186 956 coe—

1139 958 1186 993 pit.
1345 953 1366 992 ff
1386 964 1404 988 4
1440 956 1556 989 Coeptus
1576 956 1645 985 sum,
1668 961 1718 990 pro
1737 956 1817 990 Coepi.
1856 958 1911 983 Cic.
1931 954 1962 985 de'
1982 963 2052 989 (21:212
2067 965 2140 992 Orat,
2156 969 2187 992 26

1140 989 1313 1024 Primumque
1332 991 1413 1016 etiam
1437 991 1609 1017 monimentis
1628 997 1654 1017 et
1673 992 1757 1017 literis
1781 992 1869 1018 oratio
1892 993 1927 1019 est
1948 1004 2038 1029 coepta
2058 1001 2186 1028 mandari.

1140 1025 1226 1055 Ε1301
1259 1026 1414 1052 Hortensius
1444 1027 1528 1062 igitur
1548 1036 1631 1061 quum
1656 1026 1800 1053 admodum
1820 1028 1968 1055 adolescens
1983 1033 2056 1058 orsus
2080 1037 2139 1062 effet
2159 1037 2187 1063 in

1816 884 1836 922 Ἴ
1857 896 1869 918 3
1898 890 2008 924 Coepit,
2022 899 2070 926 pro
2090 895 2189 930 sucepit

1109 1069 1119 1077 ·
1139 1060 1201 1086 foro
1215 1060 1320 1093 dicere,
1341 1062 1462 1088 celeriter
1474 1062 1506 1088 ad
1518 1063 1633 1088 maiores
1647 1064 1734 1089 cautas
1747 1062 1871 1090 adhiberi
1884 1072 1991 1100 coc-ptus
2004 1067 2048 1093 est.
2084 1071 2114 1096 Et
2129 1072 2187 1099 Liu.

1140 1104 1175 1127 21,
1190 1101 1202 1125 8
1223 1097 1323 1123 Vineae
1344 1105 1451 1132 coeptae
1466 1098 1517 1132 agi.
1583 1100 1614 1124 Et
1626 1108 1682 1124 mox
1701 1099 1837 1133 Oppidani
1872 1116 1918 1120 -—
1954 1103 2113 1131 multimoda
2132 1114 2187 1134 arte

1140 1131 1262 1158 distineri
1281 1134 1368 1167 coepti
1388 1135 1455 1160 sunt.
1520 1133 1594 1160 Idem
1615 1143 1652 1166 21,
1673 1143 1702 1166 23
1741 1136 1877 1162 Exercitus
1895 1144 2002 1172 coeptus
2022 1139 2058 1165 est
2078 1141 2189 1169 traduci.

1141 1167 1234 1207 Nepos
1248 1176 1280 1202 13,
1294 1177 1316 1201 3,
1330 1178 1338 1195 1
1368 1169 1464 1204 Coepti
1477 1170 1535 1195 sunt
1550 1170 1646 1204 premi.
1717 1171 1817 1205 Coepta
1834 1172 1870 1197 est
1890 1172 2031 1202 desiderari
2050 1176 2190 1211 diligentia

1140 1212 1196 1229 eius
1226 1203 1264 1230 Id.
1282 1213 1316 1237 15,
1330 1213 1357 1240 7,
1374 1213 1393 1232 1.
1466 1205 1553 1231 Arinis
1570 1205 1710 1240 disceptari
1725 1214 1847 1241 coeptum
1861 1208 1897 1234 est
1928 1210 1983 1236 Cic.
2000 1212 2071 1239 Fam.
2089 1222 2118 1246 4,
2131 1223 2158 1247 4,
2174 1217 2190 1241 6

1142 1239 1210 1265 Tac.
1227 1241 1335 1267 Annia.
1350 1243 1378 1267 16
1398 1242 1565 1276 Expugnatio
1578 1249 1669 1276 coepta
1684 1250 1845 1278 patrataque.

1168 1281 1193 1315 'C
1202 1282 1221 1302 ο
1230 1283 1246 1302 E
1255 1284 1269 1302 P
1282 1283 1304 1302 T
1317 1284 1337 1303 v
1346 1284 1365 1303 R
1374 1285 1393 1303 v
1404 1285 1427 1309 s,
1446 1286 1469 1309 a,
1485 1287 1539 1304 um.
1578 1277 1733 1312 [εἰρξόμενος]
1769 1280 1837 1306 Part.
1847 1279 1896 1306 fut.
1918 1281 2050 1314 QiinCtil.
2066 1293 2103 1315 10,
2120 1293 2139 1318 i,
2153 1287 2190 1320 46

1140 1311 1202 1337 Rite
1217 1313 1337 1346 coepturi
1359 1312 1392 1340 ab
1407 1314 1528 1340 Homero
1549 1313 1680 1340 videmur.

1175 1354 1219 1384 CQ
1229 1355 1269 1374 ΕΡ
1279 1355 1300 1375 T
1311 1356 1330 1374 v
1340 1357 1369 1381 s,
1402 1357 1426 1381 a,
1459 1359 1513 1375 um.
1552 1349 1645 1375 Partic.
1680 1351 1692 1383 [
1706 1350 1860 1386 καταρχθεὶς
1873 1352 1886 1386 ]
1922 1353 1996 1388 Virg.
2012 1353 2076 1382 Aen.
2096 1365 2122 1389 2,
2144 1361 2190 1385 162

1138 1383 1234 1417 Coepti
1253 1383 1350 1410 fiducia
1364 1384 1428 1411 belli
1463 1385 1574 1411 Palladis
1587 1385 1695 1411 auxiliis
1714 1386 1814 1421 semper
1826 1388 1905 1413 stetit.
1978 1391 2121 1418 Amicitiae
2134 1402 2192 1420 coe-

1139 1425 1198 1453 ptae
1214 1427 1328 1452 perenne
1343 1420 1437 1446 foedus
1455 1420 1516 1447 Stat.
1532 1421 1596 1447 Silu.
1611 1431 1640 1454 4,
1654 1424 1681 1453 6,
1696 1429 1735 1447 22.
1791 1421 1874 1449 Amor
1888 1430 1995 1458 coeptus
2012 1427 2094 1454 Ouid.
2109 1429 2189 1463 Epist.

1142 1462 1180 1489 17,
1195 1459 1246 1487 189.
1305 1455 1431 1482 Carmina
1445 1461 1538 1490 coepta
1552 1457 1604 1483 tuis
1619 1456 1687 1482 iussis
1706 1458 1780 1491 Virg.
1794 1458 1846 1483 Ecl.
1862 1464 1885 1489 8,
1899 1467 1934 1484 12.
2005 1462 2067 1489 Dies
2082 1470 2190 1499 coeptus

1139 1490 1230 1516 Tacit.
1246 1489 1313 1517 Ann.
1328 1499 1355 1524 4,
1368 1499 1405 1524 25.
1476 1493 1587 1518 Facinus
1600 1499 1723 1526 coeptum
1736 1502 1830 1527 perage
1852 1493 1910 1519 Sen.
1926 1495 1997 1521 Med.
2012 1503 2079 1531 1014.
2136 1503 2190 1529 [ter

1140 1532 1264 1560 coeptum
1277 1535 1402 1561 peragere
1432 1527 1515 1553 Ouid.
1530 1528 1594 1553 Fast.
1613 1537 1632 1560 1,
1650 1533 1697 1557 188.
1770 1529 1870 1555 Limite
1885 1538 1979 1564 coepto
1994 1534 2102 1560 tendere
2130 1536 2192 1564 Stat.

1139 1561 1203 1588 Silii.
1218 1570 1240 1595 5,
1254 1571 1272 1593 i,
1287 1565 1340 1593 186.
1412 1563 1485 1597 Opus
1500 1570 1623 1598 coeptum
1638 1563 1765 1598 perficere
1790 1564 1872 1591 Ouid.
1886 1566 1951 1592 Fast.
1966 1576 1994 1600 4,
2009 1571 2044 1594 16.
2117 1571 2191 1599 Idem

1140 1598 1220 1633 Epist.
1236 1598 1324 1625 Sabin.
1339 1606 1360 1631 1,
1377 1606 1409 1632 54
1444 1599 1475 1625 Et
1489 1608 1612 1634 coeptum
1627 1608 1735 1626 reuocas
1750 1600 1847 1634 pallida
1861 1601 1963 1636 semper
1975 1612 2057 1638 opus,
2079 1607 2097 1632 i.
2113 1607 2191 1635 denuo

1139 1636 1241 1669 incipis.
1318 1635 1373 1661 Ora
1392 1636 1492 1669 coeptis
1511 1635 1648 1662 transitum
1668 1635 1759 1662 verbis
1778 1642 1872 1670 negant
1916 1638 1973 1664 Sen.
1994 1641 2104 1675 Hippol.
2129 1646 2189 1671 602.

1139 1667 1160 1706 ff
1181 1678 1194 1696 2
1231 1672 1385 1705 Deponentis
1397 1670 1478 1704 irfiar
1491 1672 1614 1698 timei-duni
1624 1678 1737 1705 ponitur.
1773 1672 1847 1706 Virg.
1861 1673 1926 1699 Aen.
1941 1676 1968 1707 6,
1981 1679 2030 1708 256
2053 1677 2105 1704 Sub
2118 1680 2190 1713 pedi.

1137 1704 1187 1731 bus
1202 1708 1307 1740 mugire
1318 1706 1403 1732 solum
1413 1723 1420 1737 ,
1441 1713 1466 1733 et
1480 1708 1542 1741 iuga
1558 1714 1650 1740 coepta
1664 1707 1770 1733 moueri
1784 1708 1927 1735 Siluarum.
1998 1713 2054 1738 Cic.
2069 1713 2101 1740 de
2114 1715 2189 1743 Orat.

1137 1749 1157 1772 1,
1174 1742 1217 1771 168
1238 1743 1273 1768 Vt
1288 1742 1305 1768 ss
1321 1742 1366 1768 ille
1386 1742 1517 1768 infitiator
1530 1742 1658 1777 probasset
1679 1742 1765 1768 iudici
1776 1749 1837 1770 ante
1852 1746 1961 1779 petitam
1979 1748 2027 1774 effe
2040 1751 2191 1785 pecuniam,

1691 1776 1722 1817 Ἴ
1751 1785 1763 1811 3
1803 1782 1903 1806 Neutro
1913 1791 2000 1817 genere
2012 1786 2108 1819 plurali
2113 1787 2189 1823 stirpe

1131 1811 1288 1848 ficbstantiue
1305 1821 1425 1849 ponitur,
1445 1821 1495 1848 pro
1507 1821 1612 1846 conatu,
1632 1816 1757 1847 consiliis,
1783 1819 1936 1852 negotiisque
1953 1818 2012 1845 adeo
2032 1819 2190 1859 institutas

1137 1851 1254 1883 inceptis.
1328 1849 1410 1875 Ouid.
1425 1850 1489 1876 Met.
1510 1858 1530 1881 1,
1544 1858 1556 1875 2
1593 1848 1627 1876 Di
1642 1851 1743 1884 coeptis
1767 1854 1845 1882 (nam
1859 1861 1907 1879 vos
1929 1855 2047 1882 mutastis
2067 1863 2093 1883 et
2111 1858 2189 1891 illas)

1138 1884 1258 1918 Aspirate
1270 1884 1346 1911 meis.
1420 1885 1511 1912 Audax
1525 1891 1648 1920 coeptum
1681 1886 1755 1920 Virg.
1771 1887 1868 1922 Georg.
1887 1898 1905 1921 1,
1920 1898 1965 1923 40.
2037 1892 2082 1919 Sil.
2096 1902 2128 1927 11,
2143 1903 2191 1922 202

1138 1919 1237 1946 Audita
1251 1921 1390 1955 asperitate
1403 1920 1474 1953 viri,
1493 1927 1642 1956 coeptoque
1655 1921 1750 1948 feroci.
1785 1923 1860 1957 Virg.
1875 1925 1940 1951 Aen.
1955 1934 1983 1958 4,
1991 1928 2052 1960 642.
2080 1930 2124 1958 μΑ1
2139 1936 2191 1958 tre-

1 1968 4 1972 *
27 1963 175 1992 ·0nceptum
189 1965 218 1983 ac
229 1956 387 1983 meditatum
401 1955 445 1981 est.
484 1954 588 1981 Paullus
602 1953 630 1979 in
643 1953 660 1979 l.
675 1953 757 1979 Nulla
765 1954 798 1980 D‘.
811 1963 860 1988 pro
875 1955 963 1987 socio,
984 1955 1069 1981 Nulla
1091 1966 1123 1991 50
1138 1955 1212 1997 pidet,
1234 1962 1259 1983 et
1274 1958 1374 1991 coeptis
1387 1957 1549 1983 immanibus
1564 1957 1648 1983 Effera
1662 1957 1742 1984 Dido.
1779 1958 1901 1986 Seruius:
1929 1961 2035 1989 Furiata
2049 1965 2134 1992 saeuis
2148 1975 2191 1993 co-

1139 1992 1322 2026 gitationibus.
1394 1992 1515 2027 Ingentia
1547 1992 1620 2019 Idem
1637 1994 1702 2019 Aen.
1715 2002 1742 2026 9,
1763 1996 1821 2026 296.
1899 1996 1995 2023 inuida
2017 2007 2070 2026 nox
2090 2002 2190 2036 coeptis

1139 2028 1219 2055 Ouid.
1241 2029 1304 2054 Met.
1323 2037 1350 2061 9,
1369 2033 1425 2061 485.
1481 2029 1571 2055 Socius
1594 2034 1751 2063 coeptorum
1775 2030 1865 2056 Iustin.
1886 2038 1906 2062 1,
1920 2039 1946 2066 7,
1969 2040 1988 2058 1.
2058 2036 2191 2065 Fremitus

1138 2064 1261 2097 Vanique
1273 2064 1374 2090 insania
1389 2063 1475 2098 coepti
1507 2064 1593 2090 Valer.
1608 2065 1707 2098 Argon.
1722 2073 1745 2096 2,
1759 2072 1812 2097 525.
1885 2066 1977 2094 Adesse
1994 2070 2093 2105 coeptis
2111 2073 2192 2101 alicu-

1137 2099 1178 2124 ius
1194 2099 1293 2125 dicitur
1305 2100 1375 2125 Deus
1394 2100 1476 2125 Ouid.
1492 2099 1557 2125 Fast.
1572 2102 1598 2130 6,
1613 2101 1670 2131 652.
1731 2100 1856 2128 Annuere
1869 2101 1968 2137 coeptis
1980 2104 2094 2134 alicuius
2114 2110 2182 2145 Virg

1405 2134 1529 2168 Aspirare
1543 2134 1642 2168 coeptis
1656 2134 1769 2162 alicuius
1804 2137 1884 2164 Ouid.
1900 2139 1964 2166 Met.
1987 2149 2005 2171 1,
2019 2150 2042 2168 2.
2115 2131 2191 2173 Ideni

1136 2169 1200 2195 Met.
1217 2177 1243 2202 9,
1259 2171 1304 2202 615
1339 2169 1486 2202 Vincetur,
1507 2170 1664 2205 repetendus
1677 2171 1744 2205 erit,
1762 2180 1795 2198 rie
1809 2173 1916 2200 Taedia
1930 2177 2018 2210 coepti
2061 2177 2121 2206 Vlla
2135 2183 2190 2209 mei

1135 2205 1254 2239 capiam,
1272 2204 1336 2231 dum
1351 2205 1459 2239 spiritus
1475 2205 1522 2232 iste
1536 2206 1663 2233 manebit.
1736 2207 1807 2233 Bene
1820 2216 1913 2243 coepta
1923 2211 1990 2237 male
2004 2212 2099 2241 cedunt
2120 2217 2188 2245 Vell.

1136 2249 1160 2272 2,
1177 2249 1214 2274 14.
1271 2240 1334 2268 Stat.
1350 2241 1442 2268 Theb.
1459 2251 1498 2273 10,
1511 2249 1560 2276 237
1580 2241 1638 2268 Nec
1651 2241 1720 2268 deest
1733 2244 1849 2277 coeptis,
1866 2248 1885 2271 i.
1900 2254 1948 2271 non
1961 2246 2059 2280 definit.
2095 2252 2189 2280 Contra

1135 2277 1230 2303 Manus
1244 2276 1340 2302 vltima
1354 2283 1449 2311 coepto
1464 2277 1558 2309 Defuit
1576 2277 1658 2303 Ouid.
1672 2277 1758 2303 Trist.
1772 2287 1797 2309 2,
1812 2281 1866 2312 556.
1909 2281 1966 2308 Vid.
1987 2292 2044 2310 mox
2062 2285 2187 2322 Impofita

1228 2348 1233 2351 Π
1254 2347 1261 2352 ,
1453 2347 1457 2351 Ι
1861 2315 1988 2344 Defissere
2000 2328 2096 2355 coepto
2127 2324 2185 2353 Sen.

1134 2346 1262 2373 Phoeniss.
1283 2354 1334 2378 103.
1405 2346 1486 2387 Ouid.
1506 2356 1537 2374 ex
1551 2348 1625 2374 Pont.
1647 2357 1668 2380 3,
1689 2357 1708 2379 1,
1728 2357 1770 2382 139
1796 2349 1822 2376 81
1838 2350 1903 2385 quid
1916 2360 1974 2387 aget
1987 2357 2088 2390 maius,
2108 2359 2186 2388 differ

1134 2388 1180 2408 tua
1194 2387 1295 2417 coepta.
1367 2382 1481 2418 Exsequi
1502 2383 1559 2410 Sen.
1575 2383 1685 2418 Hippoi.
1701 2387 1757 2417 596.
1831 2387 1913 2414 Ouid.
1929 2390 1993 2416 Met.
2004 2400 2021 2423 9
2044 2395 2087 2424 618
2113 2394 2186 2424 Nam

1135 2417 1252 2452 primum
1278 2416 1315 2450 (fi
1329 2417 1399 2444 faeta
1413 2418 1481 2445 mihi
1495 2428 1623 2446 reuocare
1637 2420 1654 2446 l'
1675 2424 1749 2452 eret)
1784 2421 1849 2448 Non
1868 2425 1977 2459 coepiffe
1996 2412 2064 2455 fu'it:
2093 2438 2186 2466 coepta

1134 2462 1301 2488 expugnare,
1321 2454 1465 2481 secundum
1480 2455 1524 2481 est.
1581 2429 1681 2482 Fauen
1695 2457 1794 2491 coeptis
1826 2459 1883 2485 Sen-
1898 2461 2008 2496 Hippol.
2024 2472 2080 2497 4¹2·
2132 2469 2185 2495 Im-

1132 2489 1214 2523 posita
1234 2490 1270 2516 est
1288 2498 1380 2516 manus
1402 2491 1496 2517 vltima
1517 2498 1611 2526 coepto
1648 2492 1730 2518 Ouid.
1750 2494 1815 2520 Met.
1838 2500 1861 2527 8,
1875 2504 1935 2522 200.
1966 2498 2019 2525 vid.
2028 2501 2115 2535 paullo
2128 2512 2186 2531 anu

1133 2525 1236 2552 Defuit.
1307 2526 1351 2552 Ire
1363 2527 1513 2555 ministrum
1529 2527 1598 2554 haud
1613 2529 1717 2562 segnem
1729 2530 1845 2564 coeptis,
1872 2532 2005 2569 diligenter
2018 2543 2104 2573 coepta
2110 2545 2186 2575 pera-

1133 2571 1190 2598 gere
1205 2561 1250 2588 Sil.
1265 2568 1291 2597 7,
1306 2564 1366 2595 346.
1438 2563 1499 2590 Stat.
1516 2563 1607 2590 Theb.
1631 2572 1668 2597 12,
1681 2567 1731 2598 642

1289 2597 1441 2625 Terrarum
1454 2599 1537 2634 leges,
1557 2606 1582 2626 et
1594 2599 1688 2626 mundi
1702 2598 1811 2628 foedera
1831 2610 1938 2631 mecum

1287 2633 1434 2696 (Defensura
1447 2644 1555 2669 manus,
1573 2635 1665 2671 dig-nas
1682 2637 1806 2664 insumite
1820 2645 1922 2666 mentes

1310 2678 1342 2696 oe
1363 2676 1405 2697 tis.

1132 2705 1268 2731 Maturare
1281 2679 1388 2740 coepEa,
1406 2705 1459 2733 uid.
1467 2704 1518 2742 sub
1537 2714 1563 2734 M
1572 2713 1625 2734 AT
1634 2715 1655 2734 v
1665 2713 1684 2734 R
1693 2712 1745 2735 Vs.
1818 2708 1948 2738 Occulere
1967 2719 2075 2749 coepta,
2099 2717 2182 2745 Celare

1131 2740 1331 2781 deliberationem
1350 2742 1406 2768 Sen.
1419 2742 1532 2775 Thyest.
1545 2752 1595 2776 333.
1633 2743 1703 2771 Suet.
1719 2744 1822 2772 Neron.
1838 2756 1859 2773 c.
1873 2755 1907 2780 34
1924 2749 2068 2784 Reliquum
2081 2757 2181 2788 tempo-

1131 2786 1168 2803 ris
1188 2786 1248 2803 cuin
1262 2786 1355 2812 magna
1368 2778 1546 2813 trepidatione
1566 2779 1708 2815 vigilauit,
1735 2782 1876 2816 opperiens
1894 2790 2050 2818 coeptorum
2069 2788 2181 2816 exitum.

1131 2813 1272 2853 Pertexere
1293 2813 1372 2840 dietis
1394 2821 1532 2850 coeptum,
1553 2818 1571 2842 i.
1585 2814 1727 2849 irfiitutam
1741 2820 1876 2844 orationem
1893 2819 2017 2855 absoluere
2040 2822 2145 2852 Lucret.
2160 2834 2170 2852 1

1247 2849 1292 2875 Sil.
1307 2852 1344 2882 16,
1358 2852 1406 2883 632
1425 2851 1556 2885 Augustae
1571 2852 1715 2886 prohibent
1728 2862 1797 2879 nunc
1810 2854 1873 2881 talia
1887 2862 1978 2889 coepta
2014 2857 2064 2884 Res
2077 2845 2182 2888 Italiae:

1132 2885 1219 2925 Valer.
1227 2886 1327 2920 Argon.
1335 2895 1359 2919 3,
1374 2894 1419 2919 503
1439 2888 1540 2922 Coepta
1553 2888 1639 2914 refer:
1660 2888 1830 2923 paullunique
1845 2890 1918 2916 nefas
1934 2897 1960 2917 et
1972 2891 2082 2920 foedera
2093 2896 2178 2924 112612.

1129 2921 1204 2955 Virg.
1218 2922 1284 2948 Aen.
1299 2927 1322 2955 8,
1337 2930 1362 2955 15
1393 2923 1467 2957 Quid
1488 2923 1568 2950 struat
1589 2923 1630 2950 his
1644 2924 1752 2958 coeptis.
1833 2925 1913 2952 Ouid.
1927 2928 2047 2955 eit-Pom.
2066 2939 2089 2963 2,
2105 2939 2132 2966 7,
2147 2938 2181 2967 84

1129 2957 1230 2992 Coepta
1244 2963 1304 2984 tene
1317 2960 1429 2993 quaeso,
1449 2967 1497 2986 nec
1510 2959 1538 2986 in
1556 2968 1672 2994 aequore
1687 2960 1776 2986 desere
1787 2968 1892 2987 nauem.

1164 3000 1181 3020 0
1191 3000 1234 3020 OE
1244 3000 1258 3019 P
1269 3001 1290 3020 T
1299 3000 1319 3020 v
1328 3001 1341 3021 s
1355 3014 1364 3027 ,
1396 2993 1434 3021 ns.
1454 2994 1500 3022 'm.
1544 2994 1704 3030 [καταρχῆ]
1747 2995 1822 3022 Idem.
1858 2996 2004 3030 Laudatur,
2022 2999 2095 3037 faya
2105 3009 2179 3037 puto,

1856 3033 1955 3059 Certius
1967 3042 1978 3059 e
2024 3036 2081 3064 Cic.
2095 3038 2128 3065 de
2148 3039 2179 3062 ⁰.

1129 3064 1222 3098 nib.4‚
1231 3074 1260 3099 41
1276 3075 1297 3092 c.
1309 3074 1333 3099 15
1357 3067 1444 3101 Atque
1457 3067 1512 3102 ipsa
1527 3067 1660 3093 institutio
1680 3066 1798 3093 hominis
1807 3066 1838 3097 ,fi
1856 3032 2022 3103 loqueretsiir,
2031 3071 2095 3100 haec
2108 3039 2179 3102 dilet-

1129 3107 1183 3133 ret‚
1206 3102 1308 3136 primos
1321 3101 1380 3129 suos
1394 3103 1464 3138 quasi
1485 3108 1592 3136 coeptus
1616 3102 1755 3137 appetendi
1769 3102 1861 3135 fuiffe,
1880 3110 1910 3130 vt
1929 3105 1955 3130 se
1968 3108 2137 3138 conseruaret
2149 3111 2179 3138 in

1130 3145 1160 3164 ea
1172 3143 1279 3169 natura,
1297 3138 1326 3164 in
1339 3147 1391 3174 qua
1403 3145 1477 3166 ortus
1491 3139 1559 3165 ess'et.

1165 3179 1333 3205 COEPTO,
1357 3178 1409 3201 are,
1447 3172 1599 3210 [ἔρχομαφ]
1637 3172 1705 3200 Idem
1719 3172 1784 3209 quod
1794 3174 1913 3208 Incipere.
1935 3174 2002 3204 Ter.
2017 3179 2082 3207 Eun.
2097 3189 2119 3216 5,
2127 3189 2152 3217 7,
2167 3191 2178 3209 1

1513 3208 1618 3237 Animal
1632 3215 1735 3243 coeptat
1748 3217 1795 3241 ea,
1815 3218 1883 3244 quae
1895 3217 2004 3240 naturae
2018 3223 2077 3250 apta
2090 3218 2178 3250 sentit,

1127 3251 1251 3279 appetere
1269 3246 1325 3273 Cic.
1344 3246 1376 3272 de
1390 3247 1448 3273 Fin.
1464 3253 1476 3278 5
1496 3255 1518 3272 c.
1532 3254 1556 3279 9.
1605 3245 1661 3272 Cic.
1675 3246 1703 3271 in
1717 3245 1799 3271 Arato
1813 3253 1850 3277 131
1872 3246 1944 3274 Sicut
1959 3258 2042 3284 quum
2055 3260 2176 3287 coeptant

1128 3286 1199 3308 tutos
1219 3281 1399 3317 constringere
1419 3288 1528 3317 portus,
1570 3280 1722 3308 Obuertunt
1744 3289 1840 3307 nauem
1858 3291 1955 3318 magno
1981 3294 2040 3313 cum
2060 3289 2176 3322 pondere

1129 3323 1231 3344 nautae.
1301 3318 1406 3344 Lucret.
1422 3327 1440 3349 i,
1453 3320 1502 3348 268
1531 3318 1574 3344 Ne
1589 3325 1640 3351 qua
1653 3317 1724 3343 forte
1739 3321 1826 3344 tamen
1839 3325 1942 3353 coeptes
1954 3320 2075 3350 diffidere
2088 3324 2174 3350 dietis.

1130 3353 1210 3380 Arma
1223 3360 1347 3388 coeptare
1375 3354 1466 3380 Tacit.
1481 3354 1549 3380 Ann.
1566 3361 1603 3385 12,
1626 3360 1665 3384 32,
1681 3361 1703 3384 3.
1773 3352 1811 3379 Id.
1819 3353 1911 3382 Tacit.
1919 3357 1987 3383 Hist.
1995 3367 2020 3390 2,
2035 3367 2076 3392 41,
2091 3368 2107 3386 2
2132 3360 2175 3385 In-

65 3391 108 3418 o,
119 3382 247 3423 Coepiam
260 3381 383 3408 seditiosa
396 3381 478 3409 verba
491 3382 589 3418 loqui..
612 3385 753 3410 Inuenitur
767 3392 875 3419 quoque
892 3385 961 3420 apud
974 3388 1059 3414 maio·
1077 3401 1113 3426 90
1130 3395 1233 3415 certum
1252 3390 1315 3422 fuit,
1331 3389 1451 3420 insidias,
1466 3398 1499 3416 an
1520 3388 1717 3423 proditionem,
1738 3387 1781 3415 vel
1800 3389 1912 3424 aliquod
1930 3391 2068 3420 honestum
2095 3394 2175 3421 conli-

1131 3423 1198 3451 lium
1222 3426 1410 3460 coeptauerint.
1482 3424 1667 3451 Rebellionem
1701 3423 1794 3450 Tacit.
1811 3425 1878 3453 Ann.
1898 3436 1928 3460 3,
1946 3437 1991 3461 40,
2063 3429 2174 3456 Seditio-

1128 3469 1190 3487 nem
1206 3461 1280 3488 Idem
1295 3462 1362 3488 Ann.
1384 3470 1404 3493 1,
1423 3466 1460 3493 38.
1533 3458 1781 3493 Jntransttiueflin.
1801 3463 1843 3494 36,
1857 3471 1885 3496 25
1905 3464 1923 3490 s.
1945 3465 1981 3497 64
2016 3463 2173 3493 Lithostrata

1127 3503 1282 3531 coeptauere
1296 3497 1349 3523 iam
1362 3497 1409 3523 sub
1425 3496 1495 3523 Sulla
1509 3495 1628 3530 paruulis
1640 3501 1711 3523 certe
1725 3495 1833 3530 crustis,
1847 3505 1894 3525 etc.
1930 3499 1985 3527 Sed.
2001 3500 2081 3527 Hard.
2095 3501 2175 3528 Acce.

1126 3538 1233 3567 ptauere
1251 3543 1280 3559 ex
1293 3533 1368 3560 MSS.

1167 3574 1184 3596 c
1196 3575 1216 3596 ο
1225 3576 1242 3596 E
1252 3576 1267 3594 P
1276 3575 1298 3595 'r
1306 3576 1328 3595 A
1339 3574 1361 3593 N
1370 3575 1393 3595 s.
1423 3566 1518 3594 Partic.
1555 3565 1731 3602 [ἐρχόμενος]
1768 3567 1813 3594 Sil.
1828 3575 1866 3601 15,
1880 3569 1934 3602 696

1233 3603 1384 3631 Hasdrubal
1398 3609 1424 3631 et
1435 3607 1600 3636 coeptantem
1614 3603 1730 3630 Atabum
1743 3610 1847 3639 raptare
1861 3610 1979 3639 peremto

1235 3639 1396 3667 Gemmifcri
1411 3638 1525 3673 spolium
1543 3637 1643 3672 cultus,
1664 3648 1784 3674 auroque
1800 3639 1914 3674 rigentes

1234 3675 1364 3707 Exuuias,
1382 3674 1497 3701 iaculum
1510 3682 1525 3699 a
1538 3680 1615 3709 tergo
1629 3674 1758 3710 perlibrat
1776 3676 1808 3702 ad
1821 3676 1880 3701 oss‘a.

1128 3708 1231 3737 Altiora
1245 3716 1408 3745 coeptantem
1429 3710 1562 3737 Amniian.
1577 3713 1615 3742 16,
1629 3713 1654 3737 6.
1698 3710 1860 3744 Intranfitiue
1883 3709 1947 3736 Nox
1960 3715 2082 3745 coeptans
2098 3711 2172 3740 Ideni

1263 3745 1422 3781 Olympiade
1433 3746 1492 3772 VII.
1507 3752 1645 3781 coeptante
1665 3745 1746 3773 Solin.
1758 3756 1780 3773 c.
1794 3753 1817 3771 2.

1162 3788 1179 3809 c
1187 3788 1207 3809 ο
1215 3788 1232 3809 Ε
1240 3789 1256 3809 i>
1267 3788 1289 3808 Τ
1300 3789 1322 3808 A
1330 3789 1352 3808 'r
1361 3789 1383 3808 v
1393 3789 1405 3808 s
1415 3800 1423 3814 ,
1443 3790 1467 3814 a,
1486 3791 1541 3808 um.
1577 3783 1644 3809 Par't.
1675 3782 1766 3809 Tacit.
1780 3779 1847 3806 Hist.
1859 3788 1888 3812 4,
1902 3790 1949 3814 44,
1963 3788 1976 3806 2
1994 3781 2080 3808 Patres
2093 3781 2170 3808 libe-i·-

1125 3822 1205 3844 tatem
1219 3823 1364 3852 coeptatam
1376 3818 1497 3844 omisere.

1161 3859 1351 3880 COEPlsCO
1362 3859 1445 3886 rvs,
1466 3853 1484 3880 i.
1506 3862 1541 3881 m.
1577 3851 1654 3888 Qafi
1674 3859 1701 3878 tu
1720 3851 1840 3886 collegam
1860 3849 2013 3886 episcopatus
2031 3851 2108 3878 dicas.
2131 3850 2168 3877 Si-

1126 3888 1189 3915 don.
1198 3888 1277 3923 Epist.
1286 3898 1313 3922 4,
1322 3896 1350 3921 25
1371 3888 1489 3915 Consilio
1497 3898 1557 3916 cum
1570 3887 1731 3923 coepiscopis
1744 3886 1948 3913 communicato.
1972 3887 2045 3923 Conf.
2056 3887 2167 3912 Hieron.

1281 3961 1298 3985 6
1317 3960 1329 3987 1
2097 3952 2168 3981 coi-:⁴-
