2474 4182
57 109 120 149 281
458 86 694 131 AMA

92 189 372 217 AMADRYADES,
400 180 451 207 vid.
479 181 787 207 HAMADRYADES.
886 210 893 214 ⁶
1067 211 1082 216 ἡ

91 227 256 252 AMAFAN
266 227 274 246 ι
286 226 304 244 v
314 226 336 245 s.
358 217 518 253 Philosophus
542 214 596 241 Cic.
609 210 687 238 Acad.
707 219 727 242 1,
741 218 753 243 5
779 209 925 236 Amafinius
939 209 1015 236 Codd.
1035 210 1091 235 alu.

61 262 138 288 Etiam
149 255 261 284 occurrit
280 255 363 281 Tusc.
375 264 402 287 4,
418 256 442 279 6.
462 249 590 278 it.Faniil.
604 256 636 280 ις,
645 256 681 279 19.

92 298 220 323 AMALC
230 299 249 317 ιι
264 298 299 316 iv
310 297 349 321 M,
375 288 441 324 apud
452 288 516 314 Plin.
531 295 558 318 4,
571 293 595 316 13
610 283 628 309 s.
643 289 678 316 27
712 282 857 307 Hecataeus
877 282 992 315 appellat
1011 281 1092 307 occa-

40 346 41 352 ι
58 340 118 358 num
130 326 355 363 septentrionalem
371 334 385 351 a
400 321 563 357 Paropamiso
579 327 672 350 amne,
689 326 741 351 qua
755 317 886 349 Scythiam
904 318 998 349 alluit,
1019 314 1091 350 quod
1111 317 1124 342 5

40 377 41 395 ι
57 374 148 393 nomen
161 372 216 390 cius
229 362 312 396 gentis
330 362 419 395 lingua
433 356 555 393 fignificat
573 353 756 388 Congelatum.
827 389 831 392 -

89 408 111 428 A
119 407 143 427 M
151 406 171 426 A
181 406 195 425 L
206 406 224 425 o
234 406 250 425 c
261 406 269 424 i
280 405 301 424 A
324 394 460 431 Campanis
484 399 509 418 et
521 398 575 418 AM
584 397 605 417 A
615 397 631 416 L
640 397 659 415 v
669 396 682 415 s
691 396 713 415 ‘r
722 396 744 415 A
769 389 846 414 Dacis
865 388 954 415 Herba
974 386 1091 413 chamae-

40 446 41 475 ]
55 435 140 463 melon
160 434 237 469 Apul.
251 434 282 460 de
296 432 377 459 Hei-b.
390 439 444 464 cap.
457 436 494 460 23.

88 468 139 498 ᾸΜ
148 478 169 497 Α
178 478 194 497 1.
204 477 225 497 T
234 477 254 496 Η
265 470 280 496 1‘3
290 477 310 496 Λ
319 489 328 501 ,
347 462 526 502 [Ὰμαλᾶεἶοε]
548 460 665 496 Nympha
674 480 681 492 ,
700 463 769 485 cuias
784 460 890 495 Capella
903 458 1027 486 vberibus
1039 456 1092 482 suis

40 529 166 572 lMclill'ei
194 540 353 568 Cretenlium
373 536 441 575 regis
452 534 515 560 duas
539 533 614 558 fuiffc
634 531 712 564 filias,
732 532 894 558 Amaltheam
913 538 934 556 ct
953 529 1090 560 Mclillhm,

40 580 41 602 ἶ
54 587 120 614 quae
134 580 225 604 Iouem
244 583 350 612 puerum
363 579 469 606 caprino
482 568 549 595 laete
566 574 591 594 et
606 567 683 594 melle
696 568 827 594 aluerunt.
864 564 1090 607 sllii'Aiiialtlieaiii

40 606 130 651 lipsani
145 621 246 648 capram
251 611 354 648 faciunt
366 606 432 642 apud
443 605 541 647 Hygin.
556 605 626 646 Poet.
641 604 707 630 Astr.
722 613 749 644 2,
762 613 785 636 13
803 604 845 629 vbi
864 608 887 628 ct
899 603 1006 637 reliquae
1014 600 1092 640 jabu-

39 652 98 713 lhe-
135 650 256 676 Caeterum
271 647 364 681 Iupiter
377 651 456 669 rerum
465 648 563 676 potitus
576 639 667 666 Sidera
680 645 809 666 nutricem
825 641 956 672 (capram)
978 644 1088 662 nutricis

53 685 143 713 fertile
157 692 236 711 cornu
248 682 361 716 (copiae)
379 677 456 704 fecit:
474 676 545 711 quod
561 676 691 702 Dominae
705 674 890 707 (Amaltheae)
906 682 974 699 nuuc
982 681 1089 707 quoque
1105 673 1130 700 13

40 723 151 748 lnomen
170 718 261 749 habet,
285 717 388 742 vtcanit
405 713 486 740 Ouid.
502 712 573 739 Fast.
588 720 616 745 ς,
638 720 690 746 127,
709 712 753 737 vbi
770 717 846 737 totam
860 709 981 744 fabellam
995 709 1088 748 ‘haban

40 780 43 807 Ξ
95 766 108 783 2
128 749 587 812 Amalthea-§esaiafiielafflgteiffitgndppiat
602 746 841 810 αξιλιὲἱᾶἷὲιὶιιιιὲῐ.ιζ,
858 753 879 777 5,
893 747 927 779 67
946 744 1088 817 Qlldqffm}

39 823 43 885 j
54 791 186 857 Aiiniiillttiiga³
194 796 270 854 ἶιιῖἓι,
282 795 346 858 glirls
359 828 439 882 cei-Ze,
465 827 508 847 ailt
520 804 649 846 membrum
662 802 760 850 villae:
781 801 952 850 sbmnaliiim,
982 817 1089 848 Exedra,

40 861 211 897 ,Bibliothecffi
234 859 273 884 vel
291 859 339 884 tale
358 859 400 892 qui
419 877 425 883 .

38 902 43 929 l

52 896 204 926 Amaltheon
218 900 289 920 vocat
304 902 323 925 1,
339 896 365 919 16
384 900 407 918 ct
422 892 641 927 epigrammatum
654 891 690 917 ibi
701 887 844 923 positorum
857 891 1000 914 mentionem
1008 889 1089 924 facit.

336 928 424 955 Velim
448 929 480 954 ad
502 938 544 954 me
564 927 674 957 scribas,
705 924 854 950 cuiusmodi
880 924 908 949 sit
937 923 1089 955 Ἀμαλθεῖον

41 935 82 961 ³Et
93 931 151 959 ibid.
177 933 203 957 in
222 929 277 965 fine·
290 949 298 962 ,

0 993 3 995 ,
42 975 137 1004 3tuuni,
155 975 208 1001 quo
223 971 334 997 ornatu,
353 973 404 999 qua
418 963 563 996 τοποθεσίᾳς
594 968 619 989 et
633 969 699 997 quae
709 962 847 994 poemata,
875 968 992 994 quasque
1009 959 1089 986 hilio-

41 1005 100 1033 :rias
113 1001 145 1029 de
159 1000 303 1034 Ἀμαλθεία
318 1000 407 1032 habes,
437 1000 468 1026 ad
488 1009 530 1026 me
543 999 638 1025 mittas.
675 995 760 1022 Lubet
779 995 847 1021 milii
866 995 952 1021 facere
970 995 997 1020 in
1012 996 1089 1030 Arpi.

42 1045 110 1068 lnau·
613 1067 734 1095 Videntur
754 1076 780 1092 ea
792 1068 845 1093 loca
858 1066 897 1101 fic
912 1066 1047 1101 appellaffh,
1061 1070 1089 1093 in

0 1136 3 1139 ,
45 1109 130 1148 quibus
144 1110 321 1144 louemJi‹111n‚
343 1108 536 1143 Gcninmjuum,
551 1103 668 1131 doch-ina
676 1103 776 1140 pascere
790 1102 896 1134 vellent,
920 1110 950 1128 vt
965 1103 1033 1147 illum
1046 1113 1090 1128 an-

0 1172 3 1175 .
43 1149 136 1182 tiquum
150 1146 229 1172 Iouem
243 1144 291 1180 fisa
306 1143 406 1179 capella.
444 1141 499 1175 Nifi
505 1143 584 1177 magis
593 1141 692 1174 placet,
723 1140 744 1165 Ι.
757 1140 781 1164 F.
804 1140 924 1165 Gronouii
937 1140 1090 1171 coniectura,

0 1196 2 1199 >
60 1184 85 1208 ui
92 1187 176 1217 putat,
192 1184 219 1206 in
233 1181 365 1207 Amalthea
379 1181 462 1206 Attice·
476 1175 569 1212 positas
577 1178 698 1212 imagines
706 1178 816 1201 virorum
832 1172 976 1207 illistriam,
991 1178 1033 1210 qui
1048 1186 1089 1201 nu-

41 1191 147 1245 ffrierint
157 1223 232 1251 remp.
252 1217 321 1242 Rom.
336 1222 364 1242 vt
380 1215 510 1242 Amalthea
522 1213 566 1239 illa
580 1214 673 1243 Iouem,
699 1208 880 1247 cumJiibieHis
893 1210 1034 1244 vcrjiciilis,
1060 1211 1089 1237 de
1104 1212 1135 1236 30
1145 1209 1217 1244 quod
1238 1208 1380 1237 affirmauit
1392 1211 1536 1243 venditor,
1561 1220 1650 1239 amare
1671 1212 1704 1239 ab
1724 1221 1757 1239 eo
1777 1213 1915 1247 exigatur,
1940 1214 1984 1240 sed
2003 1223 2064 1241 cum
2083 1217 2201 1251 quodam

0 1244 3 1282 ,Ι
41 1262 91 1290 qua
102 1262 129 1279 re
147 1253 239 1286 Nepos
252 1261 274 1278 c.
284 1256 317 1282 18.

80 1295 103 1316 A
111 1295 136 1316 Μ
146 1295 166 1315 A
177 1296 197 1314 N
209 1295 226 1314 D
235 1294 269 1320 Ο,
290 1292 341 1313 ire.
359 1287 372 1321 [
379 1285 527 1317 οἶποπέμπω,
544 1281 758 1317 οἷποσκευοῖζομαι]
778 1282 900 1318 Ablcgare
909 1302 916 1314 ,
937 1284 1020 1318 aliquo
1031 1286 1087 1308 mit-

0 1317 2 1319 *
41 1322 101 1356 tere,
121 1332 149 1350 vt
163 1324 260 1350 anobis
271 1332 418 1349 amoueamus
453 1320 507 1347 Cic.
523 1328 571 1354 pro
584 1319 659 1346 Rosc.
672 1319 729 1344 Am.
744 1327 782 1351 44
803 1327 824 1344 c.
839 1326 863 1351 15
885 1319 925 1344 An
936 1318 1087 1345 amandarat

41 1352 122 1391 *hune
137 1360 169 1386 sic
179 1366 207 1386 vt
215 1360 274 1386 css‘et
287 1359 315 1385 in
328 1367 408 1392 agro,
427 1366 455 1384 ac
468 1355 652 1383 tantummodo
668 1355 782 1381 aieretui·
796 1353 828 1380 ad
841 1354 951 1380 villam?
975 1361 1002 1380 vt
1017 1364 1086 1381 com-

41 1438 114 1464 met,
134 1431 255 1458 amandat
268 1430 414 1462 hominem,
434 1429 505 1464 quo?
524 1426 680 1460 Lilybaeum
694 1426 808 1452 fortasse.
846 1426 947 1460 Spiritu
960 1426 1087 1453 duntaxat

41 1468 127 1495 viuit:
150 1475 179 1494 re
191 1467 298 1502 quidem
311 1466 381 1493 infra
399 1473 489 1492 omnes
507 1469 626 1490 mortuos
649 1461 800 1489 amandatus
813 1461 849 1487 est
870 1462 925 1489 Cic.
948 1462 979 1489 ad
1006 1464 1085 1496 (Qiir.

61 1503 99 1530 ost
113 1502 167 1530 red.
181 1513 201 1529 c.
216 1512 234 1536 4
252 1510 316 1529 extr.
358 1502 395 1528 Id.
418 1502 470 1527 Att.
491 1507 515 1534 7,
531 1508 554 1532 ¹3
580 1500 670 1533 Itaque
684 1498 715 1524 de
735 1498 911 1524 Ciceronibus
932 1498 1027 1525 nostris
1041 1500 1087 1525 du-

62 1540 101 1566 ito
114 1538 179 1574 quid
192 1547 274 1573 agam,
290 1547 349 1564 nam
363 1537 430 1563 mihi
444 1535 576 1562 interdum
589 1533 745 1560 amandandi
760 1533 886 1560 videntur
896 1535 923 1560 in
938 1536 1086 1562 Graeciam.

61 1611 125 1637 culis
138 1616 162 1636 et
174 1608 280 1634 naribus
299 1608 470 1634 dominorum
490 1615 529 1638 ea,
550 1614 616 1640 quae
630 1620 675 1625 -—
688 1606 752 1632 tetri
773 1606 877 1640 aliquid
889 1608 967 1634 essent
980 1607 1084 1634 habitu-

40 1655 83 1679 ra:
107 1646 148 1671 Sic
160 1650 253 1670 natura
265 1652 304 1669 res
324 1642 419 1669 limiles
433 1642 523 1677 procul
537 1641 689 1668 amandauit
702 1650 717 1668 a
731 1641 852 1668 sensibus.

73 1679 190 1706 AMAN
201 1686 340 1711 DATVS,
373 1675 584 1713 [ἐκπεμφθεὶς]
618 1678 675 1704 Cic.
697 1687 745 1713 pro
769 1679 859 1704 Domo
879 1679 940 1711 sua,
967 1680 1002 1705 66
1021 1688 1042 1705 c.
1059 1687 1086 1711 23

40 1714 83 1745 Me
94 1723 124 1741 ex
145 1715 218 1746 ulfo,
241 1715 341 1741 Catone
360 1714 515 1745 amandato,
548 1717 565 1740 i.
586 1713 662 1747 Miffii
677 1721 701 1740 et
720 1713 787 1750 quasi
804 1716 912 1750 relegato
926 1718 953 1741 in
970 1716 1085 1751 Qprum.

62 1759 121 1778 man
141 1751 178 1777 ati
190 1750 222 1777 ad
236 1751 366 1777 nutricem
377 1751 457 1777 aliam
471 1750 522 1776 filii
536 1749 642 1776 obliuio
655 1750 722 1776 Gell.
737 1758 774 1783 12,
789 1759 808 1776 1.

41 1811 42 1817 ,
73 1793 343 1819 AMANDATIO,
369 1787 436 1813 onis.
463 1787 482 1813 f.
511 1785 671 1818 [οἷπόπεμφις
699 1786 755 1812 Cic.
776 1795 825 1820 pro
845 1786 920 1813 Rosc.
942 1787 1032 1813 Amer.
1046 1796 1085 1820 44

10 1838 11 1842 =
38 1821 180 1849 Tamenne
199 1822 261 1849 hacc
280 1829 378 1849 attenta
392 1823 448 1849 vita
461 1821 493 1849 ad
506 1822 654 1854 rusticana,
685 1822 815 1857 relegatio
833 1828 914 1857 atque
934 1823 1086 1849 amandatio

11 2187 21 2207 'a

40 1858 210 1894 appellabitur
218 1859 226 1885 3

72 1901 341 1927 AMANiENSlS,
367 1893 421 1920 vid.
442 1900 621 1921 AMANVS.

41 1935 42 1938 ’
71 1938 227 1963 A‘MANS,
247 1937 458 1957 AMANTER.
492 1929 545 1956 vid.
566 1935 660 1956 Aivio.
1056 1961 1061 1967 .

70 1974 92 1994 A
101 1973 126 1993 M
135 1973 186 1993 AN
196 1973 217 1993 'r
227 1974 235 1993 1
245 1974 284 1999 A,
301 1967 399 1993 Ciuitas
412 1965 586 1996 Macedoniae,
606 1962 707 1990 auftore
721 1963 864 1989 Ptolemaeo.
891 1961 1018 1989 Meminit
1031 1963 1086 1989 Cic.

40 2001 147 2038 Philipp.
162 2010 200 2035 11,
213 2005 255 2029 26.

70 2045 94 2066 A
102 2046 128 2066 M
137 2045 160 2066 A
169 2045 191 2065 Ν
200 2045 221 2064 V
230 2045 246 2064 Ε
256 2045 278 2064 N
286 2044 298 2064 S
308 2044 318 2063 1
327 2044 340 2063 S
347 2056 356 2069 ,
390 2034 580 2069 [ὖπογραφεῦς]
612 2035 716 2066 Seruus,
748 2037 819 2060 cuius
840 2040 913 2069 opera
931 2040 955 2058 et
968 2043 1040 2071 nia-nu
1059 2035 1087 2057 in

40 2074 161 2101 r'cribcndo
175 2077 278 2100 utimur.
332 2072 402 2098 Suet.
423 2073 452 2097 in
472 2072 574 2098 Neron.
598 2079 636 2104 44
671 2070 713 2096 Ne
727 2068 950 2108 dispensatoribus
966 2067 1086 2100 quidam,

40 2116 81 2147 put
93 2109 293 2136 amanuensibus
308 2108 431 2142 exceptis.
739 2139 743 2142 ²
945 2137 949 2140 ⁸

42 2143 268 2172 ›ere'velocissime
283 2144 400 2175 solitum,
425 2151 484 2168 cuni
492 2139 691 2167 amanuensibus
705 2139 757 2163 suis
766 2146 812 2171 per
826 2137 919 2176 ludiim
943 2146 1088 2171 iocumque

40 2188 176 2208 certantem
191 2200 200 2212 ,
240 2179 394 2211 imitarique
418 2174 604 2210 chirographa,
642 2181 817 2208 quaecunque
834 2172 947 2199 vidiffet.
983 2174 1089 2200 Dicitur

0 2223 17 2247 vt
40 2223 57 2244 ,ε
71 2218 94 2243 A
107 2225 207 2249 manu.)
215 2214 268 2240 vid.
283 2215 315 2239 A.
329 2221 354 2237 n.
375 2219 412 2244 35.

0 2257 11 2284 ρ,

0 2303 16 2346 ,ἶ
44 2333 80 2351 ιο.
114 2322 181 2350 Add.
197 2323 267 2349 Fam.
282 2329 311 2353 2,
324 2328 352 2346 io
370 2326 394 2346 et
412 2318 478 2345 Plin.
492 2325 513 2351 5,
529 2326 570 2344 22.
605 2315 734 2349 Lucan.3‚
748 2325 804 2351 244

0 2373 4 2389 l

7 3840 11 3847 ,
42 3825 95 3845 >raf-

70 2250 92 2279 Ᾱ
100 2259 125 2279 Μ
135 2252 159 2278 A
166 2258 189 2277 N
198 2257 217 2277 V
227 2257 240 2277 s
248 2269 257 2282 ,
285 2249 371 2275 Portio
390 2249 483 2273 montis
508 2246 591 2272 Tauri
610 2244 644 2271 ad
655 2245 769 2271 Ciliciam
778 2264 785 2275 ,
817 2241 917 2271 ambiere
940 2245 1086 2272 Ptolemaeo.

840 2333 849 2338 -
869 2333 879 2338 -
895 2333 905 2338 -
927 2316 987 2342 duri
1001 2326 1084 2351 popu-

44 2367 78 2385 m
91 2367 158 2386 nune
170 2358 256 2384 cultor
270 2355 372 2382 Amani.
569 2350 589 2391 Ἴ
608 2362 623 2379 2
644 2351 686 2386 Est
700 2356 773 2379 etiam
789 2353 904 2379 Amanus
915 2372 922 2384 ,
954 2354 1013 2378 Viri
1022 2360 1081 2387 pro-

43 2396 129 2420 orium.
180 2393 225 2420 Sil.
245 2400 289 2428 17,
313 2400 368 2426 442
401 2389 526 2425 Vergilio
551 2389 701 2422 Caudinus,
737 2388 835 2416 acerbo
868 2388 951 2431 Sacrisv
977 2389 1082 2415 Amano

46 2429 184 2460 sternitur,

67 2537 104 2563 in.
123 2545 157 2569 21,
171 2544 196 2572 7.
220 2535 292 2572 Conf.
306 2544 328 2561 e.
343 2543 364 2561 ιι
378 2534 396 2560 s.
410 2542 437 2567 35
454 2534 611 2560 Aniasacuiii
622 2533 728 2559 Diocles
741 2531 873 2563 medicus,
891 2537 917 2557 et
925 2531 1011 2573 Sicula
1020 2540 1081 2572 gens

41 2571 214 2669 [wellam-re,
234 2571 306 2606 quod
314 2572 445 2605 Aegyptus
460 2576 486 2595 et
500 2569 575 2601 Syria
590 2568 786 2603 Sampsuchuni.
822 2569 852 2593 Et
867 2576 904 2599 21,
919 2575 949 2593 22
963 2569 1081 2601 §amplu-

11 2619 14 2621 ·
50 2607 114 2634 hum
126 2607 178 2637 siue
191 2611 338 2634 amaracum
351 2606 380 2632 in
391 2606 481 2639 Cypro
500 2604 702 2631 laudatissimum
716 2610 741 2630 et
759 2603 983 2636 odoratiffiiiium,
1011 2604 1080 2630 scor-

1052 2639 1079 2665 in
1090 2647 1125 2675 70
1134 2650 1191 2667 cem
1206 2640 1294 2672 istam,
1312 2641 1428 2667 indicem
1443 2641 1570 2668 stultitiae
1587 2642 1678 2668 testem
1695 2643 1842 2676 paucitatis.
1877 2643 1943 2669 Plin.
1958 2644 2036 2678 Epist.
2046 2655 2068 2678 ς,
2083 2652 2106 2679 8,
2122 2656 2150 2673 10
2164 2650 2193 2674 in

55 2643 161 2670 ionibus
174 2643 327 2669 aduersatur
339 2649 372 2667 ex
385 2647 459 2667 aceto
471 2646 497 2666 et
510 2640 563 2667 sale
577 2640 687 2666 illitum.
724 2640 799 2674 Virg.
815 2640 879 2665 Aen.
889 2648 907 2670 1,
916 2641 968 2672 696
987 2656 996 2661 -
1020 2656 1029 2661 -

42 2680 102 2707 iltos
128 2678 226 2705 Idaliae
245 2677 318 2703 lucos
330 2676 378 2702 vbi
397 2675 485 2701 mollis
497 2684 648 2708 amaracus,
677 2683 724 2703 etc.
777 2675 872 2702 Catull.
887 2683 927 2708 59,
943 2683 960 2710 7
996 2675 1080 2710 Cinge

14 2717 15 2720 ’
47 2723 156 2750 empora
172 2712 283 2740 floribus
317 2713 401 2739 Suaue
415 2711 511 2737 olentis
527 2712 648 2738 amaraci.

69 2758 92 2778 A
101 2757 126 2778 M
134 2757 181 2777 AR
191 2748 234 2777 Ac
244 2748 287 2776 i‘N
295 2756 314 2775 v
324 2755 337 2775 s
345 2768 351 2773 .
372 2747 432 2774 Adi.
451 2746 620 2783 [οἷμαροίκινος]
637 2746 742 2783 Qodex
749 2756 862 2774 amaraco
875 2744 916 2779 ‘st-
936 2745 1002 2772 Add.
1013 2746 1080 2773 Plin.

47 2795 70 2820 3,
83 2795 102 2814 ι.
144 2785 182 2813 Id.
194 2794 233 2818 21,
246 2793 279 2812 22
300 2784 343 2810 vbi
355 2783 385 2810 de
398 2792 521 2815 amaraco,
564 2784 607 2810 Fit
620 2792 651 2810 ex
666 2792 698 2809 eo
711 2784 811 2815 oleum,
825 2782 896 2817 quod
919 2782 1080 2816 Sampsuchi-

53 2867 139 2886 ernon.
192 2854 344 2889 Substaneiue
354 2862 402 2891 pro
416 2861 540 2892 unguento
568 2855 636 2882 Gell.
649 2855 678 2881 in
690 2856 774 2882 Praef.
789 2865 812 2890 p.
828 2864 854 2881 10
880 2855 962 2880 Gron.
983 2857 1076 2886 (Alias

55 2894 123 2931 zJinc
134 2892 314 2924 collocabatur)
335 2893 416 2919 Vetus
431 2892 553 2926 adagium
565 2890 614 2918 est:
632 2891 712 2918 Nihil
726 2892 834 2926 graculo
847 2899 905 2916 cuni
919 2889 1024 2923 fidibus,
1038 2891 1078 2917 ni-

53 2931 73 2958 il
90 2939 149 2957 cum
162 2928 311 2956 amaracino
325 2928 373 2955 sui.
410 2928 513 2954 Luci-et.
528 2929 617 2962 6,973
653 2928 777 2962 Denique
793 2926 969 2963 amaracinum
982 2927 1079 2961 fugitat

48 2975 91 2993 us:
109 2972 136 2992 et
149 2965 227 2992 timet
246 2973 324 2991 omne
343 2965 519 2999 Vnguentuni.
562 2965 594 2990 Et
607 2972 634 2997 4,
648 2971 707 2998 1172
731 2963 870 2997 Postesque
885 2962 1010 2997 superbos
1025 2964 1078 2990 Vn-

68 3001 92 3028 't
105 3001 264 3028 amaracino.

71 3034 337 3068 AMARANTvs,
366 3034 385 3061 i.
406 3043 441 3061 m.
458 3034 632 3069 [οἷμοίροιντος]
654 3036 725 3066 Flos,
742 3034 769 3069 fi
781 3037 831 3061 vim
850 3036 956 3060 nominis
969 3032 1078 3070 speHcs,

55 3082 86 3099 on
100 3072 254 3107 marcescent.
289 3071 355 3097 Plin.
364 3079 401 3103 21,
415 3076 428 3101 8
441 3071 459 3097 s.
475 3080 504 3104 23
526 3071 670 3097 Amaranto
689 3080 742 3098 non
755 3071 836 3097 dubie
857 3070 997 3096 vincimur.
1035 3070 1077 3097 Est

53 3106 126 3135 ut'eni
145 3108 212 3142 spica
233 3115 362 3142 purpurea
373 3106 477 3139 verius,
506 3116 586 3142 quam
601 3108 649 3133 flos
666 3107 779 3142 aliquis,
805 3111 830 3132 et
845 3105 899 3140 ipse
911 3105 962 3132 line
977 3106 1075 3134 odore:

65 3145 189 3178 irumque
204 3143 232 3169 in
243 3151 292 3175 eo,
319 3141 430 3176 gaudere
449 3142 569 3178 decerpi,
598 3150 624 3169 et
636 3143 729 3170 laetius
741 3142 850 3169 renasci.
886 3142 1011 3169 Prouenit
1024 3143 1076 3169 Au-

72 3179 110 3206 sto
124 3179 212 3206 menie
219 3198 228 3211 ,
247 3177 323 3204 durat
336 3177 364 3204 in
377 3184 538 3206 autumnum.

735 3251 840 3277 Summa
865 3250 920 3276 eius
939 3257 1031 3277 natura
1047 3251 1076 3278 in

52 3260 102 3288 qua
115 3250 270 3282 reuiuiscit‚
297 3255 323 3275 et
342 3248 470 3281 hybernas
489 3259 598 3277 coronas
611 3251 683 3278 facit.

835 3285 943 3314 Tibull.
956 3295 985 3319 3,
999 3296 1034 3321 4,
1049 3295 1077 3320 33

57 3287 146 3315 omine
159 3287 211 3319 est,
245 3285 393 3320 appellum,
429 3286 554 3319 quoniam
567 3295 621 3314 non
640 3287 784 3313 marcescit.

37 3332 41 3342 ·
63 3340 74 3346 -
92 3339 102 3346 ·
120 3321 263 3350 contexunt
276 3320 417 3348 amarantis
430 3320 490 3347 alba
499 3322 601 3356 puellae
619 3323 699 3349 Lilia.

53 3395 159 3423 xacerbo.
185 3392 225 3428 Est
240 3398 268 3420 in
276 3393 388 3427 Vulgata
397 3393 477 3427 Apoc.
485 3400 523 3426 io,
531 3401 568 3419 10.
601 3394 666 3421 Plin.
680 3394 815 3422 Valerian.
831 3402 852 3425 1,
867 3401 904 3428 17.

71 3449 78 3456 .
88 3434 147 3460 mn
166 3439 190 3466 p.
205 3439 235 3463 30
253 3437 276 3456 et
290 3431 350 3461 696.

35 3483 38 3490 ι
53 3482 59 3486 ·
74 3467 243 3494 AMARVS.
269 3465 330 3492 Adi.
351 3463 463 3498 [πικρδς]
481 3464 556 3490 Dulci
567 3467 727 3492 contrarium.
744 3465 820 3499 Virg.
834 3463 886 3490 Ecl.
896 3471 957 3500 1,179
977 3482 986 3488 .
999 3483 1009 3488 -
1021 3483 1030 3488 -
1051 3472 1077 3494 et

40 3513 41 3516 =
56 3498 242 3542 alicqcffpetis
257 3509 366 3528 amaras.
403 3501 458 3527 Cic.
472 3499 504 3526 de
523 3499 585 3526 Nat.
599 3501 678 3527 Deor.
693 3510 716 3534 3,
730 3509 754 3534 31
776 3501 863 3527 Omne
881 3501 978 3528 animal
999 3503 1076 3530 sentit

939 3394 1076 3430 Augustin.

49 3603 98 3632 hoc
117 3613 143 3634 et
157 3608 304 3643 crustosius,
327 3609 510 3644 amai-iusque,
532 3607 559 3634 de
575 3609 671 3634 Gummi
684 3607 766 3642 sermo
784 3605 826 3640 est.
1020 3608 1041 3649 q
1059 3619 1075 3638 2

49 3640 209 3683 Metagbori'ce
234 3653 260 3670 ea
278 3652 359 3679 notat,
385 3654 445 3681 quae
463 3647 545 3671 animo
559 3640 656 3676 molesta
664 3643 735 3678 sunt.
773 3643 868 3670 Amara
881 3651 1011 3678 curarum,
1026 3654 1076 3682 pro

48 3675 148 3704 Amara
159 3679 242 3712 turis,
260 3681 326 3708 Hor.
341 3681 430 3708 Carm.
445 3689 472 3714 4,
485 3689 528 3713 12,
544 3688 572 3712 19
614 3678 674 3713 Spes
687 3677 786 3704 donare
799 3687 880 3705 nouas
893 3678 993 3714 largus,
1008 3691 1077 3709 ama.

47 3719 128 3746 taque
151 3713 277 3751 Cui-arum
289 3715 374 3744 eluere
388 3715 486 3745 efficax.

49 3755 99 3775 ιιο.
138 3748 216 3783 Ouid.
229 3759 260 3777 ex
272 3751 353 3779 Ponto
364 3762 384 3786 1,
393 3761 454 3787 9,2i
478 3752 556 3778 Vitae
573 3750 656 3777 custos
669 3750 768 3776 inuisus
781 3758 894 3776 amarae.
925 3751 996 3780 Grat.
1010 3755 1031 3781 C
1033 3764 1076 3786 yn.

43 3790 94 3829 5390
112 3782 312 3820 Sedem'spernit
322 3796 442 3816 amaram.
484 3788 532 3815 Vbi
540 3787 629 3815 Barth.
644 3787 712 3823 usum
719 3787 825 3820 similem
839 3786 886 3812 Gr.
905 3797 947 3812 πικ
962 3787 985 3814 ὃς
998 3789 1076 3817 decla-

171 3849 176 3858 ,
248 3825 250 3829 ⁸
285 3819 306 3860 ff
326 3831 339 3856 3
361 3824 406 3852 Sed
418 3821 532 3860 praestat
550 3825 692 3850 elementari
711 3822 797 3848 ordine
807 3829 899 3857 ponere
911 3822 943 3858 su
951 3822 1077 3859 stamina,

60 3853 78 3880 d
88 3861 148 3890 quae
167 3863 269 3884 amarus
285 3857 436 3896 adiungitur.
493 3860 591 3895 Apiuni
605 3859 681 3893 Virg.
696 3858 748 3884 Ecl.
762 3860 789 3890 6,
803 3860 842 3888 68.

64 3889 142 3924 infiat
153 3892 231 3918 oliuae
249 3892 322 3956 νὺξ.
335 3894 430 3931 Georg.
442 3904 468 3928 2,
479 3897 521 3926 86·

198 3934 217 3953 V
226 3934 245 3954 0
252 3935 277 3954 L.
314 3949 323 3955 -

897 3858 976 3886 Bacca
988 3869 1076 3888 amara

40 499 41 526 l
53 507 119 534 aluit
137 508 227 533 Iouem
243 506 368 532 infantem
380 499 494 528 Laetam.
508 507 527 528 i,
541 505 579 530 21,
592 502 630 529 38,
649 499 691 531 qui
708 505 726 528 1,
736 505 774 527 22,
785 505 812 527 μ)
830 506 858 522 cx
872 495 986 527 Didymo
999 493 1091 528 rqskrt,
1105 495 1112 512 ¹

477 858 563 883 Attici
585 859 611 882 in
633 857 706 890 Epiro
727 852 782 879 Cic.
804 852 835 877 ad
854 853 908 878 Act.
926 861 945 884 i,
962 860 984 883 13
1019 860 1041 878 vr
1055 854 1088 878 nl.
1100 859 1131 876 20

163 1038 246 1064 Huius
265 1036 350 1062 deinde
366 1037 410 1072 Jlii
425 1039 506 1071 operis
517 1038 554 1061 ita
571 1035 713 1060 mentionem
726 1031 799 1066 facit
818 1031 851 1057 ad
863 1032 914 1057 Att.
928 1039 954 1062 2,
969 1040 978 1056 1
1003 1031 1089 1058 Amal.
1103 1034 1130 1059 25

0 1101 2 1103 .
41 1075 105 1102 :thea
115 1082 174 1100 mea
185 1080 211 1099 te
224 1071 342 1107 expectat
356 1079 381 1098 ct
394 1072 495 1106 indiget
508 1070 555 1097 tui.

481 2109 512 2133 Et
523 2107 584 2132 Tit.
599 2114 611 2136 3
638 2105 781 2137 Comperi,
802 2103 872 2128 notis
892 2110 999 2135 quoque
1019 2102 1088 2127 exci—
1102 2106 1129 2132 53
1145 2110 1186 2134 22,
1196 2110 1231 2135 25.
1268 2103 1373 2137 Ingrata
1388 2101 1549 2129 amaritudo.

77 2472 100 2492 A
108 2472 132 2492 M
140 2467 186 2492 AR
194 2461 236 2491 AC
244 2471 264 2490 v
274 2471 286 2491 s
294 2483 303 2496 ,
323 2462 341 2490 i.
355 2471 391 2489 m.
411 2461 454 2488 vel
469 2468 491 2488 A
501 2468 527 2487 M
536 2461 582 2487 AR
592 2457 637 2487 AC
646 2468 668 2486 V
677 2467 719 2493 M,
739 2458 903 2496 [ailuoe‘fomog
927 2458 1080 2493 σάμῷυχον]
1095 2461 1126 2492 63
1139 2470 1181 2487 20.
1205 2462 1376 2495 Temporum
1385 2462 1518 2488 Ammian.
1527 2470 1564 2495 21,
1581 2465 1618 2489 16.

6 2520 9 2522 ψ
41 2501 136 2562 gieio,
150 2501 222 2537 vulgo
233 2501 375 2528 Maiorana.
412 2497 581 2524 Abrotonum
602 2502 628 2523 et
646 2497 787 2522 Amaracus
800 2504 870 2522 acres
886 2494 965 2521 habet
986 2495 1081 2521 odores

57 2536 65 2562 l

577 3179 757 3206 Alexandrino
777 3178 863 3212 palma
882 3178 929 3212 qui
940 3178 1075 3214 decerptus
1087 3183 1115 3211 85

12 3227 18 3235 ¹
31 3222 34 3225 “
69 3221 185 3242 eruatur.
221 3214 390 3248 mirumque:
410 3214 546 3249 postquam
562 3214 682 3242 defecere
696 3214 785 3242 cuncti
798 3215 891 3246 flores,
915 3214 1078 3241 madesaetus

1565 87 1800 128 AMA
2121 101 2195 140 282

1146 178 1184 204 ες,
1196 178 1222 197 2.
1260 170 1341 198 Ouid.
1362 172 1449 201 Trist.
1465 184 1488 208 5,
1503 187 1529 211 4,
1544 185 1569 210 ις
1606 178 1669 205 Fert
1691 182 1794 210 tamen,
1814 181 1844 203 vt
1861 176 1956 210 debet,
1981 180 2053 207 casus
2066 181 2196 214 patienter

1145 215 1258 249 amaros.
1312 209 1411 234 Cortex
1426 211 1501 249 yirg.
1518 213 1570 239 Ecl.
1582 216 1609 246 6,
1622 217 1664 240 62.
1685 214 1719 240 cf.
1745 212 1922 247 Quin&.1,5,
1937 221 1972 246 35.
2023 215 2102 242 Dicta
2114 218 2195 245 Ouid.

1153 242 1232 268 frist.
1249 251 1271 274 3,
1287 251 1319 276 ιι,
1331 252 1355 275 3ι
1393 245 1489 272 Tibul.
1504 256 1528 279 2,
1543 257 1568 281 4,
1579 258 1600 275 11
1623 250 1701 276 Nunc
1714 256 1740 276 et
1753 257 1840 275 amara
1854 250 1927 281 Dies,
1946 256 1971 275 et
1979 250 2065 276 noffis
2080 255 2197 281 amarior

1147 278 1247 318 Vmbra
1262 278 1320 318 est.-
1342 279 1467 320 Prudent.
1483 281 1515 307 de
1528 283 1644 310 Calliano
1659 287 1776 318 Martyre
1798 287 1877 318 Hym.
1889 295 1916 319 9,
1930 293 1966 319 27
2003 286 2105 313 Ductor
2128 298 2197 315 ama-

1146 322 1191 339 rus
1205 323 1277 353 enim
1294 314 1405 341 discenti
1423 315 1525 350 semper
1539 318 1641 352 ephebo
1678 321 1734 347 Nec
1748 321 1832 348 duleis
1845 321 1897 348 vlla
1911 320 2050 356 disciplina
2069 323 2198 351 infantiae

1145 349 1190 389 est.
1229 351 1304 389 yirg.
1319 351 1417 385 Georg.
1435 360 1453 381 1,
1468 361 1513 378 120
1532 355 1636 380 lunaris
1650 356 1742 383 intuba
1756 357 1839 383 fibris.
1887 357 1971 384 Foliis
1990 358 2108 385 Oleaster
2127 369 2196 386 ama-

1146 394 1183 411 ris
1204 386 1278 425 Virg.
1287 386 1385 426 Georg.
1394 396 1419 419 2,
1433 396 1487 420 314.
1541 389 1638 415 Fumus
1659 392 1732 425 Virg.
1748 394 1811 418 Aen.
1828 402 1866 425 12,
1879 398 1931 426 588.
1983 393 2064 419 Ouid.
2084 395 2113 420 in
2135 396 2197 422 Ibin

1147 429 1200 452 239.
1236 421 1358 462 liistoria
1371 424 1437 448 Hor.
1450 424 1531 449 serm.
1547 432 1567 455 1,
1581 433 1602 455 3,
1615 429 1652 454 88.
1690 427 1778 453 Hostis
1796 429 1869 463 Virg.
1880 430 1943 455 Aen.
1961 437 1999 462 10,
2007 437 2068 462 900.
2105 432 2196 458 Inulae

1148 457 1215 482 Hor.
1231 458 1312 497 berni.
1321 466 1346 490 2,
1354 463 1417 491 8,51.
1454 459 1511 485 Val.
1525 460 1595 485 Max.
1610 468 1635 494 7,
1649 462 1675 491 6,
1693 471 1698 486 1
1721 463 1898 490 Aniariffin'iae
1913 465 1980 499 leges
2004 465 2196 494 abominandae

1147 492 1315 525 ncceffitatis,
1336 497 1353 519 ι’.
1368 497 1459 520 inuitis
1473 502 1592 521 extortae.
1628 496 1730 529 Lingua
1740 498 1821 524 Ouid.
1835 499 1868 525 de
1881 502 1944 526 Arte
1958 502 2016 527 Am.
2026 510 2106 535 2,151.
2143 504 2195 530 Lu-

1148 527 1204 567 §tus
1218 528 1300 554 Ouid.
1315 530 1378 556 Met.
1392 539 1431 563 14,
1445 533 1504 563 465.
1542 531 1610 557 Lucs
1623 531 1704 557 Ouid.
1718 533 1750 558 de
1764 534 1861 560 Pulicc.
1898 536 1980 562 Mella
1999 538 2080 564 etiam
2100 538 2153 565 sine
2171 547 2198 566 te

1147 563 1253 590 iurabat
1271 573 1359 591 amara
1378 565 1467 592 videri
1490 566 1563 601 Calp.
1583 567 1632 593 Sic.
1649 575 1677 598 3,
1692 576 1726 593 12.
1763 569 1846 595 Meffis
1860 571 1941 597 Ouid.
1958 580 1988 597 ex
2002 574 2111 606 Pont03
2131 584 2138 601 1
2164 584 2198 609 24

1146 599 1174 625 de
1193 599 1334 634 aalivzthi‘i's.
1377 602 1497 628 Monitus
1516 602 1598 628 Ouid.
1619 603 1695 636 Epist.
1710 607 1745 635 18,
1765 611 1810 636 115.
1847 606 1921 631 Mors
1937 607 2054 642 Propert.
2070 595 2197 644 1,1'9,'20.

1147 636 1214 661 Ter.
1229 637 1336 668 Hec.4,
1353 646 1387 670 4,
1401 643 1430 667 88
1469 639 1579 664 Amarae
1599 639 1725 665 mulieres
1745 639 1820 671 sunt,
1844 649 1897 669 non
1920 642 1997 668 facile
2017 643 2079 671 haee
2098 647 2197 674 ferunt.

1146 671 1214 698 Adi.
1230 672 1287 698 Sen.
1307 672 1340 698 de
1355 673 1397 698 Ira
1420 682 1446 705 ι,
1459 682 1487 706 4.
1525 673 1625 700 Noctes
1646 683 1746 701 amaras
1765 683 1887 702 exercere
1907 677 2122 714 Propert.1,1,33.
2159 684 2196 710 Os

1145 716 1266 746 amarum
1286 707 1386 734 dicitur
1406 710 1489 735 Corn.
1509 710 1587 736 Celso
1603 718 1626 742 1,
1646 718 1658 741 3
1681 720 1752 746 quum
1772 713 1918 737 Amarorem
1955 714 2197 751 uendamstmimus,

1145 743 1263 769 Pericula
1275 744 1351 779 ponti
1373 745 1454 770 Ouid.
1473 745 1560 772 Trist.
1575 753 1597 778 ς,
1612 754 1637 775 2.
1650 754 1692 778 29.
1729 746 1846 773 Pondera
1866 748 1923 773 sene
1942 751 1981 773 tae
1995 750 2075 776 Ouid.
2091 754 2154 779 Met.
2170 763 2198 787 9,

1145 782 1205 812 436.
1243 780 1318 814 Virg.
1334 780 1398 806 Aen.
1412 790 1439 814 4,
1455 789 1500 813 203
1537 782 1613 815 Isque
1627 790 1715 807 amens
1724 782 1818 814 animi,
1838 789 1863 808 et
1876 792 1984 809 rumore
1999 788 2117 813 accensus
2127 798 2195 816 ama-

1144 824 1185 841 ro.
1223 815 1354 848 Q1inc'ul.
1370 825 1408 849 io,
1425 825 1451 848 ι,
1466 824 1506 850 ιι7
1532 820 1559 843 in
1573 820 1695 843 mentione
1709 818 1783 852 Caffii
1798 820 1895 850 Seueri,
1927 820 2061 846 Praeterea
2075 828 2103 848 vt
2115 827 2199 852 amari

1145 851 1222 881 sales,
1251 852 1287 878 ita
1308 852 1463 887 frequenter
1481 853 1632 879 amaritudo
1650 854 1704 887 ipsa
1726 854 1839 880 ridicula
1859 854 1904 880 est.
1947 856 2048 890 Scripta
2065 857 2145 884 Ouid.
2166 869 2198 887 ex
2225 858 2226 861 ’

1146 888 1230 913 Ponto
1244 896 1272 920 4,
1288 896 1327 921 14,
1341 896 1382 922 37.
1423 888 1514 914 Sermo
1534 890 1602 915 Hor.
1620 889 1701 915 Serm.
1712 898 1731 922 1,
1745 898 1771 924 7,
1784 898 1810 924 7.
1852 890 1959 916 Sonitus
1979 891 2040 918 Stat.
2056 892 2147 920 Theb.
2160 904 2199 928 io,

1146 930 1220 962 547..
1243 923 1337 949 Succus
1349 923 1433 950 Ouid.
1449 923 1481 950 de
1495 925 1570 950 Rem.
1585 926 1677 951 Amor.
1686 933 1743 960 227.
1780 925 1847 952 Salsa
1860 933 1947 952 autem
1955 927 2068 960 Tellus,
2097 937 2121 955 et
2131 940 2199 964 quae

1145 957 1303 992 perhibetur
1316 968 1420 992 amara,
1442 960 1574 995 Frugibus
1591 961 1687 987 infelix
1709 962 1984 995 Virg.Georg.2‚238.
2013 964 2103 991 Terra
2112 974 2200 993 amara

1146 994 1217 1034 Plin.
1229 1002 1268 1028 17,
1283 1002 1304 1027 5.
1350 996 1400 1022 Via
1414 996 1469 1022 Cic.
1484 998 1538 1023 Att.
1553 999 1593 1029 16,
1607 1004 1639 1029 13.
1661 997 1708 1024 §cd
1722 1001 1807 1023 cariat
1820 996 1903 1024 tectio.
1946 1001 1987 1026 Sit·
2001 1000 2077 1025 Gran.
2099 1003 2199 1029 Vmbra

1145 1029 1232 1055 noc‘lis
1240 1031 1358 1058 amarior
1377 1032 1505 1063 Tibula„
1513 1042 1541 1065 4,
1555 1041 1585 1059 11.
1623 1032 1907 1067 Voluptasliberorum
1916 1034 2071 1061 amariffima
2079 1036 2199 1066 Tertull.

1145 1065 1177 1105 ad
1194 1067 1275 1092 onr.
1289 1075 1339 1099 i,5.
1376 1068 1472 1094 Amara
1485 1069 1540 1095 risu
1554 1069 1627 1095 lento
1639 1075 1784 1103 temperare
1793 1070 1859 1095 Hor.
1874 1070 2085 1103 Carm.2‚16,i6.
2122 1075 2200 1100 Ama„

1144 1110 1246 1127 riorein
1260 1111 1302 1128 me
1315 1103 1380 1129 facit
1399 1103 1525 1134 seneems,
1538 1107 1555 1130 i.
1570 1105 1737 1138 Acer-morem,
1745 1103 1917 1138 austeriorem:
1941 1107 1996 1133 Cic.
2012 1109 2064 1133 Att.
2080 1117 2118 1141 14,
2128 1119 2160 1136 21.

1181 1140 1333 1177 AMARE,
1358 1138 1426 1165 Adu.
1451 1140 1574 1173 [πικρῶς]
1602 1141 1700 1172 acerbe,
1730 1144 1805 1167 nimis
1818 1163 1821 1174 ,
1834 1141 1940 1167 duriter.
1977 1142 2057 1169 Caius
2072 1144 2099 1170 in
2120 1145 2136 1171 l.
2173 1146 2201 1172 Si

1145 1172 1219 1208 quid.
1234 1174 1266 1200 D.
1282 1174 1314 1200 de
1329 1174 1438 1201 Aedilit.
1453 1174 1533 1201 edict.
1571 1177 1643 1202 Haec
1661 1178 1753 1203 omnia
1766 1177 1893 1204 videntur
1907 1186 1940 1203 eo
1952 1179 2097 1212 pertinere,
2113 1190 2146 1207 ne
2162 1181 2201 1214 id,

1144 1252 1362 1279 temperamento.
1407 1247 1488 1273 Plaut.
1511 1248 1597 1274 Truc.
1617 1256 1709 1283 1‚2,77
1752 1249 1840 1275 Corda
1859 1258 1948 1275 amare
1968 1250 2054 1277 facitis
2076 1261 2199 1280 amantes.

1144 1281 1303 1308 Admonebo
1322 1291 1377 1308 non
1390 1291 1479 1310 amare
1493 1283 1550 1309 Scn.
1565 1282 1598 1310 de
1614 1284 1704 1310 Benef.
1714 1293 1736 1317 5,
1751 1292 1789 1317 23.
1827 1284 1902 1320 Conf.
1924 1285 2027 1320 Vulgat.
2043 1288 2109 1315 Esai.
2123 1298 2161 1323 33,
2173 1298 2198 1325 7.

1144 1319 1257 1353 Compar.
1276 1319 1394 1345 Tei-tull.
1410 1319 1469 1347 adu.
1490 1320 1572 1346 Marc.
1589 1328 1613 1350 2,
1628 1328 1664 1346 10.
1701 1320 1830 1347 Diabolus
1844 1322 1959 1347 amarius
1975 1322 2092 1356 punitur.
2130 1325 2200 1352 Add.

1143 1353 1262 1380 Macrob.
1278 1355 1396 1389 Sat.7‚5.
1440 1356 1527 1381 Somn.
1542 1356 1608 1390 Scip.
1623 1365 1644 1389 i,
1657 1365 1681 1382 z.
1727 1357 1820 1392 Superi.
1841 1357 1947 1384 Sueton.
1969 1360 2035 1393 Aug.
2056 1369 2109 1395 cap.
2119 1369 2154 1396 70
2174 1368 2200 1389 et

41 1395 131 1429 'anodis
150 1395 274 1422 omnibua
293 1395 407 1421 careret?
439 1392 494 1420 Cic.
508 1393 584 1419 Verr.
598 1399 627 1424 5,
641 1393 672 1420 68
689 1390 810 1424 Denique
824 1390 958 1422 Syracusas
972 1396 1038 1416 totas
1054 1391 1086 1417 ti-
1101 1392 1129 1419 33
1143 1389 1242 1416 Tiber.
1257 1399 1311 1424 cap.
1326 1399 1367 1424 54.
1407 1393 1441 1417 It.
1456 1391 1573 1417 Laetam.
1589 1401 1608 1423 1,
1622 1401 1659 1424 21,
1673 1401 1686 1424 3
1721 1392 1802 1419 Illum
1816 1392 1866 1419 fibi
1880 1394 2035 1421 amarinime
2048 1398 2199 1424 conuician-

1142 1432 1196 1452 tem
1209 1434 1269 1451 cum
1282 1426 1337 1452 risu
1351 1432 1377 1452 et
1391 1426 1526 1453 cachinnis
1540 1427 1673 1453 audiebat.

1177 1460 1409 1494 AMARTTER,
1436 1462 1518 1488 Idem.
1542 1464 1656 1489 Hieron.
1675 1461 1708 1489 ad
1725 1463 1843 1489 Marcell.
1862 1464 1941 1499 Epist.
1962 1474 2007 1497 23.
2029 1467 2088 1493 init.
2110 1468 2200 1495 Petrus

1141 1497 1268 1524 amariter
1286 1498 1359 1524 flens.

1180 1540 1202 1560 A
1211 1541 1234 1560 M
1244 1535 1264 1559 A
1274 1541 1293 1560 R
1302 1541 1322 1560 v
1331 1541 1367 1567 M,
1386 1533 1469 1560 Idem.
1478 1533 1555 1574 Apul.
1569 1534 1633 1560 Met.
1648 1535 1665 1560 6
1679 1543 1703 1568 p.
1713 1538 1764 1569 178.
1803 1534 1941 1561 Contortis
1955 1536 2102 1571 superciliis
2115 1538 2201 1565 subri-

40 1577 74 1638 ξε
94 1574 126 1602 de
146 1575 207 1601 Nat.
229 1575 308 1599 Dcor.
323 1582 347 1605 2,
367 1581 407 1605 141
427 1581 448 1598 c.
468 1573 498 1604 56
523 1572 557 1596 Vt
571 1571 599 1596 in
611 1569 739 1597 aedificiis
755 1569 894 1596 architecti
914 1577 1038 1598 auertunt
1052 1571 1085 1598 ab
1095 1575 1133 1600 40
1143 1568 1205 1596 dens
1220 1578 1348 1596 amarum.
1368 1570 1437 1606 conf.
1451 1571 1583 1596 Ammian.
1596 1579 1667 1602 21,9.

1178 1613 1201 1632 A
1210 1613 1235 1632 M
1244 1607 1292 1632 AR
1302 1605 1346 1632 171„
1356 1613 1377 1632 v
1386 1613 1414 1637 s,
1438 1607 1518 1640 Apul.
1539 1606 1611 1632 Flor.
1631 1615 1657 1639 4.
1695 1606 1833 1632 Crateram
1851 1605 1913 1632 bibi
1927 1606 2082 1635 dialefficae
2095 1618 2199 1638 amaru.

1143 1641 1204 1668 lam.
1243 1641 1417 1668 Elinenhorst.
1428 1642 1490 1678 legit
1503 1641 1678 1668 Austerulam.
1693 1651 1717 1676 p.
1733 1644 1785 1674 363.

1178 1685 1200 1704 A
1209 1685 1234 1704 M
1243 1685 1266 1704 A
1274 1684 1294 1705 R
1306 1685 1322 1705 Ε
1333 1686 1345 1705 s
1355 1685 1372 1705 c
1381 1685 1417 1710 O,
1452 1680 1505 1704 ere.
1525 1678 1539 1712 [
1545 1679 1698 1712 πικραίνομαι
1717 1698 1725 1710 ,
1745 1676 1862 1712 ηικινίξω]
1898 1678 2027 1706 Amarum
2041 1679 2110 1707 fieri.
2143 1682 2201 1709 Pal-

1146 1713 1230 1740 ladius
1249 1715 1353 1740 Ianuar.
1375 1722 1400 1746 15
1437 1714 1597 1747 Amygdalus
1613 1713 1631 1739 fi
1645 1713 1769 1745 rodatur,
1790 1714 1935 1740 amarescit.

1178 1757 1199 1776 A
1209 1757 1233 1776 Μ
1243 1751 1290 1776 AR
1301 1748 1341 1777 ἷΤ
1351 1757 1393 1777 As
1403 1770 1412 1782 ‚
1429 1750 1487 1776 Etis.
1506 1750 1524 1776 f.
1554 1749 1657 1785 [mn-eloe
1669 1749 1786 1783 γεύσεως]
1807 1751 1909 1776 Glossae
1933 1749 2082 1778 Philoxeni.

1142 1786 1207 1812 ritas
1224 1786 1294 1812 succi
1317 1786 1425 1811 Vitruu.
1441 1794 1466 1817 2,
1481 1793 1506 1818 9.

1178 1829 1233 1848 AM
1244 1819 1387 1848 ARiTIE
1398 1828 1427 1852 s,
1453 1821 1487 1846 ci.
1508 1818 1590 1845 Idem.
1606 1818 1692 1846 Catul.
1707 1821 1752 1852 69,
1767 1824 1792 1849 18
1833 1819 1919 1846 Multa
1931 1821 1991 1847 satis
2004 1821 2068 1855 lusi,
2092 1832 2148 1850 non
2162 1823 2199 1851 est

1141 1857 1188 1883 dea
1201 1857 1286 1883 nescia
1299 1856 1384 1882 nostri
1420 1856 1497 1888 Qiae
1516 1854 1619 1880 dulcem
1632 1855 1701 1881 curis
1714 1855 1805 1881 miscet
1823 1856 1982 1882 amaritiem.

1176 1899 1199 1918 A
1210 1899 1233 1918 M
1243 1900 1265 1918 Λ
1273 1898 1292 1917 R
1301 1899 1310 1917 1
1322 1898 1344 1917 T
1353 1898 1363 1917 1
1372 1898 1394 1918 A
1402 1911 1411 1923 ,
1436 1900 1474 1917 ae.
1505 1891 1624 1926 [πικρία]
1645 1891 1792 1923 Amaritia,
1812 1891 1986 1924 Amaritudo,
2010 1893 2199 1922 Acrimonium

2121 1753 2200 1780 Ama-

1098 1933 1130 1959 50
1145 1928 1203 1953 Ver.
1220 1927 1300 1953 Gloss.

1180 1961 1440 1994 AMARITVDO,
1460 1961 1520 1987 i'nis.
1548 1961 1567 1987 f.
1589 1960 1740 1994 [πικρότης]
1765 1961 1812 1987 Rei
1825 1971 1923 1988 amarae
1935 1962 2029 1997 sapor,
2048 1966 2091 1998 qui
2111 1966 2199 1991 Dulce—

1143 1998 1199 2023 dim·
1213 2000 1354 2032 opponitur.
1405 1998 1515 2030 Propter
1535 1995 1740 2022 amaritudinem
1761 1996 1817 2022 illas
1837 1998 1937 2029 (olcas)
1958 1999 2058 2032 respuit
2083 2001 2199 2034 palatum

1143 2035 1218 2058 Varr.
1228 2035 1259 2058 R.
1268 2034 1298 2058 R.
1309 2041 1327 2061 1,
1342 2033 1384 2057 66.
1422 2031 1488 2057 Plin.
1504 2039 1538 2062 ιι,
1552 2039 1583 2064 37
1606 2030 1661 2056 Ideo
1674 2038 1771 2057 tantam
1784 2032 2080 2065 hahentamaritudinem,
2089 2042 2118 2062 vt
2131 2046 2147 2066 a,
2158 2046 2197 2064 ca-

1521 2066 1654 2092 Abiinthii
1669 2067 1821 2093 amaritudo
1836 2068 1901 2094 Plin.
1917 2077 1954 2104 21,
1969 2078 2004 2096 21.
2042 2071 2111 2097 Aad.
2131 2073 2197 2100 Plin.

1591 2102 1648 2128 Via.
1669 2109 1850 2130 INGRATVS.
2049 2104 2069 2144 ‘J
2091 2116 2107 2134 2
2133 2110 2199 2136 Tra.

1144 2139 1195 2164 late
1207 2138 1242 2164 ad
1252 2139 1303 2165 alia
1318 2138 1431 2174 refertur
1440 2159 1447 2171 ‚
1473 2146 1497 2165 ct
1510 2147 1534 2164 υ.
1549 2147 1574 2174 g.
1585 2141 1744 2164 conuicianai
1762 2139 1886 2166 acerbitas
1898 2137 1938 2173 est.
1973 2141 2108 2176 Attendas,
2122 2154 2156 2171 ne
2169 2146 2199 2172 in

1145 2173 1229 2200 bilem
1243 2180 1288 2201 aut
1301 2174 1507 2201 amaritudinem
1521 2180 1607 2201 vertat
1622 2175 1723 2201 iniuria
1744 2175 1810 2201 Plin.
1820 2175 1896 2210 Fpist.
1905 2177 1931 2208 6,
1945 2180 1968 2208 8,
1977 2182 1999 2207 8.
2035 2180 2196 2208 Amen-itudo

1144 2209 1259 2236 ridicula
1274 2210 1385 2244 Qiin&.
1396 2219 1435 2243 10,
1450 2220 1469 2243 1,
1484 2218 1535 2245 117.
1572 2210 1598 2237 Si
1613 2210 1720 2245 linguae
1729 2212 1879 2238 amaritudo
1888 2212 2031 2239 maledieto
2045 2216 2062 2241 s.
2073 2217 2198 2244 conuicio

1144 2247 1262 2281 eruperit
1276 2245 1397 2272 Tertull.
1418 2248 1450 2273 de
1464 2248 1517 2273 Pat.
1532 2256 1553 2273 c.
1569 2251 1582 2276 8
1620 2248 1688 2273 Adii.
1703 2246 1742 2273 Id.
1757 2247 1793 2273 ib.
1804 2251 1889 2283 pauido
1903 2251 2022 2283 iujo-ius.
2058 2252 2194 2287 Lamprid-

1143 2067 1223 2093 nibus
1238 2076 1292 2093 non
1305 2066 1476 2100 attingantur.

44 2289 149 2320 Amanus
160 2295 235 2314 mons
253 2284 354 2318 Syriam
369 2291 384 2310 a
402 2282 499 2309 Cilicia
519 2290 648 2316 aquarum
667 2280 788 2307 diuortio
803 2280 903 2307 diuidit
921 2281 977 2307 Cic.
993 2282 1046 2306 Att.
1062 2288 1084 2314 5,
1096 2279 1130 2304 60
1142 2282 1170 2308 in
1179 2282 1349 2309 Alex.Seuer.
1358 2291 1393 2309 20
1412 2283 1438 2309 Si
1452 2283 1539 2308 minus
1548 2281 1619 2309 reete
1633 2282 1731 2309 faftum
1742 2284 1802 2309 effer
1810 2282 1923 2318 aliquid,
1934 2284 2014 2310 etiam
2023 2286 2077 2320 ipse
2085 2289 2196 2315 convin-

1139 2324 1220 2350 ceret,
1235 2317 1316 2353 idque
1324 2318 1377 2344 line
1389 2317 1468 2351 fastu,
1489 2318 1574 2344 etline
1581 2318 1759 2345 amaritudine
1767 2320 1859 2345 animi.
1881 2319 1999 2355 Plin.Ep.
2008 2329 2034 2355 7,
2043 2331 2079 2355 33,
2089 2332 2106 2358 7
2120 2324 2196 2351 Sene.
2238 2345 2240 2347 ,

1139 2354 1244 2380 cionem
1260 2363 1315 2380 non
1333 2354 1458 2381 aduocati
1471 2354 1567 2386 fidem,
1587 2354 1632 2380 sed
1646 2354 1751 2380 inimici
1765 2355 1970 2382 amaritudinem
1985 2357 2109 2392 impleffe.
2132 2362 2196 2387 Car.

1139 2390 1244 2416 minum
1260 2389 1327 2416 Plin.
1337 2392 1406 2422 36‚5.
1443 2390 1597 2417 lamborum
1606 2389 1699 2417 auftor
1713 2391 1744 2417 de
1759 2391 1847 2418 Cauiis
1860 2398 2000 2426 corruptae
2013 2393 2196 2430 eloquentiae,

1137 2434 1192 2459 cap.
1209 2434 1245 2451 io.
1283 2425 1351 2452 Adel.
1369 2425 1489 2452 Buchner.
1504 2426 1538 2453 ad
1549 2426 1617 2452 Plin.
1632 2425 1711 2461 Epist.
1726 2434 1749 2460 ς,
1765 2435 1794 2454 ιι.
1837 2427 1992 2455 Studiorum
2006 2431 2166 2464 Qxinffiln,
2175 2441 2194 2464 1,

1775 2461 1796 2499 q
1815 2471 1827 2495 3
1847 2464 1980 2498 Speciatim
1991 2475 2089 2500 Juiama
2102 2472 2195 2495 oratio-

1137 2500 1178 2522 nis
1191 2497 1353 2527 vehementia,
1374 2495 1498 2533 δριμύτης,
1512 2497 1553 2532 fic
1565 2504 1677 2525 vocatur.
1715 2498 1967 2532 Q1in&il.11,3,169
1991 2501 2195 2531 Esthisdiuersa

1141 2534 1215 2563 VOX‚
1242 2539 1268 2559 et
1282 2541 1364 2567 paene
1379 2540 1452 2560 extra
1466 2543 1606 2568 organum,
1627 2534 1774 2560 cuiGraeci
1792 2543 1891 2561 nomen
1904 2536 2099 2565 Amaritudinis
2117 2540 2194 2566 dede-

1135 2574 1213 2601 runt,
1236 2568 1312 2603 supra
1333 2568 1444 2595 modum
1457 2577 1486 2596 ac
1499 2578 1581 2605 paene
1601 2578 1721 2597 naturam
1742 2570 1816 2597 vocis
1830 2570 1959 2597 humanae
1973 2573 2081 2601 acerba:
2106 2579 2194 2607 (cuins

1135 2606 1267 2639 exemplum
1275 2608 1395 2645 proponit
1413 2615 1442 2631 ex
1463 2606 1518 2632 Cic.
1534 2615 1583 2640 pro
1597 2606 1770 2632 Rabinl'erd.
1781 2616 1801 2632 c.
1815 2609 1833 2633 6
1839 2611 1850 2640 )
1874 2607 1949 2640 Qiin
1964 2611 2129 2644 compescitis
2145 2621 2192 2638 vo-

1135 2680 1318 2712 comparatione
1330 2675 1447 2710 historiae
1461 2685 1485 2703 et
1499 2681 1638 2710 orationis,
1658 2678 1730 2704 Haec
1744 2678 1787 2704 vel
1802 2678 1918 2705 maxime
1932 2680 1979 2712 vi,
2002 2683 2192 2716 amaritudine,

1138 2712 1276 2744 instantia3
1297 2713 1342 2739 illa
1357 2712 1443 2739 traehi
1457 2720 1484 2740 et
1496 2713 1638 2745 suauitate,
1659 2719 1738 2748 atque
1753 2713 1832 2740 etiam
1847 2714 1986 2742 dulcedine
1999 2717 2091 2751 placet.
2122 2719 2191 2746 Add.

1136 2758 1164 2783 4,
1182 2757 1215 2775 20
1229 2755 1294 2775 extr.
1332 2752 1362 2775 it.
1378 2757 1398 2781 1,
1415 2751 1453 2782 16,
1467 2757 1488 2782 5.
1526 2757 1550 2775 et
1567 2758 1595 2783 4,
1609 2757 1641 2782 11,
1654 2757 1670 2775 2
1690 2750 1744 2776 Cui
1759 2750 1901 2777 sententiae
1916 2757 2018 2779 tantum
2031 2753 2109 2787 bilis,
2135 2761 2190 2781 tan·

1137 2792 1193 2811 tum
1208 2785 1395 2812 amaritudinis
1410 2785 1483 2811 inest.
1521 2785 1560 2812 Id.
1572 2788 1599 2818 6,
1613 2794 1650 2817 21,
1666 2793 1678 2818 5
1704 2786 1769 2812 Non
1781 2785 1822 2812 illi
1837 2787 1888 2820 vis,
1908 2796 1963 2814 non
1975 2789 2118 2823 granditas,
2134 2800 2189 2817 non

13 2839 16 2842 ⁴
53 2831 99 2850 um
120 2828 246 2854 vocatur,
278 2826 322 2847 aut
340 2819 535 2851 amaracinum,
566 2819 599 2846 ad
611 2819 834 2846 excalefaciendos
853 2817 1079 2854 emolliendosque
1089 2825 1121 2854 75
1135 2820 1282 2853 subtilitas,
1302 2830 1357 2848 non
1370 2820 1537 2854 amaritudo,
1557 2830 1612 2848 non
1626 2821 1753 2854 dulcedo,
1780 2831 1832 2848 non
1845 2822 1918 2857 lepos
1937 2823 2032 2851 defuit,

1170 2859 1280 2884 AMAR
1292 2864 1328 2890 o,
1348 2861 1401 2884 {re-
1438 2861 1559 2883 Amarum
1568 2857 1666 2893 facere.
1704 2859 1820 2884 Auienus
1833 2859 1912 2894 Epist.
1926 2859 1959 2886 ad
1979 2861 2052 2887 Flau.
2071 2861 2189 2894 Myrme-

1137 2893 1209 2920 ciuin
1228 2900 1269 2928 ap.
1285 2893 1411 2920 pithoeum
1425 2892 1524 2919 Collefr.
1540 2895 1628 2930 Epigr.
1643 2900 1666 2919 et
1684 2894 1764 2920 Poeni.
1786 2895 1839 2921 l'ct.

1239 2930 1309 2955 Haec
1321 2935 1350 2955 vt
1363 2929 1448 2956 amice
1464 2936 1549 2963 petam
1564 2936 1661 2964 cogunt
1674 2929 1779 2956 fastidia
1800 2930 1885 2964 longis

1237 2965 1307 2991 Nata
1321 2965 1414 2997 malis,
1436 2971 1461 2991 et
1475 2965 1547 3000 quod
1560 2966 1663 3000 penitus
1676 2966 1776 2992 fellitus
1791 2973 1909 2991 ainarans

1236 3002 1293 3028 Ora
1305 3001 1381 3036 sapor
1392 3001 1433 3027 nil
1453 3001 1528 3027 dulce
1542 3009 1602 3028 meo
1616 3001 1676 3028 finit
1696 3002 1744 3028 esse
1759 3001 1852 3036 palato.

1169 3044 1191 3063 A
1200 3043 1225 3063 M
1234 3038 1280 3063 AR
1289 3043 1308 3063 o
1318 3044 1336 3064 R
1346 3056 1355 3070 ,
1385 3037 1450 3063 oris.
1482 3046 1519 3063 m.
1545 3037 1698 3073 [πικρότης]
1725 3037 1791 3063 Idem
1831 3035 1879 3063 uod
1901 3035 2062 3063 Amaritudo.
2107 3037 2184 3074 Virg.

1131 3073 1228 3107 Georg.
1238 3081 1263 3105 2,
1278 3078 1329 3106 248
1363 3073 1624 3100 Tristiatentantuni
1636 3074 1709 3099 sensu
1722 3046 1860 3108 torquebit
1879 3080 1992 3099 amaror.
2029 3072 2134 3100 Lucret.
2155 3084 2186 3108 4,

1132 3116 1197 3171 225G
1207 3110 1299 3142 Quini
1317 3109 1421 3136 tuimur
1438 3109 1545 3136 misceri
1566 3109 1710 3141 ablinthia,
1730 3109 1814 3144 tangit
1833 3116 1947 3136 amaror.
2001 3107 2074 3134 Adde
2088 3111 2115 3142 6,
2127 3117 2187 3143 930.

1131 3151 1155 3170 et
1200 3145 1243 3171 ell.
1259 3154 1278 3177 1,
1292 3153 1329 3172 21.
1554 3175 1557 3179 .
2000 3142 2006 3148 ⁸

1166 3187 1221 3207 AM
1231 3187 1253 3208 A
1261 3188 1281 3208 R
1289 3188 1309 3208 o
1320 3188 1341 3208 T
1350 3178 1362 3207 ἰ’
1370 3188 1386 3208 C
1395 3188 1417 3208 v
1425 3188 1438 3208 s
1448 3201 1457 3214 ,
1474 3180 1542 3216 apud
1556 3178 1666 3208 Theod.
1681 3180 1760 3207 Prisc.
1777 3179 1808 3206 de
1824 3179 1910 3206 Diaet.
1932 3187 1987 3214 cap.
2001 3187 2027 3212 9.

1168 3223 1188 3243 A
1198 3224 1223 3243 M
1233 3224 1255 3244 A
1263 3223 1281 3243 R
1290 3215 1312 3243 ὕ
1321 3224 1337 3244 L
1345 3223 1362 3244 E
1370 3223 1393 3243 N
1404 3224 1425 3244 T
1435 3224 1456 3244 v
1464 3224 1477 3244 s
1487 3237 1495 3249 ,
1514 3216 1574 3243 Adi.
1596 3215 1694 3251 [πικρός
1704 3219 1715 3250 ]
1747 3215 1825 3242 Valde
1842 3225 1949 3241 amarus.
1993 3216 2042 3242 Per
2060 3216 2185 3252 metapho-

1131 3261 1194 3279 ram.
1249 3252 1318 3279 Gen.
1331 3260 1354 3285 3,
1369 3260 1398 3288 17
1422 3253 1608 3279 Amarulentus
1623 3252 1723 3279 librum
1741 3250 2012 3278 maledicentiffimum
2025 3252 2186 3287 conscripsit.

1133 3289 1194 3315 Erat
1206 3288 1369 3316 amarulenta
1385 3288 1524 3315 dicacitate
1538 3288 1657 3316 Macrob.
1678 3289 1727 3314 Sat.
1743 3295 1761 3317 1,
1776 3295 1793 3321 7
1805 3287 1856 3323 fin.

1167 3331 1190 3351 A
1200 3331 1224 3351 M
1233 3332 1255 3352 A
1265 3332 1283 3351 R
1293 3324 1310 3351 E*
1321 3331 1338 3351 F
1346 3331 1368 3351 A
1376 3331 1393 3352 c
1403 3332 1411 3351 1
1421 3331 1440 3351 ο
1449 3344 1458 3357 ,
1481 3327 1534 3352 ere.
1574 3325 1709 3352 Nonnullis
1717 3320 1750 3356 ψ
1761 3321 1915 3358 compositum
1928 3322 1995 3359 apud
1999 3322 2083 3350 Plaut.
2097 3323 2183 3351 Truc.

74 3365 97 3387 A
107 3361 186 3386 MAR
195 3357 207 3386 ἴ
217 3365 233 3386 C
242 3365 271 3388 O,
290 3355 427 3392 [πικρίξω]
448 3357 576 3391 Amatam,
595 3361 612 3384 i.
619 3359 741 3394 asperum,
756 3361 858 3389 iratum,
873 3356 961 3393 facio,
979 3357 1076 3399 etquafi
1085 3368 1150 3393 901,
1166 3369 1190 3392 2,
1206 3368 1252 3395 77,
1270 3360 1335 3396 quod
1346 3359 1485 3387 diiunctum
1500 3360 1610 3387 dedimus
1617 3361 1697 3397 stupra
1710 3362 1737 3385 in
1750 3364 1772 3385 A
1781 3364 1864 3386 MAR
1873 3365 1900 3385 E.

1164 3403 1187 3423 A
1196 3403 1221 3423 M
1230 3404 1251 3423 A
1261 3404 1280 3423 R
1290 3404 1332 3424 YL
1341 3404 1358 3423 1.
1367 3404 1376 3423 1
1385 3404 1398 3423 s
1407 3416 1415 3428 ,
1436 3396 1497 3423 i'dis.
1518 3393 1715 3432 [Άμαρυλλῆς]
1738 3395 1832 3421 Nomen
1838 3392 1943 3428 rusticae
1949 3393 2017 3429 apud
2029 3393 2104 3428 Virg.
2129 3392 2182 3419 Ecl.

1132 3440 1158 3465 2,
1174 3441 1203 3465 14
1229 3432 1335 3460 Tristes
1348 3432 1520 3465 Amaryllidis
1534 3432 1594 3459 iras.
1629 3429 1776 3463 Aniarylli,
1802 3431 1937 3457 Vocatiuus
1958 3432 2066 3456 Graecus
2079 3427 2120 3462 est,
2139 3431 2183 3464 qui

1131 3469 1213 3494 breuis
1226 3467 1268 3501 est,
1289 3471 1475 3505 quotiescunque
1488 3472 1516 3495 in
1530 3468 1559 3495 IS
1570 3470 1720 3494 terminatur
1734 3467 1920 3493 Nominatiuus.
1957 3465 2031 3499 Virg.
2051 3464 2104 3491 Ecl.
2117 3472 2138 3505 ι,
2150 3472 2182 3499 37

1133 3504 1253 3531 Mirabar
1260 3504 1325 3539 quid
1338 3504 1438 3531 moesta
1451 3504 1514 3531 deos
1528 3502 1657 3535 Amarylli
1671 3509 1787 3530 vocares.
1824 3501 1966 3535 Amaryllis
1975 3501 2091 3527 formosa
2106 3501 2181 3534 Virg.

0 3565 5 3574 ,
76 3535 161 3576 'calida
172 3543 198 3564 et
207 3537 319 3572 frigida,
339 3543 365 3563 et
378 3536 466 3563 dulcia
480 3541 505 3562 et
518 3544 613 3562 amara.
648 3537 728 3563 Doris
742 3545 833 3576 amara·
843 3537 915 3562 suam
928 3545 981 3564 non
994 3537 1076 3566 inter·
1089 3546 1121 3572 95
1132 3540 1198 3566 Eccl.
1214 3549 1234 3573 1,
1248 3549 1269 3573 5.
1303 3541 1357 3576 Qo
1376 3540 1510 3576 respiciens
1528 3538 1611 3566 Ouid.
1632 3537 1718 3564 Trist.
1737 3544 1770 3572 2',
1790 3545 1837 3574 537
1865 3538 1990 3565 Teneros
2008 3535 2181 3567 Amaryllidis

0 3575 4 3613 ζ
47 3570 147 3600 misceat
157 3573 251 3600 vndam
265 3574 340 3608 Virg.
355 3573 408 3601 Ecl.
419 3581 456 3605 io,
469 3580 481 3605 5
503 3571 530 3598 de
537 3571 660 3607 salsedine
673 3575 760 3599 maris.
797 3572 862 3598 Plin.
878 3580 914 3604 12,
929 3581 946 3605 9
963 3573 1076 3602 Facilius

1132 3577 1204 3611 ignea
1220 3583 1346 3603 memorat.

1168 3619 1188 3639 A
1199 3619 1223 3638 M
1232 3619 1254 3639 A
1262 3619 1274 3639 s
1285 3619 1302 3639 c
1311 3619 1330 3639 o
1340 3631 1348 3644 ,
1366 3616 1419 3638 are.

1136 3648 1205 3675 Amo
1220 3654 1284 3674 vett.
1297 3648 1455 3674 inchoatiuo
1469 3646 1550 3672 modo
1562 3643 1688 3673 dixerunt
1699 3645 1818 3672 Amasco.

1133 3684 1246 3711 amasco.
1286 3685 1354 3710 Hinc

1465 3610 1562 3637 Amare
1581 3608 1660 3644 cupio
1680 3608 1759 3636 Gloss‘.
1778 3607 1871 3636 Ifldor.
1892 3605 2014 3635 Diomed.
2029 3615 2054 3641 p.
2069 3614 2116 3640 334
2137 3606 2180 3634 Ab

1856 3645 1943 3672 Natu.
1965 3643 2044 3670 Nunc
2061 3651 2182 3677 primum

530 3717 640 3742 Amaros
655 3723 758 3741 amores
772 3714 888 3749 experiri
899 3715 972 3751 Virg.
992 3717 1128 3752 Ecl.3,100
1169 3726 1189 3747 A
1200 3726 1332 3747 MAscv
1343 3726 1372 3751 s,
1396 3718 1415 3745 i.
1442 3726 1477 3744 m.
1505 3717 1612 3744 Amator
1631 3715 1674 3750 ff
1690 3716 1797 3753 putabat
1820 3713 1962 3743 Diomedes
1976 3712 1993 3739 l.
2007 3722 2028 3739 c.
2049 3715 2077 3739 in
2094 3713 2182 3742 Plauti

1131 3756 1217 3783 Truc.
1236 3764 1259 3788 3,
1280 3764 1306 3788 1,
1328 3763 1351 3787 13
1377 3754 1440 3780 istos
1454 3752 1595 3779 mundulos
1615 3753 1736 3780 amascos.
1795 3752 1836 3779 Sic
1847 3753 1910 3777 enim
1923 3750 1959 3775 ibi
1973 3748 2098 3786 legendum
2113 3750 2181 3776 vidit

1131 3790 1436 3818 Graeu.ad1fid.(310nt
1456 3798 1480 3824 p.
1495 3797 1522 3822 4.
1577 3788 1703 3816 Caeterum
1723 3787 1853 3824 Putschius
1873 3786 1910 3812 ibi
1927 3784 2011 3818 dedit,
2030 3784 2096 3822 quod
2114 3784 2180 3813 re&-

1130 3827 1197 3862 apud
1209 3829 1323 3854 Plautum
1337 3828 1438 3862 legitur,
1457 3822 1582 3851 Amasim.

1157 3870 1188 3890 ‘A
1203 3870 1229 3890 M
1242 3871 1263 3890 A
1279 3870 1292 3889 s
1308 3865 1324 3888 ιῖῖ
1339 3869 1360 3888 N
1376 3869 1396 3888 v
1411 3868 1424 3888 s
1439 3880 1447 3893 ‚
1477 3859 1649 3894 [Ἀμάσηνος]
1683 3860 1785 3886 Flauius
1808 3855 1956 3892 Volscorum.
2010 3856 2087 3891 Virg.
2112 3856 2177 3882 Aen.

575 3895 676 3926 Calices
689 3894 835 3921 amariores
854 3893 973 3928 ingerere
980 3897 1122 3934 Camll.¹05
1132 3907 1164 3932 Π,
1178 3906 1238 3934 547-
1257 3898 1305 3927 Sed
1317 3897 1469 3924 Ouid-Met·
1483 3902 1575 3931 13‚272
1584 3904 1634 3923 'zon
1644 3896 1786 3923 Amasenus
1792 3891 1919 3929 legendum
1931 3901 2015 3919 varum
2022 3892 2177 3919 Amenanus.

1287 3933 1315 3960 N
1336 3941 1355 3958 n
2063 3928 2180 3955 AMAmS
