2474 4182
403 183 467 220 lfsus
485 181 518 217 {sl
532 182 605 219 [πρε
624 178 739 207 Martial.
757 177 865 213 paffiue‚
892 184 934 210 vt,
956 178 1079 205 Bafianda

45 115 114 156 593

45 190 139 217 basiare
159 195 234 222 quem
254 184 331 212 nolis.

45 234 97 251 non
112 227 192 255 es,'1,
206 229 243 254 95.

78 266 142 287 ssAs
152 266 160 284 1
169 259 216 284 Ᾱί·
226 264 244 283 ν
254 263 277 283 s.
314 255 406 281 Partic.

44 294 143 321 bassata.

462 252 576 281 Martial.
597 259 639 281 12,
664 257 695 282 59
725 249 795 275 Hinc
816 250 889 277 sutor
909 250 990 277 modo
1010 249 1078 285 pelle

38 333 39 351 1
75 334 216 356 nAsmT
227 333 263 354 10
274 347 281 359 ,
297 326 364 353 onis.
384 326 403 352 f.
440 323 553 352 Martial.
565 329 599 357 7,
611 329 647 354 94
667 319 799 346 Hibernas
825 321 891 347 Line
912 321 1077 370 basiationes.
1103 328 1117 354 5

38 363 77 392 lid.
92 373 114 396 2,
129 371 164 395 23.
202 369 225 388 ct
240 362 335 389 Catuli.
350 370 381 396 7,
395 370 414 388 ι.
918 391 923 397 ,

38 398 40 417 ²
76 400 189 426 ΒΑειᾸ
200 405 219 424 T
230 405 293 430 on,
322 398 386 423 oris.
420 405 455 422 m.
490 394 541 427 Qai
551 391 702 427 frequenter
722 390 807 425 bafiat.
843 392 1018 423 Ma1-t1al.u‚
1041 398 1076 424 99

38 434 156 469 {Effugere
170 442 223 460 non
237 434 288 466 cst,
307 433 390 464 Basse,
409 430 546 457 bafiatores
565 433 611 452 etc.
637 433 674 453 ter
690 426 725 452 ibi
736 431 819 462 ponit.

38 475 40 514 ’ἶ
73 476 88 497 Β
97 478 116 497 A
127 478 139 496 S
149 477 161 496 S
173 468 193 495 l(
203 477 219 496 R
230 476 244 496 F.
256 477 274 495 v
285 476 297 496 S
307 489 313 500 ,
341 477 385 503 per
397 475 428 492 eu
444 463 545 498 diphth.
583 462 758 498 [Βασσαμύς]
794 460 888 490 Dic‘lus
903 462 935 496 ist
951 461 1072 492 Bacchus,

41 545 118 572 :barti
133 545 258 580 Jcntcntia
276 543 444 569 Graeculorum
467 538 622 574 etymologiis
644 549 659 565 a
680 538 763 573 βάζω,
787 540 879 570 clamo,
900 545 921 564 ct
932 536 1072 571 similibus,

38 577 207 616 braeferenda.
247 578 303 605 Vid.
319 584 413 607 tamen,
431 583 492 609 quae
508 574 595 600 damus
607 578 634 600 in
647 581 804 601 BASSARIS.
849 575 941 600 Horat.
955 573 1043 598 Carm.
1053 580 1072 604 1,

38 606 72 651 lss,
85 625 107 643 ιι
146 630 189 636 ——
225 623 276 640 non
291 621 338 647 ego
351 617 392 643 te,
403 609 521 650 *candide
536 610 653 637 Bass'areu
663 631 670 643 ‚
708 611 825 637 Inuitum
844 608 968 644 quatiam.

32 653 41 692 Ἰ
72 648 324 679 ΒΑεςιῖκῖενε.
360 645 419 672 Adi.
455 682 459 685 .

36 687 126 720 laxatis
138 691 245 712 onerato
258 683 323 710 colla
341 680 473 714 corymb1s
482 702 489 713 ,
998 716 1004 720 .

32 727 52 748 '.
67 722 213 752 Bacchi-ras,
232 719 276 746 hoc
294 715 328 751 1³st
345 724 417 750 tuas,
433 717 527 753 scribit
542 721 606 743 enim
625 718 659 744 ad
674 718 794 744 Bacchum
806 726 814 740 :
840 718 882 751 qui
901 722 924 740 et
946 716 1073 742 ssassareus

38 722 144 810 lineatur.

21 809 24 814 ι
69 799 84 818 13
94 799 112 818 A
124 798 136 818 s
145 798 158 818 s
167 788 189 817 ,ἴ
198 796 214 816 a
225 797 232 815 ι
242 791 275 820 s,
291 787 349 813 i'dis.
386 787 546 823 [Βάσσαρις]

54 833 62 854 t
77 826 174 853 se6h1m
186 823 270 851 vitulo
285 829 361 858 caput
373 824 492 851 ablatura
509 824 622 859 superbo
658 823 770 850 Baliaris.

36 860 49 890 ¹.
64 861 212 891 Bam-arides,
227 859 349 886 Bacchae.

49 904 102 926 ater
122 896 257 928 vtebatur,
282 895 388 922 dcmifl'a
412 895 444 922 ad
472 896 537 922 talos
548 917 556 928 ,
584 904 664 930 quam
682 894 802 920 Thraces
823 893 944 919 Bass'arim
967 900 1070 920 vocant.

59 931 144 960 uidam
157 941 171 958 a
184 930 317 966 vulpibus,
325 940 439 966 quarum
453 931 566 967 pellibus
579 930 691 958 Bacchae
703 928 928 962 succingebantur.
966 929 996 954 Et
1010 930 1071 955 Sane

59 968 167 1006 effiaedbius
181 966 314 1010 Baio-comm,
330 971 421 1003 inquit,
437 970 552 1001 χιτῶνες,
570 966 596 993 ἒς
611 965 695 1001 ἒφᾶρκν
710 964 736 990 αἱ
748 964 850 998 &plimon
867 962 977 996 Βάκχαι.
1016 964 1071 990 Sui.

39 1005 75 1034 du
85 1003 203 1038 Bdoaaeos
218 1002 327 1035 α’λωπηξ.
909 1034 917 1040 ἢ
934 1035 938 1039 .

40 1069 41 1072 ,
66 1045 154 1068 BASS
164 1046 172 1065 ι
183 1045 198 1064 1.
209 1046 217 1065 1
227 1044 248 1064 T
258 1046 277 1065 Α
288 1046 299 1065 s
309 1059 317 1071 ,
338 1038 396 1065 stis.
432 1038 451 1064 f.
488 1038 567 1064 Gloff.
581 1037 627 1064 Gr.
640 1036 697 1063 Lat.
711 1034 837 1067 παχύτης,
859 1034 988 1061 ballilitas.

64 1081 80 1104 Β
88 1082 128 1102 As
138 1081 150 1101 8
159 1082 180 1101 v
189 1082 205 1101 ι,
214 1081 234 1100 V
245 1082 299 1106 s,a,
308 1083 362 1100 um.
384 1074 482 1101 Dimin.
520 1073 598 1099 Glofl'.
607 1072 663 1098 Lat.
673 1072 719 1098 Gr.
732 1070 845 1097 Bass'ulus
854 1091 862 1104 ,
882 1070 967 1103 παχύς
986 1068 1069 1096 duono-

40 1111 123 1141 bemi‘x.
173 1109 229 1136 Vici.
243 1109 334 1142 statim
353 1116 472 1136 BAssvs.

40 1143 41 1154 ³
61 1151 216 1178 BASSVS,
242 1154 272 1178 a,
297 1154 350 1171 um.
387 1146 409 1171 A
428 1143 534 1175 Calvam,
554 1141 716 1178 profundior
730 1142 808 1168 Gloss'.
832 1142 887 1168 Lat.
902 1142 948 1168 Gr.
970 1142 1070 1174 Bafl'us,

35 1173 109 1216 laxias
123 1183 238 1215 ξ’γχυλος.
282 1181 373 1207 Ifidor.
386 1180 463 1206 Glofs.
484 1179 584 1211 Baffus,
606 1178 729 1214 pinguis,
748 1177 852 1204 obesus.

458 646 636 681 [Βασσάρειος]
675 647 792 680 Propert.
809 654 832 678 3,
847 653 885 678 ις,
899 652 929 683 go
955 642 1072 670 Candida

583 785 807 824 Bacchifixcerdos.
845 786 913 811 Pers.
926 786 976 812 Sat.
993 794 1074 818 1,100

820 821 878 847 Via.
900 821 985 847 Schol.
999 822 1031 848 ad
1046 821 1072 848 h.

39 1253 120 1303 finnus
133 1251 306 1293 transferendi
319 1261 358 1278 res
364 1250 478 1287 publicas
490 1257 533 1277 aut
548 1252 677 1290 Principis
696 1250 714 1276 1.
722 1258 733 1281 3
753 1249 819 1289 Cod.
833 1248 865 1275 de
876 1248 988 1275 Cohort.
1007 1249 1070 1275 unde

45 1288 299 1339 raepofitiliassagae
312 1287 435 1348 dicuntliis?
447 1292 483 1348 εἱ
485 1286 653 1356 Byacstacglptgff
660 1295 698 1348 δὲ
700 1285 864 1352 'ljolei-gn.2
871 1285 947 1346 7111th
950 1284 1072 1347 ιιιιΙιΞηᾳΙιιαᾶιὲ

38 1324 415 1397 asspizz‘v'zlzuglibcapqststaezn
429 1342 465 1385 'C.
480 1342 592 1385 The'od.
608 1341 653 1390 ιο,
665 1366 709 1390 20,
725 1330 821 1383 -tituffis
830 1332 1072 1391 ’di'ssastagaeg're-

43 1403 192 1460 Ἓᾶξιιζῃιῗᾏ
201 1437 221 1458 G
231 1437 251 1457 A
261 1437 278 1457 R
287 1437 296 1456 1
306 1436 333 1461 1,
350 1428 404 1463 fiae
424 1435 440 1456 B
449 1436 471 1457 A
479 1436 491 1455 s
501 1435 523 1454 'r
531 1435 554 1455 A
564 1434 586 1454 N
596 1434 617 1454 G
628 1435 648 1455 A
658 1435 677 1454 R
687 1435 696 1454 1
706 1422 725 1454 ιζ
762 1428 814 1463 ‚Qui
827 1426 943 1462 Bastagas
954 1427 1070 1464 faciunt.

46 1467 89 1494 'id.
105 1468 122 1494 l.
138 1476 149 1500 3
171 1473 194 1493 et
216 1475 238 1493 ιι
266 1466 296 1492 C.
309 1464 367 1492 Th.
389 1471 413 1491 et
432 1465 449 1491 l.
465 1474 483 1497 4
500 1471 524 1491 et
537 1470 550 1494 8
571 1464 601 1490 C.
615 1463 647 1490 de
660 1462 786 1497 Murileg.

60 1510 76 1530 Β
84 1511 108 1530 A
116 1511 129 1530 S
139 1510 159 1530 Τ
168 1510 184 1529 E
193 1509 211 1528 R
221 1509 242 1528 N
251 1509 271 1528 A
281 1522 289 1533 ,
310 1509 348 1527 ae.
385 1500 523 1537 Dfivzieizte
543 1499 642 1526 Isidoro
664 1508 713 1531 20,
732 1507 760 1526 12
784 1498 945 1525 Vehiculum
965 1498 1070 1525 itineris

58 1553 104 1558 —
139 1537 264 1563 mollibus
284 1536 429 1562 stramentis
449 1535 485 1562 est
497 1535 595 1569 pofita,
614 1544 629 1561 a
646 1535 750 1562 duobus
770 1534 928 1561 animalibus
949 1534 1070 1569 deporta-

44 1582 73 1601 u·-
110 1572 284 1607 Antiquissimi*
303 1575 355 1597 cius
373 1574 462 1597 mentio
477 1571 571 1597 Pallad.
586 1572 643 1597 Iun.
657 1580 688 1604 2,
704 1579 715 1602 3
740 1571 762 1597 A
783 1577 858 1605 tergo
879 1570 996 1596 vehiculi
1016 1570 1069 1597 duo
1083 1582 1121 1606 40

45 1608 165 1637 reuiffimi
184 1614 302 1634 temones
316 1607 477 1640 figurantur,
495 1606 568 1633 velut
587 1608 678 1634 amites
697 1606 887 1633 basternarum.
933 1607 1069 1633 Luculenta

68 1643 201 1682 descriptio
215 1645 241 1668 in
256 1643 314 1668 Vct.
328 1642 414 1676 Epigr.
428 1642 495 1677 apud
507 1642 635 1682 l'ithoeum
655 1642 672 1668 l.
686 1652 705 1676 4
729 1651 753 1682 p.
769 1651 806 1674 ¹31

175 1679 262 1705 Aurea
280 1684 412 1704 matronas
431 1677 528 1704 claudit
542 1677 663 1704 Basterna
679 1677 799 1712 pudicas,

219 1715 295 1748 Quae
310 1713 412 1740 radians
428 1713 545 1747 patulum
559 1713 638 1747 gestat
653 1714 787 1748 vtrimque
803 1713 878 1739 latus.

178 1750 251 1777 Hanc
268 1749 386 1784 geminus
407 1755 493 1783 portat
514 1749 613 1783 duplici
633 1748 679 1775 sub
699 1749 798 1776 robore
814 1749 864 1782 (hi
875 1748 938 1785 siant
956 1748 1067 1781 amites)
1086 1760 1120 1789 45

219 1816 345 1847 Prssuehit
363 1825 388 1845 et
407 1818 512 1845 modico
533 1819 647 1853 pendula
666 1821 735 1855 septa
755 1820 845 1855 gradu.
857 1784 963 1817 burdo,

177 1856 314 1882 Prouisum
327 1854 363 1881 est
376 1860 451 1881 caute
459 1874 466 1886 ‚
485 1864 518 1881 ne
533 1864 579 1889 per
594 1856 651 1883 loca
665 1856 770 1891 publica
782 1864 891 1890 pergens

219 1892 342 1918 Fuscctur
357 1890 418 1917 vifis
432 1890 498 1917 casta
512 1896 634 1917 matrona
654 1893 718 1928 (leg.
733 1892 848 1922 marita)
869 1890 944 1917 viris.

45 1962 188 1989 initorum.
247 1964 304 1990 Vet.
319 1962 405 1989 Schol.
427 1961 561 1988 Voffianus
581 1961 613 1988 ad
628 1963 746 1989 quenal.
759 1971 793 1996 4,
816 1971 843 1988 21
870 1963 945 1995 Quae
963 1960 1070 1987 vehitur

43 1998 107 2026 auso
121 1997 179 2024 latis
193 1998 370 2033 specularibus
384 2003 460 2024 antro
469 2017 476 2028 ,
495 2000 678 2032 interpretatur
687 2018 693 2028 ‚
716 1998 757 2025 Est
771 1998 891 2025 basterna
905 1996 1069 2029 vehiculum,

56 2033 91 2059 de
110 2034 308 2068 speculabantur
326 2039 472 2060 matronae.
527 2034 661 2069 Lamprid.
679 2033 784 2069 Elagab.
803 2042 831 2060 21
859 2034 946 2068 Equos
960 2032 1068 2064 stratos,

47 2069 120 2102 ulas,
138 2068 276 2096 ¹basternas
295 2076 321 2097 et
341 2069 434 2096 rhedas
453 2072 590 2105 coniungit.
659 2069 716 2096 Vid.
733 2070 833 2105 Salmas
847 2069 888 2095 hic
909 2076 931 2094 et
952 2067 986 2093 ad
1005 2077 1026 2092 c.
1040 2076 1066 2098 4.

43 2111 77 2131 et.
102 2103 182 2131 Gloff.
196 2107 325 2137 uomicae,
342 2107 479 2138 Λεκτίκιον,
497 2106 620 2138 βαςὲρνοε,
639 2105 790 2139 κροίββοετον.
827 2104 899 2129 Seru.
916 2102 948 2127 ad
963 2102 1026 2126 Aen.
1043 2105 1067 2131 8,

42 2140 74 2168 56
90 2140 191 2167 pilenta
211 2142 268 2168 sunt
287 2141 420 2172 vehicula,
428 2139 502 2165 ficuti
522 2148 590 2165 nunc
604 2137 736 2165 Basternas
756 2138 886 2164 videmus.
924 2137 1003 2161 Erant
1023 2143 1067 2161 au-

45 2185 72 2202 m
85 2182 147 2203 tunc
163 2177 258 2202 Veneti
278 2175 465 2206 coioris,.n0n
478 2179 506 2199 vt
520 2182 588 2199 nunc
602 2174 661 2199 sunt
678 2173 783 2205 russ‘ati,
803 2171 900 2207 quibus
917 2171 998 2197 castae
1013 2179 1066 2196 ma-

42 2219 111 2237 onae
125 2211 165 2236 vti
177 2219 232 2236 non
246 2215 375 2245 poterant.
413 2208 546 2234 Ammian.
559 2208 642 2235 Marc.
656 2217 697 2243 14,
711 2216 740 2243 17
760 2209 899 2234 Matronae
918 2207 1066 2241 complures

20 2245 116 2273 νει-εὶς
139 2245 269 2280 capitibus
291 2251 317 2271 et
339 2243 465 2271 basternis
480 2252 527 2278 per
549 2243 631 2270 latera
655 2244 771 2271 ciuitatis
795 2243 889 2270 ειιηξὶει
909 2243 1066 2269 discurrunt.

27 2295 29 2298 ·
51 2284 161 2312 'flenter
179 2281 208 2307 de
228 2280 349 2310 Basterna
369 2282 420 2316 egit
439 2278 558 2312 Scheffer.
577 2279 607 2305 de
627 2289 654 2306 re
672 2280 751 2307 vehic.
769 2290 794 2312 2,
815 2283 840 2306 6.

43 2331 71 2341 m·
99 2316 161 2354 fiant
178 2316 338 2353 Transennae
357 2318 397 2342 vel
405 2313 537 2351 protem,
557 2324 617 2351 quae
632 2316 753 2343 habentur
767 2319 794 2342 in
806 2314 905 2342 aedibus
920 2315 1067 2350 transeundi

44 2382 47 2386 .
64 2366 103 2387 ,μ’
122 2352 194 2379 ιάηάί
206 2355 302 2389 gratia.
338 2352 421 2378 Cuiac.
437 2351 538 2388 Obscru.
552 2361 586 2383 13,
595 2361 636 2384 3⁰,
655 2362 685 2378 ex
700 2350 826 2386 constitut.
834 2352 940 2378 Zenonis
954 2358 1000 2377 etc.

62 2388 89 2421 ῖῖ
105 2395 337 2420 εΤΕιζΝινΜ,
368 2387 387 2414 i.
425 2397 450 2414 n.

487 2388 656 2424 [βαςὲρνιον]
712 2389 824 2424 Spatium
843 2386 991 2414 excurrendi
1012 2396 1067 2412 curn

111 2427 143 2451 is.
163 2424 182 2451 1.
196 2432 225 2451 12
245 2422 302 2462 §.4
320 2423 388 2451 Cod.
404 2423 437 2464 de
450 2423 537 2450 Aedis.
552 2421 620 2458 priu.

21 2505 25 2511 ’
64 2490 240 2532 ,Βιίὶειτιᾱιίος
256 2495 384 2531 praebere
397 2495 488 2523 alicui.

435 2559 456 2589 B
528 2558 555 2590 Α
636 2556 672 2590 Τ

54 2603 153 2631 BAT!
189 2603 243 2629 vid.
267 2603 348 2640 ficpra
377 2609 433 2630 BA.

7 2644 14 2677 ξ
53 2645 250 2667 BATAV1A.
289 2640 433 2664 Germaniae
452 2640 586 2673 prouincia
598 2658 606 2671 ,
634 2637 725 2665 duobus
744 2636 825 2665 Rheni
848 2637 925 2663 alueis
949 2635 1013 2662 bona
1038 2643 1066 2662 ex
1083 2647 1119 2675 70
1135 2637 1217 2673 refero
1238 2639 1291 2664 Ver.
1306 2637 1380 2671 Gloffi
1395 2639 1530 2665 Battutum
1543 2640 1683 2671 τνπτηθέν,
1701 2639 1791 2667 dumeti.

8 2682 13 2693 f
51 2681 90 2701 rte
107 2673 211 2710 inclusa.
231 2673 320 2700 .Caes.
333 2673 399 2700 Bell.
414 2673 482 2700 Gall.
497 2682 524 2707 4,
538 2682 575 2701 10.

59 2716 75 2736 B
83 2715 105 2736 A
113 2714 135 2735 Τ
144 2716 166 2736 Α
174 2715 194 2736 V
202 2715 224 2736 v
232 2715 255 2735 s.
290 2708 351 2736 Adi.
389 2707 538 2744 [Βοιτωιέδς]
577 2710 715 2736 Penultima
733 2711 851 2744 ancipite.
888 2708 1001 2743 Corripit
1014 2707 1066 2733 Lu-

50 2754 76 2771 n.
91 2753 112 2777 1,
125 2753 169 2779 431
188 2744 354 2779 Vangiones,
374 2744 520 2779 Batauique
532 2751 634 2778 truces,
654 2754 720 2780 quos
731 2754 791 2772 aere
807 2753 920 2771 recuruo
951 2742 1065 2770 Striden-

48 2789 58 2806 s
76 2788 170 2806 acuere
181 2779 267 2806 tubae.
304 2780 410 2815 Sedssil.
423 2789 445 2813 3,
459 2783 508 2811 608
524 2781 659 2817 producit,
680 2782 734 2808 Iam
746 2789 814 2816 puer
834 2781 973 2806 auricomo
992 2787 1064 2814 prae-

50 2815 162 2842 rmidate
176 2815 283 2842 Batauo.

7 2860 9 2864 ·
48 2861 58 2877 s
71 2851 201 2886 nequitias
214 2851 340 2887 iocosque
353 2852 447 2885 nouit,
484 2853 598 2884 Aurem,
615 2853 662 2887 qui
675 2853 756 2880 modo
770 2861 824 2879 non
838 2851 916 2878 habet
930 2852 1062 2884 Batauam,

10 2892 17 2909 ³
32 2907 35 2913 s
50 2889 126 2913 nimis
142 2890 272 2920 tetricam,
285 2888 411 2924 flueram,
428 2887 563 2921 rusticam,
576 2886 716 2924 stupidam.
770 2888 842 2915 Idem
856 2897 901 2922 14,
922 2890 968 2922 176
999 2887 1062 2913 Sum

6 2923 16 2959 ξ
45 2935 51 2953 ;
58 2922 97 2950 uli
104 2923 183 2956 lusus,
190 2923 241 2951 rufi
248 2924 357 2958 persona
365 2924 467 2951 Bataui.
508 2925 583 2958 Qtae
589 2930 617 2951 tu
625 2924 737 2958 derides,
744 2924 807 2951 haec
814 2924 890 2950 timet
897 2932 943 2950 ora
951 2922 1026 2958 puer.

55 2965 73 2986 Β
80 2965 103 2996 A¹
110 2966 131 2986 Τ
139 2966 160 2986 Η
169 2967 188 2987 Y
196 2967 213 2986 L
222 2966 238 2985 L
247 2966 269 2987 V
277 2965 299 2986 S.
334 2960 348 2994 [
354 2959 506 2995 Βάθυλλος]
554 2961 650 2988 Samius
668 2960 805 2998 adolescmzs
814 2980 821 2992 ,
845 2968 912 2995 quem
929 2962 1061 2986 Anacreon

44 2997 95 3020 ’ἑτι
109 2988 186 3031 'hius
204 2995 319 3023 ardenter
339 2999 441 3023 amauit.
484 2997 579 3023 Horat.
593 2996 676 3031 Epod.
691 3004 731 3031 14,
746 3006 763 3030 9

47 3035 109 3056 cunt
133 3029 215 3057 arsisse
234 3028 355 3063 Bathyllo
401 3032 567 3059 Anacreonta
588 3032 701 3059 Teium.
758 3032 798 3059 Ab
820 3032 865 3058 hoc
881 3031 955 3067 forte
976 3029 1060 3058 diffus-

60 3073 77 3092 2
107 3064 240 3098 Bathyllus
256 3069 430 3102 pantomimus.
485 3069 577 3095 quen.
594 3068 644 3095 Sat.
661 3071 688 3101 6,
708 3070 739 3101 63
774 3081 819 3087 —-
856 3067 932 3093 molli
952 3067 1059 3094 saltante

22 3107 31 3146 'Q
44 3100 157 3133 thyllo,
184 3100 290 3134 i.fimili
302 3104 368 3135 eius,
390 3102 418 3129 de
431 3108 476 3139 q'uo
489 3104 580 3130 Tacit.
591 3105 658 3131 Ann.
672 3113 691 3136 1,
706 3112 738 3137 54
758 3103 902 3130 Indulserat
916 3103 941 3129 ci
955 3104 1059 3130 ludicro

60 3136 149 3172 gustus
162 3157 171 3169 ‚
196 3136 259 3163 dum
278 3137 423 3164 Maecenati
444 3138 610 3174 obtemperat
633 3140 716 3167 effuso
741 3140 767 3165 in
793 3148 912 3165 amorem
935 3139 1058 3172 Bathylli.

52 3223 54 3233 ι
70 3207 131 3245 ·ylli
144 3217 226 3234 omnes
239 3208 318 3244 appell
347 3215 430 3236 antur.

17 3248 23 3259 ⁸
47 3259 51 3265 ι
68 3263 75 3272 .
88 3247 116 3270 in
136 3244 237 3280 Vopisci
249 3243 339 3271 Cat-in.
357 3253 411 3279 cap.
426 3253 463 3278 19.

52 3281 146 3312 BA'TI
157 3287 178 3307 A
189 3299 196 3311 ‚
212 3289 251 3306 ae.
287 3279 308 3307 f.
345 3280 438 3313 Piscis,
451 3280 524 3308 euius
538 3281 575 3309 sel
588 3282 696 3310 auribus
709 3281 875 3310 vtiliffimum
907 3281 972 3309 Plin.
985 3291 1025 3316 32,
1039 3290 1058 3318 7

472 3210 529 3238 Vid.
542 3210 634 3249 ScaIig.
648 3211 785 3239 Animadu.
796 3210 876 3247 Euftb.
887 3218 916 3247 p.
924 3221 971 3246 155.
1007 3212 1060 3240 Sal-

18 3350 22 3353 '
63 3352 233 3379 ι’ΤιΑεΑ
271 3359 309 3378 ae.
339 3351 359 3378 f.

6 3412 14 3422 ζ
32 3386 33 3390 ’
51 3400 93 3423 22⁷9
122 3394 195 3415 vocat
207 3395 230 3413 et
241 3371 327 3414 laudat
341 3387 462 3415 Plautum
477 3386 587 3420 Colace,
605 3390 734 3417 Batiolam
752 3398 874 3422 auream,
893 3389 957 3416 be'to
969 3391 1058 3425 pondo

18 3437 22 3446 ι
53 3426 146 3457 ””;”ιυ;,
165 3423 282 3458 accipere
303 3423 398 3450 noluit.
435 3422 514 3449 Gloss'.
531 3423 632 3452 Batiola
647 3425 762 3462 ατο-νέμον.
799 3425 847 3453 Sed
863 3434 892 3451 ex
903 3426 1029 3454 Athenaeo
1043 3437 1057 3454 2

36 3465 64 3503 '3
82 3463 99 3493 ζ·
130 3459 233 3486 Batiaca
254 3466 277 3485 et
291 3460 426 3486 Batiacum
443 3459 495 3485 dici
514 3458 590 3487 debet.
623 3461 692 3489 Add.
706 3461 807 3489 Arnob.
821 3470 837 3488 2
861 3470 886 3496 p.
901 3468 939 3496 59,
956 3463 998 3489 vbi
1011 3463 1058 3491 Ba-

8 3494 254 3530 .¹12‡alm.Scd
272 3497 305 3522 al.
320 3495 437 3527 Batiola,
454 3495 498 3521 vbi
512 3494 566 3522 vid.

12 3532 25 3545 '
66 3535 288 3563 --j.¹.ru.1.vu‚
313 3532 354 3558 vel
373 3536 592 3563 BATiLLvs,
610 3530 628 3557 i.
663 3541 699 3558 m.

73 3532 90 3549 w

13 3586 16 3588 -
44 3518 149 3622 5347·
167 3566 308 3604 colligitur,
328 3566 363 3594 ad
365 3566 557 3601 similitudinem
566 3568 646 3602 palae.
682 3567 748 3595 Plin.
762 3577 800 3601 33,
815 3573 827 3598 8
850 3568 952 3595 Batillis
964 3569 1058 3598 ferreis

44 3618 47 3621 ·
60 3631 62 3634 ,
77 3601 184 3640 &affl
197 3608 316 3630 ramento
323 3603 470 3638 =impolito,
491 3601 563 3637 quod
582 3602 723 3629 candidum
736 3609 903 3638 permaneat,
922 3605 1056 3639 probatur.

44 3633 171 3675 '9254OE
191 3639 330 3674 Aeruginis
344 3639 555 3674 experimentum
570 3638 598 3664 in
611 3637 705 3665 batillo
718 3639 816 3667 ferreo.
853 3640 992 3668 Marcellus
999 3643 1057 3669 Em-

66 3674 152 3710 (εὖ-37
169 3674 308 3709 Spongiam
321 3675 349 3702 su
369 3684 398 3702 ra
409 3674 532 3702 batillum
544 3673 659 3701 torrebis
697 3688 740 3694 -
775 3674 871 3701 deinde
890 3676 966 3711 super
979 3677 1057 3705 batil-

10 3718 14 3727 ·
51 3715 76 3738 m
93 3708 240 3743 candentem
260 3709 342 3738 defun
361 3720 395 3738 es.

19 3751 26 3785 ’ν
127 3744 133 3750 ”
148 3743 242 3773 batillo
254 3755 321 3774 vres.
373 3746 446 3774 Idem
459 3751 482 3779 8,
519 3767 526 3774 .
564 3766 570 3772 .
607 3746 650 3772 Ius
669 3745 868 3773 concoloratum
889 3748 965 3783 super
980 3713 1056 3777 {atil-

58 3791 69 3800 υ
121 3780 206 3811 Varro
218 3780 250 3808 de
263 3782 295 3809 R.
309 3782 341 3809 R.
353 3790 377 3816 3,
389 3784 416 3815 6,
431 3790 444 3815 ς
468 3783 560 3817 Itaque
574 3781 703 3816 pastorem
717 3791 808 3808 earum
827 3791 886 3809 cum
900 3783 994 3812 batillo
1007 3787 1057 3812 cir-

129 3823 248 3855 oportet,
265 3825 294 3844 ac
307 3817 402 3845 stercus
415 3818 510 3845 tollere
524 3827 553 3844 ac
567 3818 724 3845 conseruare
738 3828 743 3844 ε
763 3817 836 3852 quod
848 3823 874 3845 et
895 3819 928 3846 ad
948 3821 1057 3855 agricul-

50 3862 53 3871 ·
68 3848 108 3884 ,
113 3851 238 3880 idoneum
247 3851 294 3882 est.
331 3845 424 3881 Hordt.
439 3854 522 3881 Senu.
537 3862 557 3888 1,
572 3862 595 3886 ς,
609 3855 640 3886 36
677 3868 722 3874 ·-—
757 3853 840 3880 latum
854 3853 973 3888 clauum,
995 3866 1056 3892 pru-

24 3923 75 3958 &A
88 3952 104 3965 „e
122 3929 205 3958 vot..
241 3925 263 3980 Ιχ.

38 510 199 576 *appellatione
225 508 254 534 ab
285 509 386 535 Oriente
416 502 541 537 arastum,
574 511 626 528 cum
646 507 700 528 726:
713 501 751 536 Jit
770 503 936 534 vindemiare,
954 510 1013 536 quar
1027 501 1072 526 Bo·
1092 504 1120 522 ιο

528 683 623 716 Cinget
639 682 775 708 Bais-tricas
790 680 872 713 Lydia
886 686 962 705 mitra
977 688 1073 711 comas,
1095 685 1119 712 ¹5

386 859 554 893 Quibusdam
570 860 676 886 videtur
688 867 702 885 a
716 865 809 892 genere
824 857 916 889 vestis,
931 867 980 891 qua
992 852 1122 885 Liber‘zo

63 1224 79 1245 B
90 1225 133 1245 As
145 1224 165 1242 ἰ’
176 1224 227 1244 AG
239 1223 276 1249 Α,
308 1225 346 1243 ae.
383 1216 402 1242 f.
444 1214 581 1248 [βαςοιγή]
626 1216 699 1241 Onus
721 1216 837 1240 iumentis
855 1211 1005 1248 impositum,
1032 1214 1072 1239 vel
1086 1221 1117 1244 30

1107 1401 1118 1410 ι
1139 1391 1204 1417 Plin.
1219 1399 1260 1425 37,
1276 1399 1304 1417 10
1321 1392 1339 1417 s.
1353 1399 1389 1424 ᾗς.

38 1926 136 1955 ieron.
150 1925 182 1953 ad
197 1926 481 1961 Eustoch.Epist.22,6
500 1926 634 1953 Praecedit
654 1936 745 1953 caueas
758 1926 938 1953 basternarum
953 1924 1020 1951 ordo
1033 1925 1070 1950 se·
1089 1940 1121 1966 50
1138 1927 1287 1962 Cyrenensis
1308 1925 1442 1952 Battiadae
1457 1924 1523 1951 diat*
1531 1925 1602 1960 fimi.

50 2454 150 2488 'ffAsT
159 2467 203 2488 ER
215 2467 237 2486 Ν
248 2467 297 2487 AR
307 2467 316 2486 1
326 2467 346 2487 v
355 2467 368 2487 s
377 2480 385 2493 ,
405 2469 423 2486 1.
460 2469 496 2486 ιιι.
533 2461 635 2497 Auriga
648 2457 791 2494 Basternae.
827 2458 925 2491 symm.
939 2457 1019 2492 Epist.
1035 2458 1068 2489 6,
1083 2460 1115 2492 65
1134 2458 1190 2484 neis
1206 2457 1336 2485 batucnda
1349 2459 1407 2484 sunt
1419 2457 1481 2485 huic
1495 2458 1578 2486 latera
1592 2459 1683 2494 probe.

335 2817 369 2843 It.
385 2816 500 2844 Martial.
516 2819 542 2850 6,
558 2822 589 2847 82
620 2817 703 2843 Tune
725 2826 751 2844 es
770 2817 816 2843 ille
833 2815 975 2848 Martialis,
1012 2815 1063 2841 Cu·
1081 2823 1113 2852 75
1131 2826 1192 2844 nem
1224 2817 1336 2844 rudibus
1369 2819 1456 2845 secum
1487 2818 1656 2852 battuentem,
1682 2826 1709 2846 et
1744 2821 1836 2855 sponte
1864 2821 2022 2856 prostratum
2053 2821 2182 2848 confodit.

397 3352 482 3378 Pocula·
493 3360 570 3388 genus
581 3353 695 3386 videtur,
710 3353 775 3390 quod
787 3353 893 3380 Nonius
909 3360 943 3386 ις,
957 3362 990 3381 20
1011 3355 1056 3382 Ba-
1074 3367 1109 3391 90

727 3532 844 3568 ferreum
863 3530 1057 3566 instrumentum,
1076 3546 1108 3573 95

15 3883 18 3886 ’
31 3882 33 3887 '
59 3897 104 3916 -νει
123 3885 266 3922 batillum,
282 3887 326 3915 vbi
339 3889 451 3917 foculum
460 3888 752 3932 gurgitumstgvzifican
772 3892 799 3916 in
814 3899 861 3926 quo
875 3889 961 3922 odores
971 3901 1054 3920 accm-
1071 3901 1114 3927 105
1128 3896 1241 3934 Virgilio
1250 3897 1357 3935 gloriam
1370 3894 1520 3922 inuidereni.
1557 3897 1595 3923 De
1609 3891 1695 3932 quibus
1710 3895 1759 3930 ipse
1772 3891 1823 3920 Ecl-
1833 3900 1855 3925 3,
1868 3899 1905 3925 90
1923 3891 1979 3925 Qi
1993 3891 2105 3918 wan
2117 3898 2171 3915 '¹⁰¹¹

1589 92 1616 132 B
1674 94 1711 133 A
1769 60 1811 132 *V
2109 117 2183 155 594

1143 176 1272 217 deluantur.
1320 177 1419 218 Abdias
1433 180 1468 205 H.
1477 181 1565 214 Apost.
1580 190 1596 214 9
1617 182 1696 208 Erant
1716 187 1804 210 autem
1824 183 1942 217 virgines
1976 199 2021 206 ·—
2055 190 2102 217 alii
2122 201 2182 218 cum

1144 212 1244 252 batillis
1259 218 1283 238 et
1302 213 1439 240 turlbulls.
1492 216 1615 243 Trebell.
1630 217 1769 244 claudian.
1784 227 1843 253 c.14
1867 219 2013 247 Coelilium
2027 226 2183 256 quotidiana

1143 248 1236 288 bati-lla
1253 254 1377 282 quatuor.
1420 249 1477 275 Vid.
1493 251 1655 286 Cafizubonus.
1691 253 1821 288 Salmasius
1837 254 1871 281 ad
1889 256 1987 281 mandem
2007 258 2084 284 [ocrem
2099 270 2123 295 p.
2136 271 2184 293 59²

1143 283 1270 324 Vanilmu
1283 285 1354 310 malit
1366 294 1395 310 ex
1408 288 1625 324 veteriintmprere
1635 290 1747 321 Horatii,
1755 293 1797 325 qui
1805 290 1998 318 diminutiuum
2011 293 2078 319 dicat
2091 305 2105 321 a
2118 299 2185 328 vase,

1142 322 1212 353 quali
1226 328 1270 345 vas
1284 329 1412 354 paruum,
1430 329 1458 346 m
1473 330 1527 355 quo
1540 322 1634 349 odores
1650 325 1863 353 incmdebantur.
1910 327 2007 354 Laudat
2021 332 2094 355 etiam
2111 332 2183 358 Glos-

1141 355 1193 386 sas,
1214 355 1343 381 Vatillum
1360 355 1470 395 nyfoe'ml.
1506 357 1591 391 Caper
1611 359 1643 384 de
1658 360 1747 386 verbis
1761 361 1849 388 dubiis
1868 372 1892 397 p.
1906 372 1972 396 2250
1990 364 2119 392 Vatillum
2134 366 2184 393 hoc

1140 390 1211 415 habet
1228 393 1254 416 in
1269 393 1343 417 litera
1362 393 1394 417 l‘.
1464 392 1589 418 Batinum
1599 412 1606 424 ,
1623 395 1692 420 aliud
1706 396 1892 428 instrumentum
1901 419 1910 432 ,
1928 399 2038 426 declarat
2052 401 2138 428 Varro
2152 402 2184 428 de

1141 426 1172 451 R.
1188 426 1256 465 R41,
1272 435 1311 460 50,
1327 436 1342 453 2
1363 427 1455 453 Altero
1469 427 1549 454 modo
1569 434 1686 461 metunt,
1706 437 1734 456 vt
1753 432 1779 457 in
1794 433 1908 461 Piceno:
1934 435 1981 462 vbi
2001 435 2119 471 ligneum
2139 437 2183 464 ha-

1140 461 1202 487 bent
1223 471 1364 489 mcuruum
1388 462 1527 496 batillum,
1550 464 1577 490 in
1596 473 1650 498 quo
1673 465 1703 491 fit
1728 474 1845 495 extremo
1869 470 1967 498 serrula
1986 471 2073 499 ferrea
2088 484 2094 499 ε
2121 472 2183 500 haec

1140 506 1222 531 quum
1236 498 1438 533 comprehendit
1457 499 1552 525 fascem
1566 500 1709 534 spicarum,
1724 501 1839 536 desecat,
1856 512 1880 531 et
1893 506 2036 534 'stramenta
2050 508 2142 536 stantia
2156 510 2184 536 in

1141 534 1226 567 segete
1242 534 1389 569 relinquit,
1408 542 1438 560 vt
1455 535 1545 569 postea
1561 534 1736 562 subsecentur.

1177 576 1219 595 BA
1230 577 1252 596 T
1262 577 1270 595 1
1280 576 1299 596 o
1309 577 1372 602 CA,
1391 579 1430 596 ae.
1466 571 1556 596 Patera
1575 571 1653 597 Gloss'.
1670 571 1726 597 Isid.
1762 574 1819 599 Vid.
1834 576 1880 611 leg.
1895 578 2005 605 Batiola.

1176 611 1190 630 B
1200 612 1220 630 A
1232 611 1254 631 Τ
1264 613 1272 631 1
1282 612 1300 631 O
1311 612 1326 631 L
1337 613 1358 631 A
1370 626 1377 637 ,
1396 614 1435 631 ae.
1471 606 1490 631 f.
1529 605 1652 639 [βάτων]
1695 606 1765 640 vasis
1778 618 1869 644 genus,
1886 612 1913 637 de
1927 623 1972 648 quo
1985 617 2011 639 in
2026 621 2183 643 BATIACA.

1140 640 1222 666 Plaut.
1237 640 1317 666 Stich.
1332 649 1354 674 ς,
1367 650 1395 674 4,
1409 650 1434 668 12
1457 642 1563 675 Qtibus
1577 642 1687 668 diuitiae
1702 642 1775 669 domi
1789 645 1863 678 sunt,
1884 648 1989 681 scaphio
2005 656 2030 676 et
2043 650 2173 677 cantharis

1140 676 1250 702 Batiolis
1266 675 1362 703 bibunt
1377 687 1381 702 :
1414 683 1439 703 at
1462 686 1509 703 nos
1534 678 1623 704 nostro
1643 678 1760 704 Samiolo
1784 681 1890 713 poterio
1926 683 2032 711 Tamen
2056 672 2184 714 viuimuss

1145 712 1250 739 Videtur
1263 722 1320 749 ergo
1333 713 1483 748 luxuriosum
1497 712 1540 746 isse
1553 713 1662 739 Batiolis
1675 713 1777 740 bibere.

1178 755 1193 774 Β
1204 755 1223 774 A
1235 755 1313 781 TIS,
1344 750 1383 775 vel
1407 755 1555 775 BATTls
1570 769 1578 781 ,
1604 750 1634 775 is.
1672 749 1691 776 f.
1728 749 1869 785 [κριθμον]
1905 752 1993 780 Genus
2011 755 2107 783 herbae
2125 767 2185 784 acu-

1140 784 1238 815 leatae,
1258 785 1349 819 sponte
1363 785 1507 814 nascentis,
1528 793 1595 819 quae
1609 791 1633 811 et
1650 784 1777 811 hortensis
1793 792 1818 812 et
1832 787 1933 814 marina
1946 789 1989 815 est.
2026 792 2090 818 Plin.
2106 802 2146 825 21,
2161 802 2185 827 ις

1139 826 1162 845 et
1177 828 1217 854 27.
1255 822 1288 846 It.
1303 820 1435 847 Columel.
1453 828 1490 853 12,
1498 828 1525 855 7,
1533 829 1554 846 2.
1573 827 1597 846 et
1612 828 1714 852 12,13,z
1733 822 1813 847 Battis
1823 823 1963 858 scribitur,
1981 832 2004 850 et
2023 827 2056 852 ad
2073 829 2185 855 comum-

1139 855 1196 881 dum
1214 865 1266 881 cum
1283 858 1343 882 aliis
1362 855 1500 883 adhibetur.
1679 854 1700 893 ff
1721 865 1736 882 z
1763 857 1849 890 Batis,
1868 858 1927 885 i'dis.
1956 859 2067 897 [Caris]
2106 865 2186 900 Piscis

1138 890 1218 917 mollis
1232 899 1255 917 et
1267 891 1433 927 delicati-[limi
1440 892 1552 928 species,
1569 900 1636 928 quem
1649 891 1715 917 Plin.
1732 900 1761 923 32
1777 893 1824 919 vlt.
1853 903 1976 921 enumerat
1990 900 2056 923 inter
2069 908 2121 929 eos,
2141 903 2186 935 qui

1137 929 1202 952 mari
1210 929 1350 961 peculiares
1359 929 1431 964 sunt.
1469 928 1556 954 Huius
1571 927 1646 963 piscis
1659 927 1695 953 fel
1711 936 1800 953 recens
1811 928 1935 963 quidem,
1950 931 1992 957 sed
2007 933 2070 959 vino
2085 935 2185 962 inuete-

1138 969 1240 994 ratum,
1259 963 1368 990 auribus
1388 964 1526 996 medetur,
1547 962 1605 997 teste
1627 963 1693 989 Plin.
1707 972 1749 995 32,
1764 971 1788 998 7.
1827 965 1934 999 ‚Qidam
1955 967 2031 994 Batus
2052 970 2185 1004 scribunt,

1136 999 1183 1023 alii
1205 998 1287 1024 Batia.
1483 998 1504 1037 ff
1530 1007 1554 1032 3·
1577 999 1663 1032 Batis,
1690 999 1883 1026 Vestimentum
1912 1001 2070 1030 sacerdotale
2093 1006 2184 1033 Itidor.

1137 1040 1146 1059 ι
1155 1042 1171 1065 9
1182 1053 1190 1065 ,
1211 1042 1259 1059 21.

1173 1075 1457 1101 BATRAcntoN,
1488 1068 1534 1105 seu
1565 1075 1858 1102 BATRACHIVM,
1891 1072 1909 1098 i.
1947 1082 1972 1099 n.
2015 1074 2080 1100 Plin.
2095 1083 2142 1107 23,
2162 1085 2185 1109 ¹3

1137 1104 1155 1130 s.
1174 1113 1219 1137 109
1242 1105 1427 1131 Ranunculum
1440 1113 1583 1137 vocamus,
1602 1115 1680 1141 quem
1695 1107 1790 1133 Graeci
1806 1105 1972 1135 batrachion.
2010 1110 2112 1136 Genera
2130 1112 2186 1137 eius

1137 1148 1261 1175 quatuor.
1298 1142 1387 1167 Vnum
1402 1140 1604 1175 pinguioribus,
1624 1151 1704 1176 quam
1717 1143 1853 1169 coriandri
1868 1144 1958 1177 foliis,
1979 1150 2005 1171 et
2020 1145 2053 1171 ad
2069 1146 2188 1177 latitudi-

1137 1185 1199 1202 nem
1214 1176 1316 1202 maluae
1329 1177 1527 1209 accedentibus,
1541 1177 1630 1204 colore
1648 1178 1746 1211 liuido,
1763 1179 1836 1205 caule
1849 1179 1920 1213 albo,
1935 1180 2042 1215 gracili,
2058 1188 2083 1208 et
2097 1183 2186 1209 radice

1138 1212 1206 1238 alba.
1242 1212 1363 1239 Alterum
1378 1212 1513 1245 foliosius,
1531 1213 1651 1247 pluribus
1672 1214 1802 1241 foliorum
1823 1215 1963 1249 incisuris,
1983 1217 2043 1243 altis
2058 1218 2187 1245 caulibus.

1139 1248 1269 1274 Tertium
1290 1249 1431 1275 minimum
1450 1248 1501 1281 cst,
1522 1249 1598 1283 graui
1617 1250 1715 1283 odore,
1736 1251 1802 1277 flore
1821 1260 1911 1278 aureo.
1953 1254 2085 1286 Qartum
2103 1254 2186 1281 simile

1140 1283 1218 1316 huic,
1239 1285 1304 1311 flore
1325 1285 1406 1311 luteo.
1451 1284 1584 1311 Omnibus
1607 1287 1648 1312 vis
1667 1286 1777 1313 caustica
1797 1293 1843 1313 etc.
1888 1289 2007 1315 Meminit
2024 1292 2077 1315 eius
2097 1300 2188 1326 quoquc

1139 1320 1260 1347 Scribon.
1282 1328 1338 1355 174.
1386 1320 1459 1356 Conf.
1475 1321 1553 1355 Apul.
1567 1321 1599 1347 de
1614 1321 1712 1348 Herbis
1727 1332 1748 1348 c.
1762 1328 1775 1353 8
1789 1329 1815 1349 et
1827 1332 1852 1356 9.

1176 1362 1191 1382 Β
1202 1363 1222 1382 Α
1230 1363 1251 1382 T
1261 1363 1280 1382 R
1289 1363 1310 1382 A
1320 1363 1336 1382 c
1346 1363 1366 1382 H
1377 1364 1386 1382 1
1397 1362 1418 1382 ‘r
1428 1363 1444 1382 E
1454 1364 1477 1383 s.
1515 1356 1527 1390 [
1534 1358 1712 1391 βατραχίτης]
1769 1359 1865 1385 Gemma
1887 1368 1965 1386 ranae
1985 1359 2077 1387 fimilis
2097 1361 2187 1388 colore

1429 1393 1521 1427 Nempe
1539 1392 1671 1428 βάτραχος
1684 1403 1746 1419 rana
1761 1393 1802 1426 est.

1177 1434 1193 1453 R
1202 1434 1224 1454 A
1236 1433 1257 1453 T
1270 1433 1289 1452 R
1299 1433 1320 1452 A
1330 1433 1346 1453 C
1356 1434 1375 1453 H
1385 1434 1404 1453 O
1413 1434 1437 1453 M
1447 1435 1464 1453 Y
1472 1434 1491 1453 O
1500 1435 1523 1454 M
1533 1436 1553 1454 A
1562 1435 1578 1454 C
1588 1436 1607 1454 H
1617 1429 1628 1454 ἱ
1639 1435 1670 1455 A.
1690 1429 1986 1466 [βσετραχομυομαχία]
2023 1433 2151 1458 Ranarum
2165 1438 2189 1458 et

1138 1466 1243 1489 murium
1252 1469 1348 1498 pugna.
1386 1463 1448 1489 Stat.
1458 1464 1542 1490 Praef.
1556 1463 1587 1489 ad
1597 1464 1713 1490 Stellam.
1735 1465 1781 1490 Sed
1798 1472 1822 1491 et
1834 1465 1945 1491 culicem
1959 1466 2087 1500 legimus,
2109 1474 2133 1493 et
2142 1468 2188 1493 Ba-

1137 1497 1424 1531 trachomyomachiam
1439 1499 1519 1525 etiam
1532 1500 1705 1533 agnoscimus.
1760 1500 1816 1526 Nec
1835 1501 1975 1535 quisquam
1996 1502 2032 1527 cst
2045 1502 2189 1528 illustrium

1137 1534 1293 1565 Poetarum,
1314 1533 1362 1569 qui
1383 1543 1437 1560 non
1459 1535 1562 1569 aliquid
1583 1535 1710 1569 operibus
1724 1535 1775 1561 suis
1788 1536 1848 1562 stilo
1860 1536 2004 1563 remissiore
2023 1538 2187 1572 praeluserit.

1138 1571 1226 1606 Itaque
1237 1569 1305 1597 haud
1317 1569 1416 1605 obscure
1430 1571 1536 1596 Homero
1548 1570 1612 1596 illud
1625 1572 1713 1597 Forma
1729 1571 1829 1597 tribuit.
1895 1573 1935 1599 Sic
1956 1574 2072 1600 Martial.
2095 1583 2133 1607 14,
2148 1580 2187 1606 183

1136 1607 1222 1632 lemma
1234 1605 1307 1632 hahet
1320 1608 1349 1632 ab
1364 1606 1416 1642 ipr
1430 1603 1531 1632 auflore
1546 1606 1858 1640 Batrachomyomachia‚
1879 1609 1986 1643 Perlege
1995 1610 2121 1636 Maeonio
2131 1619 2188 1636 can-

1135 1647 1200 1668 tatas
1214 1642 1330 1668 carmine
1343 1651 1417 1670 ranas
1426 1662 1434 1674 ‚
1453 1642 1483 1668 Et
1497 1641 1615 1669 frontem
1627 1643 1704 1677 nugis
1718 1643 1820 1669 soluere
1834 1643 1903 1670 disce
1917 1646 1991 1671 meis.

1151 1714 1155 1715 .
1173 1684 1237 1704 BAT
1245 1684 1381 1739 {Aci-IVS.
1402 1677 1570 1714 [βάτραχος]
1606 1681 1623 1705 i.
1644 1688 1723 1711 rana,
1745 1679 1825 1715 Piscis
1856 1683 1921 1707 mari
1947 1682 2087 1717 peculiaris
2121 1681 2188 1709 Plin.

1135 1721 1182 1745 32,
1203 1722 1225 1739 11
1259 1734 1265 1739 .
1290 1722 1323 1745 -3.

1174 1755 1190 1776 B
1200 1756 1222 1776 A
1231 1756 1252 1776 T
1262 1730 1303 1776 Τῖἱ
1313 1746 1334 1775 Ᾱ
1344 1756 1362 1775 D
1371 1755 1387 1775 Ε
1396 1754 1418 1774 S.
1437 1746 1614 1784 [Barraoe'dns]
1651 1750 1815 1777 Callimachus
1827 1749 1911 1777 ditius
1921 1750 1956 1784 2st
1963 1772 1971 1785 ‚

1136 1795 1196 1817 cus,
1217 1792 1247 1811 vt
1260 1785 1361 1820 quidam
1376 1786 1478 1816 volunt,
1499 1794 1513 1809 α
1527 1785 1618 1817 Batto,
1638 1789 1681 1820 qui
1694 1786 1802 1819 Cyrenen
1818 1787 1940 1812 condidit.
1981 1786 2146 1822 WdSpanh.
2156 1787 2190 1813 ad

1138 1821 1233 1847 Callim.
1243 1827 1270 1855 p.
1287 1830 1316 1854 95
1342 1829 1365 1854 q.
1409 1821 1466 1845 Alii
1479 1819 1566 1845 dicunt
1579 1829 1594 1844 a
1603 1826 1678 1854 patre
1680 1821 1742 1856 μθ,
1761 1824 1802 1847 cui
1814 1823 1888 1848 Batto
1903 1831 1986 1847 nomen
1994 1821 2089 1858 fuisse,
2112 1825 2188 1849 Grae-

1136 1865 1179 1881 cus
1192 1859 1260 1882 vitae
1272 1866 1315 1881 aze<
1332 1865 1360 1880 or
1372 1857 1419 1880 ait.
1490 1855 1552 1880 Stat.
1573 1855 1637 1881 Silu.
1655 1864 1676 1888 5,
1693 1865 1715 1888 3,
1732 1864 1776 1891 157
1811 1872 1854 1877 -—
1891 1864 1920 1884 tu
1948 1858 2062 1892 pandere
2094 1858 2188 1885 defitus

1138 1891 1264 1917 Carmina
1278 1890 1421 1917 Battiadae.
1470 1890 1510 1915 Ab
1524 1891 1567 1916 illo
1581 1897 1660 1917 autem
1675 1892 1766 1924 Batto,
1783 1901 1850 1927 quem
1865 1896 1942 1928 prius
1961 1894 2086 1925 diximus,
2108 1904 2189 1921 omnes

1650 1927 1695 1952 Sil.
1712 1935 1734 1958 3,
1748 1935 1796 1959 252
1817 1928 1874 1953 Nec
1891 1937 1945 1954 non
1961 1930 2064 1961 Cyrene
2080 1930 2189 1964 Pelopei

2014 1965 2088 2000 Conf.
2105 1965 2188 1992 Ouid.

1989 1751 2018 1778 id
2032 1744 2189 1786 gli-Cyrenai-

1137 1962 1216 1996 stirpe
1234 1962 1337 1997 nepotis
1351 1960 1481 1988 Battiadas
1500 1969 1598 1994 prauos
1611 1960 1673 1986 fidei
1688 1961 1834 1988 stimulauit
1846 1963 1875 1988 in
1889 1972 1969 1989 arma.

1137 1998 1222 2024 Trist.
1238 2006 1266 2030 ς,
1280 2006 1308 2030 5,
1321 2002 1357 2028 38.
1392 2002 1416 2021 et
1428 1996 1456 2020 in
1469 1995 1529 2020 Ibin
1544 2003 1579 2027 53.
1628 1994 1669 2028 Est
1681 2006 1738 2031 ergo

1171 2040 1186 2059 Β
1195 2040 1215 2058 Α
1225 2039 1245 2058 Τ
1256 2039 1277 2058 Τ
1287 2039 1308 2057 v
1317 2038 1329 2056 S
1350 2031 1438 2062 heros,
1460 2032 1503 2064 qui
1520 2030 1630 2064 Cyrenen
1650 2032 1780 2066 condidit,
1801 2038 1832 2059 vt
1849 2031 1938 2059 auHor
1957 2031 1990 2066 cst
2003 2034 2091 2061 Strabo
2104 2035 2146 2062 lib.
2160 2046 2189 2071 17

1134 2076 1159 2100 p.
1174 2068 1232 2099 376·
1293 2064 1352 2091 Vid.
1372 2064 1445 2100 infra
1460 2071 1609 2092 BLAEsvs.
1808 2066 1829 2105 q
1849 2077 1866 2095 2
1886 2069 1993 2102 Battus,
2013 2070 2125 2104 Pastoris
2147 2081 2189 2098 no-

1087 2112 1114 2138 55
1134 2110 1187 2126 men
1200 2100 1267 2136 apud
1281 2101 1363 2127 Ouid.
1377 2102 1441 2127 Met.
1459 2109 1485 2133 2,
1498 2103 1548 2136 687
1568 2111 1636 2137 quem
1650 2103 1793 2130 llicrcurlus
1806 2107 1834 2130 in
1848 2104 1953 2140 lapidem
1967 2106 2072 2132 indicem
2085 2117 2190 2134 commu-

1134 2139 1208 2163 tauit.
1280 2136 1354 2173 Conf.
1369 2135 1517 2177 Drackenb.
1532 2137 1564 2164 ad
1578 2137 1623 2164 Sil.
1638 2147 1660 2171 3,
1675 2146 1719 2172 253
1746 2143 1789 2175 qui
1811 2140 1963 2174 Cyrenarum
1979 2142 2146 2177 conditorem,
2166 2150 2190 2170 et

1133 2172 1199 2198 hunc
1213 2172 1323 2199 Iudicem
1337 2172 1454 2209 confusos
1468 2183 1484 2199 a
1497 2175 1558 2200 Silio
1566 2174 1721 2210 suspicatur.

1172 2214 1217 2235 BA
1228 2215 1248 2235 T
1259 2215 1280 2236 Τ
1289 2216 1309 2235 ν
1319 2216 1338 2236 o
1356 2210 1397 2235 vel
1414 2215 1430 2235 Β
1440 2215 1461 2235 Α
1472 2215 1493 2234 Τ
1504 2216 1553 2236 VO
1563 2229 1571 2242 ,
1592 2213 1637 2236 ere
1645 2229 1654 2242 ,
1675 2209 1709 2243 <ft
1718 2217 1866 2246 percutere,
1889 2212 2028 2239 verberare.
2064 2214 2124 2240 Vet.
2145 2214 2187 2241 Gl.

1134 2244 1234 2270 Battuit
1247 2244 1408 2271 κατακόπτει.
1444 2244 1532 2271 Soleas
1544 2244 1647 2272 battues
1667 2247 1742 2280 Apic.
1751 2256 1854 2281 4,2no.
1866 2252 1907 2277 ¹08
1925 2248 1951 2274 h.
1959 2258 1978 2274 e.
1987 2248 2130 2275 verberibus
2143 2253 2188 2276 mi-

914 2279 1066 2309 Basternae,
1082 2284 1117 2309 60
1133 2280 1243 2316 rigabis,
1262 2287 1292 2306 vt
1304 2280 1375 2307 hodie
1382 2280 1466 2316 solent
1480 2281 1580 2316 asellos,
1598 2288 1622 2307 et
1634 2291 1723 2307 carnes
1741 2282 1864 2309 duriores.
1902 2284 1970 2309 Hinc
1984 2285 2138 2320 intelligitur
2152 2288 2188 2312 io-

1132 2325 1176 2342 cus
1188 2315 1272 2341 Plauti
1286 2316 1370 2342 Cafin.
1386 2324 1408 2347 2,
1423 2321 1486 2349 &59
1505 2316 1548 2342 vbi
1562 2319 1589 2341 in
1601 2317 1710 2352 opfhniis
1719 2318 1845 2352 parandis
1851 2317 1952 2345 Stalino
1966 2322 2078 2345 nominat
2086 2320 2188 2348 Soleas:

1134 2351 1277 2382 Chalinus,
1294 2354 1346 2377 ioco
1359 2361 1388 2377 ex
1401 2351 1565 2387 ambiguitate
1578 2355 1646 2378 uocis
1674 2353 1777 2387 uaess'to,
1799 2352 1854 2388 Qi
1868 2355 1965 2388 quaeso
1980 2355 2068 2389 potius
2077 2376 2085 2388 ,
2107 2366 2187 2391 quam

1133 2387 1285 2421 sculponeas
1300 2386 1399 2423 (genus
1411 2388 1569 2413 calceamenti
1581 2394 1610 2413 ut
1623 2361 1731 2421 Soieae)
1751 2389 1857 2424 Qtibus
1872 2389 1995 2417 batuatur
2010 2390 2062 2418 tibi
2077 2402 2117 2424 os,
2133 2402 2188 2419 cum

1134 2429 1161 2448 tu
1174 2422 1261 2448 Soleas
1271 2423 1354 2458 pisces
1367 2425 1415 2448 emi
1427 2424 1490 2449 velis
1502 2423 1645 2450 batuendos.
1703 2424 1823 2452 Naeuius
1836 2433 1877 2462 ap.
1892 2426 2012 2461 Fulgent.
2030 2435 2058 2454 21
2079 2428 2187 2463 Sculpo-

1883 2459 1904 2498 fl
1922 2471 1938 2489 2
1958 2463 2073 2489 Tundere
2093 2467 2119 2490 in
2130 2465 2188 2500 pila

1128 2493 1153 2530 s.
1168 2496 1297 2520 mortario.
1333 2494 1452 2521 Marcell.
1467 2495 1566 2530 Empir.
1579 2495 1612 2521 de
1624 2496 1717 2522 medic.
1734 2506 1755 2523 c.
1770 2499 1802 2530 36
1822 2497 1989 2526 Medicamen
2002 2499 2091 2525 mittes
2105 2500 2134 2526 in
2147 2500 2187 2535 pi-

1135 2530 1188 2556 lam
1209 2529 1341 2564 ligneam,
1357 2536 1436 2566 atque
1460 2531 1516 2557 illic
1538 2537 1591 2558 tam
1619 2532 1666 2558 diu
1690 2532 1808 2566 battues,
1827 2534 1911 2561 donec
1931 2534 1961 2561 fit
1975 2534 2186 2563 subditiffimum.

1136 2567 1187 2592 Hic
1201 2564 1342 2592 intellectus
1348 2566 1429 2602 fuiffe
1441 2570 1558 2603 antiquus
1570 2567 1686 2599 videtur,
1705 2575 1728 2594 et
1738 2569 1772 2595 ad
1784 2579 1837 2597 eum
1849 2570 1940 2606 respici
1962 2581 1977 2597 a
1996 2571 2052 2597 Cic.
2072 2572 2145 2598 Fam.
2159 2581 2187 2605 9,

1134 2610 1164 2634 23
1184 2602 1288 2634 Batuit,
1309 2602 1479 2636 impudenter
1487 2605 1525 2639 sc.
1540 2603 1649 2635 dicitur,
1668 2603 1785 2639 depluit,
1801 2606 1887 2632 multo
1902 2606 2092 2641 impudentius.
2130 2609 2187 2635 Huc

1856 2643 1928 2668 Forte
1940 2643 2066 2679 legendum
2080 2641 2186 2676 οἷναιδές,

1133 2680 1163 2700 vt
1177 2673 1322 2710 respondeat
1336 2676 1377 2701 illi
1395 2674 1564 2710 impudenter
1582 2677 1672 2702 Tullii.
1745 2678 1787 2703 Ita
1806 2678 1872 2705 nihil
1884 2685 1944 2714 opus
1958 2677 1992 2712 est
2005 2682 2032 2705 in
2045 2679 2186 2714 quaerenda

1133 2709 1281 2745 obscenitate
1299 2709 1334 2736 ad
1359 2710 1543 2737 Theocriticum
1563 2710 1677 2743 βιοτεύειν
1699 2721 1843 2746 recurrere,
1864 2714 1930 2750 quod
1950 2714 2079 2751 respondet
2093 2716 2185 2742 Latino

1133 2745 1218 2778 inire,
1243 2745 1403 2773 inscendere.
1603 2745 1623 2785 fl
1645 2756 1657 2780 3
1691 2748 1825 2784 Significat
1850 2757 1966 2787 pugnare
1998 2754 2186 2777 exercitationis

1131 2781 1213 2818 causa.
1251 2782 1321 2808 Suet.
1336 2782 1393 2809 Cal.
1409 2790 1442 2816 54
1461 2781 1589 2809 Batuebat
1602 2784 1768 2818 pugnatoriis
1781 2785 1870 2812 armis.
1944 2787 1976 2812 Et
1987 2795 2018 2818 32
2037 2786 2184 2813 Mirmillo-

1132 2851 1152 2892 ᾖ
1172 2862 1191 2887 4
1210 2854 1340 2881 Laudatur
1354 2864 1383 2881 ex
1398 2854 1464 2881 Plin.
1480 2863 1516 2887 31,
1525 2852 1545 2888 '9
1560 2855 1578 2881 s.
1592 2863 1625 2890 43
1642 2855 1753 2883 Batuere
1767 2856 1872 2889 vlcera,
1891 2860 1909 2884 i.
1924 2856 2108 2893 constringere,
2120 2867 2182 2883 com-

1125 2893 1245 2926 primere.
1282 2889 1330 2916 Sed
1343 2891 1425 2917 Hard.
1443 2897 1614 2925 pauerentur.
1656 2891 1712 2918 Vid.
1722 2902 1760 2919 no.
1773 2896 1831 2919 mai.
1847 2902 1881 2919 20.

1166 2932 1213 2953 BA
1225 2931 1247 2952 T
1258 2932 1339 2952 VAT
1349 2933 1414 2959 OR,
1435 2927 1500 2953 oris.
1537 2926 1691 2954 Batuatorcs
1719 2927 1761 2954 τὶς
1778 2927 1911 2960 βασανιςοὶς
1931 2927 1985 2954 dici
2010 2934 2092 2962 puto,
2114 2928 2182 2955 Ada-

1128 2962 1243 2988 mantius
1256 2963 1308 2988 Ioco
1320 2972 1377 2989 mox
1388 2962 1519 2989 laudando.
1558 2964 1620 2991 Sunt
1632 2966 1722 3000 igitur,
1731 2967 1773 3000 qui
1787 2964 1927 2992 uerberibus
1939 2964 2083 3001 ingerendis
2096 2973 2182 2991 verum

791 2996 856 3022 Non
873 2995 952 3022 aliter
971 2995 1060 3022 Samio
1079 3003 1111 3030 80
1128 2997 1267 3024 extundunt
1282 2998 1311 3024 ab
1325 2999 1394 3031 illis,
1414 2998 1442 3024 de
1453 2999 1540 3034 quibus
1552 2998 1658 3035 quaestio
1671 3000 1782 3026 habetur.

1166 3040 1213 3060 BA
1225 3040 1335 3060 TVAL
1346 3041 1404 3068 IA,
1426 3043 1513 3061 orum.
1552 3035 1631 3061 Gloff.
1653 3035 1787 3068 Batualia,
1807 3036 1940 3069 γυμνασίου
1960 3035 2006 3060 τῶν
2022 3034 2179 3069 μονομάχων.

1127 3070 1275 3102 Battualia,
1294 3079 1362 3105 quae
1373 3070 1455 3105 vulgo
1468 3070 1578 3097 battalia
1597 3071 1721 3098 dicuntur
1755 3085 1801 3091 -—
1837 3071 2040 3097 exercitationes
2061 3070 2181 3099 militum

1126 3105 1169 3132 vel
1192 3105 1371 3140 gladiatorum
1388 3106 1548 3141 significant,
1571 3107 1741 3134 Adamantius
1761 3116 1801 3142 ap.
1820 3106 1930 3133 Cassiod.
1952 3106 1984 3132 de
2004 3106 2133 3141 Orthogr.
2154 3117 2180 3142 p.

1127 3150 1192 3174 2300
1211 3141 1311 3168 Putsch.
1350 3143 1419 3169 Hinc
1433 3142 1546 3175 batalia,
1571 3142 1713 3177 battaglia,
1739 3142 1854 3169 bataille.
1916 3142 1974 3169 Vid.
1992 3143 2055 3170 Scal.
2070 3141 2180 3170 Coniebt.

0 3160 1 3163 .
17 3162 22 3173 ¹
46 3180 110 3208 empe
123 3172 165 3199 illo
178 3171 246 3208 quafi
259 3172 331 3204 duce,
359 3174 447 3201 altatio
454 3176 634 3210 pantomimica
646 3175 680 3210 est
692 3173 796 3202 indubia
805 3195 811 3206 ‚
825 3184 897 3210 quam
911 3175 1060 3202 celebrantes
1079 3185 1107 3214 85
1133 3179 1209 3204 Varr.
1219 3184 1248 3213 p.
1263 3181 1306 3213 64.
1343 3179 1412 3215 Lips.
1427 3179 1527 3206 Saturn.
1541 3188 1563 3211 1,
1576 3188 1610 3214 ¹5·
1645 3179 1748 3215 Salmas.
1762 3182 1790 3205 in
1805 3178 1887 3205 Hadr.
1902 3178 1985 3213 Spart.
1999 3180 2034 3204 26
2053 3187 2078 3213 p.
2093 3187 2143 3211 213.

1164 3220 1462 3257 BAr'rVARLVM,
1482 3216 1516 3241 al.
1539 3221 1711 3242 BATVA‘r
1722 3221 1871 3247 ORIVM,
1888 3214 1907 3241 i.
1927 3223 1953 3241 n.
1975 3214 2054 3241 Glots.
2068 3215 2178 3242 Gr.Lat.

1125 3260 1290 3285 κοποιγιςη-ριον.

1163 3292 1240 3312 BAT
1250 3291 1309 3316 VS,
1330 3285 1350 3313 i.
1387 3285 1494 3313 Herbae
1515 3294 1611 3321 genus,
1632 3285 1720 3313 Festus
1741 3292 1785 3312 aut
1796 3285 1884 3319 Ratis,
1900 3284 1929 3312 de
1946 3294 1996 3322 qua
2003 3285 2028 3323 s
2043 3287 2061 3313 1.
2075 3293 2119 3314 aut
2133 3287 2177 3313 Gr.

1127 3320 1206 3348 Bairos
1211 3341 1220 3353 ‚
1237 3321 1321 3348 rubus.

1542 3361 1565 3392 Β
1643 3360 1671 3392 A
1743 3358 1773 3390 V

1161 3436 1178 3457 B
1187 3437 1238 3457 AV
1247 3436 1264 3458 Β
1273 3437 1292 3458 o
1302 3437 1321 3457 R
1330 3451 1339 3464 ‚
1358 3430 1407 3457 ari.
1428 3430 1494 3465 Dep.
1515 3429 1633 3465 [βαῦζω]
1669 3430 1777 3456 Latrare
1787 3439 1795 3455 :
1824 3426 1964 3466 sublicium
1977 3429 2078 3457 verbum
2091 3438 2106 3455 a
2118 3437 2176 3454 voce

1125 3475 1222 3499 canum,
1231 3475 1303 3502 quum
1309 3468 1416 3493 latrant.
1452 3465 1620 3498 Baubantur,
1642 3463 1776 3493 ὖλακτὲσιν
1783 3466 1841 3493 Vet.
1850 3465 1930 3493 Gloss.
1967 3466 2101 3498 Lucret.5·,
2111 3466 2176 3497 1069

1125 3503 1156 3529 Et
1170 3511 1253 3537 quum
1268 3501 1363 3529 deserti
1377 3501 1528 3529 baubantur
1543 3502 1571 3528 in
1587 3500 1704 3528 aedibus.

1162 3544 1296 3566 BAVCA
1306 3558 1315 3571 ‚
1333 3547 1371 3565 ae.
1392 3539 1411 3564 f.
1449 3540 1548 3566 Patera.
1585 3536 1730 3564 Anastasius
1749 3536 1879 3565 Biblioth.
1902 3538 1931 3564 in
1949 3537 2004 3564 vita
2026 3535 2122 3562 Leonis
2137 3535 2175 3561 lv

1125 3574 1221 3601 Baucas
1236 3580 1371 3601 exauratas
1383 3580 1444 3601 tres.
1516 3574 1548 3599 Et
1560 3573 1589 3599 in
1602 3572 1698 3600 Bened.
1718 3573 1758 3600 111
1788 3573 1885 3600 Baucas
1904 3582 1936 3600 ex
1954 3580 2019 3600 auro
2040 3569 2175 3606 puriffimo

1125 3610 1189 3636 duas
1201 3610 1337 3645 pensantes
1353 3609 1442 3637 libras.
1479 3610 1538 3636 Vct.
1554 3608 1633 3637 Gloff.
1646 3609 1745 3642 βαύκη,
1755 3609 1921 3642 viniferum,
1938 3615 1968 3635 vt
1979 3606 2173 3641 acnophorum.

1126 3647 1196 3672 Haec
1209 3646 1312 3683 Salmas.
1327 3646 1361 3673 ad
1371 3644 1495 3673 Trebell.
1506 3644 1619 3671 Pollion.
1656 3645 1747 3672 Claud.
1762 3654 1783 3672 c.
1802 3653 1833 3680 ¹4
1851 3655 1875 3680 p.
1889 3650 1935 3678 382
1943 3643 1984 3680 sq.
2022 3641 2069 3670 Sed
2082 3645 2127 3669 vix
2140 3640 2175 3675 est

1125 3682 1198 3708 buius
1211 3683 1276 3715 loci,
1293 3683 1369 3709 multo
1385 3683 1465 3708 minus
1479 3680 1631 3707 Baucalium
1651 3687 1676 3707 et
1679 3680 1786 3716 similia.

448 3711 523 3745 Apic-
538 3718 564 3745 7²
577 3718 593 3743 9
630 3709 768 3736 Af¹¹¹ffl³¹¹¹
783 3710 857 3737 ”¹5³⁵
875 3711 919 3745 (de
927 3719 985 3748 PCM
998 3715 1056 3749 One)
1068 3725 1115 3742 100
1161 3724 1236 3744 BAV
1245 3724 1280 3745 CI
1289 3725 1301 3745 s
1309 3738 1318 3751 ,
1339 3717 1406 3744 i'dos.
1433 3716 1452 3742 f.
1475 3716 1599 3750 [Βαὶἕκις]
1636 3719 1709 3744 Anus
1717 3723 1829 3753 pauper,
1847 3724 1907 3751 quae
1919 3722 1973 3740 cum
1987 3715 2044 3739 viro
2052 3712 2101 3753 suo
2115 3712 2173 3739 Phi-

1123 3753 1230 3786 lemone,
1250 3755 1330 3780 Iouem
1343 3760 1368 3780 et
1381 3754 1535 3779 Mercurium
1547 3753 1654 3793 hospitio
1661 3753 1782 3789 suscepit,
1802 3759 1902 3787 quorum
1908 3749 2003 3785 fabula
2017 3748 2100 3775 Ouid.
2107 3749 2173 3775 Met.

1125 3794 1148 3821 8,
1162 3791 1214 3821 63ι.
1228 3791 1277 3820 632
1291 3796 1336 3816 etc.
1374 3789 1443 3814 Hinc
1455 3788 1586 3815 Pannucia
1600 3789 1692 3816 Baucis
1712 3789 1778 3816 Pers.
1789 3787 1838 3814 Sat.
1853 3795 1882 3819 4,
1898 3793 1926 3811 21
1940 3792 1990 3821 pro
2011 3787 2102 3820 quouis
2115 3785 2173 3811 Mu-

1123 3826 1228 3851 liercula
1238 3831 1358 3860 paupere.

1161 3866 1178 3887 Β
1186 3868 1208 3888 A
1217 3867 1237 3887 ν
1246 3868 1256 3888 ι
1265 3867 1286 3887 ν
1297 3867 1311 3887 s
1323 3880 1331 3892 ,
1356 3865 1383 3886 et
1396 3859 1526 3886 Maeuius.
1565 3859 1713 3896 Inepeiffimi
1727 3860 1814 3886 Portae
1820 3853 1901 3892 futffe
1908 3854 2172 3895 putanturzquisuam

1437 3931 1457 3957 F
1479 3931 1494 3957 f
1510 3931 1525 3957 f
1541 3931 1557 3957 f
2103 3924 2171 3956 odit,
