2474 4182
683 59 1054 107 EORVMQVE
1106 55 1552 96 AUCTORIBVS.

67 197 89 217 „
105 165 393 214 interpretatione.
464 159 593 199 Prodiit
617 169 705 206 opus
727 155 798 192 hoc
812 155 910 192 Paris
933 157 972 201 a)
1001 154 1093 202 1536.

66 251 88 272 ‚,
102 220 238 259 duobus
255 216 498 257 voluminibus.
562 212 664 251 Filius
687 208 726 259 b)
742 213 913 248 Henricus
928 220 1022 260 patre
1045 209 1095 244 di—

67 305 89 324 „
103 276 280 325 gnissimus
296 277 388 313 auxit
403 273 437 310 id
456 270 586 318 ingenti
608 266 798 305 acceffiolle
815 277 915 318 atque
935 263 1094 302 emcnda-

67 360 91 380 ,‚
106 334 166 369 vit.
224 334 270 367 lta
286 339 442 367 ornatum
460 327 495 362 in
510 323 623 361 lucem
639 322 773 359 editum
796 320 861 359 fuit
888 333 978 369 1542.
1009 320 1094 354 item

65 385 213 435 ‚,’Lugd.
233 398 320 434 1573.
343 394 427 433 quae
437 381 554 417 Editio
567 378 615 415 est
633 379 766 426 optima
787 378 822 426 c)
851 371 1094 414 Basil.Froben.

66 443 198 490 „1576-
227 426 284 489 ds.
340 441 426 473 Vere
460 435 502 471 de
538 445 645 482 opere
679 432 751 471 hoc
773 434 809 482 e)
835 431 962 469 iudicat
987 427 1095 465 Olaus

67 525 90 543 „
107 496 304 535 Borrichius
321 490 479 540 Append.
498 490 541 527 de
557 491 676 526 Lexic.
701 490 830 525 Latinis
849 498 880 535 p.
899 495 954 532 43.
984 495 1094 534 quum

68 580 91 598 „
106 555 150 588 ait
165 581 175 599 ‚
208 551 243 586 iu
257 547 313 584 hoc
327 557 436 584 tamen
452 556 522 582 tam
537 541 674 595 pulchro
689 553 822 596 corpore
837 570 846 588 ‚
871 549 909 576 vt
925 551 982 575 nec
998 535 1097 585 deeffi?

69 634 91 653 ‚‚
108 602 241 643 credant
251 603 328 650 litas
345 598 492 638 maculas
498 597 585 648 fili,
614 601 713 636 narni
737 593 862 653 quidem
881 592 1008 640 latent,
1040 603 1097 628 nec

74 689 95 708 „
110 663 138 698 ii
148 669 269 711 parum
283 654 446 703 difformes
457 686 467 702 ‚
491 656 551 708 qui
567 666 629 707 quo
646 646 854 707 paucioribus
868 646 1024 687 haetenus
1041 644 1098 684 vel

70 743 92 761 ,‚
106 712 357 762 obseruatificnt
371 740 382 757 ‚
409 709 463 748 vel
483 709 609 763 publice
634 704 755 746 anath·
770 734 780 752 ‚
815 702 871 741 hoc
892 701 975 740 mihi
996 711 1095 740 erunt

69 797 91 815 „
100 766 269 816 studiosius
287 764 489 820 liberiusque
506 766 704 820 ingratiam
725 762 871 797 tironum
886 754 1095 803 nominandi,

68 852 92 870 „
105 820 304 861 excutiendi.
358 823 403 859 Et
419 819 548 875 quidem
564 817 730 873 principio
745 812 819 852 dum
841 812 1004 859 sinestra,
1019 814 1095 867 qui-

69 906 92 925 „
107 876 166 916 bus
183 889 287 915 totum
303 874 486 924 aedficium
502 877 662 913 innititur
677 901 687 918 ‚
704 869 832 918 foisszn
846 883 907 906 non
922 871 1043 921 optime
1059 870 1096 904 in

68 958 92 979 2,
103 929 269 987 perfec‘los
285 943 318 970 et
331 929 542 983 impcifi‘fflos
554 924 677 965 tribuit
688 956 697 972 ,
723 921 967 978 inelegantibus
985 934 1018 960 et
1037 925 1098 960 im-

68 1015 92 1033 „
107 985 333 1041 peisfetslissbd
340 981 589 1040 proficientibus
603 980 759 1019 Plautum
773 991 806 1017 et
829 980 1021 1016 Terentimn
1036 980 1098 1015 im-

69 1071 91 1090 „
101 1041 242 1096 prouide
261 1040 462 1080 adnumerat
477 1054 493 1081 ;
517 1035 686 1092 perfeffiis
702 1047 735 1073 et
753 1032 998 1088 elegantiffimis
1014 1035 1100 1071 Var-

68 1126 91 1145 „
108 1111 218 1136 ronem
235 1128 246 1145 ,
273 1096 454 1142 Sallustium
474 1125 485 1142 ,
519 1105 553 1130 et
576 1091 739 1130 Catullum
756 1105 770 1132 3
811 1087 1018 1143 impeiy‘ec‘sis
1040 1101 1100 1126 au-

70 1181 92 1200 „
107 1165 172 1191 tem
195 1165 228 1191 et
262 1148 484 1200 deficientibus·
506 1146 712 1186 Columellam
730 1177 739 1194 ‚
772 1147 940 1183 Lucanum
958 1175 967 1191 ‚
1003 1147 1100 1181 ¹S'ene-

69 1237 90 1253 „
108 1221 179 1246 cam
196 1239 205 1256 ‚
251 1209 402 1245 Tl'czcitum
417 1236 427 1252 ,
470 1203 614 1242 Plinium
657 1213 838 1255 virumque
860 1231 870 1248 ‚
915 1202 1072 1237 Curtium
1089 1229 1099 1246 ‚

68 1291 90 1310 ‚,
106 1261 378 1312 Qinffilianum.
432 1256 592 1307 Secundo,
620 1257 756 1306 infinita
772 1255 886 1303 desunt
901 1253 947 1292 ad
960 1268 1100 1292 accura-

70 1346 92 1366 ‚,
107 1330 177 1356 tam
194 1328 227 1356 et
242 1313 417 1366 abfiilutam
433 1317 576 1353 Latinae
592 1316 749 1367 Linguae
763 1314 978 1366 cognitimzem
995 1311 1099 1359 necesl

68 1403 89 1420 ‚‚
102 1375 206 1421 laria.
258 1373 436 1410 Enimuero
456 1381 578 1408 certum
594 1367 636 1415 est
651 1398 661 1416 ,
682 1366 781 1408 ,alios
802 1365 953 1404 auc‘sores
976 1365 1100 1404 latinos

67 1420 179 1477 „ffiuo
192 1424 295 1466 adhuc
313 1425 473 1479 Stephano
488 1422 672 1477 publicatos
690 1453 700 1470 ,
732 1422 788 1460 vel
807 1420 849 1460 al)
870 1421 938 1475 ipsi)
958 1421 1099 1474 perfim-

69 1513 91 1531 „
109 1482 212 1520 ‹flor-ie
237 1492 366 1519 tantum
394 1493 477 1517 excu
503 1493 535 1517 os
551 1510 561 1526 ,
595 1477 650 1516 vel
683 1491 723 1523 ne
758 1488 908 1515 tentatos
942 1474 1099 1532 quidem,

70 1567 91 1584 „
107 1537 189 1574 alios
202 1549 246 1573 ex
261 1548 324 1589 quo
340 1537 454 1572 viuere
469 1533 561 1582 dcfiit
576 1537 611 1572 in
630 1533 730 1571 lucem
744 1531 899 1587 prodiisse
916 1563 925 1577 ,
953 1543 1014 1569 aut
1022 1531 1100 1586 pla-

67 1621 91 1639 „
105 1604 144 1629 ne
166 1603 264 1628 nouos
284 1601 344 1627 aut
365 1589 461 1643 longe
489 1588 728 1627 emendatiores
749 1587 985 1643 atu‘lt'oresque.
1058 1591 1100 1625 Et

68 1676 92 1694 ‚‚
106 1645 310 1695 quibusdam
327 1644 534 1693 interiec‘iis,
559 1648 636 1683 Non
654 1643 767 1681 multis
776 1642 898 1698 vrgeho
913 1642 1000 1697 quod
1014 1641 1105 1696 apud

67 1731 90 1752 ,‚
105 1699 360 1754 Mariangelum
381 1700 556 1753 Groſjppus
571 1731 581 1748 ‚
614 1702 716 1738 varia
738 1701 774 1737 in
791 1697 1003 1738 Editiouibus
1026 1701 1103 1753 qui-

64 1784 86 1803 ,‚
104 1754 163 1794 bus
176 1753 303 1805 zficsest
319 1752 481 1793 Rohertus
497 1754 701 1808 Stephanus,
722 1753 836 1808 oppido
852 1756 910 1803 effe
931 1752 1040 1791 utendo
1055 1767 1076 1791 a
1090 1784 1101 1801 ‚

64 1841 88 1859 „
105 1810 261 1864 capitalis
276 1821 386 1848 tamen
398 1810 500 1863 pestis
515 1841 525 1857 ,
556 1809 724 1848 adiec'i‘iua
735 1821 799 1863 pro
804 1807 1029 1859 substantiuis
1043 1807 1102 1846 ad-

66 1897 88 1915 „
101 1864 288 1920 verbiisque
303 1879 364 1903 non
388 1879 469 1903 raro
490 1863 652 1910 obtrudi,
685 1864 928 1909 deriuatafitis
950 1863 1103 1913 primiti-

65 1950 89 1970 „
103 1924 155 1959 vis
179 1934 241 1967 non
263 1921 376 1957 attexi
391 1949 401 1965 ,
435 1932 493 1955 nec
510 1959 516 1964 .
533 1915 718 1970 implicibus
744 1915 914 1968 compcfita
935 1929 950 1955 ,-
980 1913 1048 1959 sed
1064 1913 1104 1950 id

66 2007 89 2025 „
103 1975 205 2023 solum
229 1972 414 2020 adiiciam,
455 1970 626 2009 auc‘t‘orum
638 1973 834 2018 sententias
853 1996 864 2013 ‚
900 1965 1100 2018 phrasesque

69 2060 92 2079 ‚,
102 2030 301 2083 praefhrtim
314 2025 435 2064 dubiae
437 2024 697 2078 fignificationis
715 2032 796 2058 raro
811 2019 998 2073 explicari,
1016 2029 1097 2073 pro-

67 2113 89 2132 „
103 2074 181 2120 inde
199 2080 385 2134 ambiguum
406 2078 624 2131 allegatorum
637 2076 697 2124 sen
712 2088 767 2113 um
792 2076 906 2113 variis
928 2078 1100 2128 interpre-

67 2167 90 2186 „
107 2132 288 2174 tationibus
302 2144 420 2187 patere
434 2163 444 2181 ‚
479 2134 577 2170 immo
597 2129 748 2169 letiorem
773 2132 809 2168 in
823 2131 975 2184 fiisperffo
998 2129 1100 2168 relin-

68 2222 91 2242 „
108 2193 166 2246 qui
182 2222 192 2239 ‚
228 2188 310 2229 vnde
333 2190 429 2227 varii
462 2187 572 2241 lapsus
593 2198 626 2224 et
637 2184 891 2234 fluffsuationes.
973 2186 1100 2236 Caspar

67 2278 90 2296 „
107 2249 286 2297 Scioppius
302 2243 554 2284 Consultation.
576 2257 618 2280 11.
635 2256 667 2292 p.
684 2255 725 2291 53
761 2242 846 2280 dicit
863 2272 873 2289 ,
908 2242 981 2279 Hoc
998 2244 1101 2279 Lexi-

69 2333 92 2352 „
107 2315 162 2340 con
177 2303 317 2339 omnium
342 2298 383 2345 est'
406 2301 580 2353 optimmn,
596 2297 657 2346 esst
677 2311 734 2335 nec
751 2299 874 2351 paucis
892 2309 949 2334 nec
974 2294 1102 2335 leuibus

70 2389 93 2407 „
111 2353 283 2395 erroribus
306 2368 453 2393 vacuum.
505 2357 544 2391 In
567 2354 790 2392 conficiendo
814 2354 886 2391 hoc
907 2365 1014 2402 opere
1029 2355 1103 2390 Ste-

67 2443 90 2462 ,‚
115 2412 248 2462 phanus
280 2411 427 2460 spatium
462 2410 650 2448 duodecim
685 2421 859 2446 annorum
889 2406 1076 2445 consumsit
1092 2437 1103 2455 ‚

70 2497 92 2515 „
112 2469 269 2519 quamuis
283 2466 429 2505 aliorum
443 2495 454 2514 ‚
480 2478 569 2517 quos
588 2466 721 2514 negotii
738 2464 843 2502 huius
869 2462 964 2500 causa
986 2462 1103 2500 sumtu

73 2553 96 2571 ‚,
109 2524 170 2560 suo
185 2521 265 2561 aluit
283 2551 293 2568 ,
321 2534 424 2571 opera
449 2521 585 2559 adimus
601 2550 611 2566 ,
647 2532 802 2571 quorum
818 2518 1024 2568 negligentia
1044 2528 1103 2556 aut

70 2607 93 2625 „
109 2577 235 2614 inscitia
251 2575 351 2613 facile
366 2575 473 2613 multa
487 2577 607 2613 vitiosa
621 2588 685 2614 nec
699 2575 777 2614 satis
796 2574 973 2614 emendata
985 2573 1104 2612 locum

71 2633 268 2680 „inuenire
292 2640 485 2680 potuerant.

506 2714 655 2756 Faber.

148 2800 360 2835 Lexicorum
383 2799 588 2836 Latinorum
613 2811 630 2836 a
646 2800 783 2836 Perotto
812 2797 854 2835 ad
876 2797 988 2835 nostra
1011 2805 1101 2835 tem-

70 2865 153 2903 pora
167 2859 336 2911 perpetuo
356 2863 477 2892 tenore
492 2863 527 2892 et
542 2853 753 2892 succeffione
769 2867 849 2892 vere
874 2843 1101 2906 ποῖἶροποιροι-

113 3007 143 3037 a)
163 3002 296 3031 Credibile
309 3004 344 3030 est
359 3013 424 3039 ergo
441 3003 473 3031 de
488 3004 612 3032 Editione
626 3005 748 3043 principe
763 3012 824 3036 ¹331.
847 3012 908 3030 eum
922 3012 954 3030 ne
969 3001 1053 3030 fando
1071 3002 1181 3040 quidem
1201 3001 1338 3032 audiuisse.

152 3052 244 3081 parum
260 3042 384 3072 conferre
403 3044 516 3082 potuisse
530 3044 636 3073 videtur
650 3044 683 3072 ad
698 3044 872 3072 Thesaurum
885 3043 1055 3081 proditurum
1070 3046 1149 3070 Anno
1163 3050 1230 3077 1342.

1158 146 1247 205 δότῳ
1279 149 1515 188 ἀεόυὲὶοτυιη
1534 164 1571 189 ea
1587 152 1634 189 est
1652 149 1756 189 facies
1772 180 1781 197 ‚
1811 162 1850 187 ea
1870 147 2020 186 fortuna.
2076 148 2201 197 Neque

1159 218 1254 244 extra
1270 219 1332 243 eos
1348 205 1486 253 limites,
1501 219 1590 256 quos
1606 206 1665 244 fibi
1679 205 1922 254 descripserant
1937 204 2041 252 primi
2055 201 2206 247 Coloni,

1160 263 1312 310 diuagari
1330 261 1362 297 se
1378 261 1459 309 passi
1477 261 1551 297 sunt
1568 264 1733 309 Nepotes.
1798 259 1863 297 Sed
1880 272 1962 296 ecce
1987 267 2131 294 exortus
2156 256 2204 293 cst

1163 331 1181 354 Β
1196 332 1216 354 Α
1230 330 1244 353 s
1259 331 1270 352 1
1285 331 1302 352 L
1317 330 1328 352 1
1343 328 1365 352 v
1380 328 1395 351 s
1427 329 1444 351 F
1460 330 1480 352 A
1496 328 1512 350 B
1530 329 1547 350 E
1560 329 1580 350 n
1600 318 1759 362 Soranus,
1770 317 1863 352 suam
1881 326 2023 366 quoque
2040 310 2206 348 firmiliani

1160 373 1291 409 ducens
1309 401 1319 417 ,
1358 383 1542 420 nonaeque
1562 369 1653 419 quasi
1678 370 1824 406 Scholae
1856 369 2031 407 conditor.
2114 369 2205 403 Nam

1161 440 1358 478 quanquam
1375 438 1414 462 ea
1433 424 1512 461 lima
1535 424 1643 461 hodie
1666 423 1858 472 perpolitus
1873 437 1980 474 caque
2004 434 2084 460 cura
2108 433 2204 470 prae-

1160 482 1441 520 stantissimorum
1466 482 1623 516 virorum
1654 478 1844 520 madietur,
1873 488 1907 514 vt
1936 479 2062 526 optimi
2083 477 2204 514 Lexici

1161 541 1236 576 vice
1251 536 1350 585 fungi
1370 546 1472 587 queat
1493 565 1502 583 ‚
1532 548 1604 571 non
1621 544 1736 570 tamen
1755 531 2011 569 Didlionarium
2029 560 2039 577 ,
2068 541 2104 569 vt
2121 531 2205 568 dici-

1161 602 1217 629 tur
1232 622 1242 639 ,
1272 594 1306 628 in
1325 594 1443 627 animo
1458 589 1578 627 habuit
1594 587 1813 625 conscribere
1835 601 1850 622 υ
1868 601 1885 622 Α
1906 600 1921 621 Β
1939 600 1957 622 E
1972 600 1993 622 R
2019 587 2204 633 nosserf).

1159 646 1280 684 Voluit
1296 648 1467 694 Linguam
1486 647 1643 682 Latinam
1669 657 1741 682 non
1758 640 1939 695 pueriliter
1955 642 2179 692 interpretari
2196 671 2206 687 ,

1159 703 1219 740 sed
1235 702 1364 739 Critice
1381 711 1564 752 exponere,
1594 698 1849 736 vocabulorum
1868 698 2114 745 proprietatem
2130 695 2207 732 sub-

1160 757 1264 795 tiliter
1288 766 1323 794 et
1349 755 1440 807 quasi
1464 754 1708 804 philosophice
1731 763 1896 790 excutere
1922 780 1932 796 ,
1977 749 2129 798 linguam
2165 752 2207 787 ad

1161 814 1333 862 originem
1349 811 1453 862 Vsque
1469 811 1689 859 inuestigare,
1707 819 1809 859 atque
1831 809 1906 844 cius
1926 805 2016 856 quasi
2031 805 2209 842 historiam

1162 878 1351 906 contexere
1368 896 1379 913 ,
1407 869 1500 903 vices
1525 865 1788 914 deprehendere
1802 893 1812 910 ,
1840 860 2082 911 rationemque
2103 872 2210 910 quam

1162 923 1218 961 vel
1236 936 1318 960 cum
1344 921 1460 970 seipsa
1481 951 1491 967 ,
1520 920 1575 958 vel
1597 932 1679 957 cum
1695 920 1850 957 finitimis
1873 917 1999 965 linguis
2023 924 2209 961 exerceat,

1164 976 1356 1028 completffi
1372 1007 1382 1024 ,
1411 976 1629 1027 proindeque
1645 973 1947 1023 Orthographiae,
1974 970 2210 1018 Philologiae,

1163 1037 1343 1084 totiusque
1359 1033 1504 1069 demum
1514 1033 1658 1068 Critices
1675 1043 1780 1081 quam
1799 1029 1955 1066 latissime
1971 1035 2096 1075 pateat,
2109 1025 2210 1062 The-

1164 1090 1282 1126 sauros
1299 1087 1498 1125 conradere.
1555 1086 1652 1123 Nihil
1668 1099 1753 1134 ergo
1771 1083 1869 1135 quod
1888 1082 2028 1119 Erudita
2044 1082 2210 1131 Antiqui-

1164 1155 1214 1182 tas
1236 1147 1272 1181 in
1293 1144 1325 1180 se
1349 1141 1534 1192 complexa
1561 1142 1609 1178 est
1631 1141 1685 1178 vel
1711 1138 1940 1177 memorabile
1963 1135 2018 1174 vel
2032 1135 2210 1185 singulare

1164 1200 1350 1238 hominem
1372 1208 1442 1236 tam
1459 1187 1569 1247 prob⁶c
1585 1199 1815 1234 exercitatum
1832 1193 1954 1242 fugere
1971 1190 2117 1235 debuit3
2144 1189 2210 1228 Of.

1164 1257 1241 1293 ficia
1259 1285 1269 1301 ‚
1298 1254 1486 1291 Ministeria
1502 1283 1512 1300 ,
1545 1254 1651 1290 Artes
1669 1282 1679 1299 ,
1707 1253 1806 1288 Ritus
1821 1280 1832 1297 ‚
1867 1247 2031 1288 Calculos
2049 1276 2059 1293 ,
2092 1245 2210 1284 Philo-

1164 1311 1323 1359 sophiam
1339 1337 1347 1349 ⁷
1382 1308 1507 1346 Cultus
1524 1338 1534 1355 ‚
1571 1304 1672 1345 vndev
1687 1306 1741 1345 vel
1765 1305 1936 1343 scribendi
1959 1302 2014 1340 vel
2039 1301 2209 1353 loquendi

1165 1368 1253 1403 ratio
1270 1365 1359 1403 affici
1374 1363 1538 1413 potuisset
1555 1393 1564 1408 ,
1593 1362 1641 1400 ob
1660 1362 1785 1400 oculos
1804 1362 1938 1410 posuit,
1967 1369 2002 1396 et
2018 1366 2211 1407 praeterea,

1165 1421 1262 1474 quod
1278 1431 1395 1458 tamen
1418 1418 1631 1456 condonasse
1649 1417 1754 1455 malui
1770 1447 1780 1463 ,
1801 1416 2003 1454 ,sententias
2033 1412 2182 1450 eruditas
2199 1442 2211 1459 ‚

1165 1478 1302 1526 magia,
1330 1474 1644 1525 apophthegmata,
1672 1471 1850 1521 exempla,
1878 1467 2093 1514 historiolam,
2121 1467 2212 1517 phy-

1155 1533 1229 1571 ,fica
1253 1534 1358 1569 ctiam
1386 1530 1552 1568 nonnulla
1583 1539 1618 1567 et
1639 1527 1782 1565 moralia
1800 1557 1810 1574 ‚
1851 1527 2022 1571 adduxit,
2056 1536 2144 1574 quae
2174 1526 2211 1560 in

1166 1590 1328 1626 examine
1350 1584 1560 1623 discentibus
1583 1586 1737 1634 proponi
1767 1592 1803 1620 et
1826 1581 1991 1620 inculcari
2019 1577 2211 1616 vocabulo-

1166 1657 1244 1681 rum
1265 1641 1446 1682 occasione
1462 1651 1622 1691 potuere.
1675 1638 1811 1688 Scripsit
1825 1638 1976 1689 denique
1991 1647 2065 1673 non
2073 1636 2211 1682 Pueris,

1165 1699 1225 1738 sed
1240 1699 1467 1737 Confirmatis
1482 1727 1493 1744 ,
1520 1696 1579 1733 sed
1595 1694 1736 1734 Adultis
1756 1695 1804 1748 g)
1814 1723 1823 1730 .

1246 1796 1312 1830 His
1336 1789 1503 1828 omnibus
1532 1789 1664 1838 prodiit
1679 1790 1788 1837 prima
1815 1789 1893 1824 vice
1915 1785 2108 1836 Thesaurus
2122 1785 2211 1824 Eru-

1167 1851 1307 1889 ditionis
1321 1846 1540 1894 Scholasticae
1554 1877 1564 1893 ,
1618 1860 1669 1883 zue
1682 1848 1775 1883 ratio
1791 1845 1921 1882 docendi
1937 1859 1977 1882 ac
1993 1844 2212 1892 discendisti-

1165 1909 1225 1946 cili
1239 1938 1249 1954 ,
1275 1907 1380 1958 plana
1395 1936 1405 1953 ,
1434 1916 1467 1941 et
1484 1903 1730 1957 compendiaria
1740 1905 1885 1958 prorsus
1907 1906 1966 1941 via
1980 1933 1991 1951 ,
2018 1916 2062 1940 ex
2078 1906 2212 1957 optimis

1163 1962 1350 2018 quibusque
1374 1960 1567 2001 cautioribus
1592 1966 1737 2001 Graecis
1764 1974 1797 2000 et
1813 1964 1979 2000 Latinis:
2012 1972 2046 1999 et
2056 1961 2211 2012 supellex

1163 2016 1408 2066 instrucfflifflma
1426 2017 1601 2057 verborum
1618 2049 1628 2068 ‚
1653 2018 1852 2056 locutionum
1873 2049 1883 2067 ‚
1912 2030 2027 2055 rerum
2045 2033 2054 2062 3
2069 2011 2210 2068 sinten-

1163 2076 1292 2112 tiarum
1356 2073 1606 2128 exemplorum,
1641 2086 1818 2129 eorumque
1841 2075 2004 2119 omnium,
2049 2079 2112 2111 uae
2139 2085 2211 2112 tum

1163 2105 1352 2168 docentiffus
1373 2141 1444 2168 tum
1476 2127 1678 2177 discentibus?
1705 2128 1905 2168 adminiculo
1930 2086 2095 2174 vtiliſjbno
2123 2130 2183 2179 cffi’
2201 2158 2211 2172 ‚

1164 2197 1267 2240 atque
1280 2183 1326 2223 ad
1341 2183 1559 2223 eruditionem
1583 2188 1712 2241 negotio
1720 2185 1832 2234 facili
1853 2195 1886 2222 et
1901 2183 2055 2238 expedito
2079 2196 2209 2238 compa-

1165 2240 1310 2279 randam
1315 2242 1444 2289 facere
1452 2242 1582 2295 poffimt
1599 2270 1609 2287 ,
1637 2255 1708 2279 cum
1722 2239 1876 2280 adiunc'la
1891 2243 1927 2278 in
1937 2238 2112 2294 plerisque
2128 2240 2210 2277 locis

1165 2299 1448 2348 interpretatione
1470 2299 1676 2335 Germanica
1698 2311 1714 2338 ;
1759 2299 1816 2334 Itu
1837 2298 1947 2333 omnia
1975 2294 2018 2348 ‚de
2045 2293 2210 2342 industria

1166 2350 1300 2390 colleeia
1316 2363 1418 2407 atque
1433 2350 1677 2391 accommodata
1694 2383 1705 2400 ‚
1741 2363 1780 2390 vt
1797 2363 1830 2389 et
1844 2350 1929 2389 locos
1956 2350 2138 2388 c‘ommunes
2152 2364 2209 2389 vo-

1167 2421 1240 2446 cum
1269 2420 1449 2462 rerumque
1482 2407 1718 2460 multiplicium
1754 2404 2007 2460 locupletiffi‘mos
2033 2404 2210 2459 praestare

1160 2461 1288 2516 pffnt.
1337 2464 1431 2514 Lipfi
1452 2476 1537 2513 1571.
1555 2462 1623 2511 fol.
1649 2462 1695 2512 h)
1749 2462 1882 2500 Floruit
1921 2462 2037 2499 noster
2070 2461 2209 2500 saeculo

1170 2520 1251 2556 16to
1265 2548 1275 2566 ‚
1309 2521 1450 2556 natione
1463 2521 1661 2557 Germanus
1678 2549 1689 2566 ‚
1721 2521 1827 2568 patria
1843 2521 2002 2555 Soranus.
2066 2518 2129 2555 Per
2153 2527 2208 2556 to-

1168 2584 1225 2612 tos
1243 2587 1353 2612 annos
1369 2585 1422 2622 40
1440 2577 1583 2624 aprima
1599 2573 1827 2612 adolescentia
1843 2573 1886 2610 ad
1900 2571 2073 2610 senefiam
2090 2572 2209 2625 viane,

1168 2639 1317 2667 aetatem
1333 2643 1479 2668 omnem
1495 2629 1662 2668 docendis
1685 2629 1757 2666 aliis
1774 2642 1853 2666 cum
1872 2641 1961 2666 voce
1983 2638 2059 2665 tum
2076 2629 2209 2678 scriptis

1168 2685 1364 2723 consumsit.
1416 2689 1455 2723 In
1476 2684 1656 2734 publicum
1682 2684 1794 2722 edidit
1811 2683 1976 2734 plurimas
1997 2682 2211 2722 lucubratio-

1167 2753 1229 2778 nes
1246 2770 1256 2787 ,
1291 2739 1418 2793 quibus
1441 2739 1616 2778 veteribus
1640 2742 1795 2789 Linguae
1819 2742 1961 2777 Latinae
1989 2738 2209 2778 Auc‘ioribus

1166 2796 1283 2834 lucem
1300 2796 1430 2835 addidit
1445 2826 1455 2842 ‚
1485 2809 1530 2833 ex
1548 2797 1707 2833 Terentio
1729 2796 1773 2832 sc.
1798 2805 1833 2833 et
1848 2797 2006 2832 Cicerone
2020 2797 2209 2844 Excerpta,

1167 2865 1250 2890 cum
1265 2853 1550 2902 interpretatione
1566 2851 1733 2890 locorum
1757 2850 1891 2902 aliquot
1915 2848 2147 2889 obscurorum
2171 2851 2209 2887 in

1226 2907 1247 2944 k
1275 2918 1297 2944 2
2118 2913 2216 2942 vtro-

1399 3001 1427 3036 b>
1448 3000 1526 3030 Nihil
1540 3002 1638 3029 minus.
1660 3001 1790 3028 Heni-icus
1805 2998 1951 3035 Stephanus
1964 3008 2035 3026 anno
2050 3003 2127 3026 natus
2143 3004 2210 3032 1528,

1280 3045 1379 3081 Neque
1400 3045 1428 3071 in
1443 3044 1522 3082 ipsius
1539 3043 1721 3070 monumentis
1737 3039 1791 3068 vlla
1806 3040 1848 3068 vel
1871 3041 1981 3067 minima
2003 3038 2067 3066 fides
2087 3038 2119 3066 de
2133 3049 2165 3067 ea
2177 3050 2208 3068 re

152 3084 292 3121 reperitur.
341 3084 453 3112 Videtur
474 3085 581 3123 quidem
597 3087 655 3125 post
669 3085 773 3112 obitum
789 3085 870 3122 patris
883 3083 994 3112 voluisse
1008 3083 1182 3112 Thesaurum
1197 3085 1253 3111 eius
1268 3084 1301 3111 ad
1315 3083 1439 3112 incudem
1461 3093 1592 3111 reuocare
1607 3105 1615 3117 ‚
1643 3089 1672 3110 vt
1686 3083 1839 3109 monuimus
1855 3080 1931 3118 supra
1950 3090 1983 3107 ex
2001 3080 2079 3118 ipsius
2100 3080 2209 3118 praefa-

151 3124 225 3151 tione
238 3123 270 3150 ad
281 3124 409 3152 Graecum
423 3125 604 3155 Thesaurum.

150 3203 216 3231 stola
232 3203 264 3231 de
277 3203 338 3231 suae
352 3204 561 3245 Typographiae
577 3209 650 3236 statu.

151 3246 191 3272 tio
207 3244 395 3280 Lugdunensis.

653 3127 694 3154 Est
709 3134 735 3153 ct
750 3125 815 3153 alibi
828 3125 872 3152 vbi
888 3124 962 3152 suum
978 3125 1010 3152 de
1025 3135 1056 3152 ea
1071 3135 1101 3152 re
1116 3126 1202 3163 aperit
1216 3124 1363 3154 consilium.

151 3185 170 3198 ‚,
185 3165 272 3191 tiones
288 3164 366 3202 cupio
381 3175 512 3194 renouare
531 3190 538 3202 ,
561 3167 619 3194 sunt
632 3167 694 3194 haec
708 3166 762 3193 duo
777 3165 937 3204 potissimum
952 3186 960 3199 ‚
986 3165 1130 3202 Thesaurus
1145 3165 1267 3202 Linguae
1279 3166 1398 3194 Latinae
1416 3173 1442 3193 et
1458 3165 1655 3192 Diffionarium
1672 3165 1784 3191 Latino-
1795 3160 2064 3190 Graeco-Gallicum.
2085 3182 2104 3195 ‚,

714 3212 739 3240 c)
762 3208 828 3234 Non
843 3207 941 3244 optima
955 3205 998 3234 sed
1013 3205 1094 3242 longe
1110 3205 1178 3239 alia,
1201 3207 1218 3233 si
1235 3206 1300 3234 fides
1313 3207 1343 3234 fit
1355 3206 1508 3235 adhibenda
1523 3207 1565 3238 iiS‚
1580 3215 1649 3243 qnae
1663 3199 1776 3232 dixium's
1793 3201 1825 3228 ad
1841 3205 1946 3229 Annum
1961 3212 2017 3240 quo
2032 3201 2134 3240 prodiit
2148 3202 2208 3230 Edi-

456 3247 486 3280 ἄ)
506 3247 596 3276 Editio
611 3246 779 3276 frobeniana
794 3246 825 3274 sc.
842 3248 938 3274 Forum
953 3249 1105 3275 Romanum
1121 3257 1176 3274 non
1190 3248 1273 3283 magis
1287 3248 1324 3275 est
1340 3256 1353 3275 s
1365 3255 1387 3275 Τ
1400 3256 1415 3275 Ε
1426 3255 1441 3274 r
1451 3255 1471 3274 H
1484 3255 1504 3274 A
1522 3254 1541 3273 N
1555 3255 1564 3274 1
1586 3256 1667 3284 quam
1684 3243 1908 3280 Promptuarimn.

1413 3146 1433 3160 ‚‚
1448 3124 1605 3153 Elaborata·
1619 3134 1638 3151 a
1650 3131 1730 3160 patre
1750 3130 1775 3150 et
1792 3123 1861 3149 editu
1878 3131 1961 3159 opera
1977 3142 1986 3154 ‚
2011 3130 2130 3158 quorum
2151 3120 2207 3149 edi-

2145 3163 2207 3200 Epi-

1981 3250 2004 3275 ε)
2027 3245 2103 3277 Quae
2124 3243 2206 3271 habet

149 3285 302 3313 Borrishms
321 3295 377 3312 non
391 3284 507 3323 spefflmt
519 3295 562 3316 ST
573 3296 590 3316 ε
601 3297 617 3317 P
629 3298 647 3317 Η
659 3297 681 3316 A
692 3297 732 3316 Nl
759 3287 918 3318 Thasum-mn
931 3307 940 3320 ‚
962 3287 1005 3315 sed
1020 3289 1118 3315 Forum
1133 3289 1282 3315 Romanum
1296 3310 1305 3322 ‚
1332 3289 1406 3315 cuius
1422 3288 1524 3315 Aiifflor
1538 3285 1733 3321 inelegantibus
1751 3290 1778 3310 et
1793 3283 1956 3321 imperfeffis
1973 3283 2099 3312 Plantam
2114 3291 2141 3311 et
2160 3285 2207 3311 Te-

150 3327 267 3354 rentium
280 3333 459 3360 annumerat,
479 3335 528 3354 etc.
569 3330 637 3359 Non
653 3338 665 3357 s
678 3338 700 3359 'r
711 3337 726 3357 E
738 3338 752 3357 P
765 3336 814 3356 HA
826 3336 845 3355 Ν
859 3335 878 3354 ν
889 3336 902 3356 s
917 3350 924 3362 ,
952 3328 996 3356 sed
1012 3330 1103 3356 omnia
1119 3327 1200 3363 longe
1215 3327 1302 3357 aliter.

1357 3328 1397 3367 f)
1417 3349 1436 3363 ‚,
1453 3326 1551 3355 Sedulo
1565 3328 1690 3358 incubui,
1711 3333 1739 3352 vt
1753 3323 1913 3359 'Ihesaurmn
1926 3325 2082 3357 Intuemini,
2103 3334 2133 3350 ac
2148 3332 2205 3352 tum

154 3387 174 3400 ‚,
188 3366 346 3394 discentibus
368 3374 424 3394 tum
439 3367 598 3404 docentibus
606 3370 758 3398 exhiberem
775 3391 784 3403 ‚
806 3379 860 3396 non
877 3369 1051 3397 obtruderem
1064 3369 1266 3396 Dit‘bonurium
1280 3391 1289 3403 ‚
1316 3370 1410 3407 quine
1428 3369 1537 3396 Latinus
1553 3367 1660 3404 quidem
1676 3387 1684 3399 ‚
1706 3371 1734 3392 vt
1750 3365 1778 3391 sit
1794 3363 1915 3401 vulgatus
1930 3387 1939 3399 ‚
1960 3364 2052 3393 titulus
2069 3365 2104 3391 est
2116 3384 2125 3397 ,
2153 3364 2205 3392 hoc

150 3428 169 3441 „
182 3408 218 3435 est
232 3428 241 3441 ‚
258 3415 287 3434 vt
301 3416 355 3434 non
369 3417 515 3446 occuparer
528 3410 710 3438 enumerandis
726 3411 820 3438 vsitato
836 3409 918 3437 modo
933 3431 941 3444 ‚
961 3411 1034 3438 iuxta
1049 3410 1174 3438 ordinem
1189 3408 1387 3438 clementorum
1401 3431 1410 3444 ‚
1437 3407 1575 3437 vocabulis
1590 3414 1693 3435 tantum
1706 3427 1714 3439 ‚
1739 3405 1782 3433 sed
1804 3405 1972 3433 ostenderem
1990 3407 2081 3438 etiam,
2098 3404 2162 3442 quid
2177 3406 2206 3432 in

150 3466 170 3484 „
183 3457 342 3494 vnaquaquc
357 3457 421 3476 voce
437 3449 610 3487 proprietatis
625 3449 686 3477 effer
699 3458 780 3489 atque
795 3449 943 3485 elegantiae
958 3472 966 3485 ‚
994 3461 1024 3478 ac
1038 3450 1180 3489 quomodo
1194 3450 1308 3489 perspici
1321 3451 1379 3479 vsns
1399 3452 1456 3478 eins
1470 3450 1581 3484 negotio
1601 3445 1733 3474 facillimo
1749 3444 1834 3484 poss'et
1849 3457 1854 3473 :
1881 3446 2031 3480 Quomodo
2046 3447 2111 3472 itcm
2125 3455 2206 3473 voces

153 3508 172 3522 „
187 3487 255 3515 aliae
268 3498 327 3515 cum
341 3487 398 3515 aliis
411 3490 538 3524 coniungi
554 3510 562 3522 ‚
582 3499 610 3516 ac
623 3488 773 3519 locutiones
788 3499 872 3518 certas
886 3498 911 3519 ct
924 3491 1067 3519 sententias
1082 3492 1188 3519 Latinas
1202 3498 1228 3519 et
1242 3491 1395 3530 perspicuas>
1416 3491 1549 3530 praestare
1564 3486 1674 3526 possent.
1723 3490 1760 3515 Ac
1775 3487 1838 3524 quia
1854 3485 1942 3514 sterile
1956 3495 1982 3513 et
1995 3487 2116 3513 ieiunum
2128 3487 2207 3513 nimi-

142 3534 174 3563 '„
186 3538 232 3556 um
251 3538 276 3556 et
293 3528 343 3555 hoc
356 3528 442 3567 ipsum
457 3531 493 3557 est
507 3550 516 3563 ,
536 3528 645 3557 adiunxi
659 3540 690 3557 ex
707 3532 867 3559 Auum-ibus
879 3533 984 3560 Graecis
1001 3539 1028 3560 et
1044 3533 1146 3560 Latinis
1156 3553 1164 3565 ‚
1186 3533 1203 3558 si
1218 3541 1274 3560 non
1289 3533 1414 3560 omnibus
1428 3552 1436 3565 ‚
1461 3538 1547 3558 tamen
1563 3527 1702 3566 plurimis,
1722 3527 1854 3565 quidquid
1869 3529 1898 3554 in
1913 3528 1945 3554 iis
1964 3525 2132 3564 deprehendi
2146 3536 2207 3555 eru-

122 3593 124 3599 ,
151 3589 171 3603 „
185 3567 270 3596 ditum
284 3590 292 3603 ,
313 3567 419 3604 elegans
433 3591 441 3604 ,
462 3571 599 3607 egregium
615 3592 622 3604 ‚
643 3578 788 3605 argutum,
810 3571 934 3610 lepidum.
955 3594 973 3607 ‚,

1015 3574 1052 3600 Ex
1067 3571 1217 3608 Prolegoni.
1233 3580 1249 3600 ις
1264 3582 1284 3601 Α
1295 3581 1318 3600 a.
1339 3581 1356 3600 F
1367 3580 1414 3604 ΑΒ
1425 3580 1444 3599 R
1457 3580 1476 3598 ι.

1525 3571 1556 3596 Et
1570 3578 1634 3596 mox
1647 3590 1656 3603 ‚
1684 3588 1703 3604 ,‚
1716 3570 1741 3596 Si
1755 3569 1815 3605 quis
1838 3568 2016 3595 arbitrabitur
2031 3566 2206 3595 Thesauruin

150 3629 170 3643 ‚,
183 3608 252 3636 hunc
265 3610 382 3655 nostrum
396 3612 425 3638 in
437 3611 488 3639 hoc
500 3610 678 3648 conscriptum
691 3610 752 3644 effe,
765 3618 799 3653 vt‘
806 3611 976 3641 Vocabularii
990 3620 1036 3641 aut
1054 3614 1212 3641 Dienonarii
1222 3634 1231 3647 ‚
1251 3612 1479 3651 quemadmodum
1494 3617 1607 3643 vocant,
1628 3609 1689 3637 loco
1703 3610 1762 3646 quis
1777 3619 1810 3636 eo
1826 3615 1935 3640 vtetur,
1952 3617 2001 3634 nec
2014 3608 2086 3645 prius
2097 3607 2130 3635 ad
2144 3618 2207 3635 eum

153 3667 173 3682 ‚,
187 3648 332 3696 copfngiat‚
347 3659 427 3688 quam
441 3651 473 3679 de
487 3650 613 3679 vocabuli
627 3651 738 3679 alicuius
753 3652 942 3687 significatione
952 3653 1075 3688 dubitet,
1089 3664 1117 3681 ac
1133 3655 1387 3692 interpretationem
1402 3654 1457 3680 eius
1471 3658 1563 3690 petere
1579 3660 1611 3678 ex
1627 3660 1661 3678 eo
1675 3651 1810 3680 instituat.
1827 3655 1884 3675 tota
1897 3648 2034 3675 aberrabit
2047 3649 2097 3677 via,
2140 3650 2208 3676 Non

152 3708 172 3723 ,‚
186 3698 258 3717 emm
271 3696 299 3716 vt
316 3691 514 3720 Difflionarium
529 3699 630 3720 tantum
644 3692 706 3720 essct
721 3714 730 3727 ,
751 3690 945 3730 consti-iptiu'ms
959 3717 968 3730 ,
989 3694 1034 3722 sed
1047 3703 1074 3722 vt
1089 3695 1254 3722 vberi-imam
1267 3696 1373 3733 copiam
1387 3700 1412 3720 et
1426 3691 1652 3719 instruffiffimum
1675 3698 1834 3729 apparatum
1855 3687 2022 3715 locutionum
2038 3687 2184 3717 latinarum
2201 3710 2209 3721 ‚

151 3747 170 3763 „
181 3738 271 3757 rerum
285 3739 315 3775 ac
331 3730 520 3760 sententiarum
533 3734 682 3761 contineret
696 3755 704 3767 ,
729 3743 758 3761 ac
773 3734 844 3770 quasi
859 3734 886 3761 in
904 3734 966 3763 soro
979 3734 1099 3774 quodam
1113 3757 1122 3770 ‚
1149 3742 1177 3762 vt
1193 3735 1308 3773 conspici
1331 3735 1364 3762 ab
1379 3733 1504 3761 omnibus
1524 3731 1609 3770 posset
1623 3753 1632 3766 ‚
1659 3730 1804 3769 explicaret
1820 3736 1900 3766 atque
1918 3729 2071 3757 ostentaret.
2097 3749 2116 3763 ‚,
2173 3730 2210 3764 g)

149 3789 169 3803 „
181 3767 230 3796 ma
244 3779 344 3804 omnia,
352 3781 420 3809 quae
433 3771 467 3799 ad
480 3772 593 3801 studium
606 3775 799 3801 Grammaticus
816 3776 949 3811 pertinent
963 3795 972 3808 ,
999 3775 1101 3804 adferri
1115 3777 1196 3814 cupio
1209 3786 1240 3804 ex
1255 3775 1368 3804 scholiis
1383 3773 1416 3802 ad
1433 3773 1504 3800 hunc
1516 3773 1636 3801 nostrum
1650 3771 1823 3799 Thesanrnm
1835 3790 1844 3803 ‚
1871 3770 1944 3796 cuius
1961 3768 2043 3797 1εᾶὶο
2059 3770 2212 3804 grammati-

152 3829 170 3842 „
183 3809 218 3836 eis
230 3807 282 3837 illis
294 3813 439 3849 praeceptis
453 3813 573 3841 nondum
587 3813 627 3841 sat
640 3815 713 3842 recte
726 3815 835 3842 imbutis
851 3814 970 3852 prodesse
985 3817 1030 3844 vix
1042 3818 1151 3854 poterit.
1174 3837 1192 3851 „
1234 3824 1252 3844 F
1266 3825 1287 3844 Α
1301 3823 1317 3844 Β
1329 3824 1346 3844 Ε
1359 3823 1376 3842 R
1397 3813 1451 3852 ipse
1466 3812 1482 3840 l·
1499 3823 1519 3843 c.

1581 3813 1608 3846 h)
1630 3811 1746 3841 Multum
1759 3809 1792 3837 ad
1808 3809 1860 3836 hoc
1873 3819 1941 3848 opus
1955 3809 2070 3837 contulit
2086 3817 2102 3837 F
2111 3818 2132 3837 A
2142 3816 2158 3837 B
2169 3817 2188 3836 R
2198 3816 2209 3836 Ι

150 3847 272 3894 sobrinus·
282 3850 394 3879 Micha'el
401 3852 525 3881 Leander
539 3855 665 3888 Soranus,
680 3857 762 3882 trium
775 3855 928 3890 lingmrum
940 3858 1096 3892 cognitione
1109 3849 1196 3885 cldrus
1206 3878 1214 3890 ‚
1235 3858 1283 3894 qui
1297 3854 1415 3883 scholam
1429 3853 1599 3882 Ilfeiu'ensein
1615 3855 1643 3881 in
1657 3852 1779 3881 faucibus
1795 3849 1874 3877 filuae
1893 3852 2037 3878 Hercinize
2054 3860 2102 3888 pel·
2114 3860 2150 3884 42
2163 3859 2208 3880 ²⁸¹-

151 3898 202 3918 nos
218 3896 303 3924 rent,
315 3889 346 3918 de
361 3892 508 3928 Christiana
522 3894 663 3923 iuuentute
677 3897 778 3936 optime
795 3897 912 3924 meritus.
955 3898 1017 3926 Eius
1031 3907 1130 3938 opera,
1149 3897 1266 3937 plurima
1278 3896 1338 3924 sane
1354 3903 1381 3923 et
1397 3892 1751 3933 praestantissiina,recenset
1765 3889 1906 3924 Iiffibrmr.
2079 3897 2082 3898 ⁷
