2474 4182
19 144 72 182 ›73
390 127 426 168 C
465 176 477 183 .
497 128 533 168 O
611 127 650 165 A

19 219 65 246 nde
77 217 190 247 bibenda
224 217 363 249 Seruatur‚
384 215 484 252 pai-teni
508 215 652 250 liquefacta
669 213 778 247 coagula
792 214 894 240 durant.
968 214 1038 241 Gall.

14 255 74 290 neg.
89 261 110 287 5,
121 261 152 288 37
176 253 239 280 Non
263 253 295 279 lic
321 253 359 280 lac
384 260 502 280 tenerum
514 251 643 287 permixta
655 249 764 282 coagula
778 250 899 276 reddunt.
970 250 1038 277 Adii.

18 291 70 316 ¹lin.
90 298 121 322 11,
133 297 170 322 4¹-
206 293 246 320 28,
261 297 296 314 io.
332 296 356 315 et
368 298 407 321 30,
422 297 446 320 13
454 294 498 314 etc.
524 302 531 310 ·

17 325 105 377 piu-pat
118 323 183 350 Geli.
197 332 219 356 3,
235 327 262 350 16
285 325 449 359 Conceptuin
468 323 496 349 in
515 327 592 348 vtero
605 321 754 354 coagulum.
826 322 899 358 Conf.
920 321 1040 348 Tei-tull.

17 370 38 387 .e
49 362 132 386 Carne
146 359 243 386 Christ.
261 368 287 393 4.
361 359 436 393 Vulg.
475 357 531 385 Iob.
554 365 597 388 10,
614 364 650 384 12.
847 356 867 395 fl
889 366 901 390 3
938 359 1041 391 Coagu-
1065 358 1080 385 5

14 404 59 431 guin
78 398 150 421 ctiam
163 394 325 430 mctaphoricc
340 401 441 422 vocatur
454 391 575 428 quidquid
586 395 723 427 coniungit.
760 392 828 418 Gell.
843 402 883 425 iz,
905 402 914 419 1
944 394 1041 419 Vincu-

17 439 59 456 uin
78 429 160 462 illud,
179 431 370 465 coagulumque
382 430 464 456 animi
477 434 556 461 atque
569 427 684 459 amoris,
702 437 757 462 quo
771 435 890 463 parentes
906 437 965 454 cuni
979 428 1041 454 filiis

18 471 95 492 iatum
109 467 254 498 consociat,
273 465 461 493 interscindunt
478 463 545 496 (hoc
559 462 593 489 cul
604 463 758 495 vinculum)
780 471 824 490 aut
844 471 913 490 certe
933 465 1041 498 quidem

18 501 109 528 ‚iluunt
128 502 183 536 (ad
196 502 351 536 coagulum)
371 501 551 533 deteruntque.

22 537 83 563 itiae
115 538 254 572 coagulum
275 537 380 563 vnicum
400 534 435 560 est
456 533 528 560 fides.

12 573 128 607 Ἰ1111111111111
143 581 326 599 aerumnarum
340 570 485 605 coagulum.
539 571 597 596 lioc
617 572 736 597 continet
757 571 895 605 coagulum
919 570 1045 596 conuiuia

10 611 11 614 ’
32 617 92 635 arro
104 609 304 644 ap.Non.i,ii5.
500 603 520 642 ἢ
542 615 560 639 4
580 607 696 633 Coavula
709 607 776 642 apud
794 609 882 642 Veget.
896 607 1009 633 Muloin.
1025 614 1045 638 1,

12 610 54 677 lii,
69 652 87 671 1.
123 651 146 670 ct
158 652 200 676 45,
216 653 234 670 ι.
270 649 293 668 et
303 642 449 675 Coagulare
463 650 555 675 4‚io,3
576 628 719 675 inttjli’inum
733 643 822 675 colon,
839 644 877 669 vel
891 645 1045 678 principium

10 678 70 711 lm,
91 679 155 715 quod
168 687 270 705 caecum
287 676 394 709 dicitur,
400 677 546 713 stguficwe
557 678 664 704 uidetur.
711 677 769 704 isid.
784 680 889 704 chiwn
902 677 1026 711 uillicum.

10 718 14 727 ·’
40 720 242 746 εοΑΰνιο,
259 717 310 739 are.

11 748 126 784 „affiuum
140 749 173 784 est
186 748 325 782 eoagulor.
398 749 463 775 Plin.
479 758 516 781 12,
532 757 561 781 25
581 750 685 776 Summa
701 749 824 784 probatio
838 750 889 781 eit,
907 755 936 775 vt
952 749 989 775 lac
1003 758 1046 775 co-

20 785 100 820 gulct.
169 783 261 811 Pallad.
274 785 350 810 Maio
363 793 389 817 9,
406 793 415 811 1
434 786 491 811 Hoc
504 785 591 811 mense
604 786 705 811 cascum
718 785 924 819 coagulabimiis.
981 784 1047 811 Plin.

11 816 48 855 [0,
61 829 90 853 23
111 820 249 854 Tantaque
262 820 302 846 vis
315 821 339 846 ei
356 820 408 852 est,
429 827 457 846 vt
478 830 491 847 a
513 829 561 847 uae
579 821 680 852 infusa,
700 820 838 853 coagulare
858 829 915 846 eam
936 820 1047 847 dicatur.

11 857 44 897 *Pr
56 856 167 883 cannabe.
237 855 315 890 Vulg.
331 856 391 882 lobi
406 865 440 884 10.
457 865 483 882 12
534 865 602 883 011110
615 856 678 882 ficut
693 856 731 882 lac
744 855 851 882 inullisti
868 865 924 887 nie,
944 862 968 882 ct
984 856 1046 882 licut

16 893 105 918 ,ascum
121 890 272 925 coagulasti.
345 891 516 926 Intransttiuc.

12 935 50 961 jes
64 925 117 954 Th.
131 927 253 953 Priscian.
271 936 297 960 1,
313 936 350 954 21.

14 960 16 973 ”
40 967 57 989 C
68 967 86 988 0
95 968 116 988 Α
126 968 146 989 G
155 970 175 989 v
184 970 200 989 L
208 970 229 989 Α
239 970 259 990 T
270 971 289 989 v
298 971 322 995 s,
330 973 353 995 a,
362 972 414 989 11111.
436 964 502 991 Part.
536 963 645 991 Piin.16.
655 971 676 988 11
698 962 744 988 Pix
756 962 899 996 coagulata.

14 995 60 1031 1111.
73 996 104 1024 de
118 998 203 1025 Carne
216 998 313 1026 Christ.
327 1008 345 1032 4
365 1001 455 1026 Homo
470 1000 497 1026 in
510 1005 587 1025 vtero
606 997 764 1032 coagulatus.

7 1042 17 1064 ¹.
39 1039 326 1067 eoAGvLA‘r10,
347 1036 414 1061 onis.
433 1035 453 1061 f.
491 1035 597 1068 [πῆξις]
632 1034 697 1061 Plin.
712 1040 758 1066 28,
779 1041 807 1059 io
838 1033 909 1059 Nam
930 1033 957 1059 id
981 1041 1047 1067 quo-

16 1038 56 1102 1110
68 1078 200 1096 venenum
215 1070 251 1096 est
264 1071 292 1096 in
306 1071 390 1105 prima
403 1070 476 1097 laffis
491 1069 681 1104 coagulatione.

16 1103 170 1138 ''ieconiium
193 1106 267 1133 laciis
286 1106 510 1141 coagulationem,
527 1113 573 1132 ccc.

39 1146 56 1166 C
66 1147 85 1168 ο
95 1139 117 1168 ti
125 1149 142 1168 1.
150 1149 167 1168 E
177 1149 195 1169 o
205 1161 213 1174 ,
234 1149 251 1169 c
261 1148 280 1168 ο
289 1149 310 1168 Α
319 1149 335 1168 r
344 1149 361 1168 ε
369 1150 382 1169 s
391 1149 408 1169 c
416 1149 435 1169 0
444 1162 452 1174 ,
472 1142 509 1171 ui,
530 1144 582 1168 ere.
620 1140 804 1176 [συμφύομαι]
840 1140 982 1170 Comei-erc,
991 1148 1046 1165 con-

33 1176 118 1212 esccre.
192 1178 295 1204 Lucret.
315 1179 348 1210 6,
366 1179 430 1204 1066
462 1178 526 1204 Saxa
558 1176 633 1204 vides
666 1177 782 1211 primuni
815 1176 870 1201 sola
901 1175 1046 1201 coalescere

20 1186 82 1244 bke.
153 1213 266 1240 Grandis
290 1213 341 1239 ilex
371 1213 504 1240 coaluerat
538 1212 608 1239 inter
628 1213 686 1239 saxa
718 1213 778 1239 Sall.
798 1212 852 1245 ing.
866 1219 905 1243 93.
978 1211 1046 1236 Plin.

37 1256 68 1280 ,2
83 1249 101 1275 s.
117 1258 136 1283 4
171 1250 206 1276 Vt
221 1249 268 1276 nisi
280 1248 446 1283 pinguissiino
457 1249 514 1276 solo
526 1249 628 1276 coalere
642 1257 696 1275 non
709 1247 789 1282 poffit.

29 1287 60 1310 ·ι”.·
69 1284 117 1320 [1ἰί
129 1286 162 1312 al.
177 1285 336 1312 Coalescere.
359 1285 441 1312 Hard.
451 1285 546 1312 Colere
553 1294 607 1311 non
614 1284 701 1319 proiit.
713 1283 1048 1318 Nondumi'taquejatispro-

36 1326 63 1346 ta
75 1317 204 1356 estforma
214 1320 257 1347 illa
270 1320 378 1347 Coaleo.
431 1322 521 1347 Altera
534 1321 694 1356 frequentior
709 1319 814 1355 forma,
833 1327 856 1344 υ.
870 1328 895 1353 g.
918 1319 1048 1345 Coalescit

33 1364 123 1382 ramen
141 1356 199 1383 Col.
213 1365 236 1390 2,
252 1361 284 1387 18,
298 1363 318 1389 5.
388 1355 554 1383 Sarmentum
565 1356 707 1391 depreffinn
727 1355 765 1381 Id.
780 1362 799 1386 3,
815 1356 882 1386 18,6.
954 1355 1047 1380 Seinen

31 1391 65 1417 01.
80 1400 102 1424 3,
115 1399 137 1425 5,
149 1400 173 1419 2.
240 1391 363 1419 Surculus
401 1393 486 1419 Varro
501 1401 521 1425 i,
534 1401 575 1426 41,
593 1401 618 1419 2.
687 1390 827 1417 Triticum
865 1389 924 1415 Col.
940 1398 965 1422 2,
980 1393 1005 1423 6,
1021 1401 1048 1424 4.

694 285 715 322 ἢ
737 294 749 311 2
785 288 925 321 chcmine
936 286 1041 312 humano

623 500 653 525 Et
669 500 694 525 P.
709 500 786 531 Syrus
800 500 826 526 in
841 500 945 526 Mimis:
970 499 1042 525 Anii-

938 963 967 988 Et
977 963 1048 989 Ter-

21 1438 56 1494 1ὶ,
86 1461 95 1489 ἱ
107 1463 190 1490 telluri
202 1466 279 1490 matri
292 1463 364 1490 coale
378 1469 454 1494 cunt,
473 1467 491 1490 i.
504 1467 675 1499 concrequnt,
693 1461 909 1497 inhaerqsczeritquc
923 1461 1048 1496 firmiter,

31 1507 52 1524 io
81 1507 135 1525 cum
140 1498 194 1534 fit,
213 1502 286 1525 etiam
299 1498 529 1533 Comprehendere
545 1499 664 1533 plantae,
689 1500 746 1524 item
761 1497 950 1524 Conualescere
962 1499 1048 1523 dicun-

33 1543 55 1559 ν.
125 1535 169 1562 Sic
179 1534 285 1562 Colum.
298 1534 331 1560 de
343 1533 407 1560 Arb.
421 1542 465 1568 27,
480 1542 492 1566 3
513 1534 553 1560 Sic
566 1533 722 1568 interposito
742 1533 859 1559 triennio
878 1533 1001 1559 coalescit
1020 1532 1049 1559 fi-

31 1577 49 1594 is
64 1569 168 1602 oliuae,
187 1570 216 1596 de
227 1568 348 1603 e'rfitione.
421 1569 502 1595 Gaius
525 1569 542 1595 1.
564 1578 580 1602 9
604 1569 630 1595 ff.
651 1578 689 1603 pr.
710 1569 742 1595 de
761 1569 861 1603 acquir.
881 1578 933 1595 rer.
948 1569 1049 1595 domin.

35 1613 67 1630 ua
79 1605 182 1631 ratione
192 1610 280 1631 autem
292 1605 411 1639 plantae,
430 1614 497 1640 quae
514 1611 585 1631 terra
598 1604 760 1637 coalescunt,
784 1605 841 1631 solo
859 1605 955 1631 cedunt
968 1613 973 1629 :

38 1649 65 1665 m
82 1641 186 1667 ratione
205 1639 338 1667 frumenta
359 1649 482 1676 quoque,
501 1649 568 1675 quae
593 1641 645 1666 sata
671 1641 745 1672 sunt,
767 1641 823 1667 solo
843 1640 935 1668 cedere
955 1641 1052 1667 intelli-

40 1680 109 1702 ntur.
180 1675 284 1711 leian.
300 1676 318 1703 l.
338 1685 355 1709 9
375 1674 432 1712 §.2
452 1676 479 1702 ff.
508 1676 540 1702 de
562 1675 658 1702 damno
679 1676 796 1708 infodio,
816 1676 923 1702 Alfenus
943 1685 1051 1711 quoque

30 1711 112 1744 ribit,
131 1711 150 1738 fi
173 1720 205 1738 ex
229 1710 314 1739 fundo
335 1718 383 1738 tuo
405 1711 489 1738 crusta
508 1712 640 1746 (terrae)
661 1711 729 1746 lapsa
749 1711 780 1737 fit
793 1712 820 1737 in
834 1720 921 1738 meum
936 1712 1050 1737 fundum

83 1747 121 1774 ita
135 1746 242 1774 demum
254 1747 384 1773 vindicari
403 1748 471 1782 poss'e
507 1762 552 1766 ——-
587 1747 605 1772 si
629 1755 682 1772 non
701 1746 841 1777 maluerit,
862 1756 948 1782 neque
967 1748 1052 1774 vnita-

20 1787 58 1827 Ι1111
72 1791 132 1810 ciun
145 1788 215 1810 terra
229 1791 287 1809 mea
300 1783 401 1809 fecerit.

31 1819 129 1845 anslata
141 1818 170 1844 in
188 1827 280 1853 agrum
293 1827 380 1844 menni
395 1825 454 1844 cum
468 1823 538 1843 terra
555 1826 612 1843 inca
624 1818 723 1844 coaluit
737 1825 782 1846 etc.
837 1818 903 1845 Pliti.
919 1826 978 1851 9,5i
988 1820 1051 1854 s.76

29 1863 74 1880 cus
94 1855 112 1880 s.
136 1853 231 1882 belone
250 1863 314 1881 vnus
334 1853 443 1888 piscium
464 1852 613 1880 dehiscente
633 1859 741 1888 propter
759 1853 959 1880 multitudinem
975 1861 1052 1881 vtero

38 1890 82 1916 rit.
153 1890 175 1916 A
187 1896 262 1924 partu
275 1889 394 1916 coalescit
408 1889 513 1915 vulnus.
717 1886 738 1926 fl
760 1898 773 1915 2
810 1891 950 1925 Mecapijvor.
966 1891 1053 1923 Qiiii-

35 1924 62 1951 il.
75 1933 97 1958 1,
114 1932 138 1958 ς,
150 1926 182 1958 6,-
202 1926 285 1952 Voces
298 1924 457 1960 compositae
493 1939 539 1944 ——
575 1932 589 1949 e
608 1923 711 1950 duobus
724 1924 795 1959 quasi
814 1925 973 1960 corporibus
993 1935 1051 1953 coa-

32 1961 120 1993 scunt,
139 1966 168 1986 vt
181 1962 242 1987 male
254 1960 312 1987 'cun

35 2005 100 2023 nuni
125 1996 270 2023 coalescere
291 2002 317 2023 et
338 1995 468 2022 confundi
486 1997 618 2030 nequiret.

690 1996 759 2023 Gell.
773 2004 800 2031 7,
813 2004 830 2031 7
849 1998 929 2031 Quod
942 1998 1051 2024 Affatim

43 2041 60 2058 n
85 2032 164 2059 ess'ent
185 2032 252 2059 duae
274 2037 359 2066 partes
378 2031 525 2063 orationis,
545 2031 587 2056 sed
612 2036 724 2066 vtraque
747 2041 804 2067 pars
825 2033 854 2059 in
867 2043 944 2060 vnain
958 2044 1053 2061 vocem

39 2068 148 2094 aiuiss'et.
220 2067 331 2100 Qiinct.
346 2075 368 2099 2,
381 2076 407 2100 9,
424 2076 434 2099 3
456 2066 525 2093 Sicut
538 2066 655 2099 hominis
666 2073 739 2094 ortus
759 2077 791 2094 ex
811 2075 925 2104 vtroque
945 2070 1052 2105 gignen-

31 2113 76 2130 uni
89 2103 240 2135 confertur,
261 2110 287 2129 ct
299 2103 393 2129 frustra
408 2102 530 2137 sparseris
544 2103 654 2133 semina,
677 2103 724 2129 nisi
746 2104 791 2130 illa
809 2106 991 2138 praemollitus
1012 2106 1052 2131 fo-

30 2174 214 2208 :cipicntisque
227 2173 378 2200 concordia.
448 2174 508 2199 Liu.
522 2181 541 2204 i,
558 2178 571 2202 8
593 2175 743 2208 Vocataque
755 2173 787 2199 ad
802 2174 946 2200 concilium
961 2175 1050 2201 inulti-

31 2210 117 2241 idine‚
135 2217 201 2243 quae
215 2209 357 2235 coalescere
370 2209 398 2235 in
410 2207 502 2242 populi
514 2208 592 2234 vnius
605 2217 699 2242 corpus
713 2208 785 2235 nulla
800 2218 845 2242 re,
866 2217 1052 2245 praeterquam

29 2245 127 2279 gibus,
145 2249 256 2278 poterat.
327 2245 358 2270 Et
374 2253 395 2277 1,
409 2252 431 2270 ιι
451 2244 490 2270 Ita
502 2252 556 2269 rem
572 2243 717 2270 coalescere
730 2246 873 2272 concordia
885 2246 963 2280 posse.
1012 2247 1053 2274 Sic

32 2281 70 2306 iu.
84 2287 126 2312 23,
139 2286 166 2312 35
186 2279 336 2306 Concordia
355 2279 508 2306 coaluerant
527 2279 650 2307 omnium
664 2280 757 2307 animi.
829 2281 877 2314 Hi,
895 2281 1053 2308 incredibile

36 2321 156 2342 emoratu
175 2315 212 2342 est
222 2335 232 2348 ‚
257 2324 337 2351 quam
360 2315 438 2342 facile
458 2314 604 2342 coaluerint
630 2315 733 2343 Sallust.
753 2316 862 2344 Catilin.
886 2319 912 2345 6.

36 2358 55 2379 O
63 2358 84 2379 0
92 2358 109 2378 1.
118 2357 136 2378 Ε
144 2358 157 2378 S
165 2357 183 2378 C
195 2358 215 2378 Ο
223 2371 229 2377 .
356 2358 363 2359 ‘

45 2393 120 2415 COA
131 2392 148 2413 i.
158 2393 245 2414 ESCE
255 2393 277 2412 N
287 2394 317 2420 s,
334 2386 376 2413 tis.
397 2386 490 2414 Partic.
526 2386 587 2414 Liu.
601 2395 622 2420 1,
636 2395 653 2414 2
684 2387 778 2422 Populi
800 2388 829 2415 in
844 2388 899 2416 dies
913 2389 997 2423 inagis
1010 2397 1054 2415 co-

35 2423 156 2449 est-entes·
227 2422 294 2449 Vell.
309 2431 335 2456 2,
349 2431 394 2456 90,
410 2431 419 2449 1
439 2421 562 2449 Membra
576 2423 643 2458 reip.
657 2423 839 2450 coalescentia.
909 2424 1054 2456 Id.2‚48,5

0 2467 2 2470 ’
32 2457 183 2486 calescentis
194 2457 359 2485 conditiones
372 2458 452 2493 pacis.
525 2459 593 2486 Gell.
611 2467 649 2494 17,
664 2467 681 2492 9
701 2459 731 2485 dc
742 2461 839 2494 Scytala
853 2459 1054 2485 Lacedaemonio-

38 2539 62 2557 ie
78 2538 169 2557 earum
187 2536 213 2558 et
231 2530 316 2565 apices
335 2530 365 2556 in
385 2536 469 2565 partes
492 2529 673 2556 diuerfiss'imas
693 2522 834 2563 Spar‘gebat
868 2543 914 2549 —
949 2531 1057 2557 Literae

42 2575 56 2593 r
69 2564 199 2593 ambitum
213 2566 327 2592 eundem
339 2566 439 2592 surculi
451 2566 623 2591 coalescentes
636 2564 742 2590 rursum
755 2563 870 2591 coibant.

9 2615 11 2618 ⁴
44 2600 263 2631 COALi'Tvs,
278 2609 310 2632 a,
329 2609 384 2626 um.
419 2600 513 2626 Partic.
549 2598 736 2633 [συναυξηθεὶς]
773 2600 841 2626 Gell.
869 2609 914 2634 12,
938 2609 947 2627 1
969 2602 1054 2628 Cuius

72 2637 200 2671 corpore,
224 2636 353 2669 cuiusque
380 2643 412 2661 ex
438 2635 562 2669 sanguine
581 2641 716 2662 concretus
736 2634 819 2662 homo
840 2642 865 2662 et
885 2637 996 2664 coalitus
1016 2638 1055 2664 fit.

44 2673 105 2698 acit.
121 2672 188 2697 Ann.
202 2679 242 2703 14,
257 2679 266 2696 1
287 2670 421 2697 Vetustate
445 2670 552 2705 imperii
575 2670 670 2698 coalita
692 2671 809 2700 audacia.

40 2708 95 2739 ,26
121 2706 252 2734 Coalitam
273 2705 396 2732 libertate
419 2705 622 2733 irreuerentiam
643 2715 675 2733 eo
699 2709 846 2743 prorupisse
871 2708 1056 2737 frementibus.

39 2741 134 2769 ibertas
147 2742 243 2768 coalita
261 2741 351 2769 Tacit.
363 2741 432 2768 nist.
446 2750 474 2775 4,
482 2750 519 2775 55.
555 2743 623 2778 Qua
632 2746 775 2779 metaphora
786 2744 874 2780 tabique
884 2745 1058 2780 confirmatum

45 2775 169 2811 robustum
182 2783 260 2804 notat.
959 2798 969 2802 -

49 2819 271 2846 coALi'rvs,
289 2811 328 2839 sis.
346 2822 383 2840 m.
439 2813 541 2840 Arnob.
556 2823 573 2847 4
593 2823 617 2849 p.
632 2822 676 2848 150
694 2815 775 2849 Qiod
794 2816 898 2850 penitus
916 2816 1058 2851 oportebat

39 2892 78 2912 ter
91 2887 208 2912 homines.
279 2885 416 2912 Coolitum
431 2887 480 2922 tegi
492 2887 547 2912 vult
559 2887 692 2913 Lambinus
705 2887 740 2914 ad
759 2888 865 2914 Lucret.
880 2889 907 2920 6,
922 2891 996 2916 1066.
1014 2889 1059 2915 vbi

35 2924 86 2948 iam
97 2920 242 2948 coalescere
250 2922 351 2957 probat.
922 2927 925 2929 ·

48 2962 203 2990 coni-LV
212 2963 249 2990 o,
265 2958 319 2983 ere.
356 2956 384 2984 Si
395 2954 430 2990 est
448 2956 570 2990 Verbum,
583 2956 609 2991 fi
635 2957 714 2995 ufirat
732 2964 781 2994 per
797 2958 942 2986 alluuionem
962 2961 1061 2997 aliquid

102 3001 113 3018 .’
145 2992 272 3019 Laudatur
285 2993 412 3028 Pompon.
425 2991 443 3019 1.
457 3001 488 3025 30
500 2991 523 3030 §.
539 3001 555 3020 2
568 2993 594 3020 ff.
607 2967 639 3020 fe
653 2994 755 3028 acquir.
776 3002 828 3021 rer.
843 2994 945 3023 domin.
983 2997 1059 3024 Paul-

46 3061 116 3088 endo
126 3063 200 3103 tux—it
209 3063 312 3100 flumen.
349 3063 396 3091 Sed
407 3065 480 3091 Goth.
493 3064 643 3092 Colluendo
657 3066 730 3100 legit.

39 3104 237 3139 'COAMlcv
247 3106 278 3132 s,
295 3100 315 3126 i.
335 3109 370 3126 m.
408 3098 568 3136 [ὅμόφιλος]
605 3102 662 3128 Cic.
679 3103 711 3128 de
725 3101 832 3128 Amicit.
846 3111 881 3136 99
906 3113 929 3131 c.
951 3106 982 3131 26
1002 3105 1058 3132 Ho-

37 3143 62 3160 ie
77 3141 119 3160 me
132 3139 192 3160 ante
204 3142 295 3161 omnes
309 3135 439 3162 coaniicos
451 3135 543 3163 stultos
555 3138 628 3164 senes
665 3138 782 3164 Versaris
791 3158 799 3170 ‚
814 3144 893 3174 atque
906 3139 1060 3168 lusci-islan-

40 3169 109 3196 ssime
125 3177 130 3193 :
165 3171 413 3203 exveeericomoedia.
449 3172 489 3198 Sic
501 3173 575 3200 MSS.
591 3182 672 3200 omnes
691 3174 824 3200 Guilelmii.
859 3175 907 3202 Sed
917 3178 1060 3212 praeualuit

41 3212 97 3232 tera
110 3202 183 3231 reaia
191 3224 200 3237 ,
215 3213 289 3241 quam
301 3212 326 3232 et
335 3206 414 3242 ipsam
425 3205 484 3233 boni
495 3207 589 3235 codice:
604 3209 708 3240 habent,
727 3210 862 3238 Comicos.

51 3246 188 3268 COANG
199 3246 318 3281 vsjro,
336 3245 389 3269 are.
424 3242 558 3278 [συς-ενόω]
593 3246 680 3272 Varro
694 3245 725 3272 de
739 3246 770 3271 R.
784 3246 814 3272 R.
831 3254 860 3279 3,
875 3248 920 3280 16,
935 3254 960 3280 ις
979 3247 1009 3274 de
1023 3249 1060 3275 al-

52 3279 69 3303 's
81 3283 169 3312 apum,
187 3275 236 3317 sed
249 3282 286 3303 ita
301 3277 342 3303 vti
353 3285 436 3318 quum
457 3286 550 3312 parum
572 3279 603 3307 sit
624 3289 675 3316 qua
700 3280 864 3316 compleant,
883 3291 924 3309 eas
946 3292 1060 3318 coangu-

38 3318 82 3340 ent
95 3323 101 3339 ς
138 3321 171 3338 ne
185 3320 214 3339 in
225 3311 298 3340 vasto
310 3311 370 3353 loco
377 3318 404 3353 et
413 3314 487 3340 inani
498 3313 546 3341 des
595 3315 673 3343 deant
685 3317 812 3344 animuin.
855 3318 1061 3354 VidAExiguior,

57 3354 207 3388 Eitinvs.
278 3347 383 3383 leian.
397 3357 425 3375 in
437 3348 454 3375 l.
467 3349 511 3376 sed
523 3359 538 3377 a
556 3350 609 3379 des.
625 3351 649 3389 ᾗ.
670 3352 688 3379 si
702 3352 858 3387 inquilinus.
878 3354 911 3380 D.
926 3355 1004 3382 locat.
1032 3356 1061 3382 Si

66 3449 71 3452 ,
90 3419 161 3447 uerit
175 3419 299 3446 dominus
312 3430 318 3446 ι
352 3419 442 3447 verius
456 3420 492 3448 est
505 3429 537 3448 ex
553 3423 684 3451 conducio
697 3433 758 3451 eum
770 3425 873 3458 teneri,
889 3433 916 3453 et
936 3426 970 3453 ad
988 3427 1063 3454 exhi-

75 3463 136 3489 ¹um
155 3454 278 3488 afflone,
299 3455 352 3482 iiiie
370 3455 433 3489 scit,
453 3455 506 3484 flue
524 3457 697 3492 ignorauerit.
768 3461 825 3488 Cic.
837 3459 870 3487 de
881 3462 976 3497 Legib.
990 3471 1020 3495 3,
1033 3472 1064 3495 32

57 3499 89 3525 ¹4
107 3491 194 3527 Atque
209 3490 272 3518 haec
287 3491 329 3518 lex
341 3491 448 3518 dilatata
461 3492 490 3518 in
505 3493 625 3522 ordinem
643 3495 769 3523 cunCtum
793 3497 959 3531 coangustari
981 3500 1064 3526 etiam

66 3525 112 3554 est.
179 3528 290 3562 Propter
303 3534 412 3562 pontem
425 3528 660 3562 coangustabantur
685 3533 716 3558 A.
732 3533 760 3558 B.
776 3533 851 3567 Hisp.
864 3541 886 3559 c.
901 3541 922 3566 5.
971 3534 1062 3569 Paffiu.

67 3617 78 3631 ,
97 3596 194 3625 subesse
210 3598 363 3632 videbitur,
381 3608 435 3635 quo
449 3599 554 3627 facilius
565 3601 701 3628 claudatur
714 3611 761 3636 ea,
781 3603 824 3630 vel
833 3610 903 3630 certe
915 3606 1065 3641 coanguste-

71 3652 82 3667 ,
100 3633 129 3660 in
141 3641 220 3660 anum
235 3644 343 3671 quoqne
355 3635 440 3662 danda
453 3635 577 3672 plumbea
590 3636 675 3663 fistula
688 3637 734 3664 est.

57 3673 78 3696 c
87 3675 108 3696 0
116 3676 140 3696 A
148 3675 172 3695 Ν
180 3675 253 3697 ovs
262 3676 313 3699 TA
322 3677 345 3699 'r
355 3673 378 3698 v
386 3679 410 3705 s,
419 3680 443 3704 a,
450 3681 504 3698 um.
525 3672 594 3698 Part.
622 3678 625 3679 ⁷
634 3672 748 3709 Vndique
757 3672 884 3710 angustus.
906 3675 971 3703 Fest.
993 3678 1064 3704 Con-

57 3703 188 3775 111118111ὶῖδέιΙ
207 3704 368 3735 Coauditum
404 3707 469 3734 ficut
499 3707 697 3742 coangustatum
728 3708 836 3736 dicitur.
908 3712 986 3748 Quid.
1017 3715 1065 3749 leg.

189 3749 225 3767 m.
247 3748 256 3760 ’-

59 3781 77 3803 c
84 3779 162 3803 o'A'?
170 3782 193 3803 Τ
201 3781 222 3803 0
229 3795 241 3809 ,
254 3779 310 3804 ire.
321 3786 324 3790 ’
342 3779 409 3816 Apte
419 3783 583 3818 coniungere,
599 3787 701 3816 parare,
719 3780 908 3809 accommodare.
943 3783 1067 3811 Prudent.

45 3809 160 3851 sychem.
171 3819 198 3837 v.
212 3818 257 3852 559
270 3812 360 3840 unius
372 3812 399 3841 se
413 3815 498 3850 specie
512 3815 624 3843 mendax
645 3816 752 3843 Bellona
769 3822 882 3851 coaptat.
953 3819 1067 3847 Hieron.

47 3844 105 3880 pist.
119 3847 161 3873 116
178 3846 295 3874 Maxime
309 3847 379 3881 Lxx
391 3850 566 3887 interpretum
580 3853 815 3880 consuetudinime
822 3853 952 3888 coaptaui.
987 3855 1075 3883 Mart..

50 3881 130 3916 apell.
141 3889 152 3908 1
165 3890 191 3917 p.
204 3890 218 3914 3
230 3882 265 3919 σᾷ
273 3887 426 3924 matrimonii
436 3890 563 3915 vinculum
583 3895 608 3915 et
617 3886 813 3916 commistionem
824 3891 938 3925 retertur
946 3909 956 3923 ‚
974 3890 1069 3926 Sophi-

38 3925 77 3944 mv
103 3931 151 3938 —
184 3926 240 3944 non
252 3917 351 3961 placing
363 3923 479 3960 coaptari
496 3928 625 3962 coniugem
642 3927 777 3952 Mercurio.

44 3957 141 3982 -ΰοᾼ
149 3959 253 3982 ΡΤΑΤ
261 3958 299 3985 ιο
306 3974 317 3988 ,
336 3963 403 3986 oxus.
421 3957 443 3985 f.
478 3961 549 3996 Apta
561 3959 711 3989 coniuntb'o.
748 3959 856 3996 August.
876 3959 937 3988 Ciu.
956 3961 1008 3990 Dei
1026 3971 1071 3997 22,

0 3349 22 3871 ssss'wfw'v-zw
0 3316 2 3330 ”

600 535 731 561 Aniuiian.
746 544 788 567 29,
806 544 818 561 2
837 535 965 561 Palladius
997 534 1042 560 ille
1061 543 1090 561 10

335 713 442 746 [πήσσω,
462 712 575 747 narniis]
613 712 798 749 Conjbingcre,
818 714 918 748 densim·
931 725 938 738 .·
975 716 1046 739 citius
1066 719 1090 745 15

553 894 642 925 Quini
664 900 728 919 vero
755 891 950 926 coagulauerit,
972 900 1047 926 rcpo-
1066 900 1097 917 20

754 1068 828 1096 Ideni
843 1077 882 1101 23,
892 1074 929 1099 118
948 1069 1049 1095 Contra
1063 1071 1091 1098 25

862 1248 902 1273 Sic
911 1246 1005 1287 quidem
1017 1249 1048 1273 li.
1065 1258 1097 1282 30

31 1427 94 1453 tibiis
107 1426 215 1454 ommbus
225 1428 287 1454 Iocis
293 1427 363 1464 felix
394 1431 568 1454 erminantium
583 1433 717 1463 prouentus
730 1426 857 1452 indicatur
865 1445 874 1458 ,
884 1428 926 1461 qui
938 1429 965 1451 in
978 1436 1002 1452 eo
1011 1436 1048 1451 ιη-
1066 1426 1094 1451 35

1010 1614 1051 1631 ea·
1060 1615 1097 1640 40

473 1782 529 1808 Nec
548 1781 628 1808 arbor
641 1782 724 1816 potest
741 1782 873 1809 vindicari
892 1792 906 1809 a
920 1789 962 1815 te,
983 1792 1051 1818 quae
1063 1787 1097 1813 43

369 1962 400 1987 Et
417 1969 437 1992 1,
451 1967 477 1995 7,
491 1962 522 1986 26
543 1959 614 1992 Qiia
630 1959 747 1986 subiecta
761 1960 809 1987 libi
823 1962 921 1988 vocalis
934 1963 962 1988 in
969 1971 1050 1989 vnum
1070 1967 1101 1993 50

44 2139 79 2165 rit
91 2138 194 2165 sulcus:
228 2139 264 2165 ita
277 2139 430 2173 eloquentia
442 2138 585 2164 coalescere
605 2139 712 2172 nequit,
730 2139 778 2164 11111
803 2140 900 2165 sociata
923 2141 1051 2165 tradentis
1070 2146 1098 2172 55

983 2318 1052 2346 Add.
1062 2322 1098 2347 60

42 2504 81 2527 m,
98 2494 236 2521 Resolutio
249 2494 301 2521 lori
315 2494 403 2521 literas
423 2501 526 2521 truncas
546 2501 625 2528 atque
645 2494 752 2521 mutilas
763 2494 904 2526 reddebat,
926 2494 1054 2521 ineiubra-
1068 2494 1100 2526 65

881 2673 972 2699 Tacit.
986 2675 1054 2700 Ann.
1065 2682 1102 2711 70

59 2849 168 2876 humani
180 2850 282 2884 generis
291 2849 388 2875 coalitu
397 2849 456 2876 tolli
464 2870 472 2882 ‚
492 2859 521 2876 »ιε
535 2851 661 2886 coakfim,
668 2854 687 2877 i.
699 2852 879 2887 increbrescat,
900 2853 1059 2888 confirmetur
1071 2858 1104 2887 75

43 3034 92 3054 tim
103 3027 274 3061 eoalluendo,
291 3028 380 3055 locum
399 3028 560 3055 eminentem
583 3030 660 3064 supra
678 3030 784 3056 alueum
803 3030 884 3064 fecit,
897 3038 924 3059 et
947 3040 1008 3059 eum
1021 3033 1058 3060 al·
1073 3039 1105 3065 80

1076 3215 1107 3244 85

66 3383 166 3411 urlinus
178 3392 266 3411 arcam
279 3390 394 3411 aeratam
407 3384 436 3411 in
448 3385 522 3412 aedes
535 3386 657 3415 intulerit
665 3408 674 3421 ,
692 3395 718 3416 et
731 3388 837 3415 aedium
852 3389 961 3417 Aditum
985 3400 1062 3418 coari-
1071 3404 1107 3430 90

53 3561 87 3603 js.
99 3569 128 3598 7,
141 3569 176 3597 27
187 3562 222 3590 ad
225 3562 320 3599 finem,
342 3562 422 3598 Qiod
435 3563 452 3590 11
467 3563 568 3591 fistulae
580 3572 666 3593 metus
678 3575 710 3594 ex
723 3567 764 3594 his
786 3567 865 3595 caulis
885 3569 948 3603 quas
967 3577 1063 3605 propo·
1077 3576 1110 3603 95
1130 3572 1274 3606 βρεκεκεκὲξ
1283 3571 1345 3602 κοάξ
1354 3569 1422 3602 κοάξ.

1076 3754 1124 3778 ιοο

1085 3927 1316 3968 105Eptophyiion
1335 3934 1381 3954 etc.

1491 126 1732 166 00ss
2074 145 2152 184 974

1107 221 1139 246 24
1156 210 1311 251 Coaptatio,
1330 220 1397 246 quae
1425 212 1525 251 &placila
1545 215 1643 242 Graece
1663 214 1769 242 dicitur.
1841 216 1913 243 Idem
1927 218 1959 244 de
1971 218 2074 246 Trinit.
2092 230 2120 253 4,
2135 229 2151 248 2

1106 251 1179 275 Hanc
1194 253 1389 281 coaptationem
1403 247 1490 274 dicire
1504 251 1593 281 volui,
1611 260 1690 286 quani
1705 251 1798 278 Graeci
1814 250 1927 287 ἅρμουίαν
1943 262 2043 280 vocant.

1142 289 1272 310 eoAr'r
1283 290 1342 314 vs,
1363 292 1394 314 a,
1415 292 1468 308 uni.
1505 288 1599 319 sapi-rt.
1635 288 1713 313 Mai-t.
1736 287 1841 321 Capella
1868 297 1880 313 2
1908 297 1933 322 p.
1952 295 1978 319 35
2001 289 2058 314 Nisi
2079 290 2151 323 haec,

1107 318 1205 358 quibus
1218 319 1340 358 zplenum
1373 318 1461 352 pcclus
1497 321 1581 354 ζει-15,
1602 322 1760 356 coaptiiliuia
1779 323 1910 357 egestione
1939 324 2083 349 vouiucris.
2120 328 2153 352 al.

1107 353 1280 382 Coaciissiiiia.

1142 396 1159 416 c
1169 396 1188 415 o
1200 396 1220 415 A
1231 396 1247 415 R
1258 395 1274 415 c
1283 396 1304 415 T
1314 396 1334 415 (1
1344 408 1351 420 ,
1388 390 1429 415 vel
1467 394 1483 414 c
1493 396 1513 415 o
1523 396 1541 428 a
1552 396 1570 415 R
1579 396 1600 414 ἰ·
1610 397 1629 416 0
1640 411 1647 422 ‚
1680 397 1731 418 arc.
1769 394 1919 427 [ςεγοχωοέω
1927 414 1936 426 ,
1975 395 2155 428 συςεναχωρὲω]

1107 423 1288 461 Αιῇἶνιόιὲῑνε,
1308 428 1461 460 cum'tngrrc.
1498 426 1564 449 l'liu.
1581 426 1657 459 Epist.
1675 436 1693 458 i,
1707 436 1755 459 20,
1770 434 1783 458 8
1819 431 1861 456 Ne
1880 422 2004 456 ’dubitare
2025 429 2155 463 poilimus,

1109 469 1175 496 quae
1188 470 1233 495 pcr
1247 459 1334 494 plures
1348 460 1413 492 dics,
1435 466 1463 486 vt
1477 461 1572 485 ncccil'c
1587 462 1737 492 emulatus
1752 463 1867 497 dixerit,
1887 465 1973 499 polica
1981 465 2062 491 recisa
2074 473 2101 490 ac
2116 474 2157 490 re-

1109 502 1218 531 purgata
1235 496 1264 521 iu
1278 505 1359 521 vnum
1381 496 1498 527 librum,
1518 495 1642 529 grandem
1665 498 1790 531 quidem,
1810 510 1891 526 vnum
1912 507 2007 531 tamen,
2026 501 2157 527 coni-tasse.

1112 533 1170 559 Liu.
1184 537 1224 563 28,
1240 538 1252 563 5
1278 532 1407 565 Augustae
1430 532 1516 557 fauces
1531 531 1664 557 coarclant
1680 532 1737 559 iter.
1810 537 1926 562 foenum
1942 538 1969 563 jn
1988 536 2085 562 struem
2106 537 2158 563 Co„

1111 569 1175 594 111111.
1190 576 1212 599 2,
1229 575 1265 599 19.
1338 567 1392 592 Cic.
1409 567 1440 592 dc
1455 568 1529 592 Orat.
1547 576 1564 595 i.
1580 569 1622 598 163
1637 576 1658 592 c.
1676 576 1700 599 35
1721 569 1768 594 Sed
1781 576 1809 596 tu
1822 571 1871 597 hoc
1887 572 1964 598 nobis
1981 572 2013 598 da
2034 572 2159 598 Scaeuola

1110 611 1136 632 et
1151 603 1263 638 pertice,
1284 607 1312 627 vt
1327 602 1428 628 Crailiis
1442 602 1514 634 hacc,
1528 611 1594 636 quae
1614 604 1776 636 coaretatur,
1797 612 1821 632 et
1841 607 1993 642 peranguste
2014 607 2116 634 reserfit
2130 608 2159 634 in

1110 640 1231 666 oratione
1245 638 1305 669 sua,
1324 636 1416 663 dilatet
1430 638 1507 663 nobis
1522 647 1600 672 atquc
1615 638 1735 671 explicet.
1757 650 1775 665 ι.
1794 648 1882 675 paucis
1901 645 1983 670 uersus
1997 644 2159 678 perstrinxit.

1111 674 1193 702 Ouid.
1207 673 1272 700 Fast.
1288 682 1310 705 5,
1324 676 1373 705 546
1392 673 1492 699 Cedere
1510 674 1648 705 festinant,
1670 682 1775 708 noxque
1789 678 1904 704 coarctat
1923 679 1981 705 iter.
2054 680 2160 705 Petron-

1112 717 1139 745 58
1162 710 1262 737 Vulnus
1276 709 1376 735 araneis
1390 709 1452 734 oleo
1467 708 1634 735 madentibus
1647 709 1772 736 conseiat.
1968 711 1988 749 ἦ
2010 723 2026 740 2
2054 716 2160 741 Ponitur

1112 750 1186 775 ctiam
1197 753 1245 781 pro
1260 746 1370 778 Cogere.
1443 744 1523 770 Paull.
1544 745 1561 770 1.
1574 752 1605 779 57
1621 754 1660 779 pr.
1673 745 1706 771 de
1721 746 1839 772 contrah.
1853 754 1916 775 emt.
1945 749 2110 777 Coartandus
2123 750 2160 777 est

1114 788 1200 810 emtor
1213 781 1394 808 venditionem
1408 779 1564 814 adimplere.

1150 824 1167 844 C
1179 826 1197 844 0
1208 825 1227 844 Α
1236 824 1254 844 R
1263 823 1279 843 C
1289 822 1310 841 Τ
1321 824 1341 843 Α
1349 824 1371 843 Τ
1380 823 1401 842 v
1411 823 1466 848 s‚a,
1474 825 1527 842 uni.
1537 816 1606 840 Part.
1632 816 1675 847 Vt,
1683 816 1738 843 Cic.
1753 818 1807 844 Ate.
1815 826 1839 847 2.
1847 827 1875 844 10
1893 820 1990 846 Cneius
2000 821 2087 847 noster
2095 820 2161 856 quid

1113 854 1215 881 consilii
1229 853 1345 887 ceperit,
1362 852 1480 886 capiatne
1494 851 1582 877 nescio
1597 860 1603 875 ι
1639 851 1723 877 adhuc
1738 853 1765 878 in
1779 854 1884 887 oppidis
1898 856 2054 882 coarctatus,

1149 896 1225 916 COA
1236 896 1253 915 R
1264 895 1280 915 C
1290 894 1310 913 Τ
1320 895 1345 914 E.
1381 888 1448 914 Adu.
1485 888 1597 923 Corripar.
1642 886 1773 913 Laudatur
1788 890 1854 915 tic-li.
1870 899 1896 922 9,
1910 899 1927 916 2
1952 891 1980 917 Si
1992 892 2164 927 interpretari

1114 924 1245 952 coarctius
1260 923 1335 950 velis.
1375 925 1453 960 Vulgo
1466 924 1558 959 legitur
1571 921 1706 949 Coactius.

1147 966 1164 986 c
1174 968 1192 987 o
1203 969 1221 986 ,1
1234 968 1251 986 a
1263 967 1278 987 c
1289 967 1310 986 T
1321 967 1388 986 AT]
1399 966 1417 985 ι’)
1427 980 1434 992 ,
1449 961 1488 985 vc!
1506 964 1718 989 COAR'FATIO,
1732 957 1800 984 onis.
1823 958 1842 983 f.
1880 960 2063 997 [ςευοχώρησις]
2100 964 2162 990 Liu.

1114 1003 1157 1030 27,
1172 999 1207 1030 46
1226 995 1381 1023 Com-elatio
1397 995 1513 1030 plurium
1528 995 1554 1020 111
1568 993 1677 1028 angusto
1691 993 1857 1020 tendentium
1872 995 1978 1021 facilior
1993 998 2083 1024 sutura
2096 1006 2164 1032 crat,

1112 1032 1186 1066 quod
1200 1031 1360 1058 Claudianus
1373 1031 1503 1058 exercitus
1518 1029 1587 1056 nihil
1602 1031 1688 1056 ferme
1700 1035 1804 1064 practer
1818 1038 1891 1055 arma
1905 1031 1990 1056 secum
2013 1032 2041 1057 in
2059 1035 2166 1067 expedi-

1113 1069 1215 1094 tionem
1228 1067 1334 1094 tulerat.
1407 1068 1437 1093 Et
1452 1067 1523 1093 Hirt.
1539 1066 1602 1092 licll.
1614 1065 1688 1091 Alex.
1708 1074 1729 1091 c.
1751 1072 1789 1099 74
1824 1066 1919 1092 Caesar
1939 1065 2042 1092 ridebat
2061 1069 2167 1095 inanem

1113 1103 1316 1130 ostentationem
1330 1109 1355 1128 et
1368 1111 1400 1128 eo
1414 1103 1475 1128 loco
1489 1102 1608 1128 militum
1622 1100 1839 1129 coarctationem.

1113 1140 1185 1166 xatio
1199 1146 1224 1165 et
1238 1139 1375 1165 Coartatio
1393 1145 1573 1173 opponuntur.

1149 1181 1323 1207 conano,
1344 1179 1404 1206 cre,
1425 1175 1465 1200 uel
1481 1180 1704 1206 connesco,
1722 1174 1776 1199 ere.
1812 1173 1920 1200 Vitruu.
1936 1180 1969 1208 7,
1985 1181 2006 1199 ιι
2037 1172 2078 1200 Ab
2099 1174 2170 1208 ignis

1113 1211 1282 1238 vehementia
1296 1209 1518 1238 conferuescendo
1534 1219 1595 1236 cuin
1611 1208 1772 1236 coaruerint.
1884 1236 1886 1238 ,
2144 1222 2147 1229 =

1151 1254 1168 1274 C
1178 1254 1253 1274 OAR
1263 1253 1283 1273 G
1294 1253 1361 1279 VO,
1380 1246 1424 1277 ui,
1447 1248 1538 1277 utum,
1565 1249 1618 1272 cre.
1658 1245 1845 1279 [κατελέγχω]
1881 1244 2055 1281 Redarguere,
2085 1253 2169 1281 repre-

1114 1283 1234 1316 bendere,
1248 1289 1376 1318 peccatum
1389 1284 1496 1309 alicuius
1509 1281 1632 1315 qllenderc
1647 1288 1671 1307 et
1679 1281 1794 1316 prodere.
1832 1280 1888 1307 cic.
1902 1280 1933 1307 de
1954 1283 2059 1308 liment.
2080 1291 2109 1314 2,
2126 1289 2170 1316 137

1116 1319 1168 1345 Aut
1181 1319 1241 1345 aliis
1254 1327 1362 1353 quoque
1377 1317 1611 1344 constitutionibus
1627 1317 1727 1343 fa5tum
1741 1322 1908 1351 coarguetur.
1981 1318 2037 1344 Cic.
2052 1326 2100 1352 pro
2108 1319 2168 1343 Mu-

1115 1364 1186 1382 raen.
1201 1364 1217 1387 9
1238 1355 1308 1388 Fuga
1322 1354 1438 1386 laboris,
1459 1353 1589 1379 Desidiam
1606 1363 1613 1383 3
1652 1353 1804 1386 repudiatio
1817 1352 1981 1386 supplicum,
2000 1353 2171 1388 superbiam;

1115 1391 1263 1417 amicorum
1287 1389 1436 1423 neglectio,
1455 1389 1655 1423 improbitatem
1682 1389 1812 1422 coarguit.
1885 1389 2052 1423 Coarguere,
2070 1395 2095 1416 et
2108 1399 2171 1416 con·

1115 1427 1232 1452 vincere.
1271 1425 1328 1450 Cic.
1343 1426 1419 1450 Verr.
1435 1434 1462 1457 4,
1476 1434 1524 1458 104
1537 1434 1557 1450 c.
1571 1433 1606 1458 47
1627 1424 1760 1450 Omnibus
1776 1425 1802 1449 111
1820 1423 1898 1449 rebus
1918 1426 2072 1459 coarguitur
2089 1434 2104 1451 a
2116 1434 2171 1458 ine,

1114 1462 1292 1489 conuincitur
1304 1469 1319 1486 a
1331 1459 1448 1486 testibus.
1505 1461 1556 1486 Res
1571 1460 1725 1493 coarguitur
1740 1459 1899 1485 certioribus
1911 1461 2073 1493 argumentis
2091 1461 2170 1488 Auci.

1115 1497 1147 1524 ad
1165 1498 1264 1523 Heren.
1279 1504 1294 1522 2
1311 1504 1332 1522 c.
1348 1503 1370 1529 5.
1443 1496 1498 1522 Cic.
1512 1498 1588 1522 Verr.
1605 1503 1626 1527 5,
1637 1503 1678 1527 152.
1701 1496 1793 1520 Meum
1806 1496 1908 1521 crimen
1921 1496 2057 1521 Anat-iliae
2070 1497 2171 1522 niniae

1115 1540 1142 1561 te
1155 1533 1285 1568 coarguit.
1357 1530 1394 1557 Id.
1411 1532 1465 1557 Att.
1481 1540 1513 1563 9,
1527 1541 1546 1564 4
1566 1531 1787 1563 Q1iei'cmnus,ne
1796 1529 2030 1565 nostramCulpain
2046 1540 2172 1565 coargua-

1117 1579 1184 1596 mus.
1258 1566 1426 1595 Criminibus
1445 1567 1556 1600 coargui
1583 1566 1640 1592 Cic.
1658 1567 1732 1592 Verr.
1748 1575 1776 1598 4,
1790 1574 1836 1599 124
1850 1575 1871 1592 c.
1885 1574 1930 1601 47.
2004 1567 2040 1593 [al.
2056 1568 2134 1593 Acacl.
2150 1576 2172 1599 i,

1119 1615 1144 1638 13
1158 1615 1180 1631 c.
1193 1614 1211 1638 4
1229 1605 1354 1631 Errorem
1368 1612 1473 1635 eorum,
1481 1603 1529 1637 qui
1543 1603 1579 1628 ita
1593 1608 1718 1636 putarunt
1733 1601 1864 1635 coarguit.
1937 1602 1992 1629 Cic.
2007 1612 2056 1637 pio
2066 1604 2174 1630 Clucnt.

1118 1650 1149 1676 41
1172 1641 1265 1675 Digito
1278 1639 1362 1674 legata
1375 1638 1477 1665 deleuit
1491 1647 1496 1662 2
1534 1646 1559 1665 ct
1573 1647 1655 1672 quum
1670 1638 1697 1663 id
1711 1638 1799 1663 inultis
1815 1637 1878 1663 locis
1892 1637 1990 1665 fecifl'et
2001 1659 2008 1671 ‚
2031 1639 2087 1673 post
2100 1648 2173 1666 mor·

1118 1682 1172 1703 tem
1188 1678 1261 1708 eius,
1281 1685 1313 1702 ne
1329 1675 1419 1701 lituris
1430 1675 1538 1709 coargui
1553 1675 1647 1708 poffer,
1668 1672 1850 1699 testamentmn
1864 1674 1892 1699 in
1904 1673 1965 1700 alias
1980 1674 2081 1701 tabulas
2090 1684 2173 1701 trans-

1116 1714 1243 1747 scriptum
1257 1712 1334 1746 lignis
1347 1711 1502 1738 adulterinis
1515 1709 1673 1743 obsignauit.
1744 1709 1800 1735 Cic.
1814 1719 1863 1743 pro
1877 1710 1965 1744 Ligar.
1975 1713 2002 1736 16
2017 1720 2037 1736 c.
2046 1721 2058 1743 ς
2076 1711 2174 1737 Honii-

1116 1749 1157 1774 nis
1171 1758 1225 1775 non
1238 1749 1297 1774 eiset
1307 1767 1315 1779 ‚
1336 1747 1365 1773 in
1382 1753 1454 1773 tanto
1470 1746 1624 1772 discrimine
1639 1752 1664 1771 et
1678 1744 1798 1779 periculo
1812 1745 1897 1777 ciuis,
1915 1746 2039 1772 refellere
2054 1754 2078 1772 et
2098 1755 2173 1773 coar-

1118 1793 1198 1818 guere
1211 1783 1331 1810 nostrum
1344 1783 1531 1814 Mendacium,
1551 1788 1596 1809 etc,
1669 1781 1724 1807 Cic.
1738 1782 1814 1806 Vcrr.
1829 1789 1860 1814 4,
1875 1789 1923 1814 104
1942 1791 1964 1809 c.
1978 1790 2015 1816 47
2038 1782 2174 1809 Omnibus

1118 1821 1147 1846 in
1159 1819 1238 1846 rebus
1251 1818 1405 1852 coarguitur
1420 1827 1435 1844 a
1448 1827 1508 1849 me,
1527 1816 1696 1843 conuincitur
1709 1825 1724 1842 a
1737 1816 1860 1849 testibus,
1882 1824 1990 1851 vrgetur
2012 1818 2172 1845 cont‘eilione

1120 1857 1181 1888 sua,
1201 1853 1347 1881 manifestis
1361 1854 1390 1880 in
1402 1853 1540 1880 maleficiis
1556 1860 1677 1884 tenetur,
1698 1859 1723 1878 et
1736 1859 1824 1878 manet
1836 1853 1918 1879 etiam
1928 1874 1935 1885 ‚
1956 1862 1984 1879 ac
1998 1854 2092 1880 tacitus
2102 1855 2173 1881 facia

1118 1900 1222 1917 mecum
1236 1891 1281 1917 sua
1293 1890 1466 1924 recognoscit.
1538 1888 1678 1915 Perfidiam
1693 1897 1835 1922 coarguere
1855 1889 1912 1915 Cic.
1928 1890 2060 1922 Fam-ai<-
2097 1890 2175 1917 Idem

1118 1929 1194 1953 Verr.
1211 1934 1234 1959 5,
1271 1945 1278 1953 .
1316 1945 1323 1952 .
1361 1926 1430 1952 Reus
1451 1934 1533 1960 quum
1559 1931 1598 1951 tot
1618 1924 1726 1950 testibus
1746 1933 1905 1957 coarguare,
1927 1932 2000 1959 potes
2020 1927 2052 1952 de
2068 1926 2176 1953 damna-

1118 1963 1193 1990 tione
1206 1961 1330 1988 dubitare
1344 1962 1353 1988 3
1425 1961 1490 1988 Plin.
1505 1969 1544 1992 ιι,
1558 1967 1590 1995 37
1613 1960 1693 1985 Certe
1705 1966 1775 1985 extat
1789 1961 1877 1986 oratio
1892 1961 2012 1994 Vitellii,
2031 1971 2081 1996 qua
2095 1971 2174 1989 rcum

1120 1999 1239 2025 Pisonem
1253 1998 1309 2023 eius
1321 1996 1431 2023 Sceleris
1444 1996 1573 2029 coarguit.
1646 1994 1705 2021 Cic.
1718 1994 1751 2021 de
1765 1996 1834 2030 Lege
1848 1997 1911 2030 Agr.
1927 2005 1947 2028 1,
1966 2005 1994 2030 17
2016 1998 2102 2031 Atque
2110 1998 2176 2023 haee

1118 2044 1133 2061 a
1149 2043 1190 2060 me
1205 2032 1400 2067 suspicionibus
1415 2038 1439 2057 et
1452 2031 1608 2058 conieEnira
1618 2038 1809 2065 coarguuntur.
1880 2032 2062 2058 Pseudo-Cic.
2077 2034 2176 2067 Anteq-

1119 2071 1170 2096 iret
1184 2070 1212 2095 in
1225 2068 1287 2094 exil.
1306 2075 1330 2099 i5
1349 2067 1397 2093 Sed
1415 2067 1480 2102 quid
1495 2076 1543 2102 ego
1557 2067 1633 2101 plura
1653 2066 1684 2092 de
1704 2066 1814 2092 illorum
1836 2072 1880 2092 aut
1901 2067 1929 2093 in
1951 2075 1993 2093 me
2017 2068 2178 2100 maledictis,

1117 2111 1162 2131 aut
1176 2104 1204 2130 in
1218 2113 1266 2130 vos
1280 2103 1402 2129 scelerate
1419 2103 1516 2137 loquar
1535 2103 1613 2128 factis
1627 2103 1636 2127 ἓ
1674 2111 1791 2136 quorum
1812 2103 1918 2137 cognita
1937 2104 2111 2138 improbitas,
2133 2113 2178 2131 1110

1117 2145 1220 2165 tacente
1234 2138 1390 2172 coarguitur
1402 2138 1570 2173 turpitudine
1586 2138 1674 2170 vitae,
1691 2145 1737 2164 etc.
1809 2139 1922 2165 Graecus
1937 2139 2006 2165 testis
2021 2140 2116 2173 Vinci,
2136 2150 2178 2167 re-

1117 2175 1193 2205 felli,
1214 2174 1325 2209 coargui
1344 2181 1436 2208 putant
1456 2175 1504 2201 effe
1525 2173 1701 2208 turpiffimuin
1717 2185 1722 2200 :
1758 2173 1790 2201 ad
1807 2173 1833 2199 id
1849 2175 1874 2200 se
1888 2181 1980 2209 parat:
2017 2175 2088 2201 nihil
2100 2176 2176 2203 aliud

1119 2217 1192 2237 curat
1212 2211 1267 2237 Cic.
1283 2219 1332 2245 pro
1345 2210 1429 2237 Flacc.
1445 2219 1469 2237 11
1481 2219 1503 2236 c.
1518 2217 1540 2243 ς.
1615 2209 1654 2236 Id.
1676 2219 1726 2243 pro
1747 2209 1843 2236 Milon.
1863 2217 1896 2244 37
1921 2210 2065 2245 Reliquum
2086 2211 2131 2242 est,
2146 2217 2178 2238 vt

1118 2247 1172 2273 iam
1187 2246 1264 2272 illum
1277 2252 1372 2273 natura
1393 2245 1488 2280 ipsius,
1511 2244 1727 2279 consuetudoque
1751 2244 1891 2278 defendat,
1912 2245 1982 2272 hunc
2000 2252 2089 2272 autem
2110 2248 2178 2274 haee

1122 2282 1214 2309 eadem
1233 2287 1385 2315 coarguant.
1878 2313 1880 2315 r

1155 2324 1173 2344 c
1182 2324 1203 2344 o
1214 2324 1234 2342 A
1245 2323 1264 2342 R
1273 2323 1298 2342 M
1308 2323 1317 2342 1
1329 2323 1366 2348 Ο,
1385 2315 1454 2341 onis.
1472 2323 1509 2341 m.
1546 2314 1678 2341 Delicatus
1691 2315 1813 2342 coarmio
1835 2316 1950 2343 merenti
1969 2317 2034 2344 fecit
2054 2319 2176 2353 inscript.

1117 2360 1156 2389 ap.
1172 2351 1268 2387 Reines.
1282 2352 1324 2386 Ep.
1343 2361 1378 2385 44
1392 2350 1426 2377 ad
1439 2352 1530 2377 Duum.
1540 2359 1567 2385 Ρ.
1582 2360 1631 2385 125.
1657 2354 1675 2376 i.
1689 2355 1730 2386 qui
1745 2351 1832 2377 iisdem
1847 2355 1926 2379 armis
1941 2356 2034 2380 utitur.

1157 2393 1174 2413 C
1186 2393 1235 2414 OA
1245 2393 1264 2413 R
1275 2394 1312 2419 ο,
1333 2391 1386 2412 are.
1422 2387 1480 2420 Qii
1511 2394 1601 2413 coarat
1635 2386 1710 2422 vulpi
1720 2407 1729 2420 ,
1756 2387 1841 2414 sulcos
1872 2388 1977 2415 variare
2009 2391 2107 2416 necesse
2139 2390 2178 2418 est

1120 2422 1217 2449 Sarisb.
1235 2423 1280 2457 Ep.
1296 2431 1348 2455 192.

1157 2464 1174 2486 c
1185 2465 1204 2486 o
1213 2465 1234 2485 Α
1244 2465 1262 2485 R
1273 2466 1294 2485 ‘r
1303 2466 1312 2484 1
1322 2464 1338 2484 c
1348 2456 1369 2485 ὕ
1378 2464 1423 2486 Lo
1434 2479 1441 2491 ‚
1461 2462 1515 2485 are.
1553 2457 1654 2485 Arnob.
1670 2457 1772 2485 aduers.
1788 2459 1867 2485 Geiit.
1887 2468 1898 2486 1
1918 2469 1944 2495 p.
1963 2469 1988 2492 3¹
2020 2461 2177 2489 Permittant

1118 2495 1166 2522 vni
1180 2504 1211 2521 ex
1224 2493 1340 2529 populo,
1372 2494 1400 2520 in
1413 2493 1532 2521 officium
1553 2495 1682 2521 sermonis
1703 2494 1799 2527 dandi,
1820 2503 1868 2521 ora
1894 2496 2070 2524 coarticulare
2086 2505 2178 2525 muto-

1118 2540 1189 2558 rum.
1202 2533 1221 2557 i.
1230 2530 1330 2566 facere,
1339 2540 1367 2556 vt
1378 2534 1442 2557 muti
1452 2534 1587 2566 toquantur
1603 2532 1745 2558 articulate.

1158 2573 1175 2594 C
1185 2573 1205 2594 O
1214 2573 1236 2593 A
1245 2574 1257 2593 s
1267 2573 1282 2593 P
1290 2573 1307 2593 E
1318 2573 1337 2592 R
1345 2573 1367 2593 N
1377 2573 1396 2593 0
1405 2573 1424 2593 R
1434 2586 1442 2598 ‚
1463 2566 1512 2593 ari.
1550 2567 1617 2601 Dep.
1655 2567 1779 2602 Legebant
1792 2565 1895 2602 quidam
1916 2568 2007 2595 Tacit.
2025 2568 2094 2595 Hist.
2112 2578 2121 2596 1
2129 2590 2138 2603 ,
2152 2577 2178 2603 ς,

1118 2612 1139 2637 4
1159 2602 1276 2629 Laudata
1287 2602 1356 2629 olim
1370 2608 1396 2629 et
1409 2602 1525 2630 militari
1537 2602 1608 2629 fania
1621 2602 1754 2629 celebrata
1768 2602 1893 2629 seueritas
1907 2604 1982 2636 eius,
2010 2605 2122 2639 angebat
2134 2614 2179 2632 co-

1120 2639 1288 2674 aspernantes
1324 2644 1442 2665 veterem
1474 2638 1650 2673 disciplinam.
1723 2637 1772 2666 Sed
1819 2637 1886 2666 refle
1936 2646 2020 2666 tuetur
2068 2643 2178 2668 Gronau.

1121 2675 1312 2710 adspernantes.
1544 2687 1546 2689 ·
1824 2681 1827 2683 ’
1919 2701 1926 2708 ,

1158 2717 1201 2738 CO
1211 2718 1233 2737 Α
1242 2718 1255 2738 s
1265 2718 1278 2737 S
1287 2717 1323 2743 O,
1344 2713 1397 2736 are.
1435 2707 1571 2745 [σανιὸόω]
1607 2710 1772 2740 Contabulare
1778 2709 1920 2747 fignificat,
1941 2710 2003 2737 Affis
2016 2715 2080 2738 enim
2092 2712 2178 2740 tabula

1123 2744 1166 2780 est.
1203 2747 1312 2773 Vitruu.
1326 2753 1353 2780 7,
1367 2754 1377 2772 1
1395 2746 1464 2773 Cum
1478 2748 1619 2773 coastatum
1633 2747 1724 2774 fuerit.
1762 2748 1867 2778 Legitur
1879 2753 1902 2772 et
1919 2747 2019 2773 Coaxo.

1157 2789 1202 2810 co
1212 2789 1233 2809 A
1243 2789 1307 2809 ssa
1318 2788 1340 2808 'r
1351 2789 1361 2808 1
1371 2788 1405 2814 o,
1418 2782 1443 2817 s.
1462 2789 1507 2810 co
1517 2790 1627 2810 AxA‘r
1637 2790 1691 2816 ιο,
1705 2782 1772 2810 onis.
1792 2776 1818 2809 ’11
1840 2780 1994 2816 [widun-is]
2031 2782 2178 2809 contabula-

1122 2821 1167 2845 tio.
1203 2818 1272 2845 Plin.
1286 2820 1325 2851 36,
1342 2825 1373 2851 25
1393 2818 1573 2846 Necessarium
1585 2818 1661 2846 binas
1674 2828 1721 2854 per
1734 2819 1869 2847 diuersum
1880 2818 2048 2844 coass'ationes
2064 2818 2177 2845 subster-

1122 2855 1159 2881 ni.
1232 2854 1364 2881 Coaffatio
1377 2855 1523 2881 transuersa
1536 2854 1666 2883 sternatur
1681 2856 1750 2882 Vitr.
1764 2862 1796 2888 7,
1811 2863 1831 2880 1.

1158 2888 1400 2917 COAssciLET.
1424 2891 1533 2925 imperf.
1572 2891 1638 2918 [dem
1660 2891 1728 2928 quod
1751 2890 1856 2917 Assolet.
1893 2889 1934 2916 Sic
1954 2888 2051 2925 legebat
2074 2889 2178 2917 Acidal-

1123 2925 1206 2954 Plaut.
1221 2925 1297 2962 Epid.
1314 2934 1335 2958 1,
1349 2934 1369 2958 1,
1383 2934 1397 2959 5
1417 2926 1500 2960 Qod
1514 2927 1644 2955 coaffolet.
1668 2928 1728 2963 scil.
1746 2928 1822 2953 Fieri.
1845 2925 1884 2950 At
1904 2925 1953 2951 alii
1976 2926 2052 2951 aliter
2072 2925 2178 2961 legunt:

1125 2963 1234 2989 Gronou.
1248 2971 1280 2989 00
1288 2961 1386 2988 assolet.
1926 2978 1931 2982 -

1157 3005 1203 3026 CO
1212 3005 1262 3026 Av
1272 3005 1309 3025 D1
1319 3005 1340 3025 T
1349 3004 1402 3026 vs.
1437 2998 1506 3025 Fest.
1543 2996 1740 3030 Conauditurn,
1754 2996 1934 3029 Coaudkum,
1952 2994 2019 3022 ficut
2045 3003 2178 3031 conangu-

1123 3033 1217 3061 statum
1235 3034 1344 3061 dicitur.

1161 3076 1368 3101 COAVGEO,
1391 3072 1444 3097 ere.
1481 3070 1550 3096 Hinc

1159 3112 1177 3133 c
1187 3111 1292 3134 oavc
1303 3111 1325 3132 T
1335 3112 1390 3139 io,
1403 3105 1472 3132 onis.
1497 3105 1516 3132 f.
1554 3103 1611 3131 Cic.
1624 3104 1702 3131 Vei-r.
1714 3112 1738 3137 3,
1753 3108 1797 3136 189
1810 3112 1832 3130 c.
1847 3107 1874 3134 81
1901 3102 1940 3131 Ex
1953 3103 2113 3134 coauetione
2132 3113 2179 3133 an-

1125 3150 1211 3169 nonae
1224 3149 1304 3178 atque
1317 3141 1516 3168 aestimationis.

1136 3184 1464 3209 Ἰ(ζοκωεᾶινιεικνΓο,
1482 3181 1536 3203 are.
1580 3174 1642 3202 Inde

1160 3221 1205 3242 CO
1215 3220 1355 3242 AVGME
1365 3218 1416 3239 NT
1426 3219 1542 3244 A'mo,
1569 3211 1638 3237 onis.
1674 3210 1693 3237 f.
1729 3211 1884 3237 Prouocatur
1910 3209 1946 3237 ad
1975 3211 2034 3238 Cic.
2056 3211 2090 3238 de
2113 3211 2177 3238 Nat.

1125 3250 1205 3278 Deor.
1219 3259 1245 3283 2,
1259 3258 1300 3284 119
1319 3251 1395 3283 Qiae
1409 3247 1546 3282 copulatio
1560 3255 1667 3278 rerum,
1684 3251 1712 3272 et
1726 3246 1798 3280 quali
1813 3245 1978 3273 consentiens
1991 3247 2023 3273 ad
2035 3247 2178 3274 mundiin-

1125 3285 1322 3318 columitatem,
1342 3283 1555 3318 coaugincntatio
1569 3289 1691 3314 naturae,
1711 3290 1790 3316 quem
1801 3290 1858 3308 -non
1870 3288 2039 3316 commouet,
2053 3283 2122 3310 hunc
2130 3282 2179 3308 ho-

1125 3330 1187 3349 rum
1200 3321 1270 3349 nihil
1283 3330 1400 3356 vnquam
1414 3319 1571 3354 reputauiss'e
1585 3324 1660 3344 certo
1678 3317 1741 3343 scie.
1784 3317 1832 3344 Sed
1839 3320 1870 3344 in
1884 3318 2092 3345 mendacior-ibus
2109 3317 2178 3344 codi-

1125 3357 1194 3384 cibus
1205 3359 1305 3395 legitur.
1343 3355 1563 3390 Coagmentatio,
1590 3353 1644 3380 vid.
1668 3359 1893 3380 coAGMENTo.

1165 3398 1183 3420 C
1193 3400 1244 3421 0.A
1251 3401 1272 3419 v
1282 3400 1303 3420 G
1313 3400 1337 3420 Μ
1347 3399 1363 3419 Ε
1374 3399 1396 3418 N
1403 3398 1425 3418 T
1434 3399 1457 3418 A
1466 3398 1487 3418 T
1497 3397 1518 3417 V
1531 3398 1555 3423 s,
1562 3399 1587 3423 a,
1595 3399 1649 3416 uni.
1659 3389 1726 3416 Part.
1747 3390 1790 3422 Vc,
1797 3389 1970 3416 Construt‘ho
1979 3391 2176 3423 coaugmentata

1129 3429 1222 3465 legitur
1234 3430 1315 3456 Mart.
1327 3427 1425 3463 Capell.
1439 3434 1452 3460 5
1464 3435 1490 3461 p.
1505 3428 1562 3461 167.
1597 3427 1653 3452 Alii
1670 3431 1750 3452 autem
1763 3426 1784 3451 le
1804 3432 1848 3452 unt
1861 3426 2059 3460 Coagmentata.

1163 3471 1241 3492 COA
1252 3473 1270 3492 x
1281 3472 1300 3491 ο
1309 3484 1318 3497 ,
1338 3468 1392 3490 are.
1429 3463 1498 3490 Idem
1510 3460 1575 3498 quod
1587 3460 1717 3488 Coaffare.
1754 3435 1803 3495 Est
1811 3464 1876 3488 enim
1884 3462 1948 3487 Axis
1961 3460 2034 3491 idem,
2049 3461 2091 3494 qui
2104 3455 2175 3484 Affis.

1129 3496 1151 3537 ff
1171 3509 1188 3527 2
1223 3501 1358 3531 Coaxare,
1375 3498 1502 3533 [κοοιξῐίν]
1539 3498 1622 3524 Etiam
1635 3496 1754 3523 dicuntur
1764 3506 1850 3532 ranae,
1865 3506 1938 3533 quum
1951 3504 2030 3522 vocem
2049 3496 2176 3528 emittunt,

1129 3544 1200 3571 quam
1209 3537 1287 3572 probe
1301 3533 1399 3571 effingit
1412 3532 1499 3567 Aristo
1517 3533 1593 3559 hanes
1607 3535 1635 3557 in
1653 3541 1680 3558 ea
1692 3533 1823 3565 comoedia,
1836 3542 1896 3568 quae
1916 3530 2062 3566 inscribitur
2080 3530 2176 3560 Ranae,

1309 3566 1312 3569 ’
1512 3574 1565 3594 uet.
1581 3570 1647 3602 Aug.
1662 3576 1699 3601 94
1717 3569 1799 3603 Atqui
1812 3569 1844 3594 e‘x
1859 3576 1892 3594 eo
1904 3570 2031 3600 negantur
2044 3563 2084 3590 ibi
2097 3572 2176 3604 ranae

1128 3615 1247 3634 coaxare.
1285 3608 1315 3633 Et
1323 3605 1399 3632 Αιιὲὶ.
1415 3603 1576 3632 Philomelae
1589 3613 1614 3630 ν.
1621 3606 1659 3638 64
1672 3604 1787 3632 Gaetula
1800 3603 1900 3631 limosis
1910 3610 1974 3630 rana
1985 3605 2078 3627 coaxat
2091 3608 2176 3635 aquis.

1135 3643 1192 3670 Vid.
1205 3647 1279 3670 etiam
1295 3641 1422 3676 Spartian.
1436 3641 1465 3667 in
1479 3641 1539 3666 Ant.
1556 3640 1623 3666 Geta
1646 3647 1668 3673 ς.

1166 3683 1379 3722 εΙοΛΧΑτιο
1397 3674 1431 3710 est
1454 3681 1697 3703 coiissa‘mo.

1166 3791 1212 3815 co
1222 3792 1239 3813 B
1250 3792 1307 3818 10,
1319 3783 1388 3812 onis.
1407 3792 1444 3813 m.
1480 3784 1571 3821 Piscis.
1606 3783 1674 3812 Plin.
1686 3791 1724 3816 32,
1738 3791 1762 3810 ii
1775 3782 1794 3808 s.
1809 3788 1837 3814 53
1853 3777 1976 3813 Chalcis,
1993 3777 2100 3811 Cobio,
2119 3774 2178 3803 Cal-

1132 3821 1228 3855 latias,
1243 3821 1384 3849 asellorum
1403 3820 1514 3855 generis.
1877 3850 1883 3855 .
2026 3832 2029 3833 ⁷
2157 3843 2164 3849 ,

1171 3864 1189 3885 C
1201 3865 1220 3886 ο
1231 3865 1264 3886 131
1273 3864 1294 3884 0
1305 3863 1344 3889 N,
1361 3856 1380 3883 i.
1399 3864 1426 3882 n.
1467 3854 1712 3891 Tithymalispecin
1724 3850 1757 3886 est
1767 3850 1834 3886 apud
1847 3850 1912 3878 Plan.
1928 3851 1970 3891 26,
1982 3854 1996 3880 8
2010 3850 2029 3876 s.
2042 3855 2076 3889 45
2095 3846 2177 3884 Septi:

1133 3903 1206 3921 mum
1220 3891 1392 3925 (Tithymali
1403 3895 1502 3926 genus)
1518 3891 1678 3921 dendroides
1690 3887 1894 3924 cognominant,
1916 3885 1966 3913 alii
1985 3884 2107 3919 coinon,
2126 3879 2177 3905 ³¹¹¹

1913 1102 2022 1128 Viti-uu.
2037 1111 2070 1135 9,
2083 1112 2100 1136 9
2119 1105 2167 1131 La-

1333 3965 1350 3990 5
1374 3962 1399 3990 G
1433 3970 1451 3989 2.
2084 3954 2180 3978 COCA-
