<?xml version="1.0" encoding="UTF-8"?>
<!DOCTYPE html PUBLIC "-//W3C//DTD XHTML 1.0 Transitional//EN"
    "http://www.w3.org/TR/xhtml1/DTD/xhtml1-transitional.dtd">
<html xmlns="http://www.w3.org/1999/xhtml" xml:lang="en" lang="en">
 <head>
  <title>
</title>
<meta http-equiv="Content-Type" content="text/html;charset=utf-8" />
  <meta name='ocr-system' content='tesseract 3.04.00' />
  <meta name='ocr-capabilities' content='ocr_page ocr_carea ocr_par ocr_line ocrx_word'/>
</head>
<body>
  <div class='ocr_page' id='page_1' title='image "./novuslinguaeeter01gesn_0682.png"; bbox 0 0 2474 4182; ppageno 0'>
   <div class='ocr_carea' id='block_1_1' title="bbox 225 141 889 198">
    <p class='ocr_par' dir='ltr' id='par_1_1' title="bbox 225 141 889 198">
     <span class='ocr_line' id='line_1_1' title="bbox 225 141 889 198; baseline -0.009 -12"><span class='ocrx_word' id='word_1_1' title='bbox 225 160 310 198; x_wconf 81' lang='lat'>¹259</span> <span class='ocrx_word' id='word_1_2' title='bbox 602 143 637 183; x_wconf 80' lang='lat'>(3</span> <span class='ocrx_word' id='word_1_3' title='bbox 724 142 760 181; x_wconf 88' lang='grc'>()</span> <span class='ocrx_word' id='word_1_4' title='bbox 856 141 889 180; x_wconf 70' lang='grc' dir='ltr'><strong>Ιῖ</strong></span> 
     </span>
    </p>
   </div>
   <div class='ocr_carea' id='block_1_2' title="bbox 224 226 1277 403">
    <p class='ocr_par' dir='ltr' id='par_1_2' title="bbox 224 226 1277 403">
     <span class='ocr_line' id='line_1_2' title="bbox 268 226 1275 265; baseline -0.011 -4"><span class='ocrx_word' id='word_1_5' title='bbox 268 240 286 261; x_wconf 89' lang='lat' dir='ltr'>e</span> <span class='ocrx_word' id='word_1_6' title='bbox 299 239 397 260; x_wconf 82' lang='lat' dir='ltr'>ORPO</span> <span class='ocrx_word' id='word_1_7' title='bbox 409 239 428 260; x_wconf 89' lang='lat' dir='ltr'>R</span> <span class='ocrx_word' id='word_1_8' title='bbox 440 239 525 264; x_wconf 77' lang='lat' dir='ltr'>EVS,</span> <span class='ocrx_word' id='word_1_9' title='bbox 543 242 573 265; x_wconf 79' lang='lat' dir='ltr'>a,</span> <span class='ocrx_word' id='word_1_10' title='bbox 594 241 647 259; x_wconf 87' lang='lat' dir='ltr'>um.</span> <span class='ocrx_word' id='word_1_11' title='bbox 675 230 734 256; x_wconf 86' lang='lat' dir='ltr'>Adi.</span> <span class='ocrx_word' id='word_1_12' title='bbox 773 227 957 263; x_wconf 66' lang='grc' dir='ltr'>[σωματώδης]</span> <span class='ocrx_word' id='word_1_13' title='bbox 995 228 1068 264; x_wconf 68' lang='lat' dir='ltr'><em>de</em></span> <span class='ocrx_word' id='word_1_14' title='bbox 1080 226 1111 261; x_wconf 72' lang='lat' dir='ltr'>est</span> <span class='ocrx_word' id='word_1_15' title='bbox 1127 237 1156 254; x_wconf 82' lang='lat' dir='ltr'>ex</span> <span class='ocrx_word' id='word_1_16' title='bbox 1168 230 1275 254; x_wconf 57' lang='lat' dir='ltr'>materia</span> 
     </span>
     <span class='ocr_line' id='line_1_3' title="bbox 232 263 1274 303; baseline -0.007 -7"><span class='ocrx_word' id='word_1_17' title='bbox 232 270 315 303; x_wconf 70' lang='lat' dir='ltr'>solida.</span> <span class='ocrx_word' id='word_1_18' title='bbox 355 270 412 296; x_wconf 86' lang='lat' dir='ltr'>Cic.</span> <span class='ocrx_word' id='word_1_19' title='bbox 426 269 458 295; x_wconf 88' lang='lat' dir='ltr'>de</span> <span class='ocrx_word' id='word_1_20' title='bbox 473 269 536 295; x_wconf 88' lang='lat' dir='ltr'>Nat.</span> <span class='ocrx_word' id='word_1_21' title='bbox 552 270 630 295; x_wconf 82' lang='lat' dir='ltr'>Deor.</span> <span class='ocrx_word' id='word_1_22' title='bbox 645 275 669 298; x_wconf 89' lang='lat'>2,</span> <span class='ocrx_word' id='word_1_23' title='bbox 684 275 717 300; x_wconf 84' lang='lat'>27</span> <span class='ocrx_word' id='word_1_24' title='bbox 734 266 833 292; x_wconf 79' lang='lat' dir='ltr'>Contra</span> <span class='ocrx_word' id='word_1_25' title='bbox 850 265 894 291; x_wconf 87' lang='lat' dir='ltr'>ille</span> <span class='ocrx_word' id='word_1_26' title='bbox 906 274 1059 300; x_wconf 49' lang='lat' dir='ltr'>corporeus,</span> <span class='ocrx_word' id='word_1_27' title='bbox 1074 263 1177 295; x_wconf 82' lang='lat' dir='ltr'>vitalis,</span> <span class='ocrx_word' id='word_1_28' title='bbox 1196 270 1221 290; x_wconf 90' lang='lat' dir='ltr'>et</span> <span class='ocrx_word' id='word_1_29' title='bbox 1239 264 1274 289; x_wconf 87' lang='lat' dir='ltr'>sa-</span> 
     </span>
     <span class='ocr_line' id='line_1_4' title="bbox 224 298 1274 336; baseline -0.008 -4"><span class='ocrx_word' id='word_1_30' title='bbox 224 301 322 332; x_wconf 77' lang='lat' dir='ltr'>&#39;tutaris</span> <span class='ocrx_word' id='word_1_31' title='bbox 336 305 427 331; x_wconf 86' lang='lat' dir='ltr'>omnia</span> <span class='ocrx_word' id='word_1_32' title='bbox 445 306 598 335; x_wconf 84' lang='lat' dir='ltr'>conseruat,</span> <span class='ocrx_word' id='word_1_33' title='bbox 618 302 681 334; x_wconf 81' lang='lat' dir='ltr'>alit,</span> <span class='ocrx_word' id='word_1_34' title='bbox 697 307 788 336; x_wconf 85' lang='lat' dir='ltr'>auget,</span> <span class='ocrx_word' id='word_1_35' title='bbox 809 301 932 333; x_wconf 76' lang='lat' dir='ltr'>sustinet,</span> <span class='ocrx_word' id='word_1_36' title='bbox 953 302 1080 334; x_wconf 75' lang='lat' dir='ltr'>sensuque</span> <span class='ocrx_word' id='word_1_37' title='bbox 1112 298 1200 325; x_wconf 79' lang='lat' dir='ltr'>afficit.</span> <span class='ocrx_word' id='word_1_38' title='bbox 1237 301 1274 325; x_wconf 72' lang='lat' dir='ltr'>De</span> 
     </span>
     <span class='ocr_line' id='line_1_5' title="bbox 229 335 1277 403; baseline -0.008 -36"><span class='ocrx_word' id='word_1_39' title='bbox 229 351 287 403; x_wconf 44' lang='lat' dir='ltr'>req-nc</span> <span class='ocrx_word' id='word_1_40' title='bbox 300 343 441 367; x_wconf 66' lang='lat' dir='ltr'>elementari</span> <span class='ocrx_word' id='word_1_41' title='bbox 454 343 570 375; x_wconf 72' lang='lat' dir='ltr'>quuitur.</span> <span class='ocrx_word' id='word_1_42' title='bbox 662 339 831 371; x_wconf 75' lang='lat' dir='ltr'>Corporeum</span> <span class='ocrx_word' id='word_1_43' title='bbox 846 344 870 363; x_wconf 88' lang='lat' dir='ltr'>et</span> <span class='ocrx_word' id='word_1_44' title='bbox 884 337 1074 371; x_wconf 68' lang='lat' dir='ltr'>adspee‘tabile,</span> <span class='ocrx_word' id='word_1_45' title='bbox 1091 335 1209 369; x_wconf 79' lang='lat' dir='ltr'>itemque</span> <span class='ocrx_word' id='word_1_46' title='bbox 1227 341 1277 360; x_wconf 87' lang='lat' dir='ltr'>tra-</span> 
     </span>
    </p>
   </div>
   <div class='ocr_carea' id='block_1_3' title="bbox 259 371 1315 407">
    <p class='ocr_par' dir='ltr' id='par_1_3' title="bbox 259 371 1315 407">
     <span class='ocr_line' id='line_1_6' title="bbox 259 371 1315 407; baseline -0.008 -3"><span class='ocrx_word' id='word_1_47' title='bbox 259 377 329 404; x_wconf 87' lang='lat' dir='ltr'>abile</span> <span class='ocrx_word' id='word_1_48' title='bbox 357 385 436 403; x_wconf 84' lang='lat' dir='ltr'>omne</span> <span class='ocrx_word' id='word_1_49' title='bbox 462 375 559 401; x_wconf 74' lang='lat' dir='ltr'>necess&#39;e</span> <span class='ocrx_word' id='word_1_50' title='bbox 579 373 615 399; x_wconf 83' lang='lat' dir='ltr'>est</span> <span class='ocrx_word' id='word_1_51' title='bbox 635 374 682 399; x_wconf 78' lang='lat' dir='ltr'>ess&#39;e</span> <span class='ocrx_word' id='word_1_52' title='bbox 703 373 776 407; x_wconf 89' lang='lat' dir='ltr'>quod</span> <span class='ocrx_word' id='word_1_53' title='bbox 799 380 889 398; x_wconf 86' lang='lat' dir='ltr'>natum</span> <span class='ocrx_word' id='word_1_54' title='bbox 916 373 951 399; x_wconf 80' lang='lat' dir='ltr'>est</span> <span class='ocrx_word' id='word_1_55' title='bbox 991 373 1046 398; x_wconf 83' lang='lat' dir='ltr'>Cic.</span> <span class='ocrx_word' id='word_1_56' title='bbox 1068 372 1099 398; x_wconf 89' lang='lat' dir='ltr'>de</span> <span class='ocrx_word' id='word_1_57' title='bbox 1114 371 1236 397; x_wconf 86' lang='lat' dir='ltr'>Vniuers.</span> <span class='ocrx_word' id='word_1_58' title='bbox 1255 379 1275 396; x_wconf 87' lang='lat'>11</span> <span class='ocrx_word' id='word_1_59' title='bbox 1302 375 1315 401; x_wconf 77' lang='grc'><em>5</em></span> 
     </span>
    </p>
   </div>
   <div class='ocr_carea' id='block_1_4' title="bbox 189 407 1279 736">
    <p class='ocr_par' dir='ltr' id='par_1_4' title="bbox 229 407 1277 555">
     <span class='ocr_line' id='line_1_7' title="bbox 231 407 1275 447; baseline -0.008 -7"><span class='ocrx_word' id='word_1_60' title='bbox 231 422 254 440; x_wconf 90' lang='lat' dir='ltr'>c.</span> <span class='ocrx_word' id='word_1_61' title='bbox 269 422 296 447; x_wconf 85' lang='lat'>4.</span> <span class='ocrx_word' id='word_1_62' title='bbox 368 414 446 439; x_wconf 81' lang='lat' dir='ltr'>Artus</span> <span class='ocrx_word' id='word_1_63' title='bbox 459 410 581 444; x_wconf 88' lang='lat' dir='ltr'>corporei</span> <span class='ocrx_word' id='word_1_64' title='bbox 601 409 694 436; x_wconf 88' lang='lat' dir='ltr'>Claud.</span> <span class='ocrx_word' id='word_1_65' title='bbox 708 409 740 435; x_wconf 90' lang='lat' dir='ltr'>de</span> <span class='ocrx_word' id='word_1_66' title='bbox 756 409 831 443; x_wconf 85' lang='lat' dir='ltr'>Rapt.</span> <span class='ocrx_word' id='word_1_67' title='bbox 846 409 963 442; x_wconf 83' lang='lat' dir='ltr'>Proserp.</span> <span class='ocrx_word' id='word_1_68' title='bbox 980 417 999 439; x_wconf 88' lang='lat'>1,</span> <span class='ocrx_word' id='word_1_69' title='bbox 1014 411 1056 434; x_wconf 83' lang='lat'>62.</span> <span class='ocrx_word' id='word_1_70' title='bbox 1105 407 1171 432; x_wconf 88' lang='lat' dir='ltr'>Plin.</span> <span class='ocrx_word' id='word_1_71' title='bbox 1185 415 1223 438; x_wconf 86' lang='lat'>11,</span> <span class='ocrx_word' id='word_1_72' title='bbox 1244 414 1275 440; x_wconf 96' lang='grc'>37</span> 
     </span>
     <span class='ocr_line' id='line_1_8' title="bbox 232 442 1277 480; baseline -0.009 -4"><span class='ocrx_word' id='word_1_73' title='bbox 232 448 364 476; x_wconf 60' lang='lat' dir='ltr'>perfracta</span> <span class='ocrx_word' id='word_1_74' title='bbox 384 457 437 473; x_wconf 91' lang='lat' dir='ltr'>non</span> <span class='ocrx_word' id='word_1_75' title='bbox 457 452 559 480; x_wconf 84' lang='lat' dir='ltr'>queunt</span> <span class='ocrx_word' id='word_1_76' title='bbox 582 445 689 471; x_wconf 88' lang='lat' dir='ltr'>solidari</span> <span class='ocrx_word' id='word_1_77' title='bbox 705 453 711 469; x_wconf 70' lang='grc' dir='ltr'><strong>ι</strong></span> <span class='ocrx_word' id='word_1_78' title='bbox 748 445 791 471; x_wconf 83' lang='lat' dir='ltr'>sed</span> <span class='ocrx_word' id='word_1_79' title='bbox 810 452 911 471; x_wconf 85' lang='lat' dir='ltr'>exemta</span> <span class='ocrx_word' id='word_1_80' title='bbox 925 444 1029 470; x_wconf 87' lang='lat' dir='ltr'>mod1ce</span> <span class='ocrx_word' id='word_1_81' title='bbox 1041 452 1094 469; x_wconf 92' lang='lat' dir='ltr'>non</span> <span class='ocrx_word' id='word_1_82' title='bbox 1108 443 1165 468; x_wconf 91' lang='lat' dir='ltr'>sunt</span> <span class='ocrx_word' id='word_1_83' title='bbox 1179 442 1277 474; x_wconf 88' lang='lat' dir='ltr'>letalia,</span> 
     </span>
     <span class='ocr_line' id='line_1_9' title="bbox 230 478 1277 515; baseline -0.008 -3"><span class='ocrx_word' id='word_1_84' title='bbox 230 485 258 512; x_wconf 92' lang='lat' dir='ltr'>in</span> <span class='ocrx_word' id='word_1_85' title='bbox 272 485 357 511; x_wconf 90' lang='lat' dir='ltr'>vicem</span> <span class='ocrx_word' id='word_1_86' title='bbox 373 491 466 509; x_wconf 89' lang='lat' dir='ltr'>eorum</span> <span class='ocrx_word' id='word_1_87' title='bbox 480 481 631 507; x_wconf 81' lang='lat' dir='ltr'>succedente</span> <span class='ocrx_word' id='word_1_88' title='bbox 644 489 773 515; x_wconf 87' lang='lat' dir='ltr'>corporea</span> <span class='ocrx_word' id='word_1_89' title='bbox 792 480 920 507; x_wconf 84' lang='lat' dir='ltr'>cicatrice.</span> <span class='ocrx_word' id='word_1_90' title='bbox 1014 480 1098 514; x_wconf 85' lang='lat' dir='ltr'>Dapes</span> <span class='ocrx_word' id='word_1_91' title='bbox 1116 478 1198 504; x_wconf 89' lang='lat' dir='ltr'>Ouid.</span> <span class='ocrx_word' id='word_1_92' title='bbox 1213 479 1277 504; x_wconf 84' lang='lat' dir='ltr'>Met.</span> 
     </span>
     <span class='ocr_line' id='line_1_10' title="bbox 229 518 693 555; baseline -0.009 -9"><span class='ocrx_word' id='word_1_93' title='bbox 229 529 264 555; x_wconf 81' lang='lat'>15,</span> <span class='ocrx_word' id='word_1_94' title='bbox 279 528 329 553; x_wconf 80' lang='lat'>103.</span> <span class='ocrx_word' id='word_1_95' title='bbox 400 519 459 544; x_wconf 79' lang='lat' dir='ltr'>Vox</span> <span class='ocrx_word' id='word_1_96' title='bbox 481 518 585 544; x_wconf 80' lang='lat' dir='ltr'>Lucret.</span> <span class='ocrx_word' id='word_1_97' title='bbox 595 527 621 551; x_wconf 85' lang='lat'>4,</span> <span class='ocrx_word' id='word_1_98' title='bbox 636 525 693 549; x_wconf 76' lang='lat'>529.</span> 
     </span>
    </p>

    <p class='ocr_par' dir='ltr' id='par_1_5' title="bbox 189 549 1279 736">
     <span class='ocr_line' id='line_1_11' title="bbox 270 549 1276 589; baseline -0.006 -8"><span class='ocrx_word' id='word_1_99' title='bbox 270 562 286 581; x_wconf 86' lang='lat' dir='ltr'>c</span> <span class='ocrx_word' id='word_1_100' title='bbox 299 562 317 581; x_wconf 86' lang='lat' dir='ltr'>o</span> <span class='ocrx_word' id='word_1_101' title='bbox 328 563 345 581; x_wconf 77' lang='lat' dir='ltr'>R</span> <span class='ocrx_word' id='word_1_102' title='bbox 356 563 370 580; x_wconf 81' lang='lat'>1&gt;</span> <span class='ocrx_word' id='word_1_103' title='bbox 381 560 400 580; x_wconf 87' lang='grc' dir='ltr'>ο</span> <span class='ocrx_word' id='word_1_104' title='bbox 411 561 429 580; x_wconf 81' lang='lat' dir='ltr'>R</span> <span class='ocrx_word' id='word_1_105' title='bbox 440 561 477 585; x_wconf 87' lang='lat'>0,</span> <span class='ocrx_word' id='word_1_106' title='bbox 494 558 552 585; x_wconf 70' lang='lat' dir='ltr'>are,</span> <span class='ocrx_word' id='word_1_107' title='bbox 566 552 701 589; x_wconf 76' lang='lat' dir='ltr'>ficundum</span> <span class='ocrx_word' id='word_1_108' title='bbox 723 552 796 578; x_wconf 89' lang='lat' dir='ltr'>Non.</span> <span class='ocrx_word' id='word_1_109' title='bbox 817 560 836 583; x_wconf 92' lang='lat'>1,</span> <span class='ocrx_word' id='word_1_110' title='bbox 852 559 881 586; x_wconf 79' lang='lat'>73</span> <span class='ocrx_word' id='word_1_111' title='bbox 902 550 937 576; x_wconf 85' lang='lat' dir='ltr'>est</span> <span class='ocrx_word' id='word_1_112' title='bbox 964 549 1138 582; x_wconf 69' lang='lat' dir='ltr'>interficere,</span> <span class='ocrx_word' id='word_1_113' title='bbox 1154 555 1179 576; x_wconf 87' lang='lat' dir='ltr'>et</span> <span class='ocrx_word' id='word_1_114' title='bbox 1206 549 1276 584; x_wconf 75' lang='lat' dir='ltr'>quasi</span> 
     </span>
     <span class='ocr_line' id='line_1_12' title="bbox 229 585 1277 626; baseline -0.007 -9"><span class='ocrx_word' id='word_1_115' title='bbox 229 600 324 626; x_wconf 84' lang='lat' dir='ltr'>corpus</span> <span class='ocrx_word' id='word_1_116' title='bbox 340 590 424 616; x_wconf 86' lang='lat' dir='ltr'>solum</span> <span class='ocrx_word' id='word_1_117' title='bbox 438 588 490 615; x_wconf 84' lang='lat' dir='ltr'>fine</span> <span class='ocrx_word' id='word_1_118' title='bbox 504 590 591 615; x_wconf 88' lang='lat' dir='ltr'>anima</span> <span class='ocrx_word' id='word_1_119' title='bbox 606 588 758 623; x_wconf 82' lang='lat' dir='ltr'>relinquere</span> <span class='ocrx_word' id='word_1_120' title='bbox 771 587 875 623; x_wconf 65' lang='lat' dir='ltr'>(sacci-e</span> <span class='ocrx_word' id='word_1_121' title='bbox 889 594 917 612; x_wconf 77' lang='lat' dir='ltr'>ut</span> <span class='ocrx_word' id='word_1_122' title='bbox 930 585 1036 620; x_wconf 77' lang='lat' dir='ltr'>nihilflt</span> <span class='ocrx_word' id='word_1_123' title='bbox 1049 586 1126 617; x_wconf 82' lang='lat' dir='ltr'>homo,</span> <span class='ocrx_word' id='word_1_124' title='bbox 1141 595 1212 620; x_wconf 80' lang='lat' dir='ltr'>quam</span> <span class='ocrx_word' id='word_1_125' title='bbox 1226 596 1277 611; x_wconf 84' lang='lat' dir='ltr'>cor-</span> 
     </span>
     <span class='ocr_line' id='line_1_13' title="bbox 189 621 1278 663; baseline -0.006 -10"><span class='ocrx_word' id='word_1_126' title='bbox 189 633 192 636; x_wconf 76' lang='grc'><em>·</em></span> <span class='ocrx_word' id='word_1_127' title='bbox 227 635 290 663; x_wconf 76' lang='lat' dir='ltr'>pm,</span> <span class='ocrx_word' id='word_1_128' title='bbox 311 626 339 652; x_wconf 59' lang='lat' dir='ltr'>ni</span> <span class='ocrx_word' id='word_1_129' title='bbox 355 624 390 658; x_wconf 77' lang='lat' dir='ltr'>cst</span> <span class='ocrx_word' id='word_1_130' title='bbox 409 625 536 659; x_wconf 68' lang='lat' dir='ltr'>cadauer)</span> <span class='ocrx_word' id='word_1_131' title='bbox 556 624 654 651; x_wconf 86' lang='lat' dir='ltr'>Ennius</span> <span class='ocrx_word' id='word_1_132' title='bbox 676 623 859 655; x_wconf 71' lang='lat' dir='ltr'>Andromeda,</span> <span class='ocrx_word' id='word_1_133' title='bbox 878 624 981 656; x_wconf 84' lang='lat' dir='ltr'>Corpus</span> <span class='ocrx_word' id='word_1_134' title='bbox 999 622 1192 656; x_wconf 76' lang='lat' dir='ltr'>contemplatur</span> <span class='ocrx_word' id='word_1_135' title='bbox 1209 621 1278 648; x_wconf 87' lang='lat' dir='ltr'>vnde</span> 
     </span>
     <span class='ocr_line' id='line_1_14' title="bbox 229 658 1279 696; baseline -0.006 -7"><span class='ocrx_word' id='word_1_136' title='bbox 229 668 382 696; x_wconf 83' lang='lat' dir='ltr'>corporaret</span> <span class='ocrx_word' id='word_1_137' title='bbox 396 661 515 687; x_wconf 83' lang='lat' dir='ltr'>vulnere.</span> <span class='ocrx_word' id='word_1_138' title='bbox 572 660 682 692; x_wconf 82' lang='lat' dir='ltr'>Accius,</span> <span class='ocrx_word' id='word_1_139' title='bbox 700 661 852 693; x_wconf 82' lang='lat' dir='ltr'>Corporarc</span> <span class='ocrx_word' id='word_1_140' title='bbox 866 658 910 684; x_wconf 85' lang='lat' dir='ltr'>abs</span> <span class='ocrx_word' id='word_1_141' title='bbox 925 665 999 692; x_wconf 81' lang='lat' dir='ltr'>tergo</span> <span class='ocrx_word' id='word_1_142' title='bbox 1015 667 1041 684; x_wconf 90' lang='lat' dir='ltr'>es</span> <span class='ocrx_word' id='word_1_143' title='bbox 1055 659 1139 684; x_wconf 78' lang='lat' dir='ltr'>ausus.</span> <span class='ocrx_word' id='word_1_144' title='bbox 1232 658 1279 684; x_wconf 74' lang='lat' dir='ltr'>Sed</span> 
     </span>
     <span class='ocr_line' id='line_1_15' title="bbox 228 692 1277 736; baseline -0.007 -12"><span class='ocrx_word' id='word_1_145' title='bbox 228 696 250 736; x_wconf 59' lang='lat' dir='ltr'><strong>ff</strong></span> <span class='ocrx_word' id='word_1_146' title='bbox 273 707 284 723; x_wconf 87' lang='lat'><em>2</em></span> <span class='ocrx_word' id='word_1_147' title='bbox 323 697 487 732; x_wconf 81' lang='lat' dir='ltr'>Corporari,</span> <span class='ocrx_word' id='word_1_148' title='bbox 506 696 696 730; x_wconf 62' lang='grc' dir='ltr'>[σωματὲἆὶκι]</span> <span class='ocrx_word' id='word_1_149' title='bbox 734 695 828 729; x_wconf 71' lang='lat' dir='ltr'>Corpm</span> <span class='ocrx_word' id='word_1_150' title='bbox 842 692 905 728; x_wconf 74' lang='lat' dir='ltr'>‹ffci</span> <span class='ocrx_word' id='word_1_151' title='bbox 916 697 943 720; x_wconf 84' lang='lat' dir='ltr'>in</span> <span class='ocrx_word' id='word_1_152' title='bbox 957 701 1045 729; x_wconf 80' lang='lat' dir='ltr'>corpus</span> <span class='ocrx_word' id='word_1_153' title='bbox 1059 697 1132 720; x_wconf 67' lang='lat' dir='ltr'>coire.</span> <span class='ocrx_word' id='word_1_154' title='bbox 1170 693 1236 718; x_wconf 89' lang='lat' dir='ltr'>Plin.</span> <span class='ocrx_word' id='word_1_155' title='bbox 1251 700 1277 726; x_wconf 86' lang='lat'>7,</span> 
     </span>
    </p>
   </div>
   <div class='ocr_carea' id='block_1_5' title="bbox 227 723 1701 769">
    <p class='ocr_par' dir='ltr' id='par_1_6' title="bbox 227 723 1701 769">
     <span class='ocr_line' id='line_1_16' title="bbox 227 723 1701 769; baseline -0.004 -10"><span class='ocrx_word' id='word_1_156' title='bbox 227 741 254 766; x_wconf 80' lang='grc' dir='ltr'>ις</span> <span class='ocrx_word' id='word_1_157' title='bbox 275 733 303 759; x_wconf 74' lang='lat' dir='ltr'>de</span> <span class='ocrx_word' id='word_1_158' title='bbox 317 735 435 766; x_wconf 69' lang='lat' dir='ltr'>mrnjtruo</span> <span class='ocrx_word' id='word_1_159' title='bbox 443 733 581 769; x_wconf 78' lang='lat' dir='ltr'>sanguine,</span> <span class='ocrx_word' id='word_1_160' title='bbox 602 731 768 765; x_wconf 81' lang='lat' dir='ltr'>Qubusdam</span> <span class='ocrx_word' id='word_1_161' title='bbox 783 738 848 756; x_wconf 85' lang='lat' dir='ltr'>vcro</span> <span class='ocrx_word' id='word_1_162' title='bbox 863 731 963 765; x_wconf 83' lang='lat' dir='ltr'>saepius</span> <span class='ocrx_word' id='word_1_163' title='bbox 981 730 1084 760; x_wconf 80' lang='lat' dir='ltr'>meuse,</span> <span class='ocrx_word' id='word_1_164' title='bbox 1106 729 1167 753; x_wconf 82' lang='lat' dir='ltr'>licut</span> <span class='ocrx_word' id='word_1_165' title='bbox 1182 728 1279 761; x_wconf 83' lang='lat' dir='ltr'>aliqui·</span> <span class='ocrx_word' id='word_1_166' title='bbox 1307 723 1506 759; x_wconf 64' lang='lat' dir='ltr'>151&#39;71flec&#39;Iuntui·</span> <span class='ocrx_word' id='word_1_167' title='bbox 1520 729 1595 752; x_wconf 75' lang='lat' dir='ltr'>nimis</span> <span class='ocrx_word' id='word_1_168' title='bbox 1608 727 1701 763; x_wconf 78' lang='lat' dir='ltr'>rigida.</span> 
     </span>
    </p>
   </div>
   <div class='ocr_carea' id='block_1_6' title="bbox 224 763 1277 1090">
    <p class='ocr_par' dir='ltr' id='par_1_7' title="bbox 224 763 1277 1090">
     <span class='ocr_line' id='line_1_17' title="bbox 227 763 1276 803; baseline -0.008 -8"><span class='ocrx_word' id='word_1_169' title='bbox 227 769 276 796; x_wconf 87' lang='lat' dir='ltr'>bus</span> <span class='ocrx_word' id='word_1_170' title='bbox 309 777 443 803; x_wconf 88' lang='lat' dir='ltr'>nunquam</span> <span class='ocrx_word' id='word_1_171' title='bbox 459 779 463 793; x_wconf 92' lang='lat'>:</span> <span class='ocrx_word' id='word_1_172' title='bbox 502 768 544 794; x_wconf 78' lang='lat' dir='ltr'>sed</span> <span class='ocrx_word' id='word_1_173' title='bbox 583 769 645 794; x_wconf 83' lang='lat' dir='ltr'>tales</span> <span class='ocrx_word' id='word_1_174' title='bbox 679 776 732 793; x_wconf 90' lang='lat' dir='ltr'>non</span> <span class='ocrx_word' id='word_1_175' title='bbox 767 766 894 801; x_wconf 85' lang='lat' dir='ltr'>gignunt,</span> <span class='ocrx_word' id='word_1_176' title='bbox 931 766 1038 800; x_wconf 74' lang='lat' dir='ltr'>quando</span> <span class='ocrx_word' id='word_1_177' title='bbox 1070 764 1133 789; x_wconf 85' lang='lat' dir='ltr'>hacc</span> <span class='ocrx_word' id='word_1_178' title='bbox 1162 763 1200 788; x_wconf 86' lang='lat' dir='ltr'>est</span> <span class='ocrx_word' id='word_1_179' title='bbox 1233 772 1276 796; x_wconf 82' lang='lat' dir='ltr'>gc-</span> 
     </span>
     <span class='ocr_line' id='line_1_18' title="bbox 227 798 1275 835; baseline -0.009 -4"><span class='ocrx_word' id='word_1_180' title='bbox 227 805 346 832; x_wconf 86' lang='lat' dir='ltr'>nerando</span> <span class='ocrx_word' id='word_1_181' title='bbox 366 805 473 830; x_wconf 87' lang='lat' dir='ltr'>homini</span> <span class='ocrx_word' id='word_1_182' title='bbox 501 804 611 830; x_wconf 86' lang='lat' dir='ltr'>materia</span> <span class='ocrx_word' id='word_1_183' title='bbox 621 823 627 835; x_wconf 92' lang='lat'>‚</span> <span class='ocrx_word' id='word_1_184' title='bbox 665 803 763 829; x_wconf 86' lang='lat' dir='ltr'>semiue</span> <span class='ocrx_word' id='word_1_185' title='bbox 786 812 802 828; x_wconf 87' lang='lat' dir='ltr'>e</span> <span class='ocrx_word' id='word_1_186' title='bbox 822 802 939 828; x_wconf 85' lang='lat' dir='ltr'>maribus</span> <span class='ocrx_word' id='word_1_187' title='bbox 974 799 1077 833; x_wconf 84' lang='lat' dir='ltr'>coaguli</span> <span class='ocrx_word' id='word_1_188' title='bbox 1112 798 1193 824; x_wconf 80' lang='lat' dir='ltr'>niodo</span> <span class='ocrx_word' id='word_1_189' title='bbox 1225 798 1275 824; x_wconf 85' lang='lat' dir='ltr'>hoc</span> 
     </span>
     <span class='ocr_line' id='line_1_19' title="bbox 226 837 1275 875; baseline -0.006 -8"><span class='ocrx_word' id='word_1_190' title='bbox 226 841 255 867; x_wconf 89' lang='lat' dir='ltr'>in</span> <span class='ocrx_word' id='word_1_191' title='bbox 269 841 320 867; x_wconf 88' lang='lat' dir='ltr'>sese</span> <span class='ocrx_word' id='word_1_192' title='bbox 333 841 514 875; x_wconf 79' lang='lat' dir='ltr'>glomerante,</span> <span class='ocrx_word' id='word_1_193' title='bbox 535 840 605 874; x_wconf 87' lang='lat' dir='ltr'>quod</span> <span class='ocrx_word' id='word_1_194' title='bbox 620 838 716 865; x_wconf 84' lang='lat' dir='ltr'>deinde</span> <span class='ocrx_word' id='word_1_195' title='bbox 730 844 848 872; x_wconf 87' lang='lat' dir='ltr'>tempore</span> <span class='ocrx_word' id='word_1_196' title='bbox 866 838 922 872; x_wconf 84' lang='lat' dir='ltr'>ipso</span> <span class='ocrx_word' id='word_1_197' title='bbox 941 837 1088 874; x_wconf 74' lang='lat' dir='ltr'>animatur,</span> <span class='ocrx_word' id='word_1_198' title='bbox 1106 840 1275 868; x_wconf 83' lang='lat' dir='ltr'>corporatur-</span> 
     </span>
     <span class='ocr_line' id='line_1_20' title="bbox 227 870 1277 912; baseline -0.007 -10"><span class='ocrx_word' id='word_1_199' title='bbox 227 885 288 912; x_wconf 86' lang='lat' dir='ltr'>que.</span> <span class='ocrx_word' id='word_1_200' title='bbox 307 877 332 904; x_wconf 79' lang='lat' dir='ltr'>h.</span> <span class='ocrx_word' id='word_1_201' title='bbox 349 887 367 903; x_wconf 86' lang='lat' dir='ltr'>c.</span> <span class='ocrx_word' id='word_1_202' title='bbox 387 880 413 902; x_wconf 71' lang='lat' dir='ltr'>iri</span> <span class='ocrx_word' id='word_1_203' title='bbox 428 886 503 902; x_wconf 75' lang='lat' dir='ltr'>vnum</span> <span class='ocrx_word' id='word_1_204' title='bbox 517 883 605 910; x_wconf 80' lang='lat' dir='ltr'>corpus</span> <span class='ocrx_word' id='word_1_205' title='bbox 618 874 672 910; x_wconf 59' lang='lat' dir='ltr'>[Miz</span> <span class='ocrx_word' id='word_1_206' title='bbox 685 877 788 901; x_wconf 69' lang='lat' dir='ltr'>materia</span> <span class='ocrx_word' id='word_1_207' title='bbox 800 875 916 900; x_wconf 75' lang='lat' dir='ltr'>animalis</span> <span class='ocrx_word' id='word_1_208' title='bbox 930 872 1059 905; x_wconf 62' lang='lat' dir='ltr'>cotthm&#39;t,</span> <span class='ocrx_word' id='word_1_209' title='bbox 1080 876 1103 895; x_wconf 73' lang='lat' dir='ltr'>ct</span> <span class='ocrx_word' id='word_1_210' title='bbox 1110 870 1223 905; x_wconf 81' lang='lat' dir='ltr'>sormam</span> <span class='ocrx_word' id='word_1_211' title='bbox 1237 880 1277 896; x_wconf 79' lang='lat' dir='ltr'>ac-</span> 
     </span>
     <span class='ocr_line' id='line_1_21' title="bbox 225 916 1225 948; baseline -0.005 -11"><span class='ocrx_word' id='word_1_212' title='bbox 225 916 299 948; x_wconf 77' lang='lat' dir='ltr'>cipit.</span> <span class='ocrx_word' id='word_1_213' title='bbox 945 943 951 946; x_wconf 39' lang='grc'><strong>-</strong></span> <span class='ocrx_word' id='word_1_214' title='bbox 1221 943 1225 946; x_wconf 38' lang='grc'><em>.</em></span> 
     </span>
     <span class='ocr_line' id='line_1_22' title="bbox 225 942 1275 982; baseline -0.007 -7"><span class='ocrx_word' id='word_1_215' title='bbox 225 957 254 975; x_wconf 88' lang='lat' dir='ltr'>re</span> <span class='ocrx_word' id='word_1_216' title='bbox 271 954 462 982; x_wconf 76' lang='lat' dir='ltr'>corporentur,</span> <span class='ocrx_word' id='word_1_217' title='bbox 480 953 559 981; x_wconf 88' lang='lat' dir='ltr'>atque</span> <span class='ocrx_word' id='word_1_218' title='bbox 572 946 720 973; x_wconf 79' lang='lat' dir='ltr'>animentur</span> <span class='ocrx_word' id='word_1_219' title='bbox 728 946 759 972; x_wconf 84' lang='lat' dir='ltr'>ad</span> <span class='ocrx_word' id='word_1_220' title='bbox 767 946 857 970; x_wconf 81' lang='lat' dir='ltr'>vitam.</span> <span class='ocrx_word' id='word_1_221' title='bbox 932 944 962 967; x_wconf 68' lang='lat' dir='ltr'>ht</span> <span class='ocrx_word' id='word_1_222' title='bbox 975 951 1030 982; x_wconf 72' lang='lat' dir='ltr'>prox</span> <span class='ocrx_word' id='word_1_223' title='bbox 1043 942 1113 982; x_wconf 66' lang='lat' dir='ltr'>,Q&#39;O</span> <span class='ocrx_word' id='word_1_224' title='bbox 1144 950 1176 967; x_wconf 80' lang='lat' dir='ltr'>ex</span> <span class='ocrx_word' id='word_1_225' title='bbox 1183 951 1275 969; x_wconf 81' lang='lat' dir='ltr'>auium</span> 
     </span>
     <span class='ocr_line' id='line_1_23' title="bbox 224 978 1277 1017; baseline -0.006 -7"><span class='ocrx_word' id='word_1_226' title='bbox 224 983 325 1010; x_wconf 83' lang='lat' dir='ltr'>fetibus</span> <span class='ocrx_word' id='word_1_227' title='bbox 340 983 416 1010; x_wconf 83' lang='lat' dir='ltr'>datur</span> <span class='ocrx_word' id='word_1_228' title='bbox 432 983 512 1015; x_wconf 79' lang='lat' dir='ltr'>scire,</span> <span class='ocrx_word' id='word_1_229' title='bbox 533 992 600 1017; x_wconf 88' lang='lat' dir='ltr'>quos</span> <span class='ocrx_word' id='word_1_230' title='bbox 614 981 683 1008; x_wconf 83' lang='lat' dir='ltr'>crassi</span> <span class='ocrx_word' id='word_1_231' title='bbox 699 980 818 1007; x_wconf 82' lang='lat' dir='ltr'>humoris</span> <span class='ocrx_word' id='word_1_232' title='bbox 832 978 922 1012; x_wconf 84' lang='lat' dir='ltr'>plenos</span> <span class='ocrx_word' id='word_1_233' title='bbox 935 980 982 1003; x_wconf 84' lang='lat' dir='ltr'>niu</span> <span class='ocrx_word' id='word_1_234' title='bbox 1004 980 1096 1011; x_wconf 78' lang='lat' dir='ltr'>opitex</span> <span class='ocrx_word' id='word_1_235' title='bbox 1116 978 1188 1003; x_wconf 88' lang='lat' dir='ltr'>calor</span> <span class='ocrx_word' id='word_1_236' title='bbox 1200 978 1277 1005; x_wconf 87' lang='lat' dir='ltr'>foue-</span> 
     </span>
     <span class='ocr_line' id='line_1_24' title="bbox 224 1013 1275 1053; baseline -0.006 -7"><span class='ocrx_word' id='word_1_237' title='bbox 224 1020 262 1046; x_wconf 87' lang='lat' dir='ltr'>rit</span> <span class='ocrx_word' id='word_1_238' title='bbox 275 1030 283 1050; x_wconf 88' lang='lat'>;</span> <span class='ocrx_word' id='word_1_239' title='bbox 319 1028 366 1045; x_wconf 88' lang='lat' dir='ltr'>nec</span> <span class='ocrx_word' id='word_1_240' title='bbox 379 1019 478 1046; x_wconf 87' lang='lat' dir='ltr'>humor</span> <span class='ocrx_word' id='word_1_241' title='bbox 489 1018 573 1053; x_wconf 80' lang='lat' dir='ltr'>potest</span> <span class='ocrx_word' id='word_1_242' title='bbox 586 1017 739 1051; x_wconf 83' lang='lat' dir='ltr'>corporari,</span> <span class='ocrx_word' id='word_1_243' title='bbox 758 1024 804 1040; x_wconf 79' lang='lat' dir='ltr'>nec</span> <span class='ocrx_word' id='word_1_244' title='bbox 814 1023 908 1048; x_wconf 86' lang='lat' dir='ltr'>corpus</span> <span class='ocrx_word' id='word_1_245' title='bbox 921 1013 1042 1039; x_wconf 87' lang='lat' dir='ltr'>animari.</span> <span class='ocrx_word' id='word_1_246' title='bbox 1118 1014 1190 1040; x_wconf 91' lang='lat' dir='ltr'>Non.</span> <span class='ocrx_word' id='word_1_247' title='bbox 1205 1017 1275 1046; x_wconf 84' lang='lat'>1,168</span> 
     </span>
     <span class='ocr_line' id='line_1_25' title="bbox 224 1049 1276 1090; baseline -0.006 -8"><span class='ocrx_word' id='word_1_248' title='bbox 224 1055 359 1082; x_wconf 60' lang='lat' dir='ltr'>Traeium</span> <span class='ocrx_word' id='word_1_249' title='bbox 374 1064 387 1081; x_wconf 90' lang='lat' dir='ltr'>a</span> <span class='ocrx_word' id='word_1_250' title='bbox 401 1054 504 1090; x_wconf 70' lang='lat' dir='ltr'>pi&amp;ura</span> <span class='ocrx_word' id='word_1_251' title='bbox 514 1074 522 1087; x_wconf 84' lang='lat'>,</span> <span class='ocrx_word' id='word_1_252' title='bbox 542 1063 608 1088; x_wconf 83' lang='lat' dir='ltr'>quac</span> <span class='ocrx_word' id='word_1_253' title='bbox 617 1054 768 1086; x_wconf 74' lang='lat' dir='ltr'>priusquam</span> <span class='ocrx_word' id='word_1_254' title='bbox 783 1049 918 1076; x_wconf 84' lang='lat' dir='ltr'>coloribus</span> <span class='ocrx_word' id='word_1_255' title='bbox 927 1055 1100 1083; x_wconf 77' lang='lat' dir='ltr'>corporatur,</span> <span class='ocrx_word' id='word_1_256' title='bbox 1120 1050 1215 1076; x_wconf 79' lang='lat' dir='ltr'>vuibra</span> <span class='ocrx_word' id='word_1_257' title='bbox 1229 1050 1276 1076; x_wconf 84' lang='lat' dir='ltr'>fin-</span> 
     </span>
    </p>
   </div>
   <div class='ocr_carea' id='block_1_7' title="bbox 222 1083 1502 1126">
    <p class='ocr_par' dir='ltr' id='par_1_8' title="bbox 222 1083 1502 1126">
     <span class='ocr_line' id='line_1_26' title="bbox 222 1083 1502 1126; baseline -0.005 -9"><span class='ocrx_word' id='word_1_258' title='bbox 222 1091 304 1126; x_wconf 80' lang='lat' dir='ltr'>gitur.</span> <span class='ocrx_word' id='word_1_259' title='bbox 342 1093 380 1118; x_wconf 85' lang='lat' dir='ltr'>De</span> <span class='ocrx_word' id='word_1_260' title='bbox 394 1090 535 1124; x_wconf 71' lang='lat' dir='ltr'>affiimtionc</span> <span class='ocrx_word' id='word_1_261' title='bbox 548 1098 647 1117; x_wconf 70' lang='lat' dir='ltr'>carnis,</span> <span class='ocrx_word' id='word_1_262' title='bbox 667 1089 683 1112; x_wconf 86' lang='lat' dir='ltr'>i.</span> <span class='ocrx_word' id='word_1_263' title='bbox 699 1088 803 1112; x_wconf 74' lang='lat' dir='ltr'>humane</span> <span class='ocrx_word' id='word_1_264' title='bbox 819 1092 938 1115; x_wconf 65' lang='lat' dir='ltr'>naturae,</span> <span class='ocrx_word' id='word_1_265' title='bbox 973 1085 1118 1120; x_wconf 81' lang='lat' dir='ltr'>Nunquam</span> <span class='ocrx_word' id='word_1_266' title='bbox 1132 1085 1184 1112; x_wconf 91' lang='lat' dir='ltr'>fuit</span> <span class='ocrx_word' id='word_1_267' title='bbox 1201 1087 1275 1112; x_wconf 84' lang='lat' dir='ltr'>causa</span> <span class='ocrx_word' id='word_1_268' title='bbox 1284 1086 1313 1112; x_wconf 81' lang='lat'>23</span> <span class='ocrx_word' id='word_1_269' title='bbox 1341 1083 1405 1108; x_wconf 70' lang='lat' dir='ltr'>Met-</span> <span class='ocrx_word' id='word_1_270' title='bbox 1419 1093 1448 1115; x_wconf 70' lang='lat'>2,</span> <span class='ocrx_word' id='word_1_271' title='bbox 1463 1089 1502 1115; x_wconf 65' lang='lat'>89.</span> 
     </span>
    </p>
   </div>
   <div class='ocr_carea' id='block_1_8' title="bbox 221 1120 1274 1269">
    <p class='ocr_par' dir='ltr' id='par_1_9' title="bbox 221 1120 1052 1162">
     <span class='ocr_line' id='line_1_27' title="bbox 221 1120 1052 1162; baseline -0.01 -8"><span class='ocrx_word' id='word_1_272' title='bbox 221 1127 380 1162; x_wconf 82' lang='lat' dir='ltr'>angelorum</span> <span class='ocrx_word' id='word_1_273' title='bbox 394 1124 621 1160; x_wconf 79' lang='lat' dir='ltr'>corporandormn</span> <span class='ocrx_word' id='word_1_274' title='bbox 642 1121 762 1149; x_wconf 79' lang='lat' dir='ltr'>Tertull.</span> <span class='ocrx_word' id='word_1_275' title='bbox 777 1122 809 1147; x_wconf 90' lang='lat' dir='ltr'>de</span> <span class='ocrx_word' id='word_1_276' title='bbox 824 1130 900 1148; x_wconf 88' lang='lat' dir='ltr'>carne</span> <span class='ocrx_word' id='word_1_277' title='bbox 913 1120 975 1147; x_wconf 88' lang='lat' dir='ltr'>Chr.</span> <span class='ocrx_word' id='word_1_278' title='bbox 991 1130 1012 1147; x_wconf 90' lang='lat' dir='ltr'>c.</span> <span class='ocrx_word' id='word_1_279' title='bbox 1027 1124 1052 1147; x_wconf 90' lang='lat'>6.</span> 
     </span>
    </p>

    <p class='ocr_par' dir='ltr' id='par_1_10' title="bbox 221 1156 1274 1269">
     <span class='ocr_line' id='line_1_28' title="bbox 261 1156 1273 1191; baseline -0.008 0"><span class='ocrx_word' id='word_1_280' title='bbox 261 1170 280 1191; x_wconf 87' lang='lat' dir='ltr'>C</span> <span class='ocrx_word' id='word_1_281' title='bbox 294 1169 314 1189; x_wconf 93' lang='grc' dir='ltr'><strong>Ο</strong></span> <span class='ocrx_word' id='word_1_282' title='bbox 326 1170 344 1189; x_wconf 87' lang='lat' dir='ltr'>R</span> <span class='ocrx_word' id='word_1_283' title='bbox 354 1170 368 1189; x_wconf 84' lang='lat' dir='ltr'>P</span> <span class='ocrx_word' id='word_1_284' title='bbox 379 1168 399 1188; x_wconf 94' lang='lat' dir='ltr'>O</span> <span class='ocrx_word' id='word_1_285' title='bbox 410 1169 456 1188; x_wconf 58' lang='grc' dir='ltr'>ΗΛ</span> <span class='ocrx_word' id='word_1_286' title='bbox 466 1167 486 1186; x_wconf 93' lang='grc' dir='ltr'><strong>Τ</strong></span> <span class='ocrx_word' id='word_1_287' title='bbox 497 1167 515 1185; x_wconf 92' lang='lat' dir='ltr'>V</span> <span class='ocrx_word' id='word_1_288' title='bbox 526 1166 537 1185; x_wconf 84' lang='lat' dir='ltr'>S</span> <span class='ocrx_word' id='word_1_289' title='bbox 546 1179 554 1191; x_wconf 82' lang='lat'>‚</span> <span class='ocrx_word' id='word_1_290' title='bbox 575 1168 588 1185; x_wconf 86' lang='lat' dir='ltr'>a</span> <span class='ocrx_word' id='word_1_291' title='bbox 597 1179 604 1190; x_wconf 91' lang='lat'>‚</span> <span class='ocrx_word' id='word_1_292' title='bbox 625 1168 680 1184; x_wconf 88' lang='lat' dir='ltr'>um.</span> <span class='ocrx_word' id='word_1_293' title='bbox 702 1159 768 1184; x_wconf 86' lang='lat' dir='ltr'>Part.</span> <span class='ocrx_word' id='word_1_294' title='bbox 805 1156 999 1190; x_wconf 21' lang='lat' dir='ltr'>[amiam-wsb]</span> <span class='ocrx_word' id='word_1_295' title='bbox 1033 1157 1089 1183; x_wconf 85' lang='lat' dir='ltr'>Cic.</span> <span class='ocrx_word' id='word_1_296' title='bbox 1104 1156 1136 1182; x_wconf 88' lang='lat' dir='ltr'>de</span> <span class='ocrx_word' id='word_1_297' title='bbox 1151 1157 1273 1184; x_wconf 85' lang='lat' dir='ltr'>Vniuers.</span> 
     </span>
     <span class='ocr_line' id='line_1_29' title="bbox 221 1193 1274 1233; baseline -0.007 -8"><span class='ocrx_word' id='word_1_298' title='bbox 221 1208 241 1233; x_wconf 82' lang='grc'>4</span> <span class='ocrx_word' id='word_1_299' title='bbox 254 1208 276 1225; x_wconf 89' lang='lat' dir='ltr'>c.</span> <span class='ocrx_word' id='word_1_300' title='bbox 291 1207 304 1225; x_wconf 90' lang='lat'>2</span> <span class='ocrx_word' id='word_1_301' title='bbox 324 1198 352 1224; x_wconf 70' lang='lat' dir='ltr'>de</span> <span class='ocrx_word' id='word_1_302' title='bbox 363 1197 467 1227; x_wconf 82' lang='lat' dir='ltr'>mundo,</span> <span class='ocrx_word' id='word_1_303' title='bbox 487 1194 713 1228; x_wconf 71' lang='lat' dir='ltr'>Quandoquidem</span> <span class='ocrx_word' id='word_1_304' title='bbox 726 1193 861 1224; x_wconf 84' lang='lat' dir='ltr'>cernitur,</span> <span class='ocrx_word' id='word_1_305' title='bbox 879 1200 904 1219; x_wconf 91' lang='lat' dir='ltr'>et</span> <span class='ocrx_word' id='word_1_306' title='bbox 915 1193 1047 1226; x_wconf 76' lang='lat' dir='ltr'>tangitur,</span> <span class='ocrx_word' id='word_1_307' title='bbox 1068 1198 1093 1218; x_wconf 86' lang='lat' dir='ltr'>et</span> <span class='ocrx_word' id='word_1_308' title='bbox 1106 1193 1141 1219; x_wconf 86' lang='lat' dir='ltr'>est</span> <span class='ocrx_word' id='word_1_309' title='bbox 1155 1193 1274 1228; x_wconf 82' lang='lat' dir='ltr'>vndique</span> 
     </span>
     <span class='ocr_line' id='line_1_30' title="bbox 223 1229 1273 1269; baseline -0.006 -8"><span class='ocrx_word' id='word_1_310' title='bbox 223 1240 385 1269; x_wconf 63' lang='lat' dir='ltr'>corporatus</span> <span class='ocrx_word' id='word_1_311' title='bbox 458 1231 588 1257; x_wconf 86' lang='lat' dir='ltr'>Firmicus</span> <span class='ocrx_word' id='word_1_312' title='bbox 603 1240 630 1263; x_wconf 80' lang='lat'>4,</span> <span class='ocrx_word' id='word_1_313' title='bbox 647 1239 670 1262; x_wconf 83' lang='grc'>13</span> <span class='ocrx_word' id='word_1_314' title='bbox 705 1230 779 1256; x_wconf 81' lang='lat' dir='ltr'>Luna</span> <span class='ocrx_word' id='word_1_315' title='bbox 800 1229 864 1256; x_wconf 80' lang='lat' dir='ltr'>facit</span> <span class='ocrx_word' id='word_1_316' title='bbox 885 1229 1007 1255; x_wconf 85' lang='lat' dir='ltr'>homines</span> <span class='ocrx_word' id='word_1_317' title='bbox 1026 1237 1135 1263; x_wconf 77' lang='lat' dir='ltr'>magnos</span> <span class='ocrx_word' id='word_1_318' title='bbox 1148 1238 1273 1263; x_wconf 84' lang='lat' dir='ltr'>corpore,</span> 
     </span>
    </p>
   </div>
   <div class='ocr_carea' id='block_1_9' title="bbox 220 1265 1313 1301">
    <p class='ocr_par' dir='ltr' id='par_1_11' title="bbox 220 1265 1313 1301">
     <span class='ocr_line' id='line_1_31' title="bbox 220 1265 1313 1301; baseline -0.005 -5"><span class='ocrx_word' id='word_1_319' title='bbox 220 1271 265 1297; x_wconf 81' lang='lat' dir='ltr'>sed</span> <span class='ocrx_word' id='word_1_320' title='bbox 280 1276 367 1296; x_wconf 84' lang='lat' dir='ltr'>tamen</span> <span class='ocrx_word' id='word_1_321' title='bbox 380 1276 474 1301; x_wconf 87' lang='lat' dir='ltr'>corpus</span> <span class='ocrx_word' id='word_1_322' title='bbox 486 1268 545 1293; x_wconf 89' lang='lat' dir='ltr'>satis</span> <span class='ocrx_word' id='word_1_323' title='bbox 560 1266 793 1301; x_wconf 88' lang='lat' dir='ltr'>proportionatum</span> <span class='ocrx_word' id='word_1_324' title='bbox 809 1274 858 1299; x_wconf 89' lang='lat' dir='ltr'>pro</span> <span class='ocrx_word' id='word_1_325' title='bbox 872 1265 911 1291; x_wconf 89' lang='lat' dir='ltr'>sui</span> <span class='ocrx_word' id='word_1_326' title='bbox 926 1265 1054 1299; x_wconf 77' lang='lat' dir='ltr'>qualitate</span> <span class='ocrx_word' id='word_1_327' title='bbox 1067 1266 1194 1291; x_wconf 75' lang='lat' dir='ltr'>decernit.</span> <span class='ocrx_word' id='word_1_328' title='bbox 1210 1266 1313 1297; x_wconf 78' lang='lat' dir='ltr'>facit30</span> 
     </span>
    </p>
   </div>
   <div class='ocr_carea' id='block_1_10' title="bbox 218 1300 1274 1446">
    <p class='ocr_par' dir='ltr' id='par_1_12' title="bbox 218 1300 1274 1446">
     <span class='ocr_line' id='line_1_32' title="bbox 220 1300 1272 1338; baseline -0.004 -7"><span class='ocrx_word' id='word_1_329' title='bbox 220 1307 293 1332; x_wconf 83' lang='lat' dir='ltr'>enim</span> <span class='ocrx_word' id='word_1_330' title='bbox 324 1310 493 1338; x_wconf 76' lang='lat' dir='ltr'>corporatOS,</span> <span class='ocrx_word' id='word_1_331' title='bbox 513 1303 556 1328; x_wconf 87' lang='lat' dir='ltr'>sed</span> <span class='ocrx_word' id='word_1_332' title='bbox 581 1311 647 1337; x_wconf 84' lang='lat' dir='ltr'>quos</span> <span class='ocrx_word' id='word_1_333' title='bbox 672 1301 780 1328; x_wconf 87' lang='lat' dir='ltr'>honesta</span> <span class='ocrx_word' id='word_1_334' title='bbox 805 1301 925 1335; x_wconf 81' lang='lat' dir='ltr'>corporis</span> <span class='ocrx_word' id='word_1_335' title='bbox 950 1300 1121 1334; x_wconf 81' lang='lat' dir='ltr'>pulchritudo</span> <span class='ocrx_word' id='word_1_336' title='bbox 1144 1301 1272 1328; x_wconf 79' lang='lat' dir='ltr'>venustet.</span> 
     </span>
     <span class='ocr_line' id='line_1_33' title="bbox 225 1336 1274 1372; baseline -0.004 -5"><span class='ocrx_word' id='word_1_337' title='bbox 225 1341 283 1369; x_wconf 78' lang='lat' dir='ltr'>Vitl.</span> <span class='ocrx_word' id='word_1_338' title='bbox 297 1339 385 1366; x_wconf 82' lang='lat' dir='ltr'>Barth.</span> <span class='ocrx_word' id='word_1_339' title='bbox 401 1339 509 1365; x_wconf 82' lang='lat' dir='ltr'>Aduers.</span> <span class='ocrx_word' id='word_1_340' title='bbox 526 1340 566 1371; x_wconf 73' lang='lat'>56,</span> <span class='ocrx_word' id='word_1_341' title='bbox 581 1346 616 1372; x_wconf 85' lang='lat'>17.</span> <span class='ocrx_word' id='word_1_342' title='bbox 689 1338 838 1372; x_wconf 87' lang='lat' dir='ltr'>Corporata</span> <span class='ocrx_word' id='word_1_343' title='bbox 852 1346 940 1363; x_wconf 73' lang='lat' dir='ltr'>reruni</span> <span class='ocrx_word' id='word_1_344' title='bbox 957 1336 1137 1371; x_wconf 83' lang='lat' dir='ltr'>inaequalium</span> <span class='ocrx_word' id='word_1_345' title='bbox 1154 1337 1274 1364; x_wconf 82' lang='lat' dir='ltr'>multitu-</span> 
     </span>
     <span class='ocr_line' id='line_1_34' title="bbox 218 1372 1273 1409; baseline -0.005 -6"><span class='ocrx_word' id='word_1_346' title='bbox 218 1375 254 1403; x_wconf 87' lang='lat' dir='ltr'>do</span> <span class='ocrx_word' id='word_1_347' title='bbox 269 1377 411 1402; x_wconf 78' lang='lat' dir='ltr'>concordat</span> <span class='ocrx_word' id='word_1_348' title='bbox 432 1374 510 1409; x_wconf 79' lang='lat' dir='ltr'>Apui.</span> <span class='ocrx_word' id='word_1_349' title='bbox 526 1374 558 1400; x_wconf 92' lang='lat' dir='ltr'>de</span> <span class='ocrx_word' id='word_1_350' title='bbox 573 1373 675 1401; x_wconf 84' lang='lat' dir='ltr'>Mundo</span> <span class='ocrx_word' id='word_1_351' title='bbox 690 1382 714 1408; x_wconf 88' lang='lat' dir='ltr'>p.</span> <span class='ocrx_word' id='word_1_352' title='bbox 730 1376 772 1400; x_wconf 90' lang='lat'>66.</span> <span class='ocrx_word' id='word_1_353' title='bbox 844 1374 868 1400; x_wconf 85' lang='lat' dir='ltr'>Is</span> <span class='ocrx_word' id='word_1_354' title='bbox 883 1379 1038 1406; x_wconf 74' lang='lat' dir='ltr'>corporatus</span> <span class='ocrx_word' id='word_1_355' title='bbox 1052 1372 1087 1398; x_wconf 84' lang='lat' dir='ltr'>est</span> <span class='ocrx_word' id='word_1_356' title='bbox 1102 1379 1126 1398; x_wconf 89' lang='lat' dir='ltr'>ct</span> <span class='ocrx_word' id='word_1_357' title='bbox 1140 1373 1209 1399; x_wconf 83' lang='lat' dir='ltr'>veste</span> <span class='ocrx_word' id='word_1_358' title='bbox 1219 1382 1273 1399; x_wconf 87' lang='lat' dir='ltr'>car-</span> 
     </span>
     <span class='ocr_line' id='line_1_35' title="bbox 218 1406 1273 1446; baseline -0.004 -7"><span class='ocrx_word' id='word_1_359' title='bbox 218 1413 259 1438; x_wconf 87' lang='lat' dir='ltr'>nis</span> <span class='ocrx_word' id='word_1_360' title='bbox 272 1412 380 1439; x_wconf 84' lang='lat' dir='ltr'>indutus</span> <span class='ocrx_word' id='word_1_361' title='bbox 399 1410 516 1437; x_wconf 63' lang='lat' dir='ltr'>Laetam.</span> <span class='ocrx_word' id='word_1_362' title='bbox 533 1420 558 1444; x_wconf 82' lang='grc'>4,</span> <span class='ocrx_word' id='word_1_363' title='bbox 574 1412 610 1436; x_wconf 86' lang='grc'>16.</span> <span class='ocrx_word' id='word_1_364' title='bbox 810 1406 830 1446; x_wconf 61' lang='lat' dir='ltr'>fl</span> <span class='ocrx_word' id='word_1_365' title='bbox 856 1418 867 1435; x_wconf 90' lang='lat'>2</span> <span class='ocrx_word' id='word_1_366' title='bbox 904 1409 1063 1444; x_wconf 81' lang='lat' dir='ltr'>Corporati‚</span> <span class='ocrx_word' id='word_1_367' title='bbox 1084 1408 1208 1445; x_wconf 72' lang='lat' dir='ltr'>Collegae,</span> <span class='ocrx_word' id='word_1_368' title='bbox 1229 1412 1273 1444; x_wconf 82' lang='lat' dir='ltr'>qui</span> 
     </span>
    </p>
   </div>
   <div class='ocr_carea' id='block_1_11' title="bbox 215 1444 1309 1484">
    <p class='ocr_par' dir='ltr' id='par_1_13' title="bbox 215 1444 1309 1484">
     <span class='ocr_line' id='line_1_36' title="bbox 215 1444 1309 1484; baseline -0.004 -10"><span class='ocrx_word' id='word_1_369' title='bbox 215 1447 323 1475; x_wconf 72' lang='lat' dir='ltr'>eiusdem</span> <span class='ocrx_word' id='word_1_370' title='bbox 338 1448 471 1484; x_wconf 59' lang='lat' dir='ltr'>fiir-ieratis</span> <span class='ocrx_word' id='word_1_371' title='bbox 484 1447 547 1482; x_wconf 78' lang='lat' dir='ltr'>sum</span> <span class='ocrx_word' id='word_1_372' title='bbox 568 1452 591 1471; x_wconf 78' lang='lat' dir='ltr'>et</span> <span class='ocrx_word' id='word_1_373' title='bbox 614 1448 736 1480; x_wconf 78' lang='lat' dir='ltr'>corporis.</span> <span class='ocrx_word' id='word_1_374' title='bbox 774 1446 857 1479; x_wconf 84' lang='lat' dir='ltr'>lmpp.</span> <span class='ocrx_word' id='word_1_375' title='bbox 874 1444 890 1470; x_wconf 76' lang='lat' dir='ltr'>l&#39;.</span> <span class='ocrx_word' id='word_1_376' title='bbox 906 1445 971 1471; x_wconf 86' lang='lat' dir='ltr'>Non</span> <span class='ocrx_word' id='word_1_377' title='bbox 987 1444 1073 1478; x_wconf 86' lang='lat' dir='ltr'>plures</span> <span class='ocrx_word' id='word_1_378' title='bbox 1088 1445 1119 1471; x_wconf 91' lang='lat' dir='ltr'>C.</span> <span class='ocrx_word' id='word_1_379' title='bbox 1134 1445 1166 1471; x_wconf 90' lang='lat' dir='ltr'>de</span> <span class='ocrx_word' id='word_1_380' title='bbox 1179 1445 1271 1471; x_wconf 85' lang='lat' dir='ltr'>sacros.</span> <span class='ocrx_word' id='word_1_381' title='bbox 1283 1452 1309 1478; x_wconf 78' lang='lat'>35</span> 
     </span>
    </p>
   </div>
   <div class='ocr_carea' id='block_1_12' title="bbox 216 1480 1273 1623">
    <p class='ocr_par' dir='ltr' id='par_1_14' title="bbox 216 1480 1272 1590">
     <span class='ocr_line' id='line_1_37' title="bbox 217 1480 1272 1516; baseline -0.003 -6"><span class='ocrx_word' id='word_1_382' title='bbox 217 1484 307 1510; x_wconf 86' lang='lat' dir='ltr'>eccles.</span> <span class='ocrx_word' id='word_1_383' title='bbox 344 1483 422 1510; x_wconf 88' lang='lat' dir='ltr'>Nulli</span> <span class='ocrx_word' id='word_1_384' title='bbox 435 1482 481 1508; x_wconf 88' lang='lat' dir='ltr'>alii</span> <span class='ocrx_word' id='word_1_385' title='bbox 496 1488 717 1516; x_wconf 87' lang='lat' dir='ltr'>corporatorum,</span> <span class='ocrx_word' id='word_1_386' title='bbox 739 1487 842 1515; x_wconf 82' lang='lat' dir='ltr'>practer</span> <span class='ocrx_word' id='word_1_387' title='bbox 856 1480 956 1506; x_wconf 46' lang='lat' dir='ltr'>dicium</span> <span class='ocrx_word' id='word_1_388' title='bbox 969 1489 1107 1507; x_wconf 83' lang='lat' dir='ltr'>numerum</span> <span class='ocrx_word' id='word_1_389' title='bbox 1125 1490 1172 1514; x_wconf 90' lang='lat' dir='ltr'>per</span> <span class='ocrx_word' id='word_1_390' title='bbox 1185 1487 1272 1514; x_wconf 89' lang='lat' dir='ltr'>patro-</span> 
     </span>
     <span class='ocr_line' id='line_1_38' title="bbox 218 1516 1272 1553; baseline -0.004 -7"><span class='ocrx_word' id='word_1_391' title='bbox 218 1520 288 1546; x_wconf 86' lang='lat' dir='ltr'>cinia</span> <span class='ocrx_word' id='word_1_392' title='bbox 302 1519 471 1545; x_wconf 84' lang='lat' dir='ltr'>immunitate</span> <span class='ocrx_word' id='word_1_393' title='bbox 485 1518 607 1544; x_wconf 73' lang='lat' dir='ltr'>concess&#39;a.</span> <span class='ocrx_word' id='word_1_394' title='bbox 621 1517 672 1543; x_wconf 89' lang='lat' dir='ltr'>iul.</span> <span class='ocrx_word' id='word_1_395' title='bbox 687 1518 743 1550; x_wconf 76' lang='lat' dir='ltr'>Qu</span> <span class='ocrx_word' id='word_1_396' title='bbox 755 1516 802 1553; x_wconf 81' lang='lat' dir='ltr'>sub</span> <span class='ocrx_word' id='word_1_397' title='bbox 811 1516 869 1542; x_wconf 85' lang='lat' dir='ltr'>eod.</span> <span class='ocrx_word' id='word_1_398' title='bbox 877 1516 917 1542; x_wconf 89' lang='lat' dir='ltr'>tit.</span> <span class='ocrx_word' id='word_1_399' title='bbox 939 1516 1101 1551; x_wconf 82' lang='lat' dir='ltr'>Collegiatos</span> <span class='ocrx_word' id='word_1_400' title='bbox 1109 1516 1217 1543; x_wconf 84' lang='lat' dir='ltr'>cosdem</span> <span class='ocrx_word' id='word_1_401' title='bbox 1230 1526 1272 1551; x_wconf 82' lang='lat' dir='ltr'>ap-</span> 
     </span>
     <span class='ocr_line' id='line_1_39' title="bbox 216 1555 544 1590; baseline -0.009 -8"><span class='ocrx_word' id='word_1_402' title='bbox 216 1555 324 1590; x_wconf 85' lang='lat' dir='ltr'>pellant.</span> <span class='ocrx_word' id='word_1_403' title='bbox 363 1556 544 1581; x_wconf 84' lang='lat' dir='ltr'>Hotomamzus.</span> 
     </span>
    </p>

    <p class='ocr_par' dir='ltr' id='par_1_15' title="bbox 255 1586 1273 1623">
     <span class='ocr_line' id='line_1_40' title="bbox 255 1586 1273 1623; baseline -0.004 -5"><span class='ocrx_word' id='word_1_404' title='bbox 255 1598 273 1618; x_wconf 91' lang='lat' dir='ltr'>C</span> <span class='ocrx_word' id='word_1_405' title='bbox 284 1598 303 1617; x_wconf 89' lang='lat' dir='ltr'>O</span> <span class='ocrx_word' id='word_1_406' title='bbox 313 1598 331 1617; x_wconf 88' lang='lat' dir='ltr'>R</span> <span class='ocrx_word' id='word_1_407' title='bbox 341 1597 356 1617; x_wconf 85' lang='lat' dir='ltr'>P</span> <span class='ocrx_word' id='word_1_408' title='bbox 367 1597 388 1617; x_wconf 90' lang='lat'>0</span> <span class='ocrx_word' id='word_1_409' title='bbox 399 1597 417 1616; x_wconf 86' lang='lat' dir='ltr'>R</span> <span class='ocrx_word' id='word_1_410' title='bbox 426 1597 446 1616; x_wconf 81' lang='grc' dir='ltr'>Α</span> <span class='ocrx_word' id='word_1_411' title='bbox 456 1596 477 1614; x_wconf 86' lang='grc' dir='ltr'>Τ</span> <span class='ocrx_word' id='word_1_412' title='bbox 486 1591 505 1614; x_wconf 66' lang='lat'>1’*</span> <span class='ocrx_word' id='word_1_413' title='bbox 515 1596 533 1615; x_wconf 77' lang='lat' dir='ltr'>R</span> <span class='ocrx_word' id='word_1_414' title='bbox 542 1595 562 1615; x_wconf 80' lang='grc' dir='ltr'>Α</span> <span class='ocrx_word' id='word_1_415' title='bbox 571 1608 579 1619; x_wconf 84' lang='grc'><strong>,</strong></span> <span class='ocrx_word' id='word_1_416' title='bbox 599 1596 636 1614; x_wconf 84' lang='lat' dir='ltr'>ae.</span> <span class='ocrx_word' id='word_1_417' title='bbox 659 1587 678 1613; x_wconf 91' lang='lat' dir='ltr'>f.</span> <span class='ocrx_word' id='word_1_418' title='bbox 717 1586 901 1621; x_wconf 61' lang='grc' dir='ltr'>[σωμάτωσις]</span> <span class='ocrx_word' id='word_1_419' title='bbox 938 1587 1070 1614; x_wconf 88' lang='lat' dir='ltr'>Columel.</span> <span class='ocrx_word' id='word_1_420' title='bbox 1086 1589 1110 1617; x_wconf 82' lang='lat'>6,</span> <span class='ocrx_word' id='word_1_421' title='bbox 1125 1587 1195 1623; x_wconf 82' lang='lat' dir='ltr'>zfin.</span> <span class='ocrx_word' id='word_1_422' title='bbox 1216 1589 1273 1614; x_wconf 82' lang='lat' dir='ltr'>Hu-</span> 
     </span>
    </p>
   </div>
   <div class='ocr_carea' id='block_1_13' title="bbox 1305 547 1486 581">
    <p class='ocr_par' dir='ltr' id='par_1_16' title="bbox 1305 547 1486 581">
     <span class='ocr_line' id='line_1_41' title="bbox 1305 547 1486 581; baseline 0.006 -9"><span class='ocrx_word' id='word_1_423' title='bbox 1305 558 1334 576; x_wconf 69' lang='grc' dir='ltr'>ιο</span> <span class='ocrx_word' id='word_1_424' title='bbox 1345 547 1396 572; x_wconf 78' lang='lat' dir='ltr'>Att.</span> <span class='ocrx_word' id='word_1_425' title='bbox 1412 550 1451 580; x_wconf 78' lang='lat'>16,</span> <span class='ocrx_word' id='word_1_426' title='bbox 1465 556 1486 581; x_wconf 81' lang='grc' dir='ltr'>ς.</span> 
     </span>
    </p>
   </div>
   <div class='ocr_carea' id='block_1_14' title="bbox 372 903 2030 944">
    <p class='ocr_par' dir='ltr' id='par_1_17' title="bbox 372 903 2030 944">
     <span class='ocr_line' id='line_1_42' title="bbox 372 903 2030 944; baseline -0.001 -6"><span class='ocrx_word' id='word_1_427' title='bbox 372 911 489 938; x_wconf 58' lang='lat' dir='ltr'>Laetam.</span> <span class='ocrx_word' id='word_1_428' title='bbox 504 920 563 944; x_wconf 87' lang='lat'>2,9,</span> <span class='ocrx_word' id='word_1_429' title='bbox 579 920 605 937; x_wconf 84' lang='lat'>21</span> <span class='ocrx_word' id='word_1_430' title='bbox 623 910 702 943; x_wconf 79' lang='lat' dir='ltr'>Qod</span> <span class='ocrx_word' id='word_1_431' title='bbox 717 910 786 936; x_wconf 89' lang='lat' dir='ltr'>fetus</span> <span class='ocrx_word' id='word_1_432' title='bbox 800 908 974 935; x_wconf 86' lang='lat' dir='ltr'>animantium</span> <span class='ocrx_word' id='word_1_433' title='bbox 989 906 1077 932; x_wconf 85' lang='lat' dir='ltr'>calore</span> <span class='ocrx_word' id='word_1_434' title='bbox 1089 913 1113 932; x_wconf 89' lang='lat' dir='ltr'>at</span> <span class='ocrx_word' id='word_1_435' title='bbox 1136 915 1168 931; x_wconf 92' lang='lat' dir='ltr'>ue</span> <span class='ocrx_word' id='word_1_436' title='bbox 1182 905 1276 932; x_wconf 88' lang='lat' dir='ltr'>humo·</span> <span class='ocrx_word' id='word_1_437' title='bbox 1286 911 1320 929; x_wconf 89' lang='lat'>20</span> <span class='ocrx_word' id='word_1_438' title='bbox 1341 903 1497 937; x_wconf 74' lang='lat' dir='ltr'>corrigenda</span> <span class='ocrx_word' id='word_1_439' title='bbox 1511 905 1617 932; x_wconf 71' lang='lat' dir='ltr'>disserui</span> <span class='ocrx_word' id='word_1_440' title='bbox 1631 906 1732 932; x_wconf 80' lang='lat' dir='ltr'>Sallust.</span> <span class='ocrx_word' id='word_1_441' title='bbox 1747 907 1779 932; x_wconf 91' lang='lat' dir='ltr'>de</span> <span class='ocrx_word' id='word_1_442' title='bbox 1795 907 1858 941; x_wconf 79' lang='lat' dir='ltr'>Rep.</span> <span class='ocrx_word' id='word_1_443' title='bbox 1874 906 1938 933; x_wconf 88' lang='lat' dir='ltr'>Ord-</span> <span class='ocrx_word' id='word_1_444' title='bbox 1953 915 1978 937; x_wconf 81' lang='lat'>2,</span> <span class='ocrx_word' id='word_1_445' title='bbox 1996 912 2030 936; x_wconf 87' lang='lat'>18·</span> 
     </span>
    </p>
   </div>
   <div class='ocr_carea' id='block_1_15' title="bbox 1732 137 2013 180">
    <p class='ocr_par' dir='ltr' id='par_1_18' title="bbox 1732 137 2013 180">
     <span class='ocr_line' id='line_1_43' title="bbox 1732 137 2013 180; baseline 0.011 -3"><span class='ocrx_word' id='word_1_446' title='bbox 1732 137 1765 177; x_wconf 97' lang='lat' dir='ltr'>C</span> <span class='ocrx_word' id='word_1_447' title='bbox 1855 138 1892 179; x_wconf 73' lang='lat' dir='ltr'>C)</span> <span class='ocrx_word' id='word_1_448' title='bbox 1981 139 2013 180; x_wconf 94' lang='lat' dir='ltr'><strong>R</strong></span> 
     </span>
    </p>
   </div>
   <div class='ocr_carea' id='block_1_16' title="bbox 1340 226 2403 656">
    <p class='ocr_par' dir='ltr' id='par_1_19' title="bbox 1340 226 2380 299">
     <span class='ocr_line' id='line_1_44' title="bbox 1340 226 2380 268; baseline 0.011 -17"><span class='ocrx_word' id='word_1_449' title='bbox 1340 226 1498 265; x_wconf 80' lang='lat' dir='ltr'>Corrigere,</span> <span class='ocrx_word' id='word_1_450' title='bbox 1516 233 1561 262; x_wconf 60' lang='lat' dir='ltr'>per</span> <span class='ocrx_word' id='word_1_451' title='bbox 1574 230 1778 261; x_wconf 71' lang='lat' dir='ltr'>trantlationem,</span> <span class='ocrx_word' id='word_1_452' title='bbox 1789 235 1837 264; x_wconf 81' lang='lat' dir='ltr'>pro</span> <span class='ocrx_word' id='word_1_453' title='bbox 1851 228 1976 255; x_wconf 64' lang='lat' dir='ltr'>emendare</span> <span class='ocrx_word' id='word_1_454' title='bbox 1986 233 2091 264; x_wconf 77' lang='lat' dir='ltr'>ponitur</span> <span class='ocrx_word' id='word_1_455' title='bbox 2103 230 2246 268; x_wconf 72' lang='lat' dir='ltr'>Con-igere</span> <span class='ocrx_word' id='word_1_456' title='bbox 2259 234 2380 264; x_wconf 79' lang='lat' dir='ltr'>mendum</span> 
     </span>
     <span class='ocr_line' id='line_1_45' title="bbox 1341 263 2060 299; baseline 0.004 -11"><span class='ocrx_word' id='word_1_457' title='bbox 1341 263 1397 288; x_wconf 76' lang='lat' dir='ltr'>Cic.</span> <span class='ocrx_word' id='word_1_458' title='bbox 1413 263 1488 288; x_wconf 82' lang='lat' dir='ltr'>Verr.</span> <span class='ocrx_word' id='word_1_459' title='bbox 1504 271 1529 293; x_wconf 86' lang='lat'>2,</span> <span class='ocrx_word' id='word_1_460' title='bbox 1545 272 1592 295; x_wconf 81' lang='lat'>104</span> <span class='ocrx_word' id='word_1_461' title='bbox 1613 273 1635 290; x_wconf 93' lang='lat' dir='ltr'>c.</span> <span class='ocrx_word' id='word_1_462' title='bbox 1649 273 1690 297; x_wconf 85' lang='lat'>42.</span> <span class='ocrx_word' id='word_1_463' title='bbox 1743 265 1812 291; x_wconf 86' lang='lat' dir='ltr'>Ter.</span> <span class='ocrx_word' id='word_1_464' title='bbox 1827 264 1937 299; x_wconf 72' lang='lat' dir='ltr'>Adelph.</span> <span class='ocrx_word' id='word_1_465' title='bbox 1951 274 1976 298; x_wconf 84' lang='lat'>4,</span> <span class='ocrx_word' id='word_1_466' title='bbox 1991 273 2018 299; x_wconf 88' lang='lat'>7,</span> <span class='ocrx_word' id='word_1_467' title='bbox 2032 273 2060 296; x_wconf 82' lang='lat'>23</span> 
     </span>
    </p>

    <p class='ocr_par' dir='ltr' id='par_1_20' title="bbox 1498 299 2224 338">
     <span class='ocr_line' id='line_1_46' title="bbox 1498 299 2224 338; baseline 0.01 -15"><span class='ocrx_word' id='word_1_468' title='bbox 1498 299 1537 324; x_wconf 86' lang='lat' dir='ltr'>Ita</span> <span class='ocrx_word' id='word_1_469' title='bbox 1548 299 1610 338; x_wconf 72' lang='lat' dir='ltr'>¹vita</span> <span class='ocrx_word' id='word_1_470' title='bbox 1627 299 1662 325; x_wconf 87' lang='lat' dir='ltr'>est</span> <span class='ocrx_word' id='word_1_471' title='bbox 1679 301 1836 333; x_wconf 89' lang='lat' dir='ltr'>hominum,</span> <span class='ocrx_word' id='word_1_472' title='bbox 1853 300 1923 335; x_wconf 83' lang='lat' dir='ltr'>quali</span> <span class='ocrx_word' id='word_1_473' title='bbox 1941 309 2001 326; x_wconf 87' lang='lat' dir='ltr'>cum</span> <span class='ocrx_word' id='word_1_474' title='bbox 2021 300 2093 326; x_wconf 86' lang='lat' dir='ltr'>ludas</span> <span class='ocrx_word' id='word_1_475' title='bbox 2109 303 2224 334; x_wconf 81' lang='lat' dir='ltr'>tesseris3</span> 
     </span>
    </p>

    <p class='ocr_par' dir='ltr' id='par_1_21' title="bbox 1499 333 2236 371">
     <span class='ocr_line' id='line_1_47' title="bbox 1499 333 2236 371; baseline 0.007 -12"><span class='ocrx_word' id='word_1_476' title='bbox 1499 334 1526 359; x_wconf 86' lang='lat' dir='ltr'>Si</span> <span class='ocrx_word' id='word_1_477' title='bbox 1546 333 1587 366; x_wconf 81' lang='lat' dir='ltr'>id,</span> <span class='ocrx_word' id='word_1_478' title='bbox 1610 334 1683 368; x_wconf 88' lang='lat' dir='ltr'>quod</span> <span class='ocrx_word' id='word_1_479' title='bbox 1700 337 1816 363; x_wconf 82' lang='lat' dir='ltr'>maxime</span> <span class='ocrx_word' id='word_1_480' title='bbox 1832 346 1899 371; x_wconf 87' lang='lat' dir='ltr'>opus</span> <span class='ocrx_word' id='word_1_481' title='bbox 1919 336 1954 362; x_wconf 88' lang='lat' dir='ltr'>est</span> <span class='ocrx_word' id='word_1_482' title='bbox 1973 335 2059 369; x_wconf 63' lang='lat' dir='ltr'>iactu,</span> <span class='ocrx_word' id='word_1_483' title='bbox 2079 345 2133 363; x_wconf 84' lang='lat' dir='ltr'>non</span> <span class='ocrx_word' id='word_1_484' title='bbox 2150 338 2236 371; x_wconf 85' lang='lat' dir='ltr'>cadit,</span> 
     </span>
    </p>

    <p class='ocr_par' dir='ltr' id='par_1_22' title="bbox 1341 369 2403 621">
     <span class='ocr_line' id='line_1_48' title="bbox 1414 369 2238 407; baseline 0.006 -13"><span class='ocrx_word' id='word_1_485' title='bbox 1414 403 1419 407; x_wconf 22' lang='grc' dir='ltr'><em>ῃ</em></span> <span class='ocrx_word' id='word_1_486' title='bbox 1502 369 1590 401; x_wconf 81' lang='lat' dir='ltr'>Illud,</span> <span class='ocrx_word' id='word_1_487' title='bbox 1611 369 1684 404; x_wconf 86' lang='lat' dir='ltr'>quod</span> <span class='ocrx_word' id='word_1_488' title='bbox 1705 371 1799 399; x_wconf 88' lang='lat' dir='ltr'>cecidit</span> <span class='ocrx_word' id='word_1_489' title='bbox 1819 373 1906 404; x_wconf 86' lang='lat' dir='ltr'>forte,</span> <span class='ocrx_word' id='word_1_490' title='bbox 1930 371 1957 397; x_wconf 92' lang='lat' dir='ltr'>id</span> <span class='ocrx_word' id='word_1_491' title='bbox 1974 378 2046 404; x_wconf 86' lang='lat' dir='ltr'>arte,</span> <span class='ocrx_word' id='word_1_492' title='bbox 2067 379 2095 398; x_wconf 89' lang='lat' dir='ltr'>vt</span> <span class='ocrx_word' id='word_1_493' title='bbox 2113 373 2238 407; x_wconf 78' lang='lat' dir='ltr'>corrigas.</span> 
     </span>
     <span class='ocr_line' id='line_1_49' title="bbox 1341 402 2382 445; baseline 0.006 -16"><span class='ocrx_word' id='word_1_494' title='bbox 1341 402 1485 445; x_wconf 72' lang='lat' dir='ltr'>Corrigere</span> <span class='ocrx_word' id='word_1_495' title='bbox 1499 403 1527 430; x_wconf 55' lang='lat' dir='ltr'>et</span> <span class='ocrx_word' id='word_1_496' title='bbox 1548 407 1670 431; x_wconf 73' lang='lat' dir='ltr'>coercere</span> <span class='ocrx_word' id='word_1_497' title='bbox 1691 407 1832 441; x_wconf 87' lang='lat' dir='ltr'>praesentia</span> <span class='ocrx_word' id='word_1_498' title='bbox 1846 408 1977 435; x_wconf 86' lang='lat' dir='ltr'>exercitus</span> <span class='ocrx_word' id='word_1_499' title='bbox 1997 408 2052 433; x_wconf 86' lang='lat' dir='ltr'>Cic.</span> <span class='ocrx_word' id='word_1_500' title='bbox 2068 408 2138 434; x_wconf 85' lang='lat' dir='ltr'>Fam.</span> <span class='ocrx_word' id='word_1_501' title='bbox 2153 417 2191 441; x_wconf 84' lang='lat'>10,</span> <span class='ocrx_word' id='word_1_502' title='bbox 2205 416 2239 441; x_wconf 80' lang='lat'>¹3-</span> <span class='ocrx_word' id='word_1_503' title='bbox 2311 409 2382 438; x_wconf 78' lang='lat' dir='ltr'>Idem</span> 
     </span>
     <span class='ocr_line' id='line_1_50' title="bbox 1344 438 2403 477; baseline 0.006 -13"><span class='ocrx_word' id='word_1_504' title='bbox 1344 438 1376 464; x_wconf 85' lang='lat' dir='ltr'>de</span> <span class='ocrx_word' id='word_1_505' title='bbox 1391 439 1447 465; x_wconf 68' lang='lat' dir='ltr'>rm.</span> <span class='ocrx_word' id='word_1_506' title='bbox 1461 449 1481 472; x_wconf 87' lang='lat'>1,</span> <span class='ocrx_word' id='word_1_507' title='bbox 1494 448 1522 475; x_wconf 85' lang='lat'>¹7</span> <span class='ocrx_word' id='word_1_508' title='bbox 1544 442 1578 466; x_wconf 91' lang='lat' dir='ltr'>Vt</span> <span class='ocrx_word' id='word_1_509' title='bbox 1596 449 1641 473; x_wconf 88' lang='lat' dir='ltr'>ea,</span> <span class='ocrx_word' id='word_1_510' title='bbox 1660 449 1726 475; x_wconf 89' lang='lat' dir='ltr'>quae</span> <span class='ocrx_word' id='word_1_511' title='bbox 1746 443 1878 477; x_wconf 79' lang='lat' dir='ltr'>corrigere</span> <span class='ocrx_word' id='word_1_512' title='bbox 1891 444 1963 473; x_wconf 84' lang='lat' dir='ltr'>vult,</span> <span class='ocrx_word' id='word_1_513' title='bbox 1983 442 2051 469; x_wconf 87' lang='lat' dir='ltr'>mihi</span> <span class='ocrx_word' id='word_1_514' title='bbox 2066 443 2174 477; x_wconf 87' lang='lat' dir='ltr'>quidem</span> <span class='ocrx_word' id='word_1_515' title='bbox 2189 444 2331 477; x_wconf 85' lang='lat' dir='ltr'>deprauare</span> <span class='ocrx_word' id='word_1_516' title='bbox 2343 446 2381 472; x_wconf 85' lang='lat' dir='ltr'>vi.</span> <span class='ocrx_word' id='word_1_517' title='bbox 2401 448 2403 450; x_wconf 87' lang='lat'>&#39;</span> 
     </span>
     <span class='ocr_line' id='line_1_51' title="bbox 1344 474 2380 513; baseline 0.008 -14"><span class='ocrx_word' id='word_1_518' title='bbox 1344 474 1445 503; x_wconf 82' lang='lat' dir='ltr'>deatur.</span> <span class='ocrx_word' id='word_1_519' title='bbox 1529 477 1637 511; x_wconf 84' lang='lat' dir='ltr'>Corrigi</span> <span class='ocrx_word' id='word_1_520' title='bbox 1657 485 1711 502; x_wconf 91' lang='lat' dir='ltr'>non</span> <span class='ocrx_word' id='word_1_521' title='bbox 1729 478 1798 511; x_wconf 77' lang='lat' dir='ltr'>poss&#39;e</span> <span class='ocrx_word' id='word_1_522' title='bbox 1814 487 1900 513; x_wconf 88' lang='lat' dir='ltr'>neque</span> <span class='ocrx_word' id='word_1_523' title='bbox 1918 479 2008 505; x_wconf 85' lang='lat' dir='ltr'>doceri</span> <span class='ocrx_word' id='word_1_524' title='bbox 2029 478 2061 504; x_wconf 89' lang='lat' dir='ltr'>ab</span> <span class='ocrx_word' id='word_1_525' title='bbox 2081 479 2173 513; x_wconf 82' lang='lat' dir='ltr'>aliquo</span> <span class='ocrx_word' id='word_1_526' title='bbox 2189 480 2245 505; x_wconf 86' lang='lat' dir='ltr'>Cic.</span> <span class='ocrx_word' id='word_1_527' title='bbox 2266 478 2297 505; x_wconf 88' lang='lat' dir='ltr'>de</span> <span class='ocrx_word' id='word_1_528' title='bbox 2314 480 2380 510; x_wconf 82' lang='lat' dir='ltr'>Clar.</span> 
     </span>
     <span class='ocr_line' id='line_1_52' title="bbox 1344 511 2382 549; baseline 0.004 -12"><span class='ocrx_word' id='word_1_529' title='bbox 1344 511 1419 537; x_wconf 82' lang='lat' dir='ltr'>Orat.</span> <span class='ocrx_word' id='word_1_530' title='bbox 1432 520 1484 543; x_wconf 80' lang='lat'>310.</span> <span class='ocrx_word' id='word_1_531' title='bbox 1540 513 1705 547; x_wconf 85' lang='lat' dir='ltr'>Perspicere,</span> <span class='ocrx_word' id='word_1_532' title='bbox 1726 513 1873 547; x_wconf 82' lang='lat' dir='ltr'>corrigere,</span> <span class='ocrx_word' id='word_1_533' title='bbox 1891 520 1948 542; x_wconf 85' lang='lat' dir='ltr'>tum</span> <span class='ocrx_word' id='word_1_534' title='bbox 1962 515 2077 548; x_wconf 87' lang='lat' dir='ltr'>denique</span> <span class='ocrx_word' id='word_1_535' title='bbox 2091 514 2168 541; x_wconf 81' lang='lat' dir='ltr'>edere</span> <span class='ocrx_word' id='word_1_536' title='bbox 2181 514 2300 549; x_wconf 81' lang='lat' dir='ltr'>epistolas</span> <span class='ocrx_word' id='word_1_537' title='bbox 2312 515 2382 544; x_wconf 84' lang='lat' dir='ltr'>Idem</span> 
     </span>
     <span class='ocr_line' id='line_1_53' title="bbox 1557 548 2387 585; baseline 0.006 -12"><span class='ocrx_word' id='word_1_538' title='bbox 1557 548 1625 574; x_wconf 90' lang='lat' dir='ltr'>Ter.</span> <span class='ocrx_word' id='word_1_539' title='bbox 1642 548 1723 574; x_wconf 85' lang='lat' dir='ltr'>Andr.</span> <span class='ocrx_word' id='word_1_540' title='bbox 1738 557 1760 581; x_wconf 83' lang='lat'>3,</span> <span class='ocrx_word' id='word_1_541' title='bbox 1773 558 1801 582; x_wconf 84' lang='lat'>4,</span> <span class='ocrx_word' id='word_1_542' title='bbox 1816 556 1843 583; x_wconf 89' lang='lat'>17</span> <span class='ocrx_word' id='word_1_543' title='bbox 1867 550 2009 585; x_wconf 75' lang='lat' dir='ltr'>Cori-igere</span> <span class='ocrx_word' id='word_1_544' title='bbox 2027 549 2095 576; x_wconf 90' lang='lat' dir='ltr'>mihi</span> <span class='ocrx_word' id='word_1_545' title='bbox 2115 557 2221 584; x_wconf 86' lang='lat' dir='ltr'>gnatum</span> <span class='ocrx_word' id='word_1_546' title='bbox 2236 559 2315 584; x_wconf 91' lang='lat' dir='ltr'>porro</span> <span class='ocrx_word' id='word_1_547' title='bbox 2329 552 2387 585; x_wconf 51' lang='lat' dir='ltr'>eni-¹</span> 
     </span>
     <span class='ocr_line' id='line_1_54' title="bbox 1480 583 2384 621; baseline 0.006 -13"><span class='ocrx_word' id='word_1_548' title='bbox 1480 583 1560 609; x_wconf 74' lang='lat' dir='ltr'>Plaut.</span> <span class='ocrx_word' id='word_1_549' title='bbox 1576 583 1660 609; x_wconf 88' lang='lat' dir='ltr'>Trin.</span> <span class='ocrx_word' id='word_1_550' title='bbox 1675 592 1701 616; x_wconf 89' lang='lat'>1,</span> <span class='ocrx_word' id='word_1_551' title='bbox 1714 592 1739 616; x_wconf 92' lang='lat'>2,</span> <span class='ocrx_word' id='word_1_552' title='bbox 1753 589 1779 614; x_wconf 78' lang='lat'>81</span> <span class='ocrx_word' id='word_1_553' title='bbox 1805 584 1880 618; x_wconf 75' lang='lat' dir='ltr'>Quin</span> <span class='ocrx_word' id='word_1_554' title='bbox 1894 594 1958 612; x_wconf 87' lang='lat' dir='ltr'>eum</span> <span class='ocrx_word' id='word_1_555' title='bbox 1977 586 2093 613; x_wconf 81' lang='lat' dir='ltr'>restituis</span> <span class='ocrx_word' id='word_1_556' title='bbox 2107 587 2116 612; x_wconf 76' lang='lat'>3</span> <span class='ocrx_word' id='word_1_557' title='bbox 2144 587 2210 620; x_wconf 88' lang='lat' dir='ltr'>quin</span> <span class='ocrx_word' id='word_1_558' title='bbox 2230 586 2262 612; x_wconf 82' lang='lat' dir='ltr'>ad</span> <span class='ocrx_word' id='word_1_559' title='bbox 2281 586 2384 621; x_wconf 82' lang='lat' dir='ltr'>frugem</span> 
     </span>
    </p>

    <p class='ocr_par' dir='ltr' id='par_1_23' title="bbox 1575 619 2383 656">
     <span class='ocr_line' id='line_1_55' title="bbox 1575 619 2383 656; baseline 0.004 -11"><span class='ocrx_word' id='word_1_560' title='bbox 1575 619 1631 646; x_wconf 86' lang='lat' dir='ltr'>Cic.</span> <span class='ocrx_word' id='word_1_561' title='bbox 1654 628 1702 654; x_wconf 84' lang='lat' dir='ltr'>pro</span> <span class='ocrx_word' id='word_1_562' title='bbox 1722 621 1842 646; x_wconf 89' lang='lat' dir='ltr'>Muraen.</span> <span class='ocrx_word' id='word_1_563' title='bbox 1863 623 1898 646; x_wconf 88' lang='lat'>60</span> <span class='ocrx_word' id='word_1_564' title='bbox 1931 629 1952 647; x_wconf 91' lang='lat' dir='ltr'>c.</span> <span class='ocrx_word' id='word_1_565' title='bbox 1973 630 2005 654; x_wconf 86' lang='lat'>29</span> <span class='ocrx_word' id='word_1_566' title='bbox 2032 622 2066 648; x_wconf 82' lang='lat' dir='ltr'>ad</span> <span class='ocrx_word' id='word_1_567' title='bbox 2085 623 2214 654; x_wconf 77' lang='lat' dir='ltr'>Catonem,</span> <span class='ocrx_word' id='word_1_568' title='bbox 2240 622 2274 647; x_wconf 78' lang='lat' dir='ltr'>At</span> <span class='ocrx_word' id='word_1_569' title='bbox 2293 630 2340 656; x_wconf 83' lang='lat' dir='ltr'>ego</span> <span class='ocrx_word' id='word_1_570' title='bbox 2357 629 2383 650; x_wconf 83' lang='lat' dir='ltr'>te</span> 
     </span>
    </p>
   </div>
   <div class='ocr_carea' id='block_1_17' title="bbox 2290 148 2378 188">
    <p class='ocr_par' dir='ltr' id='par_1_24' title="bbox 2290 148 2378 188">
     <span class='ocr_line' id='line_1_56' title="bbox 2290 148 2378 188; baseline 0.045 -4"><span class='ocrx_word' id='word_1_571' title='bbox 2290 148 2378 188; x_wconf 83' lang='lat'>1260</span> 
     </span>
    </p>
   </div>
   <div class='ocr_carea' id='block_1_18' title="bbox 1344 589 1478 651">
    <p class='ocr_par' dir='ltr' id='par_1_25' title="bbox 1344 589 1478 651">
     <span class='ocr_line' id='line_1_57' title="bbox 1344 589 1406 608; baseline 0 0"><span class='ocrx_word' id='word_1_572' title='bbox 1344 589 1406 608; x_wconf 87' lang='lat' dir='ltr'>tere.</span> 
     </span>
     <span class='ocr_line' id='line_1_58' title="bbox 1344 618 1478 651; baseline 0 -8"><span class='ocrx_word' id='word_1_573' title='bbox 1344 618 1455 651; x_wconf 82' lang='lat' dir='ltr'>corrigis</span> <span class='ocrx_word' id='word_1_574' title='bbox 1470 619 1478 643; x_wconf 72' lang='lat'>3</span> 
     </span>
    </p>
   </div>
   <div class='ocr_carea' id='block_1_19' title="bbox 1345 648 2429 692">
    <p class='ocr_par' dir='ltr' id='par_1_26' title="bbox 1345 648 2429 692">
     <span class='ocr_line' id='line_1_59' title="bbox 1345 648 2429 692; baseline 0.007 -15"><span class='ocrx_word' id='word_1_575' title='bbox 1345 653 1474 679; x_wconf 82' lang='lat' dir='ltr'>verissime</span> <span class='ocrx_word' id='word_1_576' title='bbox 1495 648 1610 681; x_wconf 62' lang='lat' dir='ltr'>dixerim</span> <span class='ocrx_word' id='word_1_577' title='bbox 1626 655 1698 681; x_wconf 88' lang='lat' dir='ltr'>nulla</span> <span class='ocrx_word' id='word_1_578' title='bbox 1712 655 1740 681; x_wconf 91' lang='lat' dir='ltr'>in</span> <span class='ocrx_word' id='word_1_579' title='bbox 1753 665 1781 682; x_wconf 91' lang='lat' dir='ltr'>re</span> <span class='ocrx_word' id='word_1_580' title='bbox 1801 657 1849 682; x_wconf 85' lang='lat' dir='ltr'>esse</span> <span class='ocrx_word' id='word_1_581' title='bbox 1870 655 2039 690; x_wconf 80' lang='lat' dir='ltr'>huiusmodi,</span> <span class='ocrx_word' id='word_1_582' title='bbox 2059 664 2086 684; x_wconf 92' lang='lat' dir='ltr'>vt</span> <span class='ocrx_word' id='word_1_583' title='bbox 2102 657 2275 691; x_wconf 85' lang='lat' dir='ltr'>corrigendus</span> <span class='ocrx_word' id='word_1_584' title='bbox 2288 658 2383 692; x_wconf 77' lang='lat' dir='ltr'>poti-us,</span> <span class='ocrx_word' id='word_1_585' title='bbox 2427 683 2429 692; x_wconf 38' lang='grc' dir='ltr'>ί</span> 
     </span>
    </p>
   </div>
   <div class='ocr_carea' id='block_1_20' title="bbox 1341 689 2385 906">
    <p class='ocr_par' dir='ltr' id='par_1_27' title="bbox 1341 689 2385 869">
     <span class='ocr_line' id='line_1_60' title="bbox 1343 689 2385 727; baseline 0.007 -14"><span class='ocrx_word' id='word_1_586' title='bbox 1343 697 1422 722; x_wconf 81' lang='lat' dir='ltr'>quain</span> <span class='ocrx_word' id='word_1_587' title='bbox 1442 689 1538 715; x_wconf 84' lang='lat' dir='ltr'>leuiter</span> <span class='ocrx_word' id='word_1_588' title='bbox 1555 690 1729 717; x_wconf 67' lang='lat' dir='ltr'>infictftendus</span> <span class='ocrx_word' id='word_1_589' title='bbox 1743 693 1791 718; x_wconf 78' lang='lat' dir='ltr'>effe</span> <span class='ocrx_word' id='word_1_590' title='bbox 1803 691 1927 718; x_wconf 80' lang='lat' dir='ltr'>videaris.</span> <span class='ocrx_word' id='word_1_591' title='bbox 1978 692 2157 727; x_wconf 81' lang='lat' dir='ltr'>Corriguntur</span> <span class='ocrx_word' id='word_1_592' title='bbox 2168 696 2285 720; x_wconf 79' lang='lat' dir='ltr'>nimirum</span> <span class='ocrx_word' id='word_1_593' title='bbox 2298 700 2385 727; x_wconf 77' lang='lat' dir='ltr'>praua,</span> 
     </span>
     <span class='ocr_line' id='line_1_61' title="bbox 1341 759 2181 800; baseline 0.007 -15"><span class='ocrx_word' id='word_1_594' title='bbox 1341 765 1381 785; x_wconf 81' lang='lat' dir='ltr'>ter</span> <span class='ocrx_word' id='word_1_595' title='bbox 1403 759 1436 800; x_wconf 83' lang='lat' dir='ltr'>ab</span> <span class='ocrx_word' id='word_1_596' title='bbox 1454 761 1509 787; x_wconf 88' lang='lat' dir='ltr'>alio</span> <span class='ocrx_word' id='word_1_597' title='bbox 1530 763 1667 795; x_wconf 89' lang='lat' dir='ltr'>prouisum</span> <span class='ocrx_word' id='word_1_598' title='bbox 1681 762 1733 796; x_wconf 83' lang='lat' dir='ltr'>est,</span> <span class='ocrx_word' id='word_1_599' title='bbox 1753 763 1889 797; x_wconf 83' lang='lat' dir='ltr'>corrigere</span> <span class='ocrx_word' id='word_1_600' title='bbox 1908 763 1964 790; x_wconf 84' lang='lat' dir='ltr'>Cic.</span> <span class='ocrx_word' id='word_1_601' title='bbox 1978 765 2012 796; x_wconf 80' lang='lat' dir='ltr'>Q.</span> <span class='ocrx_word' id='word_1_602' title='bbox 2032 764 2114 791; x_wconf 82' lang='lat' dir='ltr'>Fratr.</span> <span class='ocrx_word' id='word_1_603' title='bbox 2130 774 2149 797; x_wconf 91' lang='lat'>1,</span> <span class='ocrx_word' id='word_1_604' title='bbox 2162 774 2181 791; x_wconf 86' lang='lat'>1.</span> 
     </span>
     <span class='ocr_line' id='line_1_62' title="bbox 1343 798 1692 830; baseline 0.014 -10"><span class='ocrx_word' id='word_1_605' title='bbox 1343 804 1491 830; x_wconf 71' lang='lat' dir='ltr'>corrigere,</span> <span class='ocrx_word' id='word_1_606' title='bbox 1518 798 1571 823; x_wconf 67' lang='lat' dir='ltr'>val.</span> <span class='ocrx_word' id='word_1_607' title='bbox 1593 805 1692 825; x_wconf 72' lang='lat' dir='ltr'>LIBER.</span> 
     </span>
     <span class='ocr_line' id='line_1_63' title="bbox 1344 831 2141 869; baseline 0.006 -13"><span class='ocrx_word' id='word_1_608' title='bbox 1344 831 1527 867; x_wconf 80' lang='lat' dir='ltr'>Nosmctipsos</span> <span class='ocrx_word' id='word_1_609' title='bbox 1546 834 1616 868; x_wconf 81' lang='lat' dir='ltr'>quali</span> <span class='ocrx_word' id='word_1_610' title='bbox 1635 833 1854 869; x_wconf 83' lang='lat' dir='ltr'>reprehendentes</span> <span class='ocrx_word' id='word_1_611' title='bbox 1874 835 1930 861; x_wconf 84' lang='lat' dir='ltr'>Cic.</span> <span class='ocrx_word' id='word_1_612' title='bbox 1952 835 1981 861; x_wconf 91' lang='lat' dir='ltr'>in</span> <span class='ocrx_word' id='word_1_613' title='bbox 1999 836 2074 861; x_wconf 89' lang='lat' dir='ltr'>Orat.</span> <span class='ocrx_word' id='word_1_614' title='bbox 2095 843 2141 868; x_wconf 76' lang='lat'>135.</span> 
     </span>
    </p>

    <p class='ocr_par' dir='ltr' id='par_1_28' title="bbox 1341 866 2204 906">
     <span class='ocr_line' id='line_1_64' title="bbox 1341 866 2204 906; baseline 0.005 -13"><span class='ocrx_word' id='word_1_615' title='bbox 1341 866 1414 893; x_wconf 88' lang='lat' dir='ltr'>Idem</span> <span class='ocrx_word' id='word_1_616' title='bbox 1428 869 1481 895; x_wconf 87' lang='lat' dir='ltr'>Att.</span> <span class='ocrx_word' id='word_1_617' title='bbox 1497 877 1533 901; x_wconf 75' lang='lat'>15,</span> <span class='ocrx_word' id='word_1_618' title='bbox 1550 878 1569 895; x_wconf 89' lang='lat'>1.</span> <span class='ocrx_word' id='word_1_619' title='bbox 1631 871 1767 897; x_wconf 88' lang='lat' dir='ltr'>Peccatum</span> <span class='ocrx_word' id='word_1_620' title='bbox 1781 871 1892 897; x_wconf 89' lang='lat' dir='ltr'>alicuius</span> <span class='ocrx_word' id='word_1_621' title='bbox 1905 870 1988 897; x_wconf 84' lang='lat' dir='ltr'>Ouid.</span> <span class='ocrx_word' id='word_1_622' title='bbox 2002 871 2081 906; x_wconf 77' lang='lat' dir='ltr'>Epist.</span> <span class='ocrx_word' id='word_1_623' title='bbox 2095 880 2138 903; x_wconf 81' lang='lat'>20,</span> <span class='ocrx_word' id='word_1_624' title='bbox 2152 879 2204 903; x_wconf 88' lang='lat'>114.</span> 
     </span>
    </p>
   </div>
   <div class='ocr_carea' id='block_1_21' title="bbox 2276 763 2386 799">
    <p class='ocr_par' dir='ltr' id='par_1_29' title="bbox 2276 763 2386 799">
     <span class='ocr_line' id='line_1_65' title="bbox 2276 763 2386 799; baseline 0.009 -9"><span class='ocrx_word' id='word_1_625' title='bbox 2276 763 2386 799; x_wconf 74' lang='lat' dir='ltr'>Librum</span> 
     </span>
    </p>
   </div>
   <div class='ocr_carea' id='block_1_22' title="bbox 2260 871 2404 902">
    <p class='ocr_par' dir='ltr' id='par_1_30' title="bbox 2260 871 2404 902">
     <span class='ocr_line' id='line_1_66' title="bbox 2260 871 2404 902; baseline 0.021 -5"><span class='ocrx_word' id='word_1_626' title='bbox 2260 871 2299 897; x_wconf 87' lang='lat' dir='ltr'>De</span> <span class='ocrx_word' id='word_1_627' title='bbox 2312 871 2386 900; x_wconf 79' lang='lat' dir='ltr'>Plebe</span> <span class='ocrx_word' id='word_1_628' title='bbox 2398 895 2404 902; x_wconf 82' lang='grc'><em>,</em></span> 
     </span>
    </p>
   </div>
   <div class='ocr_carea' id='block_1_23' title="bbox 1342 906 2386 975">
    <p class='ocr_par' dir='ltr' id='par_1_31' title="bbox 1342 906 2386 975">
     <span class='ocr_line' id='line_1_67' title="bbox 2100 906 2386 935; baseline 0.01 -3"><span class='ocrx_word' id='word_1_629' title='bbox 2100 906 2259 933; x_wconf 87' lang='lat' dir='ltr'>Sententiam</span> <span class='ocrx_word' id='word_1_630' title='bbox 2278 906 2386 935; x_wconf 64' lang='lat' dir='ltr'>alicuius</span> 
     </span>
     <span class='ocr_line' id='line_1_68' title="bbox 1342 939 1691 975; baseline 0.014 -11"><span class='ocrx_word' id='word_1_631' title='bbox 1342 939 1398 965; x_wconf 88' lang='lat' dir='ltr'>Cic.</span> <span class='ocrx_word' id='word_1_632' title='bbox 1413 940 1525 975; x_wconf 81' lang='lat' dir='ltr'>Philipp.</span> <span class='ocrx_word' id='word_1_633' title='bbox 1540 946 1562 972; x_wconf 71' lang='lat'>8,</span> <span class='ocrx_word' id='word_1_634' title='bbox 1577 950 1605 972; x_wconf 78' lang='lat'>32</span> <span class='ocrx_word' id='word_1_635' title='bbox 1623 951 1645 968; x_wconf 87' lang='lat' dir='ltr'>c.</span> <span class='ocrx_word' id='word_1_636' title='bbox 1659 951 1691 969; x_wconf 92' lang='lat'>11.</span> 
     </span>
    </p>
   </div>
   <div class='ocr_carea' id='block_1_24' title="bbox 1342 977 1385 1008">
    <p class='ocr_par' dir='ltr' id='par_1_32' title="bbox 1342 977 1385 1008">
     <span class='ocr_line' id='line_1_69' title="bbox 1342 977 1385 1008; baseline 0 -8"><span class='ocrx_word' id='word_1_637' title='bbox 1342 977 1385 1008; x_wconf 83' lang='lat'>76-</span> 
     </span>
    </p>
   </div>
   <div class='ocr_carea' id='block_1_25' title="bbox 1341 1010 1416 1036">
    <p class='ocr_par' dir='ltr' id='par_1_33' title="bbox 1341 1010 1416 1036">
     <span class='ocr_line' id='line_1_70' title="bbox 1341 1010 1416 1036; baseline 0 0"><span class='ocrx_word' id='word_1_638' title='bbox 1341 1010 1416 1036; x_wconf 79' lang='lat' dir='ltr'>veiis.</span> 
     </span>
    </p>
   </div>
   <div class='ocr_carea' id='block_1_26' title="bbox 1337 941 2403 1622">
    <p class='ocr_par' dir='ltr' id='par_1_34' title="bbox 1337 941 2402 1253">
     <span class='ocr_line' id='line_1_71' title="bbox 1799 941 2385 977; baseline 0.005 -9"><span class='ocrx_word' id='word_1_639' title='bbox 1799 943 1829 969; x_wconf 88' lang='lat' dir='ltr'>Se</span> <span class='ocrx_word' id='word_1_640' title='bbox 1844 942 1897 977; x_wconf 89' lang='lat' dir='ltr'>ipse</span> <span class='ocrx_word' id='word_1_641' title='bbox 1912 942 2031 969; x_wconf 84' lang='lat' dir='ltr'>correxit</span> <span class='ocrx_word' id='word_1_642' title='bbox 2042 942 2166 969; x_wconf 88' lang='lat' dir='ltr'>Isocrates</span> <span class='ocrx_word' id='word_1_643' title='bbox 2180 941 2253 968; x_wconf 88' lang='lat' dir='ltr'>Idem</span> <span class='ocrx_word' id='word_1_644' title='bbox 2273 942 2302 968; x_wconf 84' lang='lat' dir='ltr'>in</span> <span class='ocrx_word' id='word_1_645' title='bbox 2314 943 2385 971; x_wconf 78' lang='lat' dir='ltr'>Orat.</span> 
     </span>
     <span class='ocr_line' id='line_1_72' title="bbox 1458 976 2386 1013; baseline 0.004 -11"><span class='ocrx_word' id='word_1_646' title='bbox 1458 978 1489 1002; x_wconf 78' lang='lat' dir='ltr'>Et</span> <span class='ocrx_word' id='word_1_647' title='bbox 1504 979 1544 1010; x_wconf 60' lang='lat' dir='ltr'>(Q</span> <span class='ocrx_word' id='word_1_648' title='bbox 1555 978 1638 1004; x_wconf 76' lang='lat' dir='ltr'>Fratr.</span> <span class='ocrx_word' id='word_1_649' title='bbox 1650 987 1675 1010; x_wconf 85' lang='lat'>2,</span> <span class='ocrx_word' id='word_1_650' title='bbox 1689 986 1713 1010; x_wconf 82' lang='lat'>13</span> <span class='ocrx_word' id='word_1_651' title='bbox 1732 978 1817 1004; x_wconf 90' lang='lat' dir='ltr'>Cursu</span> <span class='ocrx_word' id='word_1_652' title='bbox 1833 978 1966 1012; x_wconf 89' lang='lat' dir='ltr'>corrigam</span> <span class='ocrx_word' id='word_1_653' title='bbox 1978 978 2148 1005; x_wconf 86' lang='lat' dir='ltr'>Tarditatem</span> <span class='ocrx_word' id='word_1_654' title='bbox 2161 987 2222 1004; x_wconf 84' lang='lat' dir='ltr'>cum</span> <span class='ocrx_word' id='word_1_655' title='bbox 2235 978 2320 1013; x_wconf 87' lang='lat' dir='ltr'>equis,</span> <span class='ocrx_word' id='word_1_656' title='bbox 2333 976 2386 1007; x_wconf 75' lang='lat' dir='ltr'>nim</span> 
     </span>
     <span class='ocr_line' id='line_1_73' title="bbox 1387 1013 2386 1050; baseline 0.002 -12"><span class='ocrx_word' id='word_1_657' title='bbox 1387 1047 1391 1050; x_wconf 25' lang='lat'>⁸</span> <span class='ocrx_word' id='word_1_658' title='bbox 1521 1014 1586 1039; x_wconf 76' lang='lat' dir='ltr'>l’lin.</span> <span class='ocrx_word' id='word_1_659' title='bbox 1604 1022 1638 1045; x_wconf 83' lang='lat'>15,</span> <span class='ocrx_word' id='word_1_660' title='bbox 1652 1022 1682 1046; x_wconf 90' lang='lat'>29</span> <span class='ocrx_word' id='word_1_661' title='bbox 1706 1014 1847 1049; x_wconf 85' lang='lat' dir='ltr'>Praecipua</span> <span class='ocrx_word' id='word_1_662' title='bbox 1861 1013 1889 1040; x_wconf 89' lang='lat' dir='ltr'>vi</span> <span class='ocrx_word' id='word_1_663' title='bbox 1909 1014 1941 1040; x_wconf 88' lang='lat' dir='ltr'>ad</span> <span class='ocrx_word' id='word_1_664' title='bbox 1954 1013 2113 1048; x_wconf 86' lang='lat' dir='ltr'>corrigenda</span> <span class='ocrx_word' id='word_1_665' title='bbox 2125 1014 2204 1040; x_wconf 87' lang='lat' dir='ltr'>Vina.</span> <span class='ocrx_word' id='word_1_666' title='bbox 2284 1014 2386 1043; x_wconf 81' lang='lat' dir='ltr'>Vitium</span> 
     </span>
     <span class='ocr_line' id='line_1_74' title="bbox 1341 1046 2386 1084; baseline 0.006 -12"><span class='ocrx_word' id='word_1_667' title='bbox 1341 1046 1422 1080; x_wconf 81' lang='lat' dir='ltr'>legis,</span> <span class='ocrx_word' id='word_1_668' title='bbox 1441 1056 1496 1074; x_wconf 92' lang='lat' dir='ltr'>non</span> <span class='ocrx_word' id='word_1_669' title='bbox 1516 1048 1635 1075; x_wconf 86' lang='lat' dir='ltr'>iudicum</span> <span class='ocrx_word' id='word_1_670' title='bbox 1655 1050 1811 1076; x_wconf 84' lang='lat' dir='ltr'>sententiam</span> <span class='ocrx_word' id='word_1_671' title='bbox 1832 1050 1888 1076; x_wconf 88' lang='lat' dir='ltr'>Cic.</span> <span class='ocrx_word' id='word_1_672' title='bbox 1905 1058 1954 1084; x_wconf 88' lang='lat' dir='ltr'>pro</span> <span class='ocrx_word' id='word_1_673' title='bbox 1966 1049 2030 1076; x_wconf 88' lang='lat' dir='ltr'>Sull.</span> <span class='ocrx_word' id='word_1_674' title='bbox 2047 1053 2086 1082; x_wconf 86' lang='grc'>63.</span> <span class='ocrx_word' id='word_1_675' title='bbox 2158 1051 2226 1082; x_wconf 82' lang='lat' dir='ltr'>Vota</span> <span class='ocrx_word' id='word_1_676' title='bbox 2246 1049 2289 1076; x_wconf 86' lang='lat' dir='ltr'>sua</span> <span class='ocrx_word' id='word_1_677' title='bbox 2310 1049 2386 1078; x_wconf 67' lang='lat' dir='ltr'>Ouid.</span> 
     </span>
     <span class='ocr_line' id='line_1_75' title="bbox 1572 1085 2386 1121; baseline 0.004 -11"><span class='ocrx_word' id='word_1_678' title='bbox 1572 1085 1721 1111; x_wconf 84' lang='lat' dir='ltr'>Ambitiose</span> <span class='ocrx_word' id='word_1_679' title='bbox 1735 1085 1838 1121; x_wconf 90' lang='lat' dir='ltr'>aliquid</span> <span class='ocrx_word' id='word_1_680' title='bbox 1855 1086 1912 1112; x_wconf 87' lang='lat' dir='ltr'>Cic.</span> <span class='ocrx_word' id='word_1_681' title='bbox 1928 1086 1981 1112; x_wconf 87' lang='lat' dir='ltr'>Att.</span> <span class='ocrx_word' id='word_1_682' title='bbox 1996 1094 2037 1119; x_wconf 80' lang='lat'>15,</span> <span class='ocrx_word' id='word_1_683' title='bbox 2059 1094 2079 1112; x_wconf 95' lang='lat'>1.</span> <span class='ocrx_word' id='word_1_684' title='bbox 2152 1085 2287 1111; x_wconf 88' lang='lat' dir='ltr'>Facillime</span> <span class='ocrx_word' id='word_1_685' title='bbox 2306 1085 2386 1113; x_wconf 86' lang='lat' dir='ltr'>corri-</span> 
     </span>
     <span class='ocr_line' id='line_1_76' title="bbox 1340 1119 2391 1159; baseline 0.007 -16"><span class='ocrx_word' id='word_1_686' title='bbox 1340 1125 1438 1152; x_wconf 88' lang='lat' dir='ltr'>guntur</span> <span class='ocrx_word' id='word_1_687' title='bbox 1452 1120 1482 1159; x_wconf 54' lang='grc' dir='ltr'>111Ἴ</span> <span class='ocrx_word' id='word_1_688' title='bbox 1493 1119 1632 1153; x_wconf 83' lang='lat' dir='ltr'>discendo,</span> <span class='ocrx_word' id='word_1_689' title='bbox 1648 1129 1762 1155; x_wconf 86' lang='lat' dir='ltr'>quorum</span> <span class='ocrx_word' id='word_1_690' title='bbox 1776 1122 1844 1148; x_wconf 86' lang='lat' dir='ltr'>vitia</span> <span class='ocrx_word' id='word_1_691' title='bbox 1859 1122 1999 1148; x_wconf 85' lang='lat' dir='ltr'>imitantur</span> <span class='ocrx_word' id='word_1_692' title='bbox 2015 1119 2170 1148; x_wconf 85' lang='lat' dir='ltr'>emendandi</span> <span class='ocrx_word' id='word_1_693' title='bbox 2185 1121 2258 1147; x_wconf 77' lang='lat' dir='ltr'>causa</span> <span class='ocrx_word' id='word_1_694' title='bbox 2272 1121 2391 1155; x_wconf 63' lang='lat' dir='ltr'>magistri⁴</span> 
     </span>
     <span class='ocr_line' id='line_1_77' title="bbox 1339 1155 2387 1192; baseline 0.005 -12"><span class='ocrx_word' id='word_1_695' title='bbox 1339 1155 1413 1180; x_wconf 89' lang='lat' dir='ltr'>Idem</span> <span class='ocrx_word' id='word_1_696' title='bbox 1431 1155 1506 1182; x_wconf 69' lang='lat' dir='ltr'>othe.</span> <span class='ocrx_word' id='word_1_697' title='bbox 1521 1165 1540 1187; x_wconf 88' lang='lat'>1,</span> <span class='ocrx_word' id='word_1_698' title='bbox 1560 1158 1607 1189; x_wconf 84' lang='lat'>146</span> <span class='ocrx_word' id='word_1_699' title='bbox 1637 1166 1658 1183; x_wconf 91' lang='lat' dir='ltr'>c.</span> <span class='ocrx_word' id='word_1_700' title='bbox 1674 1165 1713 1189; x_wconf 89' lang='lat'>41.</span> <span class='ocrx_word' id='word_1_701' title='bbox 1817 1158 1961 1192; x_wconf 87' lang='lat' dir='ltr'>Corrigere</span> <span class='ocrx_word' id='word_1_702' title='bbox 1980 1164 2058 1192; x_wconf 86' lang='lat' dir='ltr'>atque</span> <span class='ocrx_word' id='word_1_703' title='bbox 2080 1157 2219 1183; x_wconf 88' lang='lat' dir='ltr'>emendare</span> <span class='ocrx_word' id='word_1_704' title='bbox 2239 1156 2294 1183; x_wconf 87' lang='lat' dir='ltr'>Cic.</span> <span class='ocrx_word' id='word_1_705' title='bbox 2312 1157 2387 1187; x_wconf 82' lang='lat' dir='ltr'>Acad.</span> 
     </span>
     <span class='ocr_line' id='line_1_78' title="bbox 1337 1192 2402 1252; baseline 0.004 -36"><span class='ocrx_word' id='word_1_706' title='bbox 1337 1193 1362 1252; x_wconf 55' lang='grc' dir='ltr'>Ξ,</span> <span class='ocrx_word' id='word_1_707' title='bbox 1376 1199 1408 1222; x_wconf 91' lang='grc'>13.</span> <span class='ocrx_word' id='word_1_708' title='bbox 1470 1226 1493 1252; x_wconf 38' lang='grc' dir='ltr'>’ἀ</span> <span class='ocrx_word' id='word_1_709' title='bbox 1516 1192 1605 1227; x_wconf 74' lang='lat' dir='ltr'>Paffiu.</span> <span class='ocrx_word' id='word_1_710' title='bbox 1625 1192 1695 1219; x_wconf 91' lang='lat' dir='ltr'>Ter.</span> <span class='ocrx_word' id='word_1_711' title='bbox 1705 1192 1786 1220; x_wconf 87' lang='lat' dir='ltr'>Andr.</span> <span class='ocrx_word' id='word_1_712' title='bbox 1800 1202 1824 1226; x_wconf 84' lang='lat'>3,</span> <span class='ocrx_word' id='word_1_713' title='bbox 1836 1202 1859 1226; x_wconf 87' lang='grc'>3,</span> <span class='ocrx_word' id='word_1_714' title='bbox 1872 1201 1904 1229; x_wconf 82' lang='grc'>37</span> <span class='ocrx_word' id='word_1_715' title='bbox 1931 1194 1965 1220; x_wconf 87' lang='lat' dir='ltr'>At</span> <span class='ocrx_word' id='word_1_716' title='bbox 1978 1193 1996 1219; x_wconf 85' lang='lat' dir='ltr'>fi</span> <span class='ocrx_word' id='word_1_717' title='bbox 2010 1193 2175 1228; x_wconf 80' lang='lat' dir='ltr'>corrigatur,</span> <span class='ocrx_word' id='word_1_718' title='bbox 2192 1199 2258 1228; x_wconf 88' lang='lat' dir='ltr'>quot</span> <span class='ocrx_word' id='word_1_719' title='bbox 2271 1201 2387 1220; x_wconf 88' lang='lat' dir='ltr'>commo·</span> <span class='ocrx_word' id='word_1_720' title='bbox 2400 1202 2402 1204; x_wconf 74' lang='grc'>’</span> 
     </span>
     <span class='ocr_line' id='line_1_79' title="bbox 1355 1233 1520 1253; baseline 0.006 -1"><span class='ocrx_word' id='word_1_721' title='bbox 1355 1233 1430 1252; x_wconf 84' lang='lat' dir='ltr'>uates</span> <span class='ocrx_word' id='word_1_722' title='bbox 1449 1236 1476 1252; x_wconf 74' lang='lat' dir='ltr'>vx</span> <span class='ocrx_word' id='word_1_723' title='bbox 1498 1236 1520 1253; x_wconf 86' lang='lat' dir='ltr'>c.</span> 
     </span>
    </p>

    <p class='ocr_par' dir='ltr' id='par_1_35' title="bbox 1338 1262 2403 1443">
     <span class='ocr_line' id='line_1_80' title="bbox 1376 1262 2386 1303; baseline 0.002 -15"><span class='ocrx_word' id='word_1_724' title='bbox 1376 1268 1393 1288; x_wconf 89' lang='lat' dir='ltr'>c</span> <span class='ocrx_word' id='word_1_725' title='bbox 1404 1270 1423 1288; x_wconf 84' lang='lat' dir='ltr'>o</span> <span class='ocrx_word' id='word_1_726' title='bbox 1433 1269 1449 1288; x_wconf 78' lang='lat' dir='ltr'>R</span> <span class='ocrx_word' id='word_1_727' title='bbox 1460 1270 1479 1303; x_wconf 66' lang='lat' dir='ltr'>R.</span> <span class='ocrx_word' id='word_1_728' title='bbox 1488 1270 1504 1289; x_wconf 70' lang='lat'>13</span> <span class='ocrx_word' id='word_1_729' title='bbox 1513 1270 1530 1290; x_wconf 87' lang='lat' dir='ltr'><strong>c</strong></span> <span class='ocrx_word' id='word_1_730' title='bbox 1540 1271 1560 1290; x_wconf 78' lang='grc' dir='ltr'>Τ</span> <span class='ocrx_word' id='word_1_731' title='bbox 1570 1271 1590 1290; x_wconf 82' lang='grc' dir='ltr'><strong><em>ν</em></strong></span> <span class='ocrx_word' id='word_1_732' title='bbox 1600 1271 1612 1290; x_wconf 88' lang='lat' dir='ltr'>s</span> <span class='ocrx_word' id='word_1_733' title='bbox 1621 1284 1628 1296; x_wconf 87' lang='lat'>‚</span> <span class='ocrx_word' id='word_1_734' title='bbox 1654 1273 1668 1290; x_wconf 90' lang='lat' dir='ltr'>a</span> <span class='ocrx_word' id='word_1_735' title='bbox 1679 1283 1685 1295; x_wconf 86' lang='lat'>‚</span> <span class='ocrx_word' id='word_1_736' title='bbox 1706 1273 1760 1291; x_wconf 85' lang='lat' dir='ltr'>um.</span> <span class='ocrx_word' id='word_1_737' title='bbox 1798 1265 1892 1291; x_wconf 78' lang='lat' dir='ltr'>Partic.</span> <span class='ocrx_word' id='word_1_738' title='bbox 1930 1262 2106 1301; x_wconf 65' lang='grc' dir='ltr'>[διορθωθεὶς]</span> <span class='ocrx_word' id='word_1_739' title='bbox 2143 1264 2199 1291; x_wconf 89' lang='lat' dir='ltr'>Cic.</span> <span class='ocrx_word' id='word_1_740' title='bbox 2213 1263 2292 1291; x_wconf 87' lang='lat' dir='ltr'>Acad.</span> <span class='ocrx_word' id='word_1_741' title='bbox 2312 1271 2322 1290; x_wconf 90' lang='lat'>1</span> <span class='ocrx_word' id='word_1_742' title='bbox 2331 1283 2340 1297; x_wconf 91' lang='lat'>‚</span> <span class='ocrx_word' id='word_1_743' title='bbox 2361 1272 2386 1297; x_wconf 75' lang='lat'>¹3</span> 
     </span>
     <span class='ocr_line' id='line_1_81' title="bbox 1339 1298 2386 1335; baseline 0.003 -11"><span class='ocrx_word' id='word_1_744' title='bbox 1339 1298 1417 1324; x_wconf 87' lang='lat' dir='ltr'>Certe</span> <span class='ocrx_word' id='word_1_745' title='bbox 1437 1307 1509 1324; x_wconf 88' lang='lat' dir='ltr'>enun</span> <span class='ocrx_word' id='word_1_746' title='bbox 1529 1300 1700 1326; x_wconf 82' lang='lat' dir='ltr'>recentissima</span> <span class='ocrx_word' id='word_1_747' title='bbox 1717 1310 1837 1335; x_wconf 89' lang='lat' dir='ltr'>quaeque</span> <span class='ocrx_word' id='word_1_748' title='bbox 1857 1302 1916 1327; x_wconf 86' lang='lat' dir='ltr'>sunt</span> <span class='ocrx_word' id='word_1_749' title='bbox 1933 1300 2053 1327; x_wconf 70' lang='lat' dir='ltr'>correcta</span> <span class='ocrx_word' id='word_1_750' title='bbox 2071 1308 2096 1326; x_wconf 91' lang='lat' dir='ltr'>et</span> <span class='ocrx_word' id='word_1_751' title='bbox 2108 1300 2246 1327; x_wconf 85' lang='lat' dir='ltr'>emendata</span> <span class='ocrx_word' id='word_1_752' title='bbox 2263 1300 2386 1327; x_wconf 83' lang='lat' dir='ltr'>maxime.</span> 
     </span>
     <span class='ocr_line' id='line_1_82' title="bbox 1339 1333 2403 1374; baseline 0.004 -14"><span class='ocrx_word' id='word_1_753' title='bbox 1339 1333 1413 1374; x_wconf 79' lang='lat' dir='ltr'>Idem</span> <span class='ocrx_word' id='word_1_754' title='bbox 1430 1336 1483 1360; x_wconf 88' lang='lat' dir='ltr'>Att.</span> <span class='ocrx_word' id='word_1_755' title='bbox 1496 1344 1533 1367; x_wconf 83' lang='grc'>13,</span> <span class='ocrx_word' id='word_1_756' title='bbox 1548 1341 1581 1368; x_wconf 79' lang='lat'>48</span> <span class='ocrx_word' id='word_1_757' title='bbox 1607 1336 1801 1363; x_wconf 85' lang='lat' dir='ltr'>Laudationem</span> <span class='ocrx_word' id='word_1_758' title='bbox 1813 1337 1922 1364; x_wconf 81' lang='lat' dir='ltr'>Porciae</span> <span class='ocrx_word' id='word_1_759' title='bbox 1935 1336 1988 1363; x_wconf 88' lang='lat' dir='ltr'>tibi</span> <span class='ocrx_word' id='word_1_760' title='bbox 2000 1336 2058 1363; x_wconf 80' lang='lat' dir='ltr'>misi</span> <span class='ocrx_word' id='word_1_761' title='bbox 2072 1336 2228 1363; x_wconf 59' lang='grc' dir='ltr'>ωτι-9813111.</span> <span class='ocrx_word' id='word_1_762' title='bbox 2288 1336 2388 1364; x_wconf 72' lang='lat' dir='ltr'>Teme-</span> <span class='ocrx_word' id='word_1_763' title='bbox 2400 1339 2403 1345; x_wconf 82' lang='lat'><em>&#39;</em></span> 
     </span>
     <span class='ocr_line' id='line_1_83' title="bbox 1339 1371 2387 1410; baseline 0.003 -15"><span class='ocrx_word' id='word_1_764' title='bbox 1339 1376 1403 1410; x_wconf 67' lang='lat' dir='ltr'>ritas</span> <span class='ocrx_word' id='word_1_765' title='bbox 1417 1371 1499 1397; x_wconf 76' lang='lat' dir='ltr'>Marii</span> <span class='ocrx_word' id='word_1_766' title='bbox 1515 1371 1575 1397; x_wconf 80' lang='lat' dir='ltr'>Sall.</span> <span class='ocrx_word' id='word_1_767' title='bbox 1590 1373 1644 1406; x_wconf 85' lang='lat' dir='ltr'>lug.</span> <span class='ocrx_word' id='word_1_768' title='bbox 1670 1381 1690 1398; x_wconf 92' lang='lat' dir='ltr'>c.</span> <span class='ocrx_word' id='word_1_769' title='bbox 1706 1381 1742 1406; x_wconf 87' lang='lat'>94</span> <span class='ocrx_word' id='word_1_770' title='bbox 1837 1374 1879 1405; x_wconf 89' lang='lat' dir='ltr'>Is,</span> <span class='ocrx_word' id='word_1_771' title='bbox 1901 1372 1950 1407; x_wconf 86' lang='lat' dir='ltr'>qui</span> <span class='ocrx_word' id='word_1_772' title='bbox 1966 1373 2084 1400; x_wconf 88' lang='lat' dir='ltr'>fortuito</span> <span class='ocrx_word' id='word_1_773' title='bbox 2104 1372 2219 1407; x_wconf 86' lang='lat' dir='ltr'>deliquit</span> <span class='ocrx_word' id='word_1_774' title='bbox 2230 1391 2238 1403; x_wconf 94' lang='lat'>,</span> <span class='ocrx_word' id='word_1_775' title='bbox 2263 1371 2387 1398; x_wconf 79' lang='lat' dir='ltr'>attentior</span> 
     </span>
     <span class='ocr_line' id='line_1_84' title="bbox 1338 1406 1873 1443; baseline 0.009 -12"><span class='ocrx_word' id='word_1_776' title='bbox 1338 1408 1383 1432; x_wconf 79' lang='lat' dir='ltr'>hat</span> <span class='ocrx_word' id='word_1_777' title='bbox 1401 1406 1602 1441; x_wconf 64' lang='lat' dir='ltr'>coi-rectiorque</span> <span class='ocrx_word' id='word_1_778' title='bbox 1636 1408 1705 1434; x_wconf 89' lang='lat' dir='ltr'>Gell.</span> <span class='ocrx_word' id='word_1_779' title='bbox 1725 1410 1758 1440; x_wconf 83' lang='lat'>6,</span> <span class='ocrx_word' id='word_1_780' title='bbox 1777 1417 1815 1443; x_wconf 86' lang='lat'>14.</span> <span class='ocrx_word' id='word_1_781' title='bbox 1869 1419 1873 1420; x_wconf 53' lang='lat'><em>⁷</em></span> 
     </span>
    </p>

    <p class='ocr_par' dir='ltr' id='par_1_36' title="bbox 1338 1441 2394 1622">
     <span class='ocr_line' id='line_1_85' title="bbox 1376 1441 2386 1479; baseline 0.002 -11"><span class='ocrx_word' id='word_1_782' title='bbox 1376 1448 1397 1474; x_wconf 46' lang='lat' dir='ltr'>C,</span> <span class='ocrx_word' id='word_1_783' title='bbox 1407 1449 1425 1469; x_wconf 89' lang='lat' dir='ltr'>O</span> <span class='ocrx_word' id='word_1_784' title='bbox 1435 1449 1452 1468; x_wconf 84' lang='lat' dir='ltr'>R</span> <span class='ocrx_word' id='word_1_785' title='bbox 1461 1449 1480 1469; x_wconf 83' lang='lat' dir='ltr'>R</span> <span class='ocrx_word' id='word_1_786' title='bbox 1491 1450 1507 1468; x_wconf 86' lang='lat' dir='ltr'><em>E</em></span> <span class='ocrx_word' id='word_1_787' title='bbox 1516 1450 1532 1469; x_wconf 91' lang='lat' dir='ltr'>C</span> <span class='ocrx_word' id='word_1_788' title='bbox 1541 1450 1562 1469; x_wconf 88' lang='grc' dir='ltr'><strong><em>Τ</em></strong></span> <span class='ocrx_word' id='word_1_789' title='bbox 1573 1451 1579 1468; x_wconf 88' lang='lat'>1</span> <span class='ocrx_word' id='word_1_790' title='bbox 1592 1450 1611 1469; x_wconf 89' lang='lat' dir='ltr'>O</span> <span class='ocrx_word' id='word_1_791' title='bbox 1620 1463 1628 1475; x_wconf 95' lang='lat'>,</span> <span class='ocrx_word' id='word_1_792' title='bbox 1649 1444 1718 1470; x_wconf 70' lang='grc' dir='ltr'>ὃηὶε.</span> <span class='ocrx_word' id='word_1_793' title='bbox 1755 1444 1775 1470; x_wconf 93' lang='lat' dir='ltr'>f.</span> <span class='ocrx_word' id='word_1_794' title='bbox 1813 1441 1956 1479; x_wconf 64' lang='grc' dir='ltr'>[διόρθωσις</span> <span class='ocrx_word' id='word_1_795' title='bbox 1966 1462 1974 1475; x_wconf 87' lang='grc'><strong>,</strong></span> <span class='ocrx_word' id='word_1_796' title='bbox 1994 1443 2165 1478; x_wconf 42' lang='lat' dir='ltr'>mapsam]</span> <span class='ocrx_word' id='word_1_797' title='bbox 2201 1442 2262 1470; x_wconf 47' lang='lat' dir='ltr'>Cic..</span> <span class='ocrx_word' id='word_1_798' title='bbox 2279 1441 2311 1469; x_wconf 84' lang='lat' dir='ltr'>de</span> <span class='ocrx_word' id='word_1_799' title='bbox 2327 1442 2386 1470; x_wconf 77' lang='lat' dir='ltr'>Fin-</span> 
     </span>
     <span class='ocr_line' id='line_1_86' title="bbox 1338 1478 2387 1516; baseline 0.003 -13"><span class='ocrx_word' id='word_1_800' title='bbox 1338 1487 1367 1511; x_wconf 88' lang='lat'>4,</span> <span class='ocrx_word' id='word_1_801' title='bbox 1380 1486 1408 1504; x_wconf 84' lang='lat'>21</span> <span class='ocrx_word' id='word_1_802' title='bbox 1428 1487 1450 1504; x_wconf 78' lang='lat' dir='ltr'>c.</span> <span class='ocrx_word' id='word_1_803' title='bbox 1467 1487 1482 1510; x_wconf 90' lang='lat'>9</span> <span class='ocrx_word' id='word_1_804' title='bbox 1501 1479 1572 1505; x_wconf 83' lang='lat' dir='ltr'>Haec</span> <span class='ocrx_word' id='word_1_805' title='bbox 1587 1479 1711 1506; x_wconf 80' lang='lat' dir='ltr'>videlicet</span> <span class='ocrx_word' id='word_1_806' title='bbox 1727 1480 1762 1506; x_wconf 89' lang='lat' dir='ltr'>est</span> <span class='ocrx_word' id='word_1_807' title='bbox 1774 1480 1908 1506; x_wconf 63' lang='lat' dir='ltr'>correctio</span> <span class='ocrx_word' id='word_1_808' title='bbox 1921 1480 2107 1516; x_wconf 83' lang='lat' dir='ltr'>philosophiae</span> <span class='ocrx_word' id='word_1_809' title='bbox 2119 1479 2217 1506; x_wconf 84' lang='lat' dir='ltr'>veteris</span> <span class='ocrx_word' id='word_1_810' title='bbox 2231 1484 2256 1505; x_wconf 89' lang='lat' dir='ltr'>et</span> <span class='ocrx_word' id='word_1_811' title='bbox 2269 1478 2387 1506; x_wconf 83' lang='lat' dir='ltr'>emenda·</span> 
     </span>
     <span class='ocr_line' id='line_1_87' title="bbox 1338 1512 2394 1549; baseline 0.001 -10"><span class='ocrx_word' id='word_1_812' title='bbox 1338 1514 1393 1546; x_wconf 86' lang='lat' dir='ltr'>tio,</span> <span class='ocrx_word' id='word_1_813' title='bbox 1414 1521 1460 1539; x_wconf 68' lang='lat' dir='ltr'>etc.</span> <span class='ocrx_word' id='word_1_814' title='bbox 1567 1514 1728 1549; x_wconf 83' lang='lat' dir='ltr'>Disciplinae</span> <span class='ocrx_word' id='word_1_815' title='bbox 1746 1516 1803 1542; x_wconf 89' lang='lat' dir='ltr'>Cic.</span> <span class='ocrx_word' id='word_1_816' title='bbox 1818 1516 1916 1542; x_wconf 86' lang='lat' dir='ltr'>Acad.1</span> <span class='ocrx_word' id='word_1_817' title='bbox 1934 1526 1955 1542; x_wconf 86' lang='lat' dir='ltr'>c.</span> <span class='ocrx_word' id='word_1_818' title='bbox 1964 1525 2000 1543; x_wconf 83' lang='lat'>12.</span> <span class='ocrx_word' id='word_1_819' title='bbox 2091 1515 2227 1542; x_wconf 85' lang='lat' dir='ltr'>Adhibere</span> <span class='ocrx_word' id='word_1_820' title='bbox 2245 1512 2394 1541; x_wconf 43' lang='lat' dir='ltr'>correffiom</span> 
     </span>
     <span class='ocr_line' id='line_1_88' title="bbox 1339 1548 2386 1587; baseline 0.003 -13"><span class='ocrx_word' id='word_1_821' title='bbox 1339 1558 1399 1575; x_wconf 85' lang='lat' dir='ltr'>nem</span> <span class='ocrx_word' id='word_1_822' title='bbox 1422 1549 1493 1575; x_wconf 87' lang='lat' dir='ltr'>Idem</span> <span class='ocrx_word' id='word_1_823' title='bbox 1507 1548 1584 1576; x_wconf 80' lang='lat' dir='ltr'>Offic.</span> <span class='ocrx_word' id='word_1_824' title='bbox 1597 1559 1620 1583; x_wconf 82' lang='lat'>3,</span> <span class='ocrx_word' id='word_1_825' title='bbox 1636 1558 1651 1585; x_wconf 88' lang='lat'><em>7</em></span> <span class='ocrx_word' id='word_1_826' title='bbox 1676 1560 1697 1577; x_wconf 88' lang='lat' dir='ltr'>c.</span> <span class='ocrx_word' id='word_1_827' title='bbox 1712 1559 1737 1577; x_wconf 82' lang='lat'>2.</span> <span class='ocrx_word' id='word_1_828' title='bbox 1845 1551 1928 1578; x_wconf 81' lang='lat' dir='ltr'>Nulla</span> <span class='ocrx_word' id='word_1_829' title='bbox 1943 1552 2064 1587; x_wconf 89' lang='lat' dir='ltr'>indigens</span> <span class='ocrx_word' id='word_1_830' title='bbox 2078 1551 2246 1578; x_wconf 70' lang='lat' dir='ltr'>correffione</span> <span class='ocrx_word' id='word_1_831' title='bbox 2264 1550 2339 1585; x_wconf 90' lang='lat' dir='ltr'>Apul.</span> <span class='ocrx_word' id='word_1_832' title='bbox 2353 1549 2386 1577; x_wconf 81' lang='lat' dir='ltr'>de</span> 
     </span>
     <span class='ocr_line' id='line_1_89' title="bbox 1340 1585 2387 1622; baseline 0.002 -12"><span class='ocrx_word' id='word_1_833' title='bbox 1340 1585 1443 1611; x_wconf 88' lang='lat' dir='ltr'>Mundo</span> <span class='ocrx_word' id='word_1_834' title='bbox 1467 1595 1492 1620; x_wconf 81' lang='lat' dir='ltr'>p.</span> <span class='ocrx_word' id='word_1_835' title='bbox 1508 1594 1553 1620; x_wconf 74' lang='lat'>74.</span> <span class='ocrx_word' id='word_1_836' title='bbox 1643 1585 1786 1613; x_wconf 66' lang='lat' dir='ltr'>Corree‘tio</span> <span class='ocrx_word' id='word_1_837' title='bbox 1803 1588 1905 1622; x_wconf 81' lang='lat' dir='ltr'>figura.</span> <span class='ocrx_word' id='word_1_838' title='bbox 1942 1588 2019 1614; x_wconf 76' lang='lat' dir='ltr'>Aue&#39;t.</span> <span class='ocrx_word' id='word_1_839' title='bbox 2038 1587 2071 1614; x_wconf 87' lang='lat' dir='ltr'>ad</span> <span class='ocrx_word' id='word_1_840' title='bbox 2083 1588 2201 1614; x_wconf 85' lang='lat' dir='ltr'>Herenn.</span> <span class='ocrx_word' id='word_1_841' title='bbox 2216 1596 2243 1620; x_wconf 80' lang='lat'>4,</span> <span class='ocrx_word' id='word_1_842' title='bbox 2263 1589 2294 1618; x_wconf 85' lang='grc'>36</span> <span class='ocrx_word' id='word_1_843' title='bbox 2317 1595 2340 1612; x_wconf 86' lang='lat' dir='ltr'>c.</span> <span class='ocrx_word' id='word_1_844' title='bbox 2351 1586 2387 1612; x_wconf 79' lang='lat'>26</span> 
     </span>
    </p>
   </div>
   <div class='ocr_carea' id='block_1_27' title="bbox 218 1616 2388 1657">
    <p class='ocr_par' dir='ltr' id='par_1_37' title="bbox 218 1616 2388 1657">
     <span class='ocr_line' id='line_1_90' title="bbox 218 1616 2388 1657; baseline -0.002 -4"><span class='ocrx_word' id='word_1_845' title='bbox 218 1627 291 1653; x_wconf 85' lang='lat' dir='ltr'>milis</span> <span class='ocrx_word' id='word_1_846' title='bbox 307 1627 379 1653; x_wconf 87' lang='lat' dir='ltr'>enim</span> <span class='ocrx_word' id='word_1_847' title='bbox 394 1631 419 1651; x_wconf 87' lang='lat' dir='ltr'>ct</span> <span class='ocrx_word' id='word_1_848' title='bbox 431 1624 536 1651; x_wconf 84' lang='lat' dir='ltr'>modica</span> <span class='ocrx_word' id='word_1_849' title='bbox 551 1629 724 1657; x_wconf 86' lang='lat' dir='ltr'>corporatura</span> <span class='ocrx_word' id='word_1_850' title='bbox 739 1623 842 1656; x_wconf 78' lang='lat' dir='ltr'>pecoris</span> <span class='ocrx_word' id='word_1_851' title='bbox 855 1623 972 1657; x_wconf 83' lang='lat' dir='ltr'>operarii</span> <span class='ocrx_word' id='word_1_852' title='bbox 992 1622 1071 1649; x_wconf 89' lang='lat' dir='ltr'>debet</span> <span class='ocrx_word' id='word_1_853' title='bbox 1090 1625 1154 1655; x_wconf 80' lang='lat' dir='ltr'>effe,</span> <span class='ocrx_word' id='word_1_854' title='bbox 1171 1625 1272 1650; x_wconf 80' lang='lat' dir='ltr'>neruis-</span> <span class='ocrx_word' id='word_1_855' title='bbox 1283 1632 1319 1656; x_wconf 84' lang='lat'>40</span> <span class='ocrx_word' id='word_1_856' title='bbox 1339 1621 1481 1648; x_wconf 61' lang='lat' dir='ltr'>Corte-flio</span> <span class='ocrx_word' id='word_1_857' title='bbox 1496 1624 1546 1653; x_wconf 77' lang='lat' dir='ltr'>eu,</span> <span class='ocrx_word' id='word_1_858' title='bbox 1567 1631 1634 1657; x_wconf 89' lang='lat' dir='ltr'>quae</span> <span class='ocrx_word' id='word_1_859' title='bbox 1654 1620 1727 1649; x_wconf 87' lang='lat' dir='ltr'>tollit</span> <span class='ocrx_word' id='word_1_860' title='bbox 1745 1622 1787 1655; x_wconf 89' lang='lat' dir='ltr'>id,</span> <span class='ocrx_word' id='word_1_861' title='bbox 1808 1622 1881 1657; x_wconf 92' lang='lat' dir='ltr'>quod</span> <span class='ocrx_word' id='word_1_862' title='bbox 1900 1622 2002 1649; x_wconf 67' lang='lat' dir='ltr'>dietum</span> <span class='ocrx_word' id='word_1_863' title='bbox 2020 1624 2072 1655; x_wconf 84' lang='lat' dir='ltr'>est,</span> <span class='ocrx_word' id='word_1_864' title='bbox 2092 1629 2118 1649; x_wconf 82' lang='lat' dir='ltr'>et</span> <span class='ocrx_word' id='word_1_865' title='bbox 2136 1632 2185 1657; x_wconf 90' lang='lat' dir='ltr'>pro</span> <span class='ocrx_word' id='word_1_866' title='bbox 2203 1631 2236 1648; x_wconf 92' lang='lat' dir='ltr'>eo</span> <span class='ocrx_word' id='word_1_867' title='bbox 2254 1622 2298 1655; x_wconf 80' lang='lat' dir='ltr'>id,</span> <span class='ocrx_word' id='word_1_868' title='bbox 2315 1616 2388 1656; x_wconf 61' lang='lat' dir='ltr'>quoii</span> 
     </span>
    </p>
   </div>
   <div class='ocr_carea' id='block_1_28' title="bbox 215 1658 1272 1800">
    <p class='ocr_par' dir='ltr' id='par_1_38' title="bbox 215 1658 1272 1768">
     <span class='ocr_line' id='line_1_91' title="bbox 218 1658 1272 1698; baseline -0.002 -10"><span class='ocrx_word' id='word_1_869' title='bbox 218 1672 271 1698; x_wconf 90' lang='lat' dir='ltr'>que</span> <span class='ocrx_word' id='word_1_870' title='bbox 293 1668 317 1688; x_wconf 86' lang='lat' dir='ltr'>et</span> <span class='ocrx_word' id='word_1_871' title='bbox 337 1661 462 1688; x_wconf 83' lang='lat' dir='ltr'>musculis</span> <span class='ocrx_word' id='word_1_872' title='bbox 481 1660 604 1691; x_wconf 83' lang='lat' dir='ltr'>robusta,</span> <span class='ocrx_word' id='word_1_873' title='bbox 622 1667 676 1684; x_wconf 87' lang='lat' dir='ltr'>non</span> <span class='ocrx_word' id='word_1_874' title='bbox 695 1658 818 1692; x_wconf 85' lang='lat' dir='ltr'>adipibus</span> <span class='ocrx_word' id='word_1_875' title='bbox 832 1659 919 1684; x_wconf 83' lang='lat' dir='ltr'>obesa.</span> <span class='ocrx_word' id='word_1_876' title='bbox 1026 1660 1133 1685; x_wconf 87' lang='lat' dir='ltr'>Vitruu.</span> <span class='ocrx_word' id='word_1_877' title='bbox 1150 1662 1176 1692; x_wconf 89' lang='lat'>6,</span> <span class='ocrx_word' id='word_1_878' title='bbox 1193 1669 1201 1686; x_wconf 89' lang='lat'>1</span> <span class='ocrx_word' id='word_1_879' title='bbox 1223 1660 1272 1686; x_wconf 77' lang='lat' dir='ltr'>Sed</span> 
     </span>
     <span class='ocr_line' id='line_1_92' title="bbox 216 1693 1271 1730; baseline -0.003 -5"><span class='ocrx_word' id='word_1_880' title='bbox 216 1707 249 1725; x_wconf 88' lang='lat' dir='ltr'>ex</span> <span class='ocrx_word' id='word_1_881' title='bbox 263 1697 337 1724; x_wconf 89' lang='lat' dir='ltr'>caclo</span> <span class='ocrx_word' id='word_1_882' title='bbox 353 1696 471 1724; x_wconf 85' lang='lat' dir='ltr'>roscidus</span> <span class='ocrx_word' id='word_1_883' title='bbox 489 1698 535 1723; x_wconf 87' lang='lat' dir='ltr'>a&#39;e&#39;r</span> <span class='ocrx_word' id='word_1_884' title='bbox 554 1695 581 1721; x_wconf 91' lang='lat' dir='ltr'>in</span> <span class='ocrx_word' id='word_1_885' title='bbox 603 1702 715 1728; x_wconf 85' lang='lat' dir='ltr'>corpora</span> <span class='ocrx_word' id='word_1_886' title='bbox 731 1693 843 1719; x_wconf 72' lang='lat' dir='ltr'>fluidens</span> <span class='ocrx_word' id='word_1_887' title='bbox 857 1694 1017 1726; x_wconf 84' lang='lat' dir='ltr'>humorem,</span> <span class='ocrx_word' id='word_1_888' title='bbox 1034 1696 1178 1730; x_wconf 87' lang='lat' dir='ltr'>ampliores</span> <span class='ocrx_word' id='word_1_889' title='bbox 1190 1695 1271 1722; x_wconf 77' lang='lat' dir='ltr'>efficit</span> 
     </span>
     <span class='ocr_line' id='line_1_93' title="bbox 215 1739 409 1768; baseline -0.01 -8"><span class='ocrx_word' id='word_1_890' title='bbox 215 1739 409 1768; x_wconf 82' lang='lat' dir='ltr'>corporaturas.</span> 
     </span>
    </p>

    <p class='ocr_par' dir='ltr' id='par_1_39' title="bbox 255 1764 1272 1800">
     <span class='ocr_line' id='line_1_94' title="bbox 255 1764 1272 1800; baseline -0.003 -4"><span class='ocrx_word' id='word_1_891' title='bbox 255 1776 273 1796; x_wconf 89' lang='lat' dir='ltr'>c</span> <span class='ocrx_word' id='word_1_892' title='bbox 287 1776 307 1796; x_wconf 85' lang='grc' dir='ltr'><strong>ο</strong></span> <span class='ocrx_word' id='word_1_893' title='bbox 318 1777 337 1795; x_wconf 82' lang='lat' dir='ltr'>R</span> <span class='ocrx_word' id='word_1_894' title='bbox 347 1777 361 1796; x_wconf 80' lang='grc' dir='ltr'>Ρ</span> <span class='ocrx_word' id='word_1_895' title='bbox 372 1775 392 1795; x_wconf 87' lang='lat' dir='ltr'>O</span> <span class='ocrx_word' id='word_1_896' title='bbox 402 1775 420 1794; x_wconf 82' lang='lat' dir='ltr'>R</span> <span class='ocrx_word' id='word_1_897' title='bbox 429 1775 450 1794; x_wconf 83' lang='lat' dir='ltr'>A</span> <span class='ocrx_word' id='word_1_898' title='bbox 459 1774 480 1794; x_wconf 88' lang='grc' dir='ltr'>Τ</span> <span class='ocrx_word' id='word_1_899' title='bbox 489 1774 499 1794; x_wconf 88' lang='grc' dir='ltr'>Ι</span> <span class='ocrx_word' id='word_1_900' title='bbox 509 1774 544 1800; x_wconf 93' lang='grc' dir='ltr'>Ο,</span> <span class='ocrx_word' id='word_1_901' title='bbox 565 1766 632 1792; x_wconf 66' lang='lat' dir='ltr'>(inis.</span> <span class='ocrx_word' id='word_1_902' title='bbox 653 1765 672 1791; x_wconf 89' lang='lat' dir='ltr'>f.</span> <span class='ocrx_word' id='word_1_903' title='bbox 709 1764 891 1798; x_wconf 69' lang='grc' dir='ltr'>[σωμάτωσις]</span> <span class='ocrx_word' id='word_1_904' title='bbox 930 1764 1005 1791; x_wconf 75' lang='lat' dir='ltr'>Idem.</span> <span class='ocrx_word' id='word_1_905' title='bbox 1041 1766 1176 1792; x_wconf 90' lang='lat' dir='ltr'>Columel.</span> <span class='ocrx_word' id='word_1_906' title='bbox 1184 1768 1210 1799; x_wconf 88' lang='lat'>6,</span> <span class='ocrx_word' id='word_1_907' title='bbox 1220 1776 1240 1798; x_wconf 67' lang='grc' dir='ltr'>ρ,</span> <span class='ocrx_word' id='word_1_908' title='bbox 1249 1776 1272 1799; x_wconf 90' lang='grc'>13</span> 
     </span>
    </p>
   </div>
   <div class='ocr_carea' id='block_1_29' title="bbox 1337 1656 2388 1801">
    <p class='ocr_par' dir='ltr' id='par_1_40' title="bbox 1337 1656 2388 1801">
     <span class='ocr_line' id='line_1_95' title="bbox 1339 1656 2385 1693; baseline 0.002 -11"><span class='ocrx_word' id='word_1_909' title='bbox 1339 1657 1422 1691; x_wconf 84' lang='lat' dir='ltr'>magis</span> <span class='ocrx_word' id='word_1_910' title='bbox 1436 1658 1564 1684; x_wconf 85' lang='lat' dir='ltr'>idoneum</span> <span class='ocrx_word' id='word_1_911' title='bbox 1578 1658 1701 1692; x_wconf 81' lang='lat' dir='ltr'>videtur,</span> <span class='ocrx_word' id='word_1_912' title='bbox 1721 1659 1846 1692; x_wconf 81' lang='lat' dir='ltr'>reponit:</span> <span class='ocrx_word' id='word_1_913' title='bbox 1881 1657 1931 1685; x_wconf 89' lang='lat' dir='ltr'>hoc</span> <span class='ocrx_word' id='word_1_914' title='bbox 1946 1658 2040 1693; x_wconf 65' lang='grc' dir='ltr'>Ρεὲὶο,</span> <span class='ocrx_word' id='word_1_915' title='bbox 2064 1659 2144 1692; x_wconf 76' lang='lat' dir='ltr'>Qiod</span> <span class='ocrx_word' id='word_1_916' title='bbox 2164 1658 2181 1684; x_wconf 82' lang='lat' dir='ltr'>fi</span> <span class='ocrx_word' id='word_1_917' title='bbox 2200 1658 2248 1684; x_wconf 84' lang='lat' dir='ltr'>iste</span> <span class='ocrx_word' id='word_1_918' title='bbox 2269 1658 2326 1684; x_wconf 88' lang='lat' dir='ltr'>suos</span> <span class='ocrx_word' id='word_1_919' title='bbox 2338 1656 2385 1684; x_wconf 86' lang='lat' dir='ltr'>ho-</span> 
     </span>
     <span class='ocr_line' id='line_1_96' title="bbox 1337 1693 2386 1729; baseline 0.001 -11"><span class='ocrx_word' id='word_1_920' title='bbox 1337 1693 1416 1726; x_wconf 81' lang='lat' dir='ltr'>spites</span> <span class='ocrx_word' id='word_1_921' title='bbox 1430 1694 1550 1726; x_wconf 70' lang='lat' dir='ltr'>rogasset,</span> <span class='ocrx_word' id='word_1_922' title='bbox 1559 1694 1643 1720; x_wconf 87' lang='lat' dir='ltr'>immo</span> <span class='ocrx_word' id='word_1_923' title='bbox 1658 1695 1782 1721; x_wconf 87' lang='lat' dir='ltr'>innuisset</span> <span class='ocrx_word' id='word_1_924' title='bbox 1796 1694 1887 1726; x_wconf 87' lang='lat' dir='ltr'>modo,</span> <span class='ocrx_word' id='word_1_925' title='bbox 1907 1694 1958 1721; x_wconf 89' lang='lat' dir='ltr'>hoc</span> <span class='ocrx_word' id='word_1_926' title='bbox 1967 1694 2046 1721; x_wconf 80' lang='lat' dir='ltr'>facile</span> <span class='ocrx_word' id='word_1_927' title='bbox 2059 1693 2150 1729; x_wconf 84' lang='lat' dir='ltr'>perfici</span> <span class='ocrx_word' id='word_1_928' title='bbox 2165 1695 2254 1728; x_wconf 77' lang='lat' dir='ltr'>poss&#39;et.</span> <span class='ocrx_word' id='word_1_929' title='bbox 2308 1695 2386 1726; x_wconf 77' lang='lat' dir='ltr'>Item,</span> 
     </span>
     <span class='ocr_line' id='line_1_97' title="bbox 1339 1727 2385 1764; baseline 0.001 -10"><span class='ocrx_word' id='word_1_930' title='bbox 1339 1729 1411 1754; x_wconf 88' lang='lat' dir='ltr'>Nam</span> <span class='ocrx_word' id='word_1_931' title='bbox 1429 1729 1565 1763; x_wconf 89' lang='lat' dir='ltr'>postquam</span> <span class='ocrx_word' id='word_1_932' title='bbox 1586 1729 1629 1755; x_wconf 82' lang='lat' dir='ltr'>isti</span> <span class='ocrx_word' id='word_1_933' title='bbox 1650 1731 1789 1762; x_wconf 85' lang='lat' dir='ltr'>vicerunt,</span> <span class='ocrx_word' id='word_1_934' title='bbox 1807 1736 1887 1764; x_wconf 84' lang='lat' dir='ltr'>atque</span> <span class='ocrx_word' id='word_1_935' title='bbox 1908 1730 1976 1757; x_wconf 84' lang='lat' dir='ltr'>adeo</span> <span class='ocrx_word' id='word_1_936' title='bbox 1993 1730 2061 1757; x_wconf 60' lang='lat' dir='ltr'>vieti</span> <span class='ocrx_word' id='word_1_937' title='bbox 2080 1731 2153 1762; x_wconf 89' lang='lat' dir='ltr'>sunt,</span> <span class='ocrx_word' id='word_1_938' title='bbox 2174 1738 2231 1756; x_wconf 89' lang='lat' dir='ltr'>eam</span> <span class='ocrx_word' id='word_1_939' title='bbox 2252 1727 2385 1764; x_wconf 76' lang='lat' dir='ltr'>quomode</span> 
     </span>
     <span class='ocr_line' id='line_1_98' title="bbox 1338 1763 2388 1801; baseline 0.001 -11"><span class='ocrx_word' id='word_1_940' title='bbox 1338 1764 1482 1790; x_wconf 63' lang='lat' dir='ltr'>victoriam</span> <span class='ocrx_word' id='word_1_941' title='bbox 1496 1764 1640 1799; x_wconf 79' lang='lat' dir='ltr'>appellem,</span> <span class='ocrx_word' id='word_1_942' title='bbox 1660 1775 1728 1800; x_wconf 88' lang='lat' dir='ltr'>quae</span> <span class='ocrx_word' id='word_1_943' title='bbox 1743 1766 1894 1792; x_wconf 61' lang='lat' dir='ltr'>victoribus</span> <span class='ocrx_word' id='word_1_944' title='bbox 1908 1766 1966 1801; x_wconf 89' lang='lat' dir='ltr'>plus</span> <span class='ocrx_word' id='word_1_945' title='bbox 1981 1766 2155 1800; x_wconf 84' lang='lat' dir='ltr'>calamitatis,</span> <span class='ocrx_word' id='word_1_946' title='bbox 2172 1774 2252 1801; x_wconf 89' lang='lat' dir='ltr'>quam</span> <span class='ocrx_word' id='word_1_947' title='bbox 2267 1765 2332 1792; x_wconf 89' lang='lat' dir='ltr'>boni</span> <span class='ocrx_word' id='word_1_948' title='bbox 2343 1763 2388 1791; x_wconf 84' lang='lat' dir='ltr'>de-</span> 
     </span>
    </p>
   </div>
   <div class='ocr_carea' id='block_1_30' title="bbox 214 1799 1812 1835">
    <p class='ocr_par' dir='ltr' id='par_1_41' title="bbox 214 1799 1812 1835">
     <span class='ocr_line' id='line_1_99' title="bbox 214 1799 1812 1835; baseline -0.004 -3"><span class='ocrx_word' id='word_1_949' title='bbox 214 1806 283 1833; x_wconf 83' lang='lat' dir='ltr'>Item</span> <span class='ocrx_word' id='word_1_950' title='bbox 295 1804 497 1831; x_wconf 83' lang='lat' dir='ltr'>custodiendum</span> <span class='ocrx_word' id='word_1_951' title='bbox 506 1803 551 1835; x_wconf 78' lang='lat' dir='ltr'>est,</span> <span class='ocrx_word' id='word_1_952' title='bbox 564 1812 597 1828; x_wconf 87' lang='lat' dir='ltr'>ne</span> <span class='ocrx_word' id='word_1_953' title='bbox 611 1803 639 1828; x_wconf 91' lang='lat' dir='ltr'>in</span> <span class='ocrx_word' id='word_1_954' title='bbox 652 1800 859 1835; x_wconf 85' lang='lat' dir='ltr'>corporatione,</span> <span class='ocrx_word' id='word_1_955' title='bbox 879 1801 921 1826; x_wconf 85' lang='lat' dir='ltr'>vel</span> <span class='ocrx_word' id='word_1_956' title='bbox 934 1801 1090 1833; x_wconf 85' lang='lat' dir='ltr'>statura,vel</span> <span class='ocrx_word' id='word_1_957' title='bbox 1103 1802 1209 1828; x_wconf 84' lang='lat' dir='ltr'>viribus</span> <span class='ocrx_word' id='word_1_958' title='bbox 1225 1804 1314 1833; x_wconf 76' lang='lat' dir='ltr'>itu-45¹</span> <span class='ocrx_word' id='word_1_959' title='bbox 1339 1799 1408 1825; x_wconf 83' lang='lat' dir='ltr'>derit</span> <span class='ocrx_word' id='word_1_960' title='bbox 1421 1801 1430 1826; x_wconf 70' lang='grc' dir='ltr'>ἓ</span> <span class='ocrx_word' id='word_1_961' title='bbox 1473 1801 1530 1826; x_wconf 73' lang='lat' dir='ltr'>Vid.</span> <span class='ocrx_word' id='word_1_962' title='bbox 1550 1800 1681 1834; x_wconf 65' lang='lat' dir='ltr'>Quinem.</span> <span class='ocrx_word' id='word_1_963' title='bbox 1696 1810 1722 1834; x_wconf 88' lang='lat'>9,</span> <span class='ocrx_word' id='word_1_964' title='bbox 1737 1810 1759 1835; x_wconf 86' lang='grc'>3,</span> <span class='ocrx_word' id='word_1_965' title='bbox 1774 1806 1812 1831; x_wconf 85' lang='lat'>88.</span> 
     </span>
    </p>
   </div>
   <div class='ocr_carea' id='block_1_31' title="bbox 214 1837 1273 2158">
    <p class='ocr_par' dir='ltr' id='par_1_42' title="bbox 215 1837 1273 1948">
     <span class='ocr_line' id='line_1_100' title="bbox 216 1837 1272 1876; baseline -0.004 -8"><span class='ocrx_word' id='word_1_966' title='bbox 216 1851 263 1876; x_wconf 89' lang='lat' dir='ltr'>par</span> <span class='ocrx_word' id='word_1_967' title='bbox 277 1851 337 1868; x_wconf 87' lang='lat' dir='ltr'>cum</span> <span class='ocrx_word' id='word_1_968' title='bbox 351 1840 500 1867; x_wconf 84' lang='lat' dir='ltr'>valentiore</span> <span class='ocrx_word' id='word_1_969' title='bbox 517 1839 652 1873; x_wconf 83' lang='lat' dir='ltr'>iungatur.</span> <span class='ocrx_word' id='word_1_970' title='bbox 674 1839 731 1863; x_wconf 80' lang='lat' dir='ltr'>Alii</span> <span class='ocrx_word' id='word_1_971' title='bbox 738 1837 967 1871; x_wconf 85' lang='lat' dir='ltr'>Incorporatione.</span> <span class='ocrx_word' id='word_1_972' title='bbox 1010 1837 1129 1863; x_wconf 87' lang='lat' dir='ltr'>Tertull.</span> <span class='ocrx_word' id='word_1_973' title='bbox 1142 1838 1174 1863; x_wconf 89' lang='lat' dir='ltr'>de</span> <span class='ocrx_word' id='word_1_974' title='bbox 1185 1839 1272 1864; x_wconf 82' lang='lat' dir='ltr'>Carne</span> 
     </span>
     <span class='ocr_line' id='line_1_101' title="bbox 216 1873 1273 1911; baseline -0.005 -6"><span class='ocrx_word' id='word_1_975' title='bbox 216 1877 317 1905; x_wconf 88' lang='lat' dir='ltr'>Christi</span> <span class='ocrx_word' id='word_1_976' title='bbox 330 1886 349 1910; x_wconf 84' lang='lat'>4</span> <span class='ocrx_word' id='word_1_977' title='bbox 369 1876 467 1911; x_wconf 81' lang='lat' dir='ltr'>Neque</span> <span class='ocrx_word' id='word_1_978' title='bbox 480 1881 507 1902; x_wconf 88' lang='lat' dir='ltr'>vt</span> <span class='ocrx_word' id='word_1_979' title='bbox 522 1873 707 1909; x_wconf 87' lang='lat' dir='ltr'>impoffibilem</span> <span class='ocrx_word' id='word_1_980' title='bbox 721 1881 808 1908; x_wconf 89' lang='lat' dir='ltr'>neque</span> <span class='ocrx_word' id='word_1_981' title='bbox 823 1879 852 1899; x_wconf 89' lang='lat' dir='ltr'>vt</span> <span class='ocrx_word' id='word_1_982' title='bbox 870 1873 1046 1908; x_wconf 87' lang='lat' dir='ltr'>periculosam</span> <span class='ocrx_word' id='word_1_983' title='bbox 1065 1873 1123 1899; x_wconf 88' lang='lat' dir='ltr'>Deo</span> <span class='ocrx_word' id='word_1_984' title='bbox 1147 1874 1273 1908; x_wconf 85' lang='lat' dir='ltr'>repudias</span> 
     </span>
     <span class='ocr_line' id='line_1_102' title="bbox 215 1908 852 1948; baseline -0.013 -7"><span class='ocrx_word' id='word_1_985' title='bbox 215 1913 442 1948; x_wconf 84' lang='lat' dir='ltr'>corporationem.</span> <span class='ocrx_word' id='word_1_986' title='bbox 477 1910 545 1938; x_wconf 76' lang='lat' dir='ltr'>Add.</span> <span class='ocrx_word' id='word_1_987' title='bbox 559 1911 596 1937; x_wconf 87' lang='lat' dir='ltr'>M.</span> <span class='ocrx_word' id='word_1_988' title='bbox 605 1908 712 1944; x_wconf 85' lang='lat' dir='ltr'>Capella</span> <span class='ocrx_word' id='word_1_989' title='bbox 724 1916 741 1943; x_wconf 83' lang='lat'>7</span> <span class='ocrx_word' id='word_1_990' title='bbox 760 1918 784 1944; x_wconf 90' lang='lat' dir='ltr'>p.</span> <span class='ocrx_word' id='word_1_991' title='bbox 801 1914 852 1941; x_wconf 81' lang='lat'>238.</span> 
     </span>
    </p>

    <p class='ocr_par' dir='ltr' id='par_1_43' title="bbox 214 1944 1272 2020">
     <span class='ocr_line' id='line_1_103' title="bbox 254 1944 1272 1978; baseline -0.005 -2"><span class='ocrx_word' id='word_1_992' title='bbox 254 1955 271 1976; x_wconf 89' lang='lat' dir='ltr'>e</span> <span class='ocrx_word' id='word_1_993' title='bbox 284 1955 303 1975; x_wconf 95' lang='lat' dir='ltr'>o</span> <span class='ocrx_word' id='word_1_994' title='bbox 315 1955 334 1975; x_wconf 81' lang='lat' dir='ltr'>R</span> <span class='ocrx_word' id='word_1_995' title='bbox 345 1955 360 1975; x_wconf 77' lang='grc' dir='ltr'>Ρ</span> <span class='ocrx_word' id='word_1_996' title='bbox 372 1954 391 1974; x_wconf 96' lang='lat' dir='ltr'>o</span> <span class='ocrx_word' id='word_1_997' title='bbox 403 1954 422 1973; x_wconf 86' lang='lat' dir='ltr'>R</span> <span class='ocrx_word' id='word_1_998' title='bbox 435 1954 457 1974; x_wconf 84' lang='grc' dir='ltr'>Α</span> <span class='ocrx_word' id='word_1_999' title='bbox 466 1953 488 1974; x_wconf 85' lang='grc' dir='ltr'>Τ</span> <span class='ocrx_word' id='word_1_1000' title='bbox 499 1948 539 1972; x_wconf 83' lang='lat' dir='ltr'>iv</span> <span class='ocrx_word' id='word_1_1001' title='bbox 549 1952 593 1973; x_wconf 85' lang='lat' dir='ltr'>vs</span> <span class='ocrx_word' id='word_1_1002' title='bbox 602 1966 610 1978; x_wconf 95' lang='lat'>,</span> <span class='ocrx_word' id='word_1_1003' title='bbox 628 1954 643 1972; x_wconf 74' lang='lat' dir='ltr'>a</span> <span class='ocrx_word' id='word_1_1004' title='bbox 655 1966 663 1978; x_wconf 90' lang='lat'>,</span> <span class='ocrx_word' id='word_1_1005' title='bbox 694 1953 749 1970; x_wconf 86' lang='lat' dir='ltr'>um.</span> <span class='ocrx_word' id='word_1_1006' title='bbox 787 1945 848 1973; x_wconf 81' lang='lat' dir='ltr'>Adi.</span> <span class='ocrx_word' id='word_1_1007' title='bbox 884 1944 957 1971; x_wconf 88' lang='lat' dir='ltr'>Cael.</span> <span class='ocrx_word' id='word_1_1008' title='bbox 985 1944 1076 1971; x_wconf 83' lang='lat' dir='ltr'>Aurel.</span> <span class='ocrx_word' id='word_1_1009' title='bbox 1099 1945 1185 1971; x_wconf 75' lang='lat' dir='ltr'>Tard.</span> <span class='ocrx_word' id='word_1_1010' title='bbox 1210 1953 1231 1978; x_wconf 90' lang='lat'>1,</span> <span class='ocrx_word' id='word_1_1011' title='bbox 1255 1946 1272 1971; x_wconf 88' lang='lat'>6</span> 
     </span>
     <span class='ocr_line' id='line_1_104' title="bbox 214 1981 1165 2020; baseline -0.006 -7"><span class='ocrx_word' id='word_1_1012' title='bbox 214 1985 396 2020; x_wconf 87' lang='lat' dir='ltr'>Corporatiua</span> <span class='ocrx_word' id='word_1_1013' title='bbox 411 1982 561 2015; x_wconf 86' lang='lat' dir='ltr'>adiutoria,</span> <span class='ocrx_word' id='word_1_1014' title='bbox 580 1985 598 2008; x_wconf 84' lang='lat' dir='ltr'>i.</span> <span class='ocrx_word' id='word_1_1015' title='bbox 612 1981 818 2013; x_wconf 80' lang='lat' dir='ltr'>corroborantia,</span> <span class='ocrx_word' id='word_1_1016' title='bbox 837 1986 865 2007; x_wconf 85' lang='lat' dir='ltr'>vt</span> <span class='ocrx_word' id='word_1_1017' title='bbox 879 1983 1036 2007; x_wconf 78' lang='lat' dir='ltr'>Ammannus</span> <span class='ocrx_word' id='word_1_1018' title='bbox 1056 1982 1165 2016; x_wconf 60' lang='lat' dir='ltr'>explicat</span> 
     </span>
    </p>

    <p class='ocr_par' dir='ltr' id='par_1_44' title="bbox 214 2015 1273 2083">
     <span class='ocr_line' id='line_1_105' title="bbox 252 2015 1273 2053; baseline -0.005 -6"><span class='ocrx_word' id='word_1_1019' title='bbox 252 2028 270 2047; x_wconf 90' lang='lat' dir='ltr'>c</span> <span class='ocrx_word' id='word_1_1020' title='bbox 280 2029 299 2047; x_wconf 88' lang='lat' dir='ltr'>o</span> <span class='ocrx_word' id='word_1_1021' title='bbox 308 2027 327 2046; x_wconf 82' lang='lat' dir='ltr'>R</span> <span class='ocrx_word' id='word_1_1022' title='bbox 335 2027 350 2046; x_wconf 76' lang='lat' dir='ltr'>r</span> <span class='ocrx_word' id='word_1_1023' title='bbox 360 2027 379 2047; x_wconf 94' lang='lat' dir='ltr'>o</span> <span class='ocrx_word' id='word_1_1024' title='bbox 388 2027 407 2046; x_wconf 84' lang='lat' dir='ltr'>R</span> <span class='ocrx_word' id='word_1_1025' title='bbox 416 2027 438 2047; x_wconf 81' lang='lat' dir='ltr'>A</span> <span class='ocrx_word' id='word_1_1026' title='bbox 447 2026 459 2046; x_wconf 87' lang='lat' dir='ltr'>s</span> <span class='ocrx_word' id='word_1_1027' title='bbox 468 2025 485 2046; x_wconf 87' lang='lat' dir='ltr'>c</span> <span class='ocrx_word' id='word_1_1028' title='bbox 494 2026 513 2046; x_wconf 94' lang='lat' dir='ltr'>o</span> <span class='ocrx_word' id='word_1_1029' title='bbox 523 2038 532 2052; x_wconf 87' lang='lat'>,</span> <span class='ocrx_word' id='word_1_1030' title='bbox 549 2021 602 2045; x_wconf 73' lang='lat' dir='ltr'>ere.</span> <span class='ocrx_word' id='word_1_1031' title='bbox 640 2018 736 2053; x_wconf 78' lang='lat' dir='ltr'>Corpus</span> <span class='ocrx_word' id='word_1_1032' title='bbox 759 2016 824 2053; x_wconf 78' lang='lat' dir='ltr'>fieri</span> <span class='ocrx_word' id='word_1_1033' title='bbox 852 2018 893 2042; x_wconf 78' lang='lat' dir='ltr'>vel</span> <span class='ocrx_word' id='word_1_1034' title='bbox 921 2015 1044 2050; x_wconf 73' lang='lat' dir='ltr'>affimzcre.</span> <span class='ocrx_word' id='word_1_1035' title='bbox 1097 2016 1190 2053; x_wconf 76' lang='lat' dir='ltr'>Claud.</span> <span class='ocrx_word' id='word_1_1036' title='bbox 1217 2017 1273 2042; x_wconf 83' lang='lat' dir='ltr'>Ma-</span> 
     </span>
     <span class='ocr_line' id='line_1_106' title="bbox 214 2061 698 2083; baseline -0.01 0"><span class='ocrx_word' id='word_1_1037' title='bbox 214 2061 292 2083; x_wconf 89' lang='lat' dir='ltr'>mert.</span> <span class='ocrx_word' id='word_1_1038' title='bbox 308 2063 317 2080; x_wconf 95' lang='lat'>1</span> <span class='ocrx_word' id='word_1_1039' title='bbox 342 2063 351 2080; x_wconf 93' lang='grc'>1</span> <span class='ocrx_word' id='word_1_1040' title='bbox 374 2074 381 2080; x_wconf 93' lang='grc'>.</span> <span class='ocrx_word' id='word_1_1041' title='bbox 692 2076 698 2083; x_wconf 91' lang='grc'>,</span> 
     </span>
    </p>

    <p class='ocr_par' dir='ltr' id='par_1_45' title="bbox 215 2064 1272 2158">
     <span class='ocr_line' id='line_1_107' title="bbox 253 2064 1272 2122; baseline -0.002 -5"><span class='ocrx_word' id='word_1_1042' title='bbox 253 2096 272 2117; x_wconf 90' lang='lat' dir='ltr'>c</span> <span class='ocrx_word' id='word_1_1043' title='bbox 285 2096 305 2116; x_wconf 94' lang='grc'>0</span> <span class='ocrx_word' id='word_1_1044' title='bbox 316 2064 389 2116; x_wconf 64' lang='lat' dir='ltr'>RP4O</span> <span class='ocrx_word' id='word_1_1045' title='bbox 399 2095 418 2115; x_wconf 86' lang='lat' dir='ltr'>R</span> <span class='ocrx_word' id='word_1_1046' title='bbox 428 2089 469 2115; x_wconf 77' lang='lat'>68</span> <span class='ocrx_word' id='word_1_1047' title='bbox 478 2094 500 2113; x_wconf 91' lang='lat' dir='ltr'>V</span> <span class='ocrx_word' id='word_1_1048' title='bbox 509 2095 522 2113; x_wconf 78' lang='lat' dir='ltr'>S</span> <span class='ocrx_word' id='word_1_1049' title='bbox 531 2107 539 2119; x_wconf 89' lang='lat'>,</span> <span class='ocrx_word' id='word_1_1050' title='bbox 558 2097 572 2113; x_wconf 85' lang='lat' dir='ltr'>a</span> <span class='ocrx_word' id='word_1_1051' title='bbox 581 2108 589 2119; x_wconf 89' lang='lat'>,</span> <span class='ocrx_word' id='word_1_1052' title='bbox 606 2097 662 2114; x_wconf 88' lang='lat' dir='ltr'>um.</span> <span class='ocrx_word' id='word_1_1053' title='bbox 679 2088 740 2114; x_wconf 83' lang='lat' dir='ltr'>Adi.</span> <span class='ocrx_word' id='word_1_1054' title='bbox 766 2087 904 2121; x_wconf 67' lang='grc' dir='ltr'>[εῧσωμος,</span> <span class='ocrx_word' id='word_1_1055' title='bbox 923 2088 1114 2122; x_wconf 81' lang='lat' dir='ltr'>corpulentus]</span> <span class='ocrx_word' id='word_1_1056' title='bbox 1135 2087 1216 2114; x_wconf 80' lang='lat' dir='ltr'>Gloff.</span> <span class='ocrx_word' id='word_1_1057' title='bbox 1225 2089 1272 2115; x_wconf 88' lang='lat' dir='ltr'>Gr.</span> 
     </span>
     <span class='ocr_line' id='line_1_108' title="bbox 215 2122 1253 2158; baseline -0.004 -5"><span class='ocrx_word' id='word_1_1058' title='bbox 215 2125 274 2156; x_wconf 84' lang='lat' dir='ltr'>Lat.</span> <span class='ocrx_word' id='word_1_1059' title='bbox 311 2125 384 2151; x_wconf 82' lang='lat' dir='ltr'>Cael.</span> <span class='ocrx_word' id='word_1_1060' title='bbox 399 2122 490 2151; x_wconf 76' lang='lat' dir='ltr'>Aurei.</span> <span class='ocrx_word' id='word_1_1061' title='bbox 504 2123 622 2153; x_wconf 79' lang='lat' dir='ltr'>Acut.13,</span> <span class='ocrx_word' id='word_1_1062' title='bbox 632 2129 661 2155; x_wconf 82' lang='lat'>17</span> <span class='ocrx_word' id='word_1_1063' title='bbox 680 2123 830 2154; x_wconf 82' lang='lat' dir='ltr'>Corporosa</span> <span class='ocrx_word' id='word_1_1064' title='bbox 845 2123 1005 2154; x_wconf 64' lang='lat' dir='ltr'>inductura,</span> <span class='ocrx_word' id='word_1_1065' title='bbox 1022 2127 1041 2149; x_wconf 84' lang='lat' dir='ltr'>i.</span> <span class='ocrx_word' id='word_1_1066' title='bbox 1055 2133 1159 2158; x_wconf 71' lang='lat' dir='ltr'>magnae</span> <span class='ocrx_word' id='word_1_1067' title='bbox 1172 2125 1253 2150; x_wconf 76' lang='lat' dir='ltr'>molis.</span> 
     </span>
    </p>
   </div>
   <div class='ocr_carea' id='block_1_32' title="bbox 252 2155 1309 2189">
    <p class='ocr_par' dir='ltr' id='par_1_46' title="bbox 252 2155 1309 2189">
     <span class='ocr_line' id='line_1_109' title="bbox 252 2155 1309 2189; baseline -0.006 -1"><span class='ocrx_word' id='word_1_1068' title='bbox 252 2168 269 2188; x_wconf 94' lang='lat' dir='ltr'>C</span> <span class='ocrx_word' id='word_1_1069' title='bbox 278 2168 325 2188; x_wconf 92' lang='lat' dir='ltr'>OR</span> <span class='ocrx_word' id='word_1_1070' title='bbox 334 2168 348 2186; x_wconf 85' lang='lat' dir='ltr'>P</span> <span class='ocrx_word' id='word_1_1071' title='bbox 359 2167 377 2186; x_wconf 88' lang='lat' dir='ltr'>O</span> <span class='ocrx_word' id='word_1_1072' title='bbox 387 2166 405 2185; x_wconf 89' lang='lat' dir='ltr'>R</span> <span class='ocrx_word' id='word_1_1073' title='bbox 415 2166 431 2185; x_wconf 84' lang='lat' dir='ltr'>E</span> <span class='ocrx_word' id='word_1_1074' title='bbox 441 2165 457 2185; x_wconf 88' lang='lat' dir='ltr'><strong>c</strong></span> <span class='ocrx_word' id='word_1_1075' title='bbox 466 2166 486 2184; x_wconf 86' lang='lat' dir='ltr'>v</span> <span class='ocrx_word' id='word_1_1076' title='bbox 496 2165 508 2184; x_wconf 92' lang='lat' dir='ltr'>s</span> <span class='ocrx_word' id='word_1_1077' title='bbox 520 2165 540 2183; x_wconf 91' lang='lat' dir='ltr'>T</span> <span class='ocrx_word' id='word_1_1078' title='bbox 550 2164 568 2183; x_wconf 91' lang='lat' dir='ltr'>O</span> <span class='ocrx_word' id='word_1_1079' title='bbox 577 2165 599 2183; x_wconf 91' lang='lat' dir='ltr'>s.</span> <span class='ocrx_word' id='word_1_1080' title='bbox 636 2155 756 2189; x_wconf 85' lang='lat' dir='ltr'>Inscript.</span> <span class='ocrx_word' id='word_1_1081' title='bbox 771 2155 838 2189; x_wconf 71' lang='lat' dir='ltr'>apud</span> <span class='ocrx_word' id='word_1_1082' title='bbox 853 2156 930 2180; x_wconf 88' lang='lat' dir='ltr'>Grut.</span> <span class='ocrx_word' id='word_1_1083' title='bbox 945 2165 969 2188; x_wconf 91' lang='lat' dir='ltr'>p.</span> <span class='ocrx_word' id='word_1_1084' title='bbox 979 2160 1032 2181; x_wconf 85' lang='lat'>600</span> <span class='ocrx_word' id='word_1_1085' title='bbox 1044 2167 1069 2182; x_wconf 89' lang='lat' dir='ltr'>n.</span> <span class='ocrx_word' id='word_1_1086' title='bbox 1080 2167 1104 2183; x_wconf 88' lang='lat'>12</span> <span class='ocrx_word' id='word_1_1087' title='bbox 1121 2158 1139 2182; x_wconf 80' lang='grc' dir='ltr'><strong>Β</strong></span> <span class='ocrx_word' id='word_1_1088' title='bbox 1148 2159 1169 2182; x_wconf 86' lang='grc' dir='ltr'>Α</span> <span class='ocrx_word' id='word_1_1089' title='bbox 1178 2157 1193 2182; x_wconf 82' lang='lat' dir='ltr'>S</span> <span class='ocrx_word' id='word_1_1090' title='bbox 1203 2159 1217 2182; x_wconf 90' lang='lat' dir='ltr'>S</span> <span class='ocrx_word' id='word_1_1091' title='bbox 1226 2159 1249 2182; x_wconf 95' lang='lat' dir='ltr'>V</span> <span class='ocrx_word' id='word_1_1092' title='bbox 1258 2158 1272 2182; x_wconf 87' lang='lat' dir='ltr'>S</span> <span class='ocrx_word' id='word_1_1093' title='bbox 1282 2165 1309 2189; x_wconf 76' lang='lat'>53</span> 
     </span>
    </p>
   </div>
   <div class='ocr_carea' id='block_1_33' title="bbox 219 2190 1275 2259">
    <p class='ocr_par' dir='ltr' id='par_1_47' title="bbox 219 2190 1275 2259">
     <span class='ocr_line' id='line_1_110' title="bbox 219 2190 1263 2224; baseline -0.009 0"><span class='ocrx_word' id='word_1_1094' title='bbox 219 2197 274 2224; x_wconf 81' lang='lat' dir='ltr'>NE</span> <span class='ocrx_word' id='word_1_1095' title='bbox 283 2197 303 2222; x_wconf 79' lang='lat' dir='ltr'>R</span> <span class='ocrx_word' id='word_1_1096' title='bbox 314 2196 338 2223; x_wconf 90' lang='grc' dir='ltr'>Ο</span> <span class='ocrx_word' id='word_1_1097' title='bbox 346 2196 372 2222; x_wconf 89' lang='lat' dir='ltr'>N</span> <span class='ocrx_word' id='word_1_1098' title='bbox 381 2194 415 2221; x_wconf 95' lang='lat' dir='ltr'>IS</span> <span class='ocrx_word' id='word_1_1099' title='bbox 451 2194 473 2219; x_wconf 92' lang='lat' dir='ltr'>C</span> <span class='ocrx_word' id='word_1_1100' title='bbox 482 2193 503 2218; x_wconf 89' lang='lat' dir='ltr'>A</span> <span class='ocrx_word' id='word_1_1101' title='bbox 512 2193 531 2218; x_wconf 88' lang='lat' dir='ltr'>E</span> <span class='ocrx_word' id='word_1_1102' title='bbox 539 2192 553 2217; x_wconf 87' lang='lat' dir='ltr'>S</span> <span class='ocrx_word' id='word_1_1103' title='bbox 561 2192 583 2217; x_wconf 89' lang='lat' dir='ltr'>A</span> <span class='ocrx_word' id='word_1_1104' title='bbox 591 2191 654 2217; x_wconf 83' lang='lat' dir='ltr'>Rls</span> <span class='ocrx_word' id='word_1_1105' title='bbox 690 2190 1003 2216; x_wconf 76' lang='lat' dir='ltr'>CORPORECVSTOS.</span> <span class='ocrx_word' id='word_1_1106' title='bbox 1039 2190 1108 2216; x_wconf 79' lang='lat' dir='ltr'>Add.</span> <span class='ocrx_word' id='word_1_1107' title='bbox 1125 2191 1195 2216; x_wconf 86' lang='lat' dir='ltr'>ib.n.</span> <span class='ocrx_word' id='word_1_1108' title='bbox 1204 2200 1236 2222; x_wconf 81' lang='lat'>13.</span> <span class='ocrx_word' id='word_1_1109' title='bbox 1262 2196 1263 2199; x_wconf 57' lang='lat'>¹</span> 
     </span>
     <span class='ocr_line' id='line_1_111' title="bbox 257 2224 1275 2259; baseline -0.008 0"><span class='ocrx_word' id='word_1_1110' title='bbox 257 2238 274 2259; x_wconf 90' lang='lat' dir='ltr'>C</span> <span class='ocrx_word' id='word_1_1111' title='bbox 286 2237 306 2258; x_wconf 94' lang='grc' dir='ltr'><strong>Ο</strong></span> <span class='ocrx_word' id='word_1_1112' title='bbox 315 2239 334 2258; x_wconf 84' lang='lat' dir='ltr'>R</span> <span class='ocrx_word' id='word_1_1113' title='bbox 343 2239 357 2258; x_wconf 79' lang='grc' dir='ltr'>Ρ</span> <span class='ocrx_word' id='word_1_1114' title='bbox 366 2238 385 2257; x_wconf 90' lang='lat' dir='ltr'>O</span> <span class='ocrx_word' id='word_1_1115' title='bbox 395 2236 415 2256; x_wconf 80' lang='lat' dir='ltr'>R</span> <span class='ocrx_word' id='word_1_1116' title='bbox 424 2237 433 2256; x_wconf 91' lang='lat'>1</span> <span class='ocrx_word' id='word_1_1117' title='bbox 443 2234 459 2254; x_wconf 91' lang='lat' dir='ltr'>C</span> <span class='ocrx_word' id='word_1_1118' title='bbox 470 2230 483 2255; x_wconf 76' lang='lat'>1&#39;</span> <span class='ocrx_word' id='word_1_1119' title='bbox 491 2235 509 2255; x_wconf 90' lang='lat' dir='ltr'>D</span> <span class='ocrx_word' id='word_1_1120' title='bbox 518 2234 540 2254; x_wconf 77' lang='lat' dir='ltr'>A</span> <span class='ocrx_word' id='word_1_1121' title='bbox 549 2246 558 2259; x_wconf 85' lang='grc'><strong>,</strong></span> <span class='ocrx_word' id='word_1_1122' title='bbox 578 2235 617 2253; x_wconf 85' lang='lat' dir='ltr'>ae.</span> <span class='ocrx_word' id='word_1_1123' title='bbox 635 2235 670 2252; x_wconf 89' lang='lat' dir='ltr'>m.</span> <span class='ocrx_word' id='word_1_1124' title='bbox 707 2226 863 2258; x_wconf 72' lang='grc' dir='ltr'>μακελλίτηε</span> <span class='ocrx_word' id='word_1_1125' title='bbox 900 2224 978 2250; x_wconf 70' lang='grc' dir='ltr'>6101ῐὶ</span> <span class='ocrx_word' id='word_1_1126' title='bbox 995 2226 1088 2252; x_wconf 89' lang='lat' dir='ltr'>Graec.</span> <span class='ocrx_word' id='word_1_1127' title='bbox 1103 2225 1161 2252; x_wconf 82' lang='lat' dir='ltr'>Lat.</span> <span class='ocrx_word' id='word_1_1128' title='bbox 1188 2227 1275 2252; x_wconf 75' lang='lat' dir='ltr'>Fuerit</span> 
     </span>
    </p>
   </div>
   <div class='ocr_carea' id='block_1_34' title="bbox 215 2268 1274 2333">
    <p class='ocr_par' dir='ltr' id='par_1_48' title="bbox 215 2268 1274 2333">
     <span class='ocr_line' id='line_1_112' title="bbox 215 2268 1274 2333; baseline -0.005 -8"><span class='ocrx_word' id='word_1_1129' title='bbox 215 2275 305 2331; x_wconf 53' lang='lat' dir='ltr'><em>uagug</em></span> <span class='ocrx_word' id='word_1_1130' title='bbox 314 2268 420 2330; x_wconf 38' lang='lat' dir='ltr'>152⁷ng</span> <span class='ocrx_word' id='word_1_1131' title='bbox 432 2306 452 2326; x_wconf 92' lang='grc' dir='ltr'>ο</span> <span class='ocrx_word' id='word_1_1132' title='bbox 463 2320 472 2333; x_wconf 91' lang='grc'><strong>,</strong></span> <span class='ocrx_word' id='word_1_1133' title='bbox 502 2298 537 2331; x_wconf 83' lang='lat' dir='ltr'>fi,</span> <span class='ocrx_word' id='word_1_1134' title='bbox 562 2299 635 2330; x_wconf 88' lang='lat' dir='ltr'>sum,</span> <span class='ocrx_word' id='word_1_1135' title='bbox 664 2298 718 2323; x_wconf 66' lang='lat' dir='ltr'>ere.</span> <span class='ocrx_word' id='word_1_1136' title='bbox 753 2294 887 2325; x_wconf 78' lang='lat' dir='ltr'>Radendo,</span> <span class='ocrx_word' id='word_1_1137' title='bbox 907 2301 931 2321; x_wconf 78' lang='lat' dir='ltr'>et</span> <span class='ocrx_word' id='word_1_1138' title='bbox 963 2297 1083 2320; x_wconf 74' lang='lat' dir='ltr'>minutias</span> <span class='ocrx_word' id='word_1_1139' title='bbox 1109 2295 1274 2330; x_wconf 74' lang='lat' dir='ltr'>persequendo</span> 
     </span>
    </p>
   </div>
   <div class='ocr_carea' id='block_1_35' title="bbox 1282 1978 2388 2051">
    <p class='ocr_par' dir='ltr' id='par_1_49' title="bbox 1282 1978 2388 2051">
     <span class='ocr_line' id='line_1_113' title="bbox 1282 1978 2388 2051; baseline -0.002 -11"><span class='ocrx_word' id='word_1_1140' title='bbox 1282 1988 1314 2012; x_wconf 46' lang='grc' dir='ltr'>,Ο</span> <span class='ocrx_word' id='word_1_1141' title='bbox 1337 1978 1560 2050; x_wconf 32' lang='lat' dir='ltr'>&amp;Zp-&amp;gazaz</span> <span class='ocrx_word' id='word_1_1142' title='bbox 1579 2015 1646 2051; x_wconf 75' lang='lat' dir='ltr'>apud</span> <span class='ocrx_word' id='word_1_1143' title='bbox 1664 2016 1794 2049; x_wconf 85' lang='lat' dir='ltr'>Hermog.</span> <span class='ocrx_word' id='word_1_1144' title='bbox 1814 2015 1842 2040; x_wconf 90' lang='lat' dir='ltr'>in</span> <span class='ocrx_word' id='word_1_1145' title='bbox 1862 2014 1881 2041; x_wconf 92' lang='lat' dir='ltr'>l.</span> <span class='ocrx_word' id='word_1_1146' title='bbox 1896 2014 1928 2040; x_wconf 90' lang='lat' dir='ltr'>de</span> <span class='ocrx_word' id='word_1_1147' title='bbox 1941 2014 2068 2040; x_wconf 83' lang='lat' dir='ltr'>omnibus</span> <span class='ocrx_word' id='word_1_1148' title='bbox 2094 2014 2127 2040; x_wconf 91' lang='lat' dir='ltr'>D.</span> <span class='ocrx_word' id='word_1_1149' title='bbox 2142 2013 2174 2039; x_wconf 86' lang='lat' dir='ltr'>de</span> <span class='ocrx_word' id='word_1_1150' title='bbox 2189 2012 2257 2041; x_wconf 84' lang='lat' dir='ltr'>offic.</span> <span class='ocrx_word' id='word_1_1151' title='bbox 2278 2013 2388 2048; x_wconf 80' lang='lat' dir='ltr'>praefid.</span> 
     </span>
    </p>
   </div>
   <div class='ocr_carea' id='block_1_36' title="bbox 1337 2093 1467 2122">
    <p class='ocr_par' dir='ltr' id='par_1_50' title="bbox 1337 2093 1467 2122">
     <span class='ocr_line' id='line_1_114' title="bbox 1337 2093 1467 2122; baseline 0 -9"><span class='ocrx_word' id='word_1_1152' title='bbox 1337 2093 1467 2122; x_wconf 72' lang='lat' dir='ltr'>apparent.</span> 
     </span>
    </p>
   </div>
   <div class='ocr_carea' id='block_1_37' title="bbox 1338 1834 2401 2013">
    <p class='ocr_par' dir='ltr' id='par_1_51' title="bbox 1338 1834 2401 2013">
     <span class='ocr_line' id='line_1_115' title="bbox 1375 1834 2389 1872; baseline 0 -10"><span class='ocrx_word' id='word_1_1153' title='bbox 1375 1842 1392 1862; x_wconf 86' lang='lat' dir='ltr'><strong>c</strong></span> <span class='ocrx_word' id='word_1_1154' title='bbox 1402 1841 1420 1861; x_wconf 90' lang='lat' dir='ltr'>o</span> <span class='ocrx_word' id='word_1_1155' title='bbox 1430 1842 1448 1861; x_wconf 81' lang='lat' dir='ltr'>R</span> <span class='ocrx_word' id='word_1_1156' title='bbox 1459 1842 1475 1861; x_wconf 68' lang='lat' dir='ltr'>n</span> <span class='ocrx_word' id='word_1_1157' title='bbox 1486 1842 1501 1861; x_wconf 74' lang='lat' dir='ltr'>r</span> <span class='ocrx_word' id='word_1_1158' title='bbox 1511 1842 1528 1862; x_wconf 88' lang='lat' dir='ltr'>c</span> <span class='ocrx_word' id='word_1_1159' title='bbox 1541 1843 1561 1862; x_wconf 80' lang='lat' dir='ltr'>T</span> <span class='ocrx_word' id='word_1_1160' title='bbox 1571 1844 1589 1861; x_wconf 80' lang='lat' dir='ltr'>o</span> <span class='ocrx_word' id='word_1_1161' title='bbox 1599 1843 1616 1862; x_wconf 78' lang='lat' dir='ltr'>R</span> <span class='ocrx_word' id='word_1_1162' title='bbox 1626 1857 1634 1869; x_wconf 86' lang='lat'>,</span> <span class='ocrx_word' id='word_1_1163' title='bbox 1661 1838 1725 1864; x_wconf 66' lang='lat' dir='ltr'>oris.</span> <span class='ocrx_word' id='word_1_1164' title='bbox 1761 1846 1796 1863; x_wconf 91' lang='lat' dir='ltr'>m.</span> <span class='ocrx_word' id='word_1_1165' title='bbox 1833 1834 1999 1872; x_wconf 69' lang='grc' dir='ltr'>[διορθωτὴς]</span> <span class='ocrx_word' id='word_1_1166' title='bbox 2036 1836 2105 1863; x_wconf 89' lang='lat' dir='ltr'>Ter.</span> <span class='ocrx_word' id='word_1_1167' title='bbox 2119 1835 2232 1870; x_wconf 83' lang='lat' dir='ltr'>Adelph.</span> <span class='ocrx_word' id='word_1_1168' title='bbox 2251 1845 2286 1871; x_wconf 84' lang='lat'>4,</span> <span class='ocrx_word' id='word_1_1169' title='bbox 2301 1843 2335 1870; x_wconf 87' lang='grc'>7,</span> <span class='ocrx_word' id='word_1_1170' title='bbox 2354 1841 2389 1868; x_wconf 84' lang='lat'>24</span> 
     </span>
     <span class='ocr_line' id='line_1_116' title="bbox 1338 1870 2401 1907; baseline 0.001 -11"><span class='ocrx_word' id='word_1_1171' title='bbox 1338 1870 1423 1903; x_wconf 71' lang='lat' dir='ltr'>Illud,</span> <span class='ocrx_word' id='word_1_1172' title='bbox 1443 1871 1515 1906; x_wconf 88' lang='lat' dir='ltr'>quod</span> <span class='ocrx_word' id='word_1_1173' title='bbox 1528 1872 1624 1898; x_wconf 85' lang='lat' dir='ltr'>cecidit</span> <span class='ocrx_word' id='word_1_1174' title='bbox 1637 1872 1723 1903; x_wconf 80' lang='lat' dir='ltr'>forte,</span> <span class='ocrx_word' id='word_1_1175' title='bbox 1743 1872 1771 1898; x_wconf 84' lang='lat' dir='ltr'>id</span> <span class='ocrx_word' id='word_1_1176' title='bbox 1785 1877 1849 1904; x_wconf 88' lang='lat' dir='ltr'>arte,</span> <span class='ocrx_word' id='word_1_1177' title='bbox 1863 1879 1891 1898; x_wconf 89' lang='lat' dir='ltr'>vt</span> <span class='ocrx_word' id='word_1_1178' title='bbox 1905 1872 2030 1907; x_wconf 81' lang='lat' dir='ltr'>corrigas.</span> <span class='ocrx_word' id='word_1_1179' title='bbox 2069 1879 2096 1899; x_wconf 87' lang='lat' dir='ltr'>D.</span> <span class='ocrx_word' id='word_1_1180' title='bbox 2115 1872 2260 1899; x_wconf 67' lang='lat' dir='ltr'>corrector.</span> <span class='ocrx_word' id='word_1_1181' title='bbox 2292 1873 2401 1898; x_wconf 56' lang='lat' dir='ltr'>ironia-</span> 
     </span>
     <span class='ocr_line' id='line_1_117' title="bbox 1341 1906 2390 1942; baseline 0.001 -10"><span class='ocrx_word' id='word_1_1182' title='bbox 1341 1906 1486 1933; x_wconf 68' lang='lat' dir='ltr'>Correeior</span> <span class='ocrx_word' id='word_1_1183' title='bbox 1500 1914 1578 1942; x_wconf 84' lang='lat' dir='ltr'>atquc</span> <span class='ocrx_word' id='word_1_1184' title='bbox 1592 1908 1746 1935; x_wconf 76' lang='lat' dir='ltr'>emendator</span> <span class='ocrx_word' id='word_1_1185' title='bbox 1760 1908 1818 1934; x_wconf 91' lang='lat' dir='ltr'>Cic.</span> <span class='ocrx_word' id='word_1_1186' title='bbox 1834 1917 1884 1942; x_wconf 90' lang='lat' dir='ltr'>pro</span> <span class='ocrx_word' id='word_1_1187' title='bbox 1897 1909 1978 1934; x_wconf 88' lang='lat' dir='ltr'>Corn.</span> <span class='ocrx_word' id='word_1_1188' title='bbox 1992 1906 2064 1934; x_wconf 82' lang='lat' dir='ltr'>Balb.</span> <span class='ocrx_word' id='word_1_1189' title='bbox 2079 1916 2113 1934; x_wconf 87' lang='lat'>20</span> <span class='ocrx_word' id='word_1_1190' title='bbox 2133 1916 2154 1933; x_wconf 91' lang='lat' dir='ltr'>c.</span> <span class='ocrx_word' id='word_1_1191' title='bbox 2171 1913 2193 1937; x_wconf 86' lang='lat'>8.</span> <span class='ocrx_word' id='word_1_1192' title='bbox 2266 1906 2390 1933; x_wconf 81' lang='lat' dir='ltr'>Inuidiae</span> 
     </span>
     <span class='ocr_line' id='line_1_118' title="bbox 1338 1941 2388 1978; baseline 0 -10"><span class='ocrx_word' id='word_1_1193' title='bbox 1338 1943 1434 1969; x_wconf 85' lang='lat' dir='ltr'>Horat.</span> <span class='ocrx_word' id='word_1_1194' title='bbox 1449 1943 1528 1977; x_wconf 83' lang='lat' dir='ltr'>Epist.</span> <span class='ocrx_word' id='word_1_1195' title='bbox 1542 1952 1564 1976; x_wconf 82' lang='lat'>2,</span> <span class='ocrx_word' id='word_1_1196' title='bbox 1580 1952 1599 1975; x_wconf 88' lang='lat'>1,</span> <span class='ocrx_word' id='word_1_1197' title='bbox 1615 1952 1669 1977; x_wconf 83' lang='lat'>129.</span> <span class='ocrx_word' id='word_1_1198' title='bbox 1759 1943 1914 1977; x_wconf 85' lang='lat' dir='ltr'>Asperitatis</span> <span class='ocrx_word' id='word_1_1199' title='bbox 1933 1943 2006 1969; x_wconf 84' lang='lat' dir='ltr'>Idem</span> <span class='ocrx_word' id='word_1_1200' title='bbox 2027 1943 2105 1977; x_wconf 80' lang='lat' dir='ltr'>Epist.</span> <span class='ocrx_word' id='word_1_1201' title='bbox 2119 1951 2145 1975; x_wconf 91' lang='lat'>2,</span> <span class='ocrx_word' id='word_1_1202' title='bbox 2159 1951 2184 1976; x_wconf 91' lang='lat'>1,</span> <span class='ocrx_word' id='word_1_1203' title='bbox 2202 1951 2256 1976; x_wconf 89' lang='lat'>129.</span> <span class='ocrx_word' id='word_1_1204' title='bbox 2311 1941 2388 1978; x_wconf 79' lang='lat' dir='ltr'>Conf.</span> 
     </span>
     <span class='ocr_line' id='line_1_119' title="bbox 1580 1976 2391 2013; baseline -0.001 -8"><span class='ocrx_word' id='word_1_1205' title='bbox 1580 1979 1646 2005; x_wconf 90' lang='lat' dir='ltr'>Plin.</span> <span class='ocrx_word' id='word_1_1206' title='bbox 1663 1980 1757 2013; x_wconf 86' lang='lat' dir='ltr'>Paneg.</span> <span class='ocrx_word' id='word_1_1207' title='bbox 1777 1989 1799 2005; x_wconf 87' lang='lat' dir='ltr'>c.</span> <span class='ocrx_word' id='word_1_1208' title='bbox 1814 1981 1838 2005; x_wconf 87' lang='lat'>6.</span> <span class='ocrx_word' id='word_1_1209' title='bbox 1924 1978 2111 2010; x_wconf 72' lang='lat' dir='ltr'>Corre&amp;ores‚</span> <span class='ocrx_word' id='word_1_1210' title='bbox 2130 1986 2174 2013; x_wconf 84' lang='lat' dir='ltr'>pro</span> <span class='ocrx_word' id='word_1_1211' title='bbox 2196 1976 2344 2005; x_wconf 61' lang='lat' dir='ltr'>Reaorihus</span> <span class='ocrx_word' id='word_1_1212' title='bbox 2364 1983 2391 2004; x_wconf 74' lang='lat' dir='ltr'>et</span> 
     </span>
    </p>
   </div>
   <div class='ocr_carea' id='block_1_38' title="bbox 1338 2048 2406 2229">
    <p class='ocr_par' dir='ltr' id='par_1_52' title="bbox 1343 2048 2392 2087">
     <span class='ocr_line' id='line_1_120' title="bbox 1343 2048 2392 2087; baseline -0.004 -9"><span class='ocrx_word' id='word_1_1213' title='bbox 1343 2050 1468 2078; x_wconf 75' lang='lat' dir='ltr'>Videntur</span> <span class='ocrx_word' id='word_1_1214' title='bbox 1480 2050 1559 2087; x_wconf 76' lang='lat' dir='ltr'>fuzffi&#39;</span> <span class='ocrx_word' id='word_1_1215' title='bbox 1577 2051 1756 2087; x_wconf 60' lang='lat' dir='ltr'>antiqtttjffinii,</span> <span class='ocrx_word' id='word_1_1216' title='bbox 1769 2050 1893 2086; x_wconf 67' lang='lat' dir='ltr'>siquidem</span> <span class='ocrx_word' id='word_1_1217' title='bbox 1912 2053 1939 2076; x_wconf 86' lang='lat' dir='ltr'>in</span> <span class='ocrx_word' id='word_1_1218' title='bbox 1958 2049 2080 2076; x_wconf 82' lang='lat' dir='ltr'>veteribus</span> <span class='ocrx_word' id='word_1_1219' title='bbox 2099 2048 2302 2084; x_wconf 61' lang='lat' dir='ltr'>ivis&#39;cripnmu&#39;bus</span> <span class='ocrx_word' id='word_1_1220' title='bbox 2316 2049 2392 2083; x_wconf 70' lang='lat' dir='ltr'>saepe</span> 
     </span>
    </p>

    <p class='ocr_par' dir='ltr' id='par_1_53' title="bbox 1511 2084 2391 2121">
     <span class='ocr_line' id='line_1_121' title="bbox 1511 2084 2391 2121; baseline -0.005 -8"><span class='ocrx_word' id='word_1_1221' title='bbox 1511 2087 1568 2114; x_wconf 81' lang='lat' dir='ltr'>l&#39;id.</span> <span class='ocrx_word' id='word_1_1222' title='bbox 1584 2087 1690 2113; x_wconf 75' lang='lat' dir='ltr'>Gr&#39;uter.</span> <span class='ocrx_word' id='word_1_1223' title='bbox 1712 2096 1737 2121; x_wconf 88' lang='lat' dir='ltr'>p.</span> <span class='ocrx_word' id='word_1_1224' title='bbox 1750 2094 1803 2121; x_wconf 83' lang='lat'>279</span> <span class='ocrx_word' id='word_1_1225' title='bbox 1822 2095 1875 2119; x_wconf 91' lang='lat' dir='ltr'>n.4</span> <span class='ocrx_word' id='word_1_1226' title='bbox 1900 2084 2172 2113; x_wconf 83' lang='lat' dir='ltr'>CORRECTOR</span> <span class='ocrx_word' id='word_1_1227' title='bbox 2197 2084 2391 2115; x_wconf 70' lang='lat' dir='ltr'>1TAL1AE3</span> 
     </span>
    </p>

    <p class='ocr_par' dir='ltr' id='par_1_54' title="bbox 1338 2119 2388 2157">
     <span class='ocr_line' id='line_1_122' title="bbox 1338 2119 2388 2157; baseline -0.003 -9"><span class='ocrx_word' id='word_1_1228' title='bbox 1338 2128 1364 2148; x_wconf 90' lang='lat' dir='ltr'>et</span> <span class='ocrx_word' id='word_1_1229' title='bbox 1377 2123 1452 2156; x_wconf 79' lang='lat' dir='ltr'>saepe</span> <span class='ocrx_word' id='word_1_1230' title='bbox 1466 2122 1542 2150; x_wconf 90' lang='lat' dir='ltr'>alibi.</span> <span class='ocrx_word' id='word_1_1231' title='bbox 1600 2123 1703 2149; x_wconf 81' lang='lat' dir='ltr'>Reines.</span> <span class='ocrx_word' id='word_1_1232' title='bbox 1717 2124 1796 2149; x_wconf 81' lang='lat' dir='ltr'>inscr.</span> <span class='ocrx_word' id='word_1_1233' title='bbox 1812 2131 1836 2157; x_wconf 90' lang='lat' dir='ltr'>p.</span> <span class='ocrx_word' id='word_1_1234' title='bbox 1849 2130 1906 2155; x_wconf 87' lang='grc'>399.</span> <span class='ocrx_word' id='word_1_1235' title='bbox 1952 2122 2060 2155; x_wconf 87' lang='lat' dir='ltr'>Eutrop.</span> <span class='ocrx_word' id='word_1_1236' title='bbox 2070 2129 2096 2153; x_wconf 87' lang='grc'>9,</span> <span class='ocrx_word' id='word_1_1237' title='bbox 2104 2128 2128 2153; x_wconf 90' lang='grc'>9.</span> <span class='ocrx_word' id='word_1_1238' title='bbox 2165 2119 2297 2146; x_wconf 77' lang='lat' dir='ltr'>Ammian.</span> <span class='ocrx_word' id='word_1_1239' title='bbox 2311 2125 2388 2155; x_wconf 83' lang='lat'>27,4.</span> 
     </span>
    </p>

    <p class='ocr_par' dir='ltr' id='par_1_55' title="bbox 1345 2153 2406 2229">
     <span class='ocr_line' id='line_1_123' title="bbox 1345 2153 2406 2192; baseline -0.002 -10"><span class='ocrx_word' id='word_1_1240' title='bbox 1345 2158 1542 2192; x_wconf 70' lang='lat' dir='ltr'>Vid.Dchigius</span> <span class='ocrx_word' id='word_1_1241' title='bbox 1554 2158 1586 2184; x_wconf 86' lang='lat' dir='ltr'>de</span> <span class='ocrx_word' id='word_1_1242' title='bbox 1600 2158 1807 2185; x_wconf 66' lang='lat' dir='ltr'>Cori-cetoribus</span> <span class='ocrx_word' id='word_1_1243' title='bbox 1820 2158 1930 2192; x_wconf 88' lang='lat' dir='ltr'>imperii</span> <span class='ocrx_word' id='word_1_1244' title='bbox 1937 2158 2016 2184; x_wconf 87' lang='lat' dir='ltr'>Rom.</span> <span class='ocrx_word' id='word_1_1245' title='bbox 2036 2157 2106 2191; x_wconf 89' lang='lat' dir='ltr'>Lips.</span> <span class='ocrx_word' id='word_1_1246' title='bbox 2122 2163 2192 2190; x_wconf 85' lang='lat'>1739.</span> <span class='ocrx_word' id='word_1_1247' title='bbox 2344 2161 2348 2162; x_wconf 51' lang='lat'><em>⁷</em></span> <span class='ocrx_word' id='word_1_1248' title='bbox 2372 2153 2378 2160; x_wconf 92' lang='lat'><strong><em>‘</em></strong></span> <span class='ocrx_word' id='word_1_1249' title='bbox 2396 2160 2406 2171; x_wconf 64' lang='lat'>*¹</span> 
     </span>
     <span class='ocr_line' id='line_1_124' title="bbox 1375 2189 2236 2229; baseline 0.003 -13"><span class='ocrx_word' id='word_1_1250' title='bbox 1375 2196 1392 2217; x_wconf 87' lang='lat' dir='ltr'>c</span> <span class='ocrx_word' id='word_1_1251' title='bbox 1401 2197 1420 2216; x_wconf 90' lang='lat' dir='ltr'>o</span> <span class='ocrx_word' id='word_1_1252' title='bbox 1429 2197 1448 2216; x_wconf 81' lang='lat' dir='ltr'>R</span> <span class='ocrx_word' id='word_1_1253' title='bbox 1458 2198 1476 2216; x_wconf 85' lang='lat' dir='ltr'>R</span> <span class='ocrx_word' id='word_1_1254' title='bbox 1486 2198 1502 2217; x_wconf 82' lang='lat' dir='ltr'>E</span> <span class='ocrx_word' id='word_1_1255' title='bbox 1512 2198 1529 2217; x_wconf 85' lang='lat' dir='ltr'>c</span> <span class='ocrx_word' id='word_1_1256' title='bbox 1541 2199 1562 2218; x_wconf 90' lang='lat' dir='ltr'>T</span> <span class='ocrx_word' id='word_1_1257' title='bbox 1572 2193 1594 2217; x_wconf 51' lang='lat' dir='ltr'>x?</span> <span class='ocrx_word' id='word_1_1258' title='bbox 1602 2199 1620 2219; x_wconf 82' lang='lat' dir='ltr'>R</span> <span class='ocrx_word' id='word_1_1259' title='bbox 1628 2200 1650 2220; x_wconf 79' lang='lat' dir='ltr'>A</span> <span class='ocrx_word' id='word_1_1260' title='bbox 1658 2213 1666 2224; x_wconf 84' lang='grc'><strong>,</strong></span> <span class='ocrx_word' id='word_1_1261' title='bbox 1699 2202 1738 2219; x_wconf 80' lang='lat' dir='ltr'>ae.</span> <span class='ocrx_word' id='word_1_1262' title='bbox 1781 2193 1797 2218; x_wconf 88' lang='lat' dir='ltr'>f</span> <span class='ocrx_word' id='word_1_1263' title='bbox 1851 2194 1933 2229; x_wconf 62' lang='lat' dir='ltr'>lpfiim</span> <span class='ocrx_word' id='word_1_1264' title='bbox 1953 2203 1977 2227; x_wconf 43' lang='lat' dir='ltr'>o,</span> <span class='ocrx_word' id='word_1_1265' title='bbox 1995 2196 2058 2219; x_wconf 81' lang='lat' dir='ltr'>cium</span> <span class='ocrx_word' id='word_1_1266' title='bbox 2077 2189 2236 2219; x_wconf 57' lang='lat' dir='ltr'>comestoris.</span> 
     </span>
    </p>
   </div>
   <div class='ocr_carea' id='block_1_39' title="bbox 1337 2226 2356 2259">
    <p class='ocr_par' dir='ltr' id='par_1_56' title="bbox 1337 2226 2356 2259">
     <span class='ocr_line' id='line_1_125' title="bbox 1337 2226 2356 2259; baseline 0.001 -8"><span class='ocrx_word' id='word_1_1267' title='bbox 1337 2226 1439 2252; x_wconf 83' lang='lat' dir='ltr'>Parent.</span> <span class='ocrx_word' id='word_1_1268' title='bbox 1455 2235 1497 2259; x_wconf 80' lang='lat'>24,</span> <span class='ocrx_word' id='word_1_1269' title='bbox 1513 2235 1533 2253; x_wconf 90' lang='lat'>11</span> <span class='ocrx_word' id='word_1_1270' title='bbox 1554 2227 1626 2254; x_wconf 91' lang='lat' dir='ltr'>Nam</span> <span class='ocrx_word' id='word_1_1271' title='bbox 1640 2228 1809 2255; x_wconf 63' lang='lat' dir='ltr'>correehirae</span> <span class='ocrx_word' id='word_1_1272' title='bbox 1822 2228 1874 2255; x_wconf 90' lang='lat' dir='ltr'>tibi</span> <span class='ocrx_word' id='word_1_1273' title='bbox 1885 2230 2007 2255; x_wconf 89' lang='lat' dir='ltr'>Tarraco</span> <span class='ocrx_word' id='word_1_1274' title='bbox 2019 2228 2096 2254; x_wconf 85' lang='lat' dir='ltr'>lbera</span> <span class='ocrx_word' id='word_1_1275' title='bbox 2111 2227 2229 2253; x_wconf 88' lang='lat' dir='ltr'>tribunal</span> <span class='ocrx_word' id='word_1_1276' title='bbox 2256 2226 2356 2255; x_wconf 76' lang='lat' dir='ltr'>Praebn</span> 
     </span>
    </p>
   </div>
   <div class='ocr_carea' id='block_1_40' title="bbox 1783 2169 2465 2391">
    <p class='ocr_par' dir='ltr' id='par_1_57' title="bbox 1783 2169 2465 2391">
     <span class='ocr_line' id='line_1_126' title="bbox 1795 2169 2407 2227; baseline -0.002 -8"><span class='ocrx_word' id='word_1_1277' title='bbox 1795 2213 1802 2219; x_wconf 90' lang='lat'>.</span> <span class='ocrx_word' id='word_1_1278' title='bbox 1962 2192 1996 2227; x_wconf 58' lang='lat' dir='ltr'>ft?</span> <span class='ocrx_word' id='word_1_1279' title='bbox 2292 2169 2407 2218; x_wconf 51' lang='lat' dir='ltr'>Auemd&gt;</span> 
     </span>
     <span class='ocr_line' id='line_1_127' title="bbox 1783 2177 2456 2333; baseline -0.004 -43"><span class='ocrx_word' id='word_1_1280' title='bbox 1783 2264 1925 2291; x_wconf 63' lang='lat' dir='ltr'>Aunvi&amp;</span> <span class='ocrx_word' id='word_1_1281' title='bbox 1940 2265 2012 2291; x_wconf 88' lang='lat' dir='ltr'>Caes.</span> <span class='ocrx_word' id='word_1_1282' title='bbox 2024 2271 2062 2296; x_wconf 75' lang='lat'>35,</span> <span class='ocrx_word' id='word_1_1283' title='bbox 2074 2271 2088 2296; x_wconf 77' lang='grc' dir='ltr'><em>ς</em></span> <span class='ocrx_word' id='word_1_1284' title='bbox 2110 2263 2167 2297; x_wconf 86' lang='lat' dir='ltr'>Ipse</span> <span class='ocrx_word' id='word_1_1285' title='bbox 2180 2263 2208 2288; x_wconf 89' lang='lat' dir='ltr'>in</span> <span class='ocrx_word' id='word_1_1286' title='bbox 2220 2183 2410 2333; x_wconf 48' lang='lat' dir='ltr'>“filij</span> <span class='ocrx_word' id='word_1_1287' title='bbox 2442 2177 2456 2303; x_wconf 66' lang='lat' dir='ltr'>i</span> 
     </span>
     <span class='ocr_line' id='line_1_128' title="bbox 2390 2361 2465 2391; baseline 0 -23"><span class='ocrx_word' id='word_1_1288' title='bbox 2390 2370 2405 2391; x_wconf 17' lang='grc' dir='ltr'>,γ</span> <span class='ocrx_word' id='word_1_1289' title='bbox 2450 2365 2451 2369; x_wconf 73' lang='grc'>,</span> <span class='ocrx_word' id='word_1_1290' title='bbox 2464 2361 2465 2368; x_wconf 63' lang='grc'>.</span> 
     </span>
    </p>
   </div>
   <div class='ocr_carea' id='block_1_41' title="bbox 1338 2261 1710 2290">
    <p class='ocr_par' dir='ltr' id='par_1_58' title="bbox 1338 2261 1710 2290">
     <span class='ocr_line' id='line_1_129' title="bbox 1338 2261 1710 2290; baseline 0.011 -4"><span class='ocrx_word' id='word_1_1291' title='bbox 1338 2261 1461 2288; x_wconf 67' lang='lat' dir='ltr'>affeetans</span> <span class='ocrx_word' id='word_1_1292' title='bbox 1475 2263 1524 2288; x_wconf 70' lang='lat' dir='ltr'>efl&#39;e</span> <span class='ocrx_word' id='word_1_1293' title='bbox 1540 2263 1636 2290; x_wconf 80' lang='lat' dir='ltr'>clienta</span> <span class='ocrx_word' id='word_1_1294' title='bbox 1649 2264 1710 2290; x_wconf 91' lang='lat' dir='ltr'>tibi.</span> 
     </span>
    </p>
   </div>
   <div class='ocr_carea' id='block_1_42' title="bbox 1338 2296 2323 2334">
    <p class='ocr_par' dir='ltr' id='par_1_59' title="bbox 1338 2296 2323 2334">
     <span class='ocr_line' id='line_1_130' title="bbox 1338 2296 2323 2334; baseline 0.003 -12"><span class='ocrx_word' id='word_1_1295' title='bbox 1338 2296 1448 2329; x_wconf 64' lang='lat' dir='ltr'>duEIus,</span> <span class='ocrx_word' id='word_1_1296' title='bbox 1469 2298 1601 2325; x_wconf 83' lang='lat' dir='ltr'>Lucaniae</span> <span class='ocrx_word' id='word_1_1297' title='bbox 1616 2299 1798 2326; x_wconf 69' lang='lat' dir='ltr'>correeh1ram</span> <span class='ocrx_word' id='word_1_1298' title='bbox 1813 2300 1959 2334; x_wconf 76' lang='lat' dir='ltr'>cooptauit.</span> <span class='ocrx_word' id='word_1_1299' title='bbox 2033 2302 2055 2326; x_wconf 83' lang='lat' dir='ltr'>A</span> <span class='ocrx_word' id='word_1_1300' title='bbox 2068 2298 2233 2333; x_wconf 80' lang='lat' dir='ltr'>corrigendis</span> <span class='ocrx_word' id='word_1_1301' title='bbox 2253 2304 2280 2325; x_wconf 90' lang='lat' dir='ltr'>et</span> <span class='ocrx_word' id='word_1_1302' title='bbox 2294 2307 2323 2325; x_wconf 84' lang='lat' dir='ltr'>m</span> 
     </span>
    </p>
   </div>
   <div class='ocr_carea' id='block_1_43' title="bbox 217 2325 2403 2373">
    <p class='ocr_par' dir='ltr' id='par_1_60' title="bbox 217 2325 2403 2373">
     <span class='ocr_line' id='line_1_131' title="bbox 217 2325 2403 2373; baseline -0.003 -6"><span class='ocrx_word' id='word_1_1303' title='bbox 217 2340 275 2368; x_wconf 83' lang='lat' dir='ltr'>colli</span> <span class='ocrx_word' id='word_1_1304' title='bbox 294 2348 340 2365; x_wconf 72' lang='lat' dir='ltr'>ere.</span> <span class='ocrx_word' id='word_1_1305' title='bbox 376 2338 491 2366; x_wconf 87' lang='lat' dir='ltr'>Terent.</span> <span class='ocrx_word' id='word_1_1306' title='bbox 517 2333 593 2360; x_wconf 87' lang='lat' dir='ltr'>Adel.</span> <span class='ocrx_word' id='word_1_1307' title='bbox 622 2341 654 2363; x_wconf 87' lang='lat'>2,</span> <span class='ocrx_word' id='word_1_1308' title='bbox 683 2340 717 2364; x_wconf 83' lang='lat'>2,</span> <span class='ocrx_word' id='word_1_1309' title='bbox 750 2340 783 2365; x_wconf 84' lang='lat'>34</span> <span class='ocrx_word' id='word_1_1310' title='bbox 823 2331 911 2358; x_wconf 86' lang='lat' dir='ltr'>Minas</span> <span class='ocrx_word' id='word_1_1311' title='bbox 947 2330 1036 2356; x_wconf 76' lang='lat' dir='ltr'>decem</span> <span class='ocrx_word' id='word_1_1312' title='bbox 1071 2331 1193 2356; x_wconf 81' lang='lat' dir='ltr'>corradet</span> <span class='ocrx_word' id='word_1_1313' title='bbox 1226 2330 1317 2356; x_wconf 83' lang='lat' dir='ltr'>ali-60</span> <span class='ocrx_word' id='word_1_1314' title='bbox 1336 2330 1433 2358; x_wconf 87' lang='lat' dir='ltr'>stinum</span> <span class='ocrx_word' id='word_1_1315' title='bbox 1452 2333 1575 2360; x_wconf 84' lang='lat' dir='ltr'>decorem</span> <span class='ocrx_word' id='word_1_1316' title='bbox 1594 2335 1764 2362; x_wconf 86' lang='lat' dir='ltr'>restituendis</span> <span class='ocrx_word' id='word_1_1317' title='bbox 1780 2336 1948 2368; x_wconf 80' lang='lat' dir='ltr'>Prouinciis,</span> <span class='ocrx_word' id='word_1_1318' title='bbox 1967 2333 2066 2362; x_wconf 56' lang='lat' dir='ltr'>duflum</span> <span class='ocrx_word' id='word_1_1319' title='bbox 2085 2335 2150 2362; x_wconf 85' lang='lat' dir='ltr'>hunc</span> <span class='ocrx_word' id='word_1_1320' title='bbox 2167 2334 2270 2362; x_wconf 78' lang='lat' dir='ltr'>honoris</span> <span class='ocrx_word' id='word_1_1321' title='bbox 2288 2325 2403 2373; x_wconf 50' lang='lat' dir='ltr'>titulifflj</span> 
     </span>
    </p>
   </div>
   <div class='ocr_carea' id='block_1_44' title="bbox 218 2365 1275 2652">
    <p class='ocr_par' dir='ltr' id='par_1_61' title="bbox 218 2365 1275 2652">
     <span class='ocr_line' id='line_1_132' title="bbox 219 2365 1270 2402; baseline -0.01 0"><span class='ocrx_word' id='word_1_1322' title='bbox 219 2385 270 2402; x_wconf 91' lang='lat' dir='ltr'>cun</span> <span class='ocrx_word' id='word_1_1323' title='bbox 291 2384 313 2401; x_wconf 92' lang='lat' dir='ltr'>e.</span> <span class='ocrx_word' id='word_1_1324' title='bbox 431 2372 500 2399; x_wconf 89' lang='lat' dir='ltr'>Ter.</span> <span class='ocrx_word' id='word_1_1325' title='bbox 514 2370 621 2396; x_wconf 88' lang='lat' dir='ltr'>Phorm.</span> <span class='ocrx_word' id='word_1_1326' title='bbox 636 2376 692 2400; x_wconf 88' lang='lat'>1,1‚</span> <span class='ocrx_word' id='word_1_1327' title='bbox 705 2368 721 2393; x_wconf 88' lang='grc'><strong>6</strong></span> <span class='ocrx_word' id='word_1_1328' title='bbox 741 2367 788 2399; x_wconf 89' lang='lat' dir='ltr'>Ei,</span> <span class='ocrx_word' id='word_1_1329' title='bbox 809 2366 904 2399; x_wconf 85' lang='lat' dir='ltr'>credo,</span> <span class='ocrx_word' id='word_1_1330' title='bbox 926 2375 1021 2392; x_wconf 88' lang='lat' dir='ltr'>numus</span> <span class='ocrx_word' id='word_1_1331' title='bbox 1041 2365 1091 2391; x_wconf 86' lang='lat' dir='ltr'>hoc</span> <span class='ocrx_word' id='word_1_1332' title='bbox 1112 2365 1270 2392; x_wconf 85' lang='lat' dir='ltr'>corraditur.</span> 
     </span>
     <span class='ocr_line' id='line_1_133' title="bbox 218 2401 1272 2443; baseline -0.01 -4"><span class='ocrx_word' id='word_1_1333' title='bbox 218 2410 384 2443; x_wconf 79' lang='lat' dir='ltr'>corradere,</span> <span class='ocrx_word' id='word_1_1334' title='bbox 406 2406 439 2441; x_wconf 76' lang='lat' dir='ltr'>est</span> <span class='ocrx_word' id='word_1_1335' title='bbox 457 2416 510 2434; x_wconf 86' lang='lat' dir='ltr'>cum</span> <span class='ocrx_word' id='word_1_1336' title='bbox 525 2404 800 2440; x_wconf 75' lang='lat' dir='ltr'>d1fficultateficmmam</span> <span class='ocrx_word' id='word_1_1337' title='bbox 815 2403 923 2437; x_wconf 74' lang='lat' dir='ltr'>aliquam</span> <span class='ocrx_word' id='word_1_1338' title='bbox 943 2411 972 2428; x_wconf 79' lang='lat' dir='ltr'>ex</span> <span class='ocrx_word' id='word_1_1339' title='bbox 990 2401 1132 2428; x_wconf 73' lang='lat' dir='ltr'>venditione</span> <span class='ocrx_word' id='word_1_1340' title='bbox 1151 2401 1272 2437; x_wconf 69' lang='lat' dir='ltr'>redigere.</span> 
     </span>
     <span class='ocr_line' id='line_1_134' title="bbox 218 2437 1273 2482; baseline -0.01 -8"><span class='ocrx_word' id='word_1_1341' title='bbox 218 2447 328 2482; x_wconf 86' lang='lat' dir='ltr'>leian.</span> <span class='ocrx_word' id='word_1_1342' title='bbox 352 2446 369 2472; x_wconf 91' lang='grc' dir='ltr'>Ι.</span> <span class='ocrx_word' id='word_1_1343' title='bbox 384 2452 397 2478; x_wconf 85' lang='grc' dir='ltr'><em>ς</em></span> <span class='ocrx_word' id='word_1_1344' title='bbox 423 2444 454 2470; x_wconf 90' lang='lat' dir='ltr'>D.</span> <span class='ocrx_word' id='word_1_1345' title='bbox 477 2442 508 2469; x_wconf 87' lang='lat' dir='ltr'>de</span> <span class='ocrx_word' id='word_1_1346' title='bbox 527 2442 626 2468; x_wconf 88' lang='lat' dir='ltr'>admin.</span> <span class='ocrx_word' id='word_1_1347' title='bbox 640 2446 689 2466; x_wconf 85' lang='lat' dir='ltr'>tut.</span> <span class='ocrx_word' id='word_1_1348' title='bbox 716 2440 755 2465; x_wconf 89' lang='lat' dir='ltr'>Ita</span> <span class='ocrx_word' id='word_1_1349' title='bbox 768 2444 856 2465; x_wconf 88' lang='lat' dir='ltr'>autem</span> <span class='ocrx_word' id='word_1_1350' title='bbox 871 2437 1031 2472; x_wconf 74' lang='lat' dir='ltr'>depositioni</span> <span class='ocrx_word' id='word_1_1351' title='bbox 1045 2438 1218 2472; x_wconf 84' lang='lat' dir='ltr'>pecuniarum</span> <span class='ocrx_word' id='word_1_1352' title='bbox 1234 2438 1273 2463; x_wconf 93' lang='lat' dir='ltr'>lo-</span> 
     </span>
     <span class='ocr_line' id='line_1_135' title="bbox 220 2473 1273 2515; baseline -0.01 -5"><span class='ocrx_word' id='word_1_1353' title='bbox 220 2493 265 2511; x_wconf 80' lang='lat' dir='ltr'>cus</span> <span class='ocrx_word' id='word_1_1354' title='bbox 279 2482 332 2515; x_wconf 86' lang='lat' dir='ltr'>est,</span> <span class='ocrx_word' id='word_1_1355' title='bbox 352 2481 370 2509; x_wconf 81' lang='lat' dir='ltr'>fi</span> <span class='ocrx_word' id='word_1_1356' title='bbox 385 2489 414 2507; x_wconf 87' lang='lat' dir='ltr'>ea</span> <span class='ocrx_word' id='word_1_1357' title='bbox 427 2481 528 2506; x_wconf 90' lang='lat' dir='ltr'>summa</span> <span class='ocrx_word' id='word_1_1358' title='bbox 543 2476 665 2508; x_wconf 82' lang='lat' dir='ltr'>corradi,</span> <span class='ocrx_word' id='word_1_1359' title='bbox 685 2474 712 2501; x_wconf 88' lang='lat' dir='ltr'>id</span> <span class='ocrx_word' id='word_1_1360' title='bbox 725 2474 762 2501; x_wconf 85' lang='lat' dir='ltr'>est</span> <span class='ocrx_word' id='word_1_1361' title='bbox 777 2474 870 2508; x_wconf 77' lang='lat' dir='ltr'>colligi</span> <span class='ocrx_word' id='word_1_1362' title='bbox 886 2473 974 2508; x_wconf 84' lang='lat' dir='ltr'>poffit,</span> <span class='ocrx_word' id='word_1_1363' title='bbox 994 2480 1023 2500; x_wconf 91' lang='lat' dir='ltr'>vt</span> <span class='ocrx_word' id='word_1_1364' title='bbox 1042 2473 1191 2508; x_wconf 84' lang='lat' dir='ltr'>comparari</span> <span class='ocrx_word' id='word_1_1365' title='bbox 1211 2482 1273 2507; x_wconf 86' lang='lat' dir='ltr'>ager</span> 
     </span>
     <span class='ocr_line' id='line_1_136' title="bbox 218 2509 1071 2555; baseline -0.013 -9"><span class='ocrx_word' id='word_1_1366' title='bbox 218 2519 303 2555; x_wconf 82' lang='lat' dir='ltr'>possit.</span> <span class='ocrx_word' id='word_1_1367' title='bbox 375 2515 463 2543; x_wconf 82' lang='lat' dir='ltr'>Numi</span> <span class='ocrx_word' id='word_1_1368' title='bbox 503 2513 598 2540; x_wconf 73' lang='lat' dir='ltr'>corrasi</span> <span class='ocrx_word' id='word_1_1369' title='bbox 620 2513 643 2538; x_wconf 89' lang='lat' dir='ltr'>l.</span> <span class='ocrx_word' id='word_1_1370' title='bbox 666 2519 678 2544; x_wconf 83' lang='grc'>3</span> <span class='ocrx_word' id='word_1_1371' title='bbox 705 2509 765 2548; x_wconf 87' lang='lat'>§.9</span> <span class='ocrx_word' id='word_1_1372' title='bbox 792 2509 818 2536; x_wconf 83' lang='lat' dir='ltr'>ff.</span> <span class='ocrx_word' id='word_1_1373' title='bbox 838 2510 869 2536; x_wconf 88' lang='lat' dir='ltr'>de</span> <span class='ocrx_word' id='word_1_1374' title='bbox 885 2510 951 2537; x_wconf 85' lang='lat' dir='ltr'>statu</span> <span class='ocrx_word' id='word_1_1375' title='bbox 969 2509 1071 2536; x_wconf 85' lang='lat' dir='ltr'>liberis.</span> 
     </span>
     <span class='ocr_line' id='line_1_137' title="bbox 221 2546 1274 2583; baseline -0.01 -2"><span class='ocrx_word' id='word_1_1376' title='bbox 221 2555 283 2581; x_wconf 89' lang='lat' dir='ltr'>dere</span> <span class='ocrx_word' id='word_1_1377' title='bbox 297 2552 375 2579; x_wconf 83' lang='lat' dir='ltr'>fidem</span> <span class='ocrx_word' id='word_1_1378' title='bbox 389 2551 485 2583; x_wconf 60' lang='lat' dir='ltr'>dietis,</span> <span class='ocrx_word' id='word_1_1379' title='bbox 514 2553 534 2576; x_wconf 82' lang='lat' dir='ltr'>i.</span> <span class='ocrx_word' id='word_1_1380' title='bbox 547 2550 696 2579; x_wconf 75' lang='lat' dir='ltr'>conciliare,</span> <span class='ocrx_word' id='word_1_1381' title='bbox 716 2552 875 2581; x_wconf 74' lang='lat' dir='ltr'>comparare,</span> <span class='ocrx_word' id='word_1_1382' title='bbox 893 2549 1037 2581; x_wconf 70' lang='lat' dir='ltr'>conquirere</span> <span class='ocrx_word' id='word_1_1383' title='bbox 1056 2546 1161 2572; x_wconf 87' lang='lat' dir='ltr'>Lucret.</span> <span class='ocrx_word' id='word_1_1384' title='bbox 1176 2554 1201 2578; x_wconf 89' lang='lat'>1,</span> <span class='ocrx_word' id='word_1_1385' title='bbox 1214 2554 1274 2578; x_wconf 90' lang='lat'>401.</span> 
     </span>
     <span class='ocr_line' id='line_1_138' title="bbox 220 2580 1275 2623; baseline -0.011 -5"><span class='ocrx_word' id='word_1_1386' title='bbox 220 2593 265 2619; x_wconf 82' lang='lat' dir='ltr'>Ita</span> <span class='ocrx_word' id='word_1_1387' title='bbox 278 2592 342 2616; x_wconf 79' lang='lat' dir='ltr'>enim</span> <span class='ocrx_word' id='word_1_1388' title='bbox 354 2586 387 2621; x_wconf 59' lang='lat' dir='ltr'>est</span> <span class='ocrx_word' id='word_1_1389' title='bbox 399 2587 523 2623; x_wconf 78' lang='lat' dir='ltr'>legendum</span> <span class='ocrx_word' id='word_1_1390' title='bbox 532 2606 540 2618; x_wconf 98' lang='lat'>,</span> <span class='ocrx_word' id='word_1_1391' title='bbox 562 2594 611 2611; x_wconf 79' lang='lat' dir='ltr'>non</span> <span class='ocrx_word' id='word_1_1392' title='bbox 629 2591 659 2610; x_wconf 76' lang='lat' dir='ltr'>vt</span> <span class='ocrx_word' id='word_1_1393' title='bbox 670 2584 717 2609; x_wconf 81' lang='lat' dir='ltr'>alii</span> <span class='ocrx_word' id='word_1_1394' title='bbox 730 2581 894 2610; x_wconf 88' lang='lat' dir='ltr'>Contradere</span> <span class='ocrx_word' id='word_1_1395' title='bbox 902 2601 911 2614; x_wconf 90' lang='lat'>‚</span> <span class='ocrx_word' id='word_1_1396' title='bbox 925 2581 989 2617; x_wconf 81' lang='lat' dir='ltr'>quod</span> <span class='ocrx_word' id='word_1_1397' title='bbox 1003 2581 1102 2608; x_wconf 75' lang='lat' dir='ltr'>verbum</span> <span class='ocrx_word' id='word_1_1398' title='bbox 1118 2591 1167 2607; x_wconf 82' lang='lat' dir='ltr'>non</span> <span class='ocrx_word' id='word_1_1399' title='bbox 1182 2580 1214 2614; x_wconf 73' lang='lat' dir='ltr'>est</span> <span class='ocrx_word' id='word_1_1400' title='bbox 1227 2582 1275 2607; x_wconf 82' lang='lat' dir='ltr'>La-</span> 
     </span>
     <span class='ocr_line' id='line_1_139' title="bbox 369 2616 1273 2652; baseline -0.008 -2"><span class='ocrx_word' id='word_1_1401' title='bbox 369 2625 410 2651; x_wconf 76' lang='lat' dir='ltr'>sic</span> <span class='ocrx_word' id='word_1_1402' title='bbox 423 2622 494 2649; x_wconf 87' lang='lat' dir='ltr'>idem</span> <span class='ocrx_word' id='word_1_1403' title='bbox 508 2622 613 2647; x_wconf 79' lang='lat' dir='ltr'>Luci-ct.</span> <span class='ocrx_word' id='word_1_1404' title='bbox 627 2621 659 2651; x_wconf 91' lang='lat'>6,</span> <span class='ocrx_word' id='word_1_1405' title='bbox 677 2627 723 2650; x_wconf 81' lang='lat'>303</span> <span class='ocrx_word' id='word_1_1406' title='bbox 746 2619 834 2652; x_wconf 80' lang='lat' dir='ltr'>Atque</span> <span class='ocrx_word' id='word_1_1407' title='bbox 850 2616 907 2644; x_wconf 73' lang='lat' dir='ltr'>alia&#39;</span> <span class='ocrx_word' id='word_1_1408' title='bbox 920 2626 951 2643; x_wconf 86' lang='lat' dir='ltr'>ex</span> <span class='ocrx_word' id='word_1_1409' title='bbox 971 2618 1028 2652; x_wconf 90' lang='lat' dir='ltr'>ipso</span> <span class='ocrx_word' id='word_1_1410' title='bbox 1049 2617 1194 2644; x_wconf 81' lang='lat' dir='ltr'>conradens</span> <span class='ocrx_word' id='word_1_1411' title='bbox 1212 2619 1273 2644; x_wconf 69' lang='lat' dir='ltr'>aete</span> 
     </span>
    </p>
   </div>
   <div class='ocr_carea' id='block_1_45' title="bbox 220 2633 1169 2767">
    <p class='ocr_par' dir='ltr' id='par_1_62' title="bbox 220 2633 1169 2767">
     <span class='ocr_line' id='line_1_140' title="bbox 221 2633 1088 2697; baseline -0.012 -9"><span class='ocrx_word' id='word_1_1412' title='bbox 221 2633 321 2697; x_wconf 53' lang='grc' dir='ltr'>ἕέἔιζὲ.</span> <span class='ocrx_word' id='word_1_1413' title='bbox 377 2660 409 2686; x_wconf 84' lang='lat' dir='ltr'>Et</span> <span class='ocrx_word' id='word_1_1414' title='bbox 421 2665 473 2692; x_wconf 83' lang='lat'>443</span> <span class='ocrx_word' id='word_1_1415' title='bbox 493 2658 593 2696; x_wconf 76' lang='lat' dir='ltr'>Vortex</span> <span class='ocrx_word' id='word_1_1416' title='bbox 609 2654 753 2682; x_wconf 89' lang='lat' dir='ltr'>conradens</span> <span class='ocrx_word' id='word_1_1417' title='bbox 766 2663 798 2680; x_wconf 84' lang='lat' dir='ltr'>cx</span> <span class='ocrx_word' id='word_1_1418' title='bbox 811 2655 872 2680; x_wconf 68' lang='lat' dir='ltr'>aere</span> <span class='ocrx_word' id='word_1_1419' title='bbox 888 2654 986 2694; x_wconf 78' lang='lat' dir='ltr'>semina</span> <span class='ocrx_word' id='word_1_1420' title='bbox 1001 2652 1088 2679; x_wconf 88' lang='lat' dir='ltr'>nubis.</span> 
     </span>
     <span class='ocr_line' id='line_1_141' title="bbox 260 2689 1169 2726; baseline -0.01 -2"><span class='ocrx_word' id='word_1_1421' title='bbox 260 2704 277 2725; x_wconf 90' lang='lat' dir='ltr'>c</span> <span class='ocrx_word' id='word_1_1422' title='bbox 292 2702 311 2723; x_wconf 92' lang='grc' dir='ltr'>ο</span> <span class='ocrx_word' id='word_1_1423' title='bbox 325 2702 344 2722; x_wconf 86' lang='lat' dir='ltr'>R</span> <span class='ocrx_word' id='word_1_1424' title='bbox 356 2702 376 2722; x_wconf 87' lang='lat' dir='ltr'>R</span> <span class='ocrx_word' id='word_1_1425' title='bbox 388 2695 412 2721; x_wconf 75' lang='grc' dir='ltr'>Ᾰ</span> <span class='ocrx_word' id='word_1_1426' title='bbox 424 2700 445 2722; x_wconf 81' lang='lat' dir='ltr'>G</span> <span class='ocrx_word' id='word_1_1427' title='bbox 457 2700 476 2720; x_wconf 90' lang='lat' dir='ltr'>o</span> <span class='ocrx_word' id='word_1_1428' title='bbox 488 2712 497 2726; x_wconf 90' lang='lat'>‚</span> <span class='ocrx_word' id='word_1_1429' title='bbox 531 2692 592 2718; x_wconf 76' lang='lat' dir='ltr'>i&#39;ms.</span> <span class='ocrx_word' id='word_1_1430' title='bbox 608 2716 611 2717; x_wconf 45' lang='grc'>.</span> <span class='ocrx_word' id='word_1_1431' title='bbox 629 2691 649 2717; x_wconf 88' lang='lat' dir='ltr'>f.</span> <span class='ocrx_word' id='word_1_1432' title='bbox 688 2690 780 2717; x_wconf 83' lang='lat' dir='ltr'>Herba.</span> <span class='ocrx_word' id='word_1_1433' title='bbox 817 2689 945 2724; x_wconf 81' lang='lat' dir='ltr'>Apuleius</span> <span class='ocrx_word' id='word_1_1434' title='bbox 965 2689 997 2716; x_wconf 89' lang='lat' dir='ltr'>de</span> <span class='ocrx_word' id='word_1_1435' title='bbox 1017 2689 1102 2716; x_wconf 85' lang='lat' dir='ltr'>Herb.</span> <span class='ocrx_word' id='word_1_1436' title='bbox 1123 2697 1169 2722; x_wconf 87' lang='lat'>41.</span> 
     </span>
     <span class='ocr_line' id='line_1_142' title="bbox 220 2734 349 2767; baseline -0.039 -5"><span class='ocrx_word' id='word_1_1437' title='bbox 220 2734 349 2767; x_wconf 84' lang='lat' dir='ltr'>Borrago.</span> 
     </span>
    </p>
   </div>
   <div class='ocr_carea' id='block_1_46' title="bbox 222 2760 1278 3231">
    <p class='ocr_par' dir='ltr' id='par_1_63' title="bbox 260 2760 1107 2796">
     <span class='ocr_line' id='line_1_143' title="bbox 260 2760 1107 2796; baseline -0.009 -1"><span class='ocrx_word' id='word_1_1438' title='bbox 260 2770 521 2796; x_wconf 83' lang='lat' dir='ltr'>CORRECTOR,</span> <span class='ocrx_word' id='word_1_1439' title='bbox 549 2766 799 2794; x_wconf 81' lang='lat' dir='ltr'>CORRECTIO,</span> <span class='ocrx_word' id='word_1_1440' title='bbox 835 2760 889 2787; x_wconf 69' lang='lat' dir='ltr'>&#39;Uid-</span> <span class='ocrx_word' id='word_1_1441' title='bbox 917 2766 1107 2787; x_wconf 87' lang='lat' dir='ltr'>CORR1GO.</span> 
     </span>
    </p>

    <p class='ocr_par' dir='ltr' id='par_1_64' title="bbox 222 2795 1278 3124">
     <span class='ocr_line' id='line_1_144' title="bbox 260 2795 1278 2834; baseline -0.009 -3"><span class='ocrx_word' id='word_1_1442' title='bbox 260 2809 279 2831; x_wconf 85' lang='lat' dir='ltr'>C</span> <span class='ocrx_word' id='word_1_1443' title='bbox 289 2811 309 2831; x_wconf 93' lang='grc' dir='ltr'>Ο</span> <span class='ocrx_word' id='word_1_1444' title='bbox 317 2809 364 2830; x_wconf 83' lang='lat' dir='ltr'>RR</span> <span class='ocrx_word' id='word_1_1445' title='bbox 374 2803 392 2829; x_wconf 68' lang='lat'>1}</span> <span class='ocrx_word' id='word_1_1446' title='bbox 400 2809 414 2828; x_wconf 81' lang='grc' dir='ltr'>Ρ</span> <span class='ocrx_word' id='word_1_1447' title='bbox 423 2808 442 2828; x_wconf 92' lang='lat'><em>0</em></span> <span class='ocrx_word' id='word_1_1448' title='bbox 451 2821 459 2833; x_wconf 96' lang='lat'>,</span> <span class='ocrx_word' id='word_1_1449' title='bbox 486 2799 521 2834; x_wconf 85' lang='lat' dir='ltr'>pfi</span> <span class='ocrx_word' id='word_1_1450' title='bbox 530 2819 538 2831; x_wconf 91' lang='lat'>,</span> <span class='ocrx_word' id='word_1_1451' title='bbox 566 2804 654 2833; x_wconf 85' lang='lat' dir='ltr'>ptum,</span> <span class='ocrx_word' id='word_1_1452' title='bbox 682 2799 736 2823; x_wconf 60' lang='lat' dir='ltr'>ere.</span> <span class='ocrx_word' id='word_1_1453' title='bbox 773 2797 874 2832; x_wconf 55' lang='grc' dir='ltr'>[ἕρπω]</span> <span class='ocrx_word' id='word_1_1454' title='bbox 910 2797 1002 2831; x_wconf 69' lang='lat' dir='ltr'>Repere</span> <span class='ocrx_word' id='word_1_1455' title='bbox 1021 2798 1092 2822; x_wconf 86' lang='lat' dir='ltr'>imra</span> <span class='ocrx_word' id='word_1_1456' title='bbox 1104 2795 1217 2831; x_wconf 80' lang='lat' dir='ltr'>aliquid,</span> <span class='ocrx_word' id='word_1_1457' title='bbox 1236 2797 1278 2822; x_wconf 81' lang='lat' dir='ltr'>vel</span> 
     </span>
     <span class='ocr_line' id='line_1_145' title="bbox 222 2830 1275 2868; baseline -0.01 0"><span class='ocrx_word' id='word_1_1458' title='bbox 222 2850 284 2868; x_wconf 75' lang='lat' dir='ltr'>vna.</span> <span class='ocrx_word' id='word_1_1459' title='bbox 320 2838 377 2866; x_wconf 89' lang='lat' dir='ltr'>Cic.</span> <span class='ocrx_word' id='word_1_1460' title='bbox 391 2837 423 2864; x_wconf 87' lang='lat' dir='ltr'>de</span> <span class='ocrx_word' id='word_1_1461' title='bbox 438 2837 501 2863; x_wconf 87' lang='lat' dir='ltr'>Nat.</span> <span class='ocrx_word' id='word_1_1462' title='bbox 516 2835 597 2861; x_wconf 88' lang='lat' dir='ltr'>Deor.</span> <span class='ocrx_word' id='word_1_1463' title='bbox 614 2842 633 2864; x_wconf 90' lang='lat'>1,</span> <span class='ocrx_word' id='word_1_1464' title='bbox 650 2836 681 2863; x_wconf 83' lang='lat'>68</span> <span class='ocrx_word' id='word_1_1465' title='bbox 696 2831 782 2866; x_wconf 63' lang='lat' dir='ltr'>&gt;Qiod</span> <span class='ocrx_word' id='word_1_1466' title='bbox 797 2841 880 2867; x_wconf 88' lang='lat' dir='ltr'>quum</span> <span class='ocrx_word' id='word_1_1467' title='bbox 895 2830 997 2858; x_wconf 82' lang='lat' dir='ltr'>efficere</span> <span class='ocrx_word' id='word_1_1468' title='bbox 1011 2831 1109 2862; x_wconf 90' lang='lat' dir='ltr'>vultis,</span> <span class='ocrx_word' id='word_1_1469' title='bbox 1126 2832 1154 2858; x_wconf 90' lang='lat' dir='ltr'>in</span> <span class='ocrx_word' id='word_1_1470' title='bbox 1169 2832 1275 2858; x_wconf 86' lang='lat' dir='ltr'>dumeta</span> 
     </span>
     <span class='ocr_line' id='line_1_146' title="bbox 224 2881 372 2904; baseline -0.027 0"><span class='ocrx_word' id='word_1_1471' title='bbox 224 2885 300 2904; x_wconf 83' lang='lat' dir='ltr'>corre</span> <span class='ocrx_word' id='word_1_1472' title='bbox 320 2881 372 2901; x_wconf 82' lang='lat' dir='ltr'>itis.</span> 
     </span>
     <span class='ocr_line' id='line_1_147' title="bbox 225 2884 1276 2939; baseline -0.01 0"><span class='ocrx_word' id='word_1_1473' title='bbox 225 2884 417 2939; x_wconf 50' lang='lat' dir='ltr'>contributum.</span> <span class='ocrx_word' id='word_1_1474' title='bbox 464 2909 551 2934; x_wconf 89' lang='lat' dir='ltr'>Varro</span> <span class='ocrx_word' id='word_1_1475' title='bbox 558 2905 589 2933; x_wconf 87' lang='lat' dir='ltr'>de</span> <span class='ocrx_word' id='word_1_1476' title='bbox 597 2906 628 2932; x_wconf 88' lang='lat' dir='ltr'>R.</span> <span class='ocrx_word' id='word_1_1477' title='bbox 639 2906 671 2931; x_wconf 78' lang='lat' dir='ltr'>R.</span> <span class='ocrx_word' id='word_1_1478' title='bbox 680 2913 692 2930; x_wconf 93' lang='lat'><em>2</em></span> <span class='ocrx_word' id='word_1_1479' title='bbox 702 2905 823 2931; x_wconf 84' lang='lat' dir='ltr'>Prooem.</span> <span class='ocrx_word' id='word_1_1480' title='bbox 844 2903 929 2938; x_wconf 84' lang='lat' dir='ltr'>Igitur</span> <span class='ocrx_word' id='word_1_1481' title='bbox 936 2903 1008 2938; x_wconf 90' lang='lat' dir='ltr'>quod</span> <span class='ocrx_word' id='word_1_1482' title='bbox 1015 2912 1083 2930; x_wconf 89' lang='lat' dir='ltr'>nunc</span> <span class='ocrx_word' id='word_1_1483' title='bbox 1092 2909 1161 2930; x_wconf 82' lang='lat' dir='ltr'>intra</span> <span class='ocrx_word' id='word_1_1484' title='bbox 1169 2912 1276 2930; x_wconf 89' lang='lat' dir='ltr'>murum</span> 
     </span>
     <span class='ocr_line' id='line_1_148' title="bbox 224 2938 1276 2982; baseline -0.01 -6"><span class='ocrx_word' id='word_1_1485' title='bbox 224 2948 283 2977; x_wconf 73' lang='lat' dir='ltr'>fere</span> <span class='ocrx_word' id='word_1_1486' title='bbox 303 2952 389 2982; x_wconf 85' lang='lat' dir='ltr'>patres</span> <span class='ocrx_word' id='word_1_1487' title='bbox 408 2943 526 2971; x_wconf 88' lang='lat' dir='ltr'>familiae</span> <span class='ocrx_word' id='word_1_1488' title='bbox 541 2942 740 2976; x_wconf 88' lang='lat' dir='ltr'>correpserunt,</span> <span class='ocrx_word' id='word_1_1489' title='bbox 760 2938 862 2966; x_wconf 64' lang='lat' dir='ltr'>relictis</span> <span class='ocrx_word' id='word_1_1490' title='bbox 881 2938 948 2965; x_wconf 84' lang='lat' dir='ltr'>falce</span> <span class='ocrx_word' id='word_1_1491' title='bbox 966 2944 992 2965; x_wconf 89' lang='lat' dir='ltr'>et</span> <span class='ocrx_word' id='word_1_1492' title='bbox 1011 2946 1116 2973; x_wconf 85' lang='lat' dir='ltr'>aratro,</span> <span class='ocrx_word' id='word_1_1493' title='bbox 1137 2945 1163 2966; x_wconf 86' lang='lat' dir='ltr'>et</span> <span class='ocrx_word' id='word_1_1494' title='bbox 1183 2948 1276 2966; x_wconf 85' lang='lat' dir='ltr'>manus</span> 
     </span>
     <span class='ocr_line' id='line_1_149' title="bbox 226 2974 1277 3011; baseline -0.01 -1"><span class='ocrx_word' id='word_1_1495' title='bbox 226 2991 337 3011; x_wconf 87' lang='lat' dir='ltr'>mouere</span> <span class='ocrx_word' id='word_1_1496' title='bbox 354 2980 504 3008; x_wconf 88' lang='lat' dir='ltr'>maluerunt</span> <span class='ocrx_word' id='word_1_1497' title='bbox 522 2979 551 3005; x_wconf 92' lang='lat' dir='ltr'>in</span> <span class='ocrx_word' id='word_1_1498' title='bbox 565 2977 686 3009; x_wconf 86' lang='lat' dir='ltr'>theatro,</span> <span class='ocrx_word' id='word_1_1499' title='bbox 704 2984 733 3003; x_wconf 87' lang='lat' dir='ltr'>ac</span> <span class='ocrx_word' id='word_1_1500' title='bbox 747 2975 835 3006; x_wconf 87' lang='lat' dir='ltr'>circo,</span> <span class='ocrx_word' id='word_1_1501' title='bbox 855 2983 934 3010; x_wconf 90' lang='lat' dir='ltr'>quam</span> <span class='ocrx_word' id='word_1_1502' title='bbox 950 2974 978 3000; x_wconf 91' lang='lat' dir='ltr'>in</span> <span class='ocrx_word' id='word_1_1503' title='bbox 992 2975 1130 3009; x_wconf 83' lang='lat' dir='ltr'>segetibus.</span> <span class='ocrx_word' id='word_1_1504' title='bbox 1204 2977 1277 3002; x_wconf 85' lang='lat' dir='ltr'>Intra</span> 
     </span>
     <span class='ocr_line' id='line_1_150' title="bbox 226 3010 1277 3050; baseline -0.01 -4"><span class='ocrx_word' id='word_1_1505' title='bbox 226 3028 333 3046; x_wconf 87' lang='lat' dir='ltr'>murum</span> <span class='ocrx_word' id='word_1_1506' title='bbox 348 3015 520 3050; x_wconf 84' lang='lat' dir='ltr'>correpsimus</span> <span class='ocrx_word' id='word_1_1507' title='bbox 531 3012 664 3040; x_wconf 86' lang='lat' dir='ltr'>Columel.</span> <span class='ocrx_word' id='word_1_1508' title='bbox 681 3011 765 3047; x_wconf 89' lang='lat' dir='ltr'>praef.</span> <span class='ocrx_word' id='word_1_1509' title='bbox 787 3020 813 3038; x_wconf 90' lang='lat' dir='ltr'>n.</span> <span class='ocrx_word' id='word_1_1510' title='bbox 826 3012 851 3037; x_wconf 89' lang='lat'>6.</span> <span class='ocrx_word' id='word_1_1511' title='bbox 923 3010 979 3037; x_wconf 87' lang='lat' dir='ltr'>Cic.</span> <span class='ocrx_word' id='word_1_1512' title='bbox 989 3011 1040 3036; x_wconf 84' lang='lat' dir='ltr'>Att.</span> <span class='ocrx_word' id='word_1_1513' title='bbox 1051 3019 1089 3043; x_wconf 90' lang='lat'>10,</span> <span class='ocrx_word' id='word_1_1514' title='bbox 1104 3020 1131 3038; x_wconf 86' lang='lat'>12</span> <span class='ocrx_word' id='word_1_1515' title='bbox 1152 3011 1237 3045; x_wconf 85' lang='lat' dir='ltr'>Igitur</span> <span class='ocrx_word' id='word_1_1516' title='bbox 1251 3017 1277 3037; x_wconf 86' lang='lat' dir='ltr'>et</span> 
     </span>
     <span class='ocr_line' id='line_1_151' title="bbox 226 3046 886 3087; baseline -0.014 -6"><span class='ocrx_word' id='word_1_1517' title='bbox 226 3054 330 3081; x_wconf 83' lang='lat' dir='ltr'>occulte</span> <span class='ocrx_word' id='word_1_1518' title='bbox 344 3053 372 3080; x_wconf 90' lang='lat' dir='ltr'>in</span> <span class='ocrx_word' id='word_1_1519' title='bbox 386 3052 504 3087; x_wconf 88' lang='lat' dir='ltr'>aliquam</span> <span class='ocrx_word' id='word_1_1520' title='bbox 517 3049 668 3076; x_wconf 85' lang='lat' dir='ltr'>onerariam</span> <span class='ocrx_word' id='word_1_1521' title='bbox 682 3046 886 3083; x_wconf 82' lang='lat' dir='ltr'>corrependum.</span> 
     </span>
     <span class='ocr_line' id='line_1_152' title="bbox 227 3083 981 3124; baseline -0.012 -7"><span class='ocrx_word' id='word_1_1522' title='bbox 227 3090 275 3118; x_wconf 71' lang='lat' dir='ltr'>tris</span> <span class='ocrx_word' id='word_1_1523' title='bbox 288 3094 407 3124; x_wconf 86' lang='lat' dir='ltr'>correpet</span> <span class='ocrx_word' id='word_1_1524' title='bbox 421 3088 450 3114; x_wconf 91' lang='lat' dir='ltr'>in</span> <span class='ocrx_word' id='word_1_1525' title='bbox 464 3087 555 3114; x_wconf 88' lang='lat' dir='ltr'>aluum</span> <span class='ocrx_word' id='word_1_1526' title='bbox 568 3087 673 3113; x_wconf 85' lang='lat' dir='ltr'>quenc.</span> <span class='ocrx_word' id='word_1_1527' title='bbox 688 3083 757 3111; x_wconf 84' lang='lat' dir='ltr'>Hist.</span> <span class='ocrx_word' id='word_1_1528' title='bbox 772 3084 871 3118; x_wconf 81' lang='lat' dir='ltr'>Euang.</span> <span class='ocrx_word' id='word_1_1529' title='bbox 887 3090 913 3115; x_wconf 87' lang='lat'>2,</span> <span class='ocrx_word' id='word_1_1530' title='bbox 929 3090 981 3116; x_wconf 81' lang='lat'>¹9²·</span> 
     </span>
    </p>

    <p class='ocr_par' dir='ltr' id='par_1_65' title="bbox 265 3120 839 3157">
     <span class='ocr_line' id='line_1_153' title="bbox 265 3120 839 3157; baseline -0.012 -4"><span class='ocrx_word' id='word_1_1531' title='bbox 265 3129 518 3157; x_wconf 63' lang='lat' dir='ltr'>conuerti-vs,</span> <span class='ocrx_word' id='word_1_1532' title='bbox 554 3120 839 3148; x_wconf 77' lang='lat' dir='ltr'>vid.CORRlP10.</span> 
     </span>
    </p>

    <p class='ocr_par' dir='ltr' id='par_1_66' title="bbox 228 3151 1277 3231">
     <span class='ocr_line' id='line_1_154' title="bbox 268 3151 1277 3191; baseline -0.007 -4"><span class='ocrx_word' id='word_1_1533' title='bbox 268 3165 286 3187; x_wconf 89' lang='lat' dir='ltr'>C</span> <span class='ocrx_word' id='word_1_1534' title='bbox 298 3166 465 3191; x_wconf 82' lang='lat' dir='ltr'>ORREVS,</span> <span class='ocrx_word' id='word_1_1535' title='bbox 496 3159 538 3185; x_wconf 85' lang='lat' dir='ltr'>vel</span> <span class='ocrx_word' id='word_1_1536' title='bbox 562 3163 579 3184; x_wconf 91' lang='lat' dir='ltr'>C</span> <span class='ocrx_word' id='word_1_1537' title='bbox 591 3163 610 3183; x_wconf 91' lang='lat' dir='ltr'>O</span> <span class='ocrx_word' id='word_1_1538' title='bbox 624 3162 770 3188; x_wconf 82' lang='lat' dir='ltr'>NREVS,</span> <span class='ocrx_word' id='word_1_1539' title='bbox 796 3155 814 3181; x_wconf 88' lang='lat' dir='ltr'>i.</span> <span class='ocrx_word' id='word_1_1540' title='bbox 850 3163 886 3180; x_wconf 90' lang='lat' dir='ltr'>m.</span> <span class='ocrx_word' id='word_1_1541' title='bbox 924 3154 976 3189; x_wconf 60' lang='lat' dir='ltr'>,Qti</span> <span class='ocrx_word' id='word_1_1542' title='bbox 994 3162 1047 3180; x_wconf 87' lang='lat' dir='ltr'>cum</span> <span class='ocrx_word' id='word_1_1543' title='bbox 1064 3154 1148 3188; x_wconf 79' lang='lat' dir='ltr'>aliquo</span> <span class='ocrx_word' id='word_1_1544' title='bbox 1167 3163 1223 3180; x_wconf 76' lang='lat' dir='ltr'>reus</span> <span class='ocrx_word' id='word_1_1545' title='bbox 1236 3151 1277 3186; x_wconf 69' lang='lat' dir='ltr'>est.</span> 
     </span>
     <span class='ocr_line' id='line_1_155' title="bbox 228 3189 1277 3231; baseline -0.007 -8"><span class='ocrx_word' id='word_1_1546' title='bbox 228 3196 358 3231; x_wconf 81' lang='lat' dir='ltr'>leianus</span> <span class='ocrx_word' id='word_1_1547' title='bbox 370 3195 399 3222; x_wconf 89' lang='lat' dir='ltr'>in</span> <span class='ocrx_word' id='word_1_1548' title='bbox 412 3194 427 3221; x_wconf 95' lang='lat' dir='ltr'>l.</span> <span class='ocrx_word' id='word_1_1549' title='bbox 441 3193 629 3222; x_wconf 74' lang='lat' dir='ltr'>liberationem</span> <span class='ocrx_word' id='word_1_1550' title='bbox 652 3190 758 3229; x_wconf 82' lang='lat' dir='ltr'>§.nunc</span> <span class='ocrx_word' id='word_1_1551' title='bbox 785 3191 816 3217; x_wconf 92' lang='lat' dir='ltr'>D.</span> <span class='ocrx_word' id='word_1_1552' title='bbox 834 3189 865 3218; x_wconf 89' lang='lat' dir='ltr'>de</span> <span class='ocrx_word' id='word_1_1553' title='bbox 882 3189 1044 3216; x_wconf 86' lang='lat' dir='ltr'>liberatione</span> <span class='ocrx_word' id='word_1_1554' title='bbox 1058 3189 1156 3223; x_wconf 79' lang='lat' dir='ltr'>legata,</span> <span class='ocrx_word' id='word_1_1555' title='bbox 1176 3189 1203 3215; x_wconf 90' lang='lat' dir='ltr'>Si</span> <span class='ocrx_word' id='word_1_1556' title='bbox 1218 3199 1277 3216; x_wconf 89' lang='lat' dir='ltr'>cum</span> 
     </span>
    </p>
   </div>
   <div class='ocr_carea' id='block_1_47' title="bbox 229 3224 1316 3264">
    <p class='ocr_par' dir='ltr' id='par_1_67' title="bbox 229 3224 1316 3264">
     <span class='ocr_line' id='line_1_156' title="bbox 229 3224 1316 3264; baseline -0.007 -6"><span class='ocrx_word' id='word_1_1557' title='bbox 229 3232 286 3260; x_wconf 80' lang='lat' dir='ltr'>alio</span> <span class='ocrx_word' id='word_1_1558' title='bbox 308 3232 365 3258; x_wconf 84' lang='lat' dir='ltr'>sum</span> <span class='ocrx_word' id='word_1_1559' title='bbox 383 3229 489 3256; x_wconf 84' lang='lat' dir='ltr'>debitor</span> <span class='ocrx_word' id='word_1_1560' title='bbox 516 3232 595 3264; x_wconf 88' lang='lat' dir='ltr'>(puta</span> <span class='ocrx_word' id='word_1_1561' title='bbox 613 3228 668 3254; x_wconf 91' lang='lat' dir='ltr'>duo</span> <span class='ocrx_word' id='word_1_1562' title='bbox 688 3228 728 3254; x_wconf 85' lang='lat' dir='ltr'>rei</span> <span class='ocrx_word' id='word_1_1563' title='bbox 746 3227 847 3253; x_wconf 86' lang='lat' dir='ltr'>fuimus</span> <span class='ocrx_word' id='word_1_1564' title='bbox 868 3225 1062 3260; x_wconf 85' lang='lat' dir='ltr'>promittendi)</span> <span class='ocrx_word' id='word_1_1565' title='bbox 1095 3232 1121 3251; x_wconf 88' lang='lat' dir='ltr'>et</span> <span class='ocrx_word' id='word_1_1566' title='bbox 1137 3224 1206 3251; x_wconf 88' lang='lat' dir='ltr'>mihi</span> <span class='ocrx_word' id='word_1_1567' title='bbox 1229 3225 1316 3253; x_wconf 78' lang='lat' dir='ltr'>soli83</span> 
     </span>
    </p>
   </div>
   <div class='ocr_carea' id='block_1_48' title="bbox 230 3261 1280 3589">
    <p class='ocr_par' dir='ltr' id='par_1_68' title="bbox 230 3261 1280 3445">
     <span class='ocr_line' id='line_1_157' title="bbox 230 3261 1278 3298; baseline -0.008 -2"><span class='ocrx_word' id='word_1_1568' title='bbox 230 3267 340 3296; x_wconf 84' lang='lat' dir='ltr'>testator</span> <span class='ocrx_word' id='word_1_1569' title='bbox 359 3265 508 3292; x_wconf 89' lang='lat' dir='ltr'>consultum</span> <span class='ocrx_word' id='word_1_1570' title='bbox 525 3264 634 3291; x_wconf 87' lang='lat' dir='ltr'>voluit:</span> <span class='ocrx_word' id='word_1_1571' title='bbox 667 3263 769 3298; x_wconf 82' lang='lat' dir='ltr'>agendo</span> <span class='ocrx_word' id='word_1_1572' title='bbox 784 3263 945 3297; x_wconf 87' lang='lat' dir='ltr'>consequar,</span> <span class='ocrx_word' id='word_1_1573' title='bbox 962 3270 1016 3287; x_wconf 89' lang='lat' dir='ltr'>non</span> <span class='ocrx_word' id='word_1_1574' title='bbox 1038 3266 1066 3287; x_wconf 92' lang='lat' dir='ltr'>vt</span> <span class='ocrx_word' id='word_1_1575' title='bbox 1086 3267 1192 3294; x_wconf 80' lang='lat' dir='ltr'>accepto</span> <span class='ocrx_word' id='word_1_1576' title='bbox 1212 3261 1278 3288; x_wconf 82' lang='lat' dir='ltr'>libe-</span> 
     </span>
     <span class='ocr_line' id='line_1_158' title="bbox 230 3296 1280 3335; baseline -0.005 -6"><span class='ocrx_word' id='word_1_1577' title='bbox 230 3313 290 3335; x_wconf 74' lang='lat' dir='ltr'>rer,</span> <span class='ocrx_word' id='word_1_1578' title='bbox 309 3311 343 3329; x_wconf 89' lang='lat' dir='ltr'>ne</span> <span class='ocrx_word' id='word_1_1579' title='bbox 364 3301 445 3327; x_wconf 83' lang='lat' dir='ltr'>etiam</span> <span class='ocrx_word' id='word_1_1580' title='bbox 464 3309 570 3327; x_wconf 87' lang='lat' dir='ltr'>correus</span> <span class='ocrx_word' id='word_1_1581' title='bbox 589 3308 664 3326; x_wconf 85' lang='lat' dir='ltr'>meus</span> <span class='ocrx_word' id='word_1_1582' title='bbox 684 3299 813 3326; x_wconf 85' lang='lat' dir='ltr'>liberetur</span> <span class='ocrx_word' id='word_1_1583' title='bbox 835 3303 927 3324; x_wconf 86' lang='lat' dir='ltr'>contra</span> <span class='ocrx_word' id='word_1_1584' title='bbox 947 3297 1085 3328; x_wconf 20' lang='lat' dir='ltr'>testatoris,</span> <span class='ocrx_word' id='word_1_1585' title='bbox 1100 3296 1280 3324; x_wconf 85' lang='lat' dir='ltr'>voluntatem:</span> 
     </span>
     <span class='ocr_line' id='line_1_159' title="bbox 232 3332 1278 3375; baseline -0.01 -8"><span class='ocrx_word' id='word_1_1586' title='bbox 232 3339 276 3367; x_wconf 84' lang='lat' dir='ltr'>sed</span> <span class='ocrx_word' id='word_1_1587' title='bbox 294 3337 372 3375; x_wconf 62' lang='lat' dir='ltr'>paeto</span> <span class='ocrx_word' id='word_1_1588' title='bbox 389 3335 534 3369; x_wconf 69' lang='lat' dir='ltr'>liberabor.</span> <span class='ocrx_word' id='word_1_1589' title='bbox 590 3335 639 3363; x_wconf 81' lang='lat' dir='ltr'>Sed</span> <span class='ocrx_word' id='word_1_1590' title='bbox 652 3334 717 3369; x_wconf 89' lang='lat' dir='ltr'>quid</span> <span class='ocrx_word' id='word_1_1591' title='bbox 738 3334 756 3362; x_wconf 85' lang='lat' dir='ltr'>fi</span> <span class='ocrx_word' id='word_1_1592' title='bbox 777 3334 844 3361; x_wconf 88' lang='lat' dir='ltr'>socii</span> <span class='ocrx_word' id='word_1_1593' title='bbox 865 3333 988 3360; x_wconf 71' lang='lat' dir='ltr'>fuimus?</span> <span class='ocrx_word' id='word_1_1594' title='bbox 1015 3332 1166 3363; x_wconf 79' lang='lat' dir='ltr'>videamus,</span> <span class='ocrx_word' id='word_1_1595' title='bbox 1187 3341 1219 3358; x_wconf 87' lang='lat' dir='ltr'>ue</span> <span class='ocrx_word' id='word_1_1596' title='bbox 1233 3342 1278 3367; x_wconf 77' lang='lat' dir='ltr'>per</span> 
     </span>
     <span class='ocr_line' id='line_1_160' title="bbox 232 3369 1279 3410; baseline -0.008 -7"><span class='ocrx_word' id='word_1_1597' title='bbox 232 3373 462 3410; x_wconf 82' lang='lat' dir='ltr'>acceptilationem</span> <span class='ocrx_word' id='word_1_1598' title='bbox 482 3370 591 3397; x_wconf 87' lang='lat' dir='ltr'>debeam</span> <span class='ocrx_word' id='word_1_1599' title='bbox 611 3370 731 3398; x_wconf 86' lang='lat' dir='ltr'>liberari.</span> <span class='ocrx_word' id='word_1_1600' title='bbox 770 3369 893 3406; x_wconf 85' lang='lat' dir='ltr'>alioquin</span> <span class='ocrx_word' id='word_1_1601' title='bbox 912 3369 976 3396; x_wconf 87' lang='lat' dir='ltr'>dum</span> <span class='ocrx_word' id='word_1_1602' title='bbox 995 3377 1010 3395; x_wconf 91' lang='lat' dir='ltr'>a</span> <span class='ocrx_word' id='word_1_1603' title='bbox 1025 3377 1119 3396; x_wconf 89' lang='lat' dir='ltr'>correo</span> <span class='ocrx_word' id='word_1_1604' title='bbox 1136 3376 1198 3395; x_wconf 86' lang='lat' dir='ltr'>mco</span> <span class='ocrx_word' id='word_1_1605' title='bbox 1215 3369 1279 3403; x_wconf 81' lang='lat' dir='ltr'>peti-</span> 
     </span>
     <span class='ocr_line' id='line_1_161' title="bbox 231 3406 525 3445; baseline -0.024 -6"><span class='ocrx_word' id='word_1_1606' title='bbox 231 3417 293 3444; x_wconf 86' lang='lat' dir='ltr'>tur,</span> <span class='ocrx_word' id='word_1_1607' title='bbox 313 3418 363 3445; x_wconf 85' lang='lat' dir='ltr'>ego</span> <span class='ocrx_word' id='word_1_1608' title='bbox 379 3406 525 3443; x_wconf 85' lang='lat' dir='ltr'>inquietor.</span> 
     </span>
    </p>

    <p class='ocr_par' dir='ltr' id='par_1_69' title="bbox 233 3440 1243 3513">
     <span class='ocr_line' id='line_1_162' title="bbox 269 3440 655 3474; baseline -0.021 0"><span class='ocrx_word' id='word_1_1609' title='bbox 269 3445 488 3474; x_wconf 65' lang='lat' dir='ltr'>CORRI&#39;DEO,</span> <span class='ocrx_word' id='word_1_1610' title='bbox 515 3440 575 3473; x_wconf 83' lang='lat' dir='ltr'>rifi,</span> <span class='ocrx_word' id='word_1_1611' title='bbox 603 3444 655 3467; x_wconf 69' lang='lat' dir='ltr'>ere.</span> 
     </span>
     <span class='ocr_line' id='line_1_163' title="bbox 233 3475 1243 3513; baseline -0.008 -3"><span class='ocrx_word' id='word_1_1612' title='bbox 233 3487 259 3513; x_wconf 79' lang='lat'>81</span> <span class='ocrx_word' id='word_1_1613' title='bbox 281 3480 381 3509; x_wconf 86' lang='lat' dir='ltr'>Omnia</span> <span class='ocrx_word' id='word_1_1614' title='bbox 393 3477 529 3507; x_wconf 87' lang='lat' dir='ltr'>corrident</span> <span class='ocrx_word' id='word_1_1615' title='bbox 545 3483 669 3511; x_wconf 87' lang='lat' dir='ltr'>concepta</span> <span class='ocrx_word' id='word_1_1616' title='bbox 682 3476 739 3503; x_wconf 87' lang='lat' dir='ltr'>luce</span> <span class='ocrx_word' id='word_1_1617' title='bbox 754 3476 817 3503; x_wconf 87' lang='lat' dir='ltr'>diei.</span> <span class='ocrx_word' id='word_1_1618' title='bbox 852 3475 920 3503; x_wconf 80' lang='lat' dir='ltr'>Add.</span> <span class='ocrx_word' id='word_1_1619' title='bbox 937 3476 1073 3511; x_wconf 80' lang='lat' dir='ltr'>Augustin.</span> <span class='ocrx_word' id='word_1_1620' title='bbox 1088 3475 1168 3502; x_wconf 85' lang='lat' dir='ltr'>Conf.</span> <span class='ocrx_word' id='word_1_1621' title='bbox 1181 3484 1209 3508; x_wconf 83' lang='lat'>4,</span> <span class='ocrx_word' id='word_1_1622' title='bbox 1221 3480 1243 3505; x_wconf 89' lang='lat'>8.</span> 
     </span>
    </p>

    <p class='ocr_par' dir='ltr' id='par_1_70' title="bbox 234 3509 1280 3589">
     <span class='ocr_line' id='line_1_164' title="bbox 272 3509 1280 3547; baseline -0.007 -2"><span class='ocrx_word' id='word_1_1623' title='bbox 272 3523 289 3544; x_wconf 95' lang='lat' dir='ltr'>C</span> <span class='ocrx_word' id='word_1_1624' title='bbox 300 3524 320 3545; x_wconf 92' lang='lat'><em>0</em></span> <span class='ocrx_word' id='word_1_1625' title='bbox 329 3524 348 3544; x_wconf 78' lang='lat' dir='ltr'>R</span> <span class='ocrx_word' id='word_1_1626' title='bbox 357 3523 375 3544; x_wconf 87' lang='lat' dir='ltr'>R</span> <span class='ocrx_word' id='word_1_1627' title='bbox 384 3523 394 3543; x_wconf 92' lang='lat'>1</span> <span class='ocrx_word' id='word_1_1628' title='bbox 453 3521 484 3547; x_wconf 88' lang='lat' dir='ltr'>A,</span> <span class='ocrx_word' id='word_1_1629' title='bbox 492 3522 531 3541; x_wconf 81' lang='lat' dir='ltr'>ae.</span> <span class='ocrx_word' id='word_1_1630' title='bbox 551 3512 571 3539; x_wconf 86' lang='lat' dir='ltr'>f.</span> <span class='ocrx_word' id='word_1_1631' title='bbox 588 3511 685 3545; x_wconf 74' lang='grc' dir='ltr'><strong><em>[ἱμάς]</em></strong></span> <span class='ocrx_word' id='word_1_1632' title='bbox 706 3513 734 3538; x_wconf 88' lang='grc' dir='ltr'><em>Α</em></span> <span class='ocrx_word' id='word_1_1633' title='bbox 745 3512 861 3546; x_wconf 81' lang='lat' dir='ltr'>Corrigo</span> <span class='ocrx_word' id='word_1_1634' title='bbox 875 3510 1003 3538; x_wconf 53' lang='lat' dir='ltr'>deductum</span> <span class='ocrx_word' id='word_1_1635' title='bbox 1017 3521 1101 3538; x_wconf 75' lang='lat' dir='ltr'>nomen</span> <span class='ocrx_word' id='word_1_1636' title='bbox 1115 3509 1158 3545; x_wconf 70' lang='lat' dir='ltr'>effe</span> <span class='ocrx_word' id='word_1_1637' title='bbox 1171 3511 1280 3544; x_wconf 76' lang='lat' dir='ltr'>uidetur,</span> 
     </span>
     <span class='ocr_line' id='line_1_165' title="bbox 234 3547 1279 3589; baseline -0.007 -10"><span class='ocrx_word' id='word_1_1638' title='bbox 234 3555 294 3589; x_wconf 83' lang='lat' dir='ltr'>quia</span> <span class='ocrx_word' id='word_1_1639' title='bbox 300 3551 340 3586; x_wconf 83' lang='lat' dir='ltr'>fic</span> <span class='ocrx_word' id='word_1_1640' title='bbox 358 3557 463 3578; x_wconf 70' lang='lat' dir='ltr'>vocatur</span> <span class='ocrx_word' id='word_1_1641' title='bbox 476 3551 569 3581; x_wconf 86' lang='lat' dir='ltr'>lorum,</span> <span class='ocrx_word' id='word_1_1642' title='bbox 589 3556 633 3584; x_wconf 73' lang='lat' dir='ltr'>quo</span> <span class='ocrx_word' id='word_1_1643' title='bbox 647 3548 835 3574; x_wconf 65' lang='lat' dir='ltr'>calceamentum</span> <span class='ocrx_word' id='word_1_1644' title='bbox 853 3547 1022 3584; x_wconf 64' lang='lat' dir='ltr'>adstringitur</span> <span class='ocrx_word' id='word_1_1645' title='bbox 1039 3547 1073 3573; x_wconf 84' lang='lat' dir='ltr'>ad</span> <span class='ocrx_word' id='word_1_1646' title='bbox 1085 3548 1181 3582; x_wconf 78' lang='lat' dir='ltr'>pedem.</span> <span class='ocrx_word' id='word_1_1647' title='bbox 1218 3547 1279 3582; x_wconf 67' lang='lat' dir='ltr'>Qas-</span> 
     </span>
    </p>
   </div>
   <div class='ocr_carea' id='block_1_49' title="bbox 236 3580 1320 3624">
    <p class='ocr_par' dir='ltr' id='par_1_71' title="bbox 236 3580 1320 3624">
     <span class='ocr_line' id='line_1_166' title="bbox 236 3580 1320 3624; baseline -0.007 -9"><span class='ocrx_word' id='word_1_1648' title='bbox 236 3588 293 3615; x_wconf 82' lang='lat' dir='ltr'>dam</span> <span class='ocrx_word' id='word_1_1649' title='bbox 306 3586 428 3614; x_wconf 80' lang='lat' dir='ltr'>deducunt</span> <span class='ocrx_word' id='word_1_1650' title='bbox 445 3595 461 3612; x_wconf 87' lang='lat' dir='ltr'>a</span> <span class='ocrx_word' id='word_1_1651' title='bbox 472 3580 557 3613; x_wconf 76' lang='lat' dir='ltr'>corio</span> <span class='ocrx_word' id='word_1_1652' title='bbox 565 3604 574 3617; x_wconf 91' lang='lat'>,</span> <span class='ocrx_word' id='word_1_1653' title='bbox 593 3582 656 3619; x_wconf 80' lang='lat' dir='ltr'>quod</span> <span class='ocrx_word' id='word_1_1654' title='bbox 669 3592 681 3608; x_wconf 74' lang='lat' dir='ltr'>c</span> <span class='ocrx_word' id='word_1_1655' title='bbox 694 3585 761 3609; x_wconf 71' lang='lat' dir='ltr'>corio</span> <span class='ocrx_word' id='word_1_1656' title='bbox 767 3582 877 3616; x_wconf 72' lang='lat' dir='ltr'>fierent,</span> <span class='ocrx_word' id='word_1_1657' title='bbox 903 3590 933 3610; x_wconf 84' lang='lat' dir='ltr'>vt</span> <span class='ocrx_word' id='word_1_1658' title='bbox 956 3582 1046 3609; x_wconf 78' lang='lat' dir='ltr'>isidor.</span> <span class='ocrx_word' id='word_1_1659' title='bbox 1058 3591 1105 3623; x_wconf 88' lang='lat'>.¹9‘</span> <span class='ocrx_word' id='word_1_1660' title='bbox 1118 3592 1159 3624; x_wconf 79' lang='lat'>34,</span> <span class='ocrx_word' id='word_1_1661' title='bbox 1179 3585 1222 3618; x_wconf 78' lang='lat' dir='ltr'>qui</span> <span class='ocrx_word' id='word_1_1662' title='bbox 1235 3582 1278 3609; x_wconf 78' lang='lat' dir='ltr'>ad·</span> <span class='ocrx_word' id='word_1_1663' title='bbox 1289 3587 1320 3613; x_wconf 84' lang='lat'>95</span> 
     </span>
    </p>
   </div>
   <div class='ocr_carea' id='block_1_50' title="bbox 235 3616 1280 3692">
    <p class='ocr_par' dir='ltr' id='par_1_72' title="bbox 235 3616 1280 3692">
     <span class='ocr_line' id='line_1_167' title="bbox 235 3616 1278 3656; baseline -0.005 -7"><span class='ocrx_word' id='word_1_1664' title='bbox 235 3623 293 3656; x_wconf 79' lang='lat' dir='ltr'>dit,</span> <span class='ocrx_word' id='word_1_1665' title='bbox 315 3622 359 3650; x_wconf 89' lang='lat' dir='ltr'>vel</span> <span class='ocrx_word' id='word_1_1666' title='bbox 378 3631 393 3649; x_wconf 78' lang='lat' dir='ltr'>a</span> <span class='ocrx_word' id='word_1_1667' title='bbox 410 3621 597 3656; x_wconf 81' lang='lat' dir='ltr'>colligatione,</span> <span class='ocrx_word' id='word_1_1668' title='bbox 627 3616 698 3653; x_wconf 76' lang='lat' dir='ltr'>quasi</span> <span class='ocrx_word' id='word_1_1669' title='bbox 719 3618 851 3652; x_wconf 79' lang='lat' dir='ltr'>colligiae.</span> <span class='ocrx_word' id='word_1_1670' title='bbox 955 3619 1080 3652; x_wconf 73' lang='lat' dir='ltr'>Cori-igni</span> <span class='ocrx_word' id='word_1_1671' title='bbox 1099 3627 1193 3645; x_wconf 82' lang='lat' dir='ltr'>canina</span> <span class='ocrx_word' id='word_1_1672' title='bbox 1212 3617 1278 3645; x_wconf 87' lang='lat' dir='ltr'>Plin.</span> 
     </span>
     <span class='ocr_line' id='line_1_168' title="bbox 237 3653 1280 3692; baseline -0.003 -8"><span class='ocrx_word' id='word_1_1673' title='bbox 237 3667 284 3692; x_wconf 83' lang='grc' dir='ltr'>3ο,</span> <span class='ocrx_word' id='word_1_1674' title='bbox 300 3667 328 3692; x_wconf 89' lang='lat'>4.</span> <span class='ocrx_word' id='word_1_1675' title='bbox 365 3660 383 3684; x_wconf 82' lang='lat' dir='ltr'>i.</span> <span class='ocrx_word' id='word_1_1676' title='bbox 402 3659 481 3685; x_wconf 81' lang='lat' dir='ltr'>lorum</span> <span class='ocrx_word' id='word_1_1677' title='bbox 500 3655 607 3692; x_wconf 72' lang='lat' dir='ltr'>expelle</span> <span class='ocrx_word' id='word_1_1678' title='bbox 625 3656 725 3681; x_wconf 78' lang='lat' dir='ltr'>canina.</span> <span class='ocrx_word' id='word_1_1679' title='bbox 830 3654 954 3689; x_wconf 83' lang='lat' dir='ltr'>Corrigia</span> <span class='ocrx_word' id='word_1_1680' title='bbox 973 3655 1144 3681; x_wconf 83' lang='lat' dir='ltr'>calceamenti</span> <span class='ocrx_word' id='word_1_1681' title='bbox 1170 3654 1226 3681; x_wconf 74' lang='lat' dir='ltr'>Cic.</span> <span class='ocrx_word' id='word_1_1682' title='bbox 1248 3653 1280 3680; x_wconf 82' lang='lat' dir='ltr'>de</span> 
     </span>
    </p>
   </div>
   <div class='ocr_carea' id='block_1_51' title="bbox 237 3694 456 3727">
    <p class='ocr_par' dir='ltr' id='par_1_73' title="bbox 237 3694 456 3727">
     <span class='ocr_line' id='line_1_169' title="bbox 237 3694 456 3727; baseline -0.009 -6"><span class='ocrx_word' id='word_1_1683' title='bbox 237 3694 332 3721; x_wconf 88' lang='lat' dir='ltr'>Diuin.</span> <span class='ocrx_word' id='word_1_1684' title='bbox 344 3701 357 3720; x_wconf 83' lang='lat'>2</span> <span class='ocrx_word' id='word_1_1685' title='bbox 377 3702 398 3719; x_wconf 89' lang='lat' dir='ltr'>c.</span> <span class='ocrx_word' id='word_1_1686' title='bbox 411 3702 456 3727; x_wconf 86' lang='lat'>40.</span> 
     </span>
    </p>
   </div>
   <div class='ocr_carea' id='block_1_52' title="bbox 276 3721 1280 3761">
    <p class='ocr_par' dir='ltr' id='par_1_74' title="bbox 276 3721 1280 3761">
     <span class='ocr_line' id='line_1_170' title="bbox 276 3721 1280 3761; baseline -0.006 -5"><span class='ocrx_word' id='word_1_1687' title='bbox 276 3735 294 3756; x_wconf 91' lang='lat' dir='ltr'>C</span> <span class='ocrx_word' id='word_1_1688' title='bbox 305 3735 325 3755; x_wconf 93' lang='lat' dir='ltr'>O</span> <span class='ocrx_word' id='word_1_1689' title='bbox 335 3735 354 3755; x_wconf 81' lang='lat' dir='ltr'>R</span> <span class='ocrx_word' id='word_1_1690' title='bbox 364 3735 382 3755; x_wconf 87' lang='lat' dir='ltr'>R</span> <span class='ocrx_word' id='word_1_1691' title='bbox 391 3726 404 3754; x_wconf 74' lang='lat' dir='ltr'><strong>f</strong></span> <span class='ocrx_word' id='word_1_1692' title='bbox 413 3735 434 3755; x_wconf 91' lang='lat' dir='ltr'>G</span> <span class='ocrx_word' id='word_1_1693' title='bbox 445 3735 465 3755; x_wconf 93' lang='grc' dir='ltr'><strong>Ο</strong></span> <span class='ocrx_word' id='word_1_1694' title='bbox 477 3748 486 3761; x_wconf 89' lang='grc'>,</span> <span class='ocrx_word' id='word_1_1695' title='bbox 513 3726 571 3754; x_wconf 74' lang='lat' dir='ltr'>rexi</span> <span class='ocrx_word' id='word_1_1696' title='bbox 579 3746 586 3758; x_wconf 88' lang='lat'>,</span> <span class='ocrx_word' id='word_1_1697' title='bbox 621 3724 740 3757; x_wconf 47' lang='lat' dir='ltr'>red-ium,</span> <span class='ocrx_word' id='word_1_1698' title='bbox 768 3723 823 3750; x_wconf 51' lang='lat' dir='ltr'>ere.</span> <span class='ocrx_word' id='word_1_1699' title='bbox 869 3721 999 3758; x_wconf 48' lang='lat' dir='ltr'>[dwpflcim</span> <span class='ocrx_word' id='word_1_1700' title='bbox 1019 3724 1143 3761; x_wconf 65' lang='grc' dir='ltr'>καταρθόω</span> <span class='ocrx_word' id='word_1_1701' title='bbox 1151 3742 1160 3755; x_wconf 84' lang='grc'><strong>,</strong></span> <span class='ocrx_word' id='word_1_1702' title='bbox 1173 3722 1280 3758; x_wconf 68' lang='grc' dir='ltr'>ἔνθ’όνω]</span> 
     </span>
    </p>
   </div>
   <div class='ocr_carea' id='block_1_53' title="bbox 238 3757 1463 3799">
    <p class='ocr_par' dir='ltr' id='par_1_75' title="bbox 238 3757 1463 3799">
     <span class='ocr_line' id='line_1_171' title="bbox 238 3757 1463 3799; baseline -0.002 -8"><span class='ocrx_word' id='word_1_1703' title='bbox 238 3765 275 3791; x_wconf 71' lang='lat' dir='ltr'>Ex</span> <span class='ocrx_word' id='word_1_1704' title='bbox 287 3764 356 3796; x_wconf 90' lang='lat' dir='ltr'>Con,</span> <span class='ocrx_word' id='word_1_1705' title='bbox 369 3770 392 3790; x_wconf 77' lang='lat' dir='ltr'>ct</span> <span class='ocrx_word' id='word_1_1706' title='bbox 403 3764 477 3798; x_wconf 83' lang='lat' dir='ltr'>Rego</span> <span class='ocrx_word' id='word_1_1707' title='bbox 489 3773 497 3795; x_wconf 90' lang='lat'>;</span> <span class='ocrx_word' id='word_1_1708' title='bbox 513 3760 646 3799; x_wconf 73' lang='lat' dir='ltr'>fignificat</span> <span class='ocrx_word' id='word_1_1709' title='bbox 660 3757 794 3794; x_wconf 70' lang='lat' dir='ltr'>tortuosum</span> <span class='ocrx_word' id='word_1_1710' title='bbox 808 3759 849 3785; x_wconf 84' lang='lat' dir='ltr'>vel</span> <span class='ocrx_word' id='word_1_1711' title='bbox 859 3761 1006 3786; x_wconf 71' lang='lat' dir='ltr'>inclinatum</span> <span class='ocrx_word' id='word_1_1712' title='bbox 1019 3760 1137 3797; x_wconf 76' lang='lat' dir='ltr'>dirigere,</span> <span class='ocrx_word' id='word_1_1713' title='bbox 1151 3760 1176 3796; x_wconf 90' lang='lat' dir='ltr'>s.</span> <span class='ocrx_word' id='word_1_1714' title='bbox 1188 3758 1282 3790; x_wconf 60' lang='lat' dir='ltr'>reflant</span> <span class='ocrx_word' id='word_1_1715' title='bbox 1292 3766 1338 3784; x_wconf 87' lang='lat'>100</span> <span class='ocrx_word' id='word_1_1716' title='bbox 1348 3761 1463 3796; x_wconf 83' lang='lat' dir='ltr'>vaporis.</span> 
     </span>
    </p>
   </div>
   <div class='ocr_carea' id='block_1_54' title="bbox 230 3794 1282 3906">
    <p class='ocr_par' dir='ltr' id='par_1_76' title="bbox 230 3794 1282 3906">
     <span class='ocr_line' id='line_1_172' title="bbox 230 3794 1282 3837; baseline -0.004 -11"><span class='ocrx_word' id='word_1_1717' title='bbox 230 3799 330 3837; x_wconf 63' lang='lat' dir='ltr'>facere.</span> <span class='ocrx_word' id='word_1_1718' title='bbox 386 3798 450 3825; x_wconf 85' lang='lat' dir='ltr'>Plin.</span> <span class='ocrx_word' id='word_1_1719' title='bbox 467 3806 495 3833; x_wconf 97' lang='grc'>7,</span> <span class='ocrx_word' id='word_1_1720' title='bbox 515 3807 550 3825; x_wconf 75' lang='lat' dir='ltr'>zo</span> <span class='ocrx_word' id='word_1_1721' title='bbox 574 3796 759 3825; x_wconf 87' lang='lat' dir='ltr'>Crotoniatam</span> <span class='ocrx_word' id='word_1_1722' title='bbox 772 3794 904 3821; x_wconf 86' lang='lat' dir='ltr'>Milonem</span> <span class='ocrx_word' id='word_1_1723' title='bbox 923 3794 1063 3835; x_wconf 68' lang='lat' dir='ltr'>athletam,</span> <span class='ocrx_word' id='word_1_1724' title='bbox 1084 3805 1168 3831; x_wconf 84' lang='lat' dir='ltr'>quum</span> <span class='ocrx_word' id='word_1_1725' title='bbox 1187 3795 1282 3822; x_wconf 82' lang='lat' dir='ltr'>consti-</span> 
     </span>
     <span class='ocr_line' id='line_1_173' title="bbox 237 3829 1282 3869; baseline -0.005 -7"><span class='ocrx_word' id='word_1_1726' title='bbox 237 3835 318 3868; x_wconf 75' lang='lat' dir='ltr'>tiss&#39;et.</span> <span class='ocrx_word' id='word_1_1727' title='bbox 341 3842 421 3861; x_wconf 84' lang='lat' dir='ltr'>nemo</span> <span class='ocrx_word' id='word_1_1728' title='bbox 439 3834 551 3869; x_wconf 81' lang='lat' dir='ltr'>vestigio</span> <span class='ocrx_word' id='word_1_1729' title='bbox 569 3831 714 3860; x_wconf 83' lang='lat' dir='ltr'>educebat:</span> <span class='ocrx_word' id='word_1_1730' title='bbox 745 3829 846 3856; x_wconf 83' lang='lat' dir='ltr'>malum</span> <span class='ocrx_word' id='word_1_1731' title='bbox 859 3835 959 3856; x_wconf 83' lang='lat' dir='ltr'>tenenti</span> <span class='ocrx_word' id='word_1_1732' title='bbox 979 3839 1058 3858; x_wconf 86' lang='lat' dir='ltr'>nemo</span> <span class='ocrx_word' id='word_1_1733' title='bbox 1073 3831 1186 3866; x_wconf 84' lang='lat' dir='ltr'>digitum</span> <span class='ocrx_word' id='word_1_1734' title='bbox 1199 3831 1282 3858; x_wconf 84' lang='lat' dir='ltr'>corri-</span> 
     </span>
     <span class='ocr_line' id='line_1_174' title="bbox 237 3865 1282 3906; baseline -0.005 -9"><span class='ocrx_word' id='word_1_1735' title='bbox 237 3871 323 3906; x_wconf 80' lang='lat' dir='ltr'>gebat.</span> <span class='ocrx_word' id='word_1_1736' title='bbox 428 3870 502 3896; x_wconf 82' lang='lat' dir='ltr'>Prou.</span> <span class='ocrx_word' id='word_1_1737' title='bbox 526 3868 577 3896; x_wconf 80' lang='lat' dir='ltr'>Hic</span> <span class='ocrx_word' id='word_1_1738' title='bbox 594 3868 672 3895; x_wconf 86' lang='lat' dir='ltr'>nobis</span> <span class='ocrx_word' id='word_1_1739' title='bbox 692 3874 774 3893; x_wconf 87' lang='lat' dir='ltr'>curua</span> <span class='ocrx_word' id='word_1_1740' title='bbox 793 3865 910 3900; x_wconf 81' lang='lat' dir='ltr'>corriget</span> <span class='ocrx_word' id='word_1_1741' title='bbox 924 3865 1011 3892; x_wconf 72' lang='lat' dir='ltr'>senec.</span> <span class='ocrx_word' id='word_1_1742' title='bbox 1031 3866 1062 3893; x_wconf 85' lang='lat' dir='ltr'>de</span> <span class='ocrx_word' id='word_1_1743' title='bbox 1075 3873 1162 3894; x_wconf 88' lang='lat' dir='ltr'>morte</span> <span class='ocrx_word' id='word_1_1744' title='bbox 1175 3866 1282 3894; x_wconf 82' lang='lat' dir='ltr'>Claudii</span> 
     </span>
    </p>
   </div>
   <div class='ocr_carea' id='block_1_55' title="bbox 237 3902 1282 3941">
    <p class='ocr_par' dir='ltr' id='par_1_77' title="bbox 237 3902 1282 3941">
     <span class='ocr_line' id='line_1_175' title="bbox 237 3902 1282 3941; baseline -0.005 -8"><span class='ocrx_word' id='word_1_1745' title='bbox 237 3915 263 3941; x_wconf 86' lang='lat' dir='ltr'>p.</span> <span class='ocrx_word' id='word_1_1746' title='bbox 277 3915 316 3939; x_wconf 80' lang='lat'>23.</span> <span class='ocrx_word' id='word_1_1747' title='bbox 351 3903 417 3933; x_wconf 74' lang='lat' dir='ltr'>Add.</span> <span class='ocrx_word' id='word_1_1748' title='bbox 430 3904 495 3932; x_wconf 87' lang='lat' dir='ltr'>Plin.</span> <span class='ocrx_word' id='word_1_1749' title='bbox 509 3905 554 3938; x_wconf 82' lang='lat' dir='ltr'>Ep.</span> <span class='ocrx_word' id='word_1_1750' title='bbox 569 3912 593 3937; x_wconf 75' lang='grc' dir='ltr'>ς,</span> <span class='ocrx_word' id='word_1_1751' title='bbox 606 3912 644 3931; x_wconf 82' lang='lat'>21.</span> <span class='ocrx_word' id='word_1_1752' title='bbox 715 3902 770 3937; x_wconf 83' lang='lat' dir='ltr'>Ego</span> <span class='ocrx_word' id='word_1_1753' title='bbox 785 3907 811 3928; x_wconf 86' lang='lat' dir='ltr'>te</span> <span class='ocrx_word' id='word_1_1754' title='bbox 824 3909 934 3927; x_wconf 89' lang='lat' dir='ltr'>monere</span> <span class='ocrx_word' id='word_1_1755' title='bbox 947 3902 1043 3934; x_wconf 74' lang='lat' dir='ltr'>potsunt</span> <span class='ocrx_word' id='word_1_1756' title='bbox 1052 3921 1060 3933; x_wconf 89' lang='lat'>,</span> <span class='ocrx_word' id='word_1_1757' title='bbox 1081 3903 1215 3938; x_wconf 87' lang='lat' dir='ltr'>corrigere</span> <span class='ocrx_word' id='word_1_1758' title='bbox 1227 3911 1282 3929; x_wconf 85' lang='lat' dir='ltr'>non</span> 
     </span>
    </p>
   </div>
   <div class='ocr_carea' id='block_1_56' title="bbox 237 3935 1482 3978">
    <p class='ocr_par' dir='ltr' id='par_1_78' title="bbox 237 3935 1482 3978">
     <span class='ocr_line' id='line_1_176' title="bbox 237 3935 1482 3978; baseline -0.002 -10"><span class='ocrx_word' id='word_1_1759' title='bbox 237 3943 339 3978; x_wconf 73' lang='lat' dir='ltr'>pomini</span> <span class='ocrx_word' id='word_1_1760' title='bbox 348 3939 476 3977; x_wconf 73' lang='lat' dir='ltr'>Augustus</span> <span class='ocrx_word' id='word_1_1761' title='bbox 485 3939 551 3975; x_wconf 72' lang='lat' dir='ltr'>apud</span> <span class='ocrx_word' id='word_1_1762' title='bbox 562 3937 682 3967; x_wconf 79' lang='lat' dir='ltr'>Macrob.</span> <span class='ocrx_word' id='word_1_1763' title='bbox 690 3938 802 3973; x_wconf 78' lang='lat' dir='ltr'>Sat.2‚4</span> <span class='ocrx_word' id='word_1_1764' title='bbox 824 3939 852 3964; x_wconf 80' lang='lat' dir='ltr'>in</span> <span class='ocrx_word' id='word_1_1765' title='bbox 863 3935 1010 3972; x_wconf 72' lang='lat' dir='ltr'>causidicum</span> <span class='ocrx_word' id='word_1_1766' title='bbox 1019 3937 1152 3974; x_wconf 74' lang='lat' dir='ltr'>gibbosum.</span> <span class='ocrx_word' id='word_1_1767' title='bbox 1188 3940 1281 3975; x_wconf 70' lang='lat' dir='ltr'>Nempe</span> <span class='ocrx_word' id='word_1_1768' title='bbox 1293 3939 1337 3966; x_wconf 83' lang='lat'>103</span> <span class='ocrx_word' id='word_1_1769' title='bbox 1347 3939 1424 3967; x_wconf 87' lang='lat' dir='ltr'>Vitio</span> <span class='ocrx_word' id='word_1_1770' title='bbox 1444 3941 1482 3966; x_wconf 83' lang='lat'>16.</span> 
     </span>
    </p>
   </div>
   <div class='ocr_carea' id='block_1_57' title="bbox 429 2866 2474 3081">
    <p class='ocr_par' dir='ltr' id='par_1_79' title="bbox 429 2866 2474 3081">
     <span class='ocr_line' id='line_1_177' title="bbox 429 2866 2058 2903; baseline -0.004 -4"><span class='ocrx_word' id='word_1_1771' title='bbox 429 2873 534 2899; x_wconf 89' lang='lat' dir='ltr'>Lucret.</span> <span class='ocrx_word' id='word_1_1772' title='bbox 549 2878 577 2903; x_wconf 80' lang='lat'>5,</span> <span class='ocrx_word' id='word_1_1773' title='bbox 597 2874 649 2899; x_wconf 84' lang='lat'>12¹8</span> <span class='ocrx_word' id='word_1_1774' title='bbox 675 2869 727 2895; x_wconf 87' lang='lat' dir='ltr'>Cui</span> <span class='ocrx_word' id='word_1_1775' title='bbox 745 2876 799 2894; x_wconf 87' lang='lat' dir='ltr'>non</span> <span class='ocrx_word' id='word_1_1776' title='bbox 819 2873 963 2902; x_wconf 87' lang='lat' dir='ltr'>correpunt</span> <span class='ocrx_word' id='word_1_1777' title='bbox 980 2867 1099 2894; x_wconf 88' lang='lat' dir='ltr'>membra</span> <span class='ocrx_word' id='word_1_1778' title='bbox 1113 2869 1229 2902; x_wconf 72' lang='lat' dir='ltr'>pauore?</span> <span class='ocrx_word' id='word_1_1779' title='bbox 1255 2870 1274 2894; x_wconf 89' lang='lat' dir='ltr'>i.</span> <span class='ocrx_word' id='word_1_1780' title='bbox 1284 2867 1316 2896; x_wconf 75' lang='lat'>73</span> <span class='ocrx_word' id='word_1_1781' title='bbox 1344 2867 1463 2902; x_wconf 89' lang='lat' dir='ltr'>corripi,</span> <span class='ocrx_word' id='word_1_1782' title='bbox 1480 2875 1509 2893; x_wconf 93' lang='lat' dir='ltr'>ac</span> <span class='ocrx_word' id='word_1_1783' title='bbox 1523 2867 1642 2901; x_wconf 82' lang='lat' dir='ltr'>suspendi</span> <span class='ocrx_word' id='word_1_1784' title='bbox 1656 2866 1725 2893; x_wconf 81' lang='lat' dir='ltr'>iuffit</span> <span class='ocrx_word' id='word_1_1785' title='bbox 1738 2868 1795 2894; x_wconf 88' lang='lat' dir='ltr'>Cic.</span> <span class='ocrx_word' id='word_1_1786' title='bbox 1808 2868 1886 2895; x_wconf 85' lang='lat' dir='ltr'>Verr.</span> <span class='ocrx_word' id='word_1_1787' title='bbox 1898 2875 1920 2899; x_wconf 80' lang='grc'>3,</span> <span class='ocrx_word' id='word_1_1788' title='bbox 1933 2874 1964 2901; x_wconf 78' lang='lat'>57</span> <span class='ocrx_word' id='word_1_1789' title='bbox 1986 2876 2007 2893; x_wconf 90' lang='lat' dir='ltr'>c.</span> <span class='ocrx_word' id='word_1_1790' title='bbox 2022 2874 2058 2899; x_wconf 85' lang='lat'>23.</span> 
     </span>
     <span class='ocr_line' id='line_1_178' title="bbox 1094 2899 2462 2938; baseline -0.003 -7"><span class='ocrx_word' id='word_1_1791' title='bbox 1094 2904 1099 2907; x_wconf 84' lang='grc'><em>“</em></span> <span class='ocrx_word' id='word_1_1792' title='bbox 1514 2904 1621 2930; x_wconf 87' lang='lat' dir='ltr'>Horror</span> <span class='ocrx_word' id='word_1_1793' title='bbox 1634 2909 1766 2930; x_wconf 84' lang='lat' dir='ltr'>extremus</span> <span class='ocrx_word' id='word_1_1794' title='bbox 1779 2903 1892 2937; x_wconf 86' lang='lat' dir='ltr'>corripit</span> <span class='ocrx_word' id='word_1_1795' title='bbox 1905 2903 2022 2934; x_wconf 85' lang='lat' dir='ltr'>lumina,</span> <span class='ocrx_word' id='word_1_1796' title='bbox 2040 2901 2068 2928; x_wconf 80' lang='lat' dir='ltr'>de</span> <span class='ocrx_word' id='word_1_1797' title='bbox 2081 2910 2121 2935; x_wconf 80' lang='lat' dir='ltr'>cv,</span> <span class='ocrx_word' id='word_1_1798' title='bbox 2140 2904 2183 2938; x_wconf 85' lang='lat' dir='ltr'>qui</span> <span class='ocrx_word' id='word_1_1799' title='bbox 2193 2904 2301 2928; x_wconf 83' lang='lat' dir='ltr'>moritur</span> <span class='ocrx_word' id='word_1_1800' title='bbox 2316 2899 2394 2928; x_wconf 79' lang='lat' dir='ltr'>Idem</span> <span class='ocrx_word' id='word_1_1801' title='bbox 2427 2914 2431 2922; x_wconf 70' lang='grc' dir='ltr'><em>ι</em></span> <span class='ocrx_word' id='word_1_1802' title='bbox 2454 2919 2462 2937; x_wconf 48' lang='lat'>5</span> 
     </span>
     <span class='ocr_line' id='line_1_179' title="bbox 2247 2937 2456 2971; baseline 0 -7"><span class='ocrx_word' id='word_1_1803' title='bbox 2247 2937 2353 2964; x_wconf 87' lang='lat' dir='ltr'>Lucret.</span> <span class='ocrx_word' id='word_1_1804' title='bbox 2366 2943 2392 2970; x_wconf 80' lang='grc' dir='ltr'>ς,</span> <span class='ocrx_word' id='word_1_1805' title='bbox 2409 2966 2412 2971; x_wconf 64' lang='grc'><strong>,</strong></span> <span class='ocrx_word' id='word_1_1806' title='bbox 2454 2962 2456 2967; x_wconf 93' lang='grc'><strong>,</strong></span> 
     </span>
     <span class='ocr_line' id='line_1_180' title="bbox 1345 2973 2474 3010; baseline -0.003 -9"><span class='ocrx_word' id='word_1_1807' title='bbox 1345 2983 1407 3001; x_wconf 79' lang='lat'>1222</span> <span class='ocrx_word' id='word_1_1808' title='bbox 1439 2975 1597 3009; x_wconf 87' lang='lat' dir='ltr'>Corripiunt</span> <span class='ocrx_word' id='word_1_1809' title='bbox 1615 2973 1710 3001; x_wconf 72' lang='lat' dir='ltr'>diuum</span> <span class='ocrx_word' id='word_1_1810' title='bbox 1729 2974 1839 3010; x_wconf 77' lang='lat' dir='ltr'>pet-culti</span> <span class='ocrx_word' id='word_1_1811' title='bbox 1856 2974 1979 3001; x_wconf 84' lang='lat' dir='ltr'>Membra</span> <span class='ocrx_word' id='word_1_1812' title='bbox 1998 2974 2111 3005; x_wconf 77' lang='lat' dir='ltr'>timore,</span> <span class='ocrx_word' id='word_1_1813' title='bbox 2137 2976 2155 2999; x_wconf 89' lang='lat' dir='ltr'>i.</span> <span class='ocrx_word' id='word_1_1814' title='bbox 2174 2973 2341 3005; x_wconf 78' lang='lat' dir='ltr'>contrahunt,</span> <span class='ocrx_word' id='word_1_1815' title='bbox 2360 2977 2444 2999; x_wconf 48' lang='lat' dir='ltr'>vas-‘1</span> <span class='ocrx_word' id='word_1_1816' title='bbox 2469 2977 2474 2997; x_wconf 70' lang='grc' dir='ltr'><strong>ε</strong></span> 
     </span>
     <span class='ocr_line' id='line_1_181' title="bbox 1335 3011 1499 3047; baseline 0 -11"><span class='ocrx_word' id='word_1_1817' title='bbox 1335 3011 1374 3047; x_wconf 81' lang='lat' dir='ltr'>fit</span> <span class='ocrx_word' id='word_1_1818' title='bbox 1387 3014 1414 3036; x_wconf 78' lang='lat' dir='ltr'>in</span> <span class='ocrx_word' id='word_1_1819' title='bbox 1426 3017 1499 3036; x_wconf 78' lang='lat' dir='ltr'>metu.</span> 
     </span>
     <span class='ocr_line' id='line_1_182' title="bbox 943 3046 1683 3081; baseline 0.003 -10"><span class='ocrx_word' id='word_1_1820' title='bbox 943 3046 985 3072; x_wconf 78' lang='lat' dir='ltr'>An</span> <span class='ocrx_word' id='word_1_1821' title='bbox 1000 3047 1105 3073; x_wconf 87' lang='lat' dir='ltr'>rursum</span> <span class='ocrx_word' id='word_1_1822' title='bbox 1120 3048 1209 3074; x_wconf 89' lang='lat' dir='ltr'>senior</span> <span class='ocrx_word' id='word_1_1823' title='bbox 1223 3056 1275 3073; x_wconf 88' lang='lat' dir='ltr'>ma·</span> <span class='ocrx_word' id='word_1_1824' title='bbox 1285 3047 1317 3073; x_wconf 86' lang='lat'>80</span> <span class='ocrx_word' id='word_1_1825' title='bbox 1343 3046 1497 3081; x_wconf 86' lang='lat' dir='ltr'>ripiantque</span> <span class='ocrx_word' id='word_1_1826' title='bbox 1512 3055 1615 3080; x_wconf 88' lang='lat' dir='ltr'>moras,</span> <span class='ocrx_word' id='word_1_1827' title='bbox 1637 3053 1683 3073; x_wconf 77' lang='lat' dir='ltr'>etc.</span> 
     </span>
    </p>
   </div>
   <div class='ocr_carea' id='block_1_58' title="bbox 1338 3115 1429 3154">
    <p class='ocr_par' dir='ltr' id='par_1_80' title="bbox 1338 3115 1429 3154">
     <span class='ocr_line' id='line_1_183' title="bbox 1338 3115 1429 3154; baseline 0 -10"><span class='ocrx_word' id='word_1_1828' title='bbox 1338 3115 1429 3154; x_wconf 63' lang='lat' dir='ltr'>potest.</span> 
     </span>
    </p>
   </div>
   <div class='ocr_carea' id='block_1_59' title="bbox 1339 2405 2393 2511">
    <p class='ocr_par' dir='ltr' id='par_1_81' title="bbox 1339 2405 2393 2511">
     <span class='ocr_line' id='line_1_184' title="bbox 1377 2405 2391 2441; baseline 0.013 -16"><span class='ocrx_word' id='word_1_1829' title='bbox 1377 2405 1673 2441; x_wconf 63' lang='lat' dir='ltr'>conaioiniris.</span> <span class='ocrx_word' id='word_1_1830' title='bbox 1694 2414 1716 2431; x_wconf 82' lang='lat' dir='ltr'>e.</span> <span class='ocrx_word' id='word_1_1831' title='bbox 1754 2406 1816 2432; x_wconf 85' lang='lat' dir='ltr'>Adi.</span> <span class='ocrx_word' id='word_1_1832' title='bbox 1852 2407 1957 2433; x_wconf 82' lang='lat' dir='ltr'>Cathol.</span> <span class='ocrx_word' id='word_1_1833' title='bbox 2337 2436 2341 2438; x_wconf 77' lang='grc'>,</span> <span class='ocrx_word' id='word_1_1834' title='bbox 2383 2407 2391 2419; x_wconf 79' lang='grc'><em>’</em></span> 
     </span>
     <span class='ocr_line' id='line_1_185' title="bbox 1378 2440 2386 2477; baseline 0.008 -16"><span class='ocrx_word' id='word_1_1835' title='bbox 1378 2441 1426 2476; x_wconf 67' lang='lat' dir='ltr'>oo</span> <span class='ocrx_word' id='word_1_1836' title='bbox 1436 2443 1502 2475; x_wconf 58' lang='grc'>11111</span> <span class='ocrx_word' id='word_1_1837' title='bbox 1513 2444 1545 2463; x_wconf 78' lang='lat'>1³1</span> <span class='ocrx_word' id='word_1_1838' title='bbox 1557 2444 1576 2463; x_wconf 92' lang='lat' dir='ltr'>o</span> <span class='ocrx_word' id='word_1_1839' title='bbox 1588 2457 1596 2469; x_wconf 89' lang='lat'><strong>‚</strong></span> <span class='ocrx_word' id='word_1_1840' title='bbox 1615 2441 1705 2472; x_wconf 80' lang='lat' dir='ltr'>ripui,</span> <span class='ocrx_word' id='word_1_1841' title='bbox 1726 2447 1848 2475; x_wconf 87' lang='lat' dir='ltr'>reptum,</span> <span class='ocrx_word' id='word_1_1842' title='bbox 1868 2443 1923 2467; x_wconf 71' lang='lat' dir='ltr'>ere.</span> <span class='ocrx_word' id='word_1_1843' title='bbox 1961 2443 1973 2474; x_wconf 95' lang='lat'>[</span> <span class='ocrx_word' id='word_1_1844' title='bbox 1981 2440 2205 2477; x_wconf 66' lang='grc' dir='ltr'>ἔπιλαμέἇνομαι]</span> <span class='ocrx_word' id='word_1_1845' title='bbox 2241 2442 2279 2468; x_wconf 80' lang='lat' dir='ltr'>Ex</span> <span class='ocrx_word' id='word_1_1846' title='bbox 2292 2441 2349 2468; x_wconf 83' lang='lat' dir='ltr'>Con</span> <span class='ocrx_word' id='word_1_1847' title='bbox 2360 2441 2386 2465; x_wconf 63' lang='grc' dir='ltr'>οδ</span> 
     </span>
     <span class='ocr_line' id='line_1_186' title="bbox 1339 2471 2393 2511; baseline 0.004 -13"><span class='ocrx_word' id='word_1_1848' title='bbox 1339 2472 1426 2506; x_wconf 84' lang='lat' dir='ltr'>Rapio</span> <span class='ocrx_word' id='word_1_1849' title='bbox 1439 2482 1447 2503; x_wconf 88' lang='lat'>;</span> <span class='ocrx_word' id='word_1_1850' title='bbox 1465 2471 1596 2509; x_wconf 54' lang='lat' dir='ltr'>significat</span> <span class='ocrx_word' id='word_1_1851' title='bbox 1614 2483 1663 2499; x_wconf 80' lang='lat' dir='ltr'>vna</span> <span class='ocrx_word' id='word_1_1852' title='bbox 1673 2493 1680 2503; x_wconf 87' lang='lat'><strong>‚</strong></span> <span class='ocrx_word' id='word_1_1853' title='bbox 1700 2484 1748 2500; x_wconf 76' lang='lat' dir='ltr'>vno</span> <span class='ocrx_word' id='word_1_1854' title='bbox 1763 2479 1853 2510; x_wconf 77' lang='lat' dir='ltr'>impetu</span> <span class='ocrx_word' id='word_1_1855' title='bbox 1867 2477 1978 2511; x_wconf 78' lang='lat' dir='ltr'>Rapere,</span> <span class='ocrx_word' id='word_1_1856' title='bbox 1987 2476 2042 2508; x_wconf 78' lang='lat' dir='ltr'>flue</span> <span class='ocrx_word' id='word_1_1857' title='bbox 2055 2484 2142 2509; x_wconf 75' lang='lat' dir='ltr'>capere</span> <span class='ocrx_word' id='word_1_1858' title='bbox 2153 2480 2275 2504; x_wconf 67' lang='lat' dir='ltr'>celeriter.</span> <span class='ocrx_word' id='word_1_1859' title='bbox 2311 2475 2393 2509; x_wconf 55' lang='lat' dir='ltr'>Vix-g.»</span> 
     </span>
    </p>
   </div>
   <div class='ocr_carea' id='block_1_60' title="bbox 1337 2367 2117 2408">
    <p class='ocr_par' dir='ltr' id='par_1_82' title="bbox 1337 2367 2117 2408">
     <span class='ocr_line' id='line_1_187' title="bbox 1337 2367 2117 2408; baseline 0.01 -19"><span class='ocrx_word' id='word_1_1860' title='bbox 1337 2374 1381 2391; x_wconf 85' lang='lat' dir='ltr'>nos</span> <span class='ocrx_word' id='word_1_1861' title='bbox 1394 2367 1462 2392; x_wconf 70' lang='lat' dir='ltr'>docet</span> <span class='ocrx_word' id='word_1_1862' title='bbox 1476 2369 1586 2396; x_wconf 86' lang='lat' dir='ltr'>Rufinus</span> <span class='ocrx_word' id='word_1_1863' title='bbox 1602 2375 1642 2400; x_wconf 80' lang='lat'>18,</span> <span class='ocrx_word' id='word_1_1864' title='bbox 1655 2381 1682 2404; x_wconf 90' lang='lat'>4.</span> <span class='ocrx_word' id='word_1_1865' title='bbox 1724 2371 1783 2398; x_wconf 84' lang='lat' dir='ltr'>Vid.</span> <span class='ocrx_word' id='word_1_1866' title='bbox 1799 2372 1889 2398; x_wconf 81' lang='lat' dir='ltr'>Barth.</span> <span class='ocrx_word' id='word_1_1867' title='bbox 1904 2372 2012 2408; x_wconf 74' lang='lat' dir='ltr'>Aduers.</span> <span class='ocrx_word' id='word_1_1868' title='bbox 2022 2381 2065 2406; x_wconf 86' lang='lat'>59,</span> <span class='ocrx_word' id='word_1_1869' title='bbox 2078 2381 2117 2406; x_wconf 82' lang='lat'>14.</span> 
     </span>
    </p>
   </div>
   <div class='ocr_carea' id='block_1_61' title="bbox 1177 2508 2391 2544">
    <p class='ocr_par' dir='ltr' id='par_1_83' title="bbox 1177 2508 2391 2544">
     <span class='ocr_line' id='line_1_188' title="bbox 1177 2508 2391 2544; baseline 0.001 -9"><span class='ocrx_word' id='word_1_1870' title='bbox 1177 2510 1273 2536; x_wconf 89' lang='lat' dir='ltr'>Corra·</span> <span class='ocrx_word' id='word_1_1871' title='bbox 1282 2508 1314 2539; x_wconf 77' lang='lat'>63</span> <span class='ocrx_word' id='word_1_1872' title='bbox 1339 2508 1404 2534; x_wconf 81' lang='lat' dir='ltr'>Aen.</span> <span class='ocrx_word' id='word_1_1873' title='bbox 1422 2516 1499 2540; x_wconf 85' lang='lat'>1,192</span> <span class='ocrx_word' id='word_1_1874' title='bbox 1522 2508 1648 2535; x_wconf 81' lang='lat' dir='ltr'>Constitit</span> <span class='ocrx_word' id='word_1_1875' title='bbox 1666 2508 1726 2541; x_wconf 85' lang='lat' dir='ltr'>hie,</span> <span class='ocrx_word' id='word_1_1876' title='bbox 1745 2517 1888 2543; x_wconf 85' lang='lat' dir='ltr'>arcumque</span> <span class='ocrx_word' id='word_1_1877' title='bbox 1900 2519 1998 2542; x_wconf 89' lang='lat' dir='ltr'>manu,</span> <span class='ocrx_word' id='word_1_1878' title='bbox 2018 2510 2168 2544; x_wconf 85' lang='lat' dir='ltr'>celeresque</span> <span class='ocrx_word' id='word_1_1879' title='bbox 2182 2512 2286 2543; x_wconf 81' lang='lat' dir='ltr'>sagittas</span> <span class='ocrx_word' id='word_1_1880' title='bbox 2323 2512 2391 2537; x_wconf 84' lang='lat' dir='ltr'>Cor·</span> 
     </span>
    </p>
   </div>
   <div class='ocr_carea' id='block_1_62' title="bbox 1339 2543 2413 2584">
    <p class='ocr_par' dir='ltr' id='par_1_84' title="bbox 1339 2543 2413 2584">
     <span class='ocr_line' id='line_1_189' title="bbox 1339 2543 2413 2584; baseline 0.001 -15"><span class='ocrx_word' id='word_1_1881' title='bbox 1339 2543 1432 2578; x_wconf 90' lang='lat' dir='ltr'>ripuit.</span> <span class='ocrx_word' id='word_1_1882' title='bbox 1504 2544 1649 2578; x_wconf 85' lang='lat' dir='ltr'>Corripere</span> <span class='ocrx_word' id='word_1_1883' title='bbox 1663 2545 1781 2579; x_wconf 88' lang='lat' dir='ltr'>aliquem</span> <span class='ocrx_word' id='word_1_1884' title='bbox 1795 2544 1822 2570; x_wconf 92' lang='lat' dir='ltr'>in</span> <span class='ocrx_word' id='word_1_1885' title='bbox 1836 2553 1949 2571; x_wconf 86' lang='lat' dir='ltr'>neruum</span> <span class='ocrx_word' id='word_1_1886' title='bbox 1966 2546 2050 2570; x_wconf 90' lang='lat' dir='ltr'>Plaut.</span> <span class='ocrx_word' id='word_1_1887' title='bbox 2065 2544 2132 2571; x_wconf 88' lang='lat' dir='ltr'>Rud.</span> <span class='ocrx_word' id='word_1_1888' title='bbox 2146 2554 2169 2578; x_wconf 82' lang='lat'>3,</span> <span class='ocrx_word' id='word_1_1889' title='bbox 2180 2547 2210 2577; x_wconf 85' lang='grc'>’6,</span> <span class='ocrx_word' id='word_1_1890' title='bbox 2225 2553 2266 2578; x_wconf 80' lang='lat'>34.</span> <span class='ocrx_word' id='word_1_1891' title='bbox 2280 2579 2284 2584; x_wconf 35' lang='lat'><strong>¹</strong></span> <span class='ocrx_word' id='word_1_1892' title='bbox 2322 2546 2393 2570; x_wconf 89' lang='lat' dir='ltr'>Cor·</span> <span class='ocrx_word' id='word_1_1893' title='bbox 2411 2547 2413 2550; x_wconf 76' lang='grc'>’</span> 
     </span>
    </p>
   </div>
   <div class='ocr_carea' id='block_1_63' title="bbox 1340 2579 2391 2614">
    <p class='ocr_par' dir='ltr' id='par_1_85' title="bbox 1340 2579 2391 2614">
     <span class='ocr_line' id='line_1_190' title="bbox 1340 2579 2391 2614; baseline -0.001 -8"><span class='ocrx_word' id='word_1_1894' title='bbox 1340 2580 1429 2614; x_wconf 89' lang='lat' dir='ltr'>ripere</span> <span class='ocrx_word' id='word_1_1895' title='bbox 1444 2581 1533 2606; x_wconf 86' lang='lat' dir='ltr'>morsu</span> <span class='ocrx_word' id='word_1_1896' title='bbox 1552 2580 1617 2606; x_wconf 80' lang='lat' dir='ltr'>Plin.</span> <span class='ocrx_word' id='word_1_1897' title='bbox 1634 2589 1679 2612; x_wconf 85' lang='lat'>10,</span> <span class='ocrx_word' id='word_1_1898' title='bbox 1698 2589 1743 2613; x_wconf 89' lang='lat'>40.</span> <span class='ocrx_word' id='word_1_1899' title='bbox 1816 2580 1961 2614; x_wconf 86' lang='lat' dir='ltr'>Corripere</span> <span class='ocrx_word' id='word_1_1900' title='bbox 1980 2580 2032 2605; x_wconf 87' lang='lat' dir='ltr'>sese</span> <span class='ocrx_word' id='word_1_1901' title='bbox 2051 2580 2138 2611; x_wconf 86' lang='lat' dir='ltr'>intro,</span> <span class='ocrx_word' id='word_1_1902' title='bbox 2168 2584 2186 2606; x_wconf 84' lang='lat' dir='ltr'>i.</span> <span class='ocrx_word' id='word_1_1903' title='bbox 2207 2580 2329 2606; x_wconf 72' lang='lat' dir='ltr'>celeriter</span> <span class='ocrx_word' id='word_1_1904' title='bbox 2349 2579 2391 2605; x_wconf 86' lang='lat' dir='ltr'>in-</span> 
     </span>
    </p>
   </div>
   <div class='ocr_carea' id='block_1_64' title="bbox 1217 2614 2455 2758">
    <p class='ocr_par' dir='ltr' id='par_1_86' title="bbox 1341 2614 2429 2676">
     <span class='ocr_line' id='line_1_191' title="bbox 1341 2614 2429 2676; baseline -0.001 -35"><span class='ocrx_word' id='word_1_1905' title='bbox 1341 2615 1431 2650; x_wconf 80' lang='lat' dir='ltr'>gredi,</span> <span class='ocrx_word' id='word_1_1906' title='bbox 1452 2615 1570 2643; x_wconf 79' lang='lat' dir='ltr'>Donatus</span> <span class='ocrx_word' id='word_1_1907' title='bbox 1582 2616 1616 2642; x_wconf 83' lang='lat' dir='ltr'>ad</span> <span class='ocrx_word' id='word_1_1908' title='bbox 1629 2616 1697 2643; x_wconf 89' lang='lat' dir='ltr'>Ter.</span> <span class='ocrx_word' id='word_1_1909' title='bbox 1706 2617 1769 2643; x_wconf 84' lang='lat' dir='ltr'>Hec.</span> <span class='ocrx_word' id='word_1_1910' title='bbox 1783 2624 1806 2650; x_wconf 84' lang='grc'>3,</span> <span class='ocrx_word' id='word_1_1911' title='bbox 1819 2625 1840 2648; x_wconf 88' lang='grc'>3,</span> <span class='ocrx_word' id='word_1_1912' title='bbox 1855 2623 1868 2649; x_wconf 76' lang='lat'>5</span> <span class='ocrx_word' id='word_1_1913' title='bbox 1889 2616 1961 2642; x_wconf 86' lang='lat' dir='ltr'>Nam</span> <span class='ocrx_word' id='word_1_1914' title='bbox 1974 2614 2056 2641; x_wconf 86' lang='lat' dir='ltr'>modo</span> <span class='ocrx_word' id='word_1_1915' title='bbox 2070 2624 2112 2641; x_wconf 89' lang='lat' dir='ltr'>me</span> <span class='ocrx_word' id='word_1_1916' title='bbox 2126 2615 2208 2646; x_wconf 86' lang='lat' dir='ltr'>intro,</span> <span class='ocrx_word' id='word_1_1917' title='bbox 2227 2621 2256 2641; x_wconf 91' lang='lat' dir='ltr'>vt</span> <span class='ocrx_word' id='word_1_1918' title='bbox 2268 2614 2394 2676; x_wconf 57' lang='lat' dir='ltr'>‘mqi’fi</span> <span class='ocrx_word' id='word_1_1919' title='bbox 2415 2615 2429 2635; x_wconf 79' lang='grc' dir='ltr'>ἰ</span> 
     </span>
     <span class='ocr_line' id='line_1_192' title="bbox 2412 2661 2417 2672; baseline 0 0"><span class='ocrx_word' id='word_1_1920' title='bbox 2412 2661 2417 2672; x_wconf 70' lang='lat' dir='ltr'><em>s</em></span> 
     </span>
    </p>

    <p class='ocr_par' dir='ltr' id='par_1_87' title="bbox 1217 2659 2400 2722">
     <span class='ocr_line' id='line_1_193' title="bbox 1217 2659 2400 2722; baseline -0.001 -7"><span class='ocrx_word' id='word_1_1921' title='bbox 1217 2689 1275 2716; x_wconf 84' lang='lat' dir='ltr'>Alii</span> <span class='ocrx_word' id='word_1_1922' title='bbox 1284 2692 1320 2719; x_wconf 86' lang='lat'>70</span> <span class='ocrx_word' id='word_1_1923' title='bbox 1341 2689 1406 2714; x_wconf 88' lang='lat' dir='ltr'>Hec.</span> <span class='ocrx_word' id='word_1_1924' title='bbox 1421 2697 1449 2720; x_wconf 90' lang='lat'>4,</span> <span class='ocrx_word' id='word_1_1925' title='bbox 1465 2696 1491 2720; x_wconf 89' lang='lat'>1,</span> <span class='ocrx_word' id='word_1_1926' title='bbox 1510 2697 1522 2720; x_wconf 89' lang='grc'>3</span> <span class='ocrx_word' id='word_1_1927' title='bbox 1555 2689 1592 2714; x_wconf 90' lang='lat' dir='ltr'>Ita</span> <span class='ocrx_word' id='word_1_1928' title='bbox 1607 2688 1741 2722; x_wconf 77' lang='lat' dir='ltr'>corripuit</span> <span class='ocrx_word' id='word_1_1929' title='bbox 1754 2688 1897 2722; x_wconf 84' lang='lat' dir='ltr'>derepente</span> <span class='ocrx_word' id='word_1_1930' title='bbox 1914 2688 2007 2714; x_wconf 85' lang='lat' dir='ltr'>tacitus</span> <span class='ocrx_word' id='word_1_1931' title='bbox 2021 2687 2073 2713; x_wconf 78' lang='lat' dir='ltr'>sese</span> <span class='ocrx_word' id='word_1_1932' title='bbox 2092 2686 2125 2713; x_wconf 89' lang='lat' dir='ltr'>ad</span> <span class='ocrx_word' id='word_1_1933' title='bbox 2139 2686 2238 2718; x_wconf 79' lang='lat' dir='ltr'>tiliam,</span> <span class='ocrx_word' id='word_1_1934' title='bbox 2261 2688 2279 2712; x_wconf 89' lang='lat' dir='ltr'>i.</span> <span class='ocrx_word' id='word_1_1935' title='bbox 2293 2659 2400 2720; x_wconf 46' lang='grc' dir='ltr'>περτζ-ἱ·</span> 
     </span>
    </p>

    <p class='ocr_par' dir='ltr' id='par_1_88' title="bbox 1763 2721 2455 2758">
     <span class='ocr_line' id='line_1_194' title="bbox 1763 2721 2455 2758; baseline -0.006 -7"><span class='ocrx_word' id='word_1_1936' title='bbox 1763 2724 1893 2758; x_wconf 88' lang='lat' dir='ltr'>Campum</span> <span class='ocrx_word' id='word_1_1937' title='bbox 1907 2722 2159 2756; x_wconf 82' lang='lat' dir='ltr'>certamine&#39;biiugo</span> <span class='ocrx_word' id='word_1_1938' title='bbox 2177 2721 2276 2756; x_wconf 83' lang='lat' dir='ltr'>Virgil.</span> <span class='ocrx_word' id='word_1_1939' title='bbox 2292 2723 2354 2748; x_wconf 79' lang='lat' dir='ltr'>Aen.</span> <span class='ocrx_word' id='word_1_1940' title='bbox 2365 2727 2394 2756; x_wconf 76' lang='grc' dir='ltr'>ς,</span> <span class='ocrx_word' id='word_1_1941' title='bbox 2413 2727 2415 2730; x_wconf 87' lang='grc'><strong>“</strong></span> <span class='ocrx_word' id='word_1_1942' title='bbox 2453 2729 2455 2736; x_wconf 68' lang='lat'><strong>¹</strong></span> 
     </span>
    </p>
   </div>
   <div class='ocr_carea' id='block_1_65' title="bbox 1341 2651 2391 2865">
    <p class='ocr_par' dir='ltr' id='par_1_89' title="bbox 1341 2651 2391 2865">
     <span class='ocr_line' id='line_1_195' title="bbox 1341 2651 2251 2686; baseline -0.001 -9"><span class='ocrx_word' id='word_1_1943' title='bbox 1341 2651 1469 2683; x_wconf 75' lang='lat' dir='ltr'>timidus,</span> <span class='ocrx_word' id='word_1_1944' title='bbox 1488 2659 1534 2678; x_wconf 75' lang='lat' dir='ltr'>etc.</span> <span class='ocrx_word' id='word_1_1945' title='bbox 1607 2652 1752 2686; x_wconf 85' lang='lat' dir='ltr'>Corripere</span> <span class='ocrx_word' id='word_1_1946' title='bbox 1768 2651 1794 2678; x_wconf 85' lang='lat' dir='ltr'>se</span> <span class='ocrx_word' id='word_1_1947' title='bbox 1807 2659 1916 2686; x_wconf 88' lang='lat' dir='ltr'>repente</span> <span class='ocrx_word' id='word_1_1948' title='bbox 1936 2651 2018 2678; x_wconf 85' lang='lat' dir='ltr'>Plaut.</span> <span class='ocrx_word' id='word_1_1949' title='bbox 2032 2652 2115 2677; x_wconf 86' lang='lat' dir='ltr'>Merc.</span> <span class='ocrx_word' id='word_1_1950' title='bbox 2129 2659 2152 2683; x_wconf 81' lang='grc'>3,</span> <span class='ocrx_word' id='word_1_1951' title='bbox 2167 2660 2195 2683; x_wconf 93' lang='lat'>4,</span> <span class='ocrx_word' id='word_1_1952' title='bbox 2207 2652 2251 2685; x_wconf 87' lang='grc'>76.</span> 
     </span>
     <span class='ocr_line' id='line_1_196' title="bbox 1341 2723 1690 2755; baseline 0.003 -6"><span class='ocrx_word' id='word_1_1953' title='bbox 1341 2723 1451 2755; x_wconf 89' lang='lat' dir='ltr'>intulit,</span> <span class='ocrx_word' id='word_1_1954' title='bbox 1471 2730 1501 2750; x_wconf 83' lang='lat' dir='ltr'>vt</span> <span class='ocrx_word' id='word_1_1955' title='bbox 1512 2726 1550 2750; x_wconf 86' lang='lat' dir='ltr'>ait</span> <span class='ocrx_word' id='word_1_1956' title='bbox 1563 2724 1690 2750; x_wconf 85' lang='lat' dir='ltr'>Donatus.</span> 
     </span>
     <span class='ocr_line' id='line_1_197' title="bbox 1342 2758 2390 2795; baseline -0.002 -9"><span class='ocrx_word' id='word_1_1957' title='bbox 1342 2768 1401 2793; x_wconf 81' lang='lat'>144.</span> <span class='ocrx_word' id='word_1_1958' title='bbox 1439 2760 1477 2785; x_wconf 87' lang='lat' dir='ltr'>De</span> <span class='ocrx_word' id='word_1_1959' title='bbox 1498 2763 1574 2795; x_wconf 80' lang='lat' dir='ltr'>cquis.</span> <span class='ocrx_word' id='word_1_1960' title='bbox 1648 2760 1668 2786; x_wconf 89' lang='grc' dir='ltr'>Ε</span> <span class='ocrx_word' id='word_1_1961' title='bbox 1686 2760 1795 2792; x_wconf 78' lang='lat' dir='ltr'>somne,</span> <span class='ocrx_word' id='word_1_1962' title='bbox 1822 2759 1865 2786; x_wconf 84' lang='lat' dir='ltr'>vel</span> <span class='ocrx_word' id='word_1_1963' title='bbox 1885 2759 1971 2786; x_wconf 87' lang='lat' dir='ltr'>stratis</span> <span class='ocrx_word' id='word_1_1964' title='bbox 1989 2767 2085 2793; x_wconf 89' lang='lat' dir='ltr'>corpus</span> <span class='ocrx_word' id='word_1_1965' title='bbox 2106 2758 2179 2785; x_wconf 88' lang='lat' dir='ltr'>Idem</span> <span class='ocrx_word' id='word_1_1966' title='bbox 2200 2759 2266 2784; x_wconf 85' lang='lat' dir='ltr'>Aen.</span> <span class='ocrx_word' id='word_1_1967' title='bbox 2279 2767 2313 2791; x_wconf 87' lang='lat'>4,</span> <span class='ocrx_word' id='word_1_1968' title='bbox 2331 2763 2390 2792; x_wconf 73' lang='lat'>572.</span> 
     </span>
     <span class='ocr_line' id='line_1_198' title="bbox 1342 2792 2390 2830; baseline -0.002 -9"><span class='ocrx_word' id='word_1_1969' title='bbox 1342 2795 1455 2822; x_wconf 86' lang='lat' dir='ltr'>Cursum</span> <span class='ocrx_word' id='word_1_1970' title='bbox 1476 2795 1536 2821; x_wconf 94' lang='lat' dir='ltr'>Liu.</span> <span class='ocrx_word' id='word_1_1971' title='bbox 1558 2797 1600 2822; x_wconf 82' lang='lat'>26.</span> <span class='ocrx_word' id='word_1_1972' title='bbox 1673 2795 1791 2822; x_wconf 88' lang='lat' dir='ltr'>Gradum</span> <span class='ocrx_word' id='word_1_1973' title='bbox 1810 2795 1960 2830; x_wconf 87' lang='lat' dir='ltr'>corripere,</span> <span class='ocrx_word' id='word_1_1974' title='bbox 1980 2797 2132 2828; x_wconf 79' lang='lat' dir='ltr'>accelerare,</span> <span class='ocrx_word' id='word_1_1975' title='bbox 2153 2801 2177 2820; x_wconf 79' lang='lat' dir='ltr'>ct</span> <span class='ocrx_word' id='word_1_1976' title='bbox 2195 2797 2288 2830; x_wconf 67' lang='lat' dir='ltr'>raPtim</span> <span class='ocrx_word' id='word_1_1977' title='bbox 2302 2792 2390 2829; x_wconf 72' lang='lat' dir='ltr'>facere</span> 
     </span>
     <span class='ocr_line' id='line_1_199' title="bbox 1342 2829 2391 2865; baseline -0.001 -7"><span class='ocrx_word' id='word_1_1978' title='bbox 1342 2832 1437 2858; x_wconf 85' lang='lat' dir='ltr'>Horat.</span> <span class='ocrx_word' id='word_1_1979' title='bbox 1452 2831 1538 2857; x_wconf 88' lang='lat' dir='ltr'>Carm.</span> <span class='ocrx_word' id='word_1_1980' title='bbox 1559 2840 1578 2863; x_wconf 86' lang='lat'>1,</span> <span class='ocrx_word' id='word_1_1981' title='bbox 1593 2839 1615 2863; x_wconf 84' lang='grc'>3,</span> <span class='ocrx_word' id='word_1_1982' title='bbox 1629 2839 1666 2864; x_wconf 86' lang='grc'>33.</span> <span class='ocrx_word' id='word_1_1983' title='bbox 1737 2830 1845 2858; x_wconf 88' lang='lat' dir='ltr'>Hastam</span> <span class='ocrx_word' id='word_1_1984' title='bbox 1859 2832 1889 2858; x_wconf 87' lang='lat' dir='ltr'>vi</span> <span class='ocrx_word' id='word_1_1985' title='bbox 1902 2830 2002 2865; x_wconf 83' lang='lat' dir='ltr'>Virgil.</span> <span class='ocrx_word' id='word_1_1986' title='bbox 2015 2831 2080 2857; x_wconf 84' lang='lat' dir='ltr'>Aen.</span> <span class='ocrx_word' id='word_1_1987' title='bbox 2097 2838 2134 2860; x_wconf 83' lang='lat'>12,</span> <span class='ocrx_word' id='word_1_1988' title='bbox 2147 2838 2185 2862; x_wconf 87' lang='grc'>93.</span> <span class='ocrx_word' id='word_1_1989' title='bbox 2244 2829 2391 2860; x_wconf 74' lang='lat' dir='ltr'>Hominem</span> 
     </span>
    </p>
   </div>
   <div class='ocr_carea' id='block_1_66' title="bbox 1342 2905 1443 2937">
    <p class='ocr_par' dir='ltr' id='par_1_90' title="bbox 1342 2905 1443 2937">
     <span class='ocr_line' id='line_1_200' title="bbox 1342 2905 1443 2937; baseline 0 -1"><span class='ocrx_word' id='word_1_1990' title='bbox 1342 2912 1371 2936; x_wconf 63' lang='lat'>4,</span> <span class='ocrx_word' id='word_1_1991' title='bbox 1384 2905 1443 2937; x_wconf 77' lang='lat'>654-</span> 
     </span>
    </p>
   </div>
   <div class='ocr_carea' id='block_1_67' title="bbox 1343 2937 2174 2974">
    <p class='ocr_par' dir='ltr' id='par_1_91' title="bbox 1343 2937 2174 2974">
     <span class='ocr_line' id='line_1_201' title="bbox 1343 2937 2174 2974; baseline -0.001 -8"><span class='ocrx_word' id='word_1_1992' title='bbox 1343 2940 1443 2973; x_wconf 84' lang='lat' dir='ltr'>Argon.</span> <span class='ocrx_word' id='word_1_1993' title='bbox 1458 2940 1484 2970; x_wconf 88' lang='lat'>6,</span> <span class='ocrx_word' id='word_1_1994' title='bbox 1499 2946 1557 2973; x_wconf 86' lang='lat'>277.</span> <span class='ocrx_word' id='word_1_1995' title='bbox 1666 2940 1749 2966; x_wconf 91' lang='lat' dir='ltr'>Manu</span> <span class='ocrx_word' id='word_1_1996' title='bbox 1763 2938 1866 2974; x_wconf 84' lang='lat' dir='ltr'>aliquid</span> <span class='ocrx_word' id='word_1_1997' title='bbox 1882 2937 1979 2973; x_wconf 86' lang='lat' dir='ltr'>Virgil.</span> <span class='ocrx_word' id='word_1_1998' title='bbox 1993 2938 2058 2964; x_wconf 84' lang='lat' dir='ltr'>Aen.</span> <span class='ocrx_word' id='word_1_1999' title='bbox 2074 2945 2100 2970; x_wconf 89' lang='lat'>1,</span> <span class='ocrx_word' id='word_1_2000' title='bbox 2122 2945 2174 2971; x_wconf 87' lang='lat'>192.</span> 
     </span>
    </p>
   </div>
   <div class='ocr_carea' id='block_1_68' title="bbox 1570 3009 2288 3043">
    <p class='ocr_par' dir='ltr' id='par_1_92' title="bbox 1570 3009 2288 3043">
     <span class='ocr_line' id='line_1_202' title="bbox 1570 3009 2288 3043; baseline -0.003 -6"><span class='ocrx_word' id='word_1_2001' title='bbox 1570 3010 1653 3038; x_wconf 91' lang='lat' dir='ltr'>Ouid.</span> <span class='ocrx_word' id='word_1_2002' title='bbox 1667 3011 1733 3037; x_wconf 84' lang='lat' dir='ltr'>Met.</span> <span class='ocrx_word' id='word_1_2003' title='bbox 1747 3018 1772 3043; x_wconf 88' lang='lat'>9,</span> <span class='ocrx_word' id='word_1_2004' title='bbox 1785 3015 1831 3041; x_wconf 77' lang='lat'>282</span> <span class='ocrx_word' id='word_1_2005' title='bbox 1857 3010 1973 3037; x_wconf 87' lang='lat' dir='ltr'>Faueant</span> <span class='ocrx_word' id='word_1_2006' title='bbox 1992 3009 2045 3036; x_wconf 91' lang='lat' dir='ltr'>tibi</span> <span class='ocrx_word' id='word_1_2007' title='bbox 2058 3009 2168 3036; x_wconf 89' lang='lat' dir='ltr'>numina</span> <span class='ocrx_word' id='word_1_2008' title='bbox 2182 3009 2271 3036; x_wconf 84' lang='lat' dir='ltr'>saltem</span> <span class='ocrx_word' id='word_1_2009' title='bbox 2280 3029 2288 3043; x_wconf 87' lang='lat'>‚</span> 
     </span>
    </p>
   </div>
   <div class='ocr_carea' id='block_1_69' title="bbox 1344 3151 2407 3189">
    <p class='ocr_par' dir='ltr' id='par_1_93' title="bbox 1344 3151 2407 3189">
     <span class='ocr_line' id='line_1_203' title="bbox 1344 3151 2407 3189; baseline -0.003 -8"><span class='ocrx_word' id='word_1_2010' title='bbox 1344 3156 1431 3181; x_wconf 86' lang='lat' dir='ltr'>Partes</span> <span class='ocrx_word' id='word_1_2011' title='bbox 1446 3153 1569 3180; x_wconf 89' lang='lat' dir='ltr'>omnium</span> <span class='ocrx_word' id='word_1_2012' title='bbox 1582 3155 1717 3189; x_wconf 87' lang='lat' dir='ltr'>corripere</span> <span class='ocrx_word' id='word_1_2013' title='bbox 1729 3160 1755 3180; x_wconf 85' lang='lat' dir='ltr'>et</span> <span class='ocrx_word' id='word_1_2014' title='bbox 1768 3152 1909 3188; x_wconf 65' lang='lat' dir='ltr'>complecti</span> <span class='ocrx_word' id='word_1_2015' title='bbox 1922 3153 1992 3188; x_wconf 87' lang='lat' dir='ltr'>Nep.</span> <span class='ocrx_word' id='word_1_2016' title='bbox 2006 3158 2042 3185; x_wconf 85' lang='lat'>18,</span> <span class='ocrx_word' id='word_1_2017' title='bbox 2056 3161 2081 3186; x_wconf 80' lang='lat'>2,</span> <span class='ocrx_word' id='word_1_2018' title='bbox 2093 3161 2114 3185; x_wconf 88' lang='grc'>3.</span> <span class='ocrx_word' id='word_1_2019' title='bbox 2170 3151 2269 3188; x_wconf 89' lang='lat' dir='ltr'>Neque</span> <span class='ocrx_word' id='word_1_2020' title='bbox 2287 3151 2407 3179; x_wconf 59' lang='lat' dir='ltr'>cuneta-⁴„</span> 
     </span>
    </p>
   </div>
   <div class='ocr_carea' id='block_1_70' title="bbox 1344 3187 2421 3260">
    <p class='ocr_par' dir='ltr' id='par_1_94' title="bbox 1344 3187 2421 3260">
     <span class='ocr_line' id='line_1_204' title="bbox 1344 3187 2421 3225; baseline -0.002 -9"><span class='ocrx_word' id='word_1_2021' title='bbox 1344 3189 1437 3220; x_wconf 87' lang='lat' dir='ltr'>batur,</span> <span class='ocrx_word' id='word_1_2022' title='bbox 1451 3190 1515 3224; x_wconf 89' lang='lat' dir='ltr'>quin</span> <span class='ocrx_word' id='word_1_2023' title='bbox 1530 3189 1664 3224; x_wconf 88' lang='lat' dir='ltr'>proximas</span> <span class='ocrx_word' id='word_1_2024' title='bbox 1677 3189 1853 3224; x_wconf 69' lang='lat' dir='ltr'>praefe&amp;11ras</span> <span class='ocrx_word' id='word_1_2025' title='bbox 1867 3190 1996 3225; x_wconf 87' lang='lat' dir='ltr'>corripiat</span> <span class='ocrx_word' id='word_1_2026' title='bbox 2007 3189 2076 3216; x_wconf 91' lang='lat' dir='ltr'>Tac.</span> <span class='ocrx_word' id='word_1_2027' title='bbox 2089 3190 2156 3215; x_wconf 86' lang='lat' dir='ltr'>Ann.</span> <span class='ocrx_word' id='word_1_2028' title='bbox 2171 3196 2204 3221; x_wconf 90' lang='lat'>11,</span> <span class='ocrx_word' id='word_1_2029' title='bbox 2218 3193 2240 3220; x_wconf 86' lang='lat'>8,</span> <span class='ocrx_word' id='word_1_2030' title='bbox 2253 3197 2280 3222; x_wconf 80' lang='grc'>4.</span> <span class='ocrx_word' id='word_1_2031' title='bbox 2315 3187 2392 3222; x_wconf 69' lang='lat' dir='ltr'>Virg-</span> <span class='ocrx_word' id='word_1_2032' title='bbox 2418 3214 2421 3217; x_wconf 86' lang='grc'><strong>,</strong></span> 
     </span>
     <span class='ocr_line' id='line_1_205' title="bbox 1345 3223 2421 3260; baseline -0.003 -8"><span class='ocrx_word' id='word_1_2033' title='bbox 1345 3227 1409 3253; x_wconf 85' lang='lat' dir='ltr'>Aen.</span> <span class='ocrx_word' id='word_1_2034' title='bbox 1425 3233 1447 3257; x_wconf 76' lang='grc' dir='ltr'>ς,</span> <span class='ocrx_word' id='word_1_2035' title='bbox 1461 3228 1505 3257; x_wconf 87' lang='grc'>316</span> <span class='ocrx_word' id='word_1_2036' title='bbox 1532 3225 1651 3252; x_wconf 83' lang='lat' dir='ltr'>Seruius:</span> <span class='ocrx_word' id='word_1_2037' title='bbox 1679 3225 1839 3260; x_wconf 88' lang='lat' dir='ltr'>Corripiunt</span> <span class='ocrx_word' id='word_1_2038' title='bbox 1854 3225 1957 3259; x_wconf 87' lang='lat' dir='ltr'>Spatia,</span> <span class='ocrx_word' id='word_1_2039' title='bbox 1983 3227 2002 3251; x_wconf 82' lang='lat' dir='ltr'>i.</span> <span class='ocrx_word' id='word_1_2040' title='bbox 2020 3224 2118 3259; x_wconf 86' lang='lat' dir='ltr'>raptim</span> <span class='ocrx_word' id='word_1_2041' title='bbox 2139 3230 2216 3250; x_wconf 82' lang='lat' dir='ltr'>eunt:</span> <span class='ocrx_word' id='word_1_2042' title='bbox 2243 3232 2271 3251; x_wconf 81' lang='lat' dir='ltr'>vt</span> <span class='ocrx_word' id='word_1_2043' title='bbox 2285 3224 2350 3250; x_wconf 82' lang='lat' dir='ltr'>Aen.</span> <span class='ocrx_word' id='word_1_2044' title='bbox 2362 3223 2402 3256; x_wconf 63' lang='lat'>6,.</span> <span class='ocrx_word' id='word_1_2045' title='bbox 2419 3231 2421 3233; x_wconf 77' lang='grc'><strong>’</strong></span> 
     </span>
    </p>
   </div>
   <div class='ocr_carea' id='block_1_71' title="bbox 1344 3259 2394 3368">
    <p class='ocr_par' dir='ltr' id='par_1_95' title="bbox 1344 3259 2394 3368">
     <span class='ocr_line' id='line_1_206' title="bbox 1344 3259 2394 3301; baseline -0.002 -14"><span class='ocrx_word' id='word_1_2046' title='bbox 1344 3264 1396 3295; x_wconf 88' lang='grc'>364</span> <span class='ocrx_word' id='word_1_2047' title='bbox 1421 3262 1450 3301; x_wconf 78' lang='lat' dir='ltr'>Et</span> <span class='ocrx_word' id='word_1_2048' title='bbox 1464 3261 1562 3295; x_wconf 87' lang='lat' dir='ltr'>pariter</span> <span class='ocrx_word' id='word_1_2049' title='bbox 1573 3261 1645 3296; x_wconf 82' lang='lat' dir='ltr'>gressi</span> <span class='ocrx_word' id='word_1_2050' title='bbox 1658 3270 1705 3297; x_wconf 82' lang='lat' dir='ltr'>per</span> <span class='ocrx_word' id='word_1_2051' title='bbox 1717 3270 1798 3296; x_wconf 87' lang='lat' dir='ltr'>opaca</span> <span class='ocrx_word' id='word_1_2052' title='bbox 1810 3261 1933 3294; x_wconf 88' lang='lat' dir='ltr'>viarum,</span> <span class='ocrx_word' id='word_1_2053' title='bbox 1953 3260 2114 3294; x_wconf 87' lang='lat' dir='ltr'>Corripiunt</span> <span class='ocrx_word' id='word_1_2054' title='bbox 2125 3260 2244 3294; x_wconf 84' lang='lat' dir='ltr'>Spatium</span> <span class='ocrx_word' id='word_1_2055' title='bbox 2262 3259 2394 3293; x_wconf 70' lang='lat' dir='ltr'>medium,</span> 
     </span>
     <span class='ocr_line' id='line_1_207' title="bbox 1344 3297 1730 3332; baseline 0 -9"><span class='ocrx_word' id='word_1_2056' title='bbox 1344 3300 1363 3323; x_wconf 88' lang='lat' dir='ltr'>i.</span> <span class='ocrx_word' id='word_1_2057' title='bbox 1379 3303 1476 3332; x_wconf 82' lang='lat' dir='ltr'>raptim</span> <span class='ocrx_word' id='word_1_2058' title='bbox 1492 3304 1627 3332; x_wconf 80' lang='lat' dir='ltr'>peragunt.</span> <span class='ocrx_word' id='word_1_2059' title='bbox 1726 3297 1730 3302; x_wconf 90' lang='lat'>&#39;</span> 
     </span>
     <span class='ocr_line' id='line_1_208' title="bbox 1345 3333 1665 3368; baseline 0.003 -9"><span class='ocrx_word' id='word_1_2060' title='bbox 1345 3342 1397 3368; x_wconf 88' lang='lat' dir='ltr'>qua</span> <span class='ocrx_word' id='word_1_2061' title='bbox 1417 3333 1514 3359; x_wconf 87' lang='lat' dir='ltr'>semina</span> <span class='ocrx_word' id='word_1_2062' title='bbox 1529 3333 1665 3360; x_wconf 82' lang='lat' dir='ltr'>monstrat.</span> 
     </span>
    </p>
   </div>
   <div class='ocr_carea' id='block_1_72' title="bbox 1344 3368 2398 3404">
    <p class='ocr_par' dir='ltr' id='par_1_96' title="bbox 1344 3368 2398 3404">
     <span class='ocr_line' id='line_1_209' title="bbox 1344 3368 2398 3404; baseline -0.003 -9"><span class='ocrx_word' id='word_1_2063' title='bbox 1344 3375 1458 3404; x_wconf 86' lang='lat' dir='ltr'>puerunt</span> <span class='ocrx_word' id='word_1_2064' title='bbox 1473 3379 1478 3395; x_wconf 94' lang='lat'>:</span> <span class='ocrx_word' id='word_1_2065' title='bbox 1505 3377 1592 3404; x_wconf 87' lang='lat' dir='ltr'>neque</span> <span class='ocrx_word' id='word_1_2066' title='bbox 1611 3369 1683 3395; x_wconf 85' lang='lat' dir='ltr'>enim</span> <span class='ocrx_word' id='word_1_2067' title='bbox 1701 3369 1753 3395; x_wconf 87' lang='lat' dir='ltr'>Via</span> <span class='ocrx_word' id='word_1_2068' title='bbox 1776 3368 1942 3403; x_wconf 53' lang='lat' dir='ltr'>corripitur.»</span> <span class='ocrx_word' id='word_1_2069' title='bbox 1994 3368 2170 3402; x_wconf 71' lang='lat' dir='ltr'>Metaphorica</span> <span class='ocrx_word' id='word_1_2070' title='bbox 2187 3373 2251 3394; x_wconf 73' lang='lat' dir='ltr'>certe</span> <span class='ocrx_word' id='word_1_2071' title='bbox 2269 3368 2398 3404; x_wconf 75' lang='lat' dir='ltr'>loquutioe&#39;</span> 
     </span>
    </p>
   </div>
   <div class='ocr_carea' id='block_1_73' title="bbox 691 3402 2474 3572">
    <p class='ocr_par' dir='ltr' id='par_1_97' title="bbox 691 3402 2474 3572">
     <span class='ocr_line' id='line_1_210' title="bbox 1288 3402 2474 3440; baseline -0.004 -7"><span class='ocrx_word' id='word_1_2072' title='bbox 1288 3408 1324 3433; x_wconf 87' lang='lat'>90</span> <span class='ocrx_word' id='word_1_2073' title='bbox 1362 3407 1412 3437; x_wconf 81' lang='lat' dir='ltr'>uia,</span> <span class='ocrx_word' id='word_1_2074' title='bbox 1420 3407 1462 3440; x_wconf 86' lang='lat' dir='ltr'>qui</span> <span class='ocrx_word' id='word_1_2075' title='bbox 1462 3402 1601 3440; x_wconf 64' lang='lat' dir='ltr'>festinant,</span> <span class='ocrx_word' id='word_1_2076' title='bbox 1610 3405 1826 3440; x_wconf 78' lang='lat' dir='ltr'>vt&#39;denturraptim</span> <span class='ocrx_word' id='word_1_2077' title='bbox 1833 3405 1976 3440; x_wconf 83' lang='lat' dir='ltr'>legereirer,</span> <span class='ocrx_word' id='word_1_2078' title='bbox 2000 3403 2048 3430; x_wconf 82' lang='lat' dir='ltr'>uod</span> <span class='ocrx_word' id='word_1_2079' title='bbox 2052 3404 2167 3439; x_wconf 71' lang='lat' dir='ltr'>jaciunt.</span> <span class='ocrx_word' id='word_1_2080' title='bbox 2201 3404 2289 3429; x_wconf 59' lang='lat' dir='ltr'>l&#39;eitur</span> <span class='ocrx_word' id='word_1_2081' title='bbox 2296 3402 2428 3435; x_wconf 68' lang='lat' dir='ltr'>ctPlirwe.</span> <span class='ocrx_word' id='word_1_2082' title='bbox 2471 3412 2474 3422; x_wconf 61' lang='grc' dir='ltr'>ι</span> 
     </span>
     <span class='ocr_line' id='line_1_211' title="bbox 691 3414 2416 3475; baseline -0.002 -7"><span class='ocrx_word' id='word_1_2083' title='bbox 691 3439 859 3475; x_wconf 52' lang='lat' dir='ltr'>[correzia]</span> <span class='ocrx_word' id='word_1_2084' title='bbox 901 3441 980 3468; x_wconf 83' lang='lat' dir='ltr'>Simul</span> <span class='ocrx_word' id='word_1_2085' title='bbox 1002 3439 1093 3467; x_wconf 86' lang='lat' dir='ltr'>ridere.</span> <span class='ocrx_word' id='word_1_2086' title='bbox 1134 3440 1237 3466; x_wconf 86' lang='lat' dir='ltr'>Lucret.</span> <span class='ocrx_word' id='word_1_2087' title='bbox 1252 3449 1280 3473; x_wconf 83' lang='lat'>4,</span> <span class='ocrx_word' id='word_1_2088' title='bbox 1343 3414 1423 3474; x_wconf 50' lang='lat' dir='ltr'>{pist-</span> <span class='ocrx_word' id='word_1_2089' title='bbox 1435 3449 1483 3474; x_wconf 61' lang='lat'>4³¹</span> <span class='ocrx_word' id='word_1_2090' title='bbox 1503 3439 1671 3467; x_wconf 76' lang='lat' dir='ltr'>Subsistemus</span> <span class='ocrx_word' id='word_1_2091' title='bbox 1686 3440 1790 3467; x_wconf 64' lang='lat' dir='ltr'>sortasse</span> <span class='ocrx_word' id='word_1_2092' title='bbox 1803 3445 1829 3466; x_wconf 88' lang='lat' dir='ltr'>et</span> <span class='ocrx_word' id='word_1_2093' title='bbox 1842 3439 1961 3475; x_wconf 84' lang='lat' dir='ltr'>sequenti</span> <span class='ocrx_word' id='word_1_2094' title='bbox 1994 3440 2032 3466; x_wconf 89' lang='lat' dir='ltr'>ie:</span> <span class='ocrx_word' id='word_1_2095' title='bbox 2052 3438 2096 3465; x_wconf 88' lang='lat' dir='ltr'>sed</span> <span class='ocrx_word' id='word_1_2096' title='bbox 2109 3444 2183 3465; x_wconf 86' lang='lat' dir='ltr'>tanto</span> <span class='ocrx_word' id='word_1_2097' title='bbox 2196 3437 2308 3465; x_wconf 80' lang='lat' dir='ltr'>celerius</span> <span class='ocrx_word' id='word_1_2098' title='bbox 2319 3439 2364 3465; x_wconf 88' lang='lat' dir='ltr'>via</span> <span class='ocrx_word' id='word_1_2099' title='bbox 2400 3459 2416 3475; x_wconf 28' lang='lat' dir='ltr'>y...</span> 
     </span>
     <span class='ocr_line' id='line_1_212' title="bbox 1698 3471 2474 3512; baseline -0.003 -10"><span class='ocrx_word' id='word_1_2100' title='bbox 1698 3477 1755 3502; x_wconf 79' lang='lat' dir='ltr'>Huc</span> <span class='ocrx_word' id='word_1_2101' title='bbox 1766 3475 1852 3512; x_wconf 80' lang='lat' dir='ltr'>refer,</span> <span class='ocrx_word' id='word_1_2102' title='bbox 1870 3475 1935 3512; x_wconf 84' lang='lat' dir='ltr'>quod</span> <span class='ocrx_word' id='word_1_2103' title='bbox 1949 3474 2080 3507; x_wconf 88' lang='lat' dir='ltr'>Syllabam</span> <span class='ocrx_word' id='word_1_2104' title='bbox 2093 3473 2245 3508; x_wconf 86' lang='lat' dir='ltr'>corripere,</span> <span class='ocrx_word' id='word_1_2105' title='bbox 2263 3471 2297 3506; x_wconf 62' lang='lat' dir='ltr'>est</span> <span class='ocrx_word' id='word_1_2106' title='bbox 2309 3471 2422 3501; x_wconf 54' lang='lat' dir='ltr'>celeri-*³¹5⁴</span> <span class='ocrx_word' id='word_1_2107' title='bbox 2470 3496 2474 3503; x_wconf 78' lang='grc'>.</span> 
     </span>
     <span class='ocr_line' id='line_1_213' title="bbox 2101 3505 2471 3572; baseline 0.003 -36"><span class='ocrx_word' id='word_1_2108' title='bbox 2101 3511 2171 3536; x_wconf 80' lang='lat' dir='ltr'>Hinc</span> <span class='ocrx_word' id='word_1_2109' title='bbox 2183 3508 2285 3542; x_wconf 86' lang='lat' dir='ltr'>Syllaba</span> <span class='ocrx_word' id='word_1_2110' title='bbox 2307 3505 2423 3572; x_wconf 53' lang='grc' dir='ltr'>εοτέθ--ἶί</span> <span class='ocrx_word' id='word_1_2111' title='bbox 2465 3510 2471 3532; x_wconf 32' lang='grc'>’1</span> 
     </span>
     <span class='ocr_line' id='line_1_214' title="bbox 2341 3542 2421 3572; baseline -0.025 0"><span class='ocrx_word' id='word_1_2112' title='bbox 2341 3565 2346 3572; x_wconf 91' lang='grc'>.</span> <span class='ocrx_word' id='word_1_2113' title='bbox 2365 3542 2421 3571; x_wconf 63' lang='grc' dir='ltr'>ἴου(</span> 
     </span>
    </p>
   </div>
   <div class='ocr_carea' id='block_1_74' title="bbox 1343 3476 2416 3973">
    <p class='ocr_par' dir='ltr' id='par_1_98' title="bbox 1343 3476 2416 3831">
     <span class='ocr_line' id='line_1_215' title="bbox 1345 3476 1626 3511; baseline 0 -8"><span class='ocrx_word' id='word_1_2114' title='bbox 1345 3476 1427 3511; x_wconf 83' lang='lat' dir='ltr'>ipsam</span> <span class='ocrx_word' id='word_1_2115' title='bbox 1441 3476 1626 3510; x_wconf 85' lang='lat' dir='ltr'>corripiemus.</span> 
     </span>
     <span class='ocr_line' id='line_1_216' title="bbox 1344 3510 2046 3548; baseline -0.003 -10"><span class='ocrx_word' id='word_1_2116' title='bbox 1344 3519 1400 3545; x_wconf 78' lang='lat' dir='ltr'>ter,</span> <span class='ocrx_word' id='word_1_2117' title='bbox 1420 3518 1538 3548; x_wconf 81' lang='lat' dir='ltr'>tanquam</span> <span class='ocrx_word' id='word_1_2118' title='bbox 1551 3511 1645 3539; x_wconf 72' lang='lat' dir='ltr'>breuem</span> <span class='ocrx_word' id='word_1_2119' title='bbox 1652 3514 1835 3547; x_wconf 75' lang='lat' dir='ltr'>pronuntiare,</span> <span class='ocrx_word' id='word_1_2120' title='bbox 1848 3519 1877 3537; x_wconf 82' lang='grc' dir='ltr'>υι</span> <span class='ocrx_word' id='word_1_2121' title='bbox 1890 3510 1956 3537; x_wconf 90' lang='lat' dir='ltr'>Gell.</span> <span class='ocrx_word' id='word_1_2122' title='bbox 1971 3519 1994 3543; x_wconf 91' lang='lat'>2,</span> <span class='ocrx_word' id='word_1_2123' title='bbox 2009 3518 2046 3545; x_wconf 78' lang='grc'>17.</span> 
     </span>
     <span class='ocr_line' id='line_1_217' title="bbox 1343 3546 2294 3582; baseline -0.001 -8"><span class='ocrx_word' id='word_1_2124' title='bbox 1343 3553 1388 3582; x_wconf 85' lang='lat' dir='ltr'>pta</span> <span class='ocrx_word' id='word_1_2125' title='bbox 1402 3547 1460 3574; x_wconf 89' lang='lat' dir='ltr'>Sen.</span> <span class='ocrx_word' id='word_1_2126' title='bbox 1475 3547 1692 3581; x_wconf 81' lang='lat' dir='ltr'>Q1aest.‘Natur.</span> <span class='ocrx_word' id='word_1_2127' title='bbox 1707 3555 1734 3579; x_wconf 81' lang='lat'>2,</span> <span class='ocrx_word' id='word_1_2128' title='bbox 1746 3548 1786 3580; x_wconf 75' lang='lat'>56.</span> <span class='ocrx_word' id='word_1_2129' title='bbox 1858 3546 1967 3581; x_wconf 66' lang='lat' dir='ltr'>Qiinet.</span> <span class='ocrx_word' id='word_1_2130' title='bbox 1983 3555 2003 3579; x_wconf 89' lang='lat'>1,</span> <span class='ocrx_word' id='word_1_2131' title='bbox 2018 3553 2047 3579; x_wconf 79' lang='grc' dir='ltr'>ς,</span> <span class='ocrx_word' id='word_1_2132' title='bbox 2061 3550 2095 3576; x_wconf 87' lang='lat'>18.</span> <span class='ocrx_word' id='word_1_2133' title='bbox 2127 3551 2152 3572; x_wconf 86' lang='lat' dir='ltr'>et</span> <span class='ocrx_word' id='word_1_2134' title='bbox 2170 3553 2196 3575; x_wconf 87' lang='lat'>1,</span> <span class='ocrx_word' id='word_1_2135' title='bbox 2210 3547 2242 3577; x_wconf 91' lang='lat'>6,</span> <span class='ocrx_word' id='word_1_2136' title='bbox 2256 3553 2294 3577; x_wconf 77' lang='lat'>3²-</span> 
     </span>
     <span class='ocr_line' id='line_1_218' title="bbox 1344 3577 2416 3618; baseline -0.001 -9"><span class='ocrx_word' id='word_1_2137' title='bbox 1344 3582 1432 3610; x_wconf 85' lang='lat' dir='ltr'>Verba</span> <span class='ocrx_word' id='word_1_2138' title='bbox 1448 3584 1583 3618; x_wconf 88' lang='lat' dir='ltr'>corripere</span> <span class='ocrx_word' id='word_1_2139' title='bbox 1597 3582 1706 3617; x_wconf 68' lang='lat' dir='ltr'>Qtinei.</span> <span class='ocrx_word' id='word_1_2140' title='bbox 1716 3591 1754 3615; x_wconf 90' lang='lat'>10,</span> <span class='ocrx_word' id='word_1_2141' title='bbox 1769 3590 1790 3615; x_wconf 93' lang='lat'>1,</span> <span class='ocrx_word' id='word_1_2142' title='bbox 1802 3590 1844 3615; x_wconf 79' lang='lat'>29.</span> <span class='ocrx_word' id='word_1_2143' title='bbox 1918 3582 2045 3616; x_wconf 87' lang='lat' dir='ltr'>Clepere,</span> <span class='ocrx_word' id='word_1_2144' title='bbox 2064 3580 2092 3607; x_wconf 90' lang='lat' dir='ltr'>id</span> <span class='ocrx_word' id='word_1_2145' title='bbox 2105 3580 2142 3607; x_wconf 86' lang='lat' dir='ltr'>est</span> <span class='ocrx_word' id='word_1_2146' title='bbox 2154 3579 2291 3614; x_wconf 85' lang='lat' dir='ltr'>corripere</span> <span class='ocrx_word' id='word_1_2147' title='bbox 2303 3579 2393 3608; x_wconf 63' lang='lat' dir='ltr'>Varro</span> <span class='ocrx_word' id='word_1_2148' title='bbox 2402 3577 2416 3601; x_wconf 64' lang='lat' dir='ltr'>f*</span> 
     </span>
     <span class='ocr_line' id='line_1_219' title="bbox 1346 3619 1652 3653; baseline -0.007 -7"><span class='ocrx_word' id='word_1_2149' title='bbox 1346 3619 1376 3646; x_wconf 86' lang='lat' dir='ltr'>L.</span> <span class='ocrx_word' id='word_1_2150' title='bbox 1392 3619 1422 3646; x_wconf 93' lang='lat' dir='ltr'>L.</span> <span class='ocrx_word' id='word_1_2151' title='bbox 1436 3620 1462 3651; x_wconf 88' lang='lat'>6,</span> <span class='ocrx_word' id='word_1_2152' title='bbox 1478 3626 1497 3645; x_wconf 68' lang='lat'>⁶.</span> <span class='ocrx_word' id='word_1_2153' title='bbox 1647 3649 1652 3653; x_wconf 95' lang='lat'>.</span> 
     </span>
     <span class='ocr_line' id='line_1_220' title="bbox 1347 3635 2219 3689; baseline -0.007 -7"><span class='ocrx_word' id='word_1_2154' title='bbox 1347 3654 1458 3689; x_wconf 87' lang='lat' dir='ltr'>Corripi</span> <span class='ocrx_word' id='word_1_2155' title='bbox 1475 3635 1607 3681; x_wconf 49' lang='lat' dir='ltr'>domitian</span> <span class='ocrx_word' id='word_1_2156' title='bbox 1625 3654 1695 3681; x_wconf 88' lang='lat' dir='ltr'>vitio</span> <span class='ocrx_word' id='word_1_2157' title='bbox 1713 3659 1739 3680; x_wconf 91' lang='lat' dir='ltr'>et</span> <span class='ocrx_word' id='word_1_2158' title='bbox 1757 3653 1852 3680; x_wconf 89' lang='lat' dir='ltr'>dolore</span> <span class='ocrx_word' id='word_1_2159' title='bbox 1871 3655 2002 3689; x_wconf 81' lang='lat' dir='ltr'>podagrae</span> <span class='ocrx_word' id='word_1_2160' title='bbox 2022 3652 2095 3679; x_wconf 81' lang='lat' dir='ltr'>Idem</span> <span class='ocrx_word' id='word_1_2161' title='bbox 2112 3659 2162 3683; x_wconf 82' lang='lat'>20,</span> <span class='ocrx_word' id='word_1_2162' title='bbox 2183 3658 2219 3686; x_wconf 84' lang='grc'>17.</span> 
     </span>
     <span class='ocr_line' id='line_1_221' title="bbox 1347 3684 2402 3725; baseline -0.004 -8"><span class='ocrx_word' id='word_1_2163' title='bbox 1347 3695 1483 3725; x_wconf 87' lang='lat' dir='ltr'>correptus</span> <span class='ocrx_word' id='word_1_2164' title='bbox 1497 3689 1578 3716; x_wconf 84' lang='lat' dir='ltr'>Ouid.</span> <span class='ocrx_word' id='word_1_2165' title='bbox 1592 3689 1657 3716; x_wconf 78' lang='lat' dir='ltr'>Fast.</span> <span class='ocrx_word' id='word_1_2166' title='bbox 1670 3698 1693 3722; x_wconf 82' lang='grc'>3,</span> <span class='ocrx_word' id='word_1_2167' title='bbox 1706 3692 1758 3719; x_wconf 84' lang='grc'>681.</span> <span class='ocrx_word' id='word_1_2168' title='bbox 1829 3689 1964 3724; x_wconf 88' lang='lat' dir='ltr'>Cupidine</span> <span class='ocrx_word' id='word_1_2169' title='bbox 1983 3693 2104 3722; x_wconf 83' lang='lat' dir='ltr'>correpta</span> <span class='ocrx_word' id='word_1_2170' title='bbox 2122 3686 2212 3713; x_wconf 84' lang='lat' dir='ltr'>fratris</span> <span class='ocrx_word' id='word_1_2171' title='bbox 2220 3686 2304 3714; x_wconf 48' lang='lat' dir='ltr'>..Idem</span> <span class='ocrx_word' id='word_1_2172' title='bbox 2323 3684 2402 3715; x_wconf 64' lang='lat' dir='ltr'>Mer:—</span> 
     </span>
     <span class='ocr_line' id='line_1_222' title="bbox 1347 3734 1442 3759; baseline -0.011 0"><span class='ocrx_word' id='word_1_2173' title='bbox 1347 3734 1373 3759; x_wconf 85' lang='grc'>9,</span> <span class='ocrx_word' id='word_1_2174' title='bbox 1406 3734 1442 3758; x_wconf 80' lang='lat'>33-</span> 
     </span>
     <span class='ocr_line' id='line_1_223' title="bbox 1387 3733 2415 3796; baseline -0.003 -8"><span class='ocrx_word' id='word_1_2175' title='bbox 1387 3733 1403 3760; x_wconf 71' lang='lat'>7</span> <span class='ocrx_word' id='word_1_2176' title='bbox 1534 3761 1652 3796; x_wconf 75' lang='lat' dir='ltr'>imagine</span> <span class='ocrx_word' id='word_1_2177' title='bbox 1671 3761 1773 3787; x_wconf 84' lang='lat' dir='ltr'>formae</span> <span class='ocrx_word' id='word_1_2178' title='bbox 1791 3761 1873 3787; x_wconf 90' lang='lat' dir='ltr'>Ouid.</span> <span class='ocrx_word' id='word_1_2179' title='bbox 1892 3762 1956 3787; x_wconf 90' lang='lat' dir='ltr'>Met.</span> <span class='ocrx_word' id='word_1_2180' title='bbox 1977 3768 2007 3791; x_wconf 82' lang='lat'>3,</span> <span class='ocrx_word' id='word_1_2181' title='bbox 2022 3759 2080 3790; x_wconf 86' lang='grc'>416-</span> <span class='ocrx_word' id='word_1_2182' title='bbox 2413 3792 2415 3794; x_wconf 24' lang='lat'><strong><em>¹</em></strong></span> 
     </span>
     <span class='ocr_line' id='line_1_224' title="bbox 1347 3792 2387 3831; baseline -0.004 -8"><span class='ocrx_word' id='word_1_2183' title='bbox 1347 3803 1450 3831; x_wconf 64' lang='lat' dir='ltr'>neptus,</span> <span class='ocrx_word' id='word_1_2184' title='bbox 1470 3796 1499 3823; x_wconf 91' lang='lat' dir='ltr'>vi</span> <span class='ocrx_word' id='word_1_2185' title='bbox 1511 3796 1631 3823; x_wconf 85' lang='lat' dir='ltr'>febrium</span> <span class='ocrx_word' id='word_1_2186' title='bbox 1646 3795 1782 3823; x_wconf 81' lang='lat' dir='ltr'>laborabat</span> <span class='ocrx_word' id='word_1_2187' title='bbox 1795 3796 1865 3831; x_wconf 80' lang='lat' dir='ltr'>Sulp.</span> <span class='ocrx_word' id='word_1_2188' title='bbox 1881 3797 1968 3823; x_wconf 84' lang='lat' dir='ltr'>Seuer.</span> <span class='ocrx_word' id='word_1_2189' title='bbox 1981 3794 2010 3819; x_wconf 88' lang='lat' dir='ltr'>in</span> <span class='ocrx_word' id='word_1_2190' title='bbox 2023 3793 2085 3819; x_wconf 84' lang='lat' dir='ltr'>Vita</span> <span class='ocrx_word' id='word_1_2191' title='bbox 2098 3792 2210 3820; x_wconf 80' lang='lat' dir='ltr'>Martini</span> <span class='ocrx_word' id='word_1_2192' title='bbox 2231 3803 2253 3822; x_wconf 86' lang='lat' dir='ltr'>c.</span> <span class='ocrx_word' id='word_1_2193' title='bbox 2261 3802 2286 3830; x_wconf 86' lang='lat'>7.</span> <span class='ocrx_word' id='word_1_2194' title='bbox 2323 3792 2387 3820; x_wconf 82' lang='lat' dir='ltr'>Cels.</span> 
     </span>
    </p>

    <p class='ocr_par' dir='ltr' id='par_1_99' title="bbox 1348 3828 2390 3867">
     <span class='ocr_line' id='line_1_225' title="bbox 1348 3828 2390 3867; baseline -0.003 -9"><span class='ocrx_word' id='word_1_2195' title='bbox 1348 3835 1373 3863; x_wconf 85' lang='lat'>6,</span> <span class='ocrx_word' id='word_1_2196' title='bbox 1389 3838 1414 3862; x_wconf 84' lang='lat'>18</span> <span class='ocrx_word' id='word_1_2197' title='bbox 1438 3832 1556 3867; x_wconf 84' lang='lat' dir='ltr'>Ideoque</span> <span class='ocrx_word' id='word_1_2198' title='bbox 1575 3833 1660 3858; x_wconf 89' lang='lat' dir='ltr'>curati</span> <span class='ocrx_word' id='word_1_2199' title='bbox 1683 3831 1791 3867; x_wconf 89' lang='lat' dir='ltr'>quidam</span> <span class='ocrx_word' id='word_1_2200' title='bbox 1811 3840 1895 3866; x_wconf 91' lang='lat' dir='ltr'>quum</span> <span class='ocrx_word' id='word_1_2201' title='bbox 1913 3828 2046 3863; x_wconf 85' lang='lat' dir='ltr'>sanguinis</span> <span class='ocrx_word' id='word_1_2202' title='bbox 2065 3828 2168 3855; x_wconf 82' lang='lat' dir='ltr'>exitum</span> <span class='ocrx_word' id='word_1_2203' title='bbox 2187 3837 2244 3856; x_wconf 86' lang='lat' dir='ltr'>non</span> <span class='ocrx_word' id='word_1_2204' title='bbox 2257 3829 2390 3860; x_wconf 53' lang='lat' dir='ltr'>haberenss</span> 
     </span>
    </p>

    <p class='ocr_par' dir='ltr' id='par_1_100' title="bbox 1349 3863 2390 3903">
     <span class='ocr_line' id='line_1_226' title="bbox 1349 3863 2390 3903; baseline -0.001 -10"><span class='ocrx_word' id='word_1_2205' title='bbox 1349 3867 1475 3895; x_wconf 89' lang='lat' dir='ltr'>inclinata</span> <span class='ocrx_word' id='word_1_2206' title='bbox 1482 3867 1510 3894; x_wconf 91' lang='lat' dir='ltr'>in</span> <span class='ocrx_word' id='word_1_2207' title='bbox 1518 3868 1672 3903; x_wconf 85' lang='lat' dir='ltr'>praecordia</span> <span class='ocrx_word' id='word_1_2208' title='bbox 1679 3876 1708 3893; x_wconf 92' lang='lat' dir='ltr'>ac</span> <span class='ocrx_word' id='word_1_2209' title='bbox 1723 3867 1823 3894; x_wconf 85' lang='lat' dir='ltr'>viscera</span> <span class='ocrx_word' id='word_1_2210' title='bbox 1835 3866 1958 3897; x_wconf 57' lang='lat' dir='ltr'>mat-eriaf</span> <span class='ocrx_word' id='word_1_2211' title='bbox 1974 3864 2068 3891; x_wconf 84' lang='lat' dir='ltr'>subitis</span> <span class='ocrx_word' id='word_1_2212' title='bbox 2081 3870 2107 3891; x_wconf 84' lang='lat' dir='ltr'>et</span> <span class='ocrx_word' id='word_1_2213' title='bbox 2118 3864 2275 3899; x_wconf 79' lang='lat' dir='ltr'>grauissimis</span> <span class='ocrx_word' id='word_1_2214' title='bbox 2287 3863 2390 3898; x_wconf 65' lang='lat' dir='ltr'>Morbi!</span> 
     </span>
    </p>

    <p class='ocr_par' dir='ltr' id='par_1_101' title="bbox 1348 3900 2414 3973">
     <span class='ocr_line' id='line_1_227' title="bbox 1348 3900 2414 3938; baseline -0.003 -10"><span class='ocrx_word' id='word_1_2215' title='bbox 1348 3904 1465 3938; x_wconf 88' lang='lat' dir='ltr'>correpti</span> <span class='ocrx_word' id='word_1_2216' title='bbox 1479 3904 1546 3930; x_wconf 79' lang='lat' dir='ltr'>sunt.</span> <span class='ocrx_word' id='word_1_2217' title='bbox 1617 3903 1660 3931; x_wconf 87' lang='lat' dir='ltr'>Sic</span> <span class='ocrx_word' id='word_1_2218' title='bbox 1679 3903 1824 3937; x_wconf 75' lang='lat' dir='ltr'>Correptus</span> <span class='ocrx_word' id='word_1_2219' title='bbox 1836 3900 1932 3930; x_wconf 84' lang='lat' dir='ltr'>morbo</span> <span class='ocrx_word' id='word_1_2220' title='bbox 1947 3900 2067 3927; x_wconf 83' lang='lat' dir='ltr'>Scribon.</span> <span class='ocrx_word' id='word_1_2221' title='bbox 2081 3902 2108 3932; x_wconf 86' lang='lat'>6,</span> <span class='ocrx_word' id='word_1_2222' title='bbox 2121 3901 2165 3932; x_wconf 73' lang='lat'>96.</span> <span class='ocrx_word' id='word_1_2223' title='bbox 2235 3900 2309 3928; x_wconf 85' lang='lat' dir='ltr'>Malo</span> <span class='ocrx_word' id='word_1_2224' title='bbox 2329 3900 2414 3935; x_wconf 33' lang='grc' dir='ltr'>171.,·γ</span> 
     </span>
     <span class='ocr_line' id='line_1_228' title="bbox 1893 3933 2388 3973; baseline -0.01 -7"><span class='ocrx_word' id='word_1_2225' title='bbox 1893 3936 1937 3966; x_wconf 87' lang='lat' dir='ltr'>Sic</span> <span class='ocrx_word' id='word_1_2226' title='bbox 1955 3935 2080 3973; x_wconf 78' lang='lat' dir='ltr'>Correpti</span> <span class='ocrx_word' id='word_1_2227' title='bbox 2096 3936 2158 3964; x_wconf 84' lang='lat' dir='ltr'>sunt</span> <span class='ocrx_word' id='word_1_2228' title='bbox 2175 3943 2228 3963; x_wconf 80' lang='lat'>101</span> <span class='ocrx_word' id='word_1_2229' title='bbox 2242 3956 2243 3959; x_wconf 22' lang='grc' dir='ltr'>η</span> <span class='ocrx_word' id='word_1_2230' title='bbox 2255 3934 2330 3963; x_wconf 70' lang='lat' dir='ltr'>intell.</span> <span class='ocrx_word' id='word_1_2231' title='bbox 2341 3933 2388 3961; x_wconf 79' lang='grc' dir='ltr'>11Ιί-</span> 
     </span>
    </p>
   </div>
   <div class='ocr_carea' id='block_1_75' title="bbox 2304 3975 2387 4018">
    <p class='ocr_par' dir='ltr' id='par_1_102' title="bbox 2304 3975 2387 4018">
     <span class='ocr_line' id='line_1_229' title="bbox 2304 3975 2387 4018; baseline 0 -9"><span class='ocrx_word' id='word_1_2232' title='bbox 2304 3975 2387 4018; x_wconf 54' lang='grc'>,110</span> 
     </span>
    </p>
   </div>
   <div class='ocr_carea' id='block_1_76' title="bbox 1552 3938 1824 3975">
    <p class='ocr_par' dir='ltr' id='par_1_103' title="bbox 1552 3938 1824 3975">
     <span class='ocr_line' id='line_1_230' title="bbox 1552 3938 1824 3975; baseline 0.004 -8"><span class='ocrx_word' id='word_1_2233' title='bbox 1552 3939 1654 3975; x_wconf 79' lang='lat' dir='ltr'>Capitis</span> <span class='ocrx_word' id='word_1_2234' title='bbox 1669 3938 1762 3968; x_wconf 82' lang='lat' dir='ltr'>dolore</span> <span class='ocrx_word' id='word_1_2235' title='bbox 1781 3946 1824 3973; x_wconf 84' lang='lat'>99.</span> 
     </span>
    </p>
   </div>
   <div class='ocr_carea' id='block_1_77' title="bbox 1771 799 2431 864">
    <p class='ocr_par' dir='ltr' id='par_1_104' title="bbox 1771 799 2431 864">
     <span class='ocr_line' id='line_1_231' title="bbox 1771 799 2431 835; baseline 0.002 -10"><span class='ocrx_word' id='word_1_2236' title='bbox 1771 800 1861 826; x_wconf 87' lang='lat' dir='ltr'>Mores</span> <span class='ocrx_word' id='word_1_2237' title='bbox 1875 799 1993 826; x_wconf 83' lang='lat' dir='ltr'>ciuitatis</span> <span class='ocrx_word' id='word_1_2238' title='bbox 2008 800 2064 825; x_wconf 87' lang='lat' dir='ltr'>Cic.</span> <span class='ocrx_word' id='word_1_2239' title='bbox 2079 800 2110 825; x_wconf 88' lang='lat' dir='ltr'>dc</span> <span class='ocrx_word' id='word_1_2240' title='bbox 2124 799 2217 835; x_wconf 83' lang='lat' dir='ltr'>Legib.</span> <span class='ocrx_word' id='word_1_2241' title='bbox 2231 808 2252 832; x_wconf 88' lang='grc'>3,</span> <span class='ocrx_word' id='word_1_2242' title='bbox 2265 807 2295 831; x_wconf 79' lang='grc' dir='ltr'>3ο</span> <span class='ocrx_word' id='word_1_2243' title='bbox 2314 808 2334 826; x_wconf 90' lang='lat' dir='ltr'>c.</span> <span class='ocrx_word' id='word_1_2244' title='bbox 2346 808 2384 835; x_wconf 83' lang='lat'>14.</span> <span class='ocrx_word' id='word_1_2245' title='bbox 2429 825 2431 830; x_wconf 77' lang='grc'><strong>,</strong></span> 
     </span>
     <span class='ocr_line' id='line_1_232' title="bbox 2231 835 2431 864; baseline 0.01 -2"><span class='ocrx_word' id='word_1_2246' title='bbox 2231 835 2384 864; x_wconf 85' lang='lat' dir='ltr'>Orationem</span> <span class='ocrx_word' id='word_1_2247' title='bbox 2428 836 2431 842; x_wconf 80' lang='grc'><em>“</em></span> 
     </span>
    </p>
   </div>
   <div class='ocr_carea' id='block_1_78' title="bbox 2130 2864 2421 2900">
    <p class='ocr_par' dir='ltr' id='par_1_105' title="bbox 2130 2864 2421 2900">
     <span class='ocr_line' id='line_1_233' title="bbox 2130 2864 2421 2900; baseline 0 -8"><span class='ocrx_word' id='word_1_2248' title='bbox 2130 2866 2232 2892; x_wconf 89' lang='lat' dir='ltr'>Locum</span> <span class='ocrx_word' id='word_1_2249' title='bbox 2253 2864 2311 2892; x_wconf 91' lang='lat' dir='ltr'>Val.</span> <span class='ocrx_word' id='word_1_2250' title='bbox 2327 2865 2393 2900; x_wconf 65' lang='lat' dir='ltr'>Arg&gt;</span> <span class='ocrx_word' id='word_1_2251' title='bbox 2411 2874 2421 2877; x_wconf 62' lang='grc'>’-</span> 
     </span>
    </p>
   </div>
   <div class='ocr_carea' id='block_1_79' title="bbox 2395 3104 2429 3279">
    <p class='ocr_par' dir='ltr' id='par_1_106' title="bbox 2395 3104 2429 3279">
     <span class='ocr_line' id='line_1_234' title="bbox 2395 3104 2429 3279; baseline -0.029 0"><span class='ocrx_word' id='word_1_2252' title='bbox 2395 3104 2429 3279; x_wconf 95' lang='lat' dir='ltr'>   </span> 
     </span>
    </p>
   </div>
   <div class='ocr_carea' id='block_1_80' title="bbox 1607 3605 2429 3679">
    <p class='ocr_par' dir='ltr' id='par_1_107' title="bbox 1607 3605 2429 3679">
     <span class='ocr_line' id='line_1_235' title="bbox 1607 3605 2420 3678; baseline -0.001 -33"><span class='ocrx_word' id='word_1_2253' title='bbox 1607 3617 1709 3653; x_wconf 81' lang='lat' dir='ltr'>Paffiue.</span> <span class='ocrx_word' id='word_1_2254' title='bbox 1746 3618 1857 3653; x_wconf 89' lang='lat' dir='ltr'>Corripi</span> <span class='ocrx_word' id='word_1_2255' title='bbox 1870 3618 1963 3653; x_wconf 88' lang='lat' dir='ltr'>aliquo</span> <span class='ocrx_word' id='word_1_2256' title='bbox 1977 3616 2071 3644; x_wconf 87' lang='lat' dir='ltr'>dolore</span> <span class='ocrx_word' id='word_1_2257' title='bbox 2083 3616 2150 3643; x_wconf 90' lang='lat' dir='ltr'>Plin.</span> <span class='ocrx_word' id='word_1_2258' title='bbox 2159 3615 2238 3649; x_wconf 81' lang='lat' dir='ltr'>Epist.</span> <span class='ocrx_word' id='word_1_2259' title='bbox 2251 3624 2270 3649; x_wconf 88' lang='lat'>1,</span> <span class='ocrx_word' id='word_1_2260' title='bbox 2279 3625 2316 3678; x_wconf 48' lang='lat'>1}-</span> <span class='ocrx_word' id='word_1_2261' title='bbox 2349 3605 2420 3678; x_wconf 42' lang='lat'>5:¹2¹?</span> 
     </span>
     <span class='ocr_line' id='line_1_236' title="bbox 2286 3659 2429 3679; baseline 0.007 -1"><span class='ocrx_word' id='word_1_2262' title='bbox 2286 3675 2290 3678; x_wconf 95' lang='lat'>.</span> <span class='ocrx_word' id='word_1_2263' title='bbox 2315 3659 2359 3679; x_wconf 78' lang='lat' dir='ltr'>mo</span> <span class='ocrx_word' id='word_1_2264' title='bbox 2398 3664 2399 3667; x_wconf 63' lang='lat'>¹</span> <span class='ocrx_word' id='word_1_2265' title='bbox 2425 3661 2429 3665; x_wconf 84' lang='lat'><strong>¹</strong></span> 
     </span>
    </p>
   </div>
   <div class='ocr_carea' id='block_1_81' title="bbox 1514 3721 2429 3794">
    <p class='ocr_par' dir='ltr' id='par_1_108' title="bbox 1514 3721 2434 3794">
     <span class='ocr_line' id='line_1_237' title="bbox 1514 3721 2390 3759; baseline -0.001 -8"><span class='ocrx_word' id='word_1_2266' title='bbox 1514 3725 1573 3751; x_wconf 89' lang='lat' dir='ltr'>Liu.</span> <span class='ocrx_word' id='word_1_2267' title='bbox 1588 3731 1626 3758; x_wconf 82' lang='lat'>28,</span> <span class='ocrx_word' id='word_1_2268' title='bbox 1640 3734 1652 3758; x_wconf 87' lang='grc'>3</span> <span class='ocrx_word' id='word_1_2269' title='bbox 1679 3724 1805 3759; x_wconf 86' lang='lat' dir='ltr'>Correpti</span> <span class='ocrx_word' id='word_1_2270' title='bbox 1818 3725 1866 3751; x_wconf 85' lang='lat' dir='ltr'>alii</span> <span class='ocrx_word' id='word_1_2271' title='bbox 1879 3724 1997 3751; x_wconf 84' lang='lat' dir='ltr'>Flamma</span> <span class='ocrx_word' id='word_1_2272' title='bbox 2015 3724 2088 3754; x_wconf 87' lang='lat' dir='ltr'>sunt,</span> <span class='ocrx_word' id='word_1_2273' title='bbox 2108 3721 2291 3755; x_wconf 4' lang='lat' dir='ltr'>aliipambusti</span> <span class='ocrx_word' id='word_1_2274' title='bbox 2303 3723 2390 3752; x_wconf 79' lang='lat' dir='ltr'>afflatu</span> 
     </span>
     <span class='ocr_line' id='line_1_238' title="bbox 2175 3758 2429 3794; baseline -0.004 -9"><span class='ocrx_word' id='word_1_2275' title='bbox 2175 3758 2318 3794; x_wconf 72' lang='lat' dir='ltr'>Languere</span> <span class='ocrx_word' id='word_1_2276' title='bbox 2333 3763 2389 3785; x_wconf 77' lang='lat'>1:01·-</span> <span class='ocrx_word' id='word_1_2277' title='bbox 2400 3758 2429 3790; x_wconf 44' lang='grc' dir='ltr'>ῥ’,</span> 
     </span>
    </p>
   </div>
   <div class='ocr_carea' id='block_1_82' title="bbox 1805 727 2407 764">
    <p class='ocr_par' dir='ltr' id='par_1_109' title="bbox 1805 716 2460 764">
     <span class='ocr_line' id='line_1_239' title="bbox 1805 727 2407 764; baseline -0.002 -11"><span class='ocrx_word' id='word_1_2278' title='bbox 1805 727 1952 762; x_wconf 75' lang='lat' dir='ltr'>Diligentia</span> <span class='ocrx_word' id='word_1_2279' title='bbox 1970 727 2082 754; x_wconf 89' lang='lat' dir='ltr'>alicu1us</span> <span class='ocrx_word' id='word_1_2280' title='bbox 2102 728 2173 764; x_wconf 87' lang='lat' dir='ltr'>quod</span> <span class='ocrx_word' id='word_1_2281' title='bbox 2190 729 2276 755; x_wconf 88' lang='lat' dir='ltr'>minus</span> <span class='ocrx_word' id='word_1_2282' title='bbox 2291 729 2384 763; x_wconf 68' lang='lat' dir='ltr'>sapiep-</span> <span class='ocrx_word' id='word_1_2283' title='bbox 2406 760 2407 763; x_wconf 14' lang='grc' dir='ltr'><strong>Ἰ</strong></span> 
     </span>
    </p>
   </div>
   <div class='ocr_carea' id='block_1_83' title="bbox 2451 1134 2463 1156">
    <p class='ocr_par' dir='ltr' id='par_1_110' title="bbox 2451 1134 2463 1156">
     <span class='ocr_line' id='line_1_240' title="bbox 2451 1134 2463 1143; baseline 0 0"><span class='ocrx_word' id='word_1_2284' title='bbox 2451 1134 2463 1143; x_wconf 75' lang='grc' dir='ltr'><em>ι</em></span> 
     </span>
     <span class='ocr_line' id='line_1_241' title="bbox 2453 1149 2459 1156; baseline 0 0"><span class='ocrx_word' id='word_1_2285' title='bbox 2453 1149 2459 1156; x_wconf 73' lang='grc'>.</span> 
     </span>
    </p>
   </div>
   <div class='ocr_carea' id='block_1_84' title="bbox 2460 1878 2474 1981">
    <p class='ocr_par' dir='ltr' id='par_1_111' title="bbox 2460 1878 2474 1981">
     <span class='ocr_line' id='line_1_242' title="bbox 2460 1878 2474 1981; textangle 90"><span class='ocrx_word' id='word_1_2286' title='bbox 2460 1915 2474 1981; x_wconf 47' lang='lat' dir='ltr'>zani</span> <span class='ocrx_word' id='word_1_2287' title='bbox 2466 1878 2474 1901; x_wconf 58' lang='grc' dir='ltr'>ι..</span> 
     </span>
    </p>
   </div>
   <div class='ocr_carea' id='block_1_85' title="bbox 2448 1988 2474 2155">
    <p class='ocr_par' dir='ltr' id='par_1_112' title="bbox 2448 1988 2474 2155">
     <span class='ocr_line' id='line_1_243' title="bbox 2448 1988 2474 2155; textangle 90"><span class='ocrx_word' id='word_1_2288' title='bbox 2448 2131 2474 2155; x_wconf 35' lang='lat'>⁴„</span> <span class='ocrx_word' id='word_1_2289' title='bbox 2451 1988 2474 2122; x_wconf 40' lang='lat' dir='ltr'>...abet—1:</span> 
     </span>
    </p>
   </div>
   <div class='ocr_carea' id='block_1_86' title="bbox 2453 2407 2474 2498">
    <p class='ocr_par' dir='ltr' id='par_1_113' title="bbox 2453 2407 2474 2498">
     <span class='ocr_line' id='line_1_244' title="bbox 2453 2407 2474 2498; baseline 0 0"><span class='ocrx_word' id='word_1_2290' title='bbox 2453 2407 2474 2498; x_wconf 51' lang='grc' dir='ltr'>ἔ</span> 
     </span>
    </p>
   </div>
   <div class='ocr_carea' id='block_1_87' title="bbox 1699 3296 2474 3363">
    <p class='ocr_par' dir='ltr' id='par_1_114' title="bbox 1699 3296 2474 3363">
     <span class='ocr_line' id='line_1_245' title="bbox 1699 3296 2474 3331; baseline -0.003 -8"><span class='ocrx_word' id='word_1_2291' title='bbox 1699 3297 1794 3331; x_wconf 84' lang='lat' dir='ltr'>Vtrgil.</span> <span class='ocrx_word' id='word_1_2292' title='bbox 1809 3297 1874 3323; x_wconf 82' lang='lat' dir='ltr'>Aen.</span> <span class='ocrx_word' id='word_1_2293' title='bbox 1889 3305 1915 3329; x_wconf 89' lang='lat'>1,</span> <span class='ocrx_word' id='word_1_2294' title='bbox 1928 3305 1982 3330; x_wconf 84' lang='lat'>422</span> <span class='ocrx_word' id='word_1_2295' title='bbox 2007 3296 2173 3330; x_wconf 85' lang='lat' dir='ltr'>Corripuere</span> <span class='ocrx_word' id='word_1_2296' title='bbox 2186 3296 2265 3322; x_wconf 87' lang='lat' dir='ltr'>Viam</span> <span class='ocrx_word' id='word_1_2297' title='bbox 2281 3296 2400 3328; x_wconf 60' lang='lat' dir='ltr'>inter-0³52,</span> <span class='ocrx_word' id='word_1_2298' title='bbox 2423 3323 2425 3325; x_wconf 64' lang='grc'><strong>,</strong></span> <span class='ocrx_word' id='word_1_2299' title='bbox 2468 3303 2474 3331; x_wconf 69' lang='lat' dir='ltr'>j</span> 
     </span>
     <span class='ocr_line' id='line_1_246' title="bbox 1727 3329 2474 3363; baseline -0.003 -4"><span class='ocrx_word' id='word_1_2300' title='bbox 1727 3334 1775 3359; x_wconf 76' lang='lat' dir='ltr'>Vbi</span> <span class='ocrx_word' id='word_1_2301' title='bbox 1792 3332 1912 3359; x_wconf 72' lang='lat' dir='ltr'>Seruius:</span> <span class='ocrx_word' id='word_1_2302' title='bbox 1940 3330 2066 3359; x_wconf 88' lang='lat' dir='ltr'>Officium</span> <span class='ocrx_word' id='word_1_2303' title='bbox 2086 3331 2165 3360; x_wconf 83' lang='lat' dir='ltr'>eundi</span> <span class='ocrx_word' id='word_1_2304' title='bbox 2184 3331 2308 3358; x_wconf 83' lang='lat' dir='ltr'>celeriter</span> <span class='ocrx_word' id='word_1_2305' title='bbox 2324 3329 2392 3362; x_wconf 55' lang='lat' dir='ltr'>arri-3</span> <span class='ocrx_word' id='word_1_2306' title='bbox 2432 3358 2435 3363; x_wconf 65' lang='grc'>,</span> <span class='ocrx_word' id='word_1_2307' title='bbox 2460 3348 2474 3357; x_wconf 86' lang='grc'>..</span> 
     </span>
    </p>
   </div>
   <div class='ocr_carea' id='block_1_88' title="bbox 2449 3096 2474 3708">
    <p class='ocr_par' dir='ltr' id='par_1_115' title="bbox 2449 3096 2474 3708">
     <span class='ocr_line' id='line_1_247' title="bbox 2449 3096 2474 3708; baseline 0 474"><span class='ocrx_word' id='word_1_2308' title='bbox 2449 3096 2474 3708; x_wconf 95' lang='lat' dir='ltr'> </span> 
     </span>
    </p>
   </div>
   <div class='ocr_carea' id='block_1_89' title="bbox 2456 3829 2459 4076">
    <p class='ocr_par' dir='ltr' id='par_1_116' title="bbox 2456 3829 2459 4076">
     <span class='ocr_line' id='line_1_248' title="bbox 2456 3829 2459 3938; baseline 0 0"><span class='ocrx_word' id='word_1_2309' title='bbox 2456 3829 2459 3938; x_wconf 80' lang='lat' dir='ltr'>i</span> 
     </span>
     <span class='ocr_line' id='line_1_249' title="bbox 2456 3944 2459 3970; baseline 0 0"><span class='ocrx_word' id='word_1_2310' title='bbox 2456 3944 2459 3970; x_wconf 81' lang='grc' dir='ltr'>ι</span> 
     </span>
     <span class='ocr_line' id='line_1_250' title="bbox 2456 3975 2459 4013; baseline 0 0"><span class='ocrx_word' id='word_1_2311' title='bbox 2456 3975 2459 4013; x_wconf 63' lang='grc' dir='ltr'>ἱ</span> 
     </span>
     <span class='ocr_line' id='line_1_251' title="bbox 2456 4016 2459 4076; baseline 0 0"><span class='ocrx_word' id='word_1_2312' title='bbox 2456 4016 2459 4076; x_wconf 72' lang='lat' dir='ltr'>l</span> 
     </span>
    </p>
   </div>
   <div class='ocr_carea' id='block_1_90' title="bbox 2449 2769 2474 2987">
    <p class='ocr_par' dir='ltr' id='par_1_117' title="bbox 2449 2769 2474 2987">
     <span class='ocr_line' id='line_1_252' title="bbox 2449 2769 2474 2987; baseline 0 1195"><span class='ocrx_word' id='word_1_2313' title='bbox 2449 2769 2474 2987; x_wconf 95' lang='lat' dir='ltr'> </span> 
     </span>
    </p>
   </div>
   <div class='ocr_carea' id='block_1_91' title="bbox 1344 3009 2474 3157">
    <p class='ocr_par' dir='ltr' id='par_1_118' title="bbox 1344 3009 2474 3157">
     <span class='ocr_line' id='line_1_253' title="bbox 2324 3009 2474 3043; baseline -0.013 -7"><span class='ocrx_word' id='word_1_2314' title='bbox 2324 3009 2411 3043; x_wconf 40' lang='lat' dir='ltr'>cor&amp;</span> <span class='ocrx_word' id='word_1_2315' title='bbox 2431 3011 2436 3016; x_wconf 84' lang='grc'><em>“</em></span> <span class='ocrx_word' id='word_1_2316' title='bbox 2459 3017 2474 3030; x_wconf 73' lang='lat'>.-</span> 
     </span>
     <span class='ocr_line' id='line_1_254' title="bbox 1724 3043 2457 3082; baseline -0.001 -10"><span class='ocrx_word' id='word_1_2317' title='bbox 1724 3047 1750 3073; x_wconf 84' lang='lat' dir='ltr'>h.</span> <span class='ocrx_word' id='word_1_2318' title='bbox 1764 3056 1784 3073; x_wconf 78' lang='grc' dir='ltr'>ε.</span> <span class='ocrx_word' id='word_1_2319' title='bbox 1799 3043 1926 3082; x_wconf 69' lang='lat' dir='ltr'>festinent</span> <span class='ocrx_word' id='word_1_2320' title='bbox 1938 3047 1986 3072; x_wconf 84' lang='lat' dir='ltr'>tibi</span> <span class='ocrx_word' id='word_1_2321' title='bbox 1997 3048 2154 3081; x_wconf 69' lang='lat' dir='ltr'>parturienti</span> <span class='ocrx_word' id='word_1_2322' title='bbox 2170 3044 2294 3072; x_wconf 67' lang='lat' dir='ltr'>auxiliari</span> <span class='ocrx_word' id='word_1_2323' title='bbox 2304 3055 2313 3070; x_wconf 83' lang='grc'>.-</span> <span class='ocrx_word' id='word_1_2324' title='bbox 2336 3044 2421 3079; x_wconf 49' lang='lat' dir='ltr'>wlff-1</span> <span class='ocrx_word' id='word_1_2325' title='bbox 2454 3054 2457 3067; x_wconf 70' lang='lat'><em>³</em></span> 
     </span>
     <span class='ocr_line' id='line_1_255' title="bbox 1344 3080 2457 3118; baseline -0.002 -9"><span class='ocrx_word' id='word_1_2326' title='bbox 1344 3083 1436 3109; x_wconf 83' lang='lat' dir='ltr'>Omnia</span> <span class='ocrx_word' id='word_1_2327' title='bbox 1457 3081 1577 3118; x_wconf 75' lang='lat' dir='ltr'>auferam</span> <span class='ocrx_word' id='word_1_2328' title='bbox 1598 3081 1688 3117; x_wconf 69' lang='lat' dir='ltr'>paretis</span> <span class='ocrx_word' id='word_1_2329' title='bbox 1712 3081 1903 3118; x_wconf 69' lang='lat' dir='ltr'>impedimenta,</span> <span class='ocrx_word' id='word_1_2330' title='bbox 1929 3081 1984 3116; x_wconf 80' lang='lat' dir='ltr'>flue</span> <span class='ocrx_word' id='word_1_2331' title='bbox 2005 3080 2126 3117; x_wconf 78' lang='lat' dir='ltr'>quidquid</span> <span class='ocrx_word' id='word_1_2332' title='bbox 2141 3087 2245 3117; x_wconf 79' lang='lat' dir='ltr'>partum</span> <span class='ocrx_word' id='word_1_2333' title='bbox 2269 3080 2419 3111; x_wconf 53' lang='lat' dir='ltr'>remorare-⁴,</span> <span class='ocrx_word' id='word_1_2334' title='bbox 2434 3080 2457 3104; x_wconf 79' lang='lat'>-&#39;</span> 
     </span>
     <span class='ocr_line' id='line_1_256' title="bbox 1502 3116 2474 3157; baseline -0.002 -13"><span class='ocrx_word' id='word_1_2335' title='bbox 1502 3117 1594 3144; x_wconf 82' lang='lat' dir='ltr'>Morbi</span> <span class='ocrx_word' id='word_1_2336' title='bbox 1615 3117 1714 3153; x_wconf 76' lang='lat' dir='ltr'>singula</span> <span class='ocrx_word' id='word_1_2337' title='bbox 1737 3126 1849 3153; x_wconf 83' lang='lat' dir='ltr'>corpora</span> <span class='ocrx_word' id='word_1_2338' title='bbox 1869 3118 2020 3152; x_wconf 85' lang='lat' dir='ltr'>corripiunt</span> <span class='ocrx_word' id='word_1_2339' title='bbox 2044 3116 2142 3152; x_wconf 83' lang='lat' dir='ltr'>Virgil.</span> <span class='ocrx_word' id='word_1_2340' title='bbox 2159 3117 2257 3151; x_wconf 82' lang='lat' dir='ltr'>Georg.</span> <span class='ocrx_word' id='word_1_2341' title='bbox 2276 3125 2306 3149; x_wconf 85' lang='grc'>3,</span> <span class='ocrx_word' id='word_1_2342' title='bbox 2327 3122 2419 3150; x_wconf 53' lang='lat' dir='ltr'>472.st</span> <span class='ocrx_word' id='word_1_2343' title='bbox 2453 3124 2474 3157; x_wconf 45' lang='grc' dir='ltr'>’τ</span> 
     </span>
    </p>
   </div>
  </div>
 </body>
</html>
