2474 4182
253 147 349 185 ¹047
616 132 651 172 C
736 131 772 169 O
855 128 904 168 M

252 230 344 251 orator
357 223 566 255 commendatur,
579 230 658 257 quam
673 220 818 246 verborum
832 216 969 253 splendore
985 223 1010 244 et
1023 218 1098 252 copia
1113 217 1168 244 Cic.
1182 216 1214 243 dc
1225 217 1296 243 Clar.

253 261 327 286 Orat.
340 262 387 286 216
417 268 438 286 c.
458 268 497 292 59.
570 256 757 290 Eloquentiam
778 263 831 281 vox
852 254 967 280 maxime
988 253 1153 280 commendat
1174 253 1246 279 Idem
1264 252 1295 278 de

253 297 327 322 Orat.
342 303 362 328 1,
377 303 419 328 252
447 305 468 321 c.
484 303 522 327 59.
594 292 698 319 Faciem
711 290 876 317 commendat
891 298 953 316 cura
966 290 1046 316 Ouid.
1058 289 1090 314 de
1104 289 1242 315 Medicam.
1259 289 1296 314 fa-

252 332 304 358 ciei
325 339 343 357 1.
416 331 482 357 Plin.
497 338 533 360 12,
547 336 559 359 3
588 329 659 353 Haec
671 327 708 353 est
722 333 812 353 autem
825 327 899 353 cuius
912 335 991 360 grana
1005 325 1161 351 Parthorum
1173 332 1295 359 proceres

251 367 396 402 incoquere
416 366 531 392 diximus
550 362 702 395 esculentis,
723 361 924 389 commendandi
944 361 1041 388 halitus
1062 360 1162 394 gratia,
1186 360 1210 386 h.
1225 370 1244 386 ε.
1264 358 1297 385 ad

252 406 369 438 oprimum
387 409 410 427 ει
428 401 554 427 odoratum
573 399 678 425 halitum
702 397 881 425 conciliandum
902 405 925 423 ct
940 395 1096 433 faciendum.
1167 395 1296 421 Iustitiam

252 445 324 464 tuam
338 434 547 471 prouincialibus
566 434 648 461 multa
663 434 825 460 humanitate
839 432 1020 463 commendas,
1043 434 1061 458 i.
1073 431 1199 458 amabilem
1212 430 1297 458 reddis

252 474 319 501 Plin.
335 472 412 507 Epist.
426 480 453 504 9,
466 478 479 504 5
494 476 539 506 pr.
610 471 677 497 Hor.
691 470 770 504 Epist.
787 479 813 503 1,
831 477 863 502 15,
879 478 905 502 19
944 503 948 507 ·

563 506 727 532 Generosum
748 511 774 532 et
793 506 851 531 lene
872 511 997 536 requiro,

375 541 457 575 Quod
477 550 551 568 curas
572 541 678 576 abigat,
696 541 769 577 quod
789 551 848 568 cum
869 541 912 574 spe
931 538 1016 564 diuite
1035 543 1124 564 manet

372 578 404 604 In
424 586 503 604 venas
522 577 696 613 animumque
713 586 818 610 meum,
839 575 911 611 quod
931 573 1014 600 verba
1034 573 1182 605 ministret,

375 613 456 647 Qiod
475 622 518 639 me
538 613 658 640 Lucanae
680 614 806 640 iuuenem
825 610 992 638 commendet
1011 609 1121 636 amicae.
1244 643 1252 647 α

251 650 323 676 Inter
335 651 442 681 omnia,
462 657 530 683 quac
542 649 609 675 vino
621 649 757 681 accidunt,
775 655 801 675 et
814 647 880 674 illud
898 646 934 673 est
954 645 1115 677 maximum,
1136 643 1209 678 quod
1226 651 1297 669 vires

252 684 362 719 praestat
377 685 406 711 in
420 686 559 711 Venerem.
597 686 655 711 Hoc
668 685 704 711 est
717 694 791 719 ergo,
804 682 874 718 quod
890 682 974 714 dixit,
994 681 1073 715 Quod
1088 682 1213 718 iuuenem
1227 687 1298 703 com-

251 719 355 747 mendet
371 720 485 747 amicae:
511 723 528 746 i.
540 729 559 746 e.
574 721 682 748 Fortem
696 727 721 747 et
733 719 877 747 amabilem
891 718 990 745 amicae
1004 717 1104 747 reddat,
1122 722 1149 741 vt
1164 722 1298 753 iuuenem.

251 756 378 791 Porphyr.
451 755 507 782 Cic.
525 756 556 782 de
572 757 647 784 Orat.
661 765 686 789 2,
700 765 716 789 9
746 765 768 782 c.
784 764 800 782 2
833 756 868 782 Vt
882 754 948 781 duos
963 754 1077 780 summos
1091 751 1165 776 viros
1181 758 1228 779 115,
1250 755 1297 788 (1111

250 798 375 818 neutrum
390 791 500 818 illorum
515 791 651 824 viderint,
688 807 734 811 -—
768 791 896 818 vinorum
916 797 941 816 et
957 788 1145 825 praesentium,
1166 793 1297 810 memoria

250 827 313 854 teste
332 827 555 854 commendemus.
627 827 743 854 Martial.
764 834 796 862 7,
817 835 851 862 79
880 826 928 852 Sed
950 825 967 850 fi
985 831 1066 857 parua
1085 828 1125 847 tui
1143 820 1297 846 munuscula

250 863 356 898 quaeris
374 863 454 890 amici
491 863 700 896 Commendare,
719 870 766 889 etc.
840 862 866 888 Si
886 869 927 887 me
947 868 999 884 non
1018 864 1141 896 veterum
1163 865 1297 882 commen.

250 900 312 925 dant
331 908 425 933 magna
442 906 579 934 parentum
600 899 719 926 Nomina
737 898 819 925 Ouid.
834 898 891 923 Ain.
906 904 932 925 1,
946 903 968 925 3,
982 902 1008 927 7.
1081 893 1207 918 Nitorem
1226 901 1297 918 com-

250 934 375 961 mendare
389 935 480 962 oleum
494 935 691 969 amygdalinum
706 934 805 960 dicitur
821 932 887 958 Plin.
902 938 939 961 23,
953 938 979 961 4.
1036 928 1149 962 Qialem
1164 936 1297 969 commen.

251 970 295 997 des
305 991 313 1003 ,
334 971 413 997 etiam
427 978 506 1006 atque
519 971 600 998 etiam
615 971 715 1005 adspice
729 970 823 995 Horat.
839 965 918 1000 Epist.
933 974 952 997 1,
967 969 1002 1004 18,
1016 967 1060 1004 76.
1132 964 1201 990 Reos
1215 973 1298 991 maxt-

249 1016 292 1033 me
306 1007 473 1034 commendat
485 1006 603 1041 placida,
625 1005 769 1035 summiffa,
790 1008 816 1028 et
829 1002 896 1029 lenis
909 1007 999 1027 oratio
1014 1000 1069 1026 Cic.
1083 999 1115 1026 de
1129 1001 1204 1026 Orat.
1215 1009 1232 1031 1,
1249 1005 1298 1032 183.

248 1043 316 1069 Plin.
333 1051 368 1075 13,
384 1051 413 1075 19
438 1042 467 1068 de
484 1044 533 1069 loto
547 1043 649 1072 arbore,
670 1037 832 1066 Fruticofior
849 1037 912 1063 hacc
931 1035 1074 1071 fruGtuque
1094 1036 1177 1070 magis
1191 1035 1300 1069 rubens,

249 1079 324 1105 cuius
337 1078 446 1105 nucleus
463 1087 517 1104 non
531 1078 606 1104 fimul
621 1075 770 1105 manditur,
790 1073 921 1100 iucundus
942 1081 988 1107 per
1002 1073 1044 1105 se,
1061 1077 1140 1106 atque
1156 1072 1264 1098 suauior
1285 1081 1299 1098 e

248 1114 315 1140 vino
333 1125 340 1140 z
372 1114 438 1148 quin
462 1120 488 1140 et
502 1114 564 1139 vina
584 1113 660 1138 succo
682 1111 729 1138 suo
748 1109 950 1141 commendans,

241 1151 329 1186 pluris
341 1148 422 1186 fiant.

284 1193 301 1212 c
311 1192 329 1211 o
340 1192 365 1211 M
373 1192 396 1211 Μ
410 1190 425 1209 Ε
434 1191 456 1210 Ν
465 1190 483 1210 D
493 1184 515 1210 Ᾱ
525 1190 546 1210 Τ
555 1190 575 1209 v
584 1190 608 1215 s,
616 1191 639 1214 a,
646 1190 700 1207 um.
713 1182 781 1208 Part.
806 1181 863 1208 Cic.
872 1189 921 1215 pro
929 1180 1005 1206 Rosc.
1013 1179 1101 1205 Amet.
1112 1187 1147 1211 113
1168 1179 1220 1205 Cui
1229 1179 1300 1205 fama

248 1221 366 1252 mortui,
386 1220 510 1245 fortunae
523 1219 583 1245 viui
598 1217 796 1244 commendatae
809 1218 878 1248 sunt,
897 1222 976 1250 atque
987 1215 1165 1242 concreditae.
1201 1214 1300 1250 Depofi-

247 1263 299 1282 tum
306 1254 438 1291 fignificat
450 1258 477 1280 in
491 1254 548 1289 lege
563 1255 613 1281 XII
626 1253 786 1280 tabularum.
835 1253 942 1279 Sacrum
956 1252 1062 1277 sacroue
1075 1250 1300 1283 commendatum,

248 1292 296 1326 qui
310 1291 431 1324 clepserit
441 1311 449 1323 ,
470 1290 650 1325 rapseritque,
668 1288 801 1324 parricida
816 1288 870 1315 esto
886 1289 941 1315 Cic.
958 1287 990 1314 de
1003 1286 1096 1322 Legib.
1112 1295 1138 1319 2,
1152 1295 1189 1313 22.
1257 1287 1299 1313 Pi-

248 1336 314 1362 gnus
334 1326 442 1358 dicunt,
466 1325 539 1361 quod
560 1334 610 1361 pro
631 1332 726 1351 mutuo
746 1333 806 1352 aere
825 1325 972 1359 susceptum
991 1323 1048 1349 est:
1083 1322 1299 1349 commendatum

246 1369 336 1390 autem
348 1368 374 1389 et
389 1361 551 1396 depositum,
573 1361 646 1397 quod
659 1360 793 1388 custodiae
811 1361 885 1387 causa
898 1360 980 1387 alicui
994 1359 1160 1385 commissum
1174 1358 1298 1385 Ambros.

247 1399 276 1425 in
289 1398 306 1425 1.
321 1398 353 1425 de
366 1398 461 1425 Tobia
476 1406 550 1424 c.20.
603 1398 658 1424 Cic.
673 1406 722 1432 pro
735 1397 841 1423 Cluent.
854 1405 887 1429 34
906 1396 983 1430 Spem
996 1395 1082 1427 illam,
1101 1403 1181 1429 quam
1195 1395 1223 1420 in
1238 1394 1299 1421 aluo

1003 1111 1022 1133 i.
1047 1107 1170 1144 faciens,
1191 1115 1220 1134 vt
1236 1110 1299 1135 vina

247 1433 459 1463 commendatam
471 1442 486 1460 a
499 1434 561 1461 viro
575 1433 742 1464 continebat,
762 1432 834 1459 victa
852 1432 966 1459 auaritia
979 1431 1070 1458 sceleri
1082 1430 1225 1465 Oppianici
1238 1439 1300 1457 ven·
1321 1440 1350 1466 35
1370 1429 1410 1457 dit
1428 1431 1473 1457 se:
1505 1430 1556 1457 huc
1575 1438 1638 1456 raro
1659 1429 1688 1455 in
1709 1429 1803 1455 vrbem
1823 1434 1962 1455 commeat.

248 1469 334 1502 didit,
356 1469 385 1496 de
398 1469 486 1496 abortu
499 1476 637 1504 procurato
649 1469 740 1505 futuri
756 1468 863 1495 heredis.
934 1467 1013 1494 Dono
1033 1467 1126 1501 aliquo
1145 1465 1257 1493 deorum
1275 1472 1301 1493 et

247 1514 358 1533 munere
371 1505 551 1531 commendati
569 1504 648 1531 nobis
661 1505 756 1530 Poetae
774 1503 900 1530 videntur
919 1502 992 1529 Idem
1005 1511 1055 1537 pro
1066 1501 1145 1528 Arch.
1162 1507 1197 1532 18.
1268 1504 1301 1529 Et

248 1551 298 1577 pro
313 1542 401 1567 Domo
416 1549 463 1574 142
484 1549 505 1566 c.
520 1548 550 1573 52.
570 1540 704 1575 alloquitur
717 1539 828 1571 iudices,
848 1539 935 1565 Omne
948 1538 1026 1565 vobis
1039 1547 1101 1573 erga
1114 1547 1201 1565 meam
1214 1538 1302 1573 digni-

248 1584 330 1605 tatem
344 1576 469 1608 studium,
483 1582 509 1602 et
519 1575 655 1602 iudicium
671 1584 725 1601 non
739 1574 821 1601 modo
834 1574 998 1601 commissum
1007 1594 1014 1606 ‚
1029 1583 1124 1600 verum
1137 1574 1218 1601 etiam
1230 1583 1300 1601 com-

249 1612 411 1640 mendatum.

249 1657 316 1684 quae
353 1646 543 1674 Commendata
556 1651 662 1672 manent
677 1645 774 1671 tutelae
789 1645 885 1672 tradita
899 1645 1011 1672 nostrae.
1084 1646 1166 1673 Ouid.
1178 1655 1210 1673 ex
1224 1647 1300 1674 Pont.

248 1693 271 1715 3,
283 1693 312 1717 4,
324 1691 351 1717 71
375 1683 431 1709 Sint
445 1683 528 1717 igitur
541 1681 630 1707 vestro
644 1690 701 1707 mea
715 1680 898 1707 commendata
910 1682 1004 1707 fauore
1037 1682 1171 1708 Carmina.
1243 1683 1300 1708 Ho-

249 1728 315 1745 nore
330 1719 469 1745 literarum
483 1717 681 1744 commendatus
695 1717 760 1743 Plin.
776 1724 813 1749 35,
828 1721 862 1746 18.
935 1716 991 1742 Cic.
1007 1716 1039 1742 de
1052 1718 1111 1744 Fin.
1122 1727 1149 1750 4,
1160 1726 1193 1751 34
1213 1718 1301 1744 Omne

247 1754 346 1782 animal
361 1754 446 1789 ipsum
458 1753 516 1781 Sibi
527 1753 742 1780 commendatum
751 1770 760 1783 ,
779 1757 808 1778 vt
821 1752 846 1777 se
860 1757 886 1777 et
899 1750 1002 1777 saluum
1016 1751 1044 1777 in
1057 1753 1104 1778 suo
1117 1762 1213 1787 genere
1228 1753 1301 1779 inco-

248 1791 373 1825 Iumeque
386 1789 475 1816 vellet.

249 1826 346 1853 habeas
353 1834 430 1861 rogo.
503 1824 627 1852 Trebon.
636 1824 668 1851 ad
677 1824 732 1851 Cic.
741 1825 813 1850 Fam.
822 1831 860 1855 12,
870 1825 898 1849 16
916 1823 1031 1849 Matrem
1037 1831 1163 1857 meosque
1170 1823 1222 1849 tibi
1230 1832 1301 1849 com-

248 1862 384 1889 mendatos
397 1861 474 1888 habe.
525 1861 689 1895 Dignitatem
703 1869 790 1887 meam
804 1858 858 1885 tibi
871 1858 1081 1885 commendatam
1095 1858 1192 1885 habeas
1205 1858 1302 1885 Cassius

248 1898 305 1925 Cic.
320 1898 392 1924 Fam.
406 1905 444 1930 12,
458 1905 495 1924 12.
570 1897 711 1932 Comparat.
749 1896 806 1922 Cic.
823 1903 872 1930 pro
886 1895 967 1921 Corn.
983 1893 1066 1921 Balbo
1080 1902 1112 1928 43
1140 1904 1162 1920 c.
1177 1903 1204 1927 19
1233 1894 1302 1928 Quis

247 1933 284 1960 est
297 1934 369 1960 enim
382 1933 518 1965 nostrum,
538 1933 582 1959 cui
595 1941 650 1960 non
664 1932 710 1958 1113
725 1932 821 1958 ciuitas
835 1930 866 1957 fit
880 1930 960 1956 huius
974 1930 1061 1957 studio
1070 1950 1078 1963 ,
1099 1939 1172 1963 cura,
1189 1929 1301 1965 diligen-

248 1970 302 2002 tia,
327 1968 539 1995 commendatior
554 1970 563 1995 3
633 1968 783 1995 Memoriae
807 1966 950 1993 hominum
971 1966 1145 2001 sempiternae
1168 1975 1302 1992 commen-

249 2005 366 2031 datiores
378 2004 452 2031 Idem
463 2004 578 2038 Philipp.
594 2013 616 2034 2,
629 2013 659 2036 32
679 2013 700 2030 c.
716 2012 749 2036 13.
820 2002 887 2029 Plin.
900 2010 941 2035 25,
956 2011 984 2028 10
1008 2002 1138 2029 Similiter
1151 2010 1209 2028 eam
1223 2011 1303 2037 quam

248 2039 370 2074 eupleam
383 2044 480 2066 vocant
493 2049 498 2064 ε
524 2039 685 2073 traduntque
698 2048 729 2065 ea
741 2038 884 2072 perunctos
898 2037 1132 2065 commendatioris
1146 2038 1195 2064 esse
1208 2038 1304 2065 famae.

247 2076 372 2111 Superlat.
408 2073 541 2101 Omnibus
572 2073 653 2101 rebus
684 2073 950 2100 commendatiffimos
981 2073 1087 2108 aliquos
1118 2073 1217 2101 habere
1244 2074 1302 2102 Cic.

249 2112 321 2139 Fam.
343 2119 394 2142 12,
413 2112 462 2136 26.

286 2152 303 2173 C
313 2153 333 2173 Ο
344 2153 368 2172 Μ
379 2152 403 2172 M
413 2152 429 2172 Ε
439 2152 461 2171 Ν
470 2151 488 2171 D
498 2151 520 2170 A
530 2150 553 2169 Ν
564 2149 583 2170 D
592 2150 613 2169 V
623 2150 645 2175 s,
654 2152 740 2176 3,11111.
757 2143 850 2169 Partic.
866 2142 922 2168 Cic.
931 2140 1007 2169 offic.
1017 2149 1109 2176 3,450.
1121 2150 1149 2168 10
1169 2143 1239 2168 011111
1256 2157 1302 2163 -

250 2182 280 2213 is,
290 2182 338 2216 qui
346 2181 428 2207 morti
438 2179 558 2206 addictus
572 2179 647 2211 01101,
667 2187 763 2213 paucos
775 2178 824 2204 fibi
837 2178 894 2204 dies
906 2177 1179 2204 commendandorum
1192 2178 1302 2204 suorum

249 2218 323 2244 causa
338 2215 531 2251 postulauiffet‚
552 2223 611 2249 quos
625 2221 707 2249 nempe
721 2217 811 2240 amicis
824 2220 941 2249 tanquam
955 2212 1088 2249 depositum
1105 2213 1240 2249 diligenter
1247 2213 1303 2249 ser-

249 2253 359 2280 vandum
376 2250 519 2278 concredere
535 2250 618 2276 vellet.

286 2295 304 2316 c
312 2295 331 2315 o
341 2295 367 2314 M
375 2294 401 2314 M
410 2294 427 2314 E
436 2294 459 2314 N
468 2293 487 2313 D
496 2293 519 2313 A
527 2292 548 2312 T
559 2292 568 2310 1
576 2292 595 2312 o
605 2305 613 2317 ‚
634 2285 703 2311 onis.
740 2284 761 2310 f.
798 2283 933 2318 [σύςασις]
969 2283 1025 2310 Cic.
1034 2283 1105 2309 Fam.
1120 2292 1140 2315 1,
1159 2292 1172 2315 3
1192 2283 1300 2316 Nostra,

1326 364 1338 389 5

1319 544 1349 562 10

1317 904 1351 922 20

1321 1084 1349 1110 ²5

1321 1265 1354 1290 30

539 1788 612 1815 Idem
626 1789 698 1815 Fam.
715 1797 753 1820 12,
769 1796 796 1814 12
815 1788 904 1814 Meam
919 1787 1076 1821 dignitatem
1089 1788 1302 1814 commendatam
1318 1797 1353 1823 45
1371 1788 1529 1819 Caeterum,
1549 1786 1567 1813 fi
1582 1786 1725 1821 aliquando
1739 1785 1834 1820 vulgus
1848 1786 1877 1812 in
1891 1786 1938 1812 illa
1950 1787 1996 1813 via
2008 1797 2064 1814 non
2077 1788 2252 1816 commeabat.

1323 1976 1355 2003 50

1323 2146 1352 2172 55

250 2331 471 2358 caeterorumque
495 2321 644 2348 amicorum
666 2319 899 2346 commendatione
929 2318 1084 2353 gratiffimus
1109 2318 1139 2344 in
1161 2319 1302 2353 prouincia
1320 2321 1355 2345 60

251 2360 314 2386 fuit.
387 2359 472 2394 Caput
492 2356 732 2384 commendationis
751 2355 824 2382 Idem
844 2356 915 2382 Fam.
937 2363 979 2387 12,
1007 2361 1047 2387 23.
1127 2354 1168 2380 Ad
1185 2360 1302 2381 caeteros

251 2395 380 2422 contemti
401 2393 519 2421 hominis
541 2392 737 2419 commendatio
757 2400 812 2418 non
833 2391 919 2417 defuit
936 2391 991 2417 Cic.
1007 2391 1061 2417 Att.
1078 2395 1109 2423 8,
1129 2398 1157 2424 4.
1227 2389 1302 2416 Idem

252 2432 325 2458 Fam.
342 2439 383 2464 13,
402 2439 430 2463 32
460 2431 579 2461 Vereor,
596 2438 630 2455 ne
650 2428 714 2463 quia
734 2427 883 2462 complures
902 2426 953 2453 tibi
974 2426 1114 2461 praecipue
1130 2425 1303 2458 commendo,

253 2468 404 2502 Exaequare
417 2465 510 2493 videar
522 2464 670 2491 ambitione
686 2463 799 2498 quadam
812 2462 1055 2489 commendationes
1068 2470 1147 2489 meas.
1202 2461 1304 2488 Intelli-

253 2511 314 2538 gere
328 2501 587 2529 commendationem
599 2500 718 2526 maximo
733 2500 793 2526 vsui
808 2499 856 2525 esse
869 2498 919 2525 fibi
933 2499 990 2525 Cic.
1002 2499 1075 2525 Fam.
1090 2506 1127 2531 12,
1142 2502 1179 2528 28·

253 2540 325 2565 Fam.
340 2547 360 2570 1,
372 2545 390 2572 7
414 2538 511 2572 Magna
523 2536 559 2563 est
573 2536 713 2563 hominum
726 2535 822 2570 opinio
837 2535 869 2561 de
884 2540 925 2567 te,
945 2542 1039 2569 magna
1056 2533 1253 2560 commendatio
1271 2533 1305 2560 li-

253 2574 417 2604 beralitatis,
436 2581 531 2607 magna
542 2573 673 2599 memoria
687 2571 844 2598 Consulatus
863 2571 917 2601 tui,
939 2573 958 2597 i.
978 2569 1129 2596 commendat
1143 2576 1181 2601 te,
1201 2576 1225 2595 et
1237 2579 1305 2596 ama·-

253 2609 326 2637 bilem
343 2608 426 2635 reddit
443 2609 592 2634 liberalitas.
621 2634 626 2640 ,
670 2607 727 2633 Cic.
748 2616 798 2641 pro
818 2606 891 2633 Cael.
910 2608 928 2632 6
953 2615 975 2633 c.
995 2614 1007 2638 3
1033 2606 1109 2632 Meus
1130 2604 1175 2632 hic
1193 2605 1304 2638 forensis

254 2645 332 2672 labor
343 2644 468 2678 vitaeque
482 2643 553 2669 ratio
566 2642 714 2669 dimanauit
728 2643 760 2669 ad
774 2642 998 2669 existimationem
1011 2641 1151 2668 hominum
1165 2641 1256 2676 paullo
1269 2640 1305 2668 la-

1228 2497 1302 2524 Idem
1324 2501 1355 2533 65

255 2681 308 2709 tius
322 2679 553 2706 commendatione
572 2678 613 2712 (i.
633 2677 724 2712 laude)
743 2687 772 2704 ac
786 2678 888 2705 iudicio
901 2686 1023 2704 meorum
1043 2678 1181 2712 (clientum
1194 2687 1254 2713 quor
1265 2677 1304 2703 de·
1322 2688 1358 2717 70

249 2716 360 2754 feudi).
431 2715 550 2741 Honoris
565 2712 660 2748 petitio
673 2720 698 2739 et
711 2713 907 2741 commendatio
922 2713 995 2740 Idem
1010 2714 1082 2740 Fam.
1096 2715 1123 2746 6,
1136 2722 1158 2739 2.
1215 2714 1304 2740 Huius

256 2752 275 2780 fi
288 2752 360 2785 vita,
380 2750 398 2777 11
412 2759 518 2783 1110105,
538 2749 557 2776 11
576 2749 664 2775 vultus
684 2748 814 2784 denique,
832 2758 887 2776 non
900 2758 1008 2776 omnem
1021 2749 1124 2784 ingenii
1139 2749 1305 2775 commenda-

257 2789 359 2815 tionem
374 2792 505 2813 euerteret
518 2785 575 2813 Cic.
589 2784 622 2811 de
635 2784 706 2811 Clar.
717 2785 792 2811 Orat.
806 2790 857 2818 238.
912 2785 1094 2811 Liberalitatis
1107 2784 1305 2812 commendatio

256 2823 330 2851 Idem
345 2823 417 2849 Fam.
434 2831 459 2854 1,
476 2830 503 2857 7.
575 2820 725 2847 Oculorum
745 2821 974 2848 commendatione
994 2821 1091 2847 animis
1109 2820 1178 2848 tradi
1198 2821 1255 2848 Cic.
1273 2821 1306 2847 de

257 2860 333 2886 Orat.
349 2867 377 2891 2,
391 2865 437 2893 357
456 2867 477 2884 0.
491 2862 533 2892 87.
604 2857 747 2888 Accurata‚
773 2856 882 2888 Breuis,
907 2857 960 2883 vid.
979 2857 1020 2883 his
1039 2858 1109 2883 Iocis.

258 2894 332 2922 Idem
344 2895 417 2922 Fam.
431 2902 458 2926 1,
478 2902 500 2926 3.
573 2893 604 2919 Ee
618 2892 702 2919 Tusc.
715 2899 738 2925 5,
758 2900 801 2924 103
826 2891 912 2923 Vide,
929 2901 962 2918 ne
983 2892 1040 2926 plus
1060 2892 1257 2920 commendatio
1276 2893 1306 2919 in

258 2931 370 2965 vulgus,
389 2935 415 2956 et
428 2929 507 2962 haec,
528 2937 595 2964 quae
610 2928 742 2963 expetitur
761 2927 861 2962 gloria,
882 2927 1017 2954 molestiae
1031 2927 1144 2961 habeat,
1164 2937 1244 2964 quam
1258 2936 1304 2954 vo-

259 2966 375 3002 luptatis.
446 2965 543 2992 Oratio
556 2964 698 2999 probitatis
711 2963 955 2995 commendatione,
977 2963 1044 2990 boni
1057 2965 1110 2991 viri
1130 2964 1243 2999 speciem
1262 2965 1306 2991 de-

259 3002 305 3029 bet
321 3000 391 3028 tueri
406 3000 462 3027 Cic.
476 3000 508 3027 de
521 3001 595 3027 Orat.
610 3008 643 3032 2,
659 3008 709 3026 211.
780 2999 872 3026 Homo
890 3007 937 3033 per
956 2999 982 3025 se
1000 3001 1120 3033 cognitus
1140 3000 1215 3027 nulla
1234 3009 1304 3026 com-

259 3037 427 3065 mendatione
440 3036 575 3063 maiorum
590 3035 628 3062 Id.
643 3035 671 3061 in
683 3034 762 3062 Catil.
777 3043 796 3066 1,
810 3041 851 3065 28.

261 3073 346 3108 prima
365 3072 401 3099 cst
417 3071 591 3102 adolescenti,
608 3071 626 3097 fi
640 3080 693 3106 qua
714 3080 745 3098 ex
762 3070 867 3098 bellicis
883 3069 964 3097 rebus
982 3071 1229 3106 comparari-potest
1248 3073 1304 3099 Cic.

261 3108 314 3135 Off.
329 3117 354 3141 2,
370 3116 402 3141 45
426 3117 447 3134 c.
462 3116 496 3140 13.
574 3107 661 3134 Prima
673 3106 886 3139 commendatio,
906 3114 974 3142 quae
991 3115 1006 3132 a
1025 3112 1118 3133 natura
1136 3107 1220 3134 nostri
1235 3107 1305 3135 faeta

260 3142 314 3175 cst,
329 3143 407 3170 nobis
419 3144 519 3170 incerta
534 3148 560 3170 et
572 3142 685 3170 obscura
698 3142 735 3169 est
749 3142 788 3169 Id.
804 3142 837 3169 de
850 3143 909 3170 Fin.
922 3151 943 3176 5,
958 3150 988 3175 41
1006 3151 1028 3168 0.
1043 3150 1076 3175 15.
1132 3143 1220 3169 Prima
1234 3152 1304 3170 com-

262 3179 396 3206 mendatio
416 3179 593 3213 proficiscitur
611 3187 625 3205 a
646 3178 790 3211 modestia,
808 3184 866 3205 tum
883 3179 981 3213 pietate
998 3177 1027 3204 in
1046 3184 1182 3212 parentes,
1201 3185 1257 3205 tum
1276 3180 1306 3206 in

262 3215 323 3242 suos
337 3214 523 3241 beneuolentia
537 3215 592 3241 Cic.
604 3214 656 3241 Off.
670 3223 694 3247 2,
708 3217 745 3248 46
768 3223 790 3241 0.
807 3223 841 3247 13.

261 3259 307 3278 rus
320 3255 423 3280 autem,
455 3259 519 3277 unm
540 3250 568 3276 in
583 3250 670 3285 prima
689 3250 920 3277 commendatione
939 3249 1102 3284 voluptatem
1121 3249 1239 3283 dixisset,
1259 3259 1305 3278 etc.

263 3287 294 3313 Et
305 3285 388 3322 paullo
400 3291 431 3320 po
461 3304 468 3316 ,
486 3287 521 3312 Vt
533 3286 697 3320 voluptatem
709 3285 782 3312 illam
795 3285 924 3321 Aristippi
937 3285 966 3312 in
978 3285 1064 3321 prima
1076 3285 1306 3314 commendatione

262 3327 388 3357 poneret,
411 3323 429 3346 i.
447 3323 474 3346 in
485 3324 580 3381 1primis
599 3321 727 3355 laudaret,
748 3324 776 3348 in
790 3325 878 3357 prima
889 3320 960 3355 claffe
974 3322 1089 3348 bonorum
1098 3328 1210 3357 poneret.
1282 3324 1304 3350 A

262 3358 350 3393 prima
361 3364 483 3384 commen
503 3356 591 3384 atione
608 3363 717 3384 naturae
733 3357 866 3384 rationem
884 3357 982 3384 ducere
999 3357 1056 3384 Cic.
1070 3356 1102 3384 de
1115 3356 1173 3384 Fin.
1189 3365 1212 3389 5,
1226 3360 1262 3391 46
1281 3369 1303 3386 c.

265 3393 302 3428 17.
358 3390 481 3419 Arcessita
498 3393 694 3419 commendatio
702 3413 711 3425 ‚
735 3393 789 3420 vid.
809 3400 831 3421 Α
839 3400 858 3420 R
867 3399 884 3420 c
891 3400 908 3420 Ε
917 3400 930 3421 s
939 3400 952 3420 s
960 3400 989 3420 o.

263 3426 462 3463 mendationcm
480 3435 511 3452 ex
527 3426 628 3454 bellicis
642 3427 720 3455 rebus
734 3429 807 3456 Idem
819 3428 871 3456 off.
886 3437 912 3462 2,
926 3436 959 3461 45
979 3438 1000 3455 0.
1014 3437 1049 3461 13.
1120 3428 1221 3455 Ducere
1235 3438 1305 3457 com-

263 3463 460 3491 mendationem
472 3461 589 3489 ineuntis
601 3464 691 3490 aetatis
703 3463 736 3490 ab
750 3465 886 3499 impietate
899 3470 925 3491 et
938 3464 1034 3491 scelere
1049 3463 1106 3491 Cic.
1119 3472 1168 3499 pro
1181 3464 1268 3492 Deiot.
1280 3475 1304 3494 2.

265 3500 347 3534 Egere
360 3499 505 3534 gratiarum
518 3497 623 3536 afflone
636 3500 732 3533 magis,
749 3509 828 3535 quam
840 3499 1071 3528 commendatione
1084 3499 1122 3527 Id.
1136 3500 1208 3527 Fam.
1223 3509 1259 3533 12,
1268 3510 1304 3534 23.

265 3535 389 3562 Euertere
409 3533 668 3562 commendationem
687 3535 743 3561 Cic.
761 3536 790 3562 in
805 3536 879 3563 Brut.
892 3541 947 3569 238.
1014 3535 1122 3563 Habere
1140 3537 1304 3564 commenda-

265 3570 366 3597 tionem
380 3570 419 3597 Id.
434 3571 506 3597 Fam.
519 3576 547 3604 7,
561 3577 597 3602 ¹9·

265 3605 338 3631 Idem
356 3615 404 3640 pro
417 3606 502 3632 Plane.
516 3613 542 3637 31
564 3613 586 3631 0.
601 3612 625 3637 13
651 3605 710 3639 Ipso
729 3607 838 3633 nomine
855 3607 943 3642 patrio
961 3607 1060 3634 valeret
1078 3606 1148 3642 apud
1165 3606 1303 3635 clementes

265 3640 366 3667 iudices
385 3647 411 3668 ct
425 3639 625 3673 misericordes,
644 3640 758 3672 valeret,
778 3642 903 3676 inquam,
921 3643 1057 3670 communi
1075 3643 1148 3670 sensu
1167 3643 1303 3676 omnium,

264 3682 290 3701 et
303 3675 446 3703 dulciffima
458 3675 687 3703 commendatione
700 3682 816 3703 naturae.
886 3678 1023 3714 obrepere
1039 3678 1072 3706 ad
1084 3679 1199 3706 honores
1213 3686 1304 3706 errore

266 3711 406 3738 hominum
415 3731 424 3745 ,
441 3712 669 3739 commendatione
686 3711 848 3739 fumosarum
862 3713 1008 3748 imaginum
1021 3715 1076 3743 Cic.
1090 3716 1119 3742 in
1132 3714 1217 3741 Pison.
1230 3723 1249 3740 1.

301 3749 625 3779 COMMENDATOR,
643 3747 709 3787 ὃῐὶδς
727 3756 763 3773 ¹¹¹-
799 3747 939 3784 [owed-rm]
974 3751 1027 3786 Qu·
1038 3749 1190 3790 commendat
1200 3750 1303 3785 aliquem
1315 3752 1488 3779 [ooliba-um
1509 3757 1686 3778 commeatum
1700 3770 1709 3783 ,
1735 3749 1764 3777 id
1782 3749 1819 3776 est
1838 3750 1989 3784 vbieunque
2007 3749 2092 3776 velint
2109 3750 2232 3777 morandi
2252 3758 2281 3777 ar
2300 3748 2402 3788 11111ῃρ

262 3782 354 3812 alteri,
370 3784 411 3808 ve!
422 3782 516 3810 laudae.
559 3783 654 3818 Neque
668 3792 739 3809 emm
752 3783 876 3818 cuiquam
887 3789 941 3810 tam
954 3785 1055 3814 clarum
1067 3786 1154 3813 statim
1167 3785 1305 3819 ingenium

265 3816 316 3850 011,
335 3823 365 3843 vt
378 3817 450 3852 poffit
463 3827 613 3853 emergere,
629 3818 677 3846 nifi
691 3818 732 3845 illi
745 3819 871 3851 materia,
887 3820 1002 3851 occafi0,
1023 3821 1122 3854 fautor,
1140 3822 1221 3848 etiam
1234 3829 1306 3847 com-

264 3852 455 3887 mendatorque
469 3855 603 3888 contingat
618 3854 683 3881 Plin.
696 3855 742 3888 Ep.
757 3856 784 3887 6,
795 3862 824 3887 23
837 3854 887 3890 fin.
946 3856 1056 3884 Vtuntur
1068 3860 1144 3884 etiam
1159 3855 1304 3889 symmach.

263 3888 342 3922 Epist.
358 3897 378 3921 1,
391 3897 437 3922 40.
492 3890 522 3915 Ee
534 3889 638 3924 Vopisc.
653 3890 682 3916 in
696 3889 774 3916 Prob.
795 3898 817 3916 c.
833 3898 857 3916 2.

298 3930 374 3951 coM
384 3931 408 3950 M
418 3930 435 3950 ε
446 3929 468 3950 Ν
480 3924 555 3954 υᾹτ
564 3931 582 3950 R
595 3932 633 3952 ix
642 3945 651 3958 ,
671 3925 728 3952 icis.
762 3925 783 3953 f.
820 3924 976 3961 [eurique]
1012 3926 1069 3955 Cic.
1084 3926 1117 3954 de
1130 3926 1224 3963 Legib.
1238 3936 1259 3961 1,
1272 3932 1300 3962 58
1317 3935 1360 3962 ¹05
1373 3928 1470 3956 Natur.
1478 3937 1492 3962 3
1505 3929 1612 3966 subfin.

1182 2856 1306 2891 Vulgaris
1323 2870 1356 2898 75

923 3033 963 3061 Ad
976 3034 1089 3069 gloriam
1108 3036 1305 3063 commendatio
1325 3043 1357 3069 80
1373 3037 1514 3064 transtinet
1533 3043 1603 3064 trans
1621 3035 1765 3071 parietem,
1789 3038 1809 3062 i.
1824 3039 1956 3070 pertinet,
1974 3037 2016 3063 vel
2031 3039 2150 3064 continet.

651 3569 788 3598 Renouare
802 3571 1059 3598 commendationem
1073 3572 1130 3599 Cic.
1143 3571 1214 3598 Fam.
1227 3579 1254 3606 7,
1268 3581 1304 3605 19.
1319 3588 1352 3614 93
1373 3573 1435 3600 dare
1449 3574 1536 3605 exuli,
1557 3573 1605 3600 nisi
1620 3573 1767 3607 imperator
1777 3580 1809 3598 ex
1820 3571 1911 3607 aliqua
1923 3573 2006 3599 causa.

1757 124 1792 165 c
1871 125 1908 165 o
1978 126 2034 166 ‚M
2307 138 2417 188 1043»

1364 225 1386 242 0.
1402 223 1429 241 22
1449 213 1497 241 Sed
1512 214 1633 249 profe6m
1648 214 1686 242 ita
1704 215 1730 242 se
1743 223 1784 242 res
1798 214 1893 247 habet,
1913 219 1942 241 vt
1960 214 2087 249 quoniam
2099 218 2228 246 vitiorum
2248 221 2399 252 emendatri-
2422 248 2425 250 ,

1365 260 1423 277 00111
1438 250 1523 284 legem
1538 251 1586 276 effe
1599 258 1713 285 oportet,
1733 251 2036 285 commendatricemque
2049 252 2191 286 virtutum,
2207 256 2240 282 ab
2252 265 2282 283 ea
2293 257 2401 288 viuendi

1367 286 1490 313 doctrina
1523 285 1641 312 ducatur.
1713 288 1778 314 Plin.
1788 287 1866 322 Epist.
1881 292 1905 319 8,
1920 295 1963 318 20,
1978 294 1993 312 2
2014 287 2089 319 Quae
2103 287 2120 313 fi
2135 290 2229 318 tulisset
2248 306 2292 311 —
2315 293 2402 323 Africa

1366 337 1411 341 —-
1441 321 1631 348 miraculorum
1646 321 1720 348 ferax
1733 322 1995 356 commendatrixque
2008 327 2087 348 terra.
2401 341 2403 344 »

1403 363 1420 383 c
1433 364 1452 384 o
1461 364 1485 383 M
1492 364 1519 384 M
1529 364 1545 383 E
1554 364 1575 383 N
1584 363 1602 383 D
1611 363 1634 383 A
1642 363 1663 383 T
1672 363 1681 383 1
1691 362 1708 383 c
1716 364 1726 382 1
1734 365 1755 384 v
1765 366 1788 391 s,
1796 367 1820 391 a,
1828 368 1881 384 um.
1896 358 1956 384 Adi.
1971 357 2134 392 [συςριτικόε]
2157 359 2201 391 Vt,
2209 360 2401 393 Commendati-

1366 393 1422 420 ciae
1445 393 1552 423 literae,
1577 395 1604 418 in
1625 392 1711 428 quibus
1731 394 1822 429 aliquis
1844 393 2026 420 commendatur
2046 393 2102 419 Cic.
2116 394 2192 420 Verr.
2205 404 2238 428 4,
2259 402 2302 429 148
2330 407 2351 424 c.
2370 394 2402 428 66
2442 391 2445 407 ³

1367 429 1447 464 Qiod
1461 429 1509 455 vbi
1524 427 1661 459 intellexi,
1678 428 1791 454 multum
1805 430 1873 463 apud
1886 430 1962 456 illum
1975 435 2091 455 recentes
2104 429 2228 462 nuntios,
2246 432 2357 460 multum
2368 440 2402 462 ta.

1370 465 1445 492 bulas
1461 474 1516 491 non
1534 463 1781 495 commendaticias,
1802 465 1845 490 sed
1861 465 2013 492 tributarias
2032 464 2159 491 valuisse:
2189 465 2342 501 admonitu,
2360 477 2403 498 etc.

1367 501 1440 528 Idem
1457 502 1528 527 Fam.
1544 507 1566 533 5,
1581 507 1594 531 5
1608 506 1652 535 pr.
1679 500 1709 525 Et
1723 499 1740 526 fi
1754 499 1906 531 statueram,
1924 501 2009 527 nullas
2027 500 2059 527 ad
2079 507 2104 526 te
2120 500 2209 526 literas
2224 502 2343 536 mittere,
2357 505 2402 533 nifi

1369 536 1617 567 commendaticias,
1637 543 1692 561 non
1707 544 1761 570 quo
1775 543 1816 561 eas
1834 535 2022 570 intelligerem,
2044 536 2104 563 satis
2123 535 2192 570 apud
2204 542 2230 562 te
2243 537 2344 572 valere,
2361 548 2404 568 etr.
2439 539 2456 574 i:

1368 573 1470 599 Literas
1490 570 1722 600 commendaticias
1741 571 1822 597 alicui
1842 571 1949 598 mittere
1969 572 2058 599 Labeo
2078 573 2107 598 in
2122 571 2139 598 l.
2153 571 2254 598 vltima.
2277 573 2308 600 D.
2325 575 2356 602 de
2367 585 2403 605 ac.

1367 609 1437 643 quir.
1452 617 1503 633 rer.
1518 607 1589 633 dom.

1403 649 1483 669 coM
1497 649 1521 668 M
1533 639 1766 673 ENDABims,
1792 651 1815 668 e.
1852 640 1913 667 Adi.
1950 642 2089 677 [atvertus]

1367 678 1508 709 mandetur,
1528 677 1651 704 laudetur.
1713 677 1819 704 Colum.
1833 685 1857 711 5,
1870 680 1886 703 6
1906 677 1954 703 Sed
1966 683 1996 704 vt
2008 678 2115 705 densum
2134 678 2269 705 arbustum
2280 688 2405 711 commen.
2428 678 2444 707 ἑ.’

1368 713 1456 740 dabile
1471 713 1561 740 fruCtn
1575 719 1600 739 et
1614 713 1708 739 decore
1726 713 1762 739 est
1770 733 1778 745 ,
1799 712 1832 739 fic
1846 712 1909 745 vbi,
1929 719 1974 739 etc.
2046 714 2107 740 Liu.
2128 723 2163 747 42
2172 734 2180 746 ‚
2199 722 2211 747 5
2237 714 2322 742 Nullo
2338 726 2404 749 com.
2430 710 2443 727 ''

1368 749 1528 776 mendabilis
1541 750 1648 775 merito.

1368 785 1449 812 culae.
1520 786 1597 819 Qiae
1618 784 1843 811 commendabilia
1868 784 1936 819 apud
1958 784 2114 811 Africanum
2136 792 2210 812 erant
2237 786 2296 812 Liu.
2317 795 2362 823 37,
2378 796 2405 826 7,
2440 792 2441 802 ³

1368 821 1662 849 Commendabiliorem
1683 820 1784 847 iniuria
1804 820 1959 855 patientiam
1978 820 2043 846 facit
2064 821 2160 847 Nazar.
2176 822 2268 856 Paneg.
2282 822 2339 850 Con
2364 814 2367 823 ¹
2429 819 2441 843 ss,

1369 867 1391 884 c.
1412 867 1421 884 1
1430 866 1454 884 2.
1528 856 1602 893 Conf.
1622 855 1711 883 Treb.
1731 856 1795 883 Poll.
1817 855 1849 882 de
1863 856 1944 891 Trig.
1959 856 2082 888 Tyrann.
2104 865 2126 882 c.
2143 859 2179 883 16.
2251 857 2360 886 Saluian.
2375 859 2406 894 de
2428 856 2446 888 Τ

1367 894 1470 921 Auarit.
1485 902 1494 919 1
1521 902 1545 927 p.
1561 898 1583 923 8.
2387 906 2399 930 ,ς
2424 894 2426 897 ’

1369 965 1407 992 115
1419 973 1474 991 11011
1486 964 1722 991 commendatoriis
1735 963 1839 996 minus,
1857 972 1936 998 quam
1949 963 2089 990 refusoriis
2103 972 2157 990 iam
2171 963 2286 999 placatus

1407 1006 1685 1032 εοΜΜΕΝενε,
1720 999 1774 1026 md.
1803 1006 1886 1026 coM
1900 1005 2067 1026 METIOR.

1404 1041 1800 1068 COMMENTACVLVM,
1835 1035 1888 1061 vid.
1910 1040 2274 1062 COMMOTACVLVM.

1405 1077 1651 1099 COMMENTIC
1664 1077 1744 1104 IVS,
1764 1077 2041 1104 COMMENTOR,
2059 1076 2337 1104 COMMENTVM,

1369 1113 1665 1136 COMMINISCOR.
2191 1116 2194 1117 ⁷

1405 936 1421 956 c
1430 936 1449 956 o
1460 935 1486 955 M
1499 935 1523 955 M
1535 935 1551 955 E
1561 935 1583 955 N
1593 935 1611 955 D
1621 935 1643 955 A
1653 934 1674 954 T
1684 934 1703 954 0
1711 933 1781 955 R1v
1791 935 1815 960 s,
1822 936 1846 960 a,
1854 936 1908 954 um.
1916 927 1977 954 Adi.
1992 926 2083 954 Sidon.
2093 927 2206 968 Epist.9,
2215 937 2242 954 10
2263 923 2362 993 Quem}
2365 929 2407 1044 3*
2433 943 2436 949 ν
2460 932 2463 941 ’

2423 611 2432 618 Γ
2467 591 2474 607 3

2135 644 2247 678 Dignum
2264 644 2328 679 quod
2345 655 2404 675 com·
2442 638 2445 666 Ῑ
2467 634 2470 642 .

1719 749 1808 775 Valer.
1822 750 1892 775 Max.
1909 757 1935 781 9,
1949 757 1967 780 1,
1982 757 1998 775 2
2021 749 2106 775 Cantu
2122 750 2343 778 commendabiles
2354 754 2404 782 aui..
2427 758 2442 787 ,ι
2471 744 2474 749 “

2401 1058 2408 1071 J'

2357 1081 2374 1100 υ

1405 1150 1422 1171 c
1432 1150 1451 1171 ο
1460 1150 1484 1169 Μ
1495 1150 1518 1170 Μ
1530 1150 1546 1170 E
1556 1150 1578 1169 N
1589 1149 1610 1169 T
1623 1149 1689 1170 10R
1699 1162 1707 1174 ‚
1729 1142 1775 1168 iri.
1815 1143 1871 1169 Vna
1884 1144 1996 1168 mentiri.
2032 1142 2147 1176 Lignum
2161 1150 2175 1168 a
2189 1151 2232 1169 me
2245 1147 2304 1169 toto
2315 1050 2411 1215 01111Ῑὲ
2424 1130 2440 1172 i
2469 1130 2471 1135 ¹

1370 1179 1514 1221 quacfitum
1529 1199 1538 1212 ,
1570 1186 1626 1205 non
1651 1177 1739 1213 piguit
1762 1187 1810 1204 vos
1834 1179 2006 1205 commentiri
2032 1178 2111 1213 Apul.
2131 1178 2209 1213 Apol.
2240 1187 2265 1213 p.
2286 1187 2350 1213 3¹4·
2401 1183 2406 1187 ’
2432 1192 2433 1198 1

1368 1223 1392 1242 ω
1407 1217 1444 1278 ἓν
1437 1225 1488 1277 (116114
1498 1221 1600 1283 11113701,
1617 1253 1670 1276 are.
1708 1247 1889 1284 [μετκὲαίγω]
1925 1250 1962 1276 Ex
1977 1250 2036 1276 Con
2055 1256 2078 1275 ct
2091 1249 2174 1282 Meo,
2192 1258 2278 1283 meas,
2299 1259 2352 1277 com
2372 1226 2409 1288 ,ι

1365 1293 1427 1320 tum,
1435 1285 1568 1320 estAnimo
1581 1284 1700 1313 redeundi
1706 1285 1784 1317 abire,
1796 1285 1864 1311 abire
1870 1292 1894 1311 et
1900 1285 1991 1318 redire,
1999 1286 2153 1320 frequenter
2160 1286 2210 1318 ire,
2217 1292 2263 1312 etc.
2309 1256 2413 1323 Cogita:

2434 1194 2474 1207 ¹'i

2436 1213 2466 1223 1,

2462 1249 2471 1257 ψ

2436 1278 2451 1288 l.

1370 1331 1391 1354 1,
1405 1332 1417 1355 3
1438 1323 1555 1349 Multum
1568 1322 1691 1349 conferre
1706 1321 1775 1355 agris
1790 1321 1842 1347 iter
1855 1321 2026 1348 commodum
2039 1332 2044 1347 z
2071 1322 2205 1362 primum,
2225 1321 2299 1357 quod
2312 1322 2347 1349 est
2378 1353 2383 1355 ,
2418 1351 2423 1356 ,
2451 1347 2454 1350 .

1367 1358 1489 1392 ximum,
1512 1359 1594 1393 ipsam
1614 1357 1787 1392 praesentiam
1802 1357 1924 1383 domini:
1956 1357 2004 1392 qui
2020 1357 2148 1384 libentius
2167 1362 2359 1385 commeaturus

1368 1394 1386 1420 fi
1401 1395 1572 1422 vexationem
1585 1394 1646 1420 viae
1660 1401 1714 1419 non
1727 1392 1895 1420 reformidet.

2032 1430 2080 1455 Vbi
2094 1430 2226 1461 Donatus,
2245 1429 2409 1467 Commeat-g,

2026 1465 2184 1492 Commeare
2207 1465 2325 1493 dicuntur
2341 1469 2410 1501 auen

2002 1501 2068 1527 Plin.
2092 1510 2136 1534 10,
2155 1509 2182 1533 23
2208 1501 2297 1528 Simili
2315 1501 2409 1531 ansere·

1984 1537 2076 1571 Tacit.
2093 1538 2165 1563 Ann.'
2177 1546 2203 1570 1,
2216 1539 2262 1570 46,
2276 1546 2288 1570 3
2308 1538 2348 1564 Δ11
2358 1537 2408 1566 Au-

1369 1574 1473 1607 gustum
1486 1574 1548 1600 fessa
1563 1578 1648 1600 aetate
1663 1572 1742 1599 toties
1756 1573 1785 1598 in
1800 1572 1956 1599 Germanias
1969 1581 2118 1600 commeare
2138 1573 2250 1608 potuifl'e
2264 1574 2274 1600 3

1369 1466 1405 1493 est
1425 1466 1516 1493 Abeffe
1537 1466 1616 1497 inde,
1637 1465 1686 1491 vbi
1707 1470 1733 1491 te
1758 1465 1806 1491 esse
1825 1471 1955 1499 oporteat.

1367 1502 1541 1538 anniuersario
1561 1501 1668 1528 aduentu
1687 1499 1834 1537 dtstt’ffitque
1848 1508 1930 1528 notae.

1369 1547 1477 1573 quoque
1491 1544 1516 1564 et
1530 1537 1618 1564 olores
1637 1537 1742 1564 ratione
1755 1543 1913 1565 commeant.

1369 1654 1519 1672 commeare
1533 1647 1640 1680 possent.
1712 1643 1754 1671 Ab
1772 1649 1834 1670 ortu
1852 1644 1885 1671 ad
1903 1645 2023 1671 occasum
2038 1651 2170 1672 commeat
2184 1645 2223 1671 sol
2238 1645 2294 1672 Cic.
2307 1643 2338 1672 de
2349 1645 2405 1677 Nat.

1369 1681 1450 1707 Deor.
1464 1689 1490 1713 2,
1504 1689 1549 1714 49.
1618 1679 1693 1706 Idem
1706 1681 1784 1707 Verr.
1798 1687 1822 1713 ς,
1833 1688 1867 1713 45
1885 1680 1932 1707 Te
1945 1680 2020 1707 illam
2032 1689 2127 1707 nauem
2139 1690 2247 1716 parare,
2266 1689 2407 1718 0113011130-

1370 1716 1431 1742 dam
1444 1724 1477 1742 ex
1492 1715 1582 1742 Sicilia
1596 1715 1764 1749 deportaret,
1784 1722 1811 1742 et
1824 1725 1891 1750 quae
1906 1716 1939 1742 ad
1952 1725 1982 1742 ea
1995 1716 2082 1749 furta,
2097 1726 2165 1752 quae
2176 1717 2409 1752 reliquiffes,<cont·.

1370 1757 1480 1778 mearet.
1537 1750 1642 1786 leian.
1658 1750 1676 1777 1.
1692 1758 1702 1776 1
1723 1749 1862 1786 §.summa
1891 1751 1924 1777 D.
1942 1751 1975 1778 de
1987 1751 2037 1784 his,
2055 1753 2104 1787 qui
2116 1753 2270 1781 deiecerunt
2280 1753 2323 1781 vel
2335 1751 2410 1786 effid-
2428 1769 2430 1776 ι

1367 1822 1488 1857 vndique
1505 1831 1566 1848 cum
1590 1821 1723 1848 mercibus
1738 1828 1817 1856 atque
1833 1821 1962 1848 oneribus
1975 1823 2072 1849 Delum
2087 1824 2272 1852 commeabant
2294 1825 2350 1852 Cic.
2363 1832 2411 1860 pro
2422 1836 2428 1846 ¹

1371 1859 1441 1892 Lege
1453 1857 1547 1884 Manil.
1562 1865 1589 1890 55
1608 1866 1630 1883 c.
1645 1862 1678 1886 18-
1749 1856 1815 1883 Plin.
1830 1857 1908 1891 Epist.
1925 1866 1947 1890 2,
1961 1865 1978 1893 7
2005 1858 2062 1885 Erit
2081 1867 2145 1894 ergo
2163 1866 2315 1895 pergratum
2335 1859 2413 1894 mihi,

1372 1893 1439 1920 hanc
1455 1891 1571 1927 effigiem
1589 1891 1700 1919 subinde
1716 1892 1831 1924 intueri,
1854 1892 1964 1919 subinde
1980 1894 2126 1929 respicere,
2147 1894 2195 1922 sub
2207 1895 2255 1923 hac
2267 1896 2414 1929 continere.

1370 1935 1475 1964 praeter
1489 1929 1555 1956 hanc
1569 1936 1729 1954 commeare.
1800 1927 1883 1954 Plaut.
1896 1928 1971 1962 Capt.
1986 1938 2007 1961 1,
2021 1938 2047 1962 2,
2062 1935 2090 1960 82
2111 1931 2183 1958 Nam
2195 1940 2269 1958 meus
2281 1931 2416 1966 scrupulo·

1371 1966 1424 1992 sam
1437 1964 1524 1992 vidius
1544 1970 1675 1991 commeat
1689 1960 1778 1995 iiiam,
1824 1966 1842 1989 i.
1878 1963 2030 1999 asperrimus
2048 1964 2082 1998 est*
2099 1965 2185 1993 vibius
2201 1977 2275 1994 meus.
2327 1969 2416 2004 Itaque

1369 2000 1500 2038 respondet
1515 2001 1593 2032 alter,
1610 2000 1679 2026 Cum
1693 1998 1812 2025 calceatis
1826 1999 1950 2025 dentibus
1962 2000 2069 2027 veniam
2080 2007 2176 2028 tamen.
2234 2003 2264 2030 L.
2278 2010 2313 2037 27
2337 2003 2365 2029 ff.
2383 2001 2416 2030 de

1371 2038 1402 2064 L.
1416 2038 1493 2064 Com.
1512 2036 1544 2063 de
1559 2035 1644 2068 salfis,
1666 2035 1723 2069 Qui
1740 2035 1807 2061 falso
1829 2034 1976 2070 diplomate
1993 2035 2051 2062 vias
2075 2037 2250 2071 commeauit,
2268 2037 2415 2072 grauissime

1370 2072 1529 2108 puniendus.
1601 2071 1680 2099 Vltro
1699 2071 1823 2106 citroque
1842 2079 1992 2098 commeare
2009 2071 2070 2098 Liu.
2083 2079 2128 2105 25,
2145 2080 2187 2104 3ο.
2257 2074 2412 2103 Commeat:
2430 2084 2433 2108 1

1370 2109 1478 2143 absolute
1488 2111 1612 2143 ponitur,
1627 2114 1679 2142 pro
1691 2116 1822 2134 excurrere
1846 2107 1962 2133 alutandi
1979 2108 2020 2134 vel
2030 2110 2111 2134 animi
2121 2108 2210 2144 ιαμβι,
2230 2108 2248 2135 1.
2261 2116 2297 2135 20
2320 2107 2344 2146 §.
2355 2116 2383 2143 ςΔ
2424 2100 2427 2110 ’

1370 2142 1403 2168 de
1419 2142 1549 2168 111111υᾶ0
1561 2148 1588 2168 et
1603 2143 1722 2168 instrum.
1733 2142 1784 2176 leg.
1803 2143 1815 2168 1
1835 2151 1877 2168 em
1891 2142 2003 2177 quaefiit
2031 2158 2078 2163 —
2105 2152 2139 2170 an
2151 2152 2182 2170 ea
2193 2143 2335 2179 mancipia,
2349 2151 2391 2181 qs
2407 2140 2410 2151 ¹

1370 2176 1423 2203 fine
1437 2177 1595 2211 cuiusquam
1607 2176 1769 2203 30810111310
1782 2178 1875 2212 sponte
1892 2179 1937 2205 sua
1949 2178 1982 2205 ad
1995 2184 2115 2214 parentes
2129 2184 2155 2206 et
2167 2185 2246 2207 notos
2265 2180 2316 2207 fibi
2330 2179 2363 2209 b».

1370 2221 1416 2240 nes
1430 2212 1460 2239 in
1471 2212 1568 2239 fundos
1583 2212 1682 2247 legatos
1695 2212 1845 2245 transiere,
1854 2213 1943 2248 legato
1956 2214 2049 2241 cedant
2061 2215 2070 2241 Ξ
2106 2215 2262 2251 Respondit,
2278 2213 2344 2243 non*

1370 2255 1412 2276 tos
1426 2257 1487 2281 eos,
1505 2249 1553 2283 qui
1565 2248 1637 2275 sorte
1650 2248 1736 2275 veluti
1750 2255 1927 2276 commeantes
1940 2249 2093 2277 tranfiffent.
2268 2249 2290 2289 q
2311 2260 2329 2278 2
2346 2255 2351 2260 '
2431 2241 2434 2275 f

1369 2284 1467 2312 hibetur
1492 2288 1567 2311 etiam
1599 2284 1629 2311 de
1662 2294 1711 2311 non
1731 2300 1741 2305 -
1752 2284 1870 2320 perlbm‘s
1888 2295 2016 2322 earumque
2035 2286 2223 2314 mutationibus.
2298 2287 2354 2316 Cic.
2413 2307 2415 2310 ⁴
2432 2281 2433 2288 ¹

1370 2320 1465 2347 Natur.
1480 2320 1560 2347 Deor.
1582 2328 1611 2352 3,
1630 2329 1655 2353 31
1682 2329 1704 2346 0.
1719 2329 1747 2347 12
1772 2321 1840 2347 Cum
1858 2326 1929 2348 terra
1949 2321 1979 2348 in
1991 2330 2086 2357 aquam
2103 2323 2129 2349 se
2142 2323 2242 2356 vertit,
2260 2329 2286 2351 et
2305 2331 2365 2350 011111
2415 2347 2417 2350 .

1371 2365 1440 2390 aqua
1452 2357 1540 2383 oritur
1553 2357 1615 2390 301,
1633 2361 1660 2382 01
1673 2365 1734 2382 011111
1747 2365 1779 2383 ex
1793 2358 1854 2382 ae're
1865 2356 1973 2390 aether,
1988 2367 2048 2384 cum
2068 2367 2101 2384 ue
2113 2359 2205 2386 eadem
2219 2359 2330 2387 vicissim
2341 2365 2382 2390 r-*1
2401 2354 2419 2405 j

1372 2397 1530 2419 commeant.
1601 2391 1675 2418 Idem
1687 2392 1741 2418 Att.
1753 2396 1777 2424 8,
1790 2400 1808 2424 9
1828 2392 1932 2430 Crebro
1950 2393 2023 2420 enim
2043 2393 2117 2421 ilius
2136 2394 2231 2422 literae
2249 2395 2284 2422 ab
2305 2394 2365 2424 aliis
2382 2391 2389 2401 ξ’
2406 2393 2408 2411 ²

1371 2434 1420 2453 nos
1432 2432 1589 2453 commeant.
1643 2426 1688 2454 Ad
1700 2428 1762 2454 alios
1778 2425 1876 2460 mistae,
1895 2428 1926 2454 ab
1938 2427 1980 2454 bis
1991 2428 2052 2464 ipfis
2063 2429 2098 2455 ad
2109 2439 2154 2456 nos
2172 2433 2317 2459 mittuntur.
2364 2433 2404 2453 ⁸⁷⁵*

1372 2471 1421 2497 pro
1435 2462 1508 2489 Cael.
1522 2466 1550 2494 38
1572 2463 1649 2495 Qae
1663 2461 1771 2489 haberet
1784 2462 1870 2497 palam
1884 2462 2019 2490 decretum
2031 2464 2134 2498 semper
2146 2465 2280 2501 aliquem,
2299 2466 2374 2494 cuius
2388 2472 2392 2473 ⁷
2404 2471 2407 2473 '

1373 2499 1482 2531 hortos,
1503 2497 1629 2530 domum,
1654 2497 1745 2529 Baias,
1769 2499 1830 2524 iure
1853 2499 1900 2525 suo
1920 2499 2060 2526 Libidines
2081 2500 2204 2528 omnium
2224 2494 2427 2530 commearem?

1372 2534 1464 2561 Tacit.
1474 2534 1542 2560 Anti.
1554 2541 1580 2566 2,
1594 2538 1625 2563 28
1644 2533 1740 2560 Caesar
1753 2532 1883 2560 iudicium
1894 2534 1966 2561 haud
1976 2536 2141 2569 aspernatus,
2153 2537 2300 2571 congressus
2312 2536 2427 2574 abnuim

1371 2571 1441 2605 pofi'e
1453 2570 1526 2596 enim
1544 2569 1639 2596 eodem
1651 2568 1744 2596 Flacco
1764 2568 1929 2596 internuntio
1941 2570 2078 2598 Sermones
2087 2580 2253 2600 commeare.
2324 2571 2422 2607 Pqffiua«

2448 1364 2454 1374 .

1965 1393 2035 1420 Ter.
2049 1394 2113 1420 Hec.
2131 1401 2150 1424 1,
2164 1401 2190 1426 2,
2205 1401 2253 1420 100
2272 1394 2326 1420 Rus
2340 1388 2408 1432 abdi,
2436 1391 2437 1394 ’
2450 1400 2451 1404 ’

484 1612 588 1637 Lucret.
603 1618 626 1643 5,
640 1616 686 1643 859
713 1611 851 1645 Multaque
870 1611 945 1642 sunt,
965 1610 1045 1636 nobis
1066 1619 1098 1636 ex
1116 1610 1232 1637 vtilitate
1246 1611 1300 1643 sua,
1312 1618 1350 1644 40
1369 1609 1434 1636 Bell.
1448 1609 1517 1636 Gall.
1531 1617 1558 1644 7,
1572 1611 1602 1642 36
1623 1609 1658 1636 Vt
1676 1614 1736 1635 tuto
1756 1607 1789 1635 ab
1808 1609 1947 1643 repentino
1966 1608 2082 1635 hostium
2098 1609 2205 1637 incursu
2225 1609 2305 1638 etiam
2323 1573 2409 1646 116ῃὲ111ιῷ

1373 2606 1529 2633 Commeari
1548 2605 1609 2640 le.
1622 2605 1653 2631 in
1670 2604 1688 2631 1.
1702 2612 1712 2631 1
1742 2605 1774 2631 D.
1795 2603 1827 2630 de
1841 2604 1899 2638 his,
1918 2605 1967 2640 qui
1980 2605 2064 2633 deiec.
2076 2606 2119 2633 vel
2132 2607 2211 2636 effud.
2235 2606 2260 2645 §.
2274 2616 2285 2636 1
2306 2608 2414 2641 Publi*
2432 2642 2443 2652 ›.

1373 2642 1446 2668 enim
1458 2642 1526 2668 vtile
1539 2640 1592 2674 est,
1612 2640 1665 2667 fine
1678 2645 1751 2667 metu
1765 2647 1791 2668 et
1803 2640 1923 2675 periculo
1937 2650 1985 2676 per
1998 2641 2096 2669 itinera
2107 2644 2262 2670 commeari.
2429 2669 2433 2675 ,

1413 2683 1430 2704 C
1441 2684 1494 2705 OM
1504 2684 1528 2703 M
1538 2683 1656 2709 EANs,
1681 2676 1758 2704 antis.
1793 2676 1888 2704 Partic.
1924 2677 2045 2705 Planetae
2064 2678 2168 2705 hisdem
2187 2679 2251 2706 solis
2267 2678 2434 2719 rationibtaiy

1375 2719 1552 2740 commeantes
1565 2713 1645 2740 Mart.
1659 2712 1760 2747 capell.
1775 2716 1789 2742 8
1809 2721 1834 2747 p.
1849 2718 1904 2748 287.
1976 2713 2072 2741 Pallad.
2087 2723 2108 2747 3,
2121 2722 2164 2747 39,
2180 2723 2191 2742 1
2218 2716 2428 2747 Commeasmetu

1373 2758 1492 2777 remeans
1505 2757 1624 2776 examen.
1694 2749 1751 2775 Cic.
1767 2747 1799 2774 de
1813 2749 1910 2776 Natur.
1923 2749 2004 2776 Deor.
2020 2758 2040 2783 1,
2053 2757 2085 2785 37
2105 2759 2126 2776 c.
2141 2759 2164 2777 11
2183 2751 2354 2786 Pythagoras,
2364 2750 2426 2786 111111

1374 2786 1490 2818 censuit,
1511 2787 1591 2812 Deum
1603 2784 1724 2811 animum
1737 2785 1786 2811 esse
1802 2793 1848 2819 per
1863 2790 1986 2812 naturam
1998 2794 2088 2812 rerum
2105 2786 2229 2814 omnium
2242 2787 2411 2816 intentum-<ct
2427 2811 2431 2819 ,

1376 2827 1586 2853 commeantem,
1604 2829 1636 2848 ex
1650 2829 1706 2856 quo
1719 2819 1804 2847 nostri
1814 2821 1899 2847 animi
1913 2826 2098 2856 carperentur,
2115 2829 2161 2850 etc.
2330 2819 2333 2823 ”
2380 2840 2393 2853 η

1413 2858 1689 2890 εοΜΜΕᾹΤνε,
1713 2854 1751 2883 fis.
1788 2865 1825 2883 m.
1861 2858 1946 2884 Primo
1965 2855 1999 2890 est
2017 2857 2155 2891 tranjirus,
2172 2858 2198 2895 fi
2217 2859 2284 2886 lom
2302 2865 2358 2895 aper
2432 2865 2434 2869 ’

1374 2897 1417 2930 qui
1435 2893 1479 2920 dat
1491 2893 1645 2929 facultatem
1664 2891 1818 2929 transeundi.
1873 2893 1956 2920 Plaut.
1975 2892 2056 2920 Stich.
2073 2902 2102 2926 3,
2122 2902 2148 2925 1,
2162 2903 2200 2928 44
2226 2894 2269 2921 Est
2282 2895 2334 2923 etia
2350 2908 2353 2918 ι
2376 2893 2402 2901 ”’

1373 2929 1446 2956 aliud
1474 2929 1588 2961 ostium,
1624 2928 1699 2955 aliud
1723 2927 1853 2963 posticum
1888 2943 1943 2950 —
1977 2929 2014 2955 Ea
2052 2928 2100 2955 ibo
2136 2931 2308 2965 opsonatum,
2331 2947 2341 2953 ν
2360 2945 2362 2948 <
2387 2928 2393 2936 ¹
2423 2916 2426 2937 ¹

1373 2966 1489 2992 reseram
1503 2965 1644 3000 opsonium
1656 2972 1704 2999 per
1715 2963 1838 2991 hortum:
1864 2970 1979 3000 vti-oque
1993 2971 2155 2992 commeatus
2168 2966 2304 3000 continet,
2328 2968 2348 2994 ι’.
2398 2975 2402 2977 ·
2422 2990 2425 3006 Δ

1372 3004 1457 3029 tinnis
1470 2999 1519 3034 est,
1539 3001 1660 3028 cohaeret.
1715 3001 1757 3028 Sic
1769 2999 1829 3026 Mil.
1837 3007 1864 3032 2,
1872 3007 1896 3033 5,
1909 3005 1938 3033 58
1957 3000 2049 3027 Nimis
2068 3000 2146 3034 beat,
2166 3001 2344 3064 quodbcornm

2219 3038 2231 3064 1
2252 3037 2289 3065 id.
2301 3046 2328 3071 2,
2340 3046 2366 3070 1,
2382 3042 2384 3044 ’

1372 3074 1404 3100 111
1417 3082 1450 3100 00
1463 3072 1585 3099 0011013111
1599 3081 1649 3107 ego
1661 3071 1766 3107 perfodi
1779 3072 1906 3106 parietem
1916 3091 1924 3104 ,
1945 3072 2005 3106 Qia
2018 3079 2179 3100 commeatus
2197 3074 2257 3100 effet
2275 3073 2337 3101 hinc
2362 3084 2371 3091 ·¹
2404 3063 2425 3113 s

1373 3109 1491 3136 mulieri.
1548 3109 1579 3135 Et
1592 3109 1621 3134 in
1634 3108 1744 3142 Argum.
1764 3106 1888 3134 Medium
1899 3108 2028 3143 parietem
2041 3109 2160 3143 perfodit
2173 3109 2272 3143 seruus,
2288 3118 2346 3136 eom
2362 3113 2375 3128 ν’
2421 3105 2423 3116 “

1373 3151 1414 3172 1115
1429 3143 1577 3172 clanculum
1595 3145 1657 3178 Qia
1669 3144 1741 3170 foret
1754 3149 1897 3170 amantum.
1951 3143 2047 3171 Pallad.
2062 3153 2083 3177 1,
2097 3153 2110 3177 3
2130 3145 2228 3172 Fauces
2240 3153 2375 3172 commea
2393 3172 2395 3174 ,
2419 3138 2423 3147 '

1371 3180 1491 3217 liquidae
1503 3180 1578 3207 vocis
1590 3184 1730 3212 exercent,
1746 3181 1764 3205 i.
1778 3188 1859 3205 vocem
1871 3182 2060 3207 transmittunt.
2257 3178 2279 3220 fl
2297 3189 2315 3208 2

913 3213 987 3240 Idem
999 3212 1031 3240 de
1045 3214 1103 3240 Fin.
1117 3222 1143 3246 2,
1162 3221 1189 3247 35
1213 3215 1305 3249 Epicu·
1323 3224 1352 3253 ες
1373 3223 1473 3244 11ιο31115
1486 3214 1536 3250 est,
1553 3222 1583 3242 vt
1595 3219 1634 3242 ait
1648 3216 1766 3242 Donatus
1779 3213 1813 3241 ad
1826 3214 1895 3242 Ter.
1903 3215 1968 3242 Hec.
1984 3224 2004 3249 1,
2018 3224 2040 3247 2,
2054 3224 2101 3244 100
2119 3216 2158 3243 Ex
2171 3215 2259 3252 aliqua
2271 3225 2328 3244 com
2346 3231 2349 3240 ι
2362 3217 2375 3236 v'

1372 3253 1447 3279 tione
1459 3251 1614 3287 temporalis
1628 3251 1760 3279 absceffus.
1829 3249 1969 3287 Augustius
1975 3271 1985 3284 ,
2004 3258 2034 3278 vt
2051 3258 2134 3279 tamen
2153 3253 2240 3279 multis
2253 3253 2316 3280 locis

1371 3291 1516 3321 conueniat,
1536 3290 1710 3323 interpreteris
1727 3295 1781 3313 cum
1799 3285 1871 3313 Valla
1890 3287 2042 3314 Facultatem
2061 3287 2096 3314 ad
2111 3293 2206 3323 tempus
2225 3289 2369 3320 α,1ηι”Ιι“εὶα·

1371 3326 1450 3352 aliaue
1464 3322 1601 3357 ministerio
1619 3322 1764 3355 recedendi,
1782 3331 1854 3358 quam
1861 3322 1966 3358 praehet
1981 3324 2060 3350 militi
2071 3326 2223 3359 imperator,
2234 3330 2328 3361 praepo
2347 3323 2363 3356 ᾗ
2410 3343 2412 3348 ,

1373 3360 1495 3396 inferiori
1502 3379 1511 3392 ,
1530 3359 1649 3396 eundique
1683 3368 1712 3385 uo
1723 3359 1786 3385 velit
1798 3357 1833 3384 ad
1840 3358 2023 3399 praefi-mptum
2035 3358 2100 3385 diem
2112 3359 2248 3395 reuersuro.
2301 3360 2342 3388 Sic
2373 3364 2391 3386 ⁷1
2426 3358 2428 3364 '

1061 3394 1221 3427 compflffire
1235 3403 1304 3421 (Om—
1321 3408 1357 3434 90
1374 3404 1415 3429 23,
1429 3400 1454 3426 18
1478 3397 1574 3430 Magna
1586 3404 1645 3430 pars
1667 3403 1710 3421 me
1724 3393 1915 3423 commeatibus
1935 3393 2113 3422 dilabebatur.
2154 3394 2259 3428 Festus,
2277 3395 2317 3422 Co
2350 3390 2404 3430 uf}

1373 3437 1415 3458 tus
1428 3431 1486 3458 dari
1502 3430 1618 3464 dicitur,
1662 3433 1681 3457 i.
1707 3430 1845 3464 Tempus,
1857 3438 1911 3465 quo
1923 3429 1964 3456 ire
1977 3436 2004 3456 et
2016 3429 2105 3458 redire
2119 3430 2178 3464 quis
2191 3430 2274 3465 poffit.
2320 3431 2357 3458 120
2366 3425 2373 3430 ’
2387 3454 2399 3468 ,.

1374 3468 1532 3494 Commeatu
1552 3466 1666 3493 militari
1684 3463 1719 3499 4st
1730 3465 1843 3492 Titulus
1864 3465 1932 3492 Cod.
1945 3465 2056 3492 Theod.
2070 3473 2096 3500 7,
2109 3473 2143 3492 12.
2168 3472 2193 3492 et
2210 3464 2301 3494 Iustin-
2314 3473 2356 3500 12,
2376 3469 2377 3472 ’
2395 3477 2400 3500 g

1375 3504 1430 3530 Nos
1444 3505 1494 3528 iam
1498 3502 1628 3539 formulas
1635 3500 1815 3537 perfiquemur.
1857 3501 1984 3536 Accipere
1996 3506 2189 3534 commeatum,
2205 3501 2258 3529 vid.
2275 3507 2334 3530 Acc
2356 3505 2369 3530 ²²2
2397 3519 2405 3532 .=

1372 3538 1498 3566 Martian.
1513 3538 1542 3565 in
1555 3538 1573 3564 l.
1586 3546 1605 3571 4
1628 3537 1660 3564 D.
1673 3538 1706 3564 de
1718 3536 1825 3571 poenis,
1845 3536 1935 3564 Nemo
1949 3537 2033 3571 potest
2045 3542 2221 3564 commeatum
2230 3543 2330 3565 remeat
2355 3550 2366 3556 ..

2066 3573 2236 3600 Commeatus
2247 3573 2341 3601 reditus
2358 3586 2361 3597 ·-
2386 3577 2399 3603 ζ
2418 3570 2427 3603 Ξ’

2131 3607 2192 3634 Liu.
2205 3617 2235 3641 3,
2255 3610 2401 3645 46
2418 3606 2419 3631 ἱ

2139 3643 2177 3670 Ex
2195 3646 2360 3671 commeatu*
2372 3645 2384 3671 ,’
2417 3658 2419 3677 ;

1756 3679 1778 3706 A
1792 3685 1941 3706 commeatu
1958 3683 2103 3713 repetentes
2123 3678 2205 3706 castra
2224 3680 2326 3707 Sueton.
2418 3692 2419 3700 .

1500 3716 1605 3751 leian.
1619 3716 1647 3742 in
1661 3715 1678 3742 l.
1690 3723 1718 3742 22
1738 3711 1762 3751 §.
1776 3717 1794 3741 6
1816 3715 1850 3741 D.
1864 3714 1896 3741 ad
1907 3713 2061 3748 municipal.
2080 3714 2232 3748 Senatores,
2245 3717 2273 3741 in
2311 3717 2341 3747 ’1,
2363 3726 2375 3742 ν

1367 3613 1489 3645 pot-arius
1503 3609 1553 3642 est,
1574 3605 1783 3643 Remeatus,post
1802 3617 1870 3644 quem
1886 3617 1936 3635 non
1952 3608 2062 3635 abeatur.

1370 3644 1479 3680 collegis
1493 3645 1610 3680 Appius,
1629 3653 1662 3671 ne
1674 3643 1801 3679 Virginio
1818 3643 1882 3670 dent
1900 3648 2085 3670 commeatum.

1373 3681 1414 3708 ire
1436 3681 1497 3719 Sen.
1513 3680 1546 3707 de
1564 3681 1606 3707 Ira
1621 3689 1643 3714 1,
1657 3681 1693 3706 16.

1373 3726 1395 3743 c.
1409 3725 1445 3743 12.

1371 3788 1598 3823 impetrauernnt,
1617 3785 1785 3814 domicilium
1804 3785 1833 3811 in
1851 3785 1917 3812 vrbe
1935 3784 2059 3811 retinent.
2127 3787 2218 3813 Petere
2235 3790 2348 3812 commea
2415 3794 2418 3824 1

1372 3824 1440 3850 Ρ1111.
1452 3822 1531 3858 Epist.
1545 3832 1582 3854 10,
1595 3831 1621 3856 9.
1691 3822 1876 3848 Commeatum
1889 3819 2074 3854 acquiescendi
2091 3829 2106 3847 a
2119 3821 2318 3848 continuatione
2361 3848 2364 3850 ,
2380 3854 2381 3857 ¹
2396 3827 2398 3829 ’
2414 3838 2417 3864 4

1372 3867 1432 3885 rum
1445 3858 1524 3893 petiit
1537 3858 1607 3885 Vell.
1621 3866 1648 3891 2,
1659 3865 1704 3890 99,
1718 3864 1743 3892 2.
1781 3857 1873 3890 Nempe
1883 3859 1985 3895 quaeuis
1998 3860 2072 3882 venia
2082 3856 2230 3892 discedendi,
2247 3856 2291 3883 vel
2297 3863 2328 3882 -ce
2396 3853 2401 3858 “
2415 3867 2417 3874 ν

1372 3903 1388 3919 a
1401 3903 1498 3920 munere
1511 3895 1680 3921 Commeatus
1693 3893 1736 3924 <lf-
1805 3891 1866 3917 Sine
1881 3890 2041 3925 mteruallo,
2060 3891 2112 3918 fine
2125 3896 2272 3918 commeatu
2285 3890 2353 3917 Seri(
2369 3922 2372 3925 .

1684 3926 1805 3961 Longum
1819 3925 1888 3953 mihi
1901 3934 2076 3955 comeatum
2090 3927 2195 3957 dederat
2207 3926 2274 3954 111313
2284 3925 2326 3954 val
2345 3956 2390 3986 sen
2410 3926 2414 3952 l

2415 3744 2418 3762 l

2415 3769 2451 3789 1.,

2339 4150 2370 4171 1.
2413 4074 2474 4182 ii
