2474 4182
2350 5 2365 34 Τ·
2391 0 2446 71 :tn-l

2392 87 2395 91 ’
2441 73 2445 130 l

283 195 350 236 375
671 177 709 215 A
772 172 815 210 N
878 170 921 209 Τ
1776 169 1816 206 A
1870 166 1914 205 N
1971 166 2014 205 Τ
2124 151 2126 153 ’
2345 140 2446 228 375i

284 272 336 304 est,
354 280 412 298 cum
435 270 501 296 duae
523 264 663 294 sententiae
683 262 754 287 inter
773 261 798 286 se
813 260 986 301 discrepantes
998 268 1028 286 ex
1044 259 1202 300 traiectione
1216 258 1251 284 ita
1267 256 1327 282 effe·
1381 254 1476 295 probu’
1491 254 1581 287 mitto)
1604 256 1635 296 Et
1649 255 1717 291 apud
1730 256 1805 291 Virg.
1828 255 1977 296 (Georg32,
1985 257 2042 287 16.)
2073 256 2152 290 Quid
2165 266 2311 284 memorem
2325 240 2427 294 poi-tuf

283 315 392 335 fumus,
413 314 440 332 vt
454 315 468 332 a
482 305 570 339 priore
584 298 713 334 posterior
727 302 859 323 contraria
872 297 958 330 priori
971 295 1160 330 proficiscatur,
1174 294 1223 320 hoc
1236 293 1327 324 modO,
1383 292 1553 325 Lucrinoque
1565 291 1654 318 addita
1663 291 1789 318 claustra?
1816 292 1909 318 Latine
1922 291 2021 318 dicitur
2035 291 2153 318 Omiffio.
2189 295 2257 320 Haec
2270 293 2320 321 Iul.
2336 295 2375 321 Ru
2406 295 2423 301 ”
2436 289 2438 306 ”

283 344 336 370 Effe
349 348 454 377 oportet
469 348 495 366 vt
511 339 600 366 viuas,
620 343 673 359 non
689 333 782 359 viuere
795 338 824 358 vt
836 332 906 359 edas.
942 333 1025 363 Item,
1046 332 1081 357 Ea
1093 340 1122 356 re
1137 333 1258 365 poemata
1274 337 1327 354 non
1383 326 1414 352 de
1427 325 1570 366 Scheiiiatis
1589 327 1703 359 Lexeos,
1730 328 1827 354 pithoei
1841 337 1864 362 p.
1880 335 1918 362 37.
2120 352 2122 354 ,
2376 356 2378 359 ¹
2392 356 2394 358 ¹
2413 355 2416 359 ¹
2437 331 2443 359 ζ

282 380 368 410 facio,
389 377 452 411 quia
465 370 612 400 cuiusmodi
627 369 691 396 volo
705 378 759 395 nou
773 369 888 403 poisum3
924 367 1074 394 cuiusmodi
1090 367 1189 401 possiun
1204 365 1267 391 nolo
1281 371 1326 390 etc.
1419 370 1441 388 A
1451 369 1502 388 NT
1514 369 1546 388 iP
1556 360 1574 388 ὦ
1585 369 1602 388 i)
1612 369 1648 388 ES
1658 383 1666 394 ,
1686 372 1740 390 um.
1761 362 1921 398 [Ἀντίποδες]
1937 362 1993 389 Cic.
2008 361 2086 388 Acnd.
2101 372 2119 396 4
2131 372 2153 389 e.
2167 372 2197 396 39
2232 365 2331 391 Nonne
2345 353 2421 393 eff*
2465 359 2471 381 ἰ

282 417 355 441 Ponit
370 422 431 438 enim
442 411 526 444 plura.
1347 400 1360 426 5
1383 398 1487 429 dicitis,
1514 398 1561 423 ess'e
1580 406 1594 422 e
1607 399 1715 431 regione
1729 407 1744 425 e
1765 400 1898 426 contraria
1917 405 1990 433 parte
2003 404 2104 431 terrae,
2122 399 2170 433 qui
2181 399 2293 425 adum-fi,
2309 394 2389 426 vcst''³'
2425 376 2443 432 l
2457 423 2460 428 ,

320 457 340 475 A
355 455 374 474 N
386 454 406 472 ‘r
417 454 423 472 1
434 453 457 471 M
469 452 487 469 o
501 450 541 469 Ni
554 448 571 468 v
584 449 625 471 M,
647 440 664 466 i.
684 449 709 466 n.
748 440 790 466 Ita
812 439 917 467 Stibium
941 438 1065 474 appellant
1091 436 1221 471 officinae.
1270 434 1327 462 ΓΜ.
1384 435 1448 460 stent
1468 439 1558 459 contra
1578 432 1665 459 nostra
1676 434 1799 469 vestigia,
1826 444 1891 470 quos
1906 431 2033 460 οἰντίποὸας
2045 435 2154 460 vocatis.
2199 434 2303 469 Anfint
2315 430 2419 470 Antin
2435 438 2455 467 Ι,-
2470 448 2471 451 ¹

284 492 296 512 S
307 491 328 511 T
339 492 346 509 Ι
358 490 372 509 3
383 491 390 508 ι
403 487 422 506 v
432 488 464 506 M,
1384 470 1445 495 des!
1465 470 1598 508 disputat,
1606 468 1653 504 sed
1665 472 1711 501 ita,
1723 478 1752 496 vt
1766 473 1881 497 vocabulo
1894 471 1938 497 hoc
1949 467 2071 503 abstineat
2091 470 2156 496 Plin.
2171 479 2195 502 2,
2208 472 2238 503 65
2258 478 2281 495 tt
2299 477 2341 504 97.
2374 471 2420 504 1⁴¹3,

320 527 338 545 A
350 525 369 542 N
380 523 400 542 ‘r
412 524 418 542 1
430 522 451 541 N
464 521 484 540 Ο
496 521 519 540 Μ
530 512 542 539 i
552 520 585 543 A,
603 521 640 539 ae.
663 512 681 538 f.
701 511 867 545 [οἷντινομιά]
905 508 1010 546 Qiaestt
1018 508 1101 535 doceat
1109 507 1275 542 Qiin&il.7,
1285 515 1329 541 7,1
1384 506 1464 531 ctant.
1480 514 1501 537 3,
1516 513 1561 537 24,
1575 507 1643 540 jerio
1659 504 1713 530 illos
1726 513 1865 543 oppugnat,
1896 506 1970 539 Qud
1985 505 2041 537 illi⁷
2061 506 2108 540 qui
2122 506 2170 532 efl'e
2185 512 2331 532 contrarios
2347 515 2386 541 ve¹

281 554 433 581 Proximum
454 550 489 577 cst
510 549 541 575 de
559 549 662 584 legibus
681 547 822 574 contrariis
841 548 945 578 dicere,
963 546 1025 579 quia
1040 545 1109 570 inter
1124 553 1214 570 onmes
1229 543 1327 569 artium
1383 542 1432 575 giis
1449 541 1543 566 nostris
1559 539 1702 574 Antipodas
1715 544 1823 575 putant?
1855 543 1885 568 Et
1898 551 1966 577 quae
1982 542 2064 575 igitur
2079 542 2140 568 illos
2153 541 2184 568 ad
2198 541 2339 576 Antipodas
2354 550 2382 568 ra

280 590 419 622 scriptores
432 586 546 618 constat,
567 586 594 612 in
608 584 754 611 antinomia
768 583 833 609 duos
847 583 911 613 effe,
931 581 1020 615 scripti
1036 587 1060 606 et
1075 580 1226 611 voluntatis,
1237 579 1327 604 status:
1342 582 1369 600 [Ο
1383 577 1516 611 perduxit.
1552 576 1624 601 Seru.
1646 576 1678 601 ad
1690 576 1754 603 Aen.
1769 579 1795 609 6,
1810 586 1854 610 332
1861 587 1913 604 cum
1926 577 2035 611 dixillet,
2053 578 2155 604 inferos
2168 577 2245 603 nobis
2259 578 2307 603 effi:
2315 577 2377 604 Anti
2416 584 2422 606 ,¹

279 633 366 658 neque
381 623 518 649 immerito
534 633 539 647 τ
575 622 638 656 quia
652 629 711 646 cuin
726 620 766 645 lex
784 619 835 653 legi
849 618 950 650 obstat,
960 618 1085 651 vtrinque
1099 622 1189 642 contra
1205 616 1328 648 scriptum
1383 613 1427 638 das
1441 633 1448 644 ,
1470 621 1517 638 nos
1531 611 1602 643 illis,
1619 610 1709 636 adiicit
1719 633 1728 647 ,
1755 612 1921 640 Tiberianus
1934 614 2014 640 etiam
2028 613 2131 640 inducit
2147 613 2284 647 epistolam
2296 619 2375 645 vento
2388 608 2390 612 ’

280 660 380 687 dicitur
393 679 402 691 ,
421 664 446 685 et
465 657 584 693 quaestio
606 657 641 682 cst
662 656 694 682 de
714 655 869 681 voluntate:
908 655 934 679 in
950 659 1060 688 vtraque
1075 652 1101 678 id
1116 651 1276 685 ambigitur,
1296 659 1328 675 an
1382 649 1460 674 latam
1479 648 1511 674 ab
1527 646 1722 686 Antipodibus,
1753 657 1819 682 quac
1832 648 1920 680 habet,
1940 650 2028 684 Superi
2040 649 2135 685 inf-ris
2148 650 2269 685 salutem:
2289 657 2340 682 qua
2425 675 2432 685 ,

279 696 373 730 vtique
388 695 433 721 illa
446 694 501 729 lege
516 693 545 719 fit
560 692 686 719 vtenduni
701 692 709 717 3
747 690 879 717 Omnibus
899 697 985 715 autem
1006 687 1175 714 manifestum
1190 686 1241 718 est,
1262 694 1327 711 nun-
1382 684 1452 709 lione
1472 683 1565 710 tradiat
1584 691 1749 717 reciprocum
1767 682 1833 716 hoc,
1852 685 1923 719 quod
1938 685 2053 711 diximus
2067 687 2152 720 supra.
2208 685 2313 710 iucunde
2331 684 2361 710 Se
2380 688 2387 698 “-

279 740 358 766 quam
372 732 420 757 esse
435 731 519 765 legem
534 729 585 763 legi
599 727 759 754 contrariam
774 727 831 752 iure
845 726 916 760 ipso:
954 725 1015 760 quia
1029 724 1046 750 fi
1061 724 1196 750 diuersum
1210 722 1251 747 ius
1259 722 1328 752 css'et,
1382 720 1460 759 Epist.
1476 728 1532 759 ηπ..
1545 719 1638 751 Qialis
1654 718 1764 758 illorum
1778 719 1898 752 conditio
1913 721 2028 753 dicitur,
2046 730 2112 756 quos
2125 726 2234 752 natura,
2252 726 2281 746 vt
2294 719 2330 746 ait
2337 719 2368 745 V*
2389 715 2434 755 &3⁷5

277 768 391 794 alterum
405 766 488 793 altero
502 765 674 799 abrogaretur
689 774 695 794 ;
733 762 775 788 sed
787 771 829 788 cas
841 763 899 788 casu
914 761 1006 787 collidi
1021 766 1046 786 et
1058 766 1155 785 euentu
1168 766 1213 784 etc.
1250 759 1328 783 Locus
1342 756 1367 781 ¹3
1382 756 1447 787 lius,
1475 754 1584 794 pedibus
1596 754 1692 780 nostris
1707 754 1825 781 subditos
1842 764 1857 781 e
1869 757 2004 784 contrario
2019 757 2122 791 posuit,
2141 757 2251 790 Nosque
2265 754 2312 781 vbi
2326 755 2364 790 pr‘
2423 764 2425 766 ¹

279 804 320 830 ille
332 801 365 836 est
376 802 496 838 clafficus.
538 802 625 827 l‘titur
637 803 709 826 etium
725 807 752 831 3,
773 800 804 829 6,
826 806 866 830 43.
904 805 935 832 7,
956 806 980 829 1,
1003 804 1035 827 ις.
1049 803 1071 821 ct
1085 803 1116 829 7,
1138 803 1165 819 10
1175 813 1182 825 ,
1195 802 1218 819 2.
1382 792 1456 831 equis
1471 799 1560 816 oriens
1570 791 1669 816 afflauit
1688 789 1805 822 anhelis,
1830 791 1886 817 Illis
1898 792 1953 818 sera
1966 791 2063 819 rubens
2077 791 2194 819 accendit
2209 792 2310 818 lumina
2322 791 2397 827 vesp

317 847 337 865 A
350 847 370 865 N
381 833 420 865 ‘ri
433 845 452 865 O
462 845 478 865 c
490 844 509 863 Η
520 844 536 863 E
546 844 577 869 A,
599 837 638 862 vel
657 843 678 862 A
691 842 709 861 N
721 842 741 860 Τ
752 842 759 860 1
770 841 788 861 0
799 841 815 860 C
824 841 843 860 Η
855 841 862 859 1
872 840 891 859 A
902 853 908 861 .
931 833 1057 866 (variant
1077 833 1139 856 enim
1158 830 1227 859 libri,
1248 834 1277 853 vt
1300 830 1327 853 in
1381 827 1460 853 'salis
1480 826 1576 852 horum
1591 827 1722 852 contraria
1736 825 1860 852 omnibus
1873 836 1927 853 non
1941 828 2032 862 regio,
2057 828 2100 854 sed
2112 829 2168 854 vita
2181 827 2226 854 est.
2281 827 2346 854 Sunt
2367 823 2421 862 qi?

277 875 458 905 Alexandrea)
474 882 512 900 ac.
533 873 551 898 f.
572 871 751 906 [Ἀντιόχεια]
794 869 895 895 l'rbimn
906 871 1016 903 plurium
1037 875 1130 898 nomen,
1144 865 1174 890 ab
1193 864 1328 890 Animi-his
1381 862 1441 888 dam
1464 862 1492 888 in
1511 862 1602 888 eadem
1621 862 1686 888 vrbe
1706 862 1867 896 Antipodes,
1890 863 1954 897 qui,
1979 870 2008 890 vt
2026 865 2064 890 M.
2080 865 2145 891 Cato
2158 864 2211 896 ait,
2228 872 2276 889 nec
2294 863 2353 891 orie
2378 869 2419 894 ..(-

277 912 365 945 Syriae
381 911 478 943 regibus
492 916 572 935 ortum
585 919 592 932 .·
629 916 734 943 quarum
757 905 912 932 celeberrima
934 904 977 928 illa
1004 900 1168 936 Epidaphnes
1190 898 1276 929 ditia,
1298 899 1327 925 de
1382 907 1498 933 vnquam
1510 898 1593 924 solem
1607 898 1746 930 viderunt,
1766 907 1812 924 nec
1827 898 1999 925 occidentem.
2382 895 2419 917 ··;'

295 957 325 972 ua
338 942 530 981 motio'pmzimus
551 943 645 979 vei-fimi
667 943 764 968 Auson.
787 941 818 967 de
832 941 892 966 clar.
910 938 968 964 vrb.
983 947 1011 970 3,
1033 946 1041 963 i
1063 937 1164 963 Tertia
1190 935 1327 963 Phoebeae
1337 940 1371 958 20
1417 934 1678 966 ANTIPTOSIS,
1698 934 1734 960 is.
1760 934 1780 960 f.
1801 933 1981 968 [οἷπίπτὼσις]
2002 935 2094 971 Figura
2108 932 2141 968 esi
2156 935 2334 967 Grammatica,
2353 935 2414 970 iqus‘
2470 956 2471 960 ,

288 983 346 1009 auri
361 982 454 1009 domus
469 980 620 1007 Antiochia.
1381 971 1451 1006 casus
1462 976 1510 1004 pro
1522 970 1572 996 alio
1585 969 1761 1006 casuponitur.
1780 977 1826 1002 vt,
1843 970 1866 996 It
1881 969 1981 996 clamor
1994 971 2081 1003 caelo,
2103 978 2151 1007 pro
2170 972 2199 996 In
2218 970 2328 996 caelum.
2398 977 2401 979 '
2419 966 2439 1002 ἦ,

313 1025 335 1045 Α
346 1025 397 1045 ΝΤ
408 1026 416 1044 i
427 1024 501 1044 oen
513 1023 528 1043 Ε
539 1024 559 1042 Ν
570 1024 581 1041 s
592 1023 598 1041 1
610 1024 633 1046 s,
652 1013 679 1038 tie
692 1012 786 1039 ciuibus
799 1010 949 1037 Antiochiae
962 1009 1034 1035 Caes.
1049 1009 1077 1034 B.
1093 1009 1122 1035 C.
1137 1016 1165 1040 3,
1182 1016 1244 1040 102,
1265 1009 1289 1033 6.
1380 1013 1422 1032 tur
1443 1006 1553 1032 Seruius
1574 1005 1606 1032 ad
1635 1006 1699 1032 Aen.
1721 1014 1747 1038 1,
1769 1012 1828 1040 577.
1861 1013 1893 1038 2,
1912 1010 1966 1038 283.
1992 1008 2023 1037 6,
2038 1012 2090 1041 727
2115 1014 2161 1033 etc.
2203 1006 2246 1032 vbi
2258 1005 2335 1039 stmul

314 1062 335 1081 A
346 1061 396 1080 NT
406 1062 414 1080 1
424 1060 467 1080 OC
479 1060 497 1078 Η
508 1060 523 1078 E
534 1058 554 1077 N
565 1058 584 1077 V
596 1059 607 1077 s
618 1070 626 1081 ,
645 1058 658 1075 a
669 1069 675 1080 ‚
696 1057 748 1073 uni.
784 1046 813 1072 ab
830 1046 956 1071 Antiocho
977 1045 1116 1077 deriuatur‚
1130 1051 1159 1070 vt
1174 1043 1242 1069 Gell.
1257 1051 1284 1078 7,
1299 1051 1327 1075 19
1377 1043 1421 1077 pla
1441 1042 1523 1068 habes.
2385 1043 2391 1073 η,

275 1089 439 1117 Antiochena
454 1088 565 1123 pecunia
578 1087 607 1112 ab
621 1084 744 1111 Antiocho
758 1091 813 1118 rvge
831 1088 913 1116 capta.
1419 1085 1440 1104 A
1450 1085 1470 1104 N
1480 1084 1501 1103 T
1512 1079 1523 1103 1‘
1534 1083 1583 1116 Qv
1595 1083 1616 1102 v
1626 1083 1652 1107 S,
1671 1085 1702 1109 a,
1719 1085 1775 1103 „nh
1795 1075 1926 1111 [dfxafffi
1944 1075 2069 1111 παλαιὸς]
2090 1077 2156 1104 Idm
2170 1076 2270 1103 videtur
2282 1075 2399 1112 Olim—fus.
2424 1077 2425 1081 ,

314 1134 366 1153 AN
377 1132 398 1152 Τ
410 1123 471 1151 1⁹6?
482 1132 518 1155 A,
536 1132 573 1149 ³⁰·
593 1119 744 1155 [Ui-anina]
782 1117 881 1150 Nyffiei
897 1116 968 1149 filia:
989 1115 1022 1143 ab
1038 1115 1146 1150 Epapho
1165 1123 1212 1149 Pel*
1231 1114 1323 1140 d0¹¹¹¹¹¹
1339 1118 1370 1144 25
1380 1114 1445 1148 ‘11¹⁰d
1457 1113 1573 1140 Anticus.
1594 1112 1651 1138 Vel·
1672 1113 1777 1147 Longus
1790 1113 1822 1138 de
1834 1111 1961 1146 Orthogr.
1970 1122 1994 1147 p.
2010 1121 2074 1144 2223
2088 1120 2151 1139 extr.
2188 1115 2225 1139 De
2244 1114 2330 1138 Litera
2345 1118 2375 1152 Q
2391 1109 2400 1142 ¹¹
2421 1129 2425 1143 4

276 1162 311 1188 est
328 1162 440 1196 stuprata
454 1171 459 1186 ε
495 1161 585 1194 itaque
599 1166 612 1183 a
627 1158 696 1188 Lyco
712 1156 773 1180 viro
787 1155 833 1180 suo
848 1153 933 1179 eiee'ta
946 1152 991 1178 est.
1028 1153 1102 1178 Hanc
1122 1151 1231 1178 viduam
1253 1151 1324 1185 Iupi—
1378 1153 1480 1185 antiquo
1495 1148 1615 1174 videmus
1629 1148 1717 1174 locum
1730 1149 1835 1174 literam
1850 1148 1963 1179 habere,
1981 1154 2007 1174 et
2020 1149 2048 1174 in
2057 1148 2152 1183 postico
2165 1157 2219 1175 non
2234 1148 2346 1174 habere:
2419 1151 2425 1169 η’

275 1204 315 1225 tes
329 1195 474 1231 compressu
510 1209 554 1214 ..-
593 1192 652 1219 lntle
675 1198 749 1216 natus
770 1192 847 1216 Zetus
871 1196 894 1215 et
916 1188 1051 1222 Amphion
1064 1195 1109 1214 etc.
1146 1187 1245 1221 Hygin.
1260 1187 1278 1212 f.
1298 1194 1324 1220 7.
1379 1191 1405 1210 et
1419 1188 1527 1211 anticum
1542 1184 1574 1210 ab
1589 1193 1621 1210 eo
1635 1184 1708 1218 quod
1722 1184 1758 1210 est
1772 1190 1844 1215 ante,
1861 1184 1933 1218 quod
1947 1190 2054 1219 apparet
2068 1193 2099 1210 cx
2113 1185 2255 1219 scriptione
2269 1190 2357 1218 tempo
2392 1198 2398 1213 ,-
2421 1190 2425 1208 J

276 1234 392 1267 Propert.
407 1232 452 1258 lib.
467 1239 492 1263 1,
514 1241 547 1264 4,
567 1237 578 1262 ς
612 1228 743 1261 Antiopae
766 1225 912 1258 Nyffstidos
935 1225 1050 1250 formam
1073 1222 1168 1249 laudat.
1209 1222 1324 1248 Fabulam
1380 1222 1449 1246 Haec
1464 1222 1553 1246 ultima
1567 1221 1689 1255 nonsatis
1702 1221 1831 1255 intelligo,
1844 1220 1891 1255 fid
1903 1220 1967 1246 illud
1980 1220 2062 1252 video,
2083 1220 2277 1252 eandemvoccm,
2290 1229 2344 1246 cum
2355 1219 2395 1250 adl

292 1278 366 1304 noque
379 1272 463 1304 tangit
476 1275 504 1298 3,
525 1275 565 1297 ι3,
585 1273 611 1290 12
627 1265 682 1298 sqq.
840 1260 860 1298 ff
882 1270 897 1286 2
917 1260 1042 1293 Antiopa,
1056 1258 1196 1295 Tragoedia
1213 1259 1324 1284 Pacuuii.
1378 1265 1431 1282 cum
1445 1256 1564 1292 refertur,
1574 1263 1621 1290 per
1634 1256 1743 1291 Cjeribi,
1760 1255 1900 1285 Anticum3
1920 1255 2122 1291 cumadtcinpus,
2139 1262 2187 1291 per
2196 1262 2250 1295 qv,
2269 1251 2385 1290 Antiqu''
2412 1268 2423 1287 η

272 1279 341 1333 ssers.
363 1304 411 1330 Sat.
431 1312 457 1335 1,
477 1310 512 1336 77
533 1302 595 1327 Sunt
616 1308 682 1334 quos
698 1298 895 1331 Pacuuiusque,
916 1303 941 1322 et
957 1296 1098 1322 verrucosa
1115 1299 1236 1321 moretur
1271 1295 1324 1319 An·
1336 1300 1368 1324 30
1380 1291 1420 1325 Est
1435 1301 1492 1328 ergo
1513 1293 1660 1326 Antiquum
1681 1291 1744 1327 quod
1763 1297 1822 1317 ante
1835 1291 1936 1327 adfuit,
1966 1295 2029 1317 etin
2044 1293 2089 1319 hoc
2107 1292 2197 1325 differt
2209 1301 2257 1318 non
2276 1301 2391 1327 nunquw
2420 1303 2423 1309 s

272 1340 363 1374 stopa,
384 1339 516 1366 aerumnis
530 1345 575 1363 cor
590 1334 762 1362 luchficabile
776 1333 850 1359 fulta.
1383 1329 1493 1359 Vetere,
1513 1328 1577 1364 quoti
1590 1329 1670 1353 Vetus
1685 1327 1731 1353 diu
1739 1327 1814 1362 fuit,
1842 1330 2018 1363 opponiturque
2034 1328 2094 1354 adeo
2112 1328 2228 1359 recenti,
2253 1327 2325 1363 'quod
2345 1335 2363 1352 n
2387 1337 2398 1359 {A
2418 1333 2422 1353 ῑ-,

313 1381 475 1406 ANTiOS‚
496 1372 681 1403 fixo-uentos,
701 1370 787 1396 Festus
807 1369 894 1395 habere
921 1367 1036 1393 dicitur:
1080 1365 1128 1393 Sed
1157 1366 1203 1401 leg.
1225 1364 1324 1390 Anc⁰tos
1380 1363 1422 1397 effe
1435 1367 1530 1399 coepit,¹
1545 1364 1686 1398 antiquum
1699 1370 1778 1389 autem
1798 1362 1951 1397 nouo‚fiue
1961 1366 2001 1390 illi
2014 1363 2078 1400 quod
2090 1363 2224 1396 nondum,
2244 1370 2288 1389 aut
2302 1369 2361 1393 ante
2388 1377 2390 1385 ι

271 1411 302 1438 ab
316 1412 402 1446 Ango.
437 1410 516 1436 Gloss'.
533 1408 630 1435 A118105
643 1406 837 1439 ἀναμιχθέντας,
874 1403 953 1430 Αηέἲί
971 1401 1115 1436 α’γχόμενοι.
1150 1402 1242 1437 Scalig.
1372 1400 1441 1436 fuit.
1499 1401 1566 1426 Hinc
1580 1401 1609 1433 est
1620 1419 1629 1431 ,
1655 1399 1719 1435 qnod
1733 1399 1863 1434 Antiquus
1880 1405 1903 1424 et
1916 1400 2014 1431 Vetus,
2037 1400 2135 1426 Recens
2149 1407 2172 1425 et
2188 1399 2283 1426 Nouus
2296 1401 2402 1435 aliqua*
2419 1393 2422 1422 ¹.

308 1454 360 1474 AN
371 1454 392 1473 Τ
403 1455 410 1473 1
420 1443 464 1473 ΡΑ
474 1452 494 1472 G
504 1451 553 1471 ME
563 1451 654 1470 NTA.
689 1442 835 1468 Valuaruin
859 1445 1030 1470 ornamenta,
1049 1446 1115 1472 quae
1138 1437 1206 1463 antis
1229 1445 1324 1471 appan·
1377 1438 1570 1472 coninguntur.
1604 1440 1607 1441 ’
1624 1435 1704 1461 Plaut.
1719 1435 1802 1461 Trin.
1828 1443 1856 1466 2,
1869 1443 1895 1467 2,
1911 1443 1957 1460 100
1977 1435 2125 1462 Historiam
2137 1441 2254 1462 veterem
2269 1440 2348 1470 atque
2361 1443 2395 1465 a
2416 1448 2421 1459 ;

272 1490 371 1517 guntur
387 1493 392 1508 :
429 1485 446 1508 i.
456 1479 622 1515 Affiguntur,
659 1479 726 1505 Haec
735 1477 832 1504 Festus.
870 1475 916 1503 Sed
928 1473 1021 1501 rec-“tius
1033 1475 1323 1511 legitm·Antepagmen-
1336 1477 1364 1502 33
1377 1481 1456 1506 quam
1470 1474 1532 1498 haec
1545 1479 1605 1497 inea
1618 1470 1734 1497 sene&us
1748 1470 1862 1496 sustinet.
1917 1472 1948 1496 Et
1962 1471 2057 1505 Amph.
2073 1471 2141 1497 Prol.
2157 1476 2194 1501 118
2214 1473 2337 1498 Veterem
2349 1476 2395 1497 atu
2420 1471 2421 1474 ’

274 1525 318 1551 ta,
339 1526 368 1545 vt
382 1517 503 1544 Antefixa
517 1523 539 1541 et
551 1514 647 1549 similia
662 1524 670 1543 ,·
708 1513 853 1548 videturque
874 1512 948 1537 multo
970 1511 1048 1537 latius
1069 1516 1154 1544 patere
1176 1519 1277 1541 nomen,
1299 1515 1323 1534 et
1378 1508 1515 1542 antiquam
1538 1516 1594 1533 rem
1614 1516 1712 1533 nouam
1732 1506 1765 1533 ad
1783 1516 1831 1533 vos
1851 1506 2002 1541 proferam,
2028 1510 2046 1533 i.
2059 1507 2101 1533 diu
2115 1514 2139 1533 et
2156 1509 2213 1534 olim
2230 1510 2370 1544 cognitam‘,
2396 1518 2415 1536 κ,

265 1557 394 1591 pertinere
407 1554 441 1580 ad
453 1555 534 1579 omnia
549 1557 703 1581 ornamenta,
717 1550 757 1574 uel
770 1558 798 1574 cx
810 1547 1041 1584 ligno,vt’lesax0,
1061 1555 1119 1582 quae
1136 1551 1195 1572 ante
1204 1547 1324 1580 pilusaut
1377 1554 1463 1580 agam,
1484 1550 1513 1569 vt
1521 1543 1626 1569 nondum
1639 1542 1753 1576 illumfic
1766 1542 1894 1574 videritis,
1916 1542 1970 1569 vid.
1984 1550 2101 1570 NOVVS.
2139 1545 2180 1569 Ita
2198 1552 2225 1569 ue
2237 1542 2350 1577 Antiqui
2357 1541 2383 1578 J
2410 1542 2421 1562 3-

271 1590 369 1622 trabes,
383 1588 409 1624 fi
420 1597 480 1625 quae
493 1589 561 1614 vltra
569 1585 770 1622 perpendiculmn
784 1586 893 1619 parietis
912 1586 1032 1613 eminent,
1054 1587 1205 1616 panguntur
1219 1581 1273 1614 siue
1286 1580 1322 1616 fi-
1378 1583 1420 1615 qui
1440 1581 1512 1610 olim,
1532 1586 1590 1604 ante
1604 1588 1648 1604 nos
1663 1582 1762 1611 vixere,
1783 1588 1809 1604 v.
1822 1588 1847 1615 g.
1868 1578 1896 1604 in
1910 1578 1980 1604 Lael.
1996 1587 2030 1604 20
2048 1578 2106 1605 Plus
2118 1587 2168 1613 apii
2201 1588 2244 1605 me
2253 1579 2364 1613 antiquo
2389 1575 2414 1604 ”-

270 1633 374 1662 guntur.
424 1627 477 1651 Hoc
485 1623 576 1659 suadet
590 1624 696 1648 Vitruu.
711 1630 746 1653 4,
766 1622 783 1646 6
802 1619 940 1646 Ostiorum
954 1625 1040 1644 autem
1058 1623 1083 1644 et
1101 1620 1321 1652 Antepagmento-
1377 1614 1520 1641 aii&oritas
1534 1614 1613 1641 valet.
1669 1616 1721 1640 Hoc
1730 1615 1803 1649 sensu
1818 1617 1892 1639 etiam
1913 1615 2022 1640 Veteres
2036 1614 2154 1641 dicuntur
2162 1625 2169 1639 :
2189 1614 2237 1651 fid
2255 1615 2343 1647 senes³

271 1671 332 1689 runi
356 1661 404 1687 hac
428 1661 485 1686 sunt
501 1659 618 1685 rationes
637 1664 681 1683 etc.
726 1655 774 1682 Vbi
780 1659 863 1690 primo
875 1657 1036 1690 proportione
1047 1655 1320 1688 Antepagnientortmi
1329 1655 1366 1679 40
1374 1653 1449 1687 longa
1461 1650 1550 1686 spatia
1572 1649 1674 1676 uiuendi
1691 1650 1795 1683 habmffi·
1809 1650 1920 1675 indicare
1933 1652 2051 1676 volumus.
2086 1651 2182 1687 Rursus
2200 1657 2274 1677 vetus
2288 1647 2427 1684 gladia-“¹

271 1698 387 1724 contrahi
399 1697 464 1722 iubet
479 1697 581 1721 luminis
593 1692 708 1725 alliorum
721 1695 748 1717 in
757 1692 851 1726 summo
865 1690 1020 1717 latitudinem
1035 1700 1044 1718 ;
1082 1690 1168 1715 deinde
1177 1709 1183 1719 ‚
1204 1690 1269 1723 Ipsa,
1284 1692 1322 1714 in-
1375 1690 1418 1723 qui
1431 1686 1475 1712 diu
1487 1687 1532 1713 hoc
1544 1689 1612 1712 vitae
1624 1695 1701 1722 genus
1711 1686 1813 1717 habuit,
1827 1684 1879 1718 stne
1893 1685 1971 1711 adhuc
1986 1688 2072 1718 uiuat,
2085 1685 2139 1719 fine
2154 1685 2327 1722 vitasunt‘ius

272 1737 327 1769 quit
350 1733 557 1766 Antepagmenta
579 1729 656 1755 crass'a
679 1727 742 1753 fiant
761 1728 790 1753 in
812 1727 901 1752 fronte
916 1725 1076 1757 (altitudine
1086 1745 1094 1757 ‚
1114 1725 1179 1761 quod
1190 1725 1322 1756 adiicitur,
1369 1723 1416 1760 fito
1430 1724 1480 1748 loco
1493 1720 1648 1754 ostendimus.
1701 1723 1754 1747 Iam
1768 1721 1796 1747 de
1811 1721 1935 1755 Antiquis
1946 1723 2056 1756 exempla
2077 1721 2197 1748 addimus.
2233 1722 2370 1757 Siquidem
2386 1708 2427 1754 ..¹⁸5⁴

289 1768 371 1802 lostam
381 1775 457 1802 puto,
478 1775 537 1802 quae
549 1764 647 1800 senstim
663 1763 815 1797 peruertat)
838 1761 946 1787 luminis
961 1768 1033 1795 parte
1047 1761 1207 1787 duodecima
1220 1765 1323 1786 contra·
1376 1767 1436 1785 rum
1452 1757 1502 1788 est,
1538 1757 1661 1791 antiquos
1681 1755 1771 1783 herbis
1784 1765 1812 1782 ac
1837 1756 1971 1783 radicibus
1992 1754 2082 1783 earum
2101 1757 2222 1792 corporis
2246 1759 2313 1785 vitia
2331 1757 2401 1784 c'urm‘
2416 1750 2427 1777 f

270 1779 422 1837 {anturque
446 1803 473 1828 in
490 1802 592 1827 summo
608 1801 665 1825 suae
679 1797 850 1824 craffitudinis
863 1802 957 1830 quarta
969 1796 1071 1823 decima
1091 1802 1173 1830 parte.
1229 1796 1322 1830 Super·
1376 1793 1495 1820 Scribon.
1505 1793 1549 1827 Ep.
1586 1792 1650 1818 Non
1664 1791 1784 1826 ignorata
1798 1791 1906 1826 quidem
1919 1791 1952 1818 ab
1965 1792 2164 1827 antiquioribus
2177 1793 2346 1828 Scribon.97.
2365 1792 2398 1820 V‘

271 1840 329 1866 cilii
343 1837 472 1870 altitudo,
493 1843 590 1871 quanta
606 1836 876 1869 Antepagmentorum
891 1832 918 1857 in
935 1832 1034 1857 sumnia
1050 1838 1121 1864 parte
1138 1832 1190 1857 erit
1211 1831 1322 1857 crassitu.
1332 1838 1365 1863 45
1377 1829 1542 1863 antiquiores
1556 1828 1624 1855 Cels.
1637 1836 1646 1854 1
1662 1828 1744 1862 praef.
1765 1828 1864 1854 Curius
1878 1832 1903 1853 et
1916 1827 2052 1853 Fabricius
2065 1833 2091 1853 et
2100 1829 2281 1862 Coruncanus‚
2299 1828 2423 1864 antiquit}

271 1875 315 1902 do.
351 1875 503 1903 Cvmatium
525 1871 676 1898 faciendum
695 1870 730 1896 cst
746 1867 947 1903 Antepagmenti
968 1872 1040 1901 parte
1055 1867 1133 1893 sexta.
1170 1867 1237 1892 Cato
1251 1866 1282 1892 de
1291 1867 1322 1892 R.
1379 1865 1436 1891 sinii
1450 1865 1504 1890 viri
1522 1864 1620 1890 nostri:
1646 1870 1671 1889 et
1685 1863 1725 1889 his
1739 1863 1904 1898 antiquiores
1931 1863 2040 1889 Horatii
2055 1862 2097 1889 illi
2114 1864 2252 1898 trigemini
2271 1865 2338 1892 Gell.
2354 1873 2375 1898 ι,
2386 1872 2420 1891 ιο.

271 1911 303 1938 R.
318 1919 363 1943 14,
375 1903 390 1936 ‘2
403 1917 428 1936 et
441 1920 459 1944 4
478 1912 505 1935 in
519 1907 622 1935 locanda
640 1906 712 1932 uillae
731 1904 901 1940 aedificatione
921 1906 993 1929 etiam
1010 1906 1086 1937 ponit
1106 1903 1323 1936 Antepagmenta.
1378 1899 1557 1934 Antiquiffimi
1572 1899 1744 1925 Macedoniae
1757 1907 1831 1932 reges
1858 1899 1932 1925 Curt.
1948 1904 1971 1930 8,
1984 1904 2007 1931 8,
2018 1907 2039 1931 3.
2081 1899 2137 1925 Cic.
2152 1901 2227 1926 Vei-r.
2244 1910 2264 1934 1,
2278 1903 2310 1934 56
2328 1906 2382 1935 cap.
2395 1907 2419 1927 2¹

271 1948 313 1974 Sic
326 1950 352 1972 in
366 1946 423 1979 lege
437 1945 532 1979 parieti
548 1942 674 1969 faciundo
689 1941 755 1976 apud
769 1943 841 1966 Grut.
860 1949 883 1974 p.
898 1947 950 1973 207
977 1939 1184 1973 Antepagmenta
1197 1937 1325 1971 abiegnea
1378 1936 1492 1967 Vereor,
1511 1943 1543 1960 ne
1559 1933 1621 1960 haec
1635 1934 1706 1959 forte
1719 1934 1842 1968 cuiquam
1855 1934 1936 1959 nimis
1957 1935 2066 1969 antiqua
2078 1940 2104 1961 et
2119 1935 2171 1961 iam
2188 1935 2308 1964 obsoleta
2318 1936 2418 1964 videan-
2432 1928 2436 1962 l

307 1996 353 2000 ——
388 1981 587 2013 cumatiunique
601 1977 642 2012 (f.
655 1976 871 2009 cymatiumque)
892 1975 1025 2008 inponito.
1063 1989 1108 1994 --
1142 1974 1262 2008 Tegulas
1271 1973 1324 2007 pri·
1378 1977 1431 1998 tur.
1489 1972 1530 1998 Sic
1551 1970 1671 2004 Antiquo
1691 1978 1771 2004 opere
1790 1978 1818 1995 ac
1838 1969 1938 1995 summa
1957 1976 2012 1995 arte
2031 1969 2149 2003 perfe&o
2169 1971 2224 1998 Cic.
2241 1974 2357 2006 Veri-24,
2377 1968 2417 2006 i72.

271 2026 360 2044 mores
375 2025 467 2043 omnes
480 2016 509 2041 in
521 2016 730 2047 Antepagmento
743 2011 817 2036 ferro
832 2010 917 2044 figito.
967 2009 1037 2035 Illud
1048 2017 1112 2035 certe
1128 2016 1233 2044 apparet
1245 2010 1362 2039 Ante-50
1379 2008 1445 2033 Item
1459 2006 1516 2033 A&
1531 2015 1539 2032 i
1562 2006 1590 2032 in
1603 2006 1679 2031 Verr.
1694 2014 1723 2038 14
1737 2014 1758 2031 c.
1773 2013 1786 2037 5
1808 2004 1914 2031 Affabre
1927 2010 2005 2039 atque
2024 2005 2199 2040 antiquiffimo
2211 2008 2326 2035 artificio
2338 2005 2417 2034 fac-hi:

271 2059 409 2088 pagmenta
423 2061 470 2078 non
484 2057 580 2077 tantum
593 2058 619 2074 ea
635 2046 677 2081 effi*
690 2052 833 2074 ornamenta
842 2065 849 2077 ‚
868 2044 954 2080 quihus
969 2046 1052 2070 Aurae
1059 2044 1083 2079 s.
1094 2043 1242 2076 Par-astades
1253 2043 1326 2103 zgeffilli-
1380 2043 1452 2068 deus.
1490 2042 1590 2068 Cedrus
1604 2041 1715 2076 antiqua
1729 2041 1804 2075 Virg.
1819 2041 1885 2066 Aen.
1900 2048 1926 2075 7,
1941 2045 1993 2074 178.
2030 2040 2136 2067 Tibull.
2150 2050 2169 2074 i,
2183 2051 2202 2075 1,
2215 2051 2239 2079 3¹
2259 2043 2416 2070 Fiffiliaan.

272 2096 361 2119 untur,
376 2088 425 2122 Ji’d
443 2090 516 2113 etiam
534 2089 560 2111 in
579 2086 638 2111 aliis
653 2083 772 2119 partibus
790 2082 944 2116 aliquantum
961 2079 1121 2105 eminentibus
1135 2086 1179 2104 aut
1187 2081 1259 2113 proie
1287 2082 1325 2108 is,
1378 2077 1468 2110 tiquus
1487 2078 1604 2109 primum
1624 2077 1674 2102 fibi
1692 2077 1757 2103 fecit
1776 2076 1891 2110 agrestis.
1928 2076 1985 2102 Cic.
2000 2077 2053 2102 Att.
2068 2085 2094 2109 9,
2107 2085 2124 2110 9
2149 2078 2221 2103 Tres
2233 2072 2353 2112 epistolas
2367 2084 2416 2102 tua:

271 2124 447 2160 vtfenestris,
467 2123 568 2148 mutulis
582 2127 626 2146 etc.
664 2119 798 2154 ubicunque
812 2124 894 2152 nempe
913 2115 1011 2151 aliquid
1029 2122 1089 2152 ante
1104 2114 1229 2149 pangitur
1243 2124 1251 2145 ;
1286 2114 1326 2139 vel
1378 2111 1465 2145 accepi
1478 2111 1606 2150 postridie
1620 2111 1687 2149 idus.
1723 2112 1803 2137 Erant
1816 2118 1903 2137 autem
1916 2111 1978 2138 illae
1990 2113 2084 2139 tertiae
2097 2112 2184 2147 pridie
2201 2112 2261 2138 Idus
2274 2112 2356 2138 datae.
2375 2111 2420 2147 lgii

271 2163 388 2186 eminenti
407 2165 549 2186 ornamento
569 2154 683 2189 vestitur.
720 2154 923 2188 Antipagmenta
931 2152 1005 2187 forte
1014 2151 1139 2186 jcri'psere
1154 2149 1271 2186 quidam,
1295 2155 1323 2175 vt
1379 2152 1422 2172 tur
1433 2145 1738 2185 antiquissimaencuique
1756 2146 1873 2179 primum
1881 2147 2062 2184 respondebo.
2107 2149 2162 2175 Cic.
2179 2148 2272 2181 Qiint.
2287 2146 2418 2179 Frats3‘r.

272 2196 419 2227 Anfidhac,
441 2193 562 2220 Antistes.
599 2192 806 2225 Antepagnienta
827 2189 856 2214 ab
881 2188 957 2214 Antis
980 2187 1131 2223 distinguere
1151 2186 1235 2212 docuit
1254 2188 1322 2212 Dan.
1337 2190 1365 2215 53
1379 2183 1451 2209 Nam
1465 2181 1533 2207 inihi
1547 2189 1600 2207 vno
1614 2179 1657 2206 die
1673 2186 1726 2206 tres
1741 2181 1800 2206 sunt
1812 2179 1931 2206 redditae
1941 2200 1949 2212 ,
1969 2187 1994 2206 et
2007 2182 2132 2215 quidem,
2153 2189 2183 2210 vt
2195 2183 2370 2215 videbantur,
2389 2175 2423 2212 ,ΤΔ

270 2232 400 2259 Barbarus
413 2230 447 2256 ad
460 2230 528 2256 Vitr.
542 2229 558 2254 l.
575 2237 597 2253 c.
611 2234 634 2253 et
649 2225 751 2261 Salmas.
765 2225 798 2251 ad
810 2224 892 2250 Solin.
909 2233 933 2257 p.
948 2226 1009 2256 836,
1024 2224 1073 2249 aE.
1380 2218 1440 2244 deni
1454 2217 1499 2244 abs
1513 2223 1538 2243 te
1552 2216 1626 2256 datae
1647 2222 1780 2250 tempore:
1800 2224 1851 2242 vna
1866 2215 1986 2250 pluribus
2000 2216 2104 2249 verbis,
2124 2218 2211 2252 inqua
2226 2220 2343 2253 primum
2360 2216 2391 2245 e'

317 2274 368 2293 AN
378 2273 471 2293 T11’A
482 2272 502 2292 T
512 2272 532 2291 H
542 2271 557 2290 E
567 2271 589 2291 s,
623 2260 783 2294 [ἐντιπαθὴς]
800 2259 1027 2294 Gemmaespecies‚
1049 2258 1077 2284 de
1093 2267 1141 2293 qua
1158 2256 1225 2283 Plin.
1240 2263 1281 2290 37,
1296 2264 1324 2282 10
1379 2253 1451 2288 quod
1471 2253 1608 2286 antiquior
1622 2251 1677 2291 dies
1690 2252 1718 2277 in
1733 2252 1784 2277 tuis
1798 2252 1886 2278 fuiss‘et
1906 2251 2035 2286 adscripta
2048 2253 2150 2286 literis,
2166 2262 2244 2288 quam
2258 2254 2286 2280 in
2300 2255 2370 2281 Caes
2388 2268 2405 2287 r„

270 2303 289 2330 s.
305 2311 338 2338 54
356 2301 510 2336 Antipathes
525 2300 600 2333 nigra
615 2318 623 2330 ,
645 2307 699 2324 non
712 2296 863 2324 translucet.
907 2295 1126 2329 Experimentum
1146 2293 1219 2325 eius,
1245 2291 1262 2316 fi
1279 2300 1323 2317 co-
1378 2290 1463 2315 Censu
1484 2289 1595 2322 antiquo
1614 2287 1688 2313 diues
1713 2288 1780 2313 Hor.
1802 2287 1882 2313 serm.
1899 2296 1927 2319 2,
1942 2296 1970 2319 3,
1986 2289 2040 2320 169.
2083 2290 2190 2315 Amicus
2204 2290 2328 2325 antiquus
2345 2291 2401 2322 Οιι7
2419 2319 2421 2324 ¹

272 2345 368 2374 quatur
383 2339 411 2364 in
424 2337 503 2363 laete:
518 2336 581 2362 facit
595 2334 666 2360 enim
680 2333 730 2359 hoc
744 2331 867 2364 myrrhae
881 2330 964 2356 simile
979 2331 1099 2356 immiisa.
1155 2329 1218 2354 Eam
1232 2333 1324 2353 contra
1378 2333 1409 2351 ex
1423 2326 1495 2351 Pont.
1510 2332 1536 2357 2,
1548 2333 1571 2356 3,
1585 2332 1625 2357 93.
1661 2323 1763 2358 Hospes
1785 2323 1865 2358 Plant.
1880 2323 1973 2349 Bacch.
1986 2331 2012 2355 2,
2026 2332 2047 2356 3,
2062 2332 2105 2359 27.
2145 2326 2195 2352 Hic
2208 2335 2271 2358 non,
2292 2335 2363 2362 quam
2389 2335 2401 2354 ιε

272 2374 478 2401 effascinationes
492 2371 633 2402 auxiliari,
654 2369 725 2404 magi
745 2368 847 2394 volunt.
884 2366 945 2401 Inde
959 2373 1043 2401 nempe
1055 2373 1141 2392 nomen
1154 2364 1241 2391 habere
1257 2362 1324 2389 vide·
1333 2364 1368 2389 60
1396 2363 1434 2387 uis
1454 2363 1564 2392 vixerit,
1589 2362 1734 2395 quaeritur‚·
1760 2358 1890 2394 Sed‘quam
1904 2358 1945 2384 diu
1960 2360 2058 2385 amicus
2081 2367 2124 2386 aut
2138 2360 2229 2396 hospes
2238 2365 2334 2397 suerit.

273 2418 323 2437 tur.
377 2409 447 2436 Add.
464 2408 540 2443 Apul.
555 2406 631 2441 Apol.
645 2414 738 2441 p.294,
758 2414 786 2430 ex
800 2403 913 2430 Laeuio.
1391 2417 1397 2423 .
1412 2405 1421 2422 1
1443 2397 1474 2422 D.
1490 2396 1523 2422 de
1537 2395 1605 2421 Albo
1618 2394 1696 2421 scrib.
1733 2395 1806 2420 Inter
1820 2395 2210 2431 Duumuirales,antiquissimus
2218 2398 2330 2432 quisque
2340 2390 2421 2432 pff*

309 2453 330 2472 A
340 2451 363 2471 N
372 2453 393 2472 T
403 2453 412 2471 1
422 2452 436 2472 P
445 2452 467 2471 A
476 2452 497 2472 T
507 2451 527 2471 H
538 2445 551 2470 ι·
561 2451 581 2470 A
592 2463 599 2475 ‚
621 2450 660 2468 ac.
686 2439 870 2473 [ἀντιπάθειαι]
888 2438 952 2464 Plin.
962 2445 1024 2470 32‚2
1033 2436 1050 2463 s.
1060 2445 1087 2463 12
1108 2434 1189 2469 Qiod
1203 2433 1235 2461 ad
1249 2443 1325 2469 repu-
1380 2436 1399 2459 i.
1412 2435 1454 2468 qui
1466 2438 1523 2458 ante
1536 2433 1642 2471 reliquos
1654 2432 1777 2470 Duumuir
1785 2430 1851 2466 fuit.
1889 2431 1957 2456 Ter.
1972 2430 2021 2457 Ad.
2035 2439 2058 2464 ς,
2071 2440 2094 2464 3,
2109 2435 2143 2458 26
2168 2433 2282 2459 Eandem
2295 2433 2370 2460 inam
2400 2424 2422 2453 θ’

273 2482 406 2516 gnantiam
426 2490 515 2507 rerum
529 2479 638 2511 attinet,
670 2486 749 2512 quarn
763 2475 858 2502 Graeci
871 2474 1045 2509 antipathiam
1059 2477 1172 2504 vocant,
1192 2470 1261 2496 nihil
1287 2470 1324 2496 est
1379 2469 1481 2495 tionem
1496 2473 1631 2502 antiquam
1644 2466 1752 2496 obtine,
1770 2469 1788 2492 i.
1797 2466 1872 2502 serua
1884 2475 1990 2498 morem,
2006 2475 2073 2501 quem
2086 2475 2144 2493 ante
2154 2468 2270 2501 habuisti.
2306 2468 2344 2495 ld.
2358 2469 2385 2495 H
2408 2481 2418 2490 ι·

273 2526 382 2552 vsquani
396 2516 559 2548 venenatius,
568 2523 646 2550 quam
655 2514 682 2539 in
690 2512 758 2539 mari
773 2511 902 2546 pastinaca
915 2518 960 2536 etc.
996 2509 1070 2536 Idem
1078 2517 1123 2543 24,
1136 2516 1153 2541 9
1188 2505 1326 2533 Mirabilis
1378 2512 1400 2538 ς,
1416 2515 1450 2538 4,
1465 2509 1489 2534 18
1515 2503 1659 2543 Antiqua-m
1674 2508 1746 2528 tuam
1759 2501 1919 2541 venustatem
1932 2501 2037 2528 obtines
2053 2517 2099 2522 —
2119 2504 2155 2529 Ac
2168 2509 2197 2530 tu
2209 2498 2415 2537 ecastor¹inbren

273 2552 427 2587 antipathia.
502 2551 640 2577 Remedium
671 2551 825 2576 contrarium
835 2546 968 2583 fignificat
986 2545 1054 2571 Plin.
1073 2553 1123 2576 20,
1152 2553 1170 2577 4
1191 2544 1210 2569 s.
1225 2551 1249 2575 13
1267 2542 1322 2569 Vbi
1334 2550 1366 2580 65·
1381 2541 1521 2575 antiquom
1535 2541 1613 2574 atque
1626 2539 1762 2573 ingenium
1775 2537 1888 2578 obtines.
1926 2539 2006 2577 lic-iam
2019 2537 2126 2573 absolute
2138 2539 2220 2566 Andr.
2228 2548 2256 2573 4,
2264 2541 2290 2571 6,
2299 2547 2329 2565 22
2347 2538 2413 2573 Opti

274 2589 362 2615 acrior
381 2586 491 2621 raphani
499 2587 631 2613 medicina
644 2585 750 2612 admota
763 2584 808 2616 sit,
828 2583 964 2617 hyssopum
978 2581 1036 2608 dari
1050 2580 1171 2615 protinus
1185 2579 1325 2614 imperant.
1379 2585 1422 2602 me
1438 2576 1530 2610 hospes
1549 2575 1609 2610 pol,
1635 2571 1726 2606 Crito,
1751 2578 1890 2608 antiquum
1904 2572 2016 2599 obtines.
2072 2575 2104 2599 Et
2121 2577 2149 2600 in
2162 2575 2331 2611 obiurgatione
2341 2574 2414 2600 Plau!

274 2625 345 2651 Haec
359 2623 505 2658 antipathia
517 2622 562 2648 est.
583 2620 737 2655 Antipathia
763 2624 837 2646 etiam
857 2617 890 2652 est
918 2617 1034 2653 quaedam
1065 2621 1234 2651 temperatura
1252 2614 1327 2650 ferri
1380 2612 1496 2639 Mostell.
1512 2620 1534 2644 3,
1547 2620 1573 2643 2,
1589 2619 1634 2637 102
1654 2609 1801 2643 Antiquum
1820 2608 1924 2635 obtines
1937 2607 1988 2648 hoc
2003 2614 2094 2641 tuum,
2114 2609 2202 2636 tardus
2215 2617 2244 2636 vt
2260 2610 2299 2636 sis.
2336 2608 2416 2636 Nobis

273 2660 330 2687 ruhi
349 2663 386 2685 im'
405 2656 515 2693 reyistens
528 2657 594 2692 apud
607 2657 674 2682 Plin.
686 2665 727 2688 34,
741 2663 766 2688 15
808 2655 829 2680 A
842 2654 970 2688 rubigine
997 2652 1150 2679 vindicatur
1169 2651 1271 2681 cerusa,
1299 2655 1325 2676 et
1380 2648 1450 2674 libus
1464 2647 1580 2682 antiquis
1595 2652 1667 2672 ortus
1681 2644 1810 2683 Laudatur
1830 2643 1963 2684 QiinGtil.
1979 2653 2001 2676 3,
2018 2649 2040 2674 8.
2078 2645 2124 2671 Sed
2135 2655 2183 2671 non
2196 2637 2355 2672 inuenieZam.
2384 2638 2414 2680 ις’]

275 2705 324 2731 gyp
337 2705 370 2727 o,
391 2701 417 2721 et
439 2693 543 2729 liquida
565 2693 630 2728 pice.
673 2693 745 2718 Haec
765 2689 800 2716 est
819 2696 1013 2725 temperatura,
1039 2698 1054 2715 a
1085 2687 1193 2715 Graecis
1216 2687 1325 2721 Antipa-
1379 2684 1438 2710 tull.
1453 2686 1498 2718 67,
1514 2686 1550 2716 64
1578 2683 1623 2709 Me
1641 2680 1715 2707 Sidus
1736 2681 1764 2707 in
1783 2686 1899 2715 antiquis
1914 2680 1983 2706 Diua
2004 2689 2104 2706 nouum
2118 2681 2222 2715 posuit,
2238 2683 2257 2707 i.
2269 2683 2297 2707 in
2309 2683 2340 2717 ii=
2398 2673 2419 2688 '⁴

275 2732 333 2759 thia
353 2730 432 2757 dicta.
1277 2757 1283 2762 ᾗ
1332 2731 1368 2760 70
1380 2722 1439 2762 olim
1447 2719 1532 2755 fuere.
1568 2718 1649 2760 Stirps
1662 2717 1770 2752 antiqua
1784 2716 1859 2757 Virg.
1875 2717 2042 2759 Aen31,⁴626.
2238 2713 2260 2759 ff
2279 2725 2296 2744 2
2314 2717 2336 2744 Α

311 2775 333 2794 A
342 2774 363 2794 N
371 2773 392 2793 T
402 2765 412 2792 ἷ
421 2773 436 2793 Ρ
447 2772 467 2792 H
477 2762 498 2791 A'
507 2771 528 2791 T
537 2770 553 2791 Ε
563 2771 584 2791 s.
604 2761 790 2797 [Ἀντιφάτης]
815 2761 896 2787 Filius
903 2760 992 2787 nothus
1000 2758 1159 2795 Sarpedonis,
1177 2757 1245 2794 apud
1250 2759 1325 2792 Virg.
1381 2755 1499 2782 dicuntur
1511 2753 1655 2791 grandaeua.
1713 2753 1783 2778 Auus
1797 2759 1921 2787 antiquus
1946 2752 1965 2778 Γ
1967 2750 2043 2777 ibull.
2058 2759 2078 2783 i,
2092 2759 2111 2783 i,
2125 2752 2165 2790 36.
2202 2752 2304 2787 Iupiter
2316 2753 2334 2779 P
2374 2778 2382 2788 ⁷
2402 2779 2411 2782 ⁷,

275 2804 341 2830 Aen.
356 2811 382 2835 9,
395 2804 456 2836 696.
653 2796 674 2836 ff
695 2807 711 2824 z
738 2796 892 2831 Antiphates
912 2804 957 2822 rex
977 2794 1190 2831 Latstiygonum,=¹
1210 2803 1225 2821 a
1239 2793 1327 2830 quibus
1381 2800 1422 2824 30,
1434 2796 1473 2821 28.
1493 2798 1516 2817 et
1532 2799 1560 2824 4,
1573 2798 1639 2823 4,.2.
1692 2787 1816 2815 SeneE‘uis
1836 2787 1974 2823 antiquior
1991 2787 2103 2813 Hieron.
2125 2786 2203 2821 Epist.
2217 2788 2249 2815 ad
2264 2788 2344 2815 Pauli.
2364 2792 2380 2811 a*
2397 2815 2411 2832 Ἰ

279 2838 391 2874 llgystes,
425 2840 521 2872 eiusque
531 2835 597 2872 socii
610 2833 644 2861 ad
662 2843 736 2860 onum
760 2832 880 2867 discerpti
896 2830 978 2865 esti-nt,
1000 2831 1046 2864 nili
1060 2831 1169 2867 funibus
1181 2839 1328 2856 ancorarum
1381 2826 1454 2853 cord.
1476 2827 1550 2863 Conf.
1564 2825 1668 2860 Vulgat.
1688 2824 1788 2857 10b133,
1802 2825 1827 2850 6.
1863 2822 2041 2850 Eumenidum
2060 2822 2236 2857 antiquissima
2252 2824 2314 2851 Stat.

269 2868 390 2911 praei-ists
404 2875 582 2910 quamprimum
597 2880 607 2896 e
616 2877 693 2906 portu
701 2868 845 2906 Jbltcilletit,
856 2867 908 2904 ι[ξ’-[ὲ
927 2877 953 2893 ue
973 2870 1000 2893 in
1012 2869 1089 2893 altum
1103 2864 1259 2901 recepiſjent:
1280 2873 1325 2901 quo
1380 2870 1407 2897 7,
1421 2869 1484 2897 477.
1520 2861 1589 2888 Add.
1608 2860 1696 2888 Barth.
1719 2861 1880 2887 commentar.
1904 2862 1933 2885 it.
1953 2858 2061 2885 Aduers.
2074 2866 2121 2891 50,
2137 2867 2174 2885 12.
2407 2885 2409 2887 ¹

273 2920 303 2937 ex
312 2912 424 2946 periculo
437 2916 517 2935 tamen
530 2917 579 2933 non
592 2915 673 2933 omnes
686 2914 760 2931 naues
766 2904 882 2940 seruatae
891 2877 969 2938 JZnt,
981 2902 1028 2939 sed
1040 2903 1134 2938 aIIquot
1152 2911 1205 2927 cum
1219 2900 1326 2927 veHori—
1338 2908 1370 2936 73
1381 2899 1439 2925 Cum
1452 2898 1554 2925 laudare
1560 2897 1657 2934 soleant
1669 2896 1779 2923 homines
1785 2896 1917 2935 inperiora
1930 2904 1959 2921 ac
1967 2897 2124 2930 praeterita,
2141 2891 2316 2930 hincfaflum,
2328 2901 2358 2922 vt
2370 2903 2372 2906 '

275 2947 319 2973 bus
329 2949 468 2982 perierunt.
507 2945 657 2970 Narrantur
670 2941 729 2968 haec
741 2940 771 2966 ab
785 2937 865 2974 Vbffe
879 2937 984 2973 Odyffia
1011 2945 1038 2964 K.
1083 2937 1209 2964 Meminit
1217 2937 1284 2963 Hor.
1293 2936 1326 2962 de
1379 2934 1468 2968 tiqnus
1476 2938 1550 2960 etiam
1558 2933 1630 2970 Jiiepe
1638 2931 1671 2958 ad
1678 2931 1772 2959 laudem
1778 2934 1946 2965 sinceritatis,
1964 2930 2090 2963 candoris,
2108 2928 2288 2967 honestatisque
2300 2930 2359 2958 adeo
2377 2951 2379 2953 v

276 2983 340 3008 Arte
354 2983 424 3008 Po'e‘t.
441 2986 494 3015 145.
514 2978 568 3005 vid.
581 2978 662 3004 etiam
676 2977 755 3008 sits,
770 2983 817 3009 531.
836 2981 859 3001 et
873 2978 933 3010 quae
945 2974 981 3000 ihi
992 2973 1124 3000 adnotauit
1133 2973 1222 3000 cellar.
1244 2971 1326 2999 Ouid.
1380 2970 1465 3006 versae
1478 2969 1612 3006 referatur,
1646 2977 1671 2995 v.
1693 2977 1719 3004 g.
1762 2967 1818 2994 Cic.
1838 2976 1887 3001 pro
1908 2966 2000 3000 Quint.
2022 2968 2053 2999 56
2079 2965 2152 3000 Qiid
2167 2967 2241 2993 tuni?
2268 2973 2297 2993 tu
2308 2967 2345 2994 aii
2362 2960 2366 2970 ’
2380 2987 2381 2991 ,

277 3019 341 3044 Met.
357 3026 396 3050 14,
423 3025 481 3050 234·
524 3014 606 3041 Rutil.
621 3013 682 3040 ltin.
693 3021 712 3045 i,
726 3017 778 3044 382.
1381 3011 1522 3047 patronum
1542 3004 1660 3032 inuenies
1674 3002 1811 3030 hominem
1833 3003 1946 3038 antiqui*
1957 3000 2055 3033 officii,
2073 3001 2294 3037 quisplendorem
2306 2976 2378 3032 noli.

312 3061 333 3080 A
343 3060 363 3079 N
373 3060 394 3079 Τ
404 3059 464 3079 ιΡΗ
477 3058 520 3078 ER
530 3057 593 3082 ΝΑ,
615 3050 628 3083 [
637 3049 784 3083 οἰντίφερνσι]
806 3045 924 3072 dicuntur
937 3053 980 3077 ea,
1020 3053 1068 3070 uae
1083 3043 1194 3071 maritus
1210 3042 1326 3070 constan·
1381 3048 1407 3068 et
1422 3042 1532 3076 gratiam
1548 3040 1678 3076 negligat?
1699 3039 1772 3066 Ideni
1787 3047 1836 3074 pro
1843 3039 1918 3066 Rosc.
1928 3039 2016 3065 Amer.
2031 3048 2052 3065 c.
2068 3046 2096 3064 10
2117 3038 2146 3064 In
2161 3046 2213 3073 qua
2227 3038 2377 3071 mulieree

278 3093 304 3114 te
322 3087 495 3114 matrimonio
514 3087 593 3113 vxori
613 3086 672 3111 suae
686 3082 756 3120 quafi
767 3080 979 3109 *remunerandae
1016 3080 1068 3106 otis
1082 3081 1155 3106 causa
1168 3079 1290 3114 largitur.
1309 3079 1327 3106 l.
1339 3083 1370 3110 80
1382 3087 1451 3104 nunc
1460 3097 1467 3109 ‚
1485 3077 1555 3112 quali
1570 3075 1682 3111 exempli
1695 3075 1778 3107 causa,
1796 3074 1907 3109 vestigia
1919 3074 2023 3109 antiqui
2034 3072 2118 3100 officii
2129 3081 2274 3103 remanent.

248 3144 254 3149 ,
279 3123 328 3150 vlt.
344 3125 373 3150 C.
388 3124 420 3150 de
434 3124 522 3150 donat.
536 3128 594 3149 ante
609 3128 681 3156 nupt,
720 3118 774 3146 vid.
789 3119 900 3145 Hottom.
915 3116 944 3142 de
962 3117 1015 3142 Vet.
1029 3117 1083 3142 Rit.
1100 3117 1179 3150 Nupt.
1192 3122 1246 3150 cap.
1254 3117 1280 3141 6.
1381 3111 1519 3146 testimonio
1529 3112 1586 3147 fit,
1610 3113 1666 3139 olim
1677 3109 1755 3148 fuisti·
1774 3111 1884 3136 homines
1905 3117 1976 3136 tanto
1997 3108 2077 3144 officio
2102 3116 2126 3136 et
2144 3110 2273 3145 probitate
2285 3116 2367 3146 prae

316 3165 337 3185 Α
348 3166 368 3185 Ν
378 3166 399 3185 Τ
410 3158 443 3186 ‘ii⁴
454 3167 473 3186 H
485 3158 501 3185 i}
512 3166 530 3185 R
540 3166 560 3185 0
570 3166 607 3190 N,
628 3157 707 3184 ontis.
727 3165 762 3181 in.
786 3152 954 3188 [ἐπιφέρων]
979 3154 996 3178 ι’.
1005 3151 1109 3178 Obuiam
1117 3150 1253 3186 sesercns‚-
1269 3160 1327 3186 qua·
1381 3149 1432 3176 Vir
1445 3149 1569 3184 antiquus
1583 3154 1608 3175 et
1621 3147 1707 3183 grauis
1719 3146 1839 3181 Pompeii
1855 3152 1939 3181 partes
1955 3142 2073 3173 laudaret
2085 3147 2168 3180 magis
2176 3166 2185 3179 ,
2209 3145 2323 3181 prudens
2337 3147 2373 3173 fe·-

280 3194 324 3219 Ieni
338 3203 366 3219 ex
379 3193 510 3226 Aristotclc
525 3194 640 3231 destribit
654 3193 749 3220 Seneca
764 3190 826 3216 Nat.
841 3187 949 3223 Quat-st.
964 3196 982 3218 i,
996 3195 1007 3219 3
1041 3186 1097 3220 Qui
1109 3183 1160 3212 hoc
1175 3195 1271 3221 genere
1285 3195 1328 3212 va·
1382 3190 1458 3211 retur
1473 3185 1589 3212 Caesaris
1603 3183 1671 3211 Vell.
1682 3192 1707 3216 2,
1722 3190 1768 3216 49,
1780 3190 1807 3215 4.
1845 3181 1927 3215 Qtod
1942 3181 2050 3214 scribis,
2076 3181 2191 3217 asperius
2204 3191 2260 3214 me,
2298 3190 2361 3210 uam

282 3229 406 3255 letudinis
428 3229 544 3262 laborat,
568 3236 596 3256 vt
610 3229 663 3265 ipse
683 3227 732 3255 sibi
751 3225 873 3254 videatur
892 3231 1046 3255 occurrere,
1078 3228 1106 3249 vt
1120 3221 1221 3257 vbique
1235 3222 1329 3257 imagi·
1381 3221 1515 3255 patiantur
1534 3229 1637 3253 mores,
1660 3217 1797 3254 scripsisse,
1828 3218 1891 3244 vide
1914 3226 1992 3252 quam
2023 3217 2069 3244 sim
2093 3217 2266 3253 antiquorum
2303 3217 2370 3251 01:2¹¹

282 3273 343 3291 nem
359 3265 428 3290 suam
443 3271 538 3291 cernat,
718 3260 720 3263 '
1341 3260 1370 3289 85
1383 3256 1441 3283 Cic.
1457 3257 1510 3283 Att.
1525 3265 1551 3289 9,
1566 3264 1598 3289 ις.
1636 3257 1678 3283 Ita
1689 3257 1762 3281 etiam
1775 3254 1891 3288 Antiqua
1905 3253 1962 3280 Sen.
1977 3253 2009 3280 de
2021 3254 2112 3280 Benef.
2131 3262 2155 3286 3,
2175 3255 2204 3279 16
2223 3260 2327 3280 vocatur
2352 3253 2361 3259 ’

304 3307 339 3327 ,Α
350 3306 400 3326 ΝΤ
411 3298 422 3325 ἴ
432 3306 445 3325 Ρ
455 3306 473 3325 u
484 3301 531 3325 GN
541 3307 576 3330 A,
602 3309 640 3326 ae.
673 3299 692 3326 f.
725 3298 782 3326 Scit.
797 3297 894 3324 Cautio.
921 3293 1085 3328 [ἅντῖφωνος]
1107 3294 1167 3319 Vox
1182 3292 1328 3328 reciproca,
1376 3292 1517 3327 probitatis
1523 3291 1652 3327 studiosa,
1672 3290 1720 3317 nori
1733 3290 1821 3316 cultus.
1859 3289 1914 3316 Cic.
1931 3298 1979 3324 pro
1994 3290 2068 3316 Rosc.
2082 3290 2170 3316 Amer.
2184 3290 2220 3316 26
2239 3284 2353 3316 Homin'

282 3335 386 3362 duobus
407 3333 495 3360 choris
518 3335 666 3362 alternatim
687 3331 872 3370 psallentibus,
897 3333 1032 3366 interprete
1058 3328 1160 3357 liidoro
1174 3330 1201 3361 6,
1217 3337 1252 3362 ¹9·
1289 3330 1328 3356 De
1384 3327 1471 3363 tiqui,
1489 3328 1537 3363 qui
1551 3337 1583 3354 ex
1596 3328 1640 3354 sua
1654 3332 1747 3354 natura
1759 3331 1876 3352 caeteros
1888 3325 2026 3360 fingerent,
2049 3323 2173 3359 vbisimul
2187 3325 2224 3351 ali
2239 3334 2294 3352 uam
2298 3323 2328 3359 st
2351 3319 2364 3348 l·'

282 3370 486 3406 antiphonarum
499 3372 593 3405 origine
607 3378 629 3396 ct
640 3369 783 3408 progreffii,
803 3367 1004 3402 uid.SpeImanni
1012 3357 1085 3399 Gsoff
1383 3370 1407 3390 et
1419 3367 1509 3390 nimiae
1514 3363 1689 3399 simplicitatis
1699 3361 1875 3397 accusationem
1889 3364 2013 3393 continet,
2037 3367 2067 3388 vt
2078 3360 2098 3387 οἶ
2111 3363 2189 3393 χαῖος.
2238 3369 2256 3387 n
2270 3360 2340 3387 laude
2359 3376 2361 3379 ·

320 3415 340 3434 A
350 3414 369 3433 N
380 3413 400 3433 T
410 3415 418 3432 1
428 3413 442 3432 1‘
452 3413 470 3431 Η
481 3412 498 3431 n
508 3402 547 3431 As
557 3413 563 3430 i
575 3412 596 3431 s.
617 3406 634 3431 s.
651 3405 815 3442 [άντιφρασις]
827 3405 942 3440 Figuram
950 3400 993 3435 effe
1000 3402 1095 3433 volunt,
1103 3409 1174 3436 quum
1178 3406 1224 3435 per
1231 3406 1328 3426 contra·
1382 3399 1487 3431 dicitur,
1523 3400 1614 3426 Homo
1631 3397 1739 3432 antiqua
1759 3397 1859 3423 virtute
1878 3405 1906 3423 ac
1922 3397 1974 3424 fide
1991 3396 2060 3424 Ter.
2068 3371 2177 3430 Adelph.
2186 3404 2239 3428 3,3‚
2247 3401 2287 3429 89.
2326 3415 2330 3419 ,
2345 3391 2360 3441 ’.Ξ

282 3446 347 3469 rium
358 3441 432 3468 verba
444 3440 571 3471 dicuntur,
591 3447 619 3465 vt
632 3442 734 3474 Parcae,
742 3444 799 3478 quia
810 3441 902 3466 nemini
915 3443 1034 3473 parcant:
1043 3435 1084 3471 stc
1098 3437 1198 3468 Manes,
1209 3439 1266 3471 quia
1279 3445 1327 3462 non
1335 3444 1372 3469 90
1383 3436 1458 3470 Capt.
1469 3444 1488 3467 i,
1504 3443 1527 3466 2,
1541 3443 1574 3461 20
1597 3433 1646 3461 Ille
1665 3433 1772 3460 demum
1786 3433 1902 3468 antiquis
1923 3432 1959 3459 cst
1971 3431 2118 3459 adolescens
2137 3431 2266 3458 moribus.
2301 3432 2333 3459 M
2338 3444 2344 3453 ι»
2403 3455 2407 3459 .

277 3478 339 3514 sum
353 3478 418 3504 boni.
446 3477 555 3503 Manum
569 3478 642 3506 enim,
662 3480 759 3512 antiqui
773 3477 876 3503 Bonum
890 3473 1011 3500 dicebant.
1032 3473 1068 3498 Ex
1077 3472 1182 3498 Donato
1189 3478 1212 3497 et
1224 3471 1326 3498 Seruio.
1382 3471 1500 3506 antiquis
1519 3480 1559 3497 res
1580 3469 1627 3498 stat
1646 3469 1764 3496 Romana
1783 3469 1905 3504 virisque
1926 3469 1990 3495 Eun.
2001 3473 2042 3503 ap.
2062 3467 2118 3495 Cic.
2131 3468 2234 3502 Fragm.
2250 3467 2268 3494 l.
2280 3475 2294 3501 ς
2313 3465 2357 3494 de‘

285 3514 367 3539 Vnius
386 3511 462 3539 verbi
482 3511 597 3538 Ironiam
607 3519 678 3536 vocas
697 3512 780 3545 Beda,
813 3512 845 3538 de
858 3509 962 3545 Tropis
977 3508 1030 3535 Sac.
1040 3508 1134 3542 Script.
1154 3516 1178 3542 p.
1192 3515 1234 3540 352
1257 3508 1325 3534 Pith.
1382 3508 1423 3534 Sic
1436 3508 1491 3533 Iam
1506 3505 1555 3533 hoc
1568 3507 1652 3541 ipsum
1665 3503 1804 3540 pulchrum
1818 3510 1843 3531 et
1855 3505 2009 3539 antiquum,
2026 3503 2143 3529 senatum
2156 3502 2236 3530 ποθι·
2248 3500 2360 3532 dimiti“

285 3550 382 3576 Similia
395 3547 497 3575 Charis.
520 3546 536 3572 l.
553 3556 571 3579 4
598 3555 620 3579 p.
636 3554 696 3581 247.
715 3555 738 3573 et
747 3546 869 3574 Diomed.
884 3546 901 3573 1.
916 3554 931 3572 2
952 3553 977 3580 p.
990 3549 1046 3577 458.
1084 3543 1151 3570 Geli.
1163 3551 1194 3575 u,
1209 3550 1218 3569 i
1240 3543 1268 3568 de
1285 3552 1327 3569 no-
1382 3542 1436 3570 duo
1450 3543 1558 3575 vocari,
1583 3540 1673 3568 triduo
1687 3540 1819 3568 contineri
1844 3540 1908 3567 Plin.
1923 3540 1968 3574 Ep.
1979 3547 2005 3571 2,
2018 3546 2050 3564 11.
2086 3539 2128 3567 Sic
2139 3539 2215 3573 Virg.
2227 3539 2324 3574 Geor-g,
2346 3552 2361 3565 ,η

285 3587 346 3609 mine
359 3584 440 3610 multa
449 3603 457 3616 ,
477 3581 576 3610 Turba
589 3582 827 3610 Grammaticorum
842 3581 950 3609 nouicia
964 3579 1020 3608 nur?
1038 3578 1187 3614 ἐντίφμσιν,
1207 3585 1236 3604 vt
1250 3586 1327 3614 quae·
1381 3579 1432 3605 Res
1446 3579 1570 3614 antiquae
1581 3576 1665 3603 laudis
1678 3582 1704 3603 et
1716 3577 1789 3607 artis,
1807 3576 1835 3602 de
1844 3577 2008 3612 agricultura.
2205 3572 2226 3612 fl
2246 3583 2264 3607 4
2283 3568 2363 3605 A'ntffi

286 3618 473 3651 damalia,hoc
487 3625 594 3653 quoque
607 3616 660 3642 dici
676 3617 847 3645 tradiderunt.
887 3619 917 3644 Et
931 3625 968 3650 19,
1033 3614 1133 3649 Vulgus
1153 3614 1224 3640 enim
1238 3613 1328 3649 εἰκύρως
1344 3614 1434 3649 93Qci
1452 3614 1534 3640 verbis
1555 3615 1666 3649 antiquis
1685 3619 1708 3639 et
1722 3612 1818 3648 priscis
1837 3614 1928 3638 vtitur.
1955 3611 2059 3636 Dicitur
2071 3614 2095 3634 ot
2108 3608 2289 3644 Antiquarius.
2312 3609 2358 3636 v'C⁴
2390 3632 2402 3638 ,,

286 3654 326 3679 vcl
349 3654 414 3679 κατοὶ
435 3654 576 3689 ‹in-{Quem
596 3651 705 3678 obesum
718 3661 765 3686 pro
774 3654 866 3688 pingui
880 3660 958 3688 atque
970 3662 985 3680 v
1007 3651 1048 3677 eri
1061 3649 1139 3677 dixit.
1178 3652 1229 3676 Iam
1241 3650 1327 3683 Quin·
1382 3649 1454 3675 Brut.
1471 3657 1512 3684 137
1537 3649 1654 3675 Fuerunt
1673 3648 1753 3675 ctiam
1774 3649 1802 3674 in
1819 3651 1956 3674 oratorum
1976 3652 2088 3671 numero
2108 3644 2285 3672 mediocrium
2296 3642 2400 3677 irs

287 3687 408 3715 &iliauus
423 3698 442 3721 i,
456 3692 482 3722 6,
496 3697 528 3723 34
549 3687 668 3714 Etiamne
687 3696 701 3713 a
713 3690 851 3715 contrariis
871 3689 961 3724 aliqua
981 3687 1091 3714 sinemus
1104 3684 1192 3712 trahi?
1218 3691 1246 3711 vt
1259 3687 1328 3712 lucus
1382 3685 1508 3711 Mummii
1522 3685 1634 3716 fratres,
1653 3692 1768 3719 quorum
1781 3687 1869 3709 extant
1876 3679 2015 3707 amborum
2027 3680 2175 3707 orationes:
2195 3681 2302 3716 simplex
2314 3685 2341 3716 q·
2358 3695 2359 3701 κ
2381 3694 2384 3697 Δ

287 3723 349 3757 quia
363 3724 454 3750 vmbra
472 3733 566 3759 opacus
580 3731 671 3758 parum
684 3724 777 3749 luceat?
795 3726 822 3750 'et
835 3725 915 3757 ludus,
930 3724 993 3759 quia
1007 3723 1037 3750 fit
1050 3721 1193 3756 longiffime
1211 3720 1243 3747 ab
1257 3719 1328 3756 lusu?
1383 3720 1479 3746 Lucius
1494 3726 1519 3746 et
1534 3720 1672 3755 antiquus,
1689 3719 1797 3754 Spurius
1809 3722 1908 3748 autem,
1927 3716 1995 3741 etc.''
2009 3715 2050 3742 Sic
2061 3715 2166 3743 Laelius
2179 3716 2278 3744 dicitur
2289 3717 2327 3744 Vc

287 3765 313 3784 et
332 3760 380 3784 Dis
399 3760 460 3793 quia
480 3760 591 3786 minime
605 3758 693 3784 diues?
735 3758 783 3783 His
802 3757 959 3792 austoribus,
988 3763 1060 3786 immo
1078 3753 1148 3784 νεέἳα
1162 3759 1259 3783 ratione
1269 3757 1337 3784 duce,
1381 3755 1409 3781 in
1417 3755 1611 3788 eodemBi-uto,
1632 3752 1830 3784 vid.Vetustus,
1846 3751 1996 3777 invm’vs.
2169 3776 2171 3779 Α
2192 3751 2212 3790 Ἴ
2233 3759 2246 3785 ς
2265 3751 2328 3779 Anti

288 3792 386 3820 eruditi
400 3802 507 3828 negant,
526 3795 610 3821 vllum
623 3792 783 3821 vocabulum
797 3794 845 3819 effe
858 3803 904 3828 pei·
915 3793 1077 3830 antiphrasin
1088 3792 1206 3824 dietum,
1224 3798 1254 3818 vt
1269 3790 1493 3817 Luc.iooNobile.
1531 3791 1606 3826 Virg.
1620 3792 1684 3817 Aen.
1693 3797 1712 3821 Ι,
1725 3796 1764 3822 331
1797 3787 1903 3823 Terra,
1922 3786 2044 3820 antiqm,
2062 3792 2154 3821 potens
2167 3788 2256 3814 armis.

289 3830 375 3856 Ioiznn.
395 3829 501 3864 Scoppa,
526 3829 637 3856 Colleft.
652 3838 676 3860 i,
695 3833 728 3858 18.
784 3830 859 3863 Qum
871 3830 970 3864 secutus
989 3829 1084 3861 Vollius
1102 3827 1242 3864 ἐντίφρασιν
1256 3832 1328 3853 vocat
1382 3826 1451 3858 vius,
1472 3827 1598 3862 Antiqua,
1618 3829 1635 3852 i.
1650 3823 1768 3854 Nobilis.
1807 3823 1899 3857 Nempe
1913 3824 1987 3847 etlam
2001 3821 2131 3854 bominum,
2145 3831 2205 3860 quae
2217 3823 2291 3860 vulgo
2308 3823 2326 3849 ὗ

287 3867 361 3890 inane
383 3865 600 3891 Grammaticorum
613 3870 770 3891 commentum
790 3865 891 3898 Etpmol.
908 3875 963 3892 voce
977 3860 1071 3893 Lucus.
1246 3872 1248 3874 ’
1267 3860 1287 3899 ff
1312 3869 1327 3888 2
1384 3861 1502 3888 '¹⁰⁶1'l1'105
1521 3865 1671 3902 ffllliqw'ffl'?
1688 3860 1787 3896 §meris
1799 3856 1860 3893 sere
1875 3866 1920 3883 ἴση
1944 3863 1980 3883 ‘¹²⁸
2175 3855 2201 3899 q,
2223 3860 2242 3885 6
2264 3854 2339 3884 Anh—

288 3898 390 3926 Rct‘iius
402 3899 461 3924 aliis
475 3899 634 3934 Antiphrafis
651 3898 684 3932 est
705 3900 801 3934 Figura
815 3900 970 3933 sententiae,
990 3911 1050 3928 cum
1063 3898 1190 3936 quaedam
1203 3905 1328 3932 negamus
1380 3903 1428 3932 pro
1443 3898 1514 3924 Caro.
1551 3898 1626 3930 Virg.
1640 3895 1737 3928 Georg.
1751 3901 1776 3926 2,
1784 3900 1836 3925 209
1855 3892 2039 3927 Antiquasque
2051 3891 2146 3920 domus
2157 3901 2258 3924 auium.
2271 3905 2277 3913 ’
2291 3891 2337 3926 Vi?

288 3944 336 3961 nos
353 3934 456 3966 dicere,
477 3940 502 3960 et
515 3941 601 3960 tamen
615 3935 740 3961 dicimus:
761 3941 790 3960 vt
802 3934 869 3968 apud
884 3936 1033 3970 Lucilium,
1064 3937 1130 3964 Non
1142 3940 1235 3968 tango,
1256 3932 1328 3968 quod
1384 3933 1437 3958 Aut
1457 3941 1550 3959 reuera
1568 3931 1702 3965 antiquas,
1727 3934 1772 3955 aut
1787 3935 1868 3954 caras.
1917 3929 1958 3954 Ita
1971 3930 2044 3954 etiam
2057 3931 2238 3964 interpretatur·
2249 3926 2314 3957 illud

289 3978 382 3996 auarus
397 3969 478 3995 homo
492 3968 542 3995 est:
561 3969 685 4005 quodque
701 3969 848 4005 improbus,
866 3971 979 4004 omitto,
996 3971 1068 4003 (uid.
1080 3971 1128 4007 leg.
1140 3969 1266 4005 quodque
1278 3969 1326 3994 im·
1336 3967 1458 4002 105Virg.
1471 3964 1536 3994 Aen.
1550 3975 1571 3997 2,
1584 3973 1626 4000 137
1668 3964 1725 3991 Nec
1740 3961 1809 3990 mihi
1822 3963 1876 3990 iam
1889 3963 2002 3998 patriam
2019 3964 2155 3998 antiquam
2167 3965 2222 3999 spen
2239 3959 2333 4024 νΉῐΊῑζὶ

2465 2850 2474 3104 -ι-υιοετ-ῃη
