2474 4182
281 165 351 208 395
672 155 706 195 c
802 153 815 190 1
904 151 932 192 B
1640 158 1645 159 ff
1790 149 1823 188 C
1902 142 2034 192 isc
2282 118 2456 209 595.-

320 252 336 273 C
347 253 354 272 J
366 252 380 272 Β
391 252 418 272 ic
429 246 441 271 ι’
451 251 499 273 DA
509 266 517 278 ‚
537 255 576 273 ae.
614 246 665 281 Qui
684 243 762 270 cibum
774 241 855 268 caedit
874 248 898 267 et
910 241 1031 282 absumit,
1044 242 1089 270 hoc
1108 239 1141 274 est
1155 250 1243 268 vorax.
1282 240 1332 265 Lu·
1397 240 1586 271 renuntiantes,
1606 241 1649 274 qui
1658 241 1790 275 praecipue
1809 238 1877 265 illam
1894 240 1921 264 in
1941 238 2038 265 choreis
2054 241 2204 278 coetibusque
2216 236 2434 278 celebrarinficam
2446 253 2454 276 „⁸

286 281 330 308 cil.
350 281 416 316 apud
434 282 507 309 Non.
527 291 553 314 2,
574 288 617 315 ¹48
654 279 754 314 Viginti
774 277 865 310 domi,
884 286 918 304 an
938 279 1065 313 triginta,
1077 278 1121 304 vel
1144 284 1248 304 centum
1267 274 1334 301 cibi·
1399 272 1458 308 ipsis
1474 276 1612 308 propitiam
1636 275 1758 307 reddunt,
1783 282 1855 311 atque
1874 274 1960 301 itidem
1980 275 2040 301 aliis
2055 277 2161 312 pro.sua
2174 282 2258 314 cuique
2276 284 2435 310 venerationi,-
2449 285 2470 316 ι,

286 318 355 343 cidas
374 317 435 344 alas.
1394 311 1484 346 specie.
1522 309 1640 335 Meminit
1660 311 1755 337 Caelius
1772 322 1809 346 17,
1825 315 1850 337 6.
2333 317 2337 321 ·
2446 320 2466 337 t

323 360 340 379 C
351 359 428 385 11³0,
448 357 500 379 ire.
537 349 656 386 [σιτίζοι]
691 347 839 382 Alere‚fiue
851 352 956 376 nutrire.
992 348 1124 376 Columel.
1140 353 1166 378 8,
1181 357 1224 379 10,
1239 349 1255 373 6
1289 348 1335 371 At·
1439 343 1655 376 cicarinx,
1674 347 1730 372 icis.
1750 346 1769 373 f.
1806 345 1889 381 [ἐλῆ.
1909 345 2010 379 ‹Si-axii,
2029 345 2142 380 μώλωψ]
2178 348 2278 385 Signum
2291 356 2314 376 et
2325 351 2448 381 velutuff
2463 348 2474 383 ff

289 398 340 423 que
358 397 388 415 ea
395 396 578 424 genera.qiiae
592 387 660 412 intra
676 386 745 419 septa
758 384 838 410 villae
853 385 989 418 cibantur,
1004 386 1059 411 fere
1073 384 1224 419 persequuti
1239 383 1334 408 sumus.
1361 381 1374 408 5
1396 378 1517 416 stIgium,
1531 379 1595 414 quod
1613 389 1641 405 ex
1655 382 1811 416 vulno-estne
1828 385 1906 409 ulcere
1921 388 2037 408 remanet.
2093 382 2162 408 Ter.
2175 383 2239 410 Eun.
2254 393 2276 416 3,
2289 393 2311 417 2,
2326 393 2362 417 29>
2412 395 2452 416 ς’..-

290 426 394 452 Lucret.
411 434 429 455 i,
445 433 508 456 ¹092
528 423 549 448 A
563 422 641 448 terris
654 430 762 456 quoque
776 420 887 447 cibatur.
1404 425 1456 451 que
1474 423 1570 449 pugnas
1584 421 1688 447 narrat,
1707 426 1740 443 ne
1760 426 1792 444 ue
1805 419 1937 445 cicatrices
1951 419 2006 444 suas
2021 417 2141 443 ostentat,
2197 419 2252 445 Cic,
2266 415 2399 456 Philip.'7'-‚
2409 431 2435 460 ¹7
2462 420 2465 430 1

325 468 342 488 c
353 467 385 487 ιΒ
395 468 415 486 Α
425 467 445 485 ἰ-
457 466 474 485 v
485 466 499 483 L
510 466 528 484 v
539 466 552 485 s
562 477 571 490 ,
597 467 611 484 a
621 477 628 489 ,
656 466 710 483 uni.
747 457 816 483 Suet.
832 456 931 483 Tiber.
946 465 979 491 72
1012 457 1073 482 Erat
1092 454 1117 480 ei
1139 452 1337 479 oblec‘tamento
1405 461 1426 478 c.
1442 454 1459 477 6
1477 451 1651 477 Luculentani
1665 451 1719 485 ipse
1735 461 1750 486 p
1761 462 1835 487 agam
1849 454 1997 488 &effinxit
2012 453 2090 479 docet
2103 453 2220 479 cicatrix,
2256 455 2336 482 Ouid·
2350 456 2434 488 Amor.

292 498 394 531 serpens
411 495 504 525 draco,
525 503 604 528 quem
616 502 648 518 ex
663 492 852 519 consuetudine
865 502 943 519 manu
960 493 1002 518 sua
1018 491 1161 516 cibaturus.
1237 523 1242 528 ι
1321 523 1325 527 Ι
1405 492 1464 520 3⁷8,
1481 495 1509 519 19
1538 488 1624 513 Cerne
1637 487 1780 519 cicatrices,
1792 490 1889 516 veteris
1903 490 2013 524 vestigia
2026 497 2134 524 pugnae.
2206 489 2332 517 Aduersas
2345 492 2450 522 cicani-il

327 536 538 563 (1111ANDVS,
557 538 589 562 a,
610 538 664 555 uin.
703 528 835 555 Columel.
856 534 880 562 8,
902 537 932 559 ιι,
953 536 976 560 ¹5
1017 525 1146 553 Cibandis
1176 523 1257 558 pullis
1288 530 1339 549 vti·
1406 533 1447 549 ces
1468 523 1603 549 ostendere
1624 523 1680 549 Cic.
1703 522 1733 549 de
1748 523 1822 550 Orat.
1840 533 1865 557 2,
1884 534 1931 559 124
1951 535 1972 551 c.
1994 530 2030 555 28·
2101 525 2374 563 Corporeacicairig,
2389 530 2455 558 vid,

291 568 327 594 les
347 565 468 592 locustae.
1228 587 1231 588 .
1359 565 1388 583 ιο
1406 566 1536 587 coRssx's.
1592 559 1659 584 Hor.
1673 559 1756 585 Scrm.
1776 567 1793 590 1,
1808 568 1831 592 ς,
1844 563 1878 586 60
1908 563 1941 587 At
1961 561 2003 588 illi
2023 560 2101 587 foeda
2117 560 2224 586 cicatrix
2249 560 2360 589 Setosam
2373 559 2457 593 laeuiv

328 610 344 629 c
355 610 362 628 1
373 608 463 628 BAR1
473 607 494 627 Α
504 620 512 633 ,
530 609 618 626 orum.
637 609 663 626 n.
682 606 729 636 pro
741 601 885 627 Alimentis.
923 599 979 626 Cic.
998 598 1050 623 Att.
1066 598 1091 627 6,
1105 604 1117 628 3
1138 595 1227 626 Vnde,
1242 594 1341 629 inquit,
1406 596 1523 622 frontem
1536 601 1689 628 turpauemt
1702 595 1766 621 oris.
1838 595 1997 623 Cicatricem
2017 596 2131 631 originis
2143 595 2257 622 indicem
2274 597 2302 623 in
2315 598 2390 626 Vlixe
2402 596 2437 628 in·
2456 602 2457 605 ’

290 647 332 665 nie
346 637 422 664 iubes
435 643 523 671 petere
537 635 647 663 cibaria.
719 636 811 662 Annua
826 637 892 662 Cato
909 635 939 661 R.
951 636 978 660 R.
994 643 1014 660 c.
1029 636 1072 659 60.
1127 631 1250 666 Duplicia
1263 632 1339 657 Varr.
1406 631 1480 658 venit
1495 631 1585 656 nutrix
1600 631 1703 656 Petron.
1719 638 1771 664 105.
1825 631 1896 657 Male
1910 631 2002 665 firma,
2021 636 2038 659 i.
2061 632 2166 659 nondum
2179 638 2266 658 curata
2274 633 2348 668 probe
2364 635 2440 668 Ouid,

292 676 321 700 L.
336 674 366 699 L.
380 682 406 706 4,
422 675 459 700 16.
533 671 642 698 Cibaria
655 671 787 698 menstrua
801 672 857 698 Cic.
873 673 948 697 Verr.
964 679 986 702 3,
999 676 1029 704 73
1050 678 1071 695 c.
1086 676 1125 700 30.
1197 667 1289 701 lnopia
1305 667 1340 692 ci·
1407 668 1482 693 Rem.
1497 667 1589 692 Amor.
1604 668 1659 698 623.
1728 666 1864 693 Marcidae
1879 664 1944 693 Ptin.
1957 676 1987 700 23
2001 669 2030 694 in
2042 677 2160 703 prooem.
2177 668 2194 693 s.
2207 677 2233 701 4.
2251 671 2268 693 i.
2287 669 2386 697 vulnera
2399 668 2438 701 bu.

291 709 430 737 bariorum
447 708 519 735 Caes.
537 707 600 734 Bell.
615 707 682 734 Gall.
699 710 725 740 6,
740 717 764 741 9.
809 706 884 743 C0’1f-
905 706 941 732 ib.
958 711 981 738 8,
996 713 1028 739 15.
1081 705 1148 731 Cato
1167 702 1199 729 de
1213 704 1242 729 R.
1258 704 1288 729 R.
1306 705 1340 727 60
1406 702 1486 731 mida,
1501 710 1544 727 nec
1557 702 1614 727 bene
1628 703 1741 728 coeuntia
1755 705 1937 738 interpretatur
1952 704 2033 730 Hard.
2070 703 2189 730 quenal.
2206 703 2256 729 Sat.
2269 711 2292 736 3,
2308 712 2344 737 151
2361 704 2445 749 Aqffl

292 745 380 772 Bubus
396 743 513 776 cibaria,
532 752 618 770 annua
633 744 661 769 in
680 743 741 779 iuga
755 743 853 776 lingula
873 742 959 776 lupini
978 740 1083 767 modios
1096 747 1140 766 etc.
1214 739 1253 764 Ad
1274 738 1340 763 hanc
1361 746 1385 771 i,-
1405 746 1496 764 recens
1512 737 1599 764 linum
1619 736 1734 764 ostendit
1755 747 1808 764 non
1829 748 1879 765 vna
1898 739 2020 765 cicatrix:
2045 740 2150 766 ridicule
2165 739 2193 765 de
2206 741 2285 765 calceo
2297 746 2331 775 po
2384 736 2430 763 '⁴·'‘³

291 790 348 808 rem
361 780 551 807 conficiendam
564 780 707 815 imperauit
719 779 819 806 cibaria
834 777 909 805 cocta
921 778 1010 804 decem
1026 777 1129 802 dierum
1145 775 1213 808 Nep.
1231 779 1264 802 18,
1278 778 1299 802 8,
1313 780 1339 806 7.
1405 783 1459 800 ram
1485 774 1593 809 consuto.
1669 773 1819 800 Numerosa
1840 774 1932 801 Claud.
1955 774 1987 801 de
2007 775 2072 801 Bell.
2089 776 2150 802 Get.
2169 780 2228 808 482.
2306 775 2384 803 Rufa
2396 757 2438 791 dv

292 816 461 843 Rustic-orum
475 815 576 842 cibaria
590 816 716 842 adiuuare
730 815 836 841 Colum.
853 823 889 846 12,
904 823 942 847 ¹4-
963 824 979 839 ι.
999 816 1026 838 in
1039 812 1091 837 cibo
1100 811 1218 848 sumitur.
1270 809 1340 834 Con·
1405 809 1542 835 sublurida
1555 809 1742 843 Plaut.Ainph.
1752 810 1816 843 4‚l4,
1829 813 1869 842 63.
1890 810 1937 837 Sed
1949 809 1981 843 cst
1988 810 2039 846 sup
2057 810 2149 845 ofititia
2164 812 2222 837 haec
2229 810 2313 847 scena.
2375 840 2386 844 .

293 852 361 888 gesta
378 853 444 878 Hor.
460 851 541 878 serm.
557 860 577 884 ι,
592 860 610 883 1,
623 860 659 884 32.
713 851 769 878 Cic.
784 851 836 877 Att.
851 853 883 882 6,
899 858 911 882 3
941 847 1064 875 Proscc‘lo
1083 844 1216 879 respondi,
1231 851 1277 871 etc.
1298 853 1340 870 ine
1406 853 1435 872 re
1455 854 1552 871 naeuos
1573 846 1631 871 suos
1651 851 1676 870 et
1698 846 1832 872 cicatrices
1853 847 1952 873 Auson.
1968 856 2028 881 prae
2044 867 2049 872 .
2069 846 2101 873 ad
2120 847 2177 873 Eid.
2190 849 2214 872 6.
2241 849 2259 872 ι’.
2281 856 2360 874 errore
2373 854 2380 871 f

292 897 347 914 non
361 888 497 914 instituisse
511 887 543 914 iis
552 888 621 914 Dare
636 887 735 913 cibaria
746 907 753 920 ,
772 895 886 922 quorum
900 893 980 919 opera
993 892 1046 908 non
1059 882 1135 907 ess‘em
1149 881 1215 920 vsus.
1256 916 1261 921 ι
1289 881 1340 920 De·
1406 881 1545 917 agnoscere.
1618 881 1682 907 Coit
1697 881 1805 908 cicatrix
1820 882 1901 908 Plaut.
1917 882 2013 916 Amph.
2031 883 2133 917 suppos.
2147 892 2174 915 4.
2233 882 2350 910 Contrah

292 924 398 951 trahere
410 924 529 950 militum
543 923 642 950 cibaria
657 922 788 956 Qiinffil.
803 930 825 955 ς,
843 931 874 953 13.
930 919 1006 946 Fac‘ta
1020 919 1077 943 sunt
1096 915 1223 942 vberiora
1239 915 1340 942 cibaria
1356 924 1391 942 20
1406 917 1530 949 catrices,
1551 916 1603 942 vid.
1626 923 1642 943 C
1652 923 1671 943 o
1682 923 1732 943 NT
1742 924 1760 944 R
1770 925 1790 944 Α
1800 924 1820 944 1-1
1830 924 1859 944 Ο.
1934 919 2092 944 Cicatricem
2106 917 2179 944 ducit
2198 917 2342 948 (medicam

292 960 401 987 caritate
414 960 471 987 Cic.
486 960 563 986 Verr.
579 967 602 991 3,
615 961 660 985 216
674 968 694 984 c.
713 967 752 991 93.
773 961 790 984 i.
811 967 864 983 cum
878 958 973 981 caritas
992 952 1047 986 afli-t
1067 961 1178 978 annonae
1196 959 1267 978 tanto
1283 953 1342 987 plus
1406 953 1526 979 Scribon.
1542 961 1601 985 240.
1628 953 1834 987 (emplastrum)
1850 962 1908 987 242.
1962 954 2121 980 Cicatricem
2136 954 2208 980 ducit
2225 953 2319 980 vlcerlc
2339 957 2379 988 (e

286 996 430 1032 fhluendum
444 995 506 1032 fuit
518 993 678 1031 magistratui
693 994 844 1029 prouinciali
865 993 960 1016 nomine
978 989 1137 1015 cibariorum.
1165 988 1216 1028 ¹Sic
1234 998 1289 1014 mox
1303 988 1342 1024 st-
1407 988 1507 1020 strum)
1521 988 1641 1015 Scribon.
1657 997 1711 1022 214.
1784 990 1940 1016 Cicatricem
1953 989 2052 1017 ducunt
2066 990 2256 1017 medicamenta
2269 999 2328 1024 ²40·
2362 987 2386 1014 ²¹.
2422 985 2426 989 ¹

291 1035 379 1068 quitur
398 1031 464 1067 apud
476 1032 632 1063 Ciceronem,
661 1030 743 1056 Modo
763 1030 792 1054 C.
808 1027 927 1053 Sentium
950 1024 1083 1056 vidimus,
1097 1023 1234 1050 hominem
1255 1024 1341 1050 veteri
1407 1034 1466 1051 cera
1480 1034 1537 1057 203.
1553 1026 1612 1050 206.
1629 1033 1685 1051 220.
1721 1025 1792 1059 cogit
1813 1026 1964 1052 cicatricem
1987 1025 2082 1053 ducere
2103 1026 2189 1052 vlcera
2209 1033 2265 1061 217.
2321 1026 2381 1054 οἰ
2431 1035 2447 1048 ω

292 1068 340 1095 illa
359 1077 387 1094 ac
406 1067 531 1102 singulari
554 1067 706 1093 innocentia
725 1062 891 1098 praeditum,
919 1066 1028 1101 propter
1047 1061 1184 1100 carita—tem
1203 1060 1342 1090 frumenti,
1408 1062 1482 1087 Pont.
1499 1069 1518 1094 i,
1530 1069 1553 1092 3,
1568 1068 1592 1092 ις
1610 1060 1751 1096 Tempore
1765 1060 1875 1088 ducetur
1888 1062 1970 1097 longo
1984 1063 2089 1089 fortasse
2105 1062 2223 1088 cicatrix.
2258 1061 2348 1089 Anias
2422 1057 2433 1091 ¹=

292 1113 361 1140 quae
374 1104 461 1130 fuerat
475 1103 502 1129 in
517 1101 687 1132 Macedonia,
699 1106 868 1133 permagnam
876 1106 907 1123 ex
921 1097 1030 1123 cibariis
1042 1105 1180 1131 pecuniam
1189 1095 1342 1130 deportaise.
1361 1102 1392 1128 23
1410 1105 1461 1132 ¹73·
1477 1104 1534 1129 252.
1570 1096 1626 1122 Cic.
1641 1098 1717 1124 Verr,
1733 1105 1755 1130 ς,
1770 1106 1782 1130 3
1804 1099 1860 1132 Ipse
1873 1099 1987 1133 arripuit
2002 1099 2039 1125 M¹
2054 1098 2208 1133 Aquilium,
2222 1097 2383 1127 constituit
2424 1092 2433 1101 =

297 1139 415 1167 Videmus
428 1143 510 1175 itaque
528 1137 626 1164 cibaria
641 1136 699 1162 haec
713 1134 901 1171 magistratuum
908 1132 988 1169 fuiffe
998 1140 1091 1159 certum
1099 1132 1230 1168 frumenti
1237 1131 1342 1164 modum,
1407 1131 1549 1167 conspeetu
1567 1132 1707 1166 omnium,
1728 1134 1899 1169 tunicamque
1919 1135 1975 1161 eius
1992 1143 2006 1161 a
2025 1134 2132 1169 pciflore
2146 1133 2269 1160 abscidit:
2305 1139 2338 1161 vt·
2367 1126 2386 1156 ’,Ῡ
2427 1133 2432 1155 5

291 1185 359 1213 quem
368 1174 496 1212 praestare
508 1174 649 1199 iuberentur
659 1171 829 1206 prouincialrs
840 1171 880 1196 vel
895 1168 975 1196 modio
989 1170 1029 1195 vel
1044 1166 1298 1204 aestimationefafta
1315 1171 1342 1193 in
1408 1178 1448 1195 ces
1468 1168 1581 1203 Populus
1601 1168 1679 1195 Rom.
1701 1169 1856 1204 iudicesque
1877 1169 2040 1205 adspicerent
2060 1170 2171 1198 aduerso
2190 1178 2302 1204 corpore
2328 1172 2396 1203 exij
2427 1163 2442 1181 “·“’

292 1221 372 1238 numo.
410 1211 464 1237 Cic.
480 1217 527 1243 pro
541 1207 615 1234 Rosc.
631 1207 720 1232 Amer.
737 1208 766 1236 56
801 1204 944 1232 Anseribus
965 1205 1066 1231 cibaria
1083 1203 1190 1239 publice
1211 1204 1343 1235 locantur,
1408 1204 1487 1232 Fallit
1500 1204 1625 1236 cicatrix,
1646 1205 1707 1232 Non
1720 1212 1823 1240 apparet
1844 1203 1909 1232 pub.
1925 1209 1968 1239 26,
1983 1215 2018 1233 η,
2091 1206 2185 1232 ludere
2205 1206 2338 1233 cicatricn
2351 1197 2386 1231 -ξΙ
2422 1198 2439 1238 κ

294 1254 318 1274 ct
333 1256 408 1273 canes
428 1246 535 1271 aluntur
555 1243 583 1270 in
596 1242 748 1277 Capitolio,
763 1248 808 1268 etc.
881 1240 1008 1267 Praebere
1028 1240 1110 1266 alicui
1128 1240 1185 1266 Cic.
1201 1249 1250 1274 pro
1267 1240 1342 1266 Rosc.
1409 1240 1482 1275 pulas
1495 1240 1623 1272 alicuius,
1647 1240 1701 1267 vid.
1723 1248 1829 1268 INDO.
1899 1242 2028 1269 Inducere
2047 1243 2195 1269 cicatricem
2216 1241 2285 1268 Cels.
2298 1249 2321 1276 ς,
2334 1236 2387 1275 a&
2422 1240 2439 1282 ξ’

292 1285 379 1310 Amer.
395 1289 427 1315 57
441 1290 462 1307 c.
478 1289 521 1306 20.
594 1278 724 1305 Praestare
742 1279 820 1304 seruo
840 1277 897 1304 Sen.
912 1276 944 1303 dc
957 1276 1047 1303 Benef.
1062 1285 1085 1308 3,
1098 1285 1134 1302 21.
1205 1278 1342 1310 Quaerere
1360 1284 1393 1308 30
1409 1279 1449 1309 36.
1495 1276 1551 1303 Cic.
1568 1276 1652 1303 Tusc.
1668 1285 1690 1309 3,
1705 1283 1736 1309 54
1765 1277 1822 1303 Nec
1838 1277 1855 1303 fi
1869 1278 1971 1313 aliquot
1993 1279 2067 1305 annis
2087 1278 2157 1314 post,
2177 1277 2248 1304 idem
2267 1277 2314 1304 ille
2333 1277 2430 1305 13«

292 1328 323 1345 ex
339 1317 409 1351 agris
424 1317 509 1343 Varro
524 1315 556 1342 de
569 1316 599 1341 R.
614 1316 644 1341 R.
658 1323 684 1347 2,
698 1323 722 1347 9.
766 1314 822 1340 Cic.
836 1314 913 1339 Verr.
926 1321 950 1344 2,
966 1321 994 1339 12
1020 1312 1178 1346 Qiaestores
1193 1311 1342 1339 liberaliter
1408 1313 1497 1348 ptiuus
1515 1312 1601 1339 miss'us
1624 1313 1699 1345 esset,
1726 1313 1880 1340 vulneribus
1905 1315 2071 1347 mederetur,
2090 1314 2133 1341 sed
2153 1311 2328 1341 cicatricibus.
2415 1307 2430 1338 >¹

292 1363 323 1380 ex
339 1353 410 1379 istius
422 1351 532 1378 cibariis
546 1350 651 1378 traftati
664 1358 719 1376 non
731 1349 819 1376 minus
831 1358 902 1375 acres
915 1356 1006 1375 contra
1018 1357 1061 1374 me
1074 1348 1191 1374 fuerunt.
1286 1345 1306 1384 ff
1325 1356 1341 1374 2.
1408 1348 1488 1375 ἀιιᾶει
1501 1358 1530 1374 ex
1544 1348 1599 1375 Cic.
1614 1348 1646 1374 de
1662 1349 1731 1382 Lege
1746 1347 1812 1383 Agr.
1822 1358 1843 1382 3,
1858 1361 1884 1384 4.
1904 1350 1957 1377 vid.
1971 1360 1996 1377 n.
2012 1359 2037 1377 2.
2101 1350 2157 1377 Pati
2173 1349 2323 1376 cicatricem
2335 1348 2378 1376 n'·'
2413 1342 2430 1380 ,1⁸

291 1389 339 1417 Sea
350 1387 472 1422 etiamsn
493 1388 560 1414 ulari
573 1396 672 1413 numero
685 1388 813 1412 inuenitur
829 1385 971 1412 Cibarium
985 1385 1042 1411 Sen.
1058 1384 1090 1410 de
1103 1384 1193 1410 Bencf.
1209 1392 1232 1416 3,
1247 1392 1275 1410 21
1300 1383 1343 1410 Est
1407 1385 1510 1419 possunt
1527 1383 1636 1411 frondes
1656 1391 1761 1411 tenerae
1782 1386 1912 1419 Qiinffll.
1930 1395 1952 1419 e,
1967 1396 1995 1420 4,
2009 1396 2041 1413 ιι.
2114 1385 2205 1413 Rediit
2217 1387 2246 1412 in
2258 1383 2377 1418 vulnus'
2407 1378 2429 1409 ῗ

291 1424 467 1460 aliquid,quo
498 1423 622 1450 dominus
636 1422 766 1457 praestare
781 1421 859 1448 seruo
871 1421 960 1454 debet,
972 1427 1001 1448 vt
1016 1419 1164 1453 cibarium,
1178 1420 1341 1446 vestiarium.
1408 1422 1483 1447 Rem.
1510 1421 1601 1447 Amor.
1629 1423 1685 1453 623.
1757 1421 1884 1456 Recipere
1910 1422 1977 1449 Cels.
1999 1432 2033 1456 4,
2053 1431 2078 1456 9.
2113 1422 2266 1455 Refricare,
2301 1421 2324 1449 R
2340 1418 2385 1452 r',
2410 1414 2429 1463 ἶ

292 1459 313 1499 ff
332 1470 344 1494 3
381 1459 522 1488 Cibariuin
541 1459 643 1486 Plinius
660 1464 695 1490 18,
707 1467 724 1491 9
751 1464 823 1484 vocat
839 1457 973 1494 farinam,
988 1455 1045 1492 post
1060 1456 1177 1492 pollinem
1198 1457 1239 1482 ve!
1249 1455 1341 1491 florem
1360 1461 1389 1487 35
1408 1457 1461 1483 vid.
1475 1466 1501 1482 n.
1516 1465 1531 1482 2
1553 1456 1610 1491 Ipsa
1625 1463 1689 1483 certe
1704 1457 1854 1492 Metaphora
1868 1457 1980 1484 declarat
1991 1461 2178 1494 proprii-tatem.
2243 1457 2364 1485 Scindere
2382 1488 2385 1490 ‚
2408 1454 2426 1480 ᾗ

291 1495 424 1530 excussam,
439 1505 510 1532 quam
518 1494 806 1531 furfzcressequuntur:
825 1493 925 1520 Iustum
938 1493 990 1525 est,
1001 1495 1094 1528 inquit,
1109 1500 1123 1518 e
1133 1500 1216 1525 grano
1230 1493 1340 1526 Campa·
1407 1498 1446 1519 tes
1461 1493 1629 1519 cicatricibus
1641 1493 1744 1519 Petron.
1760 1502 1812 1519 102.
1867 1493 1958 1521 Soluta
1971 1494 2091 1521 Scribon.
2107 1502 2149 1529 27.
2184 1497 2187 1501 ”
2206 1492 2337 1527 Quinctil.
2351 1501 2365 1520 a
2387 1517 2410 1527 ,.,
2433 1487 2445 1523 l

291 1542 340 1560 nae
352 1531 506 1568 (siliginis)
520 1540 599 1565 quam
613 1536 708 1556 vocant
723 1529 858 1556 castratam
867 1549 875 1562 ,
888 1538 903 1555 e
916 1528 1010 1555 modio
1023 1527 1112 1554 redire
1132 1528 1258 1554 sextarios
1278 1537 1342 1562 qua·
1409 1529 1552 1557 Cicatrices
1561 1548 1568 1560 ,
1581 1537 1644 1563 quas
1658 1528 1679 1554 is
1694 1537 1742 1563 pro
1756 1530 1840 1563 patria
1851 1529 1960 1564 peeiore
1974 1530 2085 1557 aduerso
2095 1530 2267 1564 Suscepiffet„
2290 1524 2386 1556 Idem·
2407 1528 2411 1530 ’
2428 1523 2443 1579 12³

292 1574 355 1596 tuor
368 1567 495 1602 siliginis,
514 1566 557 1593 vel
572 1575 586 1592 e
600 1565 700 1600 gregali
711 1563 763 1591 sine
777 1565 918 1592 castratura
933 1564 1059 1590 sextarios
1073 1564 1208 1598 quinque,
1229 1571 1343 1598 praeter·
1409 1573 1433 1591 21
1455 1565 1651 1590 Periclitantem
1665 1573 1730 1591 vero
1745 1566 1911 1592 commendat
1924 1566 2054 1601 dignitas,
2074 1574 2100 1593 et
2114 1566 2200 1592 studia
2214 1565 2312 1598 fortia,
2329 1565 2409 1599 etp!
2425 1582 2428 1586 -

292 1613 322 1631 ea
340 1604 414 1630 floris
429 1602 591 1635 semodium,
608 1608 633 1628 et
648 1600 771 1633 Cibarii,
794 1600 866 1635 quod
887 1600 1071 1626 secundarium
1091 1606 1204 1632 vocant,
1217 1600 1342 1625 sextarios
1409 1607 1467 1635 ptae
1480 1600 1552 1626 bello
1571 1601 1720 1632 cicatrices,
1734 1606 1759 1627 et
1779 1601 1923 1634 nobilitas,
1937 1609 1963 1629 et
1983 1603 2078 1629 merita
2096 1602 2239 1628 maiorum.
2296 1601 2341 1629 Cel
2366 1602 2369 1606 ’
2392 1592 2411 1600 ἠ

291 1646 422 1675 quatuor‚
435 1637 690 1665 furfurissextarios
703 1636 824 1663 totidem.
862 1637 893 1662 Et
901 1636 986 1671 paullo
995 1634 1051 1671 post
1061 1656 1069 1668 ,
1089 1635 1116 1662 Si
1132 1644 1197 1662 vero
1211 1636 1340 1670 pollinem
1356 1644 1392 1670 40
1408 1637 1478 1671 Ergo
1492 1645 1576 1671 quum
1594 1636 1646 1662 iam
1667 1636 1699 1662 ad
1714 1636 1863 1663 cicatricem
1876 1638 1972 1664 vulnus
1979 1638 2101 1671 Tendit,
2121 1638 2233 1664 extentis
2244 1637 2338 1664 *iacere

293 1677 380 1704 facere
394 1674 493 1706 libeat,
512 1681 580 1701 xvi
599 1672 688 1707 pondo
707 1672 781 1706 panis
801 1671 927 1705 redeunt,
941 1678 967 1698 et
988 1671 1095 1698 Cibarii
1114 1672 1182 1704 tria,
1202 1672 1342 1698 furfurum
1408 1672 1458 1700 bus
1474 1678 1499 1698 et
1517 1671 1641 1698 cruribus
1653 1678 1768 1706 oportet.
1826 1673 1891 1699 Non
1908 1675 1982 1701 veuit
2003 1674 2100 1700 vulnus
2121 1673 2152 1700 ad
2173 1674 2338 1707 cicatricem,

292 1710 448 1740 semodium.
488 1710 524 1736 Ex
538 1709 583 1735 hoc
596 1708 699 1747 cibario
710 1707 747 1743 fit
766 1708 840 1742 panis
856 1708 980 1734 cibarius.
1018 1710 1111 1770 Nempe
1407 1709 1503 1737 crebro
1526 1708 1719 1734 medicamenta
1740 1714 1877 1736 tentantur
1900 1709 2047 1745 Sen.Epist.
2062 1719 2087 1736 2.
2140 1710 2215 1744 Virg.
2240 1710 2338 1745 Georg-

327 1753 361 1774 ΕΙ
372 1753 387 1774 Β
398 1752 525 1777 ARIVS,
536 1754 560 1776 a,
569 1752 622 1770 um.
639 1743 700 1769 Adi.
722 1739 888 1782 [idwdifflui'osp
899 1743 1039 1782 ¹·i-g›1·5.,31,‹405‚
1059 1744 1070 1768 ἒ
1086 1741 1184 1777 difflues]
1204 1742 1342 1783 Qodpcr-
1408 1744 1540 1770 Admorso
1554 1743 1660 1776 Signata
1683 1744 1710 1769 in
1729 1743 1810 1778 stirpe
1825 1745 1944 1772 cicatrix.
1980 1747 2048 1782 Qut
2059 1745 2097 1780 stt
2111 1751 2196 1772 terrae
2214 1745 2324 1772 cicatrix
2372 1759 2392 1775 ιχ»

291 1785 355 1809 tinet
369 1786 401 1808 aa
415 1781 503 1807 cibum.
542 1781 624 1806 Plaut.
638 1780 711 1813 Capt.
725 1787 754 1813 4,
767 1786 789 1810 3,
805 1787 813 1804 1
835 1777 907 1804 Mihi
924 1787 981 1804 rem
995 1779 1124 1805 suminam
1138 1778 1253 1805 credidit
1272 1777 1343 1804 ciba·
1408 1787 1433 1811 31
1447 1785 1512 1804 extr.
1531 1787 1580 1803 non
1594 1778 1677 1813 facile
1698 1777 1731 1810 esi
1746 1779 1835 1805 dicere.
1896 1781 1976 1808 Verba
1989 1783 2067 1817 fimf,
2080 1781 2222 1808 prostratas
2237 1781 2350 1808 urbm-25>
2378 1782 2381 1788 ·

291 1819 369 1845 riam.
408 1817 480 1844 Non.
497 1825 522 1848 2,
539 1821 578 1846 188
596 1816 725 1851 obstruat,
743 1813 884 1840 Cibarium
898 1819 942 1839 aut
964 1813 996 1839 de
1010 1822 1075 1856 pane
1089 1814 1198 1840 sordido
1215 1814 1285 1845 dici,
1300 1819 1344 1840 aut
1358 1821 1391 1847 45
1408 1814 1566 1848 plerumque
1581 1833 1589 1844 ‚
1614 1818 1640 1838 et
1666 1813 1779 1847 quadam
1810 1819 1896 1840 tei-rae
1922 1817 2046 1843 cicatrice
2079 1817 2214 1844 vinescere
2228 1837 2237 1850 ‚
2268 1817 2346 1852 vulga
2440 1837 2441 1844 ,

291 1855 323 1881 de
337 1855 391 1881 alio
405 1853 529 1886 indigno:
549 1851 635 1878 laudat
654 1860 681 1877 ue
700 1851 813 1876 Varron.
841 1848 887 1876 ’ἄγος
906 1848 963 1884 orode
982 1852 1074 1884 λυρικν,
1094 1849 1174 1875 Tuus
1187 1856 1274 1875 autem
1290 1850 1343 1884 ipse
1408 1848 1429 1886 q
1449 1859 1465 1876 2
1501 1848 1614 1883 Metaph.
1629 1848 1747 1874 cicatrix
1761 1855 1831 1874 notat
1844 1853 1984 1876 memoriam
1998 1854 2107 1878 iniuriae
2119 1854 2145 1888 s·
2159 1853 2280 1887 luvionis.
2304 1846 2353 1880 Pe?
2366 1848 2391 1876 ·“ι
2405 1845 2442 1882 2:2²

292 1891 376 1917 frater
390 1889 507 1916 cibarius
522 1888 575 1914 fuit
591 1888 636 1914 Ari
661 1895 769 1913 oxenus.
805 1886 847 1912 Sic
860 1885 974 1917 Oleum,
992 1884 1082 1916 Panis,
1100 1884 1200 1910 Vinum
1213 1885 1344 1911 cibarium
1409 1887 1532 1913 Tantum
1545 1893 1652 1910 omnem
1665 1883 1854 1910 scabitudinem
1868 1885 1974 1917 animo,
1989 1890 2130 1921 tanquam,
2145 1887 2275 1915 bonarum
2289 1884 2428 1920 artiuni’ffl

292 1927 396 1953 dicitur.
432 1923 552 1952 Macrob.
567 1924 670 1950 Saturn.
684 1931 710 1955 2,
726 1931 759 1954 13.
797 1921 868 1948 Sulla
888 1926 996 1947 mortuo
1011 1919 1128 1955 Lepidus
1144 1920 1244 1946 Consul
1258 1920 1343 1954 legem
1410 1920 1488 1955 gister
1500 1919 1601 1945 deleret
1613 1918 1665 1944 fine
1683 1919 1814 1945 cicatrice.
1853 1921 1884 1946 Et
1897 1929 1919 1946 c.
1933 1929 1961 1953 91
1984 1921 2102 1948 Cicatrix
2115 1930 2169 1948 non
2183 1923 2219 1948 est
2232 1923 2260 1950 in
2273 1923 2324 1950 hoc
2337 1918 2442 1959 peffl„

290 1962 354 1990 tulit
366 1967 392 1988 et
407 1960 461 1995 ipse
473 1959 609 1986 cibariam.
624 1960 712 2020 {ato
727 1958 799 1984 enim
812 1957 990 1992 Sumptuarias
1010 1956 1094 1990 leges,
1114 1955 1236 1982 Cibarias
1255 1954 1344 1990 ‘appel-
1410 1965 1470 1982 cum
1485 1955 1582 1981 vulnus
1602 1954 1693 1988 ingens
1708 1954 1799 1980 fuerit,
1844 1955 1949 1989 ,comm
1960 1965 1987 1982 ea
2005 1957 2062 1983 Se„-
2077 1956 2109 1983 de
2126 1958 2168 1984 Ira
2183 1966 2207 1990 Ι,
2224 1961 2255 1984 ¹6
2282 1959 2313 1984 In
2331 1953 2425 1994 sapim

291 1999 336 2025 lat.
408 1997 508 2024 Oleum
526 1995 631 2022 cibariu
668 2014 675 2026 ‚
695 1996 714 2019 i.
739 1995 807 2023 Vile,
821 2000 893 2019 notae
910 1999 975 2019 certe
988 1991 1111 2027 secundae
1129 1991 1235 2018 Colum.
1252 2000 1290 2023 12,
1304 2000 1345 2024 50,
1362 2002 1393 2028 50
1410 1991 1501 2018 animo
1515 1991 1595 2016 etiam
1610 1999 1669 2015 cuin
1682 1989 1778 2015 vulnus
1792 1989 1908 2017 sanatum
1920 1990 1972 2023 est,
1985 1992 2093 2018 cicatrix
2111 1999 2212 2020 manet:
2237 1998 2374 2030 geniemuim
2387 1995 2415 2020 de

292 2042 326 2060 22
339 2032 401 2060 coll.
416 2033 434 2059 s.
449 2037 473 2062 18
488 2038 512 2058 et
524 2040 561 2058 21.
632 2030 707 2057 Panis
726 2028 844 2054 cibarius
863 2029 918 2054 Cic.
939 2028 1023 2054 Tusc.
1045 2035 1066 2060 ς,
1079 2036 1114 2062 97
1135 2037 1156 2054 c.
1169 2036 1201 2062 34
1221 2029 1298 2059 vilic,
1322 2034 1346 2053 et
1409 2029 1537 2063 quuitur,
1550 2023 1762 2066 quod'affiftuum
1769 2025 1874 2061 semina,
1888 2033 1912 2052 et
1920 2026 2025 2068 uestigia
2037 2026 2170 2068 exstirpari
2179 2031 2281 2063 penitae
2294 2028 2422 2065 nonpoffia

291 2071 428 2096 tenuiorum
442 2067 519 2093 cibus.
592 2067 717 2101 Saporem
730 2063 862 2091 cibarium
871 2062 970 2089 habent
984 2063 1062 2089 mella
1069 2063 1202 2089 Columel.
1220 2071 1257 2096 12,
1272 2072 1304 2095 ιι,
1319 2071 1344 2089 2.
1411 2065 1442 2090 Et
1460 2071 1496 2095 113
1526 2063 1686 2089 Cicatricem
1706 2067 1840 2087 recentem
1865 2070 1897 2087 ne
1923 2068 1992 2088 inter
2010 2069 2086 2089 initia
2104 2065 2223 2089 coeuntis
2241 2065 2340 2098 gratiae
2359 2065 2422 2091 resti

291 2107 310 2131 i.
323 2104 387 2131 cibis
399 2106 589 2129 conuenientem.
631 2103 662 2127 In
675 2100 801 2127 cubiculo
814 2099 933 2126 dormire
945 2098 1068 2130 mallem,
1083 2097 1183 2124 scilicet
1202 2099 1291 2132 potius
1299 2099 1346 2124 Vi-
1409 2099 1494 2126 deret.
1551 2097 1606 2134 Ipse
1622 2098 1678 2124 Cic.
1693 2096 1724 2123 de
1739 2097 1769 2122 L.
1782 2097 1844 2132 Agr.
1860 2105 1884 2130 3,
1897 2107 1916 2130 4
1951 2097 1990 2123 De
2009 2106 2064 2132 quo
2083 2106 2132 2131 ego
2152 2099 2272 2125 consulto
2285 2107 2372 2133 neque
2384 2105 2424 2134 ap

293 2149 358 2167 num
375 2147 465 2166 meum
485 2136 632 2169 cibarium,
652 2145 732 2171 quain
754 2144 804 2169 ego
823 2135 948 2161 dominus
967 2133 1093 2160 cubarem
1106 2134 1192 2159 Varro
1207 2133 1274 2168 apud
1287 2133 1344 2159 No·
1409 2143 1458 2161 vos
1471 2139 1532 2160 ante
1550 2133 1604 2160 feci
1621 2133 1803 2165 mentionem,
1823 2141 1856 2159 ne
1873 2138 1918 2160 aut
1935 2133 2064 2160 refricare
2083 2133 2226 2160 obductam
2247 2133 2299 2160 iam
2310 2134 2377 2168 reip.
2388 2135 2412 2141 ’

294 2177 370 2203 nium
383 2184 408 2207 2,
424 2179 473 2205 188.
510 2173 577 2199 Plin.
591 2181 631 2205 14,
647 2181 659 2198 2
684 2171 822 2198 Horconia
833 2173 898 2196 vitis
909 2170 937 2195 in
952 2169 1111 2204 Campania,
1129 2174 1231 2194 tantum
1252 2168 1346 2194 Vilita-
1364 2175 1393 2201 ςς
1410 2169 1506 2195 tricem
1520 2168 1629 2194 viderer
1642 2175 1688 2194 etc.
2366 2187 2368 2189 ,
2392 2161 2420 2200 ἲ

295 2212 328 2239 tis
346 2210 476 2242 cibariae,
501 2209 545 2235 sed
564 2207 685 2235 vbertate
701 2207 850 2242 praecipua.
907 2205 979 2231 Idem
995 2212 1059 2238 i4‚3
1080 2204 1240 2230 Consemina
1259 2203 1346 2237 nigra,
1448 2201 1747 2234 eiCATkichLA,
1767 2211 1806 2228 ae.
1836 2202 1855 2228 f.
1892 2201 2021 2236 [ἐλὶδιον]
2057 2203 2159 2230 Dimin.
2206 2202 2274 2230 Cels.
2289 2211 2315 2236 2,
2330 2206 2369 2230 10⁷

294 2248 360 2274 vino
373 2245 486 2272 minime
500 2244 626 2275 durante,
636 2244 695 2268 Vua
710 2243 840 2269 maxime:
858 2241 915 2276 post
929 2248 970 2268 xv
986 2240 1057 2272 dies,
1071 2248 1152 2275 quam
1165 2239 1220 2266 vlla
1233 2239 1285 2266 alia
1292 2247 1346 2265 ine·
1411 2247 1464 2274 que
1478 2238 1600 2273 protinus
1613 2236 1754 2264 brachium
1775 2237 1961 2271 deligandum,
1973 2237 2181 2274 habendumque
2193 2239 2231 2265 ita
2249 2239 2300 2271 est,
2313 2239 2347 2267 do
2363 2249 2365 2262 1

295 2284 362 2310 titur
372 2302 380 2314 ,
393 2279 491 2308 fertilis
500 2298 508 2312 ,
524 2279 568 2305 sed
583 2279 693 2305 cibaria.
1412 2274 1467 2301 lens
1482 2273 1633 2300 cicatricula
1646 2272 1692 2305 fit,
1712 2281 1780 2307 quae
1794 2273 1935 2299 celerrime
1949 2273 1977 2299 in
1990 2282 2058 2300 vena
2071 2274 2252 2301 confirmatur.

330 2319 467 2345 CIBXTVS
478 2335 485 2348 ,
506 2313 544 2341 i'is.
581 2323 617 2340 m.
655 2313 770 2348 [τροφή]
805 2311 873 2339 Idem
887 2311 947 2347 fere
964 2310 1029 2347 quod
1044 2310 1126 2337 Cibus.
1163 2311 1250 2336 Varro
1266 2309 1298 2335 de
1314 2309 1345 2335 R.
1449 2316 1538 2337 CICA
1549 2310 1676 2335 'riu-Co
1689 2328 1697 2340 ,
1721 2312 1773 2334 are.
1812 2308 1916 2344 [ἐλόω]
1951 2309 2110 2336 Cicatricem
2129 2309 2266 2342 inducere,
2280 2310 2316 2336 Fe

296 2355 328 2382 R.
344 2363 366 2386 2,
382 2362 398 2387 9
424 2351 534 2379 Cibatus
556 2350 627 2376 canis
648 2350 758 2384 propior
779 2347 896 2374 hominis
914 2355 993 2381 quam
1014 2347 1089 2377 ouis;
1110 2346 1224 2380 pascitur
1243 2346 1315 2372 enim
1332 2354 1346 2371 e
1361 2345 1459 2381 60fiue
1477 2345 1549 2372 Cael.
1565 2344 1657 2371 Aurel.
1671 2352 1699 2377 4,
1714 2349 1727 2374 8
1758 2343 1854 2370 Vlcera
1867 2345 2062 2371 ci'catricantur.
2135 2345 2224 2372 Sidon.
2245 2345 2323 2380 Epist.
2339 2348 2368 2377 6

296 2390 386 2417 eulina
399 2394 425 2415 et
438 2387 531 2414 ollibus
540 2407 547 2419 ‚
568 2395 623 2412 non
637 2384 743 2417 herbis,
764 2390 809 2410 aut
822 2382 975 2410 frondibus.
1030 2383 1137 2408 Lucret.
1151 2390 1160 2407 ι
1169 2401 1177 2413 ,
1200 2390 1260 2413 1093
1285 2380 1345 2407 Nisi
1412 2381 1588 2408 conscientiae
1602 2379 1691 2406 hiulca
1703 2379 1814 2406 vulnera
1827 2379 1914 2407 vestro
1927 2380 2018 2406 saltem
2031 2381 2217 2407 cicatricentur
2231 2387 2317 2408 oratu.

297 2435 313 2453 a
323 2425 401 2452 terris
416 2423 556 2459 paullatim
572 2421 669 2456 cuique
682 2421 799 2447 cibatum
836 2419 927 2446 Terra
940 2418 992 2444 det.
1062 2418 1114 2444 Aut
1128 2417 1194 2443 alios
1208 2416 1350 2443 hominum
1449 2424 1466 2445 c
1475 2425 1485 2444 1
1494 2424 1510 2444 c
1520 2424 1541 2444 A
1551 2424 1572 2443 T
1581 2423 1600 2443 R
1609 2424 1618 2442 1
1627 2422 1644 2443 c
1653 2423 1674 2442 A
1683 2423 1704 2442 T
1713 2423 1732 2442 v
1741 2423 1770 2448 s,
1789 2425 1820 2447 a,
1842 2425 1896 2442 um,
1931 2416 2026 2443 Partic.
2055 2416 2145 2443 Sidon·
2159 2416 2237 2452 Epist.
2251 2419 2301 2453 ⁶³7
2318 2417 2367 2444 ei

298 2461 382 2497 pastus
403 2459 586 2494 pecudumque
605 2457 707 2484 cibatus
728 2455 765 2482 Id.
781 2457 814 2487 6,
831 2462 894 2488 1123.
953 2454 1034 2481 Plaut.
1049 2453 1108 2480 Mil.
1123 2461 1148 2485 2,
1165 2461 1188 2485 2,
1203 2455 1238 2487 67
1275 2452 1348 2479 Tibi
1413 2459 1471 2480 tum
1490 2452 1579 2487 peffius
1598 2457 1705 2487 precatu
1719 2451 1809 2478 leuare
1828 2451 1860 2477 ad
1879 2452 1994 2479 veniam,
2300 2469 2303 2472 .
2359 2451 2361 2453 '

298 2497 373 2524 muni
387 2496 459 2522 viam
474 2503 524 2530 qua
533 2493 658 2524 Cibatus,
674 2497 889 2526 commeatusque
907 2490 939 2517 ad
954 2497 995 2523 te,
1010 2496 1056 2515 etc.
1113 2488 1223 2515 Cibatus
1242 2488 1348 2522 gratissi-
1448 2495 1465 2516 C
1475 2496 1483 2515 1
1493 2495 1569 2516 CAT
1581 2495 1600 2515 R
1610 2495 1619 2514 1
1629 2494 1645 2515 c
1656 2489 1726 2514 6sv
1736 2494 1759 2518 S,
1767 2496 1791 2520 a,
1799 2497 1853 2514 uin.
1871 2487 1932 2514 Adi.
1954 2485 2059 2522 [ἑλώδης
2093 2488 2182 2514 Plenus
2193 2488 2360 2516 cicatricibuk.
2382 2504 2399 2521 -Ξ
2422 2515 2423 2518 ,

300 2541 358 2560 mus
371 2532 436 2559 Plin.
452 2536 475 2564 8,
491 2539 528 2557 10.
600 2528 700 2556 Cibatu
720 2528 842 2562 longiore
855 2526 996 2553 sustentare
1010 2527 1067 2551 sues
1076 2526 1153 2551 Varr.
1162 2524 1194 2551 de
1202 2525 1232 2551 R.
1242 2525 1272 2551 R.
1283 2533 1307 2557 2,
1320 2533 1347 2557 4.
1364 2526 1396 2557 65
1415 2524 1511 2559 Amph.
1526 2533 1546 2557 i,
1560 2533 1581 2556 1,
1593 2532 1646 2556 290
1672 2523 1796 2558 Tergum
1811 2523 2003 2550 cicatricosuin.
2079 2523 2187 2550 111116ἱί1,
2198 2530 2226 2557 4,
2239 2531 2260 2557 ι,
2272 2525 2310 2552 61·

299 2569 371 2596 Idem
387 2567 418 2594 de
433 2567 502 2594 R.R.
518 2575 539 2598 1,
552 2567 582 2598 63
609 2566 673 2595 Far,
687 2564 759 2599 quod
774 2564 801 2590 in
814 2563 891 2599 spicis
906 2561 1056 2589 condideris
1075 2570 1122 2596 per
1142 2561 1263 2593 messem,
1279 2566 1305 2587 et
1317 2559 1350 2586 ad
1415 2560 1561 2592 memoria,
1576 2559 1620 2586 vel
1636 2559 1810 2586 continuandi
1824 2558 1907 2586 verba
1921 2560 2049 2587 facilitate
2061 2559 2184 2592 destitui,
2197 2567 2244 2591 mit
2261 2564 2321 2592 uam
2365 2571 2369 2583 ·
2389 2558 2418 2581 ’Μ’

253 2616 260 2619 ’
299 2605 360 2631 vsu·
373 2603 474 2630 cibatus
487 2601 613 2636 expedire
625 2601 707 2631 velis,
721 2599 897 2635 promendum
907 2598 1007 2630 hieme,
1019 2604 1064 2623 etc.
1137 2596 1265 2624 Obiicere
1279 2595 1350 2622 ciba·
1415 2606 1500 2632 quum
1512 2596 1642 2623 vitiosum
1654 2595 1822 2630 prooemium
1835 2595 1908 2630 poss'it
1922 2595 2026 2628 videri,
2047 2602 2076 2623 vt
2089 2595 2240 2623 cicatricosa
2277 2594 2336 2625 cies.
2370 2592 2425 2627 Sim

298 2641 340 2668 tui
352 2639 472 2666 triticum
487 2639 573 2664 Varro
586 2636 618 2662 de
632 2637 663 2663 R.
673 2637 703 2663 R.
717 2645 740 2668 3,
755 2641 776 2666 Β.
790 2635 819 2662 de
832 2635 984 2662 turturibus.
1021 2633 1071 2659 Pro
1086 2632 1175 2659 cibatu
1190 2633 1281 2659 niuem
1295 2641 1350 2658 cre·
1413 2633 1580 2659 translatione
1594 2634 1678 2657 vritur
1690 2639 1728 2664 10,
1743 2640 1772 2664 4,
1786 2639 1799 2663 3
1813 2630 1841 2658 de
1854 2631 1906 2663 his,
1921 2635 1964 2668 qui
1978 2631 2123 2658 emendandi
2135 2631 2237 2668 scripta
2242 2630 2287 2667 fica
2294 2629 2390 2658 modum
2402 2639 2418 2655 n

299 2677 364 2704 dunt
377 2675 425 2701 effe
444 2672 510 2700 Plin.
526 2677 548 2703 8,
566 2679 604 2705 55.
676 2673 711 2698 Vt
732 2672 806 2706 prius
826 2670 930 2706 aliquid
951 2668 1030 2696 nobis
1051 2668 1152 2695 cibatui
1171 2669 1351 2704 prospicerem
1414 2675 1514 2700 renent,
1535 2667 1640 2695 Similes
1658 2666 1768 2693 medicis
1787 2667 1867 2694 etiam
1879 2665 1990 2703 ‘integra
2015 2667 2161 2694 secantibus
2174 2687 2182 2700 ‚
2200 2665 2301 2694 Accidit
2311 2666 2421 2702 ‹itaque›

301 2712 380 2748 Apul.
394 2711 459 2737 Met.
476 2717 485 2735 1
506 2717 531 2743 p.
548 2716 595 2739 113.
1360 2713 1396 2741 70
1414 2704 1568 2732 cicatricosa
1586 2703 1650 2735 sint,
1663 2709 1688 2729 et
1709 2703 1868 2738 exsanguia,
1881 2709 1906 2731 et
1920 2705 2022 2739 peiora.
2058 2703 2219 2730 Cicatricosa
2232 2701 2296 2739 Jimt
2304 2701 2348 2739 fir
2365 2711 2384 2722 ···
2395 2703 2425 2745 30

337 2751 524 2776 cissATio‚
544 2744 613 2769 anis.
634 2742 653 2768 f.
680 2742 762 2769 Solin.
777 2752 813 2776 40
832 2741 931 2769 Solitae
945 2740 1075 2768 cibationi
1090 2740 1278 2775 superponunt.
1414 2740 1503 2776 quihus
1519 2739 1656 2776 supersunt
1676 2737 1783 2775 vestigt'a
1806 2739 2000 2771 emendationis,
2026 2749 2082 2766 cum
2106 2749 2154 2768 non
2174 2742 2213 2766 ita
2231 2740 2292 2766 bene
2396 2743 2413 2754 ²

337 2791 354 2811 c
363 2791 372 2809 1
382 2789 397 2810 B
406 2788 452 2809 YR
463 2788 483 2807 Α
493 2800 500 2813 ,
519 2788 558 2805 ae.
593 2777 707 2813 [Κίέυροι
726 2779 895 2812 Ptolemaeo]
931 2777 1068 2812 Oppidum
1082 2777 1211 2809 Ciliciae,
1223 2784 1277 2802 non
1289 2783 1350 2811 pro·
1414 2777 1513 2804 Torua
1531 2781 1692 2810 cruentaque
1705 2780 1731 2801 et
1745 2775 1897 2802 cicatricosa
1910 2776 1967 2802 Sen.
1979 2775 2012 2802 de
2026 2776 2068 2803 Ira
2082 2783 2106 2808 2,
2119 2783 2156 2808 33.
2171 2778 2198 2802 in
2211 2777 2265 2802 irae
2274 2773 2344 2813 rpri)

301 2820 344 2848 cul
360 2827 375 2846 a
387 2815 532 2845 Maeandro
546 2814 641 2841 fluuio.
676 2812 743 2840 Plin.
758 2823 779 2847 ς,
794 2822 833 2849 27.
1416 2812 1577 2840 Cicatricosa
1589 2811 1652 2838 vitis
1666 2810 1773 2838 Colum.
1786 2810 1818 2837 de
1831 2811 1962 2839 Arborib.
1973 2820 2002 2839 11.
2017 2817 2041 2837 et
2054 2811 2086 2838 de
2101 2811 2131 2838 R.
2139 2812 2170 2838 R.
2183 2820 2212 2845 4,
2227 2817 2271 2845 27.
2296 2811 2299 2814 '

337 2859 484 2883 cianA
495 2857 518 2878 'r
529 2857 585 2883 ες,
603 2850 643 2876 vel
663 2856 680 2877 c
691 2857 698 2876 1
710 2856 880 2877 BYRA‘I'A.
909 2847 1025 2875 Gentile.
1057 2848 1197 2876 Cic.Vei·r.
1211 2856 1238 2881 4,
1253 2855 1285 2879 29
1312 2846 1350 2873 Eo
1452 2854 1620 2880 mecvm,
1637 2846 1663 2884 s.
1689 2853 1830 2878 crcvm,
1852 2847 1870 2874 i.
1894 2856 1920 2874 n.
1963 2846 2051 2883 [Γρύ,
2070 2847 2153 2873 κόκκος
2176 2848 2236 2874 Vet.
2251 2844 2332 2873 Gloffi*

302 2899 387 2928 quum
396 2889 491 2920 venio,
505 2887 613 2914 Praetor
627 2885 791 2920 quiescebat:
811 2886 906 2911 fratres
919 2885 958 2910 illi
969 2885 1110 2916 Cibyratae
1123 2883 1333 2910 inambulabam.
1369 2891 1401 2919 73
1417 2883 1487 2917 ὑμὴν.
1511 2882 1624 2916 Hesych.
1644 2881 1738 2913 κικκός,
1757 2879 1926 2918 &moieno-15]
1963 2881 2118 2910 Membrana
2133 2882 2220 2910 tenuis
2233 2881 2346 2909 malon·

339 2934 374 2954 ci
387 2931 457 2953 axa
467 2921 541 2950 Ατῖ
550 2928 634 2953 cvs,
653 2930 684 2954 a,
711 2930 766 2948 urn.
793 2922 874 2946 Euam
891 2923 991 2956 gemite.
1028 2919 1084 2946 Cic.
1098 2920 1174 2946 Vei-r.
1187 2927 1216 2952 4,
1229 2926 1265 2953 47
1300 2919 1351 2944 Im·
1416 2928 1525 2952 corum,
1541 2919 1638 2946 Festus.
1674 2919 1750 2945 Vax-r.
1766 2919 1796 2945 L.
1809 2918 1839 2945 1..
1854 2921 1880 2950 6,
1894 2927 1906 2952 ς
1919 2928 1943 2954 p.
1958 2924 2005 2952 805
2032 2919 2127 2946 Cicum
2146 2918 2269 2946 dicebant
2280 2926 2306 2944 m
2323 2918 2326 2919 ’
2348 2944 2355 2949 ,.

303 2961 477 2991 mittebantur
491 2958 565 2985 illico
578 2957 728 2990 Cibyratici
748 2957 791 2983 illi
804 2964 878 2982 canes
888 2975 896 2988 ,
909 2956 956 2990 qui
975 2954 1182 2989 inuestigabant,
1195 2961 1221 2981 et
1235 2955 1353 2989 perscru-
1416 2961 1525 2983 tenuem
1534 2975 1542 2987 ‚
1562 2963 1629 2990 quae
1643 2953 1679 2981 est
1696 2954 1725 2980 in
1739 2954 1810 2980 malo
1825 2955 1924 2982 Punico
1936 2954 2094 2988 discrimen,
2109 2963 2123 2982 a
2137 2963 2192 2990 quo
2211 2954 2291 2982 etiam
2301 2953 2333 2980 P
2342 2963 2353 2978 u

302 2999 428 3027 tabantur
447 2995 548 3022 omnia.
596 2994 652 3020 Cic.
674 2995 726 3021 Att.
748 3000 772 3027 ς,
786 3001 815 3020 21
841 2991 1024 3024 Cibyraticum
1044 2991 1144 3018 forum.
1178 2990 1271 3017 Tacit.
1285 2991 1352 3017 Ann.
1414 2990 1558 3024 *einQuod
1571 2991 1660 3023 volet,
1673 2989 1780 3016 densum
1795 2990 1880 3016 cicum
1900 2999 1955 3017 non
1968 2990 2103 3018 interduo.
2141 2992 2234 3026 Nempe
2253 2989 2357 3026 υ]“ιιὺ“·;ι
2399 3000 2401 3002 ·

299 3044 331 3074 5,
348 3043 372 3068 13
391 3031 543 3065 Cibyratica
559 3029 662 3057 ciuitas.
1416 3027 1563 3054 verbialiter
1580 3027 1625 3053 hoc
1641 3025 1730 3062 sensti,
1753 3027 1824 3053 Inter
1848 3024 1897 3058 ista
1915 3035 1963 3052 non
1979 3032 2045 3061 pono
2058 3026 2189 3062 discrimen
2207 3033 2259 3053 tam
2271 3025 2303 3057 dc
2320 3030 2361 3061 *lag
2395 3022 2415 3055 ’.ξ

1367 3064 1401 3091 80
1410 3062 1538 3100 finfibile,
1551 3069 1668 3098 quantum
1685 3059 1719 3094 est
1736 3060 1800 3096 illud
1810 3061 1982 3097 pelliculosum
2003 3061 2135 3097 difim'men
2153 3065 2181 3088 in
2201 3062 2264 3088 malo
2282 3061 2303 3088 Β
2333 3051 2357 3080 ⁴³

691 3103 719 3135 C
825 3102 838 3133 Ι
949 3101 976 3133 C
1310 3116 1321 3127 .
1416 3098 1479 3126 idem
1500 3098 1581 3125 Plant.
1597 3097 1670 3126 Rud.
1686 3106 1711 3130 2,
1723 3105 1749 3132 7,
1762 3106 1795 3125 22
1823 3097 1899 3124 Eluas
1916 3104 1964 3130 tu,
1983 3105 2017 3124 an
2039 3106 2171 3134 exungare
2188 3097 2290 3124 ciccum
2342 3102 2362 3118 s*-

1415 3134 1508 3167 duim,
1524 3137 1542 3160 i.
1562 3134 1628 3160 nihi!
1646 3132 1756 3168 intereffi’
1765 3140 1836 3169 puto.
2309 3151 2311 3153 -
2338 3133 2347 3154 ,⁴

343 3183 360 3205 c
371 3175 408 3205 i‘c
417 3178 439 3204 K
448 3184 466 3204 D
475 3183 496 3203 A
504 3195 513 3209 ,
533 3184 572 3202 ae.
592 3175 612 3202 t‘.
649 3171 767 3208 [τὲτ7ιξ]
802 3168 925 3207 InseHum
943 3169 1007 3197 illud
1017 3165 1119 3203 aestatis
1131 3178 1224 3202 comes,
1237 3179 1354 3196 canorum
1452 3177 1469 3198 c
1479 3177 1513 3198 ic
1522 3178 1538 3198 E
1548 3177 1566 3197 R
1576 3190 1584 3203 ‚
1604 3170 1665 3197 eris.
1690 3178 1716 3196 n.
1751 3170 1764 3204 [
1771 3167 1910 3210 ξρέξινθος]
1947 3170 2092 3206 Leguminis
2102 3178 2188 3206 genuf.
2223 3168 2292 3195 Plin.
2303 3170 2339 3223 i&

309 3212 347 3243 seu
360 3212 498 3245 stridulum
516 3213 606 3243 malis,
622 3209 759 3251 etsaliem.
802 3207 868 3234 Plin.
884 3215 917 3239 11,
930 3208 965 3233 26
978 3207 1040 3247 1132
1060 3205 1217 3232 Cicadarum
1239 3205 1292 3231 duo
1311 3215 1353 3240 ge·
1416 3206 1518 3234 Ciceris
1537 3211 1630 3233 natura
1649 3204 1686 3232 est
1705 3205 1780 3240 gigni
1800 3213 1860 3231 cum
1880 3204 2042 3240 salsilagine,
2057 3205 2120 3232 ideo
2141 3205 2228 3232 solum
2241 3203 2306 3232 vrit.
2338 3218 2339 3221 =

309 3257 386 3275 nera:
408 3248 524 3274 minores
538 3255 605 3282 quae
620 3254 722 3281 primae
741 3242 912 3279 proueniunt,
931 3248 957 3269 et
969 3240 1121 3268 nouissimae
1132 3247 1251 3276 pereunt.
1288 3241 1353 3268 Sunt
1370 3248 1399 3278 ες
1417 3242 1596 3269 madefactum
1609 3241 1710 3276 pridie,
1726 3241 1777 3268 seri
1789 3240 1876 3267 debet.
1929 3241 2102 3269 Differentiae
2115 3241 2203 3276 plures
2220 3224 2346 3276 niagniiu·
2366 3264 2370 3266 .

309 3290 398 3312 autem
411 3289 507 3310 mutae.
543 3283 659 3317 Sequens
672 3281 708 3307 est
722 3279 813 3308 volatu
828 3287 896 3306 rara.
931 3280 1008 3312 Qiae
1022 3283 1116 3304 canunt
1130 3284 1258 3303 vocantur
1271 3277 1353 3304 Ache·
1417 3287 1497 3314 gnra,
1512 3278 1616 3308 colore,
1630 3278 1730 3313 sapore.
1786 3276 1828 3303 Est
1846 3276 1917 3304 enim
1932 3277 2049 3305 arietino
2064 3277 2156 3312 capite.
2167 3276 2266 3308 fimile,
2292 3287 2295 3294 ·
2319 3288 2329 3297 ==
2341 3292 2354 3313 6·

310 3326 368 3347 tae:
387 3324 412 3345 et
427 3327 494 3353 quae
507 3318 624 3345 minoi-ei
640 3326 671 3344 ex
685 3316 722 3343 eis
734 3316 808 3348 sunt,
822 3313 1013 3348 Tettigoniae:
1041 3312 1084 3340 sed
1099 3312 1159 3339 illae
1173 3313 1255 3347 magis
1269 3314 1354 3340 Cano·
1417 3314 1546 3350 pellatur,
1560 3313 1649 3340 albuni
1663 3313 1832 3348 nigrumque.
1867 3312 1909 3339 Est
1923 3319 1949 3340 et
1963 3312 2158 3348 columbini-tm,
2172 3311 2244 3348 quod
2256 3310 2304 3338 alii
2324 3314 2347 3330 *ἵ

311 3364 365 3383 rae.
403 3355 490 3381 Mares
510 3360 605 3380 canunt
623 3354 650 3380 in
670 3359 786 3386 vtroque
805 3359 913 3386 genere:
946 3349 1062 3376 feminae
1080 3347 1164 3375 silent.
1200 3347 1297 3375 Gentes
1312 3358 1355 3376 ve·
1416 3356 1531 3383 vocant,
1549 3348 1708 3382 candidum,
1730 3348 1890 3381 rotundum,
1913 3348 1990 3382 leue,
2010 3349 2125 3376 arietino
2145 3348 2249 3381 minus,
2272 3340 2348 3382 quod.

312 3392 419 3418 scuntur
434 3389 466 3415 iis
481 3388 514 3415 ad
527 3389 664 3416 Orientem
675 3409 683 3421 ,
703 3388 783 3414 etiam
797 3385 886 3414 Parthi
899 3385 995 3420 opibus
1013 3383 1220 3412 abundantibus:
1234 3391 1278 3410 etc.
1293 3385 1356 3421 stint
1418 3385 1569 3422 pei-uigiliis
1588 3384 1708 3412 adhibet.
1747 3384 1816 3411 Add.
1837 3385 1942 3412 Colum.
1957 3393 1983 3418 2,
2000 3393 2038 3418 io,
2051 3394 2088 3417 20,
2109 3383 2152 3411 vbi
2165 3379 2359 3428 Arietinuii'i‘42-

311 3430 376 3454 enim
392 3425 513 3462 pluscula.
585 3426 658 3458 Virg.
673 3425 701 3450 in
714 3423 807 3451 Culiee
820 3430 856 3456 151
876 3421 984 3456 Argutis
997 3427 1023 3448 et
1037 3419 1130 3447 cuneta
1144 3419 1262 3446 fremunt
1280 3420 1355 3447 ardo·
1367 3431 1403 3456 90
1418 3428 1633 3453 commemoratur,
1647 3421 1722 3447 {ibris
1740 3419 1884 3456 quibusdam
1898 3420 2052 3448 Ariminum
2069 3419 2228 3451 habentibus,
2239 3425 2268 3446 vt
2282 3426 2307 3446 ῃ,
2326 3422 2358 3459 [4⁷

311 3472 341 3491 re
356 3460 461 3489 cicadis·
533 3458 664 3486 Auen-'¹¹5³
677 3459 782 3491 Cicada,
801 3458 853 3485 vid·
873 3463 980 3485 AVEN
990 3464 1021 3484 Α.
1076 3456 1151 3491 virg.
1167 3455 1262 3489 Georg.
1277 3464 1299 3488 3,
1313 3461 1355 3488 328
1416 3465 1446 3491 ‘35
1461 3465 1484 3484 et
1497 3465 1528 3490 39
1547 3457 1590 3483 vbi
1609 3456 1763 3483 Arietillum
1776 3461 1861 3482 tuctur
1873 3455 2004 3492 Heinsius:
2027 3460 2058 3484 it.
2072 3455 2165 3483 Pallad.
2173 3456 2252 3482 Mart.
2264 3454 2314 3488 422⁷.
2330 3458 2349 3477 -ἰ,

313 3500 344 3526 Et
359 3503 436 3525 cantu
445 3494 579 3529 Qnerulae
586 3501 708 3530 rumpent
721 3493 824 3522 arbusta
838 3493 951 3520 cicadae.
987 3492 1060 3519 Idem
1074 3491 1127 3519 Ecl.
1141 3499 1164 3518 2.
1181 3499 1204 3523 13
1230 3491 1289 3518 Sole
1309 3492 1356 3518 sub
1418 3502 1445 3525 2,
1458 3501 1503 3525 20,
1515 3501 1528 3525 3
1548 3493 1747 3523 Ματαιοτεχνίαε
1759 3491 1805 3519 boc
1817 3494 1950 3528 exemplum
1957 3495 2048 3528 ponit:
2066 3491 2152 3528 qualis
2164 3491 2238 3518 illius
2250 3489 2319 3531 fixit,
2328 3499 2358 3521 :ld

314 3533 417 3562 ardenti
432 3532 553 3560 resonant
566 3529 669 3557 arbusta
684 3530 787 3557 cicadis.
823 3529 922 3557 Auflor
935 3527 1096 3555 Philomelae
1110 3535 1138 3561 33
1163 3527 1193 3553 Et
1213 3528 1299 3554 cuculi
1315 3537 1357 3554 cu-
1418 3529 1512 3555 ciceris
1531 3537 1563 3555 ex
1583 3528 1667 3563 spatio
1684 3526 1794 3554 distante
1812 3527 1885 3555 niiss'a
1902 3528 1932 3554 in
1951 3536 2027 3554 acum
2047 3527 2174 3554 continuo
2192 3533 2218 3553 et
2229 3525 2282 3553 fine
2320 3529 2341 3546 ¹⁵
2376 3538 2377 3541 ¹
2402 3533 2404 3536 ’

315 3570 412 3602 rulant,
420 3566 548 3596 Fritinnit
561 3574 638 3592 rauca
651 3565 748 3592 cicada.
784 3565 919 3600 Virg.Ecl.
934 3572 956 3598 ς,
965 3571 1001 3599 77
1019 3564 1142 3598 Dumque
1154 3561 1246 3594 thymo
1254 3563 1356 3590 Pascen-
1418 3564 1563 3591 inserebat:
1610 3571 1672 3590 nem
1684 3571 1744 3589 cum
1757 3562 1887 3597 speciass'et
1899 3563 2058 3596 Alexander,
2071 3563 2173 3593 donaffe
2186 3561 2285 3589 dicitur
2295 3559 2319 3587 ei
2330 3588 2336 3591 ,
2355 3572 2356 3575 “

317 3611 359 3632 tur
371 3613 447 3640 apes,
465 3603 528 3630 dnm
542 3610 604 3628 rore
619 3601 731 3628 cicadae.
776 3602 879 3628 Luci-et.
895 3610 923 3634 4,
938 3602 969 3633 56
995 3600 1063 3626 Cum
1081 3598 1300 3635 veteresAPonunt
1319 3605 1358 3626 tu-
1371 3608 1402 3634 95
1419 3600 1536 3634 guminis
1550 3608 1595 3626 mo
1615 3599 1656 3626 io:
1677 3597 1747 3634 quod
1760 3598 1869 3634 quidem
1889 3599 2036 3634 praemium
2048 3598 2102 3626 -fuit
2121 3597 2170 3624 illo
2183 3595 2354 3633 operediyza
2398 3606 2400 3609 ⁴

317 3641 388 3667 nicas
407 3639 501 3667 aestate
521 3636 634 3664 cicadae.
670 3636 752 3663 Ouid.
765 3636 797 3662 dc
811 3638 873 3664 Arte
887 3637 946 3663 Ain.
964 3644 982 3667 1,
996 3643 1042 3670 271
1062 3635 1132 3661 Vere
1145 3634 1217 3668 prius
1236 3634 1358 3662 volucre·
1419 3635 1558 3662 Madidum
1571 3635 1640 3662 cicer
1651 3634 1768 3661 Martial.
1783 3643 1802 3668 1,
1815 3643 1851 3668 42.
1868 3641 2030 3667 maceratum,
2043 3634 2084 3661 vul
2095 3631 2192 3660 coctum
2203 3633 2270 3660 adeo.
2300 3642 2306 3647 -’
2326 3649 2347 3663 »,».

317 3681 433 3708 taceant,
452 3673 546 3702 aestate
559 3671 672 3709 cicadae.
727 3671 832 3698 Cicadas
846 3670 1012 3704 Philostratus
1023 3673 1051 3697 in
1063 3669 1191 3706 Apollonii
1206 3670 1303 3703 syanei
1321 3674 1359 3697 vi·
1420 3671 1525 3698 Colum.
1540 3679 1567 3704 9,
1580 3679 1600 3702 i,
1611 3675 1634 3701 8.
1669 3671 1736 3697 Hor.
1750 3670 1831 3697 Serm.
1843 3679 1869 3703 2,
1883 3672 1909 3703 6,
1921 3675 1955 3704 84
1978 3669 2008 3696 de
2022 3677 2090 3696 mure
2108 3667 2217 3702 rustico,
2237 3662 2290 3696 Ne.
2324 3667 2327 3670 “

317 3718 360 3743 ta,
377 3718 400 3737 et
421 3712 492 3737 Plato
512 3713 538 3736 in
553 3707 678 3739 Phaedro,
696 3716 711 3733 a
731 3706 811 3740 Musis
827 3714 926 3734 cantum
944 3705 1049 3740 habuiffi
1064 3705 1195 3743 scribunt,
1214 3705 1309 3732 dicente
1326 3705 1360 3738 lic
1419 3706 1497 3742 potiti
1512 3707 1620 3739 ciceris,
1635 3714 1682 3732 nec
1697 3706 1790 3741 longae
1808 3706 1908 3733 inuidit
1929 3712 2036 3732 auenae.
2107 3704 2246 3739 Tepiduin
2310 3721 2326 3732 -.

316 3747 430 3778 Socrate,
457 3747 546 3774 Fertur
558 3751 637 3771 autem
646 3763 655 3776 ,
672 3743 730 3770 olae'm
743 3741 842 3768 cicadas
861 3743 969 3769 homines
984 3741 1065 3779 fuiffe
1084 3748 1141 3768 ante
1161 3740 1264 3776 Musas:
1290 3745 1360 3768 natis
1410 3742 1536 3769 -MartiaL
1551 3751 1571 3774 i,
1586 3750 1642 3775 ¹04·
1711 3741 1905 3773 Vernaculuin,
1917 3743 1936 3770 ἰ.
1947 3739 2066 3776 indigena
2078 3739 2138 3766 Col.
2151 3748 2178 3773 9,
2193 3749 2212 3773 1,
2225 3742 2248 3771 ε’.
2315 3747 2329 3758 ”

317 3781 404 3808 dein-le
423 3782 519 3815 Mufis,
539 3787 615 3807 cantu
634 3788 660 3806 ue
679 3775 831 3810 monstrato,
850 3777 947 3804 illorum
967 3777 1096 3805 nonnullas
1120 3777 1246 3812 voluptate
1271 3784 1440 3808 cantus1001,
1455 3780 1482 3810 6,
1498 3786 1534 3811 115
1553 3777 1616 3804 Inde
1629 3776 1739 3804 domum
1750 3785 1793 3804 me
1816 3776 1856 3803 Ad
1870 3775 1960 3812 porri,
1973 3780 1999 3802 et
2017 3774 2109 3802 ciceris
2130 3775 2234 3806 refero,

316 3818 391 3854 esque
405 3817 464 3843 adeo
481 3816 598 3846 delinitos
609 3788 702 3852 Juiffe,
722 3820 752 3840 vt
768 3819 883 3839 canentes
895 3813 972 3839 cibum
990 3820 1119 3850 potumque
1135 3821 1164 3839 ne
1182 3813 1299 3849 ligerem,
1313 3815 1358 3838 im-
1421 3823 1494 3840 num.
1568 3811 1671 3840 Ciceris
1689 3819 1715 3839 et
1728 3811 1802 3846 nucis
1815 3817 1903 3838 emtor
1916 3811 1983 3838 Hor.
1998 3809 2030 3837 de
2043 3810 2107 3837 Arte
2121 3819 2180 3845 ²49·
2205 3811 2246 3838 Ἠ

311 3852 491 3889 prudenterque
501 3854 630 3887 perirent:
651 3860 680 3877 ex
694 3849 782 3885 quibus
794 3847 906 3882 deinceps
918 3849 1059 3875 cicadarum
1071 3857 1149 3886 genuf
1173 3854 1194 3874 it
1206 3854 1306 3880 natum,
1319 3851 1359 3874 cui
1419 3849 1476 3876 bum
1488 3850 1561 3876 uilem
1569 3847 1655 3884 fuiffe.
1692 3846 1764 3875 Add:
1783 3847 1886 3873 Petron.
1901 3853 1941 3881 14.
2115 3844 2137 3884 ff
2159 3855 2174 3878 a
2206 3843 2284 3881 Mens

317 3888 403 3924 Mujiie
424 3888 468 3913 hoc
487 3896 573 3913 mimus
591 3886 728 3918 dederunt,
744 3890 774 3910 ve
791 3885 909 3910 alimonia
929 3892 975 3909 non
995 3885 1121 3921 indigeat,
1134 3882 1182 3920 sed
1199 3881 1288 3919 absque
1307 3883 1358 3909 cibo
1420 3885 1465 3912 dae
1472 3885 1571 3921 struit,
1587 3883 1686 3910 Ciceris
1698 3881 1872 3917 amplitudine
1883 3878 2058 3916 scribom-77.
2095 3877 2275 3916 magnitudine
2287 3886 2297 3906 i

309 3931 418 3960 potuque
443 3922 558 3957 quamdiu
583 3925 679 3948 vixerit
703 3926 800 3948 cantet:
831 3916 915 3954 postea
935 3928 991 3945 vcro
1009 3919 1042 3945 ad
1057 3919 1147 3955 Musas
1165 3917 1353 3958 proficiscatur,
1456 3925 1472 3946 c
1483 3918 1616 3952 ιςὲιὶΛ,
1634 3927 1674 3945 aae.
1694 3917 1715 3944 f.
1750 3916 1869 3958 [ὦχρσὶς]
1904 3916 1984 3942 Genus
1997 3918 2087 3952 pabuli
2098 3928 2114 3945 a
2132 3917 2166 3944 ud
2174 3915 2287 3952 Colum..

312 3967 383 3996 quam
398 3960 453 3994 quic
470 3956 592 3984 hominum
608 3957 705 3993 Musim
721 3955 762 3982 hic
773 3955 839 3982 colat
854 3957 1061 3982 reninitiaturum.
1097 3956 1163 3993 Ergo
1179 3953 1354 3990 Terpsichorae
1367 3967 1410 3993 ¹05
1419 3963 1506 3990 neque
1528 3954 1670 3982 hominum
1704 3951 1766 3979 cibo
1798 3951 1901 3979 inutilis
1922 3950 1989 3979 ibid.
2008 3956 2045 3979 12.
2120 3953 2227 3981 “ceram
2241 3954 2280 3978 ‘et
2292 3981 2299 3987 ,
