2474 4182
653 68 925 111 (1οΜ

252 162 322 188 vitae
335 161 415 188 alicui
433 160 488 188 Cic.
503 169 551 195 pro
565 160 658 194 Qiint,
674 164 713 192 98.
785 156 890 190 Qiibus
903 160 1004 182 tantum
1017 155 1119 182 facinus
1132 156 1299 182 committere

249 198 376 223 auderent
390 198 463 224 Caes.
478 197 506 223 B.
521 197 552 223 G.
568 206 589 228 3,
603 199 645 222 60.
717 192 812 219 Filiam
824 192 867 218 cui
887 192 956 218 Ter.
964 193 1094 225 Heaut.4,
1102 201 1124 224 3,
1137 194 1176 224 36.
1201 196 1219 217 ι’.
1241 201 1299 217 ωο-

253 242 302 259 rem
316 233 383 259 ιίιιτϊ.
454 232 576 260 Habenas
596 230 776 259 committere,
797 230 942 254 Permittere
960 228 1062 264 regendi
1076 226 1220 262 pottstatem
1241 228 1298 253 Sen.

251 268 345 295 Medea
362 278 396 301 33.
470 270 592 295 Honores
607 265 774 292 committere
788 264 868 290 alicui
884 263 976 290 Claud.
994 265 1019 290 in
1029 262 1299 295 Laudib.Seren.194.

252 87 338 125 1055

252 304 426 332 Incommoda
445 305 489 330 sua
511 302 612 336 legibus
632 307 657 327 et
672 299 781 326 iudiciis
800 300 856 326 Cic.
871 300 947 326 Verr.
964 309 982 330 1,
997 305 1037 329 82.
1058 299 1082 325 h.
1097 308 1115 324 c.
1137 299 1258 324 Iudicium
1272 299 1299 323 ti.-
1327 301 1339 327 5

252 341 412 367 incommodis
420 339 551 376 secundum
565 339 628 372 leges
642 334 779 371 expeHare.
851 335 907 361 Cic.
921 336 973 362 Att.
985 344 1004 367 1,
1014 344 1042 360 10
1060 336 1099 360 113
1113 343 1198 368 neque
1207 333 1299 360 Achai-

251 376 288 402 cis
301 376 472 406 hominibus,
492 382 577 406 neque
591 371 734 407 Epiroticis
748 370 839 406 paullo
859 371 1000 397 liberiores
1021 369 1109 397 literas
1135 370 1300 395 committere

252 412 346 439 audeo.
417 407 612 444 Magistratibus
640 406 776 442 aliquibus
807 408 975 434 committere
1009 406 1064 433 Cic.
1093 414 1141 439 pro
1161 405 1243 430 Plane.
1263 407 1300 431 61.

252 447 333 474 Ouid.
348 447 425 481 Epist.
442 453 527 477 15,131
547 442 641 471 Oscula
654 444 798 477 cognosco,
823 451 890 478 quae
920 448 948 468 tu
982 441 1151 467 committere
1186 440 1300 474 linguae,

252 486 370 524 Aptaque
385 482 522 508 consueras
535 480 652 514 accipere
661 499 670 512 ,
686 485 745 514 apta
757 478 827 505 dare.

252 520 333 545 alicui
358 518 413 544 Cic.
435 518 505 543 Fam.
528 524 568 548 13,
584 523 604 548 5.
678 515 744 541 Rem
757 520 782 541 et
795 514 879 541 vitam
899 513 979 540 alicui
998 514 1066 538 l-lor.
1081 513 1162 538 Serm.
1179 521 1201 544 2,
1216 521 1242 546 7,
1256 516 1300 546 67.

251 555 308 580 Seu.
324 554 354 580 de
369 553 458 579 Benef.
474 561 499 585 2,
513 559 540 585 35
559 551 608 578 His
622 550 692 586 ipsis,
699 559 766 586 quos
779 558 903 577 vocamus
916 549 1036 581 insanos,
1051 547 1208 582 Suffragium
1223 555 1247 574 et
1262 548 1301 574 iu-

250 589 434 617 risdiffionem
470 587 670 614 committimus.
742 586 830 613 Verba
871 584 1038 610 committere
1082 585 1164 610 caecis
1197 583 1300 615 modis,

249 628 363 661 aenigma
371 624 462 660 facere
480 624 538 650 Sen.
552 622 714 654 Phoen.132.
786 622 843 648 Sen.
859 621 939 646 Herc.
952 621 1012 647 Oet.
1022 628 1069 653 149
1108 619 1300 654 Commisitque

249 669 321 687 Vites
336 660 445 687 Lucifer
459 659 594 694 Hespero,
612 664 637 685 et
650 658 716 684 soles
735 657 821 683 vetuit
842 656 918 682 Delia
933 656 1044 683 tardior.
1080 656 1165 690 Caput
1180 656 1300 681 commit·
1321 662 1345 687 15

249 703 306 723 tere
331 696 433 723 tonsori
457 696 524 722 Hor.
545 694 574 721 in
592 695 656 722 Arte
676 695 747 720 Po'e‘t.
764 701 817 724 301.
890 693 946 718 Cic.
955 692 1036 718 Tusc.
1053 699 1074 724 5,
1089 697 1116 723 58
1137 691 1299 723 Quinetiam

252 741 285 759 ne
299 732 401 758 tonsori
416 730 514 757 collum
533 731 728 760 committeret,
744 728 854 754 tondere
882 727 950 754 silias
982 729 1039 754 suas
1060 727 1158 752 docuit.
1232 726 1299 751 Crus

251 768 382 794 commitit
408 768 505 802 laqueo
523 766 640 794 volucris
670 764 752 792 Ouid.
772 765 837 791 Met.
857 771 947 798 11,74.
1020 762 1116 788 Literis
1131 760 1300 786 committere

249 803 352 838 aliquid
371 804 427 830 Cic.
442 804 496 830 Att.
511 811 540 836 4,
556 812 574 829 1.
647 802 757 828 Amores
771 801 831 827 suos
844 799 948 826 tabellis
966 797 1048 825 Ouid.
1062 798 1155 822 Amor.
1171 804 1191 827 1,
1207 804 1249 827 12,
1263 805 1297 822 21.

250 840 319 866 Ter.
333 839 415 866 Andr.
431 846 452 872 1,
467 846 490 872 5,
503 841 519 865 6
540 837 613 871 Qiid
626 837 752 864 Chremes
762 855 769 867 ‚
786 836 834 871 qui
849 835 986 870 denegarat
1000 833 1024 858 se
1039 831 1236 857 commissurum
1250 832 1300 858 mi-
1318 840 1350 860 20
1364 832 1419 864 Ego
1433 831 1513 857 etiam
1528 841 1595 866 quae
1608 838 1636 858 tu
1651 832 1704 860 fine
1717 834 1800 860 Verre
1816 832 1986 865 commisisti,
2006 832 2086 859 Verri
2101 832 2210 858 crimini
2226 831 2332 858 daturus
2344 831 2396 863 [11,
2428 838 2430 843 ’
2466 832 2470 836 '

250 875 280 902 hi
294 882 398 910 gnatam
412 875 483 901 suam
498 874 633 901 vxor-emt
669 872 698 899 id
727 878 826 903 mutat,
844 871 905 905 quia
938 878 979 894 me
1012 868 1183 893 immutatum
1213 867 1297 893 videt.

250 912 316 938 Rem
343 912 372 937 in
391 911 479 938 casum
500 910 623 944 ancipitis
636 914 747 935 euentus
772 908 831 933 Liu.
848 915 876 937 4,
890 913 932 938 27.
1005 902 1042 929 Id.
1061 908 1084 935 8,
1098 911 1128 935 32
1149 904 1239 937 Quini
1253 912 1297 930 me

249 947 357 974 incertis
370 945 494 981 auspiciis
506 945 657 981 profectum
670 944 703 971 ab
719 944 800 970 domo
815 941 907 967 scirem
917 959 925 971 ,
945 944 1035 965 Vtrum
1043 939 1114 965 mihi
1129 939 1242 965 turbatis
1257 949 1297 966 re-

249 982 399 1018 ligionibus
413 981 526 1017 Respub.
540 982 569 1008 in
588 980 729 1007 discrimen
752 975 941 1003 committenda
962 974 1044 1000 fuerit
1059 975 1068 1000 Ξ
1143 975 1200 1001 Cic.
1218 975 1299 1001 Acad.

247 1029 276 1053 4,
291 1022 322 1050 68
343 1020 382 1046 Ita
396 1019 468 1045 enim
481 1017 595 1044 finitima
608 1017 665 1043 sunt
679 1014 741 1040 falsa
749 1012 836 1044 veris,
856 1019 939 1045 eaque
953 1019 1019 1045 quae
1032 1010 1133 1046 percipi
1147 1011 1249 1045 possunt
1263 1011 1298 1051 (ti
1319 1014 1346 1041 ες
1362 1010 1395 1037 de
1409 1010 1488 1044 Legg.
1498 1016 1562 1041 2c.8
1586 1011 1629 1037 vbi
1640 1012 1818 1048 Dauzsmallet
1832 1013 1860 1038 in
1873 1012 1954 1046 quod.
1978 1012 2033 1040 Cic.
2047 1021 2095 1046 pro
2108 1011 2213 1038 Cluent.
2228 1018 2261 1043 92
2276 1018 2297 1035 c.
2310 1017 2343 1044 34
2406 1017 2417 1023 ··
2432 1012 2433 1015 ’

248 1055 332 1082 modo
344 1063 374 1081 ea
388 1054 446 1081 sunt
463 1053 590 1088 quaedam
608 1063 612 1077 :
648 1051 700 1076 iam
714 1048 787 1074 enim
800 1046 970 1078 videbimus)
995 1052 1023 1073 vt
1042 1052 1131 1072 tamen
1149 1047 1178 1072 in
1199 1055 1298 1081 praeci-

248 1091 332 1127 picem
350 1091 439 1117 locum
452 1098 506 1116 non
520 1089 612 1114 debeat
626 1087 650 1111 se
665 1084 765 1119 sapiens
778 1083 955 1123 committere.
1036 1082 1097 1109 Liu.
1111 1090 1151 1114 23,
1165 1090 1188 1108 11
1210 1082 1299 1109 Dista-

247 1134 334 1154 torem
349 1126 412 1162 quia
425 1127 449 1153 se
465 1126 494 1151 in
508 1124 592 1150 aciem
605 1129 741 1155 nunquam
755 1119 936 1150 commiserit,
955 1118 1088 1144 summum
1104 1117 1197 1145 haberi
1215 1119 1298 1152 impe-

247 1169 374 1191 ratorem.
446 1159 576 1187 Laudatur
589 1160 661 1184 ctiam
675 1156 735 1183 Liu.
750 1163 777 1190 7,
816 1175 822 1182 .
861 1175 867 1181 .
904 1153 946 1180 Ibi
960 1154 1023 1188 quia
1037 1162 1078 1180 res
1100 1153 1171 1180 trahi
1190 1154 1301 1189 segnitia

249 1200 413 1226 Graecorum
426 1205 481 1222 non
494 1193 719 1220 committentium
733 1192 757 1217 se
771 1191 800 1217 in
819 1190 904 1217 aciem
924 1189 1100 1222 videbantur,
1123 1189 1301 1222 016131010111,
1318 1200 1351 1226 30
1366 1189 1430 1216 nob.
1443 1200 1461 1224 4
1475 1199 1499 1224 p.
1516 1195 1569 1223 148.

365 1233 419 1259 Cic.
435 1233 510 1257 Verr.
525 1239 554 1263 4,
567 1231 600 1256 26
625 1230 656 1255 In
678 1227 773 1262 Populi
793 1226 909 1253 Romani
926 1225 1035 1260 quidem
1054 1225 1221 1260 conspectum
1244 1235 1299 1260 quo

248 1242 294 1262 ‘tc'
633 1264 707 1291 Idem
723 1264 775 1290 Att.
789 1268 812 1295 8,
826 1270 854 1297 17
875 1262 918 1289 Ne.
932 1261 999 1289 duae
1012 1261 1132 1296 legiones
1146 1261 1199 1288 fine
1211 1262 1300 1288 Picen-

247 1279 295 1297 ore
308 1265 539 1295 vos.c0mmifistis
554 1267 563 1292 3

246 1305 310 1332 cinis
330 1303 484 1330 cohortibus
511 1302 540 1328 in
559 1299 728 1335 (0111006111111
748 1298 866 1326 Caesaris
881 1297 1120 1324 committerentur.

245 1342 330 1368 Fratr.
344 1349 366 1373 3,
380 1348 395 1366 2
415 1340 507 1373 Qium
521 1337 651 1364 Gabinius
666 1343 822 1370 quacunque
835 1333 977 1366 veniebat,
993 1333 1160 1368 triumphum
1173 1334 1199 1359 se
1212 1333 1300 1368 postu-

248 1378 302 1403 lare
316 1376 434 1407 dixisset,
455 1373 597 1408 subitoque
609 1373 695 1399 bonus
710 1373 862 1406 Imperator
874 1369 956 1396 11οό111
970 1369 998 1395 111
1016 1369 1110 1396 vrbem
1130 1370 1207 1404 plane
1225 1370 1299 1396 inua-
1317 1369 1346 1396 33
1367 1370 1440 1395 Caes.
1461 1369 1525 1396 Bell.
1545 1370 1613 1397 Gall.
1629 1378 1655 1405 7,
1669 1379 1695 1403 4.

245 1412 326 1445 sisset,
346 1413 375 1439 in
386 1412 508 1438 Senatum
523 1410 548 1436 sc
562 1418 616 1436 non
629 1406 822 1434 committebat.
897 1405 971 1432 Ausis
990 1406 1092 1440 magnis
1106 1406 1132 1432 se
1151 1406 1300 1431 committe-

246 1458 276 1476 re
297 1447 389 1475 Claud.
402 1448 431 1474 in
444 1447 553 1481 Eutrop.
569 1454 594 1477 2,
610 1450 666 1477 548.
738 1444 871 1470 Fortunae
892 1442 949 1468 Cic.
965 1442 1017 1468 Att.
1030 1449 1056 1474 9,
1070 1451 1097 1476 4.
1154 1441 1222 1467 Cels.
1238 1444 1263 1472 6,
1273 1446 1299 1471 18

245 1484 443 1519 Praecipueque
456 1482 530 1509 vlcus
543 1481 626 1507 multa
638 1488 707 1514 aqua
720 1478 835 1505 calidum
850 1477 998 1504 fouendum
1020 1476 1056 1503 est
1065 1496 1073 1509 ‚
1092 1476 1297 1511 velandumque,

245 1528 332 1555 neque
346 1519 445 1554 frigori
458 1515 687 1544 committendum.
758 1515 814 1541 Cic.
829 1514 905 1539 Verr.
921 1522 949 1546 4,
963 1521 992 1546 91
1012 1512 1106 1539 Hiemi
1120 1512 1299 1547 fludiibusque

244 1557 298 1583 sese
311 1555 479 1582 committere
491 1552 602 1583 maluit,
619 1559 699 1586 quam
721 1558 777 1576 non
797 1549 873 1576 istam
886 1557 1055 1575 communem
1069 1548 1218 1575 Siculorum
1233 1555 1298 1575 tem·
1308 1559 1345 1584 40
1365 1548 1535 1575 adjudicanda
1554 1547 1588 1580 esi
1600 1548 1776 1584 palaestritis,
1792 1554 1849 1587 quia
1868 1551 1938 1578 heres
1951 1560 1999 1577 non
2008 1550 2077 1587 fecit
2087 1570 2095 1582 ,
2114 1548 2178 1585 quod
2189 1546 2330 1582 testamento

816 1584 897 1611 Nihil
912 1584 1073 1616 committas,
1086 1584 1134 1610 nisi
1149 1584 1220 1619 quod
1229 1594 1300 1611 com-

244 1592 385 1628 pestatem,
405 1589 635 1621 calamitatemque
650 1586 744 1613 vitare.
973 1620 977 1624 .

945 1621 1040 1647 Itineri
1067 1621 1092 1646 se
1120 1621 1299 1654 committere,

244 1628 352 1655 mittere
366 1626 446 1653 etiam
461 1624 575 1651 Inimico
589 1621 665 1656 possis
685 1622 743 1647 Sen.
758 1620 837 1655 Epist.
851 1629 872 1652 3.

243 1664 297 1691 vid.
308 1661 392 1699 paullo
400 1658 474 1696 post,
494 1659 554 1686 Viis
568 1658 649 1689 hisce,
665 1663 709 1683 etc.
781 1655 886 1681 Iudicio
899 1655 1008 1682 infirmo
1023 1656 1157 1683 committi
1178 1657 1297 1683 Cic.Att.

244 1708 266 1732 i,
281 1708 314 1731 ¹3·
387 1696 454 1725 Cels.
476 1705 503 1728 1,
519 1704 534 1721 2
560 1694 586 1720 Si
600 1693 660 1728 quis
681 1690 798 1718 interdiu
818 1691 843 1717 se
863 1690 1006 1724 implebit:
1040 1691 1098 1726 post
1133 1691 1224 1718 cibum
1256 1701 1301 1719 110-

244 1744 297 1770 que
327 1733 442 1768 frigori,
480 1739 567 1766 neque
605 1728 703 1760 aestui,
751 1763 756 1767 μ

244 1777 309 1798 1010.
388 1769 430 1796 sic
459 1766 636 1795 Committerc
657 1764 759 1790 Labori
777 1771 877 1797 equum
898 1761 958 1788 Col.
973 1763 1000 1794 6,
1013 1770 1054 1795 29,
1067 1770 1095 1794 4.
1168 1764 1240 1789 Mari
1252 1763 1300 1789 ali-

245 1815 325 1842 quem
347 1803 514 1831 committere
542 1803 640 1830 Lucan.
655 1807 682 1833 ς,
695 1801 751 1832 691.
823 1796 1000 1825 Mucronibus
1032 1797 1130 1837 [1116115
1164 1799 1299 1824 committi

244 1841 326 1869 Ouid.
339 1840 405 1868 Fast.
419 1849 442 1873 3,
456 1848 508 1872 231.
546 1841 565 1865 i.
584 1838 675 1867 obiici,
696 1837 793 1870 exponi.
865 1833 1043 1867 Nauigationi
1072 1833 1097 1858 se
1131 1833 1299 1860 committere

245 1879 302 1906 Cic.
317 1878 389 1904 Fam.
406 1878 444 1909 16,
458 1878 483 1902 6.
555 1872 637 1901 Ouid.
650 1872 715 1899 Met.
732 1878 768 1903 13,
778 1878 829 1903 342
848 1869 904 1895 Cur
919 1868 997 1895 audet
1011 1868 1109 1900 Vlysses
1146 1870 1188 1895 Ire
1202 1878 1248 1903 per
1255 1878 1298 1895 ex.

246 1914 353 1946 eubias,
371 1918 397 1939 et
410 1913 435 1938 sc
449 1910 619 1938 committere
633 1906 718 1935 Nocti
732 1907 740 1932 ἓ

245 1949 339 1977 tendae
358 1947 492 1975 eiusmodi
518 1945 656 1977 Periculo,
673 1948 702 1970 vt
727 1946 772 1968 aut
790 1941 918 1973 interire,
937 1947 983 1967 aut
1001 1940 1102 1974 aperiri
1115 1946 1161 1966 aut
1173 1941 1298 1976 intercipi

245 1985 354 2021 possint,
372 1986 410 2011 De
425 1985 517 2010 literis.
587 1979 709 2008 Periculo
730 1977 842 2009 mortis,
862 1982 908 2003 aut
930 1976 1066 2003 seruitutis
1090 1976 1114 2003 se
1128 1977 1299 2004 committere

247 2021 344 2048 Cicero
358 2028 407 2054 pro
422 2019 493 2053 Lege
506 2017 602 2044 Manil.
617 2024 650 2048 31.
723 2013 801 2040 Ponti
817 2013 869 2039 sese
884 2012 1055 2039 committere
1073 2012 1148 2047 Virg.
1163 2013 1261 2047 Georg.
1276 2021 1299 2046 3,

247 2062 289 2091 78.
361 2055 447 2081 Ponto
480 2054 505 2079 se
538 2051 724 2082 committere,
745 2052 762 2074 i.
782 2050 856 2075 Mari
881 2048 937 2075 Cic.
953 2048 982 2074 111
995 2048 1069 2074 Α131.
1107 2068 1113 2074 .
1152 2067 1159 2074 .
1195 2049 1300 2083 Pugnae

245 2091 329 2120 Ouid.
344 2091 409 2117 Met.
426 2098 465 2122 14,
479 2089 536 2120 362.
1010 2118 1015 2122 Ι

246 2129 329 2155 Rixae
342 2127 367 2152 se
380 2124 547 2152 committere
562 2123 659 2154 Lucan.
673 2119 705 2146 ad
718 2119 804 2145 Pison.
820 2122 872 2152 187.
944 2118 1068 2143 Portibus
1088 2119 1257 2145 committere
1272 2120 1298 2144 se

247 2173 303 2190 non
335 2160 466 2188 audebant
509 2158 583 2185 Caes.
598 2156 663 2184 Bell.
678 2154 760 2181 Ciuil.
775 2163 798 2186 3,
813 2155 857 2179 60.
930 2152 999 2183 Cels.
1015 2161 1035 2186 1,
1049 2161 1062 2178 2
1087 2152 1217 2179 Habitare
1233 2161 1298 2179 vero

244 2198 368 2227 aedificio
384 2195 473 2224 lucido
487 2195 625 2229 perflatum
638 2191 767 2218 aestiuum
777 2209 786 2222 ,
803 2188 946 2215 hibernum
960 2188 1043 2215 solem
1057 2187 1185 2221 habente,
1206 2197 1298 2214 cauere

246 2234 426 2263 meridianum
439 2231 537 2262 solem,
557 2228 719 2254 matutinum
733 2231 759 2252 et
772 2224 952 2258 vespertinum
969 2224 1054 2257 frigus
1064 2244 1072 2255 ,
1091 2224 1208 2258 itemque
1223 2233 1299 2251 auras

247 2271 388 2297 fluminum
402 2273 480 2302 atque
493 2265 660 2299 stagnorum,
679 2261 844 2294 minimeque
857 2259 952 2285 nubilo
966 2259 1039 2284 caelo
1053 2258 1109 2284 Soli
1130 2260 1259 2293 aperienti
1273 2261 1298 2286 se
1308 2263 1343 2289 60
1364 2258 1411 2285 bus
1425 2259 1595 2286 disiunctiuis
1608 2260 1809 2287 conditionibus
1821 2262 1903 2288 altera
1915 2261 2060 2294 defecerit,
2077 2261 2176 2288 necesse
2190 2260 2242 2293 est,
2259 2265 2288 2286 vt
2302 2267 2346 2292 ea„

505 2301 561 2328 Cic.
575 2301 652 2326 Verr.
668 2305 690 2331 5,
707 2304 751 2331 137
770 2297 875 2330 Negat,
893 2295 918 2320 se
932 2294 965 2320 de
978 2294 1175 2321 existimatione
1188 2296 1232 2321 sua
1245 2296 1299 2321 cui-

249 2351 347 2378 quam,
365 2339 413 2367 nisi
427 2338 485 2365 Suis
505 2335 712 2364 commissurum.
784 2332 864 2365 Saepe
884 2331 1011 2357 flauerant
1025 2329 1123 2362 Venti,
1143 2329 1242 2364 quibus
1257 2339 1301 2356 ne-

248 2378 356 2406 ccss‘ario
370 2372 590 2402 committendum
603 2368 770 2397 existimabat
786 2367 857 2394 Caes.
871 2367 900 2393 B.
914 2367 944 2393 C.
959 2375 987 2398 3,
1001 2373 1039 2399 23·
1110 2366 1198 2392 Vento
1215 2366 1297 2392 Ouid.

250 2414 316 2442 Fast.
332 2422 354 2446 3,
369 2419 427 2447 579.
497 2409 573 2443 Virg.
588 2408 652 2434 Aen.
668 2415 706 2438 10,
720 2406 751 2434 68
784 2403 860 2430 Num
879 2402 1001 2437 linquere
1017 2400 1098 2428 castra
1134 2402 1244 2428 Hortati
1259 2402 1299 2428 su-

248 2450 331 2478 mus?
367 2453 412 2474 aut
435 2445 527 2473 Vitam
560 2442 728 2471 committere
748 2439 859 2466 ventis?

250 2485 334 2514 Ouid.
348 2485 415 2511 Met.
425 2491 458 2515 11,
472 2490 522 2515 512.
542 2482 575 2507 al.
590 2477 710 2506 Admifit.
783 2476 841 2502 Viis
855 2474 925 2500 hisce
939 2483 988 2509 ego
1004 2483 1046 2501 me
1062 2473 1238 2505 committam,
1253 2473 1301 2508 qui

250 2529 298 2549 etc.
320 2521 360 2547 ire
371 2529 427 2546 non
440 2520 497 2545 sum
510 2516 610 2544 ausus?
647 2514 704 2541 Cic.
723 2511 838 2546 Philipp.
866 2519 910 2543 12,
936 2518 980 2544 24.
1052 2509 1122 2536 Ibid.
1154 2509 1216 2550 aullq
1226 2508 1301 2544 post,

249 2306 428 2334 committere.

250 2557 388 2585 Poffiunue
402 2555 485 2590 igitur
499 2553 559 2580 satis
574 2551 663 2579 videri
676 2554 781 2581 cautus,
800 2546 861 2574 satis
876 2546 1022 2581 prouidus,
1041 2545 1060 2571 fi
1073 2554 1116 2572 me
1151 2546 1193 2572 uic
1208 2545 1302 2572 itineri

1011 2581 1139 2608 Eunucho
1160 2581 1302 2608 Bromium

253 2628 432 2657 Committere
452 2624 526 2656 noli,
546 2624 638 2649 quen.
659 2624 689 2654 6,
711 2625 757 2655 378
773 2621 881 2656 explicat
894 2618 984 2654 facere
1004 2617 1160 2650 Eunuchum,
1180 2624 1210 2643 vt
1223 2617 1302 2678 Agnlo
1312 2625 1349 2653 70
1369 2616 1441 2649 Quia
1455 2616 1624 2649 commifi,vt
1637 2626 1680 2644 me
1694 2616 1844 2650 defraudes,
1862 2617 1895 2644 ad
1908 2625 1966 2644 eam
1979 2625 2036 2644 rem
2049 2615 2152 2643 31106131
2161 2613 2235 2642 viani
2253 2613 2409 2645 Plaut.M

632 2692 787 2719 quenalem
807 2694 845 2717 ita
867 2689 1005 2725 intelligam
1028 2699 1081 2716 cum
1105 2654 1304 2724 1.,ῑιῦἰηοξςέΝοΙ1ι

247 2744 368 2774 puerum,
385 2743 453 2771 quem
461 2739 517 2758 tuae
524 2737 621 2757 tantum
634 2728 735 2755 libidini
739 2726 844 2762 seruas,
860 2725 900 2766 illi
913 2725 1027 2752 Eunucho
1040 2727 1190 2752 committere
1199 2745 1216 2767 '.
1227 2727 1304 2767 nimis

663 2762 726 2797 Voſj.
735 2763 769 2789 ad
776 2761 875 2790 Catulli
889 2761 906 2788 l.
919 2771 940 2787 c.
953 2770 978 2796 p.
993 2763 1039 2793 326
1058 2761 1089 2787 ab
1102 2761 1228 2788 Eunuchis
1242 2762 1305 2788 altor

412 2811 482 2832 ratos
494 2802 606 2838 obferunt
618 2800 697 2836 (ug.
714 2799 830 2825 Martial.
844 2807 865 2830 3,
873 2800 918 2830 91)
938 2804 961 2824 et
975 2798 1030 2823 vult
1043 2797 1088 2823 hoc
1099 2796 1181 2824 dicere
1195 2798 1306 2859 Ρῖϋιόαξιζέ
1319 2800 1351 2829 75
1368 2805 1430 2823 111113
1451 2796 1539 2823 facere
1560 2796 1619 2823 Col.
1633 2805 1659 2829 2,
1666 2805 1694 2829 4,
1700 2804 1722 2828 3.
1757 2796 1815 2823 Cic.
1832 2797 1934 2830 Fam.3,
1943 2805 1960 2830 9
1979 2796 2049 2833 Nam
2063 2794 2186 2830 profecto
2199 2801 2255 2821 non
2267 2792 2304 2819 est
2323 2806 2335 2818 »ι

1035 2865 1056 2905 ff
1077 2877 1089 2901 3
1127 2842 1305 2895 Conimii‘tezre

251 2599 307 2621 tam
326 2591 438 2621 infesto,
454 2595 561 2623 tamque
581 2586 731 2621 periculoso
757 2583 939 2611 commisero?

252 2663 358 2692 tradere
372 2673 386 2689 a
406 2661 439 2688 ud
451 2659 601 2691 Catullum,
622 2656 714 2691 afimmz
727 2654 906 2691 pistrinarium
925 2655 1032 2689 aliquem
1045 2653 1144 2689 facere.

251 2700 332 2728 Asino
345 2702 374 2726 vi
393 2719 399 2726 .
412 2698 438 2725 h.
452 2703 477 2723 υ.
492 2705 517 2722 11.
534 2705 561 2729 4.

253 2773 343 2800 virilis
351 2791 359 2804 ‚
370 2772 446 2798 nimis
459 2767 565 2795 draucus
578 2763 620 2798 esi.

254 2817 347 2845 quoque
360 2803 410 2840 cast
1087 2835 1091 2839 ⁵

255 2845 309 2871 noli
329 2840 487 2876 castrandum
509 2839 580 2865 Gallo
601 2839 714 2872 cuiquam
737 2840 781 2860 aut
800 2833 914 2860 Eunucho
933 2832 992 2859 dare
1005 2834 1139 2859 Brennum.

255 2883 339 2950 ofiinio
364 2878 443 2915 seriei
469 2876 592 2902 orationis
614 2874 695 2908 magis
715 2872 838 2897 conuenit.

254 2926 267 2943 e

256 3025 308 3050 lure
316 3029 365 3058 pro
375 3022 497 3058 praelium
509 3021 660 3045 committere
679 3015 788 3048 Eutrop.
802 3021 830 3046 4,
843 3019 866 3045 5,
880 3019 907 3044 4.
944 3018 967 3043 ς,
981 3020 1009 3044 4,
1022 3020 1043 3043 3.
1079 3019 1106 3044 9,
1122 3018 1155 3044 ις,
1168 3019 1193 3046 7.

258 3094 353 3121 arietes
366 3098 392 3120 et
405 3092 497 3119 boues.
513 3093 531 3117 i.
540 3096 664 3126 pugnare.
968 3118 972 3123 ,

261 3129 293 3156 da
313 3128 468 3155 discentium
490 3124 595 3160 ingenia
612 3121 735 3158 aequales
753 3121 823 3148 inter
836 3120 862 3146 se
876 3123 1043 3146 committere
1056 3116 1165 3144 solebat.

258 3201 288 3228 se
300 3207 393 3227 omnes
404 3199 580 3226 committere.

261 3245 283 3270 1,
299 3240 353 3267 282.

258 3272 342 3300 tertio
355 3278 421 3297 vero
435 3268 585 3296 conse6hun
599 3267 635 3294 est
654 3266 726 3294 Flor.
742 3273 765 3297 2,
781 3272 815 3298 15.

260 3380 325 3407 deos
342 3376 439 3405 violati
455 3376 560 3407 sumus,
582 3373 746 3400 commissum
767 3381 796 3399 ac
816 3370 986 3406 profligatum
1007 3367 1143 3396 conficere.

260 3425 321 3442 men
340 3414 402 3441 Liu.
416 3419 455 3445 23,
493 3430 499 3436 .
537 3430 543 3437 .
1075 3440 1080 3445 .

258 3461 320 3479 nam
334 3446 497 3477 Committit.
514 3448 534 3472 i.
547 3447 647 3480 incipit.
719 3444 868 3471 Discrimen
881 3450 962 3468 omne
981 3444 1154 3467 committunt

259 3490 287 3519 6,
299 3497 327 3522 4,
342 3494 378 3521 17.
399 3487 418 3511 r'.
431 3482 527 3518 causam
539 3487 616 3507 totam
630 3482 657 3505 in
670 3479 803 3519 discrimen
815 3481 972 3506 committunt
985 3477 1025 3503 vel
1041 3474 1175 3502 adducunt.

260 3567 335 3585 mum
348 3554 536 3583 committitur.

259 3592 386 3621 Teucris.
420 3594 439 3618 i.
454 3589 546 3618 Bellum
561 3585 673 3623 inferre,
689 3593 718 3612 vt
732 3595 829 3612 manum
843 3584 974 3626 conserere.

257 3634 317 3656 tunt
336 3627 503 3658 Tubicines,
519 3622 730 3656 Cornicincsque
758 3626 785 3647 et
813 3621 997 3648 buccinatores
1016 3620 1109 3654 Veget.
1123 3626 1150 3651 2,
1162 3624 1188 3652 7.

257 3664 332 3692 Caes.
347 3663 411 3690 Bell.
425 3661 492 3689 Gall.
507 3669 531 3693 2,
543 3667 571 3693 19
591 3657 698 3694 Equites
718 3656 800 3683 nostri
819 3665 878 3682 cum
898 3654 1082 3683 funditoribus
1105 3652 1300 3689 sagittariisque

254 3701 358 3727 flumen
376 3695 519 3732 transgressi
528 3716 536 3729 ,

258 3735 359 3763 Praelia
373 3734 541 3760 committere
557 3730 645 3758 Valer.
661 3729 760 3763 Argon.
774 3729 799 3757 6,
812 3735 847 3758 31.

582 3763 763 3800 Pugnam-Sil.
779 3768 802 3795 8,
815 3763 871 3795 619.
942 3761 1037 3788 Rixam
1058 3762 1118 3789 Liu.
1132 3768 1155 3795 5,
1167 3767 1207 3794 25.

257 3770 341 3799 Ouid.
355 3769 384 3796 in
398 3769 458 3796 ibin
470 3776 512 3802 43.

255 3807 321 3833 lum.
333 3814 360 3839 9,
375 3813 409 3837 15,
421 3813 449 3837 4.

257 3851 312 3878 quo
327 3841 371 3868 die
382 3839 452 3867 Ludi
465 3837 708 3865 committebantur.

255 3879 410 3914 frequentet·
438 3875 467 3902 in
479 3874 608 3901 Vaticano
640 3869 789 3902 commisit,
805 3875 853 3896 etc.

778 3834 885 3861 Sueton.
897 3832 925 3860 111
934 3832 1026 3859 Claud.
1033 3841 1059 3860 21
1080 3832 1214 3860 Circenses
1221 3832 1300 3858 etiam

900 479 965 504 Rem
979 486 1100 511 magnam
1112 474 1301 510 difficilemque
1321 486 1349 504 10

1192 1298 1248 1324 Cic.
1263 1299 1303 1332 Q

746 1735 833 1761 neque
873 1724 975 1752 Labori
1012 1727 1038 1752 se
1069 1726 1147 1754 debet
1178 1728 1300 1754 commit·
1313 1731 1347 1758 45
1367 1732 1543 1754 COMM1SVS.

839 1905 844 1909 .
1269 1905 1274 1909 ¹
1357 1867 1491 1904 Jbluendae
1515 1867 1568 1908 fir.
1583 1869 1703 1895 obnoxius
1721 1870 1776 1896 Cic.
1796 1880 1845 1904 pro
1858 1871 1961 1898 Cluent.
1974 1879 2016 1903 103
2029 1880 2050 1897 c.
2064 1878 2104 1905 37.
2146 1870 2204 1896 Vid.
2222 1875 2356 1901 MVLTA,
2375 1873 2413 1896 ae-
2428 1883 2431 1889 -

812 1906 870 1932 Cic.
883 1905 937 1931 Att.
953 1913 979 1937 1,
992 1913 1016 1937 13
1043 1903 1092 1930 Sed
1107 1913 1162 1930 non
1177 1910 1299 1931 commit·
1318 1909 1349 1937 50
1365 1903 1520 1931 Nefanduni
1534 1903 1637 1939 aliquid
1656 1904 1737 1931 Ouid.
1752 1906 1817 1932 Met.
1832 1915 1859 1939 9,
1873 1908 1928 1939 625.

1360 1978 1452 2011 puniri
1466 1976 1557 2002 debeat.

929 2438 1021 2465 Ventis
1040 2436 1111 2464 vnda
1129 2438 1155 2464 se
1168 2437 1301 2464 commisit
1315 2436 1347 2469 65
1363 2436 1440 2462 fuiss'e
1453 2437 1570 2464 videare.

303 2918 443 2945 concitare,
461 2918 533 2948 atque
545 2913 572 2936 in
579 2908 608 2945 fi·
620 2910 724 2934 inuicem
737 2908 844 2932 incitare
856 2910 929 2939 atque
944 2906 1076 2930 immittere
1094 2905 1137 2931 vel
1147 2904 1257 2930 homines
1269 2905 1310 2930 uel

255 2950 361 2985 bestias,
381 2951 424 2986 qui
435 2957 488 2975 cum
502 2945 707 2973 committuntur
721 2949 747 2982 ετ,
755 2945 805 2982 iam
821 2947 934 2983 pugnare
951 2942 1093 2981 incipiunt,
1113 2939 1231 2981 bellum,
1252 2949 1306 2980 cer.

257 2993 346 3015 tamen
356 3002 365 3018 ,
384 2983 534 3020 praelium,
550 2989 636 3017 pugna
649 2983 784 3006 committi
797 2976 900 3003 dicitur.
943 2976 1011 3009 Qun
1028 2976 1222 3009 Committere,
1239 2975 1306 3035 a(bJo—
1321 2980 1353 3006 80
1369 2975 1466 3008 nobis,
1487 2975 1531 3001 sed
1547 2975 1627 3002 etiam
1642 2974 1756 3011 Reipub.
1769 2981 1887 3002 noceret.

1264 3017 1306 3037 lua

257 3061 354 3086 ratione
364 3060 438 3084 ctiam
452 3055 470 3082 l.
487 3063 495 3081 1
511 3052 534 3092 §.
547 3062 569 3080 11
584 3052 610 3079 ff.
631 3051 658 3078 Si
672 3049 819 3086 quadrupes
832 3046 1002 3074 committere
1008 3046 1159 3081 simpliciter
1177 3037 1306 3080 dicunin,

735 3086 804 3113 Suet.
820 3083 853 3110 de
866 3083 937 3110 Clar.
952 3082 1041 3108 Grani.
1055 3090 1084 3116 17
1111 3082 1152 3108 Ad
1163 3083 1307 3140 exercqitan-

1236 3124 1306 3145 cuer.

262 3166 292 3192 in
305 3164 454 3198 Calig.c.56
472 3163 530 3190 Nec
543 3160 648 3188 cessauit
660 3167 692 3185 cx
705 3166 738 3185 eo
751 3155 890 3184 criminari
904 3154 1018 3194 alterum
1031 3152 1125 3185 alteri,
1143 3159 1222 3193 atque
1236 3154 1306 3181 inter
1323 3156 1353 3185 85
1369 3162 1436 3181 rem.

652 3195 755 3222 Fratres
767 3191 936 3219 committere
949 3188 1019 3216 odiis
1038 3188 1130 3216 Claud.
1148 3198 1176 3215 111
1195 3190 1305 3224 Ε111100.

423 3234 512 3260 Primo
525 3239 646 3267 tempore
665 3229 833 3257 commissum
852 3226 971 3259 bellum,
992 3225 1163 3261 profligatum
1183 3226 1306 3258 secundo,

885 3262 946 3289 Liu.
960 3269 999 3294 21,
1012 3269 1049 3294 40
1077 3259 1126 3286 Sed
1141 3260 1178 3286 ita
1197 3261 1306 3288 forsitan

259 3307 349 3336 decuit
363 3315 422 3333 cuin
437 3304 576 3331 foederum
588 3308 697 3338 ruptore
710 3301 776 3328 duce
785 3321 793 3333 ‚
811 3299 874 3326 deos
886 3298 956 3333 ipsos
968 3296 1020 3323 sine
1033 3296 1152 3327 ¹humana
1171 3305 1221 3331 ope
1235 3306 1306 3324 com-

260 3345 384 3374 mittere,
402 3340 551 3375 (incipere)
564 3348 592 3366 3(
605 3338 747 3373 profligare
759 3335 860 3363 bellum
876 3345 882 3360 ε
918 3342 967 3360 nos
986 3338 1074 3360 autem
1096 3332 1143 3366 qui
1163 3332 1349 3394 [001ἕ1ἀ111119ο
1370 3342 1432 3359 nem
1444 3334 1536 3368 capitis
1556 3335 1624 3366 mei,
1643 3342 1726 3369 quum
1749 3341 1796 3360 ero
1820 3342 1848 3359 in
1870 3332 1941 3360 sedes
1961 3341 2032 3360 meas
2051 3332 2202 3362 restitutus,
2221 3327 2341 3356 11111111-ἰ

1238 3376 1304 3395 erta-

577 3410 662 3436 Varro
675 3416 715 3445 ap.
733 3408 806 3436 Non.
815 3415 843 3441 4,
851 3408 886 3440 46
906 3405 1038 3432 Dominus
1050 3409 1155 3430 maturo
1169 3412 1224 3429 0110
1238 3405 1304 3431 Coe.

1173 3439 1303 3472 Qiincfil.

1245 3476 1302 3502 Cic.

258 3531 307 3558 pro
320 3523 396 3549 Rosc.
412 3521 501 3547 Amet.
518 3525 540 3544 11
560 3516 655 3549 Longo
670 3515 812 3542 interuallo
826 3513 957 3541 iudicium
978 3512 1048 3538 inter
1066 3510 1172 3538 sicarios
1186 3508 1236 3536 hoc
1251 3512 1303 3545 pri·
1316 3518 1349 3544 95
1365 3511 1475 3539 Distulit
1496 3511 1525 3538 in
1546 3513 1630 3540 seram
1649 3511 1783 3540 commissa
1803 3511 1907 3539 Piacula
1925 3517 2048 3538 mortem,

606 3551 682 3585 Virg.
702 3551 767 3577 Aen.
788 3559 823 3584 12,
841 3552 876 3577 60
901 3547 998 3576 Desiste
1011 3555 1120 3574 manum
1133 3546 1302 3574 committere

1036 3582 1166 3610 Praelium
1180 3583 1302 3610 commit-

1257 3618 1303 3646 Sed

557 3703 618 3722 cum
650 3691 768 3720 hostium
802 3691 921 3726 equitatu
950 3691 1083 3726 praelium
1103 3689 1300 3717 commiserunt.
1313 3699 1359 3717 100
1368 3691 1511 3718 vtilitatein
1534 3691 1581 3725 qui
1602 3690 1729 3718 commiffi
1753 3691 1827 3724 sunt,
1847 3699 1902 3717 non
1926 3689 1959 3717 ad
1975 3695 2086 3717 eorum,

917 3727 1018 3754 Praelia
1036 3725 1206 3753 committere
1226 3726 1302 3786 vecrsu

520 3801 582 3830 Cic.
592 3803 630 3836 Q
642 3802 783 3832 Fratr.3‚4
803 3798 874 3824 Haec
889 3796 975 3830 scripsi
989 3797 1021 3824 acl
1029 3798 1094 3824 VIII
1101 3796 1156 3824 Cal.
1166 3769 1302 3828 Nouemb.

1775 67 2054 109 COM

1365 153 1472 187 quidam
1481 157 1675 188 paterfamiliae
1684 156 1803 184 nondum
1813 156 1948 183 commisso
1956 155 2100 190 [0061301110
2107 158 2153 185 sub
2160 157 2233 185 furca
2241 158 2400 191 (3011113300-

2304 74 2394 126 1056

1366 189 1412 215 dio
1427 197 1513 223 egerat
1521 192 1591 218 circo
1606 202 1610 216 :
1648 194 1734 228 coepti
1751 192 1811 219 inde
1826 192 1892 225 ludi,
1906 191 1979 218 velut
1987 200 2016 218 03
2024 201 2064 218 res
2072 193 2177 220 nihilad
2184 195 2338 228 religionem
2346 204 2400 229 per·
2441 198 2443 208 ¹

1366 225 1489 250 tinuifl'et.

1366 260 1418 302 alia
1432 261 1459 286 in
1473 266 1546 295 parte
1562 262 1590 288 in
1602 264 1701 290 trutina
1714 265 1846 299 suspendit
1860 265 2008 290 Homerum
2030 263 2145 290 quenal.
2158 267 2185 296 6,
2198 273 2256 299 439.
2302 266 2402 292 Dicitur

1367 305 1430 321 enim
1455 305 1545 332 quoque
1570 296 1598 323 de
1617 300 1702 325 Poetis
1719 308 1742 326 et
1766 300 1906 327 oratoribus
1930 300 2056 334 aliisque:
2091 299 2144 324 vid.
2162 301 2278 326 Tor-rent.
2291 299 2324 326 ad
2336 300 2401 328 Suet.

1367 332 1433 371 Aug.
1450 340 1471 357 c.
1486 337 1526 364 89.
1554 333 1669 372 Adeoque
1681 337 1775 370 ingenit
1789 343 1861 372 opera
1874 335 1928 371 ipJZz
1941 336 2062 361 committi
2080 333 2203 360 dicuntur.

1367 376 1396 407 in
1409 367 1584 408 adolescentia
1598 368 1712 395 scribere
1725 373 1850 405 aggressus
1865 372 1899 397 cst
1916 382 1921 396 :
1957 376 1982 396 et
1995 378 2078 404 quum
2093 369 2209 403 primum
2223 369 2354 404 frequenti
2361 366 2410 401 311.“

1365 402 1468 443 (1110110
1480 404 1662 443 commisisset,
1680 413 1756 439 aegre
1770 408 1879 441 perlegit
1899 408 1969 434 Suet.
1987 405 2079 432 Claud.
2093 414 2114 430 c.
2128 413 2167 438 4¹·
2236 405 2289 431 Diu
2302 414 2333 431 ne
2348 402 2402 432 1110-

1367 439 1428 465 dico
1447 439 1554 479 quidem
1574 440 1711 466 auditorio
1729 441 1873 476 quidquam
1892 442 2060 469 committere
2084 440 2120 466 est
2133 440 2223 472 ausuS,
2240 448 2301 466 mox
2315 449 2403 475 magna

1368 475 1520 515 frequentia
1534 484 1684 510 magnoque
1702 477 1811 503 successu
1824 476 1865 503 bis
1878 487 1906 504 ac
1924 485 1963 504 ter
1982 478 2086 504 auditus
2105 475 2141 501 est
2165 475 2265 502 Auctor
2285 476 2354 502 vitae
2365 478 2405 504 lu-

1367 510 1468 537 venalis
1483 511 1610 537 Suetonio
1625 512 1773 538 adiunc'lus.
1811 512 1859 539 Sed
1869 513 1926 539 hacc
1937 517 2010 540 etiam
2024 512 2057 539 ad
2070 519 2119 538 n.2
2133 511 2227 547 referri
2235 508 2415 547 poffimnqtiijn.

1365 550 1510 586 certaminis
1525 547 1591 572 nulla
1605 551 1702 574 mentio.
1716 549 1810 574 Melius
1823 548 1869 574 huc
1880 552 1992 575 conuenit
2004 550 2081 583 Prop.
2096 556 2121 579 2,
2135 555 2158 578 2,
2170 554 2194 578 31
2220 546 2251 572 Et
2270 547 2312 572 sua
2325 555 2402 581 quum

1366 590 1490 622 antiquae
1504 583 1648 622 committit
1662 583 1761 618 Scripta
1776 584 1927 614 Corinnae,
1944 585 2121 618 Carminaque
2135 581 2275 616 aequaeuis
2293 590 2346 608 non
2362 591 2404 618 pu-

1366 624 1405 654 tat
1416 619 1463 643 elle
1477 618 1538 643 suis.
1779 628 1798 652 4
1833 619 2008 646 Committere
2028 623 2102 646 etiam
2119 618 2153 644 ad
2170 619 2274 643 aliarum
2286 627 2365 644 rerum
2381 625 2403 646 a

1365 652 1464 678 aestuum
1477 655 1554 679 initia
1561 657 1689 688 pertinet,
1711 657 1738 680 in
1748 658 1842 690 primis
1855 658 1882 680 in
1897 654 2013 687 delitiis,
2031 659 2135 690 itemque
2153 657 2180 679 in
2194 651 2360 688 sponfioni'bus
2376 663 2404 687 ai.-

1366 723 1484 763 mittitur
1503 724 1612 759 Sponsio
1630 732 1673 752 aut
1691 726 1790 758 multa,
1810 736 1863 752 cum
1883 728 1975 762 incip1't
1992 725 2073 752 deberi
2086 736 2096 755 ;
2132 723 2319 752 Committittu·
2332 733 2409 758 pem&
2426 730 2427 735 ¹

1364 759 1536 793 inscriptum,
1557 770 1610 787 cum
1624 764 1686 796 reip.
1708 761 1877 788 adjudicatur.
1935 760 1977 795 Est

1393 795 1398 799 .
1443 796 1447 799 ι
1999 771 2056 797 ergo
2078 764 2214 797 generatim
2237 760 2362 788 Committ
2393 768 2407 794 .'
2426 763 2431 786 l

1364 794 1469 829 aliquid
1506 797 1702 832 [πλημμελεῖν]
1730 804 1852 833 peccare,
1872 798 1934 824 male
1955 807 2035 834 agere.

2092 797 2147 823 Cic.
2179 796 2240 822 Diu.
2260 793 2288 820 in
2307 796 2370 824 Caet
2392 792 2406 806 ⁴*
2420 817 2431 836 X:

1363 867 1438 901 Virg.
1449 868 1513 893 Aen.
1522 876 1541 900 1,
1554 875 1599 901 235
1620 869 1694 903 Qud
1714 879 1788 895 meus
1808 870 1910 896 Aeneas
1922 869 1950 895 in
1962 875 1988 895 te
2002 868 2170 894 committere
2183 873 2302 899 tantum,
2340 871 2354 891 θ
2375 877 2389 899 5,-

1364 902 1456 929 Troes
1470 909 1580 937 potuere
1595 905 1604 930 ἓ
1675 905 1740 931 Non
1756 905 1850 931 timent
1867 906 1914 940 qui
1926 904 1994 931 nihil
2009 904 2199 930 commiserunt
2222 903 2278 930 Cic.
2293 911 2340 936 pro
2380 908 2392 926 l*

1366 937 1420 978 lon.
1433 941 1464 971 63
1480 948 1500 965 c.
1515 948 1554 971 23.
1625 939 1690 967 Non
1705 941 1878 975 impulsione,
1895 950 1988 968 verum
2003 939 2210 967 ratiocinatione
2229 937 2330 972 aliquid
2342 947 2365 965 c·
2378 951 2381 961 1
2396 963 2398 966 ,

1364 980 1471 1000 mittere
1490 975 1545 1001 Cic.
1561 975 1592 1001 de
1607 975 1710 1002 Inuent.
1726 986 1748 1009 2,
1763 985 1796 1002 20
1811 986 1831 1002 c.
1846 979 1870 1003 6.
1941 976 1971 1003 Id
1985 975 2058 1011 quod
2071 984 2103 1002 ne
2117 974 2251 1001 committi
2263 973 2336 1009 poffit
2353 971 2406 1008 eff]

1365 1045 1412 1072 ille
1436 1046 1537 1086 idcirco
1562 1046 1604 1074 his
1626 1047 1729 1082 legibus
1751 1049 1940 1075 condemnatus
1963 1048 2015 1080 est,
2031 1047 2103 1082 quod
2123 1053 2216 1073 contra
2236 1045 2316 1072 aliam
2327 1042 2432 1082 105”“

1365 1083 1543 1143 ‘eumn-⁶¹⁴³*
1615 1084 1792 1111 Committere
1813 1085 1896 1111 multa
1916 1084 2019 1111 nefarie
2035 1085 2062 1110 in
2078 1083 2158 1115 11005,
2179 1089 2204 1109 01
2218 1081 2338 1108 homines
2362 1086 2391 1112 ιζ
2415 1099 2417 1101 »

1394 1126 1445 1144 011.
1463 1127 1484 1150 1,
1499 1121 1524 1144 6.
2394 1115 2396 1118 ’

1366 1152 1430 1180 bant
1453 1152 1574 1181 Tertull.
1589 1154 1620 1181 de
1633 1156 1784 1190 praescript.
1798 1166 1818 1183 c.
1834 1165 1878 1190 24.
1950 1155 2124 1183 Commissum
2140 1154 2168 1181 in
2189 1153 2332 1188 religiones
2370 1163 2391 1183 ³⁴.

1417 1226 1420 1230 .
1511 1227 1514 1230 Ι
1641 1190 1811 1218 Adulterium
1830 1191 1962 1226 Quinctil.
1976 1200 2003 1226 7,
2017 1200 2040 1222 2,
2056 1200 2086 1217 11.
2123 1198 2148 1225 7,
2164 1199 2185 1222 3,
2207 1198 2225 1216 ι.
2297 1186 2389 1219 Caed

1367 1226 1449 1252 Ouid.
1469 1226 1548 1260 Epist.
1565 1235 1610 1260 14,
1631 1235 1670 1259 59.
1742 1228 1931 1255 Comminitur
1943 1227 2040 1255 Cautio
2057 1227 2073 1253 l.
2089 1235 2131 1260 114
2144 1224 2167 1263 §.
2183 1235 2202 1259 4
2213 1224 2239 1251 ff.
2254 1223 2286 1251 de
2298 1222 2394 1260 Legati*

1366 1270 1420 1302 eum
1433 1260 1518 1295 exiliit
1530 1262 1559 1287 id
1566 1282 1574 1294 ,
1595 1262 1624 1288 cle
1636 1272 1682 1298 quo
1696 1270 1794 1290 cautum
1809 1271 1872 1290 frat.
1909 1265 1950 1291 sic
1962 1263 2083 1290 Clausula
2101 1261 2280 1296 stipulationis
2294 1268 2377 1293 comm
2386 1261 2398 1291 Γ,

1366 1303 1431 1324 titur
1450 1297 1466 1323 l.
1481 1305 1506 1331 15
1519 1298 1545 1324 ff.
1560 1298 1592 1324 de
1608 1305 1741 1332 procurat.

1364 1342 1410 1360 nes
1425 1334 1474 1360 esse
1487 1342 1518 1360 cx
1531 1335 1656 1368 grauibus
1670 1334 1789 1368 morbis,
1808 1335 1826 1361 si
1842 1345 1908 1371 quae
1922 1335 1999 1370 culpa
2011 1334 2145 1361 commissa
2165 1333 2209 1360 est.
2279 1331 2393 1363 Delium

1364 1405 1464 1440 putabo
1491 1406 1548 1432 Cic.
1573 1415 1622 1440 pro
1647 1407 1735 1433 Domo
1759 1416 1781 1433 c.
1796 1415 1818 1440 5,
1833 1415 1857 1442 7.
1899 1407 1958 1435 Vid.
1972 1413 2125 1434 DEVOTIO.

1364 1442 1394 1467 in
1408 1442 1433 1467 se
1458 1441 1560 1468 Sallust.
1576 1441 1608 1467 de
1622 1443 1685 1476 Rep.
1700 1442 1765 1469 Ord.
1782 1452 1805 1477 2,
1820 1446 1847 1477 6,
1862 1453 1884 1470 2.

1369 1477 1513 1512 Flagitium
1535 1478 1591 1504 Cic.
1607 1477 1639 1503 de
1654 1478 1724 1505 Clar.
1738 1479 1812 1506 Orat.
1827 1488 1888 1512 229.
1962 1479 2094 1505 Fraudeni
2110 1478 2177 1504 Hor.
2190 1478 2278 1503 Carni.
2291 1484 2312 1508 1,
2325 1474 2407 1514 283&

1365 1591 1435 1615 erat,
1454 1592 1483 1611 vt
1494 1583 1591 1616 [laruas
1605 1589 1631 1611 in
1641 1584 1768 1621 palaestra
1777 1593 1889 1621 poneret.
1959 1586 2042 1613 Plaut.
2063 1587 2135 1612 Men.
2154 1592 2184 1618 5,
2199 1593 2226 1616 2,
2239 1592 2267 1610 21
2291 1582 2352 1614 Nec:⁴

1365 1620 1423 1646 filia
1436 1629 1552 1655 vnquam
1566 1627 1668 1655 patrem
1680 1621 1779 1648 arcessit
1793 1622 1826 1648 ad
1841 1623 1875 1654 se,
1891 1621 1951 1649 Nisi
1971 1629 2016 1649 aut
2037 1621 2104 1656 quid
2123 1619 2251 1648 cominissi
2269 1623 2314 1645 aut
2330 1618 2343 1646 l
2364 1622 2367 1624 ⁷
2399 1617 2406 1623 ”
2424 1635 2425 1638 =

1367 1656 1403 1682 est
1416 1657 1498 1682 causa.
1572 1658 1658 1684 Varro
1672 1657 1703 1684 R.
1718 1658 1749 1684 R.
1765 1666 1786 1690 2,
1802 1667 1823 1691 1,
1837 1660 1879 1684 116
1902 1658 2000 1692 Grcges
2013 1657 2044 1684 ad
2059 1657 2229 1692 publicanum
2243 1653 2406 1690 profitentug,

1365 1700 1399 1717 ne
1438 1691 1457 1717 si
1492 1691 1648 1725 inscriptum
1661 1701 1739 1727 pecus
1753 1694 1892 1728 pauci-int,
1909 1694 1981 1728 Lege
1998 1694 2116 1721 censoria
2142 1691 2324 1719 committant.
2350 1687 2406 1723 viti.

1554 1762 1559 1766 ¹
1612 1729 1699 1754 Aliter
1720 1729 1826 1763 leian.
1849 1729 1865 1755 l.
1889 1738 1908 1762 4
1932 1728 1956 1766 §.
1971 1738 1988 1757 2
2014 1729 2046 1756 de
2060 1730 2090 1756 L.
2111 1727 2304 1759 commifforia,
2322 1718 2431 1766 sta-:5211

1367 1762 1596 1802 3111110101111111ίΐ3
1620 1763 1675 1789 Lex
1700 1762 1750 1795 est,
1776 1767 1794 1790 i.
1813 1764 1924 1791 conditio
1944 1767 2008 1805 Iegis
2025 1767 2136 1801 impleta.
2213 1763 2275 1790 Dies
2294 1763 2410 1797 convinit·

1365 1797 1453 1829 tendi,
1474 1800 1492 1824 i.
1515 1807 1561 1833 quo
1578 1802 1742 1825 committitur
1767 1799 1784 1825 l.
1797 1804 1826 1832 38
1845 1799 1872 1825 ff.
1887 1799 1920 1825 de
1935 1800 2037 1826 Minor.

1365 1833 1441 1858 Rosc.
1459 1833 1549 1859 Amer.
1564 1836 1607 1860 62.
1677 1834 1790 1862 Multam
1807 1835 1992 1868 committere,
2015 1835 2106 1871 facere
2120 1841 2226 1871 propter
2245 1832 2311 1870 qubd
2325 1833 2429 1866 multat·¹

1364 1513 1506 1540 Hereditas
1527 1513 1668 1548 palaestrae
1687 1516 1819 1541 commissa
1838 1515 1874 1542 est
1894 1514 1950 1542 Cic.
1969 1516 2046 1542 Vei-r.
2067 1523 2093 1546 2,
2105 1515 2136 1546 36
2150 1522 2171 1539 c.
2186 1521 2224 1547 14.
2246 1514 2265 1538 i.
2283 1511 2408 1655 11εῇεὲ
2436 1524 2437 1534 1

1513 1940 1519 1944 ,
1571 1940 1576 1944 ,
1999 1906 2124 1933 Nefarias
2138 1914 2180 1933 res
2197 1906 2252 1932 Cic.
2266 1903 2414 1939 Philipp.6,

1365 1948 1390 1966 2.
1465 1939 1597 1973 anGtil.
1609 1949 1638 1974 4,
1650 1947 1677 1974 7,
1691 1949 1726 1966 20
1745 1942 1787 1967 An
1800 1941 1934 1968 commissa
1946 1941 1976 1967 sit
1987 1942 2074 1968 Poena
2086 1943 2096 1968 Ζ
2114 1945 2132 1968 i.
2146 1951 2179 1968 an
2192 1940 2222 1967 id
2227 1940 2336 1976 jasium,
2350 1937 2415 1975 quod

1406 2011 1412 2016 ι
1480 2012 1484 2016 .
1629 1977 1744 2002 Poenam
1758 1976 1944 2012 Compromissi
1957 1977 2122 2004 committere
2141 1977 2158 2003 l.
2172 1984 2203 2011 37
2217 1976 2244 2003 ff.
2264 1975 2296 2002 de
2313 1980 2412 2009 recept.

1366 2019 1414 2046 qui
1427 2011 1522 2038 arbitr.
1593 2011 1709 2038 Poenam
1739 2012 1828 2039 Ediffi
1864 2012 1881 2039 l.
1901 2012 1949 2039 vlt.
1971 2012 1998 2038 ff.
2017 2012 2090 2047 quod
2108 2012 2195 2046 quisq.
2208 2012 2259 2039 iur.
2332 2009 2378 2037 sed
2389 2015 2414 2036 et

1365 2047 1543 2074 Conimittere
1556 2047 1591 2088 in⁴
1597 2056 1711 2082 poenam
1730 2047 1748 2074 l.
1761 2056 1793 2083 ²3
1805 2046 1830 2086 ᾗ.
1846 2056 1856 2075 1
1870 2047 1897 2074 ff.
1912 2048 1944 2074 de
1957 2053 2055 2082 recept.
2074 2047 2123 2082 (μή
2140 2046 2234 2073 arbitr.

1365 2118 1425 2143 &or
1437 2127 1511 2157 meus
1524 2119 1551 2144 ff.
1563 2118 1595 2144 de
1610 2119 1709 2153 Negot.
1721 2119 1784 2154 gest.
1855 2120 1943 2147 Scelus
1963 2128 2088 2154 magnum
2108 2118 2165 2146 Cic.
2177 2126 2227 2152 pro
2239 2115 2292 2143 Sul.
2306 2117 2332 2142 6.
2370 2119 2382 2131 “⁴
2405 2117 2413 2127 ’“

1365 2152 1466 2185 01113110
1490 2154 1625 2179 commissa
1649 2154 1702 2186 est,
1729 2158 1748 2181 i.
1768 2153 1854 2187 existit
1865 2159 1916 2182 iam
1930 2155 2040 2184 conditio
2054 2158 2106 2181 eius
2125 2154 2143 2180 l.
2158 2162 2168 2181 1
2183 2151 2206 2191 §.
2219 2155 2236 2179 6
2249 2151 2277 2178 ff.
2289 2150 2322 2178 de
2335 2151 2369 2178 V

1365 2186 1428 2213 Obl.
1443 2194 1467 2228 ef
1484 2188 1517 2214 al.
1589 2189 1631 2215 Sic
1650 2188 1666 2215 l.
1675 2191 1705 2221 63
1714 2189 1774 2216 eod.
1794 2191 1859 2216 Vtra
1873 2191 1945 2225 prius
1958 2191 2080 2217 conditio
2094 2189 2245 2221 exstitisset,
2270 2187 2336 2222 stipi

1363 2228 1560 2255 committetur,
1579 2229 1604 2250 et
1616 2225 1730 2259 amplius
1742 2225 1878 2252 committi
1890 2235 1945 2253 non
1957 2226 2049 2261 potest.
2086 2225 2133 2252 Sed
2149 2224 2222 2252 enim
2235 2232 2296 2250 cum
2309 2231 2342 2259 ex

1364 2294 1510 2328 exstiterit,
1531 2295 1729 2330 stipulationem
1755 2297 1913 2324 committat.

1363 2330 1430 2357 Non
1444 2332 1614 2358 committere
1626 2338 1672 2365 vt,
1692 2332 1734 2359 vel
1749 2333 1932 2367 quamobrem.
2006 2333 2063 2360 Cic.
2076 2332 2129 2360 Off.
2144 2341 2165 2365 1,
2178 2337 2204 2362 81
2222 2332 2281 2358 Nec
2293 2339 2326 2357 (ο
2343 2344 2363 2353 ..

1365 2371 1422 2391 tere
1442 2373 1473 2393 vt
1501 2367 1645 2402 aliquando
1666 2367 1808 2394 dicendum
1822 2368 1853 2395 sit
1868 2369 1933 2395 Non
1947 2374 2076 2404 putaram.
2147 2367 2222 2395 Idem
2235 2366 2288 2394 Off.
2300 2374 2324 2399 3,
2337 2367 2354 2392 6
2370 2378 2374 2394 ε

1364 2400 1442 2427 Neue
1455 2403 1622 2437 committas,
1641 2409 1671 2430 vt
1685 2412 1744 2430 cum
1758 2404 1850 2430 omnia
1863 2405 2025 2438 suppeditata
2036 2404 2085 2430 sint
2097 2412 2112 2430 3
2124 2403 2219 2435 nobis,
2235 2408 2294 2430 tute
2306 2400 2379 2428 tibist
2410 2403 2419 2446 ᾗ

1459 2472 1464 2477 .
1632 2439 1705 2466 Brut.
1718 2439 1750 2466 ad
1764 2440 1820 2466 Cic.
1836 2440 1907 2466 Fani.
1921 2448 1954 2474 11,
1967 2448 2002 2466 20
2023 2439 2054 2466 Se
2067 2448 2123 2465 non
2142 2439 2191 2466 effe
2203 2437 2366 2465 commissuri
2382 2452 2384 2458 ι
2413 2455 2419 2486 3

1363 2478 1392 2513 vt
1406 2472 1467 2512 10111
1475 2472 1563 2513 potiit.
1632 2474 1761 2501 Laudatur
1774 2478 1846 2501 etiam
1858 2484 1869 2502 e
1882 2475 1938 2502 Cic.
1976 2495 1983 2501 .
2000 2490 2002 2493 ·
2021 2493 2028 2501 .
2065 2495 2071 2500 .
2110 2493 2117 2501 .
2154 2472 2328 2503 Considerare
2335 2470 2378 2499 de
2390 2498 2397 2500 ,
2410 2488 2419 2508 *a

1366 2507 1438 2534 nihil
1460 2509 1522 2549 ti-bi‘
1537 2509 1586 2535 esse
1609 2509 1847 2542 committendum,
1863 2510 2038 2545 quamobrem
2061 2518 2158 2537 eorum
2176 2517 2244 2544 quos
2265 2503 2425 2540 13111135,.’““«1“1

1366 2553 1421 2570 11011
1435 2543 1599 2571 simillimum
1611 2544 1746 2579 praebeas.
1817 2545 1883 2572 Non
1903 2546 2070 2574 committam
2090 2545 2212 2580 posthac,
2231 2549 2260 2570 vt
2279 2551 2322 2570 me
2339 2549 2415 2572 accus

1368 2581 1424 2607 sare
1437 2580 1470 2606 de
1484 2580 1656 2615 epistolarum
1668 2580 1829 2616 negligentia
1842 2580 1917 2616 pollis
1938 2582 1994 2608 Cic.
2009 2582 2063 2608 Att.
2079 2589 2098 2612 1,
2111 2583 2136 2607 6.
2176 2579 2246 2607 Add.
2259 2578 2297 2606 ib.
2311 2578 2357 2613 Ep.
2372 2574 2421 2617 zcgl

1984 2299 2067 2325 Etiam
2089 2297 2133 2323 illa
2147 2297 2274 2333 frequens
2291 2294 2325 2331 fo
2347 2312 2355 2331 ,¹
2411 2317 2417 2331 4

1369 2661 1398 2685 4,
1411 2661 1432 2684 3,
1447 2661 1484 2678 12.
1557 2652 1623 2679 Non
1636 2653 1819 2685 committam,
1840 2659 1868 2680 vt
1886 2652 1905 2679 fi
1924 2652 2092 2687 defugerim,
2112 2650 2163 2678 tibi
2183 2651 2286 2679 causam
2297 2649 2354 2685 aliq
2367 2679 2372 2686 ι
2402 2663 2403 2669 ¹

1369 2688 1430 2714 dem
1443 2687 1580 2716 recusandi
1624 2689 1679 2716 Cic.
1693 2688 1725 2715 de
1738 2689 1813 2716 Orat.
1828 2697 1853 2721 2,
1868 2697 1919 2721 233.
1988 2688 2028 2715 Id.
2040 2687 2107 2714 Phil.
2122 2692 2145 2720 8,
2161 2694 2186 2720 15
2199 2695 2222 2713 c.
2236 2695 2248 2717 ς
2277 2686 2297 2713 Ε
2315 2693 2333 2711 o
2370 2684 2402 2707 ...f

1366 2732 1528 2759 quemquam
1563 2724 1650 2751 ciuem
1686 2725 1867 2755 committere,
1905 2729 1934 2751 vt
1975 2729 2063 2752 morte
2104 2721 2257 2749 multandus
2317 2726 2343 2754 t,

1369 2760 1450 2787 etiam
1465 2759 1484 2786 si
1498 2760 1663 2787 commiserit
1669 2780 1678 2793 ‚
1701 2760 1911 2788 conseruandum
1929 2765 2012 2795 putas.
2084 2759 2151 2786 Non
2175 2757 2315 2786 committu

1371 2832 1420 2867 qui
1439 2831 1468 2858 in
1487 2830 1627 2858 scribendo
1646 2835 1692 2864 (vt
1704 2831 1770 2859 soles
1783 2831 1928 2864 admirari)
1943 2837 2044 2859 tantum
2057 2830 2199 2857 industriae
2213 2831 2326 2865 ponam,
2372 2846 2373 2850 =

1372 2869 1495 2898 mittere,
1514 2874 1542 2894 vt
1564 2868 1594 2894 in
1616 2867 1757 2895 scribendo
1782 2868 1918 2902 negligens
1940 2868 2016 2894 fuisse
2032 2866 2146 2893 videar:
2180 2864 2355 2901 praesertim,
2396 2883 2397 2886 =
2430 2866 2431 2871 ¹

1370 2904 1427 2930 Cic.
1443 2904 1497 2930 Att.
1513 2908 1537 2936 8,
1553 2911 1576 2937 15
1597 2903 1680 2937 Qiod
1699 2910 1760 2931 cum
1783 2903 1820 2929 ita
1843 2904 1921 2936 esset,
1943 2912 1992 2930 nec
2008 2902 2092 2934 mihi,
2114 2910 2162 2928 nec
2179 2901 2257 2928 fratri
2268 2909 2348 2933 meo„
2398 2924 2403 2926 .
2426 2899 2429 2909 *

1369 2940 1494 2974 cuiquam
1508 2939 1657 2966 amicorum
1669 2939 1768 2974 placuit
1778 2939 1961 2972 committere,
1981 2944 2011 2965 vt
2023 2938 2157 2965 temeritas
2169 2937 2258 2964 nostra
2270 2935 2358 2963 nous*
2399 2960 2403 2962 .

1957 2975 2022 3001 Non
2037 2974 2129 3009 putaui
2150 2982 2211 3000 eum
2231 2973 2279 3000 csse
2296 2980 2348 2999 (οι
2363 2984 2364 2989 ¹
2405 2989 2409 2992 «

1369 3012 1475 3043 surum,
1496 3016 1524 3037 vt
1539 3012 1595 3038 Cic.
1608 3013 1661 3038 Att.
1677 3016 1701 3044 8,
1713 3019 1736 3044 3.
1806 3010 1836 3038 id
1852 3010 1889 3037 est
1907 3010 2046 3038 sordidum
2065 3009 2098 3037 ad
2118 3009 2230 3041 faniam,
2249 3017 2321 3035 com·
2338 3006 2358 3015 ’“

1370 3052 1401 3074 ν1
1422 3047 1555 3074 accusator
1578 3047 1719 3076 nominere
1744 3046 1800 3074 Cic.
1824 3046 1878 3073 Off.
1899 3055 1922 3079 2,
1937 3054 1976 3079 50.
2048 3046 2121 3073 Brut.
2134 3045 2166 3072 ad
2180 3044 2237 3072 Cic.
2251 3045 2322 3072 Fam.
2347 3076 2350 3081 ι

1369 3083 1442 3109 Η30(
1468 3091 1550 3117 quum
1574 3083 1717 3116 audissem,
1734 3087 1762 3110 et
1786 3082 1839 3109 iam
1857 3082 1886 3108 in
1908 3083 2005 3109 itinere
2016 3083 2110 3114 essem,
2129 3078 2349 3108 committendum

1369 3117 1477 3153 putaui,
1493 3119 1567 3154 prius
1585 3124 1616 3145 vt
1635 3118 1713 3153 Alpes
1727 3117 1932 3153 transgrederer,
1946 3127 2026 3153 quam
2045 3117 2110 3152 quid
2123 3116 2201 3144 isthic
2212 3119 2348 3151 ageretur,
2364 3123 2367 3134 =.

1508 3155 1612 3181 Vereor
1629 3154 1797 3181 committere
1815 3159 1859 3186 vt,
1879 3161 1925 3181 etc.
1945 3153 2002 3181 Cic.
2023 3153 2056 3180 de
2069 3152 2164 3188 Legib.
2178 3161 2200 3186 1,
2213 3159 2255 3187 37.
2334 3159 2336 3161 ’

1368 3190 1410 3217 ius
1425 3189 1537 3217 consilio
1553 3190 1719 3217 commitrum
1731 3190 1781 3217 else
1793 3195 1836 3221 vt,
1854 3196 1900 3216 etc.
1922 3190 1978 3217 Cic.
1994 3190 2049 3216 Att.
2063 3197 2084 3221 1,
2099 3197 2133 3222 13.
2344 3215 2350 3219 ,

1409 3231 1426 3252 c
1437 3232 1456 3253 o
1465 3233 1488 3252 M
1499 3232 1544 3253 Ml
1553 3233 1587 3254 ss
1596 3233 1617 3253 v
1626 3234 1648 3254 s.
1669 3225 1762 3253 Par-tic.
1797 3224 1933 3259 [κιςευθεὶς
1952 3225 2018 3260 eta]
2053 3225 2111 3252 Cic.
2125 3232 2174 3259 pro
2187 3223 2265 3250 Font.
2277 3229 2316 3254 3ο,
2327 3220 2349 3248 Δ

1369 3261 1406 3288 ita
1419 3268 1449 3288 vt
1471 3262 1622 3289 commissus
1639 3261 1670 3289 sit
1683 3261 1763 3294 fidei,
1782 3262 1916 3296 permissus
1936 3261 2067 3296 potestati.
2135 3258 2210 3286 Bella
2221 3255 2356 3285 committa>

1371 3298 1415 3324 cui
1434 3298 1490 3324 Cic.
1504 3307 1552 3332 pro
1567 3298 1656 3325 Domo
1671 3303 1713 3328 18.-
1775 3297 1876 3338 Id.⁴pro
1890 3297 1979 3324 Domo
1994 3304 2038 3331 145
2051 3305 2074 3323 c.
2090 3303 2121 3331 57
2141 3295 2217 3322 Hanc
2230 3302 2280 3329 ego
2294 3291 2326 3321 de
2344 3323 2348 3329 .

2413 3151 2417 3172 l

1369 3369 1522 3396 conuictam
1535 3370 1583 3396 esse
1595 3375 1621 3396 et
1633 3368 1917 3403 commissamputabo.
1957 3368 2017 3396 Vid.
2038 3373 2192 3396 DEVOTio.
2261 3365 2325 3392 Pro
2336 3366 2362 3390 ·’.
2406 3340 2417 3405 3

1368 3414 1412 3438 10,
1435 3413 1460 3431 12
1501 3404 1551 3432 Sed
1577 3406 1706 3440 quoniam
1728 3413 1821 3432 nones
1834 3405 1936 3432 veritus
1949 3403 2108 3440 concredere
2119 3401 2208 3434 nobis,
2243 3398 2364 3434 Accipe.
2409 3410 2421 3449 ἔ

1367 3441 1456 3468 missae
1467 3449 1578 3468 munera
1591 3441 1716 3469 laetitiae.
1749 3443 1768 3468 i.
1780 3449 1871 3467 mecum
1884 3443 2082 3467 communicatae.
2151 3437 2227 3471 Virg.
2249 3437 2313 3472 Acri.
2328 3437 2350 3471 ⁵¹.

1368 3478 1399 3503 Et
1421 3475 1484 3504 tuba
1508 3477 1656 3504 commissos
1680 3475 1772 3503 medio
1797 3477 1867 3502 canit
1879 3484 1974 3511 aggere
1988 3474 2088 3503 Ludos.
2155 3472 2230 3507 Virg.
2245 3472 2310 3500 Aen.
2328 3478 2347 3492 ⁸
2393 3478 2404 3496 ἰ-

2116 3508 2205 3546 Pugna
2217 3499 2361 3537 11011111υῆἱ
2400 3523 2405 3532 .

1368 3548 1512 3575 certamine
1542 3557 1590 3575 nee
1622 3556 1705 3583 parua
1737 3547 1911 3574 dimicatione
1939 3546 2074 3574 commissa
2099 3544 2156 3571 Cic.
2175 3551 2225 3578 pro
2237 3543 2331 3578 Muta
2352 3551 2357 3563 ³
2388 3574 2392 3579 Ι

1367 3583 1449 3611 Ouid.
1463 3584 1527 3611 Met.
1544 3592 1582 3617 12,
1593 3585 1625 3614 68
1646 3583 1842 3618 Commissaque
1854 3583 1956 3610 Praelia
1969 3579 2144 3618 magnoStant
2151 3579 2256 3606 Danais.
2281 3579 2300 3604 ι’.

1367 3619 1423 3646 belli
1440 3620 1558 3646 Troiani.
1594 3621 1632 3646 De
1645 3617 1774 3654 Protesilai
1786 3625 1863 3646 morte
1870 3619 1953 3656 sermo
1964 3616 2006 3652 ess.
2077 3615 2128 3642 Kes
2143 3615 2214 3642 inter
2227 3615 2252 3642 se
2264 3620 2343 3640 com·

1367 3653 1498 3689 Quinctil.
1512 3663 1547 3690 7,
1564 3664 1584 3682 1.
1656 3656 1692 3682 Vt
1712 3654 1811 3687 tutela,
1831 3654 1865 3682 sic
1885 3652 2039 3690 procuratio
2059 3649 2247 3685 Reipublicae,
2266 3647 2342 3688 εᾴν
2394 3672 2396 3678 ,

2110 3685 2208 3721 quibus
2220 3681 2350 3712 commiffl
2391 3701 2400 3710 -v

1368 3726 1482 3761 gerenda
1495 3726 1532 3753 est
1552 3726 1607 3754 Cic.
1620 3726 1674 3754 off.
1685 3735 1706 3759 1,
1722 3731 1759 3759 85.
1829 3725 1927 3752 Catull.
1941 3732 1986 3759 99,
1999 3731 2010 3750 1
2029 3722 2057 3750 51
2075 3721 2222 3756 quidquam
2243 3719 2329 3760 tac-ito

1369 3763 1473 3789 missum
1486 3761 1523 3789 cst
1539 3761 1594 3788 fido
1608 3762 1642 3789 ab
1656 3762 1759 3793 amico,
1794 3760 1878 3788 Cuius
1893 3760 1924 3788 sit
1936 3759 2040 3795 penitus
2055 3763 2118 3784 nota
2129 3757 2192 3784 fides
2205 3756 2306 3784 31111111.ν

1369 3798 1527 3833 missumque
1538 3803 1609 3832 teges
1623 3804 1649 3825 et
1661 3798 1726 3824 vino
1737 3801 1823 3823 tortus
1835 3802 1862 3823 et
1873 3797 1914 3824 ira
1933 3795 2002 3822 Hor.
2015 3793 2094 3828 Epist.
2107 3802 2125 3825 1,
2143 3797 2177 3824 18,
2190 3796 2228 3825 38.

1368 3834 1466 3860 secreta
1485 3839 1511 3860 et
1535 3833 1624 3868 paucis
1647 3832 1780 3861 commissa
1803 3831 1912 3866 putabas
1935 3829 2053 3857 quenal.
2069 3838 2108 3862 10,
2121 3835 2176 3863 339.
2199 3828 2211 3836 “
2245 3825 2286 3853 Co

923 3868 985 3895 Liu.
1006 3876 1032 3901 2,
1044 3870 1076 3902 36
1095 3868 1176 3903 Mane
1196 3868 1302 3895 seruum
1317 3878 1359 3904 105
1368 3868 1520 3897 Coniunc‘luc
1531 3876 1555 3896 ec
1567 3874 1752 3906 coagmentatur
1771 3866 1847 3902 virg.
1862 3866 1927 3894 Aen.
1938 3873 1967 3900 3,
1981 3870 2032 3899 428
2050 3864 2144 3896 Pistrix
2179 3859 2286 3898 Deip&
2321 3906 2331 3911 -
2366 3904 2368 3909 ,
2404 3904 2410 3908 .

1364 688 1459 714 multis.
1497 689 1685 716 Committitur
1698 694 1761 716 enim
1775 690 1947 723 critnen,cum
1960 693 2009 716 iam
2021 694 2113 716 crimen
2127 688 2171 723 cffi’
2185 691 2276 722 incipit
2288 697 2298 717 ί
2330 689 2413 722 Com«,¹
2426 675 2430 686 ἢ
2441 674 2447 703 '³

2428 718 2446 762 ‘l

1597 1119 1734 1153 Qiaedam
1758 1120 1999 1155 reprehendebant,
2021 1120 2049 1146 in
2075 1128 2142 1154 quae
2161 1125 2187 1145 et
2206 1117 2255 1152 ipl'r
2264 1116 2410 1154 commis
2433 1131 2441 1139 ν

2438 1161 2441 1172 Ι

1814 1300 1870 1326 Cic.
1884 1300 1955 1326 Fani.
1971 1301 2013 1332 16,
2034 1307 2059 1325 12
2073 1292 2179 1325 'Graues
2194 1297 2281 1324 solent*
2294 1295 2361 1323 offen
2386 1304 2413 1319 -1
2435 1296 2437 1329 ¹,

1766 1372 1841 1398 Hanc
1856 1372 2034 1398 Deuotionem
2047 1369 2198 1397 conuiciam
2212 1374 2237 1395 et
2251 1367 2348 1395 comm*
2380 1368 2398 1390 2*-
2430 1387 2437 1396 1

2199 1404 2298 1431 Μ3111111
2305 1403 2414 1438 Faciam·

1955 1443 2067 1470 Facinus
2087 1442 2159 1468 Caes.
2175 1439 2409 1475 Bell.Ciuil.3,6ff.
2434 1442 2437 1446 ”
2456 1455 2461 1466 ι

2108 1798 2272 1827 Maleficium
2299 1798 2354 1825 Cic.
2364 1801 2411 1832 0133
2423 1813 2425 1819 -
2438 1808 2439 1834 5

2354 2053 2378 2070 e.
2431 2058 2432 2062 ,

608 2085 703 2119 Pelago
715 2089 800 2110 ratem
813 2084 981 2110 committere
997 2085 1065 2110 Hor.
1081 2084 1169 2110 Carm.
1187 2092 1207 2116 1,
1225 2093 1253 2116 3,
1267 2093 1300 2110 11.
1319 2091 1347 2118 55
1366 2083 1570 2110 committuntur
1584 2093 1612 2110 in
1627 2083 1767 2118 publicum
1798 2099 1844 2106 —-
1880 2087 1912 2110 it.
1927 2093 1958 2111 ex
1980 2082 2166 2118 compromisso
2186 2081 2290 2107 Paullus
2304 2046 2336 2106 1¹²r
2338 2054 2376 2107 ad
2386 2076 2408 2104 1⁵²².
2424 2073 2428 2086 ¹

1560 228 1713 255 Committit
1731 230 1808 255 Vates
1840 234 1866 255 et
1899 234 2049 261 comparat,
2067 228 2128 254 inde
2147 230 2299 262 Maronem,
2318 231 2399 264 Atque
2440 236 2444 258 τ’

2258 334 2408 362 Historiam'
2440 356 2441 359 .
2463 351 2474 366 x.

2440 368 2471 405 ’111

2440 416 2474 453 ;“·.Ι

2452 455 2474 481 ιβ

2440 489 2474 553 εἷ.

2437 551 2474 586 W

2402 2211 2435 2311 42
