2474 4182
278 147 330 176 ιιι
688 134 727 174 A
791 128 828 167 D
889 128 905 167 1
1769 125 1808 165 A
1866 122 1903 162 D
1959 123 2008 163 M
2360 98 2446 167 ιη]

278 225 352 255 nim)
367 223 485 250 adiutum
501 224 547 250 oui
564 221 692 249 infusione
706 223 731 243 ct
745 225 827 251 aquae
842 215 941 242 calidae
954 223 1053 250 vapore
1068 215 1158 247 (tollit
1174 215 1315 246 dolorem)
1370 212 1419 240 Sed
1440 213 1473 239 iis
1487 232 1496 246 ,
1517 213 1564 249 qui
1583 213 1681 240 habent
1702 221 1716 240 a
1738 219 1831 240 natura
1851 212 2003 238 adiumenta
2021 219 2111 239 rerum
2128 213 2311 248 gerendarum.
2357 212 2412 242 Cic.
2440 235 2441 239 ,

278 261 310 287 [t.
333 250 386 286 1o6.
430 260 542 286 Facilius
566 258 652 284 adiuta
677 253 808 280 antidotos
833 251 971 278 adiuuabit
989 258 1015 278 et
1036 251 1142 278 effectus
1167 250 1316 277 exhibebit.
1370 249 1453 275 Tusc.
1472 255 1501 281 ς,
1520 257 1550 282 59
1572 249 1668 285 Neque
1689 250 1748 276 sane
1770 249 1884 275 multum
1904 247 2062 274 adiumentis
2082 250 2197 275 externis
2216 256 2242 276 et
2261 248 2415 276 aduenticii·
2439 268 2441 277 v

316 302 501 322 ADivaT
512 301 553 320 vs
575 291 708 327 profi-rtur
729 298 757 314 ex
776 288 896 315 Frontin.
916 287 948 314 de
968 287 1084 323 Aquaed.
1111 287 1157 315 Sed
1176 286 1318 323 respicitur,
1373 290 1501 311 vteretur.
1538 285 1728 312 Adiumentum
1742 285 1773 311 ad
1788 284 2014 320 pulchritudinem
2023 283 2092 309 Ter.
2100 283 2204 311 Phorm.
2218 294 2238 317 1,
2252 294 2277 317 2,
2287 292 2323 317 53.
2359 284 2416 313 Cic.
2440 302 2441 307 ,

274 337 354 368 puto,
376 330 409 355 ad
427 340 477 356 eum
498 332 586 356 Iocum.
604 333 671 360 quem
684 322 724 357 stc
740 323 809 350 dedit
828 324 892 351 Poll.
907 333 932 360 p.
948 326 993 357 46,
1007 331 1020 356 ς
1038 323 1196 358 Concipitur
1214 323 1317 353 (Fons)
1374 322 1448 347 Verr.
1464 328 1492 351 3,
1515 338 1521 344 -
1541 338 1548 344 -
1570 339 1577 345 .
1602 320 1656 348 Vbi
1678 321 1728 349 hoc
1748 322 1837 354 videt,
1857 319 1967 346 illorum
1987 319 2188 352 confeffionem,
2207 320 2424 348 testificationem.
2439 338 2442 349 ÷

280 367 330 391 Vi,
345 366 458 392 Collatia
482 379 526 384 -.
550 361 650 395 {iguino
671 359 858 393 circumiec'to,
884 359 1103 386 continendarum
1128 358 1317 392 scaturiginum
1338 363 1351 389 ς
1375 358 1462 388 suam,
1476 353 1584 394 tabellas
1597 355 1646 382 fibi
1660 357 1815 383 adiumento
1828 357 1938 383 futuras.
1975 354 2044 383 Add.
2060 355 2131 381 Fam.
2143 363 2170 387 2,
2178 358 2203 382 6.
2239 357 2294 382 Cic.
2310 355 2342 382 ad
2355 355 2422 382 Bru.-

280 402 368 433 musa,
388 400 527 427 adiuuatur
540 408 545 422 .-
565 402 589 421 et
602 404 661 421 cum
676 395 796 430 pluribus
808 396 868 422 aliis
881 394 1100 431 acquisitionibus
1112 395 1186 421 venit
1199 400 1248 420 etc.
1374 399 1430 420 tum
1445 401 1462 425 4
1485 392 1560 417 Bruti
1574 393 1679 425 eruptio
1693 402 1747 419 non
1760 393 1845 419 solum
1860 392 1907 427 ipsi
1927 391 2046 418 salutaris
2065 390 2132 422 fuit,
2153 390 2196 416 sed
2210 392 2288 417 etiam
2300 391 2418 420 maximo

317 444 336 463 A
349 444 365 463 ῃ
375 445 383 462 1
394 444 413 462 v
424 443 444 462 T
454 442 482 460 v.
519 431 637 458 Macrob.
648 431 698 458 Sat.
712 440 739 466 7,
753 440 770 467 7
790 432 886 459 Solitos
901 432 975 458 fuisse
989 431 1113 457 funerum
1127 429 1262 456 ministros
1275 428 1319 454 de·
1374 429 1407 456 ad
1420 426 1562 454 victoriam
1578 425 1739 455 adiumento.
1777 428 1939 455 Adiumento
1953 429 2000 454 else
2015 427 2042 453 in
2055 425 2134 452 causis
2143 426 2378 460 Cic.proQ1intio
2391 436 2417 462 4.

279 473 319 500 nis
335 472 454 498 virorum
467 466 624 501 corporibus
637 467 779 502 adiungere
792 467 890 502 lingula
907 466 1064 497 muliebria,
1083 472 1109 492 et
1123 466 1201 492 vuius
1217 464 1319 496 adiutu,
1376 464 1566 491 Adiumentum
1583 461 1677 488 afferre
1697 464 1778 490 alicui
1798 464 1831 491 ad
1851 473 1908 490 rem
1929 464 2045 498 aliquam
2061 462 2117 488 Cic.
2131 461 2183 488 Off.
2199 470 2208 487 1
2229 471 2250 488 c.
2264 471 2282 488 ι.
2339 461 2418 491 Adiu-
2439 477 2441 480 ⁴

280 507 350 542 quasi
364 512 453 531 natura
467 502 599 535 flammei,
614 510 640 529 et
653 503 714 530 ideo
729 503 850 530 celeriter
864 503 994 533 ardentis,
1014 507 1115 527 caetera
1129 500 1282 535 flagrabant.
1375 507 1463 526 menta
1478 500 1638 532 importare,
1664 499 1717 525 vid.
1740 507 1861 527 lMPOR
1871 507 1893 526 T
1903 507 1932 526 o.
1987 498 2149 525 Adiumento
2163 497 2252 523 iuuari
2270 497 2312 530 effii
2328 497 2425 526 dicitur.
2439 512 2441 521 1

316 549 335 568 Α
345 548 363 567 D
373 548 380 565 1
392 546 411 564 v
421 545 502 564 VAT
512 545 531 565 v
542 545 561 565 R
571 546 628 571 vs,
646 547 693 574 pro
708 539 853 566 Adiuturus
866 539 938 565 habet
951 540 1055 565 Petron.
1068 546 1123 572 cap.
1139 542 1164 567 18
1204 535 1320 562 Adiuua-
1334 542 1362 560 10
1376 535 1444 570 apud
1464 533 1595 561 Columel.
1639 533 1796 562 Adiumenta
1816 536 1893 561 firma
1912 534 1994 562 Ouid.
2014 535 2046 561 de
2066 535 2150 560 Ponto
2171 544 2204 567 4,
2227 541 2268 564 13,
2289 541 2322 564 31.
2365 533 2420 562 Cic.

279 584 351 604 turos
365 582 411 599 nos
425 573 545 601 diuinam
558 575 755 609 prouidentiam
769 576 809 602 vel
824 575 943 610 periculo
952 573 1051 600 nostro.
1376 572 1460 598 Tusc.
1475 579 1509 604 4,
1531 590 1537 595 .
1560 590 1566 595 .
1585 589 1592 595 .
1632 570 1653 594 A
1673 569 1840 605 philosophia
1859 571 1950 597 omnia
1971 570 2122 597 adiumenta
2142 576 2168 596 et
2187 569 2287 595 auxilia
2308 574 2420 602 petamus
2443 585 2452 599 0

312 617 332 636 Λ
343 616 360 635 D
372 617 377 634 Ι
390 610 484 642 ῨΤΟ,
504 614 557 637 Ere.
583 611 742 646 [ἐμυνοίθω]
763 612 903 646 Frequent.
920 610 976 636 fere
995 607 1064 643 apud
1083 612 1185 633 veteres
1203 604 1322 631 Vsltatiu·
1376 606 1444 634 bene
1461 606 1591 640 beateque
1610 604 1730 632 viuendi.
1767 608 1933 634 Delicatiores
1951 606 2018 633 cibos
2037 605 2137 633 Sallust.
2153 604 2274 640 lugurtli.
2290 611 2323 637 45
2344 603 2423 632 Adiu-

276 654 354 680 quam
369 645 453 680 ipsum
469 646 647 681 primitiuum.
684 647 752 673 Ter.
763 647 843 674 Andr.
854 656 871 679 1,
886 655 908 679 3,
923 655 941 678 4
962 645 1019 671 Nec
1038 643 1103 679 quid
1123 651 1198 677 agam
1217 646 1320 667 certum
1376 649 1465 670 menta
1480 641 1602 678 ignauiae
1622 647 1703 667 vocat.

275 680 325 712 est,
340 680 540 716 Pamphilumne
553 682 687 715 adiutem,
706 692 739 709 an
753 683 895 709 auscultem
917 681 980 707 seni.
1017 679 1188 707 Voluntatem
1209 676 1321 703 alicuius

274 715 393 743 adiutare
408 717 475 744 Gell.
490 727 510 750 1,
524 727 546 750 3.
584 718 612 744 Id
625 718 715 745 adiuta
728 727 769 744 me
777 719 845 745 Ter.
861 719 924 744 Eun.
943 725 994 749 1,2,
1004 723 1048 751 70.
1067 715 1166 741 Ennius
1181 711 1249 748 apud
1263 711 1319 738 Cic·
1336 715 1361 742 ¹3
1622 714 1653 747 Ἀ
1700 714 1735 746 Β
1780 713 1806 748 L
1876 714 1938 748 vid,
2000 715 2028 748 A
2078 714 2104 746 L
2152 714 2189 747 L.

274 751 306 778 de
320 752 420 779 Sene&
437 762 457 780 1.
492 755 517 781 O
530 754 614 786 Tite,
627 754 646 780 s1
660 754 725 788 quid
737 763 787 788 ego
803 754 904 785 adimo,
913 760 1036 779 curamue
1050 750 1155 777 leuassb.
1192 747 1239 776 Sed
1249 754 1322 783 prae·
2410 748 2438 773 ‘s

266 785 324 820 stat
336 788 447 815 adiuero
460 791 500 816 vel
512 790 615 816 adiuro.
653 789 750 816 Adiuta
765 790 849 821 mihi,
870 786 961 822 vetuste
973 785 1068 814 dietum
1082 794 1131 822 pro
1146 784 1252 823 Adiuua
1265 791 1323 810 me:
2405 794 2416 809 i,
2433 797 2438 821 Ι

274 824 367 850 Pacuu.
383 825 411 851 iu
426 824 533 858 Chryse.
576 826 693 851 Donatus
705 825 739 851 tul
752 825 814 851 illud
826 826 895 852 Ter.
909 825 973 850 Hec.
988 832 1011 856 3,
1024 832 1050 855 2,
1063 831 1099 855 24
1118 823 1208 848 Onera
1227 827 1265 845 eis
1280 817 1323 844 ad·
1777 822 1805 854 A
1877 822 1908 854 D
1977 822 2018 856 M
2403 844 2405 846 ,
2423 839 2425 845 «

275 859 338 886 iuta.
377 862 445 887 Hinc
453 861 528 897 form
542 871 588 887 nou
605 861 735 887 barbarum
749 861 812 887 illud
830 868 848 888 D
857 868 873 888 13
883 868 901 887 V
912 868 925 887 S
946 866 967 886 A
977 865 995 885 D
1004 866 1013 885 1
1023 866 1043 884 V
1053 865 1074 884 T
1082 865 1104 884 A
1128 864 1146 883 R
1156 863 1175 882 Ο
1184 863 1209 882 Μ
1217 861 1239 881 Α
1248 861 1270 881 N
1280 861 1289 880 l
1299 861 1324 885 S,
2401 851 2439 879 ¹1..ss

273 895 341 930 apud
353 896 409 922 Car.
423 896 455 922 du
473 897 560 933 Frtsne
574 898 660 923 famil.
683 898 747 931 Byz.
767 906 792 931 p.
808 905 849 923 112
866 906 895 922 ex
911 898 999 921 numis.
1037 892 1112 929 Conf-
1122 893 1227 918 Petron-
1242 899 1263 915 c·
1279 892 1322 915 62·
1334 897 1368 916 20
1416 897 1439 918 A
1448 897 1501 918 ΒΜ
1510 897 1532 918 A
1541 896 1592 918 Nn
1602 896 1621 918 0
1631 910 1639 923 ‚
1658 894 1711 918 ἔκ.
1738 890 1902 927 [immin-w]
1939 892 2084 919 Laudabant
2097 891 2180 918 Plaut.
2194 889 2262 926 prol.
2271 887 2438 930 Poent.1l.83>¹

273 931 344 958 Ter.
358 931 464 958 Phorm.
479 941 504 965 1,
523 941 556 965 2,
570 938 602 965 48
640 948 650 953 —
674 949 683 954 -
706 949 715 954 —
736 942 823 968 neque
845 937 968 966 cognatus
989 936 1062 955 extra
1081 936 1161 954 vnam
1181 925 1324 965 aniculam,
1379 927 1427 955 Sed
1438 928 1532 964 legitur
1545 925 1679 960 hodiestne
1690 927 1777 961 dubio,
1801 928 1828 954 Si
1842 927 1908 963 quid
1921 928 2047 955 mandare
2067 928 2147 954 voltis
2165 935 2210 953 aut
2229 926 2356 952 curarier.
2403 932 2427 951 ’,τ

276 968 423 1002 Qiisquam
438 968 542 1000 aderat,
563 969 610 1003 qui
631 967 762 995 adiutaret
781 969 869 994 funus.
907 966 1014 993 Gratius
1028 965 1127 998 Cyneg.
1143 970 1194 997 405
1212 962 1325 996 Magicis
1416 970 1439 990 A
1448 970 1499 990 DM
1509 969 1562 989 AT
1572 963 1593 989 x?
1602 969 1666 995 Ro,
1685 967 1739 990 are.
1780 964 1825 991 Ad
1839 967 2008 990 maturitatem
2017 964 2159 999 perducere.
2189 963 2263 989 Caes.
2280 961 2345 988 Bell.
2360 961 2383 988 G
2440 967 2444 987 ἱ

273 1004 395 1032 adiutant
409 1004 530 1030 cantibus
544 1003 646 1030 herbas.
1209 1033 1214 1038 .
1381 1007 1409 1034 7,
1422 1007 1454 1032 54
1475 999 1580 1025 Horum
1594 997 1700 1027 discessu
1715 999 1875 1026 admaturari
1890 999 2068 1025 deseftionem
2086 999 2203 1026 ciuitatis
2219 996 2400 1030 existimabat..
2444 1023 2447 1027 ,

312 1045 332 1065 A
342 1045 466 1067 D1VT0
476 1047 511 1072 R,
532 1040 600 1071 siris,
620 1039 677 1073 pars.
699 1037 902 1072 [οἰμωοίθομαι]
940 1037 1045 1063 Lucret.
1061 1043 1088 1068 ι,
1102 1039 1145 1065 8¹2
1164 1033 1327 1060 Adiutamur
1419 1041 1440 1061 A
1450 1041 1501 1061 ΒΜ
1511 1041 1528 1061 Ε
1538 1041 1562 1061 Μ
1573 1036 1675 1061 ERAT
1685 1043 1693 1061 1
1703 1041 1745 1068 M,
1776 1035 1892 1062 Aduerb.
1916 1034 1982 1060 κατά
1996 1036 2071 1068 μέλος
2081 1055 2090 1067 ,
2112 1035 2190 1062 61οηὶ
2207 1035 2264 1060 Lat.
2277 1034 2325 1060 Gr.
2400 1035 2427 1066 ’ζ
2444 1054 2445 1057 ,

274 1075 347 1101 enim
364 1074 447 1102 dubio
461 1075 568 1110 procul,
587 1081 665 1109 atque
681 1074 778 1100 alimur
791 1082 848 1099 nos.
944 1070 964 1110 q
985 1081 1000 1098 2
1008 1070 1055 1099 Sed
1067 1073 1142 1097 etiam
1155 1070 1221 1104 Dep.
1242 1068 1327 1108 [οἶμ’-ι·
1341 1078 1372 1105 25
1420 1078 1442 1097 A
1452 1077 1470 1097 Ι)
1480 1077 1504 1096 M
1514 1077 1530 1096 E
1540 1077 1562 1096 N
1571 1077 1592 1096 T
1601 1076 1623 1097 A
1632 1076 1653 1097 T
1662 1077 1672 1096 1
1682 1077 1700 1096 O
1709 1090 1718 1102 ,
1739 1072 1798 1097 onis
1807 1091 1815 1104 ,
1850 1071 1902 1098 vid.
1926 1079 1947 1097 Α
1956 1078 1980 1097 Μ
1990 1078 2006 1097 Ε
2016 1078 2036 1096 N
2046 1077 2067 1097 T
2075 1077 2097 1097 A
2106 1077 2127 1098 'r
2137 1078 2146 1097 1
2156 1078 2184 1098 Ο.
2445 1076 2447 1084 ’

275 1110 360 1145 ναίθω]
385 1112 477 1137 Pacuu.
492 1110 630 1136 Duloreste
639 1130 646 1142 ,
668 1109 745 1136 lllum
761 1117 870 1144 quaero,
891 1108 939 1143 qui
958 1107 1100 1134 adiutatur.
1161 1106 1252 1132 Afran.
1274 1105 1327 1131 Ini-
1421 1113 1441 1133 Α
1452 1113 1471 1132 D
1481 1113 1506 1132 M
1516 1112 1533 1132 Ε
1542 1112 1563 1132 Τ
1572 1113 1582 1131 1
1593 1112 1612 1132 O
1621 1112 1639 1131 R
1648 1125 1656 1137 ,
1683 1107 1758 1133 ensus
1779 1108 1835 1133 sum
1844 1127 1852 1139 ,
1873 1107 1917 1133 Iri.
1947 1106 2140 1141 [προσμετρέω]
2177 1107 2279 1138 Metiri,
2293 1102 2357 1140 quod
2368 1113 2383 1130 a
2437 1101 2447 1134 Ι

274 1146 366 1178 micis,
394 1147 452 1173 Hoc
470 1146 581 1173 obsecro
603 1146 687 1180 igitur
704 1146 791 1180 agite,
810 1152 836 1172 et
855 1153 899 1172 me
918 1143 1087 1171 adiutamini.
1127 1143 1195 1168 Haec
1212 1147 1236 1167 ec
1249 1141 1328 1176 plura
1378 1144 1438 1177 piat
1451 1143 1529 1171 alter,
1545 1148 1592 1176 per
1604 1140 1741 1177 mensurum
1760 1144 1836 1169 alteri
1850 1143 1957 1169 tradere.
1996 1143 2076 1168 Caius
2099 1142 2156 1168 inl.
2177 1141 2259 1176 Qiod
2279 1141 2363 1174 saepe.
2438 1145 2447 1170 1

275 1181 382 1208 Nonius
396 1190 422 1217 7,
436 1187 473 1214 83.
510 1181 578 1208 Adi.
593 1191 618 1214 2,
633 1189 671 1214 41.
1309 1211 1314 1215 ι
1383 1178 1415 1204 de
1431 1176 1603 1204 contrahend.
1621 1183 1701 1211 empt.
1723 1178 1753 1204 In
1768 1178 1802 1204 iis
1816 1187 1882 1213 quae
1902 1178 2034 1213 pondere,
2049 1186 2177 1208 numero,
2197 1177 2352 1204 mensuraue
2372 1183 2385 1202 c
2433 1185 2447 1209 ,ι

312 1224 333 1244 Α
343 1224 362 1244 D
372 1225 381 1244 1
391 1225 411 1244 v
422 1225 443 1244 'r
453 1225 474 1244 A
484 1225 505 1244 Ν
514 1224 527 1244 s
537 1238 545 1250 ‚
566 1217 659 1243 Partic.
681 1216 853 1250 [οἷμυναίθων]
873 1216 941 1242 Ter.
951 1215 980 1241 in
993 1214 1100 1241 Phorm.
1112 1213 1180 1249 prol.
1194 1221 1227 1246 34
1247 1212 1328 1238 Bom-
1383 1213 1449 1239 stant
1459 1233 1468 1246 ,
1482 1213 1568 1240 veluti
1581 1213 1718 1239 frumento
1727 1233 1735 1245 ‚
1749 1213 1815 1240 vino
1824 1234 1831 1246 ,
1847 1214 1908 1240 oleo
1916 1234 1924 1246 ,
1939 1222 2066 1248 argento,
2084 1222 2139 1239 non
2150 1213 2228 1240 aliter
2241 1212 2364 1239 videatur
2437 1211 2445 1247 ς’

273 1258 364 1287 tasque
377 1253 462 1280 vestra
475 1253 594 1279 adiutans
607 1260 686 1287 atque
700 1253 901 1287 aequanimitas.
943 1251 992 1277 Vbi
1009 1251 1144 1282 Donatus,
1165 1249 1206 1275 Sic
1222 1254 1326 1274 veteres
1347 1249 1453 1278 30fe&a
1466 1248 1603 1281 venditio,
1623 1257 1703 1283 quam
1718 1249 1736 1275 si
1750 1249 1886 1282 admensa,
1900 1256 1926 1276 ct
1940 1251 2059 1284 appensa,
2073 1249 2277 1276 adnumerataue
2291 1247 2349 1274 fint.
2377 1246 2406 1274 C'
2438 1248 2448 1279 ς’

272 1288 361 1314 dicere
377 1289 542 1321 maluerunt,
563 1297 642 1323 quani
656 1287 801 1314 Adiuuans.
838 1289 915 1313 Varr.
936 1286 968 1313 de
988 1287 1018 1313 R.
1035 1287 1066 1312 R.
1083 1294 1109 1318 2,
1124 1293 1151 1319 7,
1166 1289 1179 1314 8
1201 1285 1239 1310 Eo
1253 1283 1327 1310 enim
1384 1286 1462 1311 Verr.
1475 1294 1498 1317 3,
1513 1292 1548 1319 72
1569 1285 1611 1310 An
1625 1290 1729 1319 poterat
1743 1294 1798 1312 non
1811 1286 1893 1311 modo
1906 1286 2055 1320 Apronius,
2075 1285 2117 1312 scd
2132 1285 2237 1320 quiuis,
2255 1283 2400 1316 exercitui,
2414 1312 2421 1321 .
2437 1281 2445 1312 l

271 1323 407 1350 adiutante
420 1333 503 1359 oquae
516 1324 637 1359 alligatae
652 1323 763 1350 celerius
778 1323 971 1355 admittuntur,
991 1322 1019 1348 de
1033 1321 1159 1355 Peroriga
1170 1321 1290 1357 loquitur.
1383 1320 1548 1347 metiendum
1562 1321 1638 1353 esset,
1660 1320 1813 1355 improbare
1827 1321 1944 1347 Siculum
1958 1321 2138 1353 frumentum,
2160 1320 2233 1356 quod
2251 1319 2294 1346 illi
2314 1323 2347 1346 ex
2387 1320 2395 1354 'q
2437 1331 2445 1355 ρ

307 1365 594 1393 ΑυιντΑΒιωε,
615 1366 641 1387 et
661 1368 684 1386 e.
722 1359 805 1387 Plaut.
819 1359 879 1386 Mil.
895 1367 923 1392 4,
937 1367 966 1392 4,
982 1363 995 1388 8
1014 1356 1197 1384 Adiutabilem
1217 1363 1328 1391 operam
1384 1356 1403 1383 fi
1417 1357 1513 1389 vellet,
1526 1356 1651 1382 admetiri
1665 1356 1778 1383 licebat?
1800 1358 1972 1383 Frumentum
1985 1357 2068 1383 militi
2083 1357 2142 1383 Liu.
2156 1364 2191 1390 35,
2211 1376 2217 1382 .
2239 1376 2246 1382 .
2269 1375 2275 1381 .
2308 1321 2452 1420 Ρτυξὶι·

271 1394 341 1422 dare.
1384 1397 1441 1420 tum
1457 1392 1563 1419 viritim
1578 1392 1716 1418 admensus
1733 1392 1769 1419 est
1789 1393 1858 1419 Suet.
1874 1393 1941 1427 Aug.
1953 1401 1975 1418 c.
1990 1401 2031 1425 41.
2069 1392 2136 1419 Cato
2150 1392 2181 1419 de
2195 1392 2267 1419 KR.
2283 1397 2338 1425 134,
2358 1399 2369 1418 ι
2387 1390 2444 1430 Vx*

308 1438 330 1458 A
340 1437 358 1458 Ι)
368 1438 376 1457 1
385 1431 406 1458 V
416 1438 437 1458 Τ
446 1436 465 1459 0
474 1438 494 1459 R
504 1452 513 1464 ‚
533 1431 605 1465 oris,
626 1440 663 1458 m.
695 1424 843 1466 [cunpydx,
858 1428 948 1461 βοηθδς
957 1449 966 1462 ,
986 1427 1154 1465 vultui-poium?
1163 1449 1171 1462 ‚
1190 1425 1328 1461 οἷμῦντωρ]
1342 1436 1370 1461 35
1383 1437 1448 1454 num
1464 1428 1631 1463 emptoribus
1643 1427 1694 1454 fine
1707 1428 1829 1455 molestia
1843 1428 1980 1464 quomodo
1994 1427 2155 1454 admetiaris.
2192 1430 2224 1454 Et
2236 1437 2259 1454 c.
2277 1431 2333 1460 148,
2344 1434 2361 1453 2
2380 1426 2443 1489 [lg

271 1469 316 1502 qui
333 1466 444 1494 adiuuat.
482 1468 539 1494 Cat.
559 1467 591 1494 de
611 1468 642 1493 R.
656 1467 686 1493 R.
702 1475 748 1498 21,
761 1475 780 1499 4
803 1465 946 1492 Adiutores
961 1464 1024 1500 fiint
1043 1472 1128 1500 operae
1151 1464 1326 1489 mercenariae.
1383 1465 1472 1490 minus
1484 1465 1579 1491 vinum
1594 1464 1767 1490 admetietur:
1785 1465 1857 1499 quod
1869 1464 2022 1490 admensum
2035 1464 2096 1496 erit,
2110 1473 2158 1498 pro
2171 1473 2204 1490 eo
2219 1463 2343 1490 dominus
2354 1462 2399 1489 res
2425 1463 2449 1490 34

273 1503 330 1529 Cic.
345 1504 421 1530 Verr.
437 1511 464 1535 1,
480 1511 520 1536 ¹55
544 1503 676 1529 Homines
696 1508 848 1536 arrogantes
867 1501 917 1527 hoc
932 1501 1054 1527 adiutore
1072 1502 1111 1534 Q
1124 1498 1267 1534 Opimium
1281 1506 1329 1532 per
1382 1501 1450 1526 vito.
1490 1501 1531 1528 Sic
1544 1500 1621 1526 edidit
1634 1498 1692 1535 post
1710 1501 1773 1526 alios
1789 1500 1923 1537 (it-simus,
1944 1506 2061 1535 tanquam
2077 1499 2199 1535 paffiuum
2211 1499 2249 1534 fit
2268 1491 2444 1527 admensuifiti

273 1537 366 1564 ludum
387 1545 414 1564 et
432 1539 521 1565 iocum
541 1538 658 1564 fortunis
677 1537 803 1564 omnibus
819 1537 948 1563 euertisse.
987 1538 1056 1563 Hor.
1071 1536 1122 1562 Sat.
1139 1544 1159 1567 1,
1173 1543 1200 1567 9,
1213 1536 1251 1566 46
1272 1534 1326 1559 Ha·
1375 1535 1424 1572 sed
1435 1536 1498 1562 idem
1512 1535 1637 1571 obseruas.
1650 1538 1677 1561 in
1690 1539 1782 1571 optimo
1795 1538 1919 1563 Politiani
1933 1535 2015 1562 codice
2029 1534 2072 1569 effi*
2086 1535 2239 1568 admensus,
2257 1541 2287 1561 vt
2305 1535 2376 1570 refer

273 1572 350 1600 beres
362 1574 489 1608 Magnum
504 1573 669 1605 adiutorem,
690 1574 770 1608 posset
791 1574 839 1607 qui
856 1573 928 1598 ferre
942 1572 1075 1598 secundas.
1112 1571 1168 1597 Cic.
1184 1571 1238 1596 Att.
1254 1577 1287 1601 9,
1301 1576 1327 1595 12
1381 1571 1417 1597 ad
1433 1571 1559 1597 dominum
1571 1573 1718 1599 metienti-m.

274 1610 362 1636 Huius
376 1610 459 1644 igitur
471 1610 536 1636 belli
551 1619 601 1644 ego
619 1609 746 1644 particeps
760 1615 786 1635 et
799 1608 884 1635 socius
899 1614 923 1634 et
936 1607 1045 1634 adiutor
1057 1607 1105 1633 ess'e
1119 1614 1212 1640 cogor.
1250 1605 1323 1631 Caes.
1342 1612 1379 1637 40
1421 1613 1470 1634 AD
1480 1614 1505 1633 M
1515 1607 1533 1633 ἑ
1542 1613 1595 1633 Τν
1605 1614 1634 1639 s,
1661 1604 1822 1642 [Ἄδμητος]
1856 1607 1910 1634 Rex
1928 1603 2082 1640 Theffizliae‚
2096 1605 2151 1640 fiue
2170 1606 2344 1636 Pheraeorum,
2365 1607 2407 1632 cu'

274 1645 338 1672 Bell.
348 1646 429 1672 Ciuil.
445 1654 464 1678 1,
475 1653 492 1680 7
511 1646 593 1672 Cuius
608 1646 661 1680 ipse
675 1644 775 1671 honori
788 1650 814 1672 et
827 1644 952 1678 dignitati
965 1645 1068 1678 semper
1079 1642 1194 1674 fauerit,
1207 1640 1328 1667 adiutor·
1383 1649 1498 1670 armenta
1510 1652 1594 1669 nouem
1608 1644 1684 1668 annis
1692 1646 1768 1677 pauit
1780 1642 1878 1678 Apollo.
1903 1642 2024 1669 Tertull.
2034 1642 2111 1677 Apol.
2127 1651 2149 1668 c.
2161 1650 2192 1675 14
2211 1642 2262 1668 Hic
2277 1642 2392 1673 (Homer

274 1690 326 1716 que
343 1681 433 1708 fuerit.
470 1682 527 1708 Cic.
542 1691 590 1717 pro
605 1681 686 1708 Flacc.
704 1689 714 1708 1
733 1680 854 1706 Honoris
868 1680 957 1714 potius
972 1679 1002 1706 L.
1018 1678 1104 1706 Flacci
1119 1687 1162 1704 me
1175 1676 1328 1716 adiutorem
1384 1678 1540 1714 Apollinem
1555 1678 1670 1705 Admeto
1688 1678 1747 1712 regi
1762 1678 1894 1712 pascendis
1908 1678 2048 1712 pecoribus
2063 1677 2170 1704 addicit.
2207 1676 2290 1704 Ouid.
2305 1677 2338 1704 de
2350 1677 2404 1711 Pon

275 1717 397 1743 futurum
422 1717 559 1751 sperabam
570 1737 578 1749 ,
610 1725 690 1751 quam
718 1716 888 1742 miseriarum
921 1715 1129 1749 deprecatorem.
1173 1711 1328 1739 Iracundiae
1384 1724 1405 1747 1,
1418 1723 1442 1747 3,
1456 1722 1499 1748 105
1521 1714 1547 1741 Si
1561 1723 1620 1740 mea
1634 1722 1707 1740 mors
1723 1713 1879 1740 redimenda
1892 1720 1937 1740 tua
1950 1713 2040 1748 (quod
2052 1713 2214 1745 abominor)
2229 1714 2303 1745 esset,
2327 1712 2368 1739 Ad
2401 1707 2411 1719 '¹

273 1753 383 1779 alterius
395 1753 464 1779 Ter.
481 1753 556 1779 Adel.
572 1761 591 1785 1,
607 1754 679 1784 i,66.
717 1750 755 1778 id.
771 1750 876 1777 Phorm,
886 1758 939 1783 3,3,
953 1752 987 1777 26
1007 1751 1081 1784 Opus
1094 1749 1131 1776 est
1139 1747 1329 1775 miPhormio-
1384 1751 1483 1777 coniux
1505 1758 1585 1785 quam
1607 1749 1757 1784 sequereris
1781 1755 1846 1776 erat.
1883 1749 1938 1775 vid.
1964 1755 2166 1776 ALCESTIS.
2227 1748 2312 1775 Eodem
2333 1749 2449 1784 respimt
2462 1771 2465 1774 .

274 1797 336 1814 nem
356 1788 388 1814 ad
404 1788 470 1814 hane
482 1796 540 1814 rem
560 1788 711 1813 adiutorem
726 1786 807 1823 dari..
833 1819 838 1824 .
851 1786 890 1823 Id.
906 1786 939 1811 de
954 1786 1062 1811 Amicii.
1086 1786 1122 1811 Vt
1141 1789 1186 1810 aut
1204 1783 1329 1809 libidinis
1340 1793 1373 1819 45
1384 1786 1523 1813 Val.Max.
1538 1794 1566 1819 4,
1579 1787 1606 1818 6,
1619 1794 1629 1811 1
1644 1783 1703 1820 post
1714 1786 1820 1812 relatum
1831 1785 1930 1811 Tiberii
1940 1785 2048 1813 Gracchi
2053 1783 2167 1821 fufium,
2174 1785 2217 1820 qui
2228 1788 2292 1811 mori
2300 1784 2329 1820 se
2340 1785 2390 1811 mal

274 1823 405 1854 ministri,
426 1830 471 1849 aut
492 1823 626 1848 adiutores
650 1821 728 1847 ess'ent
749 1819 780 1846 ad
801 1828 939 1845 iniuriam.
985 1820 1041 1846 Cic.
1057 1820 1111 1846 Att.
1125 1824 1155 1852 8,
1176 1828 1189 1851 3
1214 1819 1263 1845 Ille
1284 1818 1329 1845 ab·
1403 1831 1457 1848 uam
1477 1830 1578 1848 uxorem
1595 1820 1751 1854 Corneliam,
1777 1821 1802 1848 O
1817 1826 1860 1854 te,
1879 1820 2032 1847 Theffaliae
2050 1829 2112 1853 rex,
2132 1820 2258 1853 Admete,
2280 1819 2414 1852 crudelis--

273 1859 354 1886 sentis
379 1858 406 1883 in
433 1857 559 1884 omnibus
588 1856 704 1883 adiutor.
762 1856 804 1882 Sic
820 1855 937 1881 Adiutor
959 1855 988 1881 in
1008 1863 1037 1882 re
1066 1855 1186 1894 gerenda*
1202 1855 1258 1880 Cic.
1279 1863 1329 1888 pro
1384 1831 1440 1884 gii-i
1459 1856 1525 1883 suffiti
1545 1857 1660 1884 crimine
1686 1856 1733 1883 sub
1752 1865 1850 1892 magno
1875 1856 1964 1883 iudice
1989 1860 2000 1888 (
2015 1857 2140 1888 Graccho,
2166 1855 2287 1892 ipsiusque
2313 1862 2392 1892 exemp
2422 1852 2425 1854 ’
2447 1849 2449 1854 “

274 1894 343 1921 sext,
364 1902 418 1928 cap.
439 1902 476 1928 17·
549 1892 587 1919 Id.
613 1892 737 1932 de'bege
755 1891 817 1925 Agr.
837 1900 868 1924 2,
887 1900 913 1917 12
949 1891 1033 1918 Omni
1053 1889 1105 1917 hoc
1122 1889 1202 1916 vobis
1223 1890 1330 1915 ratione
1385 1892 1552 1919 damnatum!
1573 1892 1621 1927 qui
1634 1893 1755 1927 coniugis
1769 1899 1829 1919 tuae
1843 1893 1897 1919 fata
1908 1901 1958 1927 pro
1971 1892 2023 1919 tuis
2037 1893 2183 1927 permutari
2197 1893 2277 1926 passus
2292 1901 2328 1925 es,
2343 1900 2390 1928 eaq

274 1930 433 1956 confirmare
472 1929 572 1964 possum
605 1929 743 1966 Quirites,
781 1927 831 1952 hoe
858 1927 950 1954 animo
980 1936 1023 1953 me
1060 1926 1093 1953 ad
1126 1924 1265 1960 legendam
1297 1925 1333 1950 le-
1386 1936 1419 1953 ne
1434 1934 1464 1953 tu
1482 1927 1702 1961 exstinguereris,
1723 1928 1878 1954 voluntario
1897 1928 1975 1954 obitu
1994 1930 2146 1961 consumta,
2165 1927 2250 1954 lucem
2269 1928 2370 1956 intueri

275 1974 352 2000 gem,
367 1963 628 1998 cognoscendamque
641 1962 751 1987 venisse:
772 1967 800 1987 vt
813 1961 832 1986 fi
845 1970 903 1989 eam
915 1962 994 1988 vobis
1009 1962 1237 1988 accommodatam
1251 1966 1330 1994 atque
1344 1968 1375 1994 50
1390 1962 1473 1989 tuisti.
1512 1963 1544 1989 Et
1562 1969 1634 1989 certe
1652 1963 1725 1997 prius
1750 1970 1889 1998 parentum
1914 1964 2107 1998 indulgentiam
2130 1970 2291 1996 tentaueras,
2316 1963 2379 1990 fem⁴

274 2001 369 2028 vtilem
390 2001 438 2025 else
452 1998 646 2033 intelligerem,
665 1996 758 2036 aucior
777 1997 835 2036 eius
853 2003 935 2036 atque
949 1997 1057 2022 adiutor
1078 1998 1163 2022 effem.
1202 1996 1330 2034 Adigitur,
1385 1999 1478 2024 animo
1490 1998 1576 2031 impar
1591 1999 1724 2026 inuentus.
1763 2000 1815 2026 Hic
1833 1997 1867 2032 est
1886 2000 1993 2026 coniux.
2133 1998 2153 2037 q
2174 2008 2191 2026 2
2216 2001 2292 2027 Alius
2306 1999 2373 2026 Pher

275 2036 423 2070 audiorque
442 2035 560 2061 eiusdem
586 2034 730 2059 sententiae
749 2033 877 2066 Epicurus
903 2032 960 2058 Cic.
982 2031 1034 2058 Off.
1056 2039 1085 2063 3,
1108 2032 1158 2057 116.
1215 2029 1332 2054 Adiutor
1386 2032 1445 2056 Sen.
1459 2031 1555 2056 Medea
1568 2036 1629 2057 662.
1648 2034 1794 2060 .Admetus
1813 2035 1989 2062 Molossorum
2007 2044 2054 2062 rex
2073 2035 2143 2070 Nep.
2157 2044 2184 2068 2,
2198 2040 2221 2069 8,
2237 2044 2260 2068 3.
2369 2046 2373 2051 ’

276 2071 409 2099 victoriae
424 2071 479 2097 Cic.
494 2070 576 2096 Tusc.
592 2077 611 2101 1,
634 2088 640 2094 .
663 2089 668 2094 .
692 2088 699 2094 .
755 2067 793 2094 Id.
809 2067 841 2093 de
855 2067 918 2094 Nat.
932 2068 1013 2093 Deor.
1027 2075 1047 2098 1,
1061 2071 1087 2096 18
1105 2075 1126 2092 c.
1142 2072 1160 2100 7
1179 2064 1229 2091 Tu
1242 2068 1331 2089 autem
1424 2070 1632 2095 ADMIGRO,
1652 2070 1712 2096 are,
1739 2067 1772 2097 est
1790 2070 1910 2095 accedere.
1946 2071 2027 2096 Plaut.
2048 2072 2117 2097 Pers.
2130 2080 2159 2104 3,
2178 2080 2204 2103 1,
2224 2080 2253 2104 19
2274 2071 2346 2098 Nam

275 2107 341 2135 nolo
359 2107 491 2133 existimes
510 2114 552 2132 me
565 2105 716 2131 adiutorem
732 2102 795 2129 huic
810 2103 925 2134 veniffe,
946 2102 989 2128 sed
1007 2102 1167 2128 auditorem.
1206 2099 1264 2126 Cic.
1281 2106 1331 2133 pro
1387 2104 1568 2134 paupertatem
1587 2098 1737 2133 admigrant
1754 2100 1899 2132 infamiae,
1924 2103 2042 2128 Grauior
2065 2113 2204 2138 paupertas
2223 2107 2254 2133 fit
2293 2106 2358 2132 fides

277 2145 302 2172 S.
317 2144 378 2170 Ros.
393 2145 410 2169 6
431 2144 465 2169 Vt
479 2142 511 2168 ad
520 2141 586 2168 hanc
601 2139 725 2175 praedam
739 2139 811 2165 suain
824 2143 878 2164 tam
893 2137 1024 2163 nefariam
1044 2136 1181 2162 adiutores
1199 2142 1249 2161 vos
1271 2142 1331 2168 pro·
1345 2142 1372 2169 55
1386 2135 1485 2162 lestior.
1949 2151 1953 2154 .
2259 2127 2269 2139 ’
2418 2145 2421 2151 -

278 2179 417 2208 titeamini.
455 2177 571 2204 Adiutor
583 2176 624 2202 his
638 2181 730 2201 contra
742 2174 856 2209 patriam
870 2174 994 2200 inuentus
1007 2172 1043 2198 est
1057 2179 1138 2197 nemo
1145 2170 1203 2197 Cic.
1217 2169 1250 2195 de
1258 2169 1332 2194 Ami·
1423 2178 1446 2197 A
1455 2178 1473 2197 D
1482 2177 1507 2196 M
1517 2168 1529 2196 ἴ
1537 2177 1559 2196 N
1568 2167 1582 2196 ἴ
1589 2177 1606 2196 c
1615 2168 1636 2195 ὕ
1644 2177 1660 2196 L
1670 2177 1691 2197 v
1700 2177 1725 2196 M
1733 2189 1742 2202 ,
1758 2170 1775 2196 i.
1783 2179 1810 2196 n.
1832 2169 1950 2205 [χάραξ
1963 2169 2094 2205 οἶμυντὴρ]
2130 2170 2207 2206 ,Qfflfi
2214 2171 2284 2197 dicas
2293 2172 2327 2197 ad
2335 2181 2433 2199 mmmm
2463 2192 2468 2197 .

279 2216 323 2242 cit.
339 2224 380 2248 43.
426 2213 504 2240 Socio
524 2219 604 2247 atque
623 2211 746 2238 adiutore
761 2209 934 2236 consiliorum
954 2207 1190 2244 periculorumque
1208 2212 1334 2231 meorum
1385 2204 1445 2239 cffiz,
1462 2208 1566 2240 proprie
1580 2205 1674 2232 dicitur
1687 2205 2134 2242 Snjfenmculum‚stuf-fulcimentum
2148 2209 2185 2232 rc,-
2196 2208 2309 2237 alfwius,
2318 2207 2387 2242 quale
2400 2205 2433 2239 Ψ
2449 2210 2474 2238 «μ,

278 2252 310 2279 L.
325 2251 416 2277 Flacco
447 2250 504 2276 Cic.
519 2257 568 2284 pro
582 2245 674 2275 Flacco
688 2255 706 2274 1.
765 2245 881 2272 Adiutor
899 2253 1013 2280 operum
1028 2243 1211 2280 principalium
1223 2239 1292 2279 Vell.
1307 2248 1334 2272 2,
1388 2241 1563 2268 pedamentum
1575 2244 1653 2271 vitis,
1674 2247 1718 2266 aut
1733 2242 1807 2275 palus
1821 2241 1968 2276 arbusculae.
2006 2242 2062 2268 Cic.
2077 2241 2110 2268 de
2124 2242 2187 2268 Nat.
2201 2242 2282 2268 Deor.
2297 2251 2323 2274 2,
2341 2250 2387 2268 120
2409 2251 2430 2267 c.
2452 2253 2467 2263 u·

281 2295 339 2320 104.
377 2285 559 2312 Consiliorum
571 2283 693 2310 minister
706 2288 732 2309 et
744 2281 852 2308 adiutor
866 2280 941 2314 1d.2,
956 2289 1010 2314 129.
1041 2279 1117 2306 Tiro
1131 2277 1244 2304 libertus
1257 2276 1333 2315 Cicej
1387 2285 1420 2312 37
1441 2278 1497 2303 Iam
1510 2285 1576 2303 vero
1589 2277 1658 2302 vites
1676 2275 1708 2302 fic
1727 2276 1861 2302 clauiculis
1880 2276 2040 2304 adminicula
2060 2284 2184 2312 tanquam
2204 2277 2325 2304 manibus
2343 2285 2434 2311 appre-
2451 2281 2455 2295 '

279 2323 370 2355 tonis,
385 2321 545 2356 adiutorque
565 2321 593 2346 in
608 2319 694 2346 literis
707 2318 857 2344 studiorum
876 2317 933 2344 eius
953 2316 1006 2343 fuit
1019 2315 1089 2342 Geli.
1107 2323 1143 2347 13,
1155 2322 1183 2347 9.
1221 2312 1334 2339 oratori
1346 2312 1518 2340 60hendunt.
1555 2312 1611 2339 Cic.
1626 2311 1658 2338 de
1673 2311 1772 2338 Sene&
1788 2320 1814 2344 53
1835 2310 2065 2339 Adminiculorum
2077 2313 2201 2345 ordines,
2215 2313 2329 2347 capitum
2341 2312 2434 2339 coniu.

280 2357 475 2394 Pragmatieum
495 2356 646 2383 adiutorem
666 2355 729 2382 dare
746 2354 803 2381 Cic.
824 2352 857 2380 de
869 2354 944 2380 Orat.
959 2361 986 2385 1,
998 2360 1055 2385 253.
1089 2351 1241 2378 Mimorum
1260 2350 1335 2374 etiam
1387 2349 1477 2385 gasto,
1496 2348 1637 2383 religatio,
1656 2348 1812 2383 propagatio
1831 2347 1930 2375 vitium
1948 2348 2201 2383 sarmentorumque.
2244 2347 2304 2374 Col.
2317 2358 2346 2382 4,
2361 2355 2400 2380 33,
2414 2355 2434 2382 4

279 2394 415 2422 adiutores
427 2400 516 2426 erant,
531 2392 559 2419 de
574 2392 662 2428 quihus
683 2390 760 2417 Faber
781 2396 805 2416 et
841 2389 969 2425 raeftrtim
986 2387 1083 2415 Gudius
1101 2386 1136 2413 ad
1149 2384 1258 2412 Phaedr.
1274 2391 1297 2417 ς,
1310 2391 1333 2416 ς.
1390 2384 1472 2419 Quod
1485 2393 1565 2419 genus
1578 2383 1657 2410 fiffilis
1668 2383 1825 2410 adminiculi
1839 2389 1927 2410 manet
1940 2383 2048 2415 diutius,
2062 2393 2142 2419 quam
2161 2391 2229 2411 teres
2245 2384 2328 2418 palus.
2366 2385 2398 2410 Et
2409 2390 2432 2417 ς,
2463 2391 2467 2405 ⁵

280 2432 344 2459 Item
364 2433 402 2456 ita
422 2429 575 2456 vocabantur
597 2426 801 2462 Hypodidascali
847 2425 987 2457 hetorum,
1006 2423 1035 2450 de
1053 2422 1141 2460 quibus
1161 2420 1294 2455 Quinctil.
1308 2428 1335 2451 2,
1390 2429 1413 2455 ς,
1429 2426 1442 2451 8
1463 2420 1522 2447 Nisi
1537 2419 1727 2446 adminiculum
1743 2426 1848 2446 tenerae
1861 2420 1914 2446 viti
1925 2426 2004 2455 atque
2017 2419 2139 2449 infirmae
2160 2420 2354 2452 contribueris,
2373 2427 2472 2454 pro-nasi

282 2473 305 2500 ς,
318 2474 339 2498 3.
377 2464 447 2492 Add.
462 2465 569 2492 Sueton.
583 2463 615 2490 de
629 2464 675 2489 Gr.
691 2471 720 2489 10
740 2461 830 2488 vbide
839 2461 918 2487 Ateio
932 2460 1082 2494 Philologo.
1192 2456 1213 2492 Ἳ
1233 2465 1250 2484 2
1271 2456 1335 2483 Sunt
1388 2466 1481 2492 repens
1501 2455 1638 2493 pampinus
1656 2461 1741 2482 terrae
1759 2457 1784 2482 se
1804 2455 1955 2490 applicabit.
2000 2457 2093 2491 Itaque
2113 2455 2198 2491 polito
2217 2455 2311 2482 semini
2329 2453 2474 2485 arundom

281 2505 348 2528 inter
369 2499 538 2538 Magistratus
558 2500 701 2526 Adiutores
720 2498 750 2524 in
770 2496 992 2531 Inscriptionibus
1011 2494 1146 2530 antiquis,
1165 2499 1220 2520 tum
1234 2491 1332 2527 fimpli·
1349 2496 1380 2528 65
1389 2492 1549 2525 adnee‘dtur,
1564 2501 1630 2527 quae
1641 2491 1714 2518 velut
1728 2492 1868 2518 infantiam
1883 2491 1940 2518 eius
1949 2497 2055 2518 tueatur
2067 2498 2145 2526 atque
2158 2491 2258 2518 educet.
2374 2488 2395 2533 ff
2410 2491 2468 2524 {lis

282 2539 360 2566 citer,
387 2546 411 2562 υ.
431 2546 457 2574 g.
474 2537 550 2563 Grut.
567 2545 633 2569 403,
647 2543 669 2568 ς.
716 2535 781 2560 Tum
807 2531 895 2560 Tiuir.
916 2538 979 2568 387,
999 2541 1026 2566 4.
1073 2532 1108 2558 It.
1125 2530 1200 2557 datus
1214 2527 1336 2555 Praetori
1389 2529 1604 2561 Adminiculum,
1619 2527 1807 2558 Adiumentum‚
1822 2529 1950 2553 auxilium.
1987 2528 2064 2554 Varr.
2078 2527 2109 2554 R.
2126 2528 2156 2554 R.
2171 2536 2196 2560 1,
2209 2535 2248 2562 17,
2264 2535 2274 2553 1
2296 2526 2352 2553 Alii
2365 2522 2407 2554 di'
2433 2528 2437 2550 'r
2454 2526 2470 2552 ’.

283 2572 427 2606 peregrino
441 2580 499 2604 399,
514 2574 539 2598 6·
577 2570 707 2598 Praefetffi
721 2578 841 2596 annonae
860 2571 927 2601 622,
941 2577 962 2601 3-
1005 2569 1080 2595 Proc-
1095 2566 1192 2593 summi
1213 2563 1336 2598 chOragii
1391 2565 1457 2592 dunt
1469 2565 1497 2591 in
1510 2564 1572 2591 duas
1584 2570 1684 2599 partes,
1698 2563 1727 2589 in
1741 2562 1878 2595 homines,
1893 2569 1918 2589 et
1931 2562 2093 2589 adminicula
2107 2562 2258 2595 hominum,
2271 2562 2324 2589 sine
2336 2562 2413 2601 quib,
2454 2573 2466 2585 ἰ

284 2616 363 2641 35ι,3.
383 2608 470 2633 Procc.
483 2607 599 2633 ciuitatis
614 2608 747 2633 Senonum
760 2613 813 2640 371,
827 2610 849 2636 8.
887 2603 1002 2631 Vrbicus
1018 2606 1059 2636 63,
1073 2608 1096 2633 8.
1109 2601 1187 2638 Apud
1198 2599 1335 2634 Reitzefium
1390 2601 1469 2629 rebus
1491 2601 1577 2628 colere
1594 2608 1647 2626 non
1663 2599 1774 2634 possunt.
1819 2600 1876 2625 Cic.
1893 2598 1945 2625 Off.
1960 2607 1988 2631 3,
2008 2607 2041 2633 34
2062 2608 2082 2624 c.
2098 2606 2115 2633 7
2135 2600 2208 2626 Hanc
2228 2599 2312 2633 igitur
2331 2607 2378 2633 par

284 2653 357 2674 vero,
376 2643 491 2669 Adiutor
507 2643 651 2669 Ducenarii
663 2651 679 2668 a
691 2641 808 2668 censibus
828 2640 989 2675 accipiendis
1004 2644 1027 2672 8,
1041 2647 1081 2672 39.
1118 2637 1262 2665 Adiutores
1280 2644 1335 2662 ma-
1389 2637 1511 2665 reliftam
1523 2635 1693 2670 explebimus,
1703 2634 1800 2661 nullius
1814 2634 1992 2666 adminiculis,
2001 2634 2045 2661 sed
2058 2638 2098 2665 (vt
2112 2634 2222 2666 dicitur)
2236 2636 2322 2661 Marte
2334 2643 2352 2660 n
2454 2642 2471 2657 «J

305 2679 362 2705 istri
377 2679 526 2705 Memoriae
547 2680 563 2704 6
572 2698 579 2710 ,
601 2686 646 2711 40.
689 2676 804 2703 Adiutor
816 2678 849 2703 V.
864 2678 902 2702 M.
923 2675 1078 2710 Qiaestoris
1098 2676 1125 2707 6,
1140 2682 1185 2707 40.
1223 2674 1254 2699 Et
1268 2675 1336 2698 inter
1345 2680 1380 2708 70
1390 2674 1494 2700 Natura
1505 2671 1652 2698 solitarium
1664 2669 1732 2696 nihil
1746 2677 1831 2703 amat,
1847 2672 2002 2705 semperque
2015 2669 2048 2696 ad
2061 2670 2172 2705 aliquod
2185 2677 2310 2705 tanquam
2321 2669 2354 2697 ad
2384 2670 2390 2676 '
2407 2703 2410 2706 .
2452 2672 2474 2708 J!

284 2688 394 2742 {omines
406 2716 531 2741 militares
545 2713 660 2740 Adiutor
672 2711 808 2739 Cornicul.
822 2715 876 2744 561,
891 2720 922 2738 ιι.
959 2713 1032 2738 Prae.
1074 2712 1134 2744 526,
1147 2719 1173 2743 9.
1211 2707 1337 2735 Tribuni
1390 2709 1479 2736 culum
1493 2707 1622 2734 adnititur
1633 2707 1689 2734 Cic.
1701 2706 1734 2732 de
1747 2707 1832 2733 Amic.
1852 2716 1873 2732 c.
1886 2715 1926 2738 23.

284 2760 347 2784 431,
361 2759 386 2783 9.
431 2751 462 2776 Et
476 2752 503 2775 in
525 2748 676 2782 Remesiana
695 2747 811 2774 Adiutor
829 2747 913 2773 Praef.
931 2747 1059 2773 Annonae
1074 2752 1104 2779 8,
1125 2751 1167 2780 78.
1191 2744 1335 2771 Adiutores
1425 2750 1508 2771 ADM
1519 2741 1701 2774 1N1cx³Lo,
1716 2747 1768 2768 zre.
1789 2742 1924 2778 [xoefaxbu
1975 2741 2176 2768 Adminiculum
2189 2741 2326 2775 adhibere,
2339 2740 2378 2768 ful
2400 2744 2428 2777 ιζ
2440 2743 2455 2771 Ι,

284 2786 468 2814 Procuratoris
488 2785 616 2811 Cohortis
637 2786 669 2816 6,
694 2792 739 2816 131.
789 2784 901 2818 Denique
919 2785 986 2808 inter
1004 2780 1086 2816 officia
1106 2781 1191 2808 domus
1209 2777 1337 2816 Augustae
1393 2779 1557 2806 adminiculo
1577 2778 1705 2806 Columel.
1719 2778 1855 2805 deArbor.
1864 2781 1901 2805 16.
1969 2786 2013 2804 um
2026 2777 2133 2804 demum
2146 2777 2216 2804 circa
2226 2777 2352 2804 Calendas
2469 2778 2474 2799 -⁴

288 2822 404 2851 Adiutor
417 2830 432 2847 a
444 2820 543 2847 libellis
558 2826 619 2854 587,
629 2827 656 2854 7,
671 2824 693 2849 8.
714 2828 728 2846 a
739 2818 891 2846 rationibus
904 2822 954 2850 318,
962 2824 983 2850 ς.
992 2816 1189 2851 procurationis
1197 2823 1337 2842 ornamen-
1389 2816 1439 2842 tias
1453 2815 1535 2842 vitem
1549 2815 1580 2842 de
1593 2815 1734 2842 seminario
1754 2823 1787 2840 ne
1805 2814 1939 2840 minorem
1960 2813 2069 2848 quidem
2087 2813 2176 2840 decem
2197 2813 2293 2848 pedum
2314 2813 2419 2841 sterni

288 2863 379 2886 torum
393 2865 452 2892 579.
466 2865 503 2884 10.
545 2855 760 2882 Tabulariorum
780 2863 837 2887 114,
857 2861 869 2885 3
892 2859 936 2879 etc.
981 2852 1126 2879 Vicefimae
1145 2850 1336 2878 hereditatium
1349 2865 1380 2892 75
1391 2857 1417 2878 et
1433 2851 1637 2884 adminiculato,
1654 2849 1798 2885 arborique
1814 2850 1928 2884 iungito.
1963 2849 2030 2876 Plin.
2045 2858 2090 2882 14,
2105 2856 2114 2876 1
2134 2850 2152 2875 s.
2168 2858 2182 2882 3
2202 2849 2315 2876 Eaedem
2333 2857 2388 2876 mo·
2409 2877 2412 2885 ⁴

285 2902 345 2929 590,
359 2902 395 2920 10.
432 2894 464 2919 Et
475 2891 542 2927 apud
555 2891 649 2927 Reinqs.
659 2890 773 2917 Adiutor
786 2888 967 2916 Procuratoris
974 2887 1103 2922 Corporis
1110 2887 1193 2913 totius
1207 2885 1336 2913 cohortis.
1391 2887 1509 2914 hominis
1522 2886 1661 2914 altitudine
1673 2886 1876 2913 adminiculatae
1890 2885 1997 2913 sudibus
2010 2885 2128 2915 horrent,
2136 2884 2165 2911 de
2176 2885 2283 2912 Vitibus.

288 2931 329 2958 Sic
342 2929 458 2956 Adiutor
476 2926 597 2962 Magistri
615 2927 694 2952 intell.
709 2925 899 2952 Admissionum
919 2922 952 2957 ‹st
971 2922 1081 2950 Caffiod.
1094 2924 1158 2949 Var.
1174 2924 1201 2953 6,
1214 2924 1231 2948 6
1258 2923 1338 2948 Com·
1393 2923 1607 2956 Adminiculare,
1620 2931 1668 2959 pro
1676 2923 1779 2950 iuuare.
1814 2922 1943 2949 Varronis
1958 2922 2035 2953 Cato,
2048 2920 2101 2947 s1ue
2115 2920 2146 2947 de
2158 2920 2264 2948 Liberis
2276 2920 2407 2955 Educan„

289 2963 468 2993 mentarienfis
487 2963 505 2989 l.
526 2962 557 2990 ad
575 2963 724 2989 Comment.
758 2962 787 2988 C.
803 2960 835 2987 de
849 2960 911 2987 cust.
926 2968 997 2987 reor.
1034 2958 1151 2986 Adiutor
1163 2956 1255 2984 Officii
1268 2957 1338 2984 Pala·
1393 2958 1475 2992 Quod
1488 2958 1589 2993 petisti,
1609 2964 1638 2986 vt
1651 2959 1706 2985 eius
1719 2957 1883 2984 educationis
1898 2957 1989 2984 fierem
2003 2957 2054 2984 tibi
2068 2957 2169 2990 socius,
2183 2956 2271 2992 quoad
2284 2957 2377 2992 potui,
2408 2972 2412 2986 ·.
2434 2964 2457 2991 χ

288 3001 340 3029 tini
355 3001 373 3027 l.
389 3008 417 3035 17
439 3005 465 3026 et
484 3008 527 3025 20.
554 2999 584 3025 C.
599 2997 709 3025 Theod.
725 2997 757 3024 de
769 2996 822 3024 Pal.
842 2997 890 3022 sac.
905 2995 970 3029 larg.
1007 2997 1081 3022 Alios
1095 2993 1267 3030 suppeditabit
1281 2993 1339 3020 No·
1393 2994 1551 3021 miniculaui
1569 3000 1642 3022 tuam
1656 2994 1818 3022 voluntatem
1838 2992 1985 3020 scribendo.
2022 2993 2129 3020 Nonius
2143 3001 2175 3025 2,
2188 3001 2232 3028 72.
2267 2993 2304 3019 Ex
2318 2993 2401 3028 lege'3
2430 2992 2442 3005 ‘¹

289 3038 349 3064 titia
361 3036 522 3071 dignitatum
537 3034 656 3069 Imperii.
694 3033 792 3060 Eosdem
810 3039 834 3058 et
842 3033 932 3067 plures
944 3031 1053 3058 Notitia
1061 3030 1228 3065 Dignitatum
1244 3028 1340 3056 Codici
1350 3039 1382 3064 80
1392 3030 1551 3057 commoniti
1565 3037 1590 3057 et
1604 3030 1784 3058 adminiculati
1798 3031 1885 3057 sumus
1899 3029 1966 3056 Gell.
1983 3037 2024 3062 14,
2038 3037 2062 3055 2.
2099 3029 2140 3055 Ad
2152 3028 2346 3056 beatitudinem
2359 3026 2399 3056 ad'
2408 3027 2417 3060 f,
2434 3056 2440 3062 ,
2452 3036 2453 3039 ’

289 3071 481 3100 Theodosiano
494 3081 509 3098 a
523 3071 574 3097 Iac.
592 3069 744 3106 Gothofredo
756 3067 946 3099 accommodata,
959 3076 1019 3104 quae
1031 3066 1128 3103 quidem
1140 3063 1221 3099 irfiar
1233 3068 1339 3091 omnium
1392 3075 1488 3093 vamur
1505 3072 1530 3092 et
1544 3065 1762 3094 adminiculamur
1779 3066 1918 3101 Augustim
1930 3065 1961 3092 de
1974 3064 2066 3091 Doetr,
2082 3064 2179 3098 Christ,
2196 3073 2205 3091 1
2214 3085 2223 3097 ‚
2238 3073 2260 3096 3.

288 3110 330 3144 effe
341 3106 430 3144 potest.
1430 3109 1451 3129 A
1460 3109 1479 3129 D
1488 3109 1512 3128 M
1522 3109 1531 3129 1
1541 3110 1562 3129 N
1572 3109 1605 3130 ic
1615 3109 1732 3139 vtes,
1753 3102 1819 3137 Dep.
1845 3099 2012 3137 [χαρακίζω]
2033 3109 2082 3136 pro
2096 3099 2199 3127 eodem.
2224 3101 2280 3127 Cic.
2296 3099 2328 3126 de
2340 3099 2398 3128 Fln.
2426 3115 2438 3134 ς
2450 3104 2468 3134 „j

329 3151 350 3170 Α
360 3150 457 3170 n1VT
467 3148 596 3170 ORIVM
607 3161 616 3174 ,
639 3140 670 3167 ii·
697 3148 723 3166 n·
758 3139 895 3172 [βῡῆθεια,
921 3136 1068 3172 οἷντίληῷις]
1111 3136 1275 3164 Adiumento
1294 3136 1338 3163 seu
1391 3146 1422 3171 39
1443 3147 1464 3165 c.
1480 3147 1518 3172 14.
1549 3139 1623 3173 Qiae
1637 3139 1667 3166 fit
1685 3138 1793 3165 scientia
1807 3143 1885 3173 atque
1904 3145 1945 3164 ars
1957 3135 2152 3171 agricolarum,
2169 3145 2237 3172 quae
2251 3135 2385 3162 circumci
2425 3134 2452 3169 ζ’,

294 3178 411 3205 Auxilio.
454 3178 556 3205 Asinius
570 3176 657 3204 Pollio
674 3174 741 3211 apud
759 3176 828 3201 Suet.
849 3175 881 3201 de
901 3174 973 3202 Clar.
988 3174 1134 3201 Grammat.
1155 3181 1208 3208 cap.
1225 3181 1262 3199 10.
1305 3173 1336 3199 In
1389 3179 1522 3209 amputet,
1537 3176 1636 3209 erigat,
1650 3173 1774 3208 extollat,
1786 3173 1999 3200 adminiculetur.
2042 3171 2174 3199 Columel.
2185 3181 2214 3206 4,
2224 3174 2267 3204 26,
2282 3181 2291 3198 1
2312 3171 2362 3198 His
2374 3178 2390 3207 p
2438 3171 2459 3203 ¹„

293 3223 350 3240 cam
364 3222 420 3239 rem
433 3214 598 3240 adiutorium
611 3213 637 3239 ei
652 3212 716 3238 fecit
731 3210 846 3237 maxime
862 3210 970 3245 quidam
978 3210 1086 3243 Ateius,
1100 3208 1243 3236 i.Adiuuit.
1281 3207 1333 3235 Ad·
1346 3217 1375 3247 85·
1388 3210 1469 3242 affls,
1489 3210 1607 3245 sequitur
1626 3215 1673 3244 (vt
1692 3216 1752 3237 ante
1769 3209 1902 3242 diximus)
1921 3207 2167 3241 adminiculandae,
2194 3207 2377 3243 iugandaeque

296 3249 427 3277 iutorium
449 3248 559 3275 deorum
579 3247 773 3275 immortalium
791 3247 880 3273 Valer.
898 3247 968 3272 Max.
985 3255 1010 3278 2,
1024 3253 1041 3281 7
1062 3250 1114 3273 ext.
1130 3254 1138 3272 1
1158 3244 1236 3279 Legis
1255 3243 1292 3271 id.
1307 3252 1333 3278 2,
1384 3255 1449 3273 neae
1466 3254 1538 3273 cura.
2385 3251 2387 3254 ·
2402 3272 2406 3275 ,
2468 3247 2470 3250 ’

294 3290 318 3318 8,
335 3293 354 3311 1.
391 3285 448 3310 sen.
464 3284 542 3318 Epist.
559 3293 582 3316 31
604 3284 682 3311 Nihil
701 3282 815 3310 calidum
829 3282 865 3309 est
879 3281 931 3308 fine
943 3281 1079 3308 adiutorio
1094 3281 1173 3317 igniS.
1209 3282 1240 3308 In
1260 3279 1334 3308 adiu·
1424 3289 1445 3309 Α
1455 3289 1474 3309 D
1484 3282 1788 3314 ΜιΝῙονιᾹΤνε,
1807 3280 1901 3307 Partic.
1923 3279 2108 3320 [χαρακωτδς]
2130 3277 2198 3306 Gell.
2212 3277 2297 3304 Praef.
2307 3278 2338 3305 L.
2349 3286 2359 3305 1
2387 3287 2389 3289 ’
2407 3290 2410 3306 1
2444 3298 2454 3316 Ι,

293 3321 394 3348 torium
409 3320 465 3346 eius
477 3319 541 3346 belli
555 3319 673 3346 trahebat
688 3327 807 3354 magnam
820 3327 928 3345 manum
942 3317 1010 3344 Vell.
1023 3326 1109 3351 2,112‚
1124 3327 1151 3352 4.
1187 3316 1334 3343 Adiutorio
1388 3317 1494 3352 ingenia
1501 3317 1642 3345 hominum
1656 3317 1808 3353 vegetiora,
1828 3323 1873 3343 aut
1887 3315 2018 3343 memoria
2032 3313 2264 3346 adminiculatior,
2284 3320 2330 3340 aut
2424 3345 2427 3350 .
2449 3347 2453 3350 ι

294 3356 388 3384 calami
401 3353 505 3382 adnetffi
521 3354 597 3381 debet
612 3356 671 3382 Pall.
681 3356 758 3382 Mart.
774 3364 794 3388 1,
808 3363 830 3389 3.
850 3357 868 3380 i.
881 3355 975 3380 calamo
987 3353 1163 3390 adiuuantise.
1188 3352 1334 3379 Adiutorio
1387 3353 1519 3380 solertior.
1563 3354 1637 3391 Conf.
1649 3352 1770 3381 Macrob.
1783 3353 1834 3379 Sat.
1850 3361 1860 3379 i
1874 3360 1995 3387 prooem.
2051 3351 2118 3378 Plin.
2133 3358 2180 3383 14,
2199 3357 2212 3376 1
2231 3349 2305 3376 Vites
2319 3348 2401 3376 adm¹¹

295 3392 362 3420 iuris
376 3391 447 3419 elabi
466 3399 498 3417 ex
517 3390 629 3416 erimine
643 3391 773 3424 Quinctil.
787 3399 809 3424 3,
825 3391 851 3423 6,
864 3395 901 3422 83.
935 3388 1003 3416 Add.
1025 3398 1055 3422 3,
1075 3399 1107 3423 9,
1127 3399 1154 3430 4.
1192 3388 1335 3415 Adiutoria
1343 3397 1377 3423 90
1386 3389 1486 3416 eulatae
1501 3388 1617 3416 sudibus.

294 3426 435 3455 senectutis
448 3426 578 3453 Columel.
595 3434 622 3453 12
643 3436 682 3460 pr.
698 3436 704 3452 1
716 3427 790 3463 forte
802 3436 831 3453 ex
844 3426 965 3453 Cicerone.
1002 3424 1084 3460 Egere
1097 3424 1234 3452 adiutorio
1249 3424 1335 3458 Quin·
1425 3432 1444 3451 Λ
1455 3431 1474 3451 D
1483 3431 1602 3453 M1N1c
1611 3433 1632 3452 v
1641 3424 1689 3452 LK
1697 3430 1719 3451 'r
1729 3430 1748 3451 o
1758 3429 1777 3451 R
1787 3443 1795 3456 ,
1815 3423 1880 3450 oris.
1907 3432 1944 3450 m.
1982 3421 2050 3449 Gell.
2063 3425 2093 3452 8,
2110 3427 2125 3452 3
2152 3419 2262 3446 Tirone
2277 3420 2373 3447 Cicero
2390 3418 2416 3455 ’ζ’

296 3464 353 3491 ffll.
368 3472 389 3496 1,
405 3467 445 3493 28.
482 3462 529 3488 Vti
547 3460 688 3488 adiutoriis
704 3462 776 3489 Idem
791 3471 828 3496 12,
842 3471 881 3494 io,
894 3468 937 3496 43.
1388 3460 1576 3487 miniculatore
1589 3458 1692 3496 etqual‘i
1705 3459 1859 3486 administro
1875 3459 1934 3485 vsus
1946 3457 1995 3485 est..
2406 3462 2408 3465 ’

334 3507 355 3527 Λ
365 3500 461 3526 υιῡτ
472 3503 489 3525 r<
500 3505 507 3524 ι
518 3505 553 3529 x,
574 3497 628 3524 icis.
656 3496 868 3533 [συμπροέκτρια]
909 3497 978 3524 Ter.
993 3496 1059 3522 Hec.
1076 3494 1143 3529 prol.
1157 3503 1188 3527 32
1209 3493 1334 3522 Adiutrix
1424 3503 1556 3523 ADMIN
1566 3499 1819 3524 1CVLATOR1V
1829 3503 1858 3528 s,
1882 3503 1914 3527 a,
1945 3503 2000 3530 um.
2035 3488 2142 3519 Cathol.
2274 3525 2280 3531 ⁸
2303 3525 2309 3531 ⁶
2408 3519 2410 3522 ,
2462 3511 2467 3519 ,

297 3534 400 3562 nostrae
414 3533 565 3561 industriae.
602 3533 642 3560 sic
656 3533 778 3560 Adiutrix
794 3534 920 3560 scelerum
933 3538 1041 3559 tuorum
1056 3532 1168 3558 Mell'ana
1188 3530 1244 3557 Cic.
1258 3532 1335 3557 Verr.
1427 3538 1448 3559 A
1458 3538 1476 3558 D
1486 3538 1511 3558 M
1521 3539 1562 3558 ΙΝ
1571 3539 1579 3559 1
1588 3539 1630 3559 S'r
1639 3538 1684 3559 ER
1693 3550 1703 3564 ,
1722 3531 1767 3558 tri.
1787 3540 1822 3557 m.
1856 3529 1990 3565 [dai-alnam,
2008 3525 2144 3560 ὖκηρέτης]
2180 3525 2232 3562 Qu*
2242 3525 2374 3552 mmistrat
2389 3539 2399 3545 ι·
2424 3546 2427 3549 .
2463 3529 2466 3534 “

298 3579 326 3604 4,
340 3578 377 3605 17.
414 3571 444 3596 Et
465 3570 493 3596 in
507 3568 599 3596 Laeli..
612 3576 641 3601 91
656 3569 798 3596 Affentatio
807 3589 815 3602 ,
829 3569 959 3596 vitiorum
971 3567 1098 3594 adiutrix.
1136 3565 1183 3594 Sed
1194 3575 1242 3601 pro
1257 3566 1335 3593 Dom.
1347 3571 1378 3597 9⁵
1390 3570 1461 3594 iuuat
1472 3567 1506 3594 ad
1512 3567 1688 3603 perficiendum
1700 3566 1805 3603 aliquid.
1842 3567 1899 3593 Cic.
1912 3568 1964 3600 pro*
1974 3562 2115 3590 Sex.Rosc.
2129 3567 2166 3596 77
2185 3562 2257 3589 Vnus
2272 3570 2336 3597 puer
2343 3561 2388 3588 vi
2404 3567 2414 3580 u
2456 3569 2467 3581 ε

298 3614 347 3638 144
364 3606 464 3641 Tuque
479 3605 616 3637 Minerua,
636 3612 703 3638 quae
717 3605 816 3639 semper
832 3605 948 3632 adiutrix
967 3603 1138 3630 consiliorum
1158 3611 1280 3629 meorum
1294 3611 1337 3629 ex·
1390 3602 1542 3638 quotidiani
1554 3602 1722 3636 administer,
1740 3610 1772 3629 ex
1786 3608 1857 3630 tanta
1869 3598 1972 3629 familia
1984 3597 2063 3624 Sexto
2076 3597 2174 3624 Roscio
2186 3597 2295 3624 relicius
2308 3605 2362 3623 non
2385 3598 2404 3615 «ί
2428 3603 2430 3606 ’

298 3640 396 3669 stitisti.
432 3641 470 3668 ld.
486 3649 535 3676 pro
551 3640 657 3667 Plancio
672 3647 681 3665 1
701 3640 776 3673 Quae
793 3649 834 3666 res
848 3642 896 3668 Cn.
911 3639 1016 3668 Plancio
1036 3639 1065 3665 in
1079 3638 1209 3673 petitione
1228 3638 1280 3664 fuit
1293 3637 1336 3665 ad·
1391 3639 1464 3665 Caes.
1479 3639 1507 3664 B.
1522 3639 1554 3665 G.
1568 3642 1600 3672 6,
1621 3641 1649 3666 16
1689 3637 1859 3666 Administris
1879 3635 1912 3662 ad
1933 3642 1965 3660 ea
1986 3633 2114 3660 sacrificia
2137 3632 2283 3660 Druidibus
2309 3637 2374 3659 vtun
2401 3636 2426 3656 1²1

299 3676 392 3703 iutrix.
429 3678 459 3703 Et
472 3677 546 3711 Top.
563 3684 594 3710 93
611 3675 701 3702 Danda
717 3675 753 3701 est
766 3675 848 3710 igitur
862 3685 957 3711 opera,
976 3681 1004 3702 vt
1019 3674 1105 3710 legem
1123 3673 1280 3701 adiutricem
1292 3673 1336 3700 ad·
1391 3675 1446 3700 Cic.
1461 3675 1537 3700 Verr.
1551 3683 1577 3707 2,
1591 3677 1626 3708 69
1644 3683 1668 3701 c.
1683 3679 1714 3705 28
1735 3675 1834 3701 Rerum
1847 3668 2000 3699 huiusmodi
2013 3669 2136 3695 omnium
2148 3668 2294 3695 ‘ransflfior
2306 3673 2332 3694 ct
2345 3675 2360 3708 ξ
2381 3701 2387 3706 ,
2429 3674 2433 3703 ἶ

300 3710 445 3739 hibcamus.
482 3713 606 3739 Adiutrix
620 3711 691 3746 legio
703 3711 794 3738 Tacit.
810 3711 844 3737 H.
858 3720 884 3744 2,
898 3721 931 3745 43
952 3718 978 3739 et
989 3719 1013 3744 3,
1027 3720 1074 3745 44.
1113 3711 1146 3737 It.
1160 3709 1179 3736 l.
1194 3709 1242 3736 vlt.
1256 3710 1288 3736 C.
1302 3709 1336 3736 de
1392 3709 1488 3742 nister,
1510 3709 1541 3736 ad
1557 3711 1696 3746 Sopatrum
1708 3710 1792 3737 venit.
1828 3708 1858 3734 Et
1872 3708 1915 3739 136
1929 3704 2120 3732 Timarchides
2136 3703 2290 3730 administer
2301 3701 2403 3741 cupid-1,

301 3747 386 3782 stipat.
402 3747 527 3774 praefeci.
541 3749 624 3775 Praet.
639 3747 687 3774 lib.
703 3754 738 3773 12.
778 3748 857 3772 Etiam
871 3751 961 3774 mentio
978 3748 1047 3774 illius
1059 3745 1187 3782 Spartian.
1200 3743 1450 3773 Hadrianomotum
1464 3746 1563 3772 Verris.
1599 3745 1762 3773 Administer
1773 3742 1906 3774 audaciae,
1919 3739 2052 3773 libidinis,
2064 3739 2238 3774 cupiditatum
2250 3738 2360 3766 alicuius
2370 3736 2392 3764 C
2407 3773 2410 3775 Β
2426 3762 2429 3770 ,

300 3792 355 3818 cap.
370 3790 386 3809 2
409 3781 483 3817 quue
494 3787 600 3810 nominis
612 3783 730 3818 primae,
745 3781 870 3808 secundae
885 3788 910 3808 et
923 3783 1018 3810 tertiae
1033 3781 1183 3818 legionibus
1191 3780 1340 3817 frequenter
1393 3780 1422 3808 in
1437 3781 1516 3809 Catil.
1532 3790 1553 3814 1,
1565 3791 1584 3817 4
1604 3792 1626 3809 c.
1638 3791 1661 3815 3.
1699 3777 1853 3808 Administri
1866 3783 1892 3804 et
1904 3776 2027 3804 satellites
2039 3776 2096 3802 Sex.
2104 3775 2205 3802 Naeuii
2219 3775 2276 3801 Cic.
2288 3763 2431 3810 prmo-1¹33·l

2462 3757 2468 3765 μ

301 3818 462 3845 vindicatum.
498 3819 550 3844 vid.
572 3820 628 3846 lud.
643 3820 700 3846 Rer.
715 3819 798 3845 Milit.
813 3817 931 3858 1²²?''1'Rs-
947 3820 1058 3845 Gruteri.
1082 3818 1150 3845 Ter.
1163 3817 1259 3843 Heaut.
1275 3824 1297 3849 ς,
1310 3823 1337 3849 2,
1394 3817 1434 3844 tio
1449 3822 1490 3847 80.
1614 3816 1636 3860 a
1656 3825 1672 3844 2
1698 3812 1934 3853 Administija-Cie.
1948 3819 1997 3847 pro
2010 3811 2080 3851 Ifege
2092 3810 2186 3851 Manil.
2198 3812 2231 3851 3⁶.
2250 3819 2272 3836 c.
2286 3817 2311 3842 13
2328 3799 2425 3835 ΜιιΙίῧῘε
2442 3804 2464 3839 ‘z'

302 3858 330 3887 38
370 3854 467 3880 Matres
478 3860 569 3879 omncs
583 3855 646 3881 tiliis
659 3855 688 3881 in
700 3859 804 3889 peccato
818 3861 832 3879 a
853 3860 968 3880 iutrices.
1003 3852 1085 3881 Ouid.
1099 3854 1163 3880 Met.
1179 3859 1206 3887 7,
1221 3859 1263 3885 195
1277 3851 1338 3879 Tu·
1394 3853 1452 3879 sunt
1463 3859 1531 3879 artes
1543 3853 1658 3880 eximiae
1677 3850 1755 3878 huius
1773 3848 1942 3876 administrae
1961 3852 2124 3881 comitesque
2137 3851 2254 3873 virtutis.
2292 3846 2393 3883 Nemffi
2443 3847 2451 3876 n

301 3898 352 3924 que
366 3889 463 3915 Hecate
477 3888 587 3922 triceps,
602 3899 668 3924 quae
680 3889 780 3925 coeptis
793 3889 896 3915 conscia
909 3889 1003 3916 nostris
1020 3889 1198 3923 Adiutrixquc
1215 3887 1298 3914 venis.
1391 3897 1419 3914 re
1435 3897 1494 3914 vera
1507 3886 1670 3919 adsebiiuum,
1683 3892 1712 3914 vt
1723 3884 1838 3912 Lumina
1849 3883 1971 3912 ministra
1982 3881 2152 3917 OuidAEpist.
2161 3889 2200 3915 21,
2208 3889 2259 3915 114,
2277 3880 2334 3908 Vna
2347 3886 2374 3905 m
2410 3919 2412 3922 ‚
2442 3877 2451 3911 ’ί

2402 3915 2409 3938 ,
2450 3917 2451 3922 ,

337 3932 358 3952 Α
367 3931 386 3953 n
396 3930 469 3951 ivm
478 3930 494 3950 Ε
504 3930 525 3950 N
534 3930 555 3950 'r
565 3931 584 3950 v
594 3931 635 3957 M,
657 3926 675 3952 i.
701 3935 727 3952 n.
753 3922 912 3960 [βοήθημα]
949 3925 1096 3953 Auxilium.
1130 3924 1187 3952 cic.
1195 3922 1250 3952 Off.
1264 3932 1284 3957 1,
1299 3931 1334 3959 72
1343 3923 1503 3960 105strarum
1515 3923 1596 3952 Ouid.
1611 3924 1676 3952 Met.
1690 3929 1717 3956 9,
1730 3921 1789 3954 306.
2122 3929 2124 3933 ³
2332 3927 2423 3978 Ami,-
2449 3942 2451 3959 e
