2474 4182
2448 0 2459 42 l

313 115 391 162 647
733 116 759 154 B
820 115 851 153 R
914 117 954 155 A
1834 111 1862 151 B
1917 112 1949 150 R
2003 98 2038 152 E
2354 85 2457 171 '64²5

313 200 441 232 Bracem)
463 202 531 235 apud
552 212 600 229 nos
621 203 758 230 Sandalurn
768 223 775 234 ‚
794 203 901 236 (Hard.
923 204 1078 237 Sandalam)
1100 203 1247 231 nitidissimi
1270 202 1353 237 grani.
1419 200 1467 235 qui
1481 206 1567 228 teneat
1579 208 1661 229 artem
1677 210 1852 229 numerorum
1864 210 1892 227 ac
1906 200 2050 227 modorum
2063 202 2073 227 ἕ
2107 202 2142 228 At
2155 202 2183 228 in
2195 201 2271 235 his‚fi
2281 197 2438 237 paullum‘nit

312 236 343 262 Et
364 236 417 262 alia
436 237 585 265 differentia
605 239 655 269 est,
675 238 747 272 quod
766 239 822 265 fere
843 241 978 274 quaternis
996 241 1074 268 libris
1094 241 1150 276 plus
1168 240 1256 267 reddit
1271 239 1355 273 panis,
1420 237 1470 267 do,
1495 236 1622 263 offensum
1635 238 1687 271 est,
1707 244 1736 264 vt
1748 245 1793 265 aut
1808 236 1991 264 contradiione
2006 236 2115 263 breuius
2127 237 2215 269 tieret,
2236 239 2453 276 autprodut‘ltion32

312 280 392 306 quam
406 272 534 300 faraliud.
572 275 696 299 Haecine.
964 306 967 308 q
1421 272 1543 306 longius,
1571 272 1671 299 theatra
1697 280 1752 300 tota
1773 273 1924 300 reclamant.
1960 271 2005 299 Ad
2024 275 2092 298 vitae
2113 272 2275 300 durationem.
2329 273 2455 312 ‘Ciop'rff

350 315 365 334 Β
374 314 394 335 R
403 315 425 335 A
436 316 480 336 xc
490 317 509 335 ιι
520 318 527 335 ι
538 316 558 335 A
567 316 584 334 r.
593 328 599 338 ,
617 316 700 334 arum.
719 309 739 334 f.
776 310 938 346 [ssfuyxlffl]
973 311 1091 338 dicuntur
1103 310 1260 346 myst-ibus,
1269 308 1357 345 ſs—cun.
1424 308 1501 334 Arch.
1517 313 1547 337 28
1561 316 1582 333 c.
1599 316 1620 333 11
1641 308 1714 341 Qid
1728 310 1764 336 est
1778 309 1851 344 quod
1864 310 1892 335 in
1905 308 1954 335 hoc
1968 314 2021 334 tam
2036 307 2134 342 exiguo
2146 308 2215 334 vitae
2228 309 2362 335 curriculo
2375 316 2400 337 et
2407 309 2452 340 taxi

313 343 369 370 dum
387 348 503 371 cerussam
515 344 618 379 fillium
637 353 702 370 more
722 345 820 371 hiantes
832 354 936 381 partes,
953 348 1042 383 quibus
1058 357 1146 384 aquam
1165 347 1232 372 velut
1246 345 1356 370 anhelitu
1379 341 1394 367 5
1422 343 1516 375 breui,
1536 343 1615 369 tantis
1629 351 1676 368 nos
1689 344 1827 372 laboribus
1838 347 2007 371 exerceamus
2021 344 2031 369 3
2101 344 2186 369 Cursu
2204 343 2364 371 breuissimus
2376 346 2459 378 Aliud*

312 379 429 411 reddere,
445 389 474 405 ac
481 387 527 413 ptr
544 382 609 404 uices
622 383 729 414 νει-[μη
744 379 925 413 existimantur.
963 384 1029 410 Plin.
1046 392 1078 416 9,
1099 390 1116 416 7
1137 381 1282 408 Branchiae
1301 389 1356 406 non
1414 379 1515 415 fluuius
1534 378 1616 405 Ouid.
1632 379 1697 404 Met.
1714 388 1753 414 14,
1767 389 1824 414 329.
1896 380 1979 406 Plaut.
1995 380 2077 406 Mei-c.
2092 387 2114 411 3,
2127 387 2151 410 2,
2164 387 2183 412 4
2214 379 2329 412 Decurso
2341 380 2368 406 in
2379 382 2458 418 spatiis

312 415 368 441 sunt
384 415 497 441 balacnis
513 422 559 439 nec
574 414 714 449 delphinis.
769 418 841 444 Haec
860 418 915 447 duo
934 428 1028 453 genera
1049 418 1140 444 tistulis
1156 418 1271 451 spirant,
1289 425 1358 451 quae
1424 415 1506 441 breue
1520 414 1592 449 quod
1605 415 1675 440 vitae
1689 415 1824 450 reliquum
1838 416 1882 443 est.
2081 412 2102 452 fl
2120 423 2136 440 2.
2159 413 2308 441 lam'ordine
2327 416 2465 462 ekmemfflsa

310 450 344 477 ad
359 450 509 484 pulmonem
523 450 662 484 pertinent.
722 453 753 478 Et
767 462 787 479 c.
800 458 825 484 18
839 455 857 480 s.
870 463 898 487 33
920 455 1033 481 Piscium
1049 455 1096 480 alii
1111 452 1249 479 branchias
1266 452 1356 478 multi·
1416 458 1535 486 ponemus
1554 448 1729 483 Substantiua,
1747 451 1811 477 vnde
1830 451 1896 478 illud
1913 450 2060 487 apparebit,
2086 459 2134 476 non
2153 457 2250 476 tantum
2270 451 2353 486 Longo
2368 459 2438 489 oppa„
2454 463 2474 486 *u

312 487 391 521 plicis
405 485 518 518 habent,
539 486 586 512 alii
600 486 743 521 simplices,
760 489 809 515 alii
823 489 948 525 duplices.
986 491 1035 517 His
1054 498 1149 525 aquam
1161 495 1293 523 acceptam
1307 497 1354 514 ore
1416 486 1465 523 sed
1488 489 1625 522 generatim
1647 489 1721 511 etiam
1747 487 1859 523 Magno,
1875 494 1948 523 atquc
1969 487 2033 512 idem
2055 486 2115 512 adeo
2136 487 2234 517 valere,
2260 486 2324 521 quod
2351 463 2474 552 pannis·

311 522 457 549 remittunt.
508 522 630 548 Ambros.
648 524 676 549 in
690 524 818 552 HexaEm.
855 546 862 552 .
901 547 907 552 .
945 546 951 552 .
988 527 1070 552 Pisces
1090 524 1228 551 branchias
1249 523 1356 556 habent,
1375 527 1404 545 10
1424 522 1504 549 Aeno
1526 522 1616 549 breuis
1639 527 1718 557 atque
1740 523 1843 548 concisa
1862 522 1996 556 Qinffll.
2022 524 2048 554 6,
2069 531 2096 556 4.
2169 522 2272 547 Aeuum
2298 520 2376 548 breue
2394 521 2474 559 Hmssl'

310 565 372 590 quas
389 565 456 582 nunc
469 556 598 591 colligunt
612 565 636 585 et
649 559 763 593 plicant,
781 570 849 588 nunc
862 562 995 597 explicant
1010 568 1036 588 et
1053 561 1190 596 aperiunt;
1214 561 1242 586 in
1256 560 1304 586 hac
1318 569 1356 585 er·
1423 559 1504 584 Serui.
1519 566 1545 589 2,
1559 560 1585 589 6,
1599 565 1642 591 97.
1715 558 1819 584 Aeuiun
1837 566 1915 584 omne
1935 558 2017 585 breue
2037 563 2063 584 et
2083 557 2178 591 fragile
2201 557 2268 583 Plin.
2281 557 2371 592 Paneg.
2383 559 2459 594 751¹

308 601 343 626 go
354 591 514 618 collefflone
535 599 560 620 et
576 595 714 628 apertione
733 595 795 622 tium
816 598 957 632 suscipitur
975 606 1058 632 aqua,
1077 604 1103 624 et
1123 597 1313 624 transmittitur
1327 605 1356 622 ac
1423 594 1499 628 Virg.
1512 595 1610 627 Georg.
1624 601 1647 624 3,
1660 597 1692 622 80
1726 607 1772 613 -—
1807 593 1850 620 illi
1864 593 1945 620 ardua
1958 594 2048 621 cervix
2064 604 2070 620 2
2104 594 2288 628 Argutumque
2300 600 2387 627 caput:
2399 594 2453 625 [bn

308 634 441 662 penetrat,
460 629 644 663 respirationis
661 640 755 658 munus
767 632 893 661 videntur
905 633 1025 669 implere.
1081 633 1172 661 Vtitur
1190 634 1218 659 in
1230 631 1356 667 singulari
1421 630 1462 655 Vis
1476 629 1568 655 aluus:
1604 628 1683 655 Obesa
1704 637 1736 654 π
1757 635 1839 664 terga·
1862 629 1963 656 Bsffliss·
1997 633 2117 665 i.parua.
2190 629 2280 654 Annus
2299 629 2365 656 H01'·
2377 630 2447 661 Clu!

307 672 420 690 numero
435 664 511 698 Vulg.
525 666 622 701 Interp.
636 666 712 693 Tob.
725 670 751 701 6,
767 677 794 701 4.
1421 673 1450 696 4,
1464 673 1497 696 13,
1510 673 1552 691 22.
1624 664 1679 690 Oui
1702 684 1708 690 .
1724 665 1804 700 Epist.
1820 670 1855 698 ιε,
1871 672 1919 699 174
1942 665 2016 699 Qid
2029 665 2114 697 mihi,
2133 664 2205 699 quod
2215 666 2281 690 Lato
2294 672 2347 690 non
2359 663 2439 701 sepa&

344 706 446 726 BRAN
458 706 503 726 CH
514 707 565 727 vs.
618 704 698 729 Filius
711 704 851 739 Apollinis,
871 711 942 731 vates
959 704 1068 737 nobilis,
1089 707 1159 731 cuius
1174 706 1263 729 miram
1281 700 1356 734 h1sto-
1376 705 1402 731 ¹5
1421 708 1553 734 aequore,
1586 699 1709 735 prodest}
1780 701 1845 727 Non
1881 701 1969 726 minus
2005 701 2070 727 haec
2106 701 2185 727 nobis
2219 707 2272 726 tam
2298 700 2407 728 Breuis?

305 738 370 761 riam
383 744 414 761 ex
427 737 553 762 Varronis
567 737 681 765 diuinar.
697 749 749 766 rer.
764 740 841 766 libris
852 747 944 767 narrat
955 740 1042 767 Lutat.
1054 740 1085 766 ad
1098 740 1160 766 Stat.
1169 738 1292 769 Theb.8,
1304 742 1354 769 198.
1421 735 1469 761 stat
1482 744 1560 770 aqua.
1621 736 1701 762 Latus
1716 742 1740 762 et
1751 736 1844 763 Breuis
1857 745 1915 772 crgo
1927 743 2107 771 opponuntur.
2170 736 2272 762 Auditu
2286 735 2364 763 breui
2381 739 2422 761 ι”,

305 770 373 798 Αιίά.
389 771 455 798 Idem
469 771 615 806 scholiastes
628 774 658 800 ad
667 775 758 801 Theb.
768 784 860 811 3‚479.
876 777 919 802 vbi
933 777 1020 803 Patrio
1033 776 1149 810 aequalis
1163 773 1261 800 honori
1277 774 1355 799 Bran·
1420 771 1462 797 vis
1474 780 1568 806 magna
1581 771 1720 803 transibat,
1745 772 1832 806 impar
1843 774 1913 798 turis
1926 772 2096 806 grauioribus
2112 772 2204 799 Tacit.
2225 771 2292 798 Hist.
2307 780 2330 804 2,
2342 778 2381 805 59.
2406 773 2426 797 Ρ.
2449 776 2450 780 ’

305 806 368 832 chus
383 807 497 840 ascitur,
515 815 543 834 ut
557 814 580 841 8,
595 815 637 842 198
655 811 751 837 Intonsi
772 812 917 846 penetralia
937 812 1050 838 Branchi
1064 816 1245 840 mmwrantur,
1265 811 1283 835 i.
1298 817 1354 835 ora·
1419 813 1466 842 put
1480 807 1562 834 breue
1579 808 1646 834 Hor.
1663 808 1746 834 Serm.
1761 816 1780 839 1,
1794 816 1820 840 2,
1833 813 1873 840 89.
1893 811 1920 834 in
1928 807 1998 834 laude
2010 811 2074 844 equi.
2125 808 2222 840 Casus,
2238 811 2256 833 i.
2265 807 2352 843 jubita
2448 806 2450 824 ¹¹

302 844 383 869 culum
391 844 653 872 Graeciscelebratum.
690 847 764 872 (mod
1411 842 1451 877 sto
1458 843 1582 879 fortunae
1602 843 1659 869 Sen.
1673 843 1777 870 Troad.
1792 852 1849 878 273.
1919 844 2016 879 Census
2034 845 2101 870 Hor.
2116 843 2205 870 Carni.
2221 852 2249 875 2,
2263 850 2306 876 ις,
2320 850 2353 875 13.
2381 855 2392 878 4.-

341 885 356 904 Β
366 885 384 905 R
394 885 415 905 A
424 885 445 905 N
454 886 471 906 C
481 886 500 906 Η
513 888 520 906 1
535 886 554 905 D
566 888 586 907 A
597 888 612 907 E
622 901 629 912 ,
650 873 875 919 illiiiTJiict-efl‘orcs
888 888 1028 913 tenuerunt,
1040 881 1070 906 de
1083 890 1130 916 quo
1144 880 1216 907 Mela
1231 888 1251 912 1,
1266 887 1294 915 17
1310 886 1352 915 pr.
1373 886 1410 904 αθ
1419 885 1484 914 opes.
1556 879 1641 905 Multa
1664 885 1690 905 et
1707 879 1818 914 opulens
1839 879 1933 905 ciuitas
1955 880 2031 905 Aeuo
2050 879 2153 906 vetusto
2161 900 2170 912 ,
2195 888 2264 905 nune
2284 886 2395 913 egena,¹
2423 874 2442 920 f:

303 914 449 941 Oraculum
470 916 603 949 Apollinis
627 917 727 944 dic‘hnn
751 919 818 944 olim
841 917 1017 948 Branchidae,
1048 926 1116 943 nunc
1143 916 1284 949 Didymei,
1311 916 1353 941 vbi
1420 914 1510 941 breuis
1537 915 1633 941 Auien.
1648 915 1704 942 Ora
1715 915 1807 942 Marit.
1820 924 1846 941 v.
1860 922 1922 949 270.
1941 918 2072 949 ιζρανιια,
2090 919 2159 942 raris
2172 917 2270 941 incolis.
2306 913 2387 942 SicB
2429 911 2431 919 ⁴

301 957 434 986 ’utrumque
446 951 577 986 Apollinis
595 954 718 988 epitheton
737 953 780 987 ‹ffi-
801 955 856 979 vult
871 953 904 988 ij:
919 952 1031 987 ls’qffim,
1050 956 1093 988 qui
1112 959 1135 979 et
1149 951 1308 979 Branchides
1330 958 1354 977 et
1421 950 1486 977 duxi
1501 951 1618 978 securius
1633 960 1727 977 aeuum
1737 970 1744 982 ‚
1762 952 1819 986 Ipsa
1833 956 1911 977 nocet
1924 951 2008 977 moles
2028 951 2120 978 Claud.
2138 952 2165 977 B.
2178 951 2252 977 Gild.
2266 959 2292 977 v.
2306 957 2389 986 107..

303 985 443 1013 Didimeus
457 985 569 1020 Διδιμειὶς
582 988 717 1022 Azfflsfit.
762 988 808 1015 Sed
819 988 885 1014 Plin.
900 996 922 1020 5,
936 996 967 1019 29
987 989 1005 1014 s.
1019 997 1050 1021 30
1069 989 1216 1015 Oraculum
1231 987 1354 1014 Branchi-
1413 987 1478 1023 Jima
1493 988 1590 1013 Romae.
1663 988 1753 1014 Coena
1779 987 1869 1014 breuis
1894 987 1970 1012 iuuat
1998 987 2066 1012 Hor.
2087 987 2166 1021 Epist.
2187 995 2208 1019 1,
2224 995 2263 1020 14,
2277 993 2315 1019 35.
2432 1006 2436 1010 .

302 1021 396 1049 danim
415 1023 592 1058 appellatum,
619 1034 687 1050 nunc
706 1024 841 1050 Didimaei
861 1023 1003 1057 Apollinis.
1075 1025 1201 1050 Caeterum
1227 1027 1255 1050 in
1281 1025 1353 1050 Ionia
1420 1022 1500 1057 Epist.
1517 1031 1543 1054 2,
1558 1031 1598 1055 119
1620 1022 1704 1049 Affuit
1719 1023 1813 1050 Alceto
1827 1021 1955 1049 breuibus
1967 1028 2090 1057 torquata
2103 1022 2229 1049 colubris.
2300 1022 2389 1050 Coma,
2429 1017 2441 1033 Γ

301 1065 404 1094 vterque
428 1061 540 1087 collocat.
581 1060 689 1086 Orat-uli
711 1058 920 1086 Branchidarum
935 1060 1016 1086 etiam
1027 1063 1118 1086 mentio
1131 1061 1219 1087 Amm.
1233 1059 1353 1087 Marcell.
1372 1064 1403 1090 25·
1419 1058 1532 1094 Hippol.
1550 1063 1605 1090 803.
1677 1058 1885 1085 Commendatio
1908 1057 1975 1084 Plin.
1991 1065 2023 1090 11,
2036 1067 2078 1091 42.
2150 1059 2222 1085 Cura
2242 1059 2310 1085 Hor.
2325 1057 2384 1092 Epi
2427 1052 2441 1094 l*

300 1101 345 1127 29,
365 1102 374 1120 1
401 1103 425 1129 p.
446 1097 507 1121 602.
1419 1097 1475 1121 216.
1547 1094 1644 1120 Cursus
1659 1094 1824 1121 breuissimus
1848 1094 1922 1128 Virg.
1935 1094 2001 1121 Aen.
2014 1102 2042 1126 3,
2057 1101 2115 1129 307.
2188 1093 2270 1121 Ouid.
2292 1102 2324 1120 ex
2345 1094 2379 1121 Po
2438 1095 2441 1105 '

338 1136 354 1156 B
363 1137 411 1156 RA
424 1137 443 1156 Ν
455 1138 471 1157 c
480 1137 500 1156 H
511 1137 530 1155 v
540 1137 569 1162 s,
602 1131 643 1155 vel
673 1136 689 1156 Β
698 1136 716 1155 R
726 1137 745 1156 A
756 1137 777 1156 N
786 1137 803 1157 C
812 1137 832 1157 Η
843 1137 862 1158 O
872 1137 900 1157 s.
936 1130 1089 1166 [βράγχος]
1132 1131 1255 1158 Raucedo.
1292 1130 1351 1158 Ifid.
1418 1139 1445 1163 4,
1460 1138 1485 1156 12
1512 1130 1592 1164 Saepe
1610 1130 1663 1157 fuit
1684 1129 1811 1163 breuior,
1830 1139 1909 1165 quam
1930 1138 1987 1156 mea
2005 1129 2105 1162 verba,
2131 1129 2196 1157 dies.
2268 1129 2377 1156 Domini

299 1173 352 1200 4‚7
373 1166 504 1192 Branchos
517 1165 552 1191 est
567 1165 732 1198 praefocatio
744 1166 862 1193 faucium
877 1174 893 1192 a
904 1164 1007 1201 frigido
1020 1166 1144 1194 humore.
1171 1167 1267 1194 Graeci
1280 1167 1352 1193 enim
1417 1175 1467 1192 non
1487 1165 1530 1192 diu
1543 1164 1584 1199 cst,
1606 1167 1646 1192 uel
1658 1166 1718 1201 fuit
1739 1166 1851 1193 dominus
1870 1167 1938 1192 Hor.
1958 1167 2046 1193 Carm.
2062 1174 2085 1197 2,
2099 1175 2140 1200 14,
2154 1175 2195 1200 ²4·
2265 1166 2371 1192 Donum

299 1207 390 1235 guttur
413 1201 527 1236 βράγχος
546 1200 652 1233 dicunt,
679 1202 749 1228 circa
769 1202 844 1237 quod
863 1203 951 1230 fauces
971 1203 1046 1236 sunt,
1067 1213 1135 1238 quos
1157 1212 1205 1230 nos
1227 1209 1352 1238 corrupte
1418 1201 1530 1228 durabile
1567 1202 1624 1228 Sen.
1647 1202 1757 1237 Hippoi.
1779 1205 1838 1237 762.
1912 1201 2028 1236 Epistola
2067 1202 2124 1228 cic.
2137 1202 2190 1228 Att.
2207 1210 2228 1234 1,
2242 1209 2268 1235 9.
2341 1202 2391 1228 E
2428 1230 2431 1235 .

298 1242 340 1263 BR
350 1244 370 1263 A
380 1244 425 1263 Nc
437 1245 442 1262 ι
453 1243 475 1262 Λ
492 1235 614 1263 dicimus.
1365 1245 1399 1270 30
1418 1237 1494 1272 Virg.
1509 1238 1607 1272 Georg.
1623 1248 1651 1272 4,
1667 1246 1723 1272 194.
1797 1238 1855 1264 Fila
1867 1237 1996 1264 breuiora
2014 1238 2096 1264 Ouid.
2110 1237 2197 1264 Trist.
2212 1245 2234 1270 ς,
2245 1246 2284 1270 ιο,
2292 1239 2336 1272 46.
2356 1258 2359 1260 .
2384 1244 2385 1247 ’
2423 1243 2428 1275 .

334 1279 350 1298 B
360 1279 378 1298 R
388 1279 407 1298 A
419 1279 463 1298 sm
474 1279 495 1298 A
506 1292 514 1304 ,
535 1273 594 1299 atis.
629 1273 641 1307 [
650 1272 776 1308 βρᾰσμα]
812 1274 887 1300 Bulla
906 1283 985 1310 aquae
996 1273 1130 1309 fcruentis
1143 1285 1150 1299 .·
1188 1274 1254 1300 vnde
1277 1276 1351 1300 etiam
1416 1281 1460 1299 res
1480 1274 1549 1300 Hor.
1561 1275 1649 1300 Carni.
1665 1282 1690 1306 2,
1704 1282 1727 1307 3,
1741 1282 1775 1306 ις.
1849 1273 1932 1300 Foliis
1948 1273 2123 1301 breuioribus
2141 1282 2239 1300 ornare
2264 1274 2332 1300 Hor.
2358 1277 2364 1285 ⁸
2378 1280 2393 1293 ··
2416 1274 2430 1289 ¹⁴

290 1310 366 1343 piper
378 1307 466 1341 castum
480 1315 503 1334 e!
518 1310 591 1335 inane
604 1308 708 1336 Brasma
721 1308 808 1342 dixiſj}
816 1316 925 1345 putatur
937 1312 1053 1347 Dioscor.
1067 1321 1090 1341 2,
1104 1318 1149 1345 189
1158 1320 1166 1336 .·
1186 1320 1257 1346 quam
1265 1309 1353 1336 deinde
1418 1317 1456 1342 19,
1470 1312 1513 1336 26.
1534 1310 1648 1345 Metaph.
1670 1319 1685 1336 a
1698 1318 1804 1342 corona,
1824 1312 1917 1336 minori
1930 1311 2012 1345 gloria
2025 1310 2129 1346 dignum
2137 1316 2237 1345 putare.
2307 1309 2372 1336 Oui=
2387 1331 2389 1334 .
2418 1299 2440 1329 ³]

295 1352 376 1369 vocem
387 1347 460 1370 etiam
473 1344 562 1371 Plinio
576 1353 610 1377 12,
624 1352 641 1379 7
657 1345 713 1378 s.14
733 1345 806 1372 reddi
817 1348 872 1372 vult
880 1345 1028 1380 Salmasius,
1046 1346 1134 1381 vbific
1148 1346 1230 1374 Har-d.
1250 1347 1352 1372 Verum
1415 1353 1439 1378 5,
1453 1353 1505 1380 457
1525 1345 1610 1372 modus
1624 1349 1737 1381 corporis
1745 1344 1889 1381 parum-fic
1898 1345 2058 1381 describitur,
2071 1347 2154 1380 inque
2170 1345 2279 1372 breuem
2287 1345 2366 1372 form
2380 1336 2441 1392 ,ἔκ

295 1386 322 1405 et
335 1380 368 1405 iis
382 1380 401 1413 (
398 1379 501 1416 siliquis
511 1382 632 1416 piperis)
647 1382 691 1407 sua
706 1382 807 1408 iniuria
820 1381 873 1414 est,
892 1388 972 1417 atque
987 1382 1052 1408 caeli
1067 1383 1226 1417 intemperie
1240 1381 1352 1408 carbun-
1415 1381 1549 1414 trahitur,
1568 1390 1601 1408 ne
1611 1382 1650 1408 vis
1664 1382 1694 1408 sit
1709 1390 1802 1416 magna
1815 1382 1946 1413 nocendi,
1967 1381 1996 1407 de
2003 1388 2081 1416 puero
2096 1379 2268 1414 instellionem
2284 1387 2384 1408 mutato.
2399 1411 2401 1414 ¹
2418 1386 2440 1426 ἦ,

294 1415 433 1448 culantur,
452 1416 574 1451 fiuntque
589 1417 688 1444 semina
700 1419 762 1444 cassa
774 1424 803 1444 vet
816 1418 923 1450 inania,
943 1418 1016 1453 quod
1037 1425 1133 1445 vocant
1151 1418 1296 1451 Brechma,
1317 1418 1349 1444 lic
1368 1414 1397 1440 35
1415 1417 1569 1452 Ital.4,734
1605 1432 1636 1438 -
1672 1416 1763 1445 breuis
1776 1417 1813 1444 est
1826 1417 1915 1452 magni
1931 1418 2039 1444 fortuna
2053 1417 2165 1444 fauoris.
2237 1418 2331 1450 Frons,
2347 1419 2365 1443 i.
2398 1405 2430 1428 ¹
2444 1419 2445 1426 ¹

293 1451 423 1478 indorum
450 1452 541 1486 lingua
563 1452 724 1487 significante
746 1452 883 1480 abortuml
917 1456 1085 1490 Antiquiores
1105 1454 1159 1480 edd.
1175 1453 1350 1481 Brechmasin.
1415 1451 1540 1489 castigata
1560 1452 1677 1480 Martial.
1691 1463 1719 1487 4,
1733 1462 1775 1487 4²·
1847 1452 1960 1480 Frufflus
1986 1453 2092 1481 Lucret.
2108 1462 2131 1485 3,
2144 1460 2201 1486 925.
2272 1454 2359 1480 Furor
2413 1444 2446 1474 θ’

294 1489 338 1513 Al·
353 1487 476 1520 Brioma,
490 1491 521 1514 it.
537 1488 653 1521 Brisrna,
674 1489 740 1515 vnde
754 1490 856 1526 Salmas.
871 1489 906 1516 ad
918 1491 996 1517 Solin.
1013 1499 1038 1525 p.
1054 1497 1108 1525 724
1135 1490 1240 1517 Brasma
1265 1492 1349 1516 elicit:
1414 1489 1457 1516 ira
1480 1490 1547 1516 Hor.
1560 1489 1640 1524 Epist.
1655 1498 1675 1522 1,
1689 1498 1714 1522 2,
1729 1491 1770 1517 62.
1844 1489 1978 1516 Gaudium
1999 1490 2056 1516 Sen.
2070 1489 2165 1516 O&au.
2173 1498 2234 1516 200.
2379 1480 2445 1534 ’ἓξ

291 1522 322 1550 de
334 1524 422 1560 lingua
435 1530 515 1549 auum
528 1523 647 1550 Indorum
662 1531 685 1550 ct
696 1525 785 1551 abortu
794 1544 800 1555 ,
816 1535 897 1561 nugas
905 1532 992 1561 putat.
1413 1525 1493 1552 vibus
1506 1525 1616 1559 dignum
1626 1545 1633 1557 ,
1651 1528 1668 1551 i.
1683 1527 1758 1552 exilio
1769 1528 1797 1551 in
1806 1531 1891 1560 parua
1904 1526 1985 1560 infida
2000 1526 2092 1552 quen.
2105 1525 2157 1552 Sat.
2173 1534 2198 1557 1,
2212 1532 2252 1560 73.
2320 1525 2362 1558 Gy
2382 1531 2413 1549 uU
2426 1536 2435 1547 ιι

330 1565 346 1585 Β
357 1565 426 1585 RAS
437 1566 460 1585 Μ
471 1566 492 1585 A
502 1566 523 1585 Τ
533 1567 541 1585 1
551 1566 598 1586 AB
608 1580 616 1591 ,
633 1568 718 1586 arum.
740 1560 759 1586 f.
779 1561 989 1596 [sspmeffioerloezst
1001 1561 1100 1596 βράσσω
1113 1562 1214 1596 ebullio]
1254 1563 1350 1589 Terrae
1413 1562 1492 1588 viore
1506 1561 1578 1587 flecti
1595 1561 1653 1587 Sen.
1668 1561 1770 1596 Hippoi
1793 1570 1842 1594 313.
1915 1561 2007 1588 Herba
2026 1560 2127 1596 lapathi
2144 1561 2243 1593 breuis,
2261 1553 2328 1588 m.
2347 1560 2376 1588 Se

293 1601 373 1621 motus
394 1595 526 1620 Ammian.
542 1602 579 1629 17,
596 1603 612 1630 7
634 1595 715 1621 Fiunt
733 1602 821 1623 autem
843 1603 975 1623 terrarum
999 1603 1087 1624 motus
1111 1598 1199 1625 modis
1224 1604 1348 1633 quatuor.
1357 1602 1395 1627 40
1414 1608 1443 1631 4,
1458 1605 1502 1629 29.
1574 1597 1664 1628 Hora,
1684 1600 1701 1624 i.
1722 1603 1816 1632 tempus
1836 1596 1941 1624 Lucrct.
1960 1606 1994 1631 4,
2015 1605 2073 1632 179.
2143 1598 2200 1624 Sen.
2221 1597 2301 1623 Herc.
2316 1591 2437 1626 Oetes·

294 1630 348 1656 Aut
371 1631 442 1656 enim
459 1630 624 1669 ’Bi-asinatiae
644 1632 719 1663 sunt,
738 1632 785 1666 qui
803 1638 901 1659 terram
915 1633 1052 1659 molestius
1071 1633 1222 1661 suscitantes
1245 1634 1347 1660 sursum
1414 1633 1493 1668 Rapit
1507 1632 1560 1660 alta
1572 1633 1689 1659 flammas
1703 1634 1797 1668 pinus,
1817 1638 1843 1659 et
1858 1632 1942 1660 robur
1955 1639 2032 1660 tenax
2045 1639 2071 1660 et
2085 1632 2196 1661 breuior
2211 1632 2273 1660 ilex.
2317 1633 2357 1660 Ite
2379 1656 2381 1658 .
2406 1630 2425 1656 ’ἵ

293 1666 444 1700 propellunt
457 1665 652 1691 immaniffimas
666 1667 766 1698 moles,
787 1674 815 1694 vt
829 1668 857 1694 in
869 1668 928 1695 Alia
943 1669 1022 1695 Delos
1036 1670 1142 1696 emerfit
1161 1677 1207 1696 etc.
1245 1670 1347 1697 Eosdem
1413 1677 1445 1694 ex
1459 1670 1544 1695 Ponto
1559 1677 1577 1697 ι,
1591 1679 1620 1702 4,
1636 1677 1673 1700 32.
1745 1669 1824 1695 Latus
1845 1669 1912 1695 Hor.
1926 1669 2007 1695 Serm.
2022 1678 2043 1701 1,
2054 1678 2082 1701 2,
2094 1677 2135 1702 93.
2160 1669 2316 1704 improbatur
2333 1671 2362 1695 in
2404 1660 2426 1685 ἣ

291 1701 391 1727 Brastas
405 1708 495 1727 vocant
508 1701 585 1735 Apul.
599 1700 630 1727 de
646 1701 749 1727 Mundo
761 1711 787 1736 «p.
802 1705 856 1734 256.
893 1711 917 1729 et
931 1705 1019 1731 Strabo
1032 1704 1075 1731 lib.
1086 1715 1110 1739 5.
1412 1704 1515 1730 Lilium
1532 1705 1600 1730 Hor.
1616 1704 1704 1730 Carm-
1720 1712 1741 1737 ῐ,
1754 1707 1795 1736 36,
1811 1706 1850 1731 ι6.
1865 1712 1957 1739 parum
1966 1705 2087 1732 durabile.
2160 1705 2251 1732 Litera
2263 1704 2355 1732 breuis

329 1744 371 1763 BR
381 1743 425 1764 AS
434 1743 446 1762 S
456 1735 468 1762 ἰ
476 1743 523 1763 CA
533 1757 542 1769 ‚
560 1745 599 1763 ae.
637 1736 656 1762 f.
692 1737 705 1770 [
712 1736 835 1772 κρέμίῗη]
871 1739 894 1763 A
906 1739 1082 1766 Praesecando
1095 1740 1132 1766 est
1146 1739 1217 1767 dieta
1227 1760 1235 1772 ‚
1246 1737 1347 1765 auctore
1412 1739 1510 1770 cadem,
1531 1747 1593 1773 quae
1606 1745 1680 1764 acuta
1691 1742 1719 1764 in
1732 1739 1774 1764 illo
1804 1740 1862 1765 Cic.
1882 1742 1956 1767 Orat.
1977 1750 2021 1774 159
2040 1750 2063 1768 c.
2078 1746 2111 1775 48
2133 1741 2208 1775 Quid
2220 1749 2286 1767 vero
2297 1739 2348 1772 hoc

290 1771 375 1798 Festo.
431 1772 554 1805 Brassica,
572 1774 656 1808 inquit
669 1773 755 1799 Varro
768 1773 798 1799 L.
806 1773 837 1799 L.
851 1781 880 1806 4,
894 1781 923 1799 21
957 1780 986 1800 vt
1000 1775 1136 1801 Praeseca:
1165 1776 1238 1809 quod
1252 1784 1284 1801 ex
1298 1775 1345 1801 hu-
1355 1778 1390 1804 45
1412 1775 1481 1807 tius,
1500 1773 1573 1809 quod
1596 1782 1651 1799 non
1674 1773 1704 1800 fit
1725 1779 1838 1806 natura,
1857 1774 1900 1800 sed
1914 1776 2031 1808 quodam
2054 1777 2186 1804 instituto.
2223 1778 2330 1804 Inclitus
2349 1776 2366 1803 d
2410 1790 2421 1799 ›.

288 1807 331 1834 ius
352 1809 428 1843 scapo
452 1808 608 1834 minutatim
632 1809 805 1842 praesecatur.
860 1810 928 1836 Cato
948 1808 980 1835 de
995 1809 1026 1835 R.
1042 1810 1073 1835 R.
1095 1812 1138 1842 156
1164 1811 1273 1836 Brassica
1292 1811 1346 1843 est,
1412 1810 1492 1837 breui
1506 1810 1592 1844 prima
1607 1809 1701 1842 litera,
1723 1809 1827 1845 insanus
1846 1809 1993 1843 producta:
2030 1812 2181 1839 inhumanus
2195 1812 2289 1845 breui,
2305 1810 2424 1849 ivtfeldw'l·
2441 1802 2445 1845 i

288 1852 356 1878 quae
376 1843 501 1871 omnibus
517 1844 640 1871 oleribus
659 1844 773 1871 antistat.
830 1845 924 1880 Nempe
939 1845 985 1871 hoc
1002 1848 1085 1879 capite
1106 1851 1129 1871 et
1145 1849 1261 1879 proximo
1279 1846 1347 1881 bras}
1413 1854 1454 1879 ga.
1492 1846 1539 1877 Et,
1559 1854 1592 1871 ne
1606 1845 1707 1876 multis.
1745 1844 1853 1878 Qibus
1867 1845 1895 1870 in
1910 1844 1998 1871 verbis
2011 1853 2059 1871 eae
2069 1847 2172 1879 primae
2186 1849 2280 1875 literae
2293 1849 2368 1882 fimt,
2388 1841 2427 1884 ᾗιη
2441 1848 2446 1871 t

281 1880 376 1915 Ji'cam,
395 1887 426 1907 vt
446 1880 595 1916 veriffimam
607 1887 756 1913 panaceam,
777 1881 838 1907 Cato
847 1880 990 1921 praedicat.
1028 1880 1084 1907 Cic.
1099 1880 1132 1906 de
1145 1881 1208 1907 Nat.
1226 1880 1308 1906 Deor.
1322 1889 1346 1912 2,
1411 1881 1441 1906 in
1449 1880 1565 1915 sapiente
1577 1883 1657 1914 atque
1666 1880 1760 1916 felice,
1781 1879 1909 1914 producte
1923 1880 2037 1912 dicitur3
2073 1881 2102 1907 in
2116 1885 2227 1911 caeteris
2234 1883 2360 1911 omnibus
2375 1882 2427 1912 bre*

288 1924 336 1943 120
350 1924 372 1942 c.
387 1923 424 1951 47
443 1917 499 1942 Iam
513 1924 581 1943 vero
592 1916 661 1943 vites
674 1916 707 1943 sic
730 1916 867 1943 clauiculis
888 1916 1050 1943 adminicula
1071 1924 1198 1951 tanquam
1222 1915 1346 1942 manibus
1411 1921 1469 1947 ter,
1491 1916 1610 1950 itemque
1623 1915 1775 1951 composuit,
1795 1919 1954 1976 concrgpuit,
1969 1916 2110 1951 consueuit,
2130 1920 2259 1955 ⁶⁰⁷².f‘'cit,
2279 1918 2424 1947 conl-„leve

287 1951 505 1986 apprehendunt,
524 1957 604 1987 atque
620 1952 647 1978 se
660 1952 697 1978 ita
710 1952 827 1986 erigunt,
839 1959 869 1979 vt
882 1953 1038 1979 animantes.
1077 1953 1152 1986 Quin
1165 1952 1247 1979 etiam
1259 1960 1275 1978 a
1287 1960 1347 1978 cau-
1357 1955 1388 1981 50
1415 1957 1513 1984 tatem,
1539 1950 1715 1985 reprehendet
1727 1960 1735 1976 t
1770 1950 1842 1976 refer
1853 1959 1867 1976 a
1898 1959 1974 1977 aures
1983 1970 1991 1983 ,
2011 1951 2169 1985 probabunt.
2241 1955 2332 1982 Tacit.
2346 1955 2414 1981 Ann.
2441 1971 2442 1974 =

288 1987 359 2014 libus
372 1987 556 2022 brafficisque,
578 1987 596 2013 si
611 1993 720 2021 propter
734 1987 783 2013 sati
797 1987 862 2020 lint,
879 1993 909 2014 vt
922 1996 936 2013 a
949 1987 1082 2022 pestiferis
1091 1994 1116 2014 et
1131 1988 1290 2015 nocentibus
1305 1997 1346 2014 re-
1413 1996 1444 2020 29
1465 1987 1609 2022 Nauesque
1624 1986 1774 2013 fabricatur
1786 1985 1866 2021 plano
1879 1986 1958 2012 alueo
1971 1986 2092 2015 aduersus
2104 1988 2185 2016 breue
2197 1990 2271 2017 littus
2285 1996 2312 2016 et
2319 1990 2422 2017 inc-ertu

289 2023 382 2058 fugere
397 2023 538 2054 dicuntur,
558 2031 606 2048 nec
622 2031 667 2049 eos
680 2023 734 2049 vlla
749 2031 780 2048 ex
793 2028 868 2056 parte
880 2023 1045 2057 contingere.
1107 2024 1176 2049 Cato
1195 2024 1226 2049 R.
1239 2024 1270 2049 R.
1292 2031 1346 2057 157,
1410 2023 1441 2050 Τ
1443 2023 1532 2049 ertull.
1553 2023 1586 2049 de
1607 2022 1680 2049 cultu
1699 2022 1794 2048 femin.
1816 2030 1824 2047 1
1846 2028 1912 2048 extr.
1931 2022 1970 2048 De
1982 2021 2138 2050 brcuiffimis
2149 2026 2255 2052 Loeulis
2268 2026 2422 2060 patrimonii

262 2088 269 2091 ,
289 2058 321 2085 de
345 2058 467 2085 brafficae
494 2057 635 2093 generibus
644 2078 651 2091 ‚
683 2059 762 2086 Nunc
780 2058 820 2085 vti
842 2059 982 2092 cognoscas
1005 2066 1103 2092 genera
1125 2066 1232 2090 earum,
1258 2059 1344 2091 prima
1410 2059 1510 2092 grande
1543 2059 1696 2094 profertur,
1715 2061 1733 2084 i.
1767 2060 1889 2084 minimis.
1961 2058 2052 2084 Mensa
2076 2059 2145 2085 Hor.
2167 2059 2199 2086 de
2228 2061 2292 2086 Arte
2310 2061 2386 2086 Po'e't.
2407 2068 2416 2084 1

288 2095 325 2121 est
346 2094 428 2121 laeuis
437 2115 445 2127 ,
463 2101 530 2129 quae
549 2095 706 2121 nominatur
724 2095 796 2126 λεία,
815 2094 959 2128 grandibus
979 2099 1005 2120 et
1020 2093 1080 2120 latis
1093 2093 1186 2125 foliis,
1204 2092 1278 2119 caule
1291 2101 1345 2119 ma·
1411 2093 1536 2119 Mensura
1555 2094 1637 2120 Ouid.
1652 2095 1718 2121 Met.
1732 2102 1759 2127 9,
1772 2098 1830 2129 788.
1901 2093 1980 2120 Mora
1998 2094 2057 2121 Sen.
2070 2093 2175 2120 Troad.
2189 2097 2251 2128 760.
2303 2095 2364 2120 Mus
2378 2093 2423 2120 Ou

288 2139 356 2165 gno:
377 2130 494 2157 validam
509 2130 573 2157 haec
586 2136 706 2157 naturam
716 2149 723 2161 ,
739 2135 765 2156 ct
777 2130 834 2156 vim
848 2138 970 2164 magnam
984 2129 1072 2156 habet.
1108 2129 1200 2155 Altera
1207 2129 1243 2154 est
1251 2129 1346 2163 crispa,
1362 2130 1392 2156 55
1411 2126 1478 2155 Fast.
1492 2136 1518 2159 2,
1532 2134 1592 2163 574.
1610 2131 1629 2153 i.
1639 2136 1745 2162 paruus.
1817 2128 1886 2155 Ter.
1903 2129 1969 2155 Eun.
1984 2138 2007 2162 3,
2021 2137 2045 2162 3,
2053 2137 2086 2164 57
2107 2130 2149 2156 An
2162 2137 2213 2163 ego
2226 2127 2403 2155 occationem,

289 2175 356 2201 quae
371 2174 384 2192 a
399 2165 574 2192 similitudine
588 2166 643 2200 apii
655 2164 791 2195 σελινοειδῆς
803 2172 922 2192 vocatur.
966 2167 1039 2192 Haec
1052 2165 1088 2191 est
1102 2171 1128 2191 et
1141 2164 1247 2199 aspee’tu
1262 2170 1287 2190 et
1300 2172 1346 2190 na-
1410 2162 1583 2194 ostentatam,
1601 2167 1655 2188 tam
1674 2162 1804 2194 breuem,
1822 2170 1876 2189 tam
1893 2169 2028 2198 optatam,
2046 2170 2100 2191 tam
2118 2165 2278 2200 insperatam
2295 2163 2361 2191 amit
2378 2176 2387 2186 r-

287 2209 348 2229 tura
362 2202 432 2227 bona
445 2201 476 2227 ad
491 2202 674 2234 curationem,
691 2201 862 2237 validiorque
877 2201 913 2228 est
927 2210 1007 2236 quam
1021 2210 1090 2236 quae
1099 2201 1177 2236 supra
1191 2200 1286 2234 scripta
1299 2199 1345 2226 est.
1411 2197 1494 2225 Ouid.
1517 2197 1596 2232 Epist.
1618 2205 1658 2231 15,
1678 2207 1696 2231 4
1730 2198 1772 2224 An
1789 2197 1839 2223 nisi
1858 2198 1957 2232 legisses
1976 2199 2094 2226 auctoris
2113 2201 2224 2227 nomina
2234 2197 2370 2235 Sapphus,

287 2239 355 2264 Item
374 2237 411 2263 est
429 2237 524 2269 tertia,
542 2245 610 2271 quae
628 2236 731 2272 κράμξη
751 2244 878 2270 vocatur,
898 2237 1011 2263 minutis
1023 2236 1143 2263 caulibus
1153 2257 1162 2268 ,
1175 2235 1346 2262 tenuioribus
1410 2233 1494 2260 breue
1509 2233 1622 2260 nescires
1635 2233 1704 2260 vnde
1717 2233 1822 2260 veniret
1835 2242 1901 2268 opus
1914 2235 1924 2260 3
1959 2237 1977 2260 i.
1992 2233 2103 2270 epxstola.
2175 2235 2365 2270 Seu-Oedip.9

289 2273 380 2306 foliis,
399 2277 424 2299 et
441 2273 571 2299 acerrima
592 2270 714 2298 omnium
736 2272 771 2298 est
787 2272 912 2305 istarum,
929 2273 1005 2299 tenui
1020 2274 1097 2298 succo
1109 2271 1344 2298 vehementissima.
1410 2278 1444 2295 ne
1459 2275 1512 2296 tam
1526 2269 1628 2304 magnis
1642 2268 1736 2296 breues
1751 2278 1847 2304 poenas
1867 2269 2011 2297 sceleribus
2023 2270 2106 2297 soluis
2119 2272 2130 2298 3
2200 2272 2268 2298 Hor.
2287 2272 2371 2298 Serm.

289 2309 320 2336 Et
340 2309 458 2344 primum
477 2308 558 2341 scito,
580 2307 613 2335 de
631 2307 757 2335 omnibus
777 2308 892 2334 brassicis
911 2308 984 2334 nulla
1003 2308 1040 2334 est
1060 2306 1211 2333 illiusmodi
1229 2304 1389 2332 medica-60
1410 2313 1441 2340 37
1462 2306 1525 2339 Quo
1538 2306 1652 2340 pertinet
1665 2313 1729 2340 ergo
1741 2306 1866 2332 Proceros
1877 2305 1959 2332 odiffe
1973 2306 2074 2341 lupos?
2109 2307 2182 2341 Quia
2196 2307 2295 2334 scilicet
2307 2307 2362 2334 illis
2384 2322 2385 2326 =

286 2344 432 2372 mentofior
451 2351 498 2371 etc.
533 2345 597 2372 Sunt
614 2347 678 2370 enim
686 2345 807 2379 plurima.
845 2343 969 2370 Brassicae
982 2353 1073 2380 genera
1080 2346 1155 2369 etiam
1162 2342 1268 2377 pulchre
1275 2352 1346 2368 enar·
1409 2350 1467 2368 rem
1485 2347 1580 2368 natura
1597 2341 1707 2368 modum
1727 2341 1816 2374 dedit,
1838 2341 1880 2368 his
1900 2341 1982 2368 breue
1997 2341 2107 2376 pondus.
2136 2347 2154 2369 i.
2165 2350 2285 2378 paruum.
2365 2348 2382 2366 fl

287 2388 333 2410 rat
343 2381 449 2408 Colum.
464 2389 502 2414 10,
515 2388 561 2414 129
566 2380 625 2416 sqq.
662 2379 785 2407 Brassicae
797 2379 914 2406 cinerem
927 2379 1078 2406 commendat
1090 2378 1212 2405 Scribon.
1228 2381 1283 2405 160.
1303 2378 1346 2404 Se·
1408 2377 1484 2404 Orat.
1501 2386 1521 2410 1,
1536 2385 1582 2411 145
1602 2376 1674 2404 Nam
1687 2377 1720 2404 de
1732 2377 1838 2404 afflone
1850 2384 1876 2404 et
1890 2377 1922 2404 de
1935 2378 2066 2405 memoria
2080 2379 2208 2414 quaedam
2224 2378 2334 2412 breuia,
2352 2380 2369 2407 s
2370 2378 2385 2402 2³

288 2426 350 2444 men
363 2416 401 2443 ld.
410 2425 457 2443 121.
494 2418 532 2443 De
544 2416 645 2452 satione
658 2417 730 2443 illius
743 2422 767 2442 et
780 2417 849 2442 cultu
856 2417 934 2451 plura
946 2413 1046 2449 rustici,
1064 2425 1091 2442 v.
1101 2424 1128 2452 g.
1142 2414 1201 2442 Col.
1219 2422 1254 2447 11,
1268 2422 1291 2446 3,
1306 2417 1344 2446 2'3.
1407 2422 1460 2448 gna
1475 2422 1535 2440 cum
1548 2413 1738 2440 exercitatione
1750 2420 1886 2449 praecepta
1898 2414 2037 2448 gustarem.
2116 2415 2210 2442 Sermo
2227 2415 2308 2442 Plaut.
2322 2416 2361 2442 M·
2386 2438 2389 2441 .

288 2452 351 2478 Pall.
366 2454 422 2479 iun.
436 2461 454 2485 4
468 2459 492 2479 et
504 2452 575 2487 Sept.
588 2460 622 2484 ¹3.
679 2452 772 2478 Scmen
789 2452 924 2479 vetustum
943 2451 1066 2478 brassicae
1079 2451 1108 2477 in
1121 2459 1213 2486 rapam
1226 2456 1346 2477 mutatur
1409 2458 1452 2482 29.
1525 2449 1606 2477 Ouid.
1618 2450 1683 2477 Met.
1698 2451 1724 2482 6,
1737 2451 1769 2480 86
1784 2450 1938 2476 Certamina
1958 2457 2075 2484 quatuor
2093 2447 2226 2486 (pithen
2240 2453 2290 2478 tela
2307 2452 2392 2478 Min-

289 2488 351 2514 Pall.
375 2487 452 2515 Febr.
477 2497 520 2523 24,
543 2495 569 2523 7.
605 2489 644 2515 De
666 2489 734 2514 cultu
756 2494 779 2513 et
803 2494 897 2514 natura
925 2487 996 2523 conf.
1019 2487 1087 2514 Plin.
1111 2496 1150 2520 19,
1164 2492 1186 2517 8.
1224 2493 1248 2512 et
1261 2495 1304 2518 20,
1317 2495 1344 2519 9.
1358 2486 1389 2518 65
1410 2485 1490 2512 Clara
1503 2485 1593 2513 colore
1605 2486 1652 2513 suo
1664 2485 1793 2512 breuibus
1807 2485 1930 2513 distincta
1943 2485 2045 2520 sigillis.
2072 2488 2091 2513 i.
2112 2486 2351 2523 paruis-signin]
2380 2491 2399 2519 7}
2422 2482 2425 2492 ¹

288 2524 371 2550 Plaut.
385 2523 473 2550 Pseud.
488 2532 512 2556 3,
527 2532 550 2556 2,
563 2525 606 2550 26.
678 2524 796 2558 Propert.
810 2532 839 2557 4,
853 2532 880 2557 τι,
895 2532 944 2558 44’
959 2524 1043 2551 Iunco
1057 2523 1163 2550 brassica
1182 2521 1274 2549 vintih
1287 2522 1344 2549 leui
1402 2521 1577 2557 personarum.
1648 2520 1707 2548 Sen.
1722 2520 1816 2548 Otstau.
1829 2524 1864 2555 69
1882 2522 1943 2556 Spes
1955 2531 2007 2548 vna
2019 2521 2105 2554 mihi,
2123 2527 2217 2557 totque
2231 2522 2362 2549 malorum
2374 2522 2392 2549 b
2408 2529 2418 2543 '-

286 2562 354 2586 inter
368 2566 441 2586 notas
458 2560 597 2586 Vertumni.
1408 2557 1535 2584 solamen.
1605 2557 1663 2584 Sen.
1680 2557 1785 2585 Troad.
1798 2566 1848 2591 441
1870 2558 2014 2593 Breuisque
2032 2557 2099 2585 fellis
2117 2558 2222 2585 somnus
2240 2556 2356 2593 obrepsit
2374 2565 2417 2592 ge

327 2601 398 2622 ΒΚΑ
408 2601 429 2621 T
438 2601 458 2621 H
468 2602 495 2621 Υ.
528 2594 651 2628 [βρίθει]
687 2594 778 2621 Herba
793 2594 892 2621 Sabina
904 2595 980 2622 aliter
991 2592 1071 2626 dieta,
1084 2593 1201 2621 duorum
1213 2602 1342 2630 generum
1409 2593 1514 2620 Lucret.
1531 2602 1565 2627 4,
1589 2595 1634 2619 162
1666 2594 1698 2620 Et
1712 2602 1760 2620 ceu
1774 2593 1857 2621 multa
1869 2593 1948 2621 breui
1960 2594 2046 2630 spatio
2059 2593 2215 2621 submittere
2229 2593 2306 2621 debet
2333 2593 2425 2635 Lu!

288 2630 345 2663 cst:
377 2630 461 2656 altera
478 2630 599 2656 tamarici
618 2629 710 2656 similis
730 2631 816 2663 folio,
836 2631 918 2661 altera
937 2631 1064 2666 cupresso.
1122 2631 1213 2664 Qare
1232 2629 1342 2665 quidam
1408 2629 1467 2660 Sol,
1488 2635 1517 2656 vt
1539 2635 1666 2664 perpetuo
1685 2629 1735 2656 sint
1754 2630 1846 2656 omnia
1865 2630 1950 2665 plena.
2022 2630 2090 2656 Hor.
2108 2630 2198 2658 Carni.
2218 2625 2246 2663 4,
2260 2637 2298 2663 12,
2316 2636 2361 2664 27·
2380 2630 2423 2668 2414

289 2666 424 2693 Creticam
436 2665 581 2699 cupressum
593 2665 726 2692 dixerunt.
776 2668 797 2692 A
813 2667 905 2693 multis
923 2666 952 2693 in
972 2665 1074 2693 suffitus
1094 2675 1143 2701 pro
1162 2672 1222 2692 ture
1239 2666 1342 2692 affumi-
1351 2673 1387 2701 70
1406 2665 1548 2692 stultitiam
1566 2663 1681 2691 consiliis
1700 2664 1810 2692 breuem
1825 2677 1830 2692 :
1866 2665 1949 2693 Dulce
1970 2665 2006 2692 est
2026 2665 2143 2701 desipere
2159 2666 2188 2692 in
2202 2665 2270 2692 loeo.
2383 2663 2415 2695 ¹¹..

288 2709 341 2729 tur.
378 2702 409 2728 In
424 2701 621 2728 medicamentis
636 2710 700 2727 vero
715 2701 850 2736 duplicato
863 2702 981 2737 pondere
995 2702 1102 2729 eosdem
1113 2701 1221 2729 effeehw
1236 2701 1343 2733 habere,
1409 2710 1446 2734 12,
1461 2703 1496 2736 67
1523 2701 1567 2728 Bis
1581 2701 1774 2737 quinquagenis
1793 2701 1887 2730 doinus
1905 2702 1942 2728 est
1955 2701 2008 2729 tibi
2020 2702 2141 2729 millibus
2155 2708 2235 2735 emta,
2242 2699 2362 2729 Vendere
2387 2706 2394 2723 '·
2410 2729 2416 2737 f

288 2746 356 2773 quos
369 2738 537 2769 cinnamum,
555 2736 678 2764 traditur.
725 2738 805 2764 Verba
812 2737 874 2773 ficnt
887 2738 955 2764 Plin.
969 2747 1011 2772 24,
1026 2747 1048 2764 11
1067 2739 1085 2764 s.
1099 2740 1136 2764 61.
1173 2738 1248 2774 Conf.
1262 2738 1341 2773 Apul.
1406 2736 1508 2764 summa
1521 2737 1563 2764 vel
1578 2736 1705 2766 breuiore
1717 2737 1800 2772 cupis.
1870 2738 1944 2773 Virg.
1957 2738 2024 2765 Aen.
2038 2746 2077 2771 10,
2090 2740 2146 2773 467
2180 2752 2226 2758 -—-
2261 2737 2344 2764 breue
2377 2735 2383 2757 2⁸
2413 2764 2417 2769 ¹,
2430 2744 2431 2747 ’

290 2774 323 2800 de
335 2773 419 2800 Herb.
433 2778 470 2807 ες.
502 2780 525 2799 ct
544 2772 628 2809 Diosc.
643 2781 663 2804 1,
677 2777 716 2805 89.
789 2773 915 2807 Brathys,
931 2777 1060 2811 genitium
1080 2773 1200 2801 Scribon.
1215 2781 1269 2808 154.
1408 2772 1528 2808 parabile
1540 2773 1663 2808 Tempus
1697 2773 1830 2800 Omnibus
1844 2773 1881 2800 est
1895 2773 1975 2801 vitae.
2046 2774 2102 2800 Cic.
2117 2774 2200 2800 Ture.
2215 2782 2242 2806 2,
2255 2780 2268 2807 5
2293 2773 2346 2809 Atq

327 2816 369 2836 BR
377 2817 399 2836 A
407 2816 429 2836 Τ
440 2815 460 2834 ν
472 2815 485 2834 S
494 2828 502 2841 ,
526 2807 580 2835 vid.
611 2815 626 2834 B
635 2815 654 2834 R
663 2816 683 2834 v
692 2815 713 2835 ‘r
722 2815 741 2835 A
770 2809 859 2836 arbor.
1407 2816 1499 2836 torum
1521 2808 1628 2844 quidem
1651 2809 1706 2841 Laus
1727 2809 1764 2836 ita
1788 2809 1866 2836 duoa
1886 2809 1920 2837 ab
1933 2808 2032 2836 humili
2044 2809 2119 2836 venit
2129 2809 2163 2836 ad
2176 2809 2308 2838 summum

325 2852 342 2872 Β
351 2852 369 2872 R
378 2853 400 2872 A
409 2852 429 2871 v
440 2852 449 2871 1
459 2852 480 2871 v
489 2851 531 2877 Μ,
560 2843 614 2870 vid.
636 2850 653 2871 Β
663 2850 680 2870 R
690 2851 711 2871 A
719 2850 735 2871 Β
744 2852 753 2870 ι
763 2852 783 2871 ν
791 2852 827 2871 M.
1356 2851 1388 2880 75
1406 2844 1500 2881 (quod
1511 2851 1606 2871 natura
1617 2845 1670 2872 fert
1684 2845 1713 2871 in
1726 2845 1852 2872 omnibus
1864 2845 1921 2873 fere
1933 2844 2031 2877 rebus)
2046 2845 2159 2872 senescat
2172 2855 2178 2872 :
2212 2844 2345 2880 breuique
2363 2850 2367 2867 ἑ

322 2887 364 2908 BR
374 2888 395 2908 A
405 2887 480 2908 xEA
490 2886 522 2912 E,
544 2888 629 2906 arum.
666 2880 686 2906 f.
723 2879 908 2907 Calceamenta
927 2880 1120 2908 comoedorum
1143 2885 1172 2907 et
1194 2879 1341 2907 mulierum
1408 2890 1438 2908 re
1450 2880 1483 2908 ad
1498 2880 1615 2908 nihilum
1627 2886 1739 2908 ventura
1751 2880 1883 2908 videatur.
1932 2881 2002 2909 Add.
2017 2880 2056 2907 Id.
2075 2882 2147 2907 Fam.
2162 2889 2183 2914 ς,
2196 2889 2234 2908 21.
2305 2880 2344 2908 Pii
2365 2897 2368 2899 >

287 2916 347 2944 Isid.
362 2926 400 2951 19,
414 2925 455 2952 34.
494 2917 567 2943 Forte
584 2915 652 2951 παραὶ
675 2915 705 2942 τὸ
720 2915 829 2952 βρέξαι,
848 2916 914 2952 quod
927 2923 1028 2953 crepent
1042 2920 1110 2945 inter
1124 2916 1237 2944 eundum.
1257 2915 1342 2952 Affine
1408 2925 1448 2950 10,
1462 2918 1496 2950 69
1518 2916 1575 2944 Erit
1589 2917 1660 2944 enim
1672 2916 1750 2944 facile
1763 2916 1897 2952 perillam
1909 2916 2086 2944 breuissimam
2100 2923 2216 2950 terram,
2235 2925 2302 2952 quae
2321 2916 2330 2944 i
2362 2921 2368 2947 ἶ

286 2959 304 2980 Β
313 2960 335 2980 A
345 2961 363 2981 x
371 2957 437 2982 Atct
457 2958 474 2980 Β
482 2959 505 2979 Α
513 2960 533 2980 x
542 2958 559 2979 E
567 2958 590 2979 A
598 2958 625 2979 E.
1405 2951 1464 2986 bit,
1485 2952 1596 2980 adueexa
1608 2953 1672 2979 fossa
1683 2961 1765 2979 onera
1777 2958 1948 2988 transponere
1959 2953 1987 2979 in
2001 2953 2110 2980 flumen.
2180 2953 2323 2980 Vasculum
2348 2959 2366 2988 vs,

705 2990 727 3021 Β
801 2990 830 3022 R
912 2990 940 3022 E
1407 2997 1482 3015 mum
1509 2988 1604 3015 Pallad.
1626 2988 1658 3015 de
1675 2989 1707 3016 R.
1720 2989 1752 3015 R.
1766 2996 1789 3022 5,
1804 2994 1825 3019 8.
1849 2991 1867 3015 ι’.
1880 2991 2016 3015 minimum.
2087 2987 2169 3015 Ouid.
2183 2989 2248 3016 Met.
2262 2995 2344 3024 1‚1117-
2359 3005 2366 3018 ,ι

1363 3030 1396 3056 80
1407 3023 1525 3058 hiemes,
1544 3023 1702 3060 aestusque,
1720 3033 1746 3051 et
1759 3023 1907 3059 inaequales
1921 3024 2088 3057 Autumnus,
2124 3025 2156 3050 Et
2174 3023 2257 3052 breue
2277 3025 2347 3058 Ver,

326 3067 418 3089 BREC
427 3067 448 3088 Η
457 3067 482 3088 Μ
491 3058 550 3088 A‘SI
563 3065 578 3087 s
587 3079 597 3093 ,
617 3059 649 3090 is.
684 3059 705 3086 f.
747 3059 844 3087 Vitium
857 3057 892 3093 est
904 3062 932 3086 in
942 3062 1039 3096 piperis
1053 3060 1183 3088 arboribus
1195 3059 1263 3097 apud
1274 3059 1342 3087 plin.
1406 3061 1494 3095 exegit
1508 3066 1636 3096 quattuor
1649 3069 1754 3088 annum.
1825 3060 1900 3095 Virg.
1915 3060 1967 3086 Ecl.
1981 3068 2007 3093 9,
2022 3069 2052 3093 23
2072 3059 2190 3093 Tityre,
2209 3060 2274 3087 dum
2287 3059 2335 3088 red
2357 3074 2361 3081 -·

290 3104 327 3128 12,
342 3104 367 3131 7.
405 3096 452 3124 Sed
463 3096 517 3123 uid.
538 3102 670 3124 BRASM
679 3103 710 3123 A.
1406 3096 1449 3123 vis
1474 3096 1511 3123 est
1532 3097 1594 3129 via)
1617 3098 1691 3132 pasce
1712 3095 1832 3132 capellas.
1903 3096 1954 3122 Via
1976 3095 2089 3122 breuior
2107 3096 2203 3123 mortis
2229 3095 2330 3123 Tibul.
2358 3098 2366 3126 ’,

329 3139 370 3159 BR
379 3139 395 3159 E
406 3139 425 3159 G
438 3140 462 3159 M
472 3140 492 3160 A
502 3153 510 3165 ,
530 3132 588 3159 atis.
611 3133 751 3168 [βρέγμα]
787 3131 816 3158 Α
824 3131 927 3158 modicis
934 3133 1039 3167 proprie
1047 3131 1186 3166 appellatur
1194 3137 1260 3167 pars
1273 3138 1341 3158 antc-
1406 3134 1511 3168 Proprie
1524 3133 1593 3168 Nep.
1610 3138 1645 3166 18,
1658 3138 1682 3165 8,
1694 3139 1716 3166 ς.
1785 3131 1836 3158 Via
1850 3131 2000 3159 breuissirna
2030 3131 2112 3159 Ouid.
2133 3132 2199 3159 Met.
2219 3139 2247 3165 5,
2261 3139 2316 3165 253.

290 3169 345 3193 rior
357 3172 465 3203 capitis,
479 3169 561 3204 supra
568 3167 684 3204 frontem
698 3166 797 3202 capillis
809 3166 893 3200 testa,
914 3175 974 3203 quae
987 3173 1011 3193 et
1024 3167 1139 3201 sinciput
1152 3176 1168 3193 a
1189 3169 1291 3194 Latinis
1302 3168 1342 3194 ‹ii-
1406 3167 1489 3203 Epod.
1512 3176 1534 3202 5,
1559 3177 1590 3202 15v
1623 3167 1735 3196 Canidia
1755 3166 1884 3195 breuibus
1907 3167 2042 3202 implicata
2063 3168 2174 3202 viperis.
2244 3167 2327 3194 Ouid.
2354 3180 2356 3186 ⁴

290 3204 367 3228 citur.
406 3205 463 3230 Non
476 3204 631 3231 contradicit
643 3203 684 3231 his
698 3203 804 3230 Caelius
818 3203 882 3230 Aur.
895 3203 972 3230 Acut.
988 3211 1008 3234 1,
1023 3204 1057 3238 76
1077 3203 1204 3230 Plurimas
1219 3203 1340 3230 cucurbi-
1358 3207 1387 3237 85
1406 3213 1454 3237 124
1473 3205 1582 3240 Iamque
1595 3204 1686 3231 breuis
1699 3203 1775 3231 Vitae
1788 3204 1900 3238 spatium
1915 3204 2007 3230 sortita
2021 3204 2155 3231 iuuentus.
2226 3203 2363 3231 Illamaxi

291 3243 329 3264 tas
343 3236 490 3272 affigimus,
510 3240 621 3268 alteram
635 3239 777 3274 occipitio,
795 3239 907 3266 alteram
927 3237 1019 3265 medio
1044 3238 1154 3272 capitis,
1171 3239 1244 3273 quod
1258 3239 1340 3266 Grae·
1404 3239 1528 3267 dicorum
1548 3240 1759 3276 (Hippocratis)
1775 3239 1932 3269 exclamatio
1951 3239 2004 3273 est,
2024 3240 2109 3266 vitam
2126 3239 2237 3266 breuem
2257 3240 2324 3273 else,
2347 3238 2366 3265 Ι

292 3273 317 3300 ci
329 3275 431 3308 βρέγμα
444 3282 548 3302 vocant.
590 3275 710 3303 Marcell.
725 3275 826 3310 Empir.
842 3284 863 3301 c.
878 3283 888 3301 1
908 3274 948 3301 Ad
961 3273 1067 3301 dolores
1081 3274 1174 3309 capitis
1181 3283 1339 3309 puerorum,
1405 3281 1490 3303 artem
1510 3276 1569 3307 Sen.
1584 3276 1617 3303 de
1631 3277 1707 3303 Rreu.
1721 3275 1776 3302 Vit.
1790 3284 1811 3301 c.
1830 3285 1846 3301 ι.
1919 3276 2009 3302 Vitam
2023 3274 2136 3302 breuem
2151 3274 2239 3302 colere
2266 3275 2353 3302 Plaut:

291 3309 407 3337 maxime
421 3310 477 3336 eius
491 3312 586 3345 partis,
605 3320 686 3346 quam
699 3311 809 3346 Bregma
817 3310 913 3338 Graeci
930 3310 1074 3345 appellant.
1404 3320 1428 3345 3,
1442 3320 1468 3344 2,
1483 3320 1519 3344 33.
1589 3312 1672 3340 Ouid.
1687 3312 1762 3338 Rem.
1774 3311 1927 3345 Amor.804
1946 3312 1994 3346 Spe
2007 3310 2117 3338 breuius
2127 3311 2246 3343 monitus
2258 3309 2360 3346 expeti

329 3352 344 3372 Β
353 3352 371 3372 R
382 3352 398 3371 E
408 3353 429 3372 N
439 3352 458 3372 D
467 3352 487 3372 A
497 3366 504 3378 ,
524 3355 538 3373 a
552 3348 636 3374 Poetis
650 3347 790 3374 breuitatis
802 3347 878 3374 causa
889 3346 1038 3381 appellatur
1051 3344 1165 3380 Apuliae
1178 3345 1240 3373 vrbs
1257 3346 1340 3374 Brun·
1404 3356 1445 3381 oe,
1461 3350 1480 3374 i.
1487 3350 1572 3380 citius,
1580 3358 1651 3384 quam
1653 3347 1769 3384 putabas.
1965 3345 1986 3385 ff
2004 3355 2017 3380 3
2038 3347 2165 3374 For-mulae
2175 3347 2248 3378 aliae.
2283 3346 2327 3374 Pte
2352 3360 2354 3367 ι

291 3381 401 3409 dulium.
439 3381 535 3408 Festus.
576 3383 633 3410 Vid.
648 3389 879 3415 BRVNDVSIVM,
901 3391 928 3409 n.
941 3390 966 3408 2.
1354 3394 1390 3420 90
1405 3384 1434 3410 in
1452 3382 1553 3411 Sallust.
1567 3392 1580 3418 5
1599 3385 1654 3411 Iani
1671 3382 1743 3415 ‚dabo
1762 3391 1870 3417 operam
1889 3391 1969 3418 quam
1984 3383 2104 3410 maxime
2122 3388 2252 3417 potuero,
2274 3388 2305 3410 vt
2331 3387 2353 3405 »ῐ

328 3424 344 3445 Β
353 3424 370 3444 R
382 3423 397 3443 r.
406 3424 421 3444 r
430 3424 478 3444 Ho
487 3423 509 3442 ‘r
518 3424 537 3444 R
546 3424 616 3444 orn
626 3426 634 3445 1
644 3426 664 3444 v
674 3426 698 3446 M
707 3439 716 3452 ,
733 3419 751 3446 i.
772 3428 798 3446 n.
819 3417 1041 3455 [βρεφοτρσφέἲον]
1079 3417 1242 3443 Paruulorum
1257 3417 1339 3454 hospi-
1404 3419 1510 3446 faciam.
1581 3419 1629 3446 Sed
1641 3419 1692 3456 ipse
1703 3427 1778 3446 verus
1791 3418 1847 3445 Cic.
1862 3419 1915 3445 Att.
1932 3427 1954 3445 u
1974 3425 1993 3454 7
2019 3418 2104 3445 Breue
2115 3418 2221 3445 faciam.
2292 3418 2312 3445 Β
2323 3448 2331 3454 ἃ
2348 3413 2361 3453 -2'

290 3456 352 3479 tium
365 3453 460 3480 dicitur
469 3473 476 3486 ‚
496 3454 514 3478 s.
529 3452 613 3479 domus
625 3452 658 3487 est
670 3455 768 3482 alendis
779 3454 925 3492 infantibus
929 3459 1025 3491 parata
1038 3452 1093 3486 l.19
1105 3451 1176 3485 c.de
1184 3453 1338 3481 sacrosan&
1404 3454 1500 3482 laboro
1509 3476 1517 3487 ,
1538 3453 1664 3482 obscurus
1677 3454 1713 3481 fio
1734 3455 1802 3481 Hor.
1816 3454 1849 3481 de
1863 3456 1928 3482 Arte
1939 3455 2011 3481 Poet.
2023 3461 2063 3487 25.
2134 3453 2205 3480 Suet.
2225 3453 2323 3481 Tiber.
2336 3466 2349 3475 ¹
2361 3475 2363 3477 .
2408 3467 2411 3470 ⁴

291 3489 354 3515 eccl.
391 3488 464 3524 Conf.
485 3488 706 3524 Curotrophium.
974 3515 978 3519 Α
1422 3490 1612 3525 raegrandibus
1625 3490 1724 3523 oculis,
1744 3496 1770 3517 et
1784 3490 1849 3525 qui,
1869 3489 1942 3526 quod
1954 3490 2054 3517 mirum
2065 3489 2142 3521 esstt,
2159 3488 2242 3516 nediu
2254 3489 2334 3517 etiam
2348 3506 2360 3527 ν,

328 3531 371 3551 131<
382 3523 427 3551 ἓν
438 3531 446 3551 1
458 3530 471 3551 s
484 3544 492 3556 ‚
512 3533 534 3550 c.
555 3524 687 3558 [βραχιὶς,
706 3525 792 3559 firmis,
811 3525 944 3560 σύντομος]
975 3526 1079 3561 propria¹
1093 3525 1226 3559 opponitur
1246 3526 1338 3563 Longo.
1403 3500 1460 3554 Eris
1474 3526 1615 3560 viderent,
1634 3526 1677 3553 sed
1691 3525 1724 3554 ad
1742 3525 1841 3559 breue,
1857 3529 1906 3553 int.
1922 3528 2064 3561 tempus.-
2104 3524 2171 3551 Hor.
2186 3524 2265 3559 Epist.
2280 3534 2308 3558 1,

293 3559 350 3586 Cic.
365 3559 444 3587 Acad.
456 3569 485 3593 4,
499 3568 533 3592 92
551 3560 638 3587 Multa
652 3569 749 3595 pauca,
770 3571 864 3597 magna
877 3570 975 3597 parua,
996 3559 1075 3594 longa
1095 3559 1206 3592 breuia,
1231 3559 1281 3587 lata
1295 3570 1339 3588 an·
1354 3569 1386 3595 95
1405 3568 1430 3589 ct
1445 3563 1493 3589 scis
1541 3563 1572 3589 In
1585 3562 1667 3589 breue
1679 3567 1706 3588 te
1719 3561 1794 3597 cogi,
1813 3562 1905 3596 plenus
1916 3569 2000 3597 quum
2011 3561 2120 3594 languet
2132 3566 2236 3587 amator
2250 3569 2255 3586 :
2286 3562 2317 3589 li
2333 3564 2363 3596 ἴ,

294 3595 373 3628 gusta.
444 3589 618 3624 Comici-siunt
638 3603 704 3623 voto
726 3597 805 3632 longa
827 3597 971 3633 breuisque
992 3604 1073 3628 mee,
1096 3594 1124 3621 de
1140 3594 1232 3630 puellis
1255 3597 1337 3623 Ouid.
1404 3598 1557 3634 alloquitur,
1577 3600 1718 3634 cuiparum
1735 3597 1865 3624 admodum
1888 3598 2006 3632 tmporis
2025 3595 2193 3630 impendatur.
2306 3600 2355 3633 >J
2406 3622 2408 3628 ,

295 3631 385 3656 Amor.
399 3640 423 3661 2,
436 3640 465 3665 4,
477 3633 517 3665 36.
565 3631 611 3658 Ad
624 3638 718 3666 tempus
731 3633 876 3668 rqfcruntur
887 3654 896 3667 ,
916 3633 1001 3661 Breue
1014 3631 1061 3664 sit,
1081 3629 1153 3666 qu'od
1166 3631 1280 3665 turpiter
1293 3641 1338 3659 au-
1405 3634 1514 3666 Breuis,
1532 3635 1574 3660 vel
1590 3633 1674 3661 B‘rcue
1683 3652 1691 3667 ,
1706 3640 1757 3675 pro
1770 3633 1863 3661 Libello
1875 3635 1982 3668 ponitur
1993 3630 2125 3666 aliquando
2134 3651 2142 3664 ,
2160 3634 2188 3657 in
2201 3640 2247 3667 quo
2259 3628 2321 3668 quid
2340 3634 2359 3663 ³⁷.

295 3665 338 3692 des
353 3668 469 3694 luuenal.
484 3673 508 3701 8,
521 3668 573 3701 165.
644 3667 728 3694 Modo
741 3677 774 3694 ue
787 3668 937 3703 existimes,
956 3667 1064 3696 breuius
1076 3667 1125 3693 esse
1139 3664 1173 3692 ab
1186 3665 1251 3693 vrbe
1267 3668 1339 3694 mitti
1404 3667 1447 3702 est.
1483 3669 1513 3696 L.
1527 3669 1575 3696 vlt.
1589 3669 1621 3696 de
1635 3678 1693 3696 con.
1707 3669 1762 3696 tusci
1773 3668 1889 3696 debitor.
1905 3666 1938 3694 in
1950 3666 1981 3693 C.
2001 3666 2074 3693 Inter
2085 3666 2217 3694 chartulas
2230 3665 2332 3694 confite
2344 3694 2346 3696 ,

293 3700 408 3728 Traian.
421 3712 461 3737 ap.
476 3703 541 3730 Plin.
555 3704 600 3738 Ep.
615 3711 653 3736 ιο,
668 3711 713 3736 49.
768 3703 813 3730 Ad
823 3705 951 3732 verborum
958 3706 1110 3740 paucitatem
1123 3701 1180 3729 Cic.
1194 3701 1226 3728 de
1240 3703 1297 3731 Pin,
1310 3712 1340 3736 4,
1404 3705 1445 3731 vis
1462 3705 1572 3740 quidam
1591 3705 1750 3732 ass'euemtur
1766 3705 1906 3735 inuentus,
1926 3701 1973 3736 qui
1991 3701 2102 3729 nomina
2120 3702 2274 3730 debitorum
2320 3705 2323 3709 '

294 3741 328 3769 48
346 3746 367 3762 C·
383 3743 406 3767 ¹8
424 3739 510 3766 Venio
531 3739 564 3766 ad
588 3739 634 3766 illa
655 3744 699 3765 tua
721 3738 830 3770 breuia,
849 3749 918 3775 quae
936 3738 1098 3767 consectaria
1115 3737 1164 3764 else
1177 3737 1296 3768 dicebas,
1312 3746 1337 3766 et
1347 3750 1394 3768 100
1405 3740 1539 3775 Lamprid.
1554 3741 1628 3768 Alex.
1643 3749 1671 3768 21
1691 3741 1792 3768 Milites
1804 3739 1864 3765 tuos
1877 3737 1910 3764 sic
1925 3737 2019 3770 sciuit,
2039 3744 2069 3764 vt
2080 3738 2109 3764 in
2130 3737 2254 3765 cubiculo
2266 3736 2300 3764 ha

295 3771 410 3806 primum
433 3773 510 3808 illud,
524 3784 579 3810 quo
601 3774 671 3802 nihil
690 3774 773 3810 potest
787 3775 836 3801 ess’e
849 3774 974 3808 breuius,
995 3775 1099 3804 Bonum
1111 3778 1191 3801 omne
1205 3773 1338 3800 laudabile
1404 3784 1449 3802 ves
1464 3783 1490 3803 et
1503 3785 1644 3803 numerum
1662 3783 1687 3804 ct
1699 3782 1819 3810 tempora
1831 3772 2015 3800 militantium.
2052 3773 2102 3800 Eos
2122 3773 2222 3806 libros,
2246 3778 2305 3810 quo>

293 3813 339 3833 etc.
376 3809 494 3842 Proponit
508 3813 624 3837 nivariam
637 3821 666 3837 ar
682 3817 783 3837 umento
796 3810 889 3843 breuia,
897 3818 920 3837 et
934 3811 998 3846 Syllo
1017 3810 1246 3846 1smosStoicorum.
1282 3809 1339 3836 Cic·
1404 3810 1502 3838 habere
1520 3811 1610 3839 breuis
1629 3811 1748 3840 subditus
1765 3808 1888 3836 edocebit
1911 3808 1987 3835 Hier.
2006 3809 2084 3844 Epist.
2106 3809 2138 3836 ad
2157 3809 2286 3837 florent..

294 3841 327 3869 de
341 3842 410 3870 Clar.
425 3845 498 3871 Orat.
512 3848 556 3872 162
575 3847 660 3873 Etam
682 3847 735 3873 itus
750 3845 796 3872 ille
808 3845 979 3880 verborum(
997 3847 1052 3874 ilic
1065 3844 1206 3882 periodum
1226 3844 1339 3879 appella·
1405 3847 1494 3874 Aurel.
1516 3849 1549 3880 36
1570 3848 1655 3875 Breue
1674 3844 1761 3879 (MSS.
1784 3844 1915 3875 Breuem)
1938 3845 2078 3871 ”Ominum
2099 3843 2258 3879 conscripsit-

293 3878 318 3904 ri
329 3878 430 3913 placet)
444 3886 498 3906 erat
511 3882 580 3914 apud
593 3881 668 3909 illum
682 3881 830 3909 contractus
844 3887 869 3908 et
880 3881 980 3909 breuis.
1020 3881 1066 3910 Ad
1075 3881 1216 3916 inuficorum
1230 3887 1254 3906 et
1265 3881 1337 3915 ryth-
1401 3881 1485 3909 breue
1499 3883 1568 3910 infra
1581 3883 1706 3918 [criptum
1726 3879 1830 3914 Vopisc.
1843 3879 1937 3906 Bonos.
1953 3889 1974 3905 c.
1983 3889 2017 3913 15.
2054 3881 2165 3909 Breuem
2174 3880 2229 3907 MS.
2248 3883 2273 3904 et
2283 3887 2307 3904 m
2355 3904 2358 3905 ⁷
2391 3902 2394 3903 .

293 3916 410 3941 mitorum
424 3915 506 3941 moder
515 3919 626 3950 pertinet
649 3918 704 3945 Cic.
718 3917 750 3944 de
762 3918 837 3945 Orat.
852 3925 875 3949 3,
890 3920 935 3951 196
954 3927 976 3946 c.
988 3925 1020 3953 50
1049 3916 1269 3953 Quotusquisque
1289 3915 1336 3948 cst,
1345 3922 1387 3949 105
1402 3925 1544 3945 nnmerum
1560 3917 1621 3945 fuit.
1659 3917 1752 3952 Nempe
1765 3916 1868 3951 ⁴plenum
1886 3922 1940 3942 erat
1953 3915 2046 3943 Breuis
2064 3916 2186 3950 libellus,
2205 3912 2334 3941 volumen
2348 3923 2406 3971 ‘Hi

2324 4051 2330 4055 ⁵
2354 4055 2366 4062 a
