2474 4182
294 190 368 236 839
683 177 718 216 c
794 174 828 213 E
907 173 950 212 N
1503 235 1506 238 ξ
1818 165 2044 213 οΕΝ
2359 186 2433 232 84,

294 276 396 302 vertat,
416 274 441 296 01
455 268 576 296 Caelium
591 266 699 300 incipiat
714 264 832 290 accusare
845 262 891 288 illa
904 263 948 289 sua
960 262 1090 297 grauitate
1103 262 1246 289 Censoria?
1283 261 1339 286 Ho-
1401 265 1415 291 ς
1427 265 1494 298 ἀντε
1507 260 1610 294 quadam
1626 259 1735 295 efficere,
1755 268 1785 288 vt
1799 264 1866 288 inter
1880 264 1947 287 ciues
1964 261 2084 297 censeare.
2104 254 2105 257 ¹
2159 265 2214 293 Cic,
2227 274 2276 301 pro
2289 267 2392 296 Caecin·
2404 249 2447 304 9ἐῖ

295 315 340 333 1110
353 305 503 337 censorius,
523 308 565 340 qui
578 306 703 339 censuram
714 299 793 336 gzffle.
849 299 905 325 Cic.
920 298 952 325 de
965 299 1039 325 Orat.
1055 308 1080 331 2,
1095 303 1140 331 368
1159 308 1180 324 c.
1195 303 1226 330 89
1264 295 1340 336 Qud
1402 293 1573 334 Libe-rantur⁴
1584 297 1660 322 censu
1679 298 1720 331 (i.
1737 305 1782 332 per
1802 298 1829 323 id
1842 297 1935 334 zpfilm,
1954 298 2019 332 quod
2040 299 2168 327 voluntate
2185 301 2277 328 domini
2296 303 2418 338 cenfimuf
2428 282 2446 317 ⁹

295 342 367 369 enim
387 342 486 376 poterit
506 341 594 366 dicere
608 340 616 364 ’ί
645 336 817 363 Consularem
836 334 861 360 se
886 335 934 360 esse
955 334 1093 361 hominem
1114 341 1140 360 et
1160 334 1317 360 Censorium
1331 333 1340 357 3
1403 339 1450 364 qui
1465 339 1492 356 in
1507 331 1633 370 seruitute
1647 333 1712 360 iusta
1725 334 1842 360 fuerunt.
1914 333 2018 367 leian.
2033 333 2075 360 tit.
2091 342 2117 366 1,
2136 340 2149 365 8
2173 338 2259 364 censu
2276 327 2442 368 Manumittef.

294 378 426 405 Iudicium
441 377 634 408 Rationemque
653 371 800 398 censoriam
813 376 903 397 tenere
918 370 974 397 Cic.
989 371 1017 396 in
1032 371 1117 396 l’ison.
1135 378 1171 395 10,
1244 368 1339 394 Censo-
1401 365 1499 405 bantur
1516 367 1583 392 serui
1598 367 1680 399 olim,
1699 370 1748 402 qui
1764 369 1866 396 lustrali
1887 369 1963 395 censu
1981 370 2082 396 Romae
2104 369 2170 396 iuffu
2187 372 2356 400 dominorum
2375 375 2433 405 inm

294 414 366 442 rium
386 413 514 440 iudicium
532 419 560 436 ac
581 408 674 439 notio,
697 414 722 434 ct
742 406 809 433 illud
826 415 933 434 morum
955 405 1144 433 seueriffimum
1159 404 1340 438 magisterium
1361 409 1374 435 ς
1404 410 1476 440 ciues
1498 402 1632 428 Romanos
1659 404 1765 430 censum
1792 405 1995 440 profitebantur.
2067 405 2213 433 Lustralem
2238 403 2343 434 cetisum
2363 418 2428 439 vocar
2455 423 2465 433 >-

293 450 369 478 Idem
382 450 413 476 de
430 450 504 474 Prou.
515 446 592 472 Cons.
607 447 643 478 46
663 453 684 470 c.
700 452 738 476 19.
793 443 906 469 Notatio
919 443 974 469 Cic.
985 451 1033 476 pro
1047 442 1152 468 Cluent.
1167 446 1217 470 128.
1266 440 1340 466 Nota
1405 439 1497 472 Nempe
1518 437 1549 477 de·
1559 439 1618 464 aliis
1631 447 1723 474 quoque
1732 444 1874 474 prouinciis
1887 450 1971 468 verum
1986 438 2036 475 est,
2053 440 2120 476 quod
2139 444 2178 468 ait
2197 443 2251 468 Cic.
2263 444 2340 471 Verr.
2356 453 2383 478 2,
2393 433 2446 482 ‘135'j

294 485 412 513 censoria
434 481 564 515 Qiinenl.
586 489 608 514 ς,
629 489 664 512 13,
679 488 717 512 32.
789 479 843 506 Lex
864 479 922 505 Cic.
937 480 972 508 O.
985 479 1069 504 Fratr.
1084 486 1104 509 1,
1119 485 1137 502 1.
1208 476 1295 502 Varro
1309 475 1339 501 R.
1404 482 1425 499 c.
1441 476 1471 506 36
1497 474 1601 506 Quinto
1614 482 1723 508 quoque
1741 483 1810 501 anno
1824 477 1914 503 Sicilia
1928 483 1984 504 tota
1997 477 2125 504 censetur.
2196 478 2269 504 Idem
2281 475 2356 506 Verr.
2369 482 2439 514 22³¹&

294 523 326 549 R.
341 531 361 552 2,
378 530 397 552 1,
412 522 439 545 16
466 518 593 545 Censoria
607 514 787 547 committit,si
801 515 860 550 quis
875 515 1030 548 inscriptum
1045 521 1121 547 pecus
1135 511 1247 547 pauerit.
1284 511 1340 537 Cic.
1404 518 1425 535 c.
1443 511 1476 535 26
1502 510 1616 542 Census,
1635 511 1682 544 qui
1694 509 1745 536 isto
1758 511 1881 539 Praetore
1902 515 1959 540 sunt
1973 513 2075 545 habiti,
2094 521 2149 538 non
2169 513 2332 541 seruaturum
2346 516 2376 542 *se
2388 511 2471 546 Mein.

293 567 342 592 pro
356 556 459 582 Cluent.
472 563 520 593 1234
541 563 561 580 c.
575 562 613 586 44
631 551 714 592 'Qiid
729 551 782 584 est,
802 551 874 586 quod
887 557 918 590 te.-
931 550 978 576 ista
999 548 1134 580 censoria,
1152 547 1205 588 siue
1219 547 1342 588 voluntas
1405 545 1481 571 tellus
1495 545 1652 572 ostenderat.
1675 584 1679 587 ⁸
1726 546 1855 587 Dedicate
1867 548 1895 574 in
1907 549 2012 575 censum
2025 548 2134 583 praedia
2149 546 2182 581 est
2196 548 2308 584 dfferre,
2321 548 2444 586 pnfiffmfy

293 593 362 624 fuit,
381 591 434 617 siue
456 589 574 624 Opinio,
593 587 737 622 adiuuare,
762 594 806 613 aut
825 587 894 613 hunc
913 592 1079 612 innocentem
1099 592 1252 619 opprimere
1273 584 1342 617 polle
1359 591 1388 609 io
1405 581 1473 607 Gell.
1484 589 1511 616 7,
1525 589 1549 607 ιε
1570 591 1598 607 ex
1611 588 1722 608 oratmne
1736 582 1761 608 P.
1776 582 1904 610 Africani.
1924 585 1973 611 Sed
1984 592 2013 611 tu
2027 585 2056 611 in
2068 593 2123 611 vno
2135 584 2221 611 scorto
2234 585 2360 612 maiorem
2371 590 2449 622 per-u.¹

292 628 424 655 videatur.
497 624 667 652 Columel.12
691 633 730 658 pr.
751 632 779 649 10
800 622 959 649 Censorium
972 630 1038 655 opus
1052 620 1189 655 suscipere.
1262 619 1342 646 Ratio
1405 618 1477 643 niam
1501 616 1660 657 abstamfisti,
1684 626 1763 652 quam
1783 619 1876 653 quanti
1895 628 1974 647 omne
1993 621 2198 647 instrumentum
2217 620 2294 646 fundi
2311 616 2402 656 Sabini
2413 633 2439 652 u

293 664 348 690 Cic.
362 672 411 697 pro
424 661 529 688 Cluent.
545 665 591 690 118.
663 659 793 686 Seueritas
813 659 886 685 Idem
908 667 956 693 pro
976 657 1081 684 cluent.
1098 665 1143 688 ¹29
1171 666 1192 682 c.
1208 657 1252 689 46.
1311 657 1342 681 Et
1406 654 1511 679 censum
1530 652 1664 679 dedicasti.
1735 653 1790 680 Cic.
1811 663 1862 689 pro
1876 655 1958 682 Flacc.
1971 664 2006 690 79
2027 666 2048 683 c.
2063 665 2091 689 32
2116 657 2150 682 At
2168 655 2232 682 haec
2250 656 2354 693 praedia
2369 659 2444 688 em„

295 701 374 726 Vetus
392 698 439 724 illa
459 697 583 732 magistra
596 695 705 730 pudoris
724 701 749 722 et
764 694 923 726 modestiae,
943 693 1068 719 seueritas
1089 692 1208 719 censoria
1223 692 1296 717 ldem
1314 691 1343 716 in
1405 689 1434 714 in
1448 689 1526 729 censu
1548 690 1671 720 (censum
1683 690 1733 725 legi
1746 691 1833 716 volunt
1852 691 1922 725 Lips.
1937 692 2130 724 VarnLeeh3,
2144 701 2161 717 i.
2196 698 2220 718 et
2240 691 2329 718 Cuiae.
2342 677 2448 739 iqssfissai

291 736 377 762 Pison.
392 743 408 767 9
436 742 458 760 c.
473 744 500 766 4.
574 733 629 759 Cic.
646 741 695 767 pro
716 731 819 758 Cluent.
838 739 878 762 ¹23
904 739 926 755 c.
941 738 980 763 44
1006 729 1050 756 Ne
1068 728 1218 754 censorium
1232 727 1344 757 Srihun,
1407 724 1571 751 dedicauisti.
1610 726 1684 752 Hinc
1705 727 1812 752 Gronou.
1831 726 1865 752 ad
1883 727 1952 753 Gell.
1971 727 1989 754 l.
2003 737 2025 754 0.
2045 728 2112 764 apud
2124 729 2237 754 Varron.
2253 727 2285 753 de
2297 727 2326 754 L.
2338 728 2372 756 L.1
2390 722 2444 765 *¹3:¹¹

293 772 367 798 cuius
387 778 542 796 mucronem
563 768 654 795 multis
673 767 800 794 remediis
824 767 939 792 maiores
965 765 1048 791 nostri
1067 764 1238 794 retuderunt,
1259 769 1344 801 aeque
1363 778 1388 803 ¹3
1408 769 1432 794 p.
1447 765 1485 792 38,
1500 768 1534 800 ,²7
1555 762 1605 800 legi
1619 762 1692 801 pult,
1712 762 1811 788 Omnes
1829 761 1858 788 in
1877 763 1954 789 censu
1975 763 2053 790 villas
2065 763 2217 791 dedicamus
2233 762 2323 796 aedes,
2336 770 2370 800 pr
2390 768 2434 796 Μ

292 806 398 843 posthac
412 811 491 839 atque
503 804 676 831 dictatorium
694 803 770 829 illum
785 801 902 837 gladium
916 801 1138 837 pertimescamus.
1210 796 1342 830 Qunehl.
1406 802 1482 832 gato,
1497 796 1559 823 inde
1572 800 1684 823 dicimus
1698 798 1783 824 aedes.
1826 799 1858 824 Et
1871 798 1899 824 de
1907 800 1962 825 Pec.
1977 798 2032 826 Vei.
2045 809 2074 834 4,
2087 808 2096 826 1
2116 809 2140 834 p.
2153 801 2202 826 260
2222 798 2363 833 leianum
2404 815 2406 822 1
2424 805 2431 808 “

292 851 316 876 ς,
333 852 367 875 13,
386 851 414 875 33
438 841 566 868 Censoria
581 840 772 874 subscriptione
789 837 961 866 exheredauit
980 837 1081 867 lilium,
1105 837 1123 859 i.
1138 832 1205 869 quafi
1222 833 1344 869 cenfhrcm
1407 833 1452 858 dat
1471 832 1488 857 l.
1503 834 1539 866 64
1563 832 1595 859 D.
1616 833 1649 859 de
1668 833 1768 868 acquir.
1782 842 1834 860 rer.
1851 833 1952 860 domin.
1979 836 2055 869 Qae
2069 836 2182 871 quisque
2201 835 2288 861 aliena
2302 836 2332 862 in

290 888 376 916 agens.
414 879 492 904 Locus
504 875 538 910 est
552 887 581 903 ex
596 877 651 903 Cic.
666 884 715 910 pro
724 875 828 902 Cluent.
843 883 864 900 c.
875 879 907 906 48
925 883 993 908 quem
1006 874 1032 897 in
1047 878 1063 896 c
1073 877 1089 896 Ε
1100 877 1120 895 N
1130 878 1142 895 s
1152 876 1199 895 oR
1220 875 1298 895 totum
1313 870 1345 895 Ie·
1407 867 1511 895 dedicat
1532 869 1621 905 (vulg.
1637 869 1761 901 deducit)
1778 869 1868 896 nihilo
1881 870 1965 905 tnagis
1979 871 2035 897 eius
2050 871 2125 898 fiunt.
2183 871 2296 897 Deferre
2309 870 2337 897 in

290 914 396 951 gendum
408 912 610 940 commendamus.
667 910 792 938 Tabulae
806 909 947 937 Censoriae
962 907 1034 932 Idem
1047 914 1096 940 pro
1110 904 1216 945 Cluent.
1229 914 1259 938 4¹
1280 914 1301 931 c.
1314 913 1344 939 14
1407 904 1471 944 {dem
1485 904 1632 941 stgrzficat‚
1659 905 1717 931 Sen.
1731 905 1763 932 de
1772 905 1863 932 Benef.
1880 914 1899 938 1,
1913 915 1925 939 3
1951 906 2010 933 Nee
2022 906 2077 934 illis
2092 906 2182 934 fraudi
2196 906 2250 939 est,
2265 905 2289 933 ‘si
2303 906 2386 934 aliun:
2414 922 2424 931 Μ
2446 906 2451 938 J

291 951 320 977 de
332 952 425 977 Larino
438 951 581 984 municipio.
654 946 786 981 QuinGtil.
802 956 820 975 i,
834 955 862 978 4,
876 954 891 970 2
911 945 1021 969 Veteres
1036 947 1203 981 grammatici
1216 950 1271 967 non
1286 950 1344 967 ver-
1358 955 1394 974 20
1407 949 1436 966 in
1449 941 1553 967 censum
1569 941 1729 968 detulerunt.
1800 942 1832 967 Er
1846 942 1926 976 Epist.
1941 950 1973 975 95
1994 943 2066 969 Haec
2079 942 2172 969 onmia
2184 942 2350 969 aestimatore
2368 955 2378 965 ν
2407 953 2439 975 j·
2472 944 2474 946 '

291 987 332 1013 sus
351 985 433 1013 modo
452 985 572 1011 censoria
590 983 705 1018 quadani
724 982 830 1016 virgula
850 986 956 1018 notare,
976 985 1022 1003 etc.
1068 1013 1073 1017 ”
1104 978 1161 1004 010.
1176 985 1225 1011 pro
1239 977 1345 1004 Cluent.
1407 975 1515 1009 derant,
1536 977 1628 1011 quanti
1643 977 1763 1012 quidque
1777 977 1805 1003 in
1818 979 1923 1004 censum
1941 978 2115 1006 deferendum
2134 978 2173 1005 sit.
2246 977 2366 1012 Qiinfiijl
2382 975 2384 980 ’
2411 1008 2413 1011 Ι

292 1031 338 1055 ¹29
363 1032 384 1049 c.
399 1023 437 1055 46
460 1021 559 1048 Sortiri
576 1019 608 1047 ad
623 1028 734 1054 poenam
745 1038 752 1049 ‚
771 1024 850 1050 atque
865 1015 1008 1040 hominum
1021 1012 1151 1040 delictum
1165 1014 1289 1040 fortunae
1304 1013 1344 1039 iu-
1407 1018 1457 1047 278
1472 1013 1527 1038 Iam
1541 1013 1586 1039 illa
1602 1013 1724 1048 [11010610
1737 1015 1803 1040 citra
1816 1013 2055 1049 interrogationem
2067 1015 2140 1042 sunt:
2158 1011 2232 1041 cuius
2246 1011 2376 1041 tuleritn·
2424 1031 2426 1042 >

290 1058 364 1085 dicio
377 1057 561 1088 committere,
582 1056 693 1082 mininie
707 1052 856 1079 censorium
871 1050 915 1076 est.
1407 1049 1436 1074 in
1450 1048 1525 1074 cuius
1539 1050 1644 1075 censum
1658 1049 1759 1076 delatus
1774 1049 1819 1081 sit,
1839 1049 1932 1086 defilio
1943 1044 2108 1086 putaticii'et
2121 1053 2280 1088 vcripatris.
2316 1047 2381 1078 Adi.
2415 1043 2437 1084 J

327 1101 344 1122 c
354 1101 399 1121 EN
409 1101 422 1120 S
432 1094 480 1120 VR
491 1100 511 1118 Α
521 1113 529 1125 ,
553 1101 592 1119 ae.
631 1091 650 1116 f.
687 1089 830 1127 [τιμηγίιι]
865 1086 980 1122 Censoris
992 1083 1115 1126 officinm,
1135 1085 1177 1125 ‘’f’'
1187 1087 1261 1111 etiam
1275 1091 1344 1125 opus,
1408 1084 1426 1111 l.
1440 1094 1458 1118 4
1483 1083 1507 1120 §.
1522 1092 1545 1117 ς,
1559 1087 1585 1117 6,
1599 1093 1617 1120 7
1643 1085 1671 1111 ff.
1689 1085 1720 1112 de
1739 1085 1866 1112 censibus.
1919 1086 1967 1114 sed
1987 1086 2098 1114 Referre
2118 1095 2147 1113 m
2165 1086 2272 1113 censum
2287 1085 2359 1122 Cenfla
2377 1086 2384 1106 ἶ

289 1133 309 1156 ι’,
326 1128 521 1162 animaduersto,
541 1124 699 1162 reprehensio,
738 1124 804 1149 Plin.
820 1131 859 1155 14,
873 1133 892 1157 4
912 1123 1046 1148 Catonum
1059 1121 1107 1147 ille
1121 1130 1233 1155 primus,
1248 1127 1343 1147 trium·
1357 1130 1389 1156 25
1406 1127 1430 1146 et
1444 1123 1496 1146 cius
1509 1124 1696 1156 apparitorum,
1714 1131 1738 1148 v.
1753 1131 1778 1159 g.
1798 1121 1858 1148 Liu.
1872 1129 1914 1156 39,
1926 1131 1965 1157 44
1988 1123 2055 1149 Cato
2069 1128 2226 1149 ornamenta
2242 1127 2268 1148 et
2279 1121 2344 1148 vest
2362 1123 2365 1126 “

289 1166 344 1201 pho
357 1172 383 1193 ct
398 1166 505 1192 censura
524 1165 601 1197 super
618 1167 719 1187 caetera
741 1158 859 1193 infignis.
932 1157 993 1184 Liu.
1007 1166 1036 1190 4,
1051 1165 1084 1190 24
1108 1157 1232 1184 91613101·
1245 1157 1343 1183 Censu-
1407 1157 1436 1182 in
1450 1157 1555 1182 censum
1569 1157 1671 1183 referre
1687 1158 1804 1184 viatores
1816 1157 1892 1184 iuffit.
1965 1158 2036 1186 Flor.
2052 1167 2071 1190 1,
2083 1160 2100 1185 6
2119 1158 2161 1184 Ab
2175 1158 2226 1185 11οο
2246 1157 2347 1192 (Seruio
2420 1181 2429 1192 .

290 1211 347 1230 ram
361 1202 482 1228 minuere
496 1203 577 1232 parat.
614 1210 660 1216 —
696 1194 771 1221 Alios
790 1193 958 1229 magistratus
978 1202 1081 1220 annuos
1100 1194 1147 1219 esse
1163 1204 1168 1219 :
1193 1192 1343 1228 quinquen·
1406 1193 1520 1227 Populus
1537 1193 1672 1219 Romanus
1686 1194 1792 1220 Relatus
1805 1195 1833 1220 in
1848 1194 1962 1220 censum.
2020 1196 2058 1222 De
2071 1193 2154 1220 eadem
2167 1193 2294 1222 re'l'acit.
2305 1194 2374 1220 Anii:
2423 1218 2425 1221 ,
2441 1185 2444 1197 '

288 1237 375 1264 nalem
395 1236 529 1262 censuram
547 1244 552 1259 :
588 1247 634 1252 —-—
670 1231 701 1258 Se
719 1231 804 1266 legem
826 1231 960 1263 laturum,
976 1238 1010 1256 ne
1029 1229 1087 1264 plus
1107 1238 1187 1264 quam
1208 1237 1294 1255 annua
1314 1237 1343 1255 ac
1407 1229 1439 1254 Et
1456 1237 1488 1254 ne
1508 1228 1625 1255 censibus
1645 1229 1843 1264 negotiatorum
1863 1238 1942 1257 naues
1961 1229 2190 1263 adscriberentur,
2210 1229 2377 1266 tributumq'
2417 1228 2437 1251 Γ

289 1271 418 1299 semestris
437 1270 545 1296 censura
567 1269 635 1294 esset.
672 1267 741 1294 Aila.
755 1276 781 1301 9,
796 1275 831 1298 33.
905 1266 1003 1300 Aspera
1023 1266 1131 1292 censura
1150 1265 1240 1291 Fuluii
1258 1264 1344 1291 Flacci
1406 1264 1462 1290 illis
1479 1265 1640 1299 penderent,
1657 1264 1838 1292 constitutssm.
1894 1266 2002 1300 leian.
2018 1266 2035 1293 l.
2048 1275 2067 1300 4
2091 1265 2118 1292 ff.
2133 1265 2165 1293 de
2180 1264 2276 1292 ccnfib.
2295 1266 2357 1292 For·
2372 1271 2380 1291 .“
2413 1263 2444 1296 μ’·

287 1314 313 1334 01
326 1306 473 1334 Poslhumii
487 1304 580 1332 Albini
595 1304 647 1330 fuit
660 1303 808 1330 Paterculus
823 1301 871 1328 lib.
888 1310 908 1334 1,
924 1311 962 1334 10,
978 1309 1000 1335 5.
1073 1300 1155 1327 Ouid.
1166 1301 1232 1327 Fast.
1248 1302 1274 1332 6,
1289 1303 1344 1335 647
1358 1311 1390 1336 30
1409 1300 1474 1327 suali
1495 1308 1617 1333 cauetur,
1639 1308 1667 1328 vt
1680 1302 1738 1336 agi-i
1752 1301 1785 1328 fic
1799 1302 1827 1328 in
1840 1302 1946 1329 censum
1959 1302 2112 1329 referantur
2127 1313 2132 1328 :
2157 1302 2268 1329 Nomen
2282 1300 2348 1328 fund
2365 1296 2367 1299 ⁴
2417 1292 2437 1307 Ἰ

288 1344 329 1370 Sic
344 1343 441 1376 Agitur
455 1342 578 1373 censura,
599 1347 624 1366 ct
638 1339 670 1365 sic
681 1339 803 1373 exempla
817 1344 952 1373 parantur.
1026 1336 1160 1370 Qiinffil.
1176 1345 1214 1369 12,
1230 1345 1254 1369 9,
1273 1345 1290 1370 9
1313 1346 1343 1362 ex
1408 1346 1476 1371 que,
1500 1344 1546 1363 etc.
1609 1337 1654 1364 Ad
1672 1337 1718 1364 hoc
1735 1348 1812 1374 genus
1825 1338 1955 1374 formulas
1969 1338 2078 1375 respexit
2098 1338 2268 1374 Theophilus,
2291 1334 2351 1364 cum'

286 1381 369 1415 Appio
383 1378 526 1405 Censuram
547 1376 615 1403 male
628 1375 734 1402 dicendi
750 1375 856 1406 subire,
875 1377 894 1400 i.
909 1372 1054 1400 contendere
1061 1373 1109 1409 Jilb
1122 1372 1266 1404 iudicibus,
1287 1379 1345 1399 vter
1407 1373 1447 1398 illi
1461 1370 1493 1406 cst
1506 1372 1629 1399 Instituto
1646 1382 1655 1399 1
1665 1393 1673 1406 ,
1694 1381 1707 1406 ς
1739 1374 1825 1406 Σανίς,
1842 1372 1893 1403 ἤτοι
1909 1373 2006 1410 χάρτης
2024 1373 2084 1400 ἔθα
2096 1373 2210 1407 Ῥωμαῖοι
2230 1372 2343 1409 ἅπεγρσέο

285 1415 451 1442 vehementius
468 1413 612 1439 maledicere
627 1412 712 1447 postit.
782 1412 903 1445 Propert.
920 1420 948 1444 4,
963 1418 996 1442 11,
1010 1418 1041 1443 41
1063 1410 1108 1435 Me
1116 1418 1204 1444 neque
1218 1408 1344 1434 censurae
1408 1408 1492 1434 οἰκείας
1509 1411 1629 1444 menalus
1636 1425 1657 1442 ,ι
1666 1416 1712 1436 etc.
1764 1410 1804 1436 De
1818 1410 1903 1436 Censu
1924 1409 1977 1436 siue
1997 1410 2183 1445 Adscriptione
2201 1409 2238 1436 est
2251 1409 2324 1436 Titu
2335 1418 2364 1436 us

286 1444 1344 1486 Legemrnolliffe,i.cenfiaramm1'nusfiuere,etrem1ffius,quamoportebangeffiſjb.
1408 1445 1438 1471 C.
1453 1444 1566 1471 Theod:
1585 1445 1629 1472 vbi
1641 1445 1692 1471 vid.
1708 1446 1853 1473 Paratitlon
1872 1453 1895 1472 et
1909 1446 2042 1473 Commenr.
2059 1447 2112 1473 Iac.
2128 1445 2289 1482 Gothofredi.

287 1485 592 1514 CensuramVinifacere
601 1484 735 1517 Plin.14‚6.
751 1479 1343 1512 CensuraviuorumdifficssisestVe11.2‚36,3.
1363 1490 1391 1515 35
1409 1481 1508 1507 Census
1533 1479 1582 1513 cst,
1601 1481 1726 1517 quidquid
1735 1481 1905 1517 fortunarum
1923 1485 1982 1518 quis
1999 1481 2081 1509 habet.
2135 1482 2220 1508 Totis
2240 1489 2322 1517 paene
2342 1489 2356 1508 c
2378 1494 2415 1514 μμ

284 1526 305 1549 ι’.
313 1522 432 1549 iudicium
440 1521 468 1548 de
469 1518 657 1558 superstitibus.
692 1519 757 1545 l'lin.
766 1520 891 1553 Panegyr.
901 1526 933 1551 45
945 1517 1017 1544 Nam
1025 1517 1081 1543 vita
1089 1516 1228 1551 principis,
1237 1517 1346 1543 censura
1410 1516 1514 1551 aliquid
1527 1516 1661 1544 redimere
1672 1518 1805 1544 Columel.
1822 1526 1849 1544 12
1870 1518 1953 1553 praef.
1975 1526 2000 1550 9.
2027 1521 2045 1545 i.
2055 1517 2231 1553 patrimoniis.
2305 1518 2355 1544 11111
2360 1529 2363 1530 ’
2376 1517 2424 1541 ιἰ·“·;.

286 1558 333 1592 est,
341 1566 426 1593 eaque
439 1562 578 1592 perpetua:
598 1555 631 1581 ad
646 1555 711 1581 hanc
726 1554 880 1589 dirigimur,
888 1554 920 1580 ad
935 1553 1001 1580 hanc
1013 1553 1207 1579 conuertimur.
1250 1553 1344 1578 quen.
1409 1561 1431 1585 3,
1448 1561 1496 1585 ¹40
1519 1553 1642 1579 Protinus
1660 1553 1692 1580 ad
1706 1554 1827 1586 censum,
1847 1554 1880 1580 de
1894 1553 2018 1581 moribus
2033 1554 2128 1580 vltima
2142 1553 2188 1580 fiet
2223 1552 2351 1588 Quaestio

287 1603 327 1627 10,
340 1602 367 1626 31
394 1593 490 1620 Facilis
504 1591 591 1618 cuiuis
604 1590 688 1625 rigidi
702 1591 809 1617 censura
822 1589 962 1621 cachinni,
984 1591 1003 1615 i.
1018 1588 1121 1615 ridendo
1136 1598 1246 1615 exercere
1261 1588 1344 1624 censu-
1410 1588 1443 1614 de
1456 1587 1549 1624 Legib.
1566 1597 1588 1621 2,
1600 1591 1631 1618 68
1653 1590 1674 1615 A
1688 1598 1743 1623 quo
1756 1590 1854 1616 iterum
1868 1590 1994 1616 funerum
2009 1590 2107 1617 sumtus
2120 1589 2279 1624 praefinitur
2291 1597 2323 1615 ex
2335 1597 2365 1616 c-
2379 1590 2408 1619 {133-
2440 1607 2441 1610 .

286 1640 342 1657 ram
355 1639 408 1656 cum
423 1631 581 1659 Democrito,
595 1627 680 1668 facile
696 1624 738 1659 est.
810 1626 956 1652 Censuram
975 1625 1091 1659 parentis
1107 1625 1179 1651 ferre
1200 1633 1254 1650 non
1275 1625 1345 1659 posse
1409 1631 1456 1650 etc.
1529 1625 1636 1658 leian.
1657 1625 1686 1651 in
1699 1625 1716 1651 l.
1729 1626 1798 1660 cogi.
1825 1626 1857 1652 D.
1871 1625 1904 1652 ad
1918 1625 2043 1652 Trebell.
2068 1625 2095 1653 Si
2108 1625 2303 1660 patrimonium
2318 1624 2348 1652 fu
2368 1618 2370 1622 ⁵
2395 1627 2400 1632 ’
2440 1616 2442 1624 ¹

287 1665 376 1693 Treb.
391 1664 478 1691 Pollio
490 1664 519 1689 in
533 1662 648 1689 Gallien.
668 1671 689 1687 c.
704 1670 727 1693 3.
797 1663 881 1698 Vexat
900 1661 1009 1698 censura
1028 1660 1164 1687 columbas
1184 1662 1278 1687 quen.
1292 1661 1343 1686 Sat.
1354 1673 1391 1698 40
1408 1666 1500 1694 gatus,
1519 1666 1545 1687 et
1560 1660 1577 1686 ss
1590 1660 1742 1692 facultates,
1759 1668 1785 1687 et
1803 1660 1821 1687 si
1838 1661 1970 1696 quidquid
1986 1661 2089 1694 habeo,
2113 1667 2139 1688 et
2155 1661 2174 1689 fi
2193 1662 2300 1688 censum
2312 1669 2354 1688 me
2383 1688 2389 1692 ,,

288 1710 314 1733 2²
328 1703 367 1732 63,
566 1695 588 1734 q
610 1705 624 1722 2
660 1697 777 1735 Censura
795 1706 810 1722 a
818 1696 968 1732 posterioris
985 1699 1040 1723 aeui
1053 1698 1155 1722 Latinis
1163 1696 1345 1732 firiptoribus,
1408 1696 1531 1722 fortunas
1543 1705 1629 1729 meas,
1653 1703 1679 1724 et
1693 1696 1711 1723 fi
1726 1696 1898 1724 substantiam
1911 1706 2014 1730 meam,
2029 1703 2055 1724 et
2068 1697 2087 1724 si
2102 1697 2239 1733 peculium
2252 1705 2342 1724 meum
2385 1692 2411 1726 :l

279 1744 331 1774 pro
347 1737 482 1764 Sezceritate
497 1740 522 1760 et
534 1731 681 1760 adduffiore
700 1732 835 1766 dijciplina
848 1731 985 1758 dicebatur.
1021 1732 1136 1767 Capitol.
1151 1733 1189 1758 M.
1205 1732 1344 1758 Antonino
1410 1731 1526 1763 dixerit,
1545 1738 1592 1758 etc.
1672 1732 1728 1758 Cic.
1747 1733 1776 1758 in
1795 1732 1886 1760 Parad.
1908 1735 1925 1759 6
1948 1733 2014 1760 Non
2033 1733 2217 1761 aestimatione
2237 1733 2345 1766 census,
2398 1708 2424 1754 “i

287 1772 396 1799 Phil.22
412 1772 463 1797 Res
478 1769 561 1796 ctiam
574 1770 602 1795 in
615 1769 742 1802 Sequanis
754 1766 871 1793 turbatas
884 1767 992 1793 censura
1006 1773 1032 1792 et
1046 1768 1205 1794 auctoritate
1218 1766 1345 1802 repreffit.
1409 1765 1484 1793 victu
1504 1773 1584 1800 atque
1601 1767 1675 1792 cultu
1695 1768 1855 1794 terminatur
1873 1768 2002 1804 pecuniae
2020 1769 2126 1796 modus.
2202 1769 2295 1797 Breuis
2331 1771 2365 1796 i.·

286 1809 318 1836 Et
333 1808 416 1843 Spart.
426 1806 516 1840 Nigro
529 1813 546 1840 7
574 1804 626 1831 Hic
638 1812 700 1837 erga
718 1802 819 1829 milites
839 1808 909 1828 tanta
924 1802 977 1827 fuit
990 1803 1114 1834 censura,
1134 1808 1179 1835 vt,
1197 1812 1257 1829 cum
1275 1802 1344 1837 apud
1406 1812 1447 1828 rcs
1455 1802 1602 1837 familiaris
1615 1802 1711 1828 Horat.
1723 1803 1812 1828 Carm.
1828 1810 1854 1834 2,
1874 1810 1913 1835 ις,
1929 1811 1963 1834 ¹3-
2035 1805 2142 1832 sueton.
2157 1806 2230 1833 caefi
2243 1813 2271 1838 33
2291 1789 2434 1832 Emstnp’gt

287 1845 436 1878 Aegyptum
452 1843 485 1869 ab
499 1850 532 1868 eo
545 1840 678 1867 limitanei
694 1838 793 1866 milites
806 1838 902 1865 vinum
916 1843 1051 1872 peterent,
1072 1837 1243 1871 responderet
1257 1848 1262 1864 :
1294 1839 1344 1865 Ni·
1354 1846 1387 1872 43
1407 1838 1488 1864 etiam
1504 1837 1636 1872 equestres
1650 1838 1739 1864 census
1751 1836 1886 1872 pollicitus
1901 1837 2018 1871 singulis.
2054 1841 2129 1876 Conf.
2142 1841 2209 1868 Plin.
2221 1849 2260 1875 33,
2280 1849 2289 1868 1
2309 1847 2334 1868 et
2349 1833 2394 1867 25⁰
2409 1847 2415 1871 ‚⁴
2438 1813 2449 1893 k

287 1881 344 1907 lum
358 1879 480 1910 habetis,
496 1883 522 1904 et
535 1877 630 1904 vinum
644 1875 774 1911 quaeritis
789 1875 798 1900 ἔ
868 1875 1011 1909 Opponitur
1025 1875 1100 1899 etiam
1113 1873 1268 1898 Clementiae.
1305 1874 1344 1899 M.
1403 1875 1499 1907 primis
1512 1873 1577 1899 Plin.
1593 1873 1648 1899 iun.
1663 1874 1709 1907 Ep.
1727 1882 1747 1906 i,
1762 1881 1790 1906 19
1813 1873 1866 1899 Effe
1880 1871 1935 1899 tibi
1949 1877 2056 1899 centum
2074 1875 2194 1902 millium
2209 1877 2332 1909 censum,
2349 1868 2427 1908 mis}
2438 1890 2445 1905 1,

289 1916 420 1943 Α1110111115
430 1916 506 1941 Orat.
515 1913 552 1940 ¹ad
566 1914 684 1939 senatum
698 1911 768 1946 apud
777 1910 931 1937 Vulcatium
947 1909 975 1936 in
988 1908 1071 1935 Callio
1086 1917 1114 1935 12
1134 1909 1189 1934 Vos
1202 1916 1252 1934 oro
1266 1913 1346 1942 atque
1410 1907 1495 1938 dicat,
1515 1907 1588 1942 quod
1601 1908 1671 1942 apud
1683 1917 1731 1934 nos
1745 1908 1856 1934 decurio
1869 1916 1904 1933 es.
1939 1907 2040 1943 Igitur,
2056 1914 2088 1936 vt
2098 1916 2125 1936 te
2137 1918 2193 1937 non
2206 1911 2352 1938 decurione
2364 1908 2423 1938 solu

288 1951 411 1983 obsecro,
420 1951 507 1977 Patres
516 1948 673 1983 conscripti,
692 1953 722 1974 vt
737 1947 845 1974 censura
857 1946 943 1973 vestra
961 1944 1093 1980 deposita,
1112 1952 1199 1970 meam
1218 1944 1347 1978 pietatem
1410 1951 1507 1969 verum
1525 1943 1606 1969 etiam
1627 1943 1719 1977 equite
1739 1943 1851 1969 Roman.
1868 1942 2056 1979 perfruamur,
2079 1945 2171 1973 Affero
2192 1946 2244 1973 tibi
2263 1946 2297 1973 ad
2316 1911 2451 1983 impletu}

288 1987 510 2022 clementiamque
524 1985 644 2016 sei-netis,
652 1984 738 2010 immo
749 1982 872 2009 vestram.
932 1982 1023 2008 Mores
1036 1980 1068 2007 ad
1082 1981 1219 2007 censuram
1232 1979 1347 2006 crudeli·
1410 1978 1542 2014 equestres
1556 1978 1694 2005 facultates
1710 1978 1779 2008 CCC
1793 1978 1880 2004 millia
1901 1977 2022 2006 numsim.
2093 1982 2159 2018 Ergo
2175 1982 2265 2009 census
2285 1982 2415 2016 equestris
2438 1986 2445 2011 ὲ

288 2029 423 2058 ratemque
435 2020 617 2058 propensiores
631 2019 705 2046 Idem
718 2017 785 2045 ibid.
805 2027 826 2043 c.
841 2025 875 2048 13.
953 2017 1111 2054 Meminerit
1125 2022 1229 2048 autem,
1251 2015 1346 2050 proba·
1361 2021 1393 2048 50
1407 2021 1516 2049 tempore
1538 2014 1635 2041 CCCC
1655 2013 1735 2041 millia
1755 2011 1870 2046 numism,
1906 2015 1924 2039 i.
1942 2022 2026 2041 10000
2043 2018 2162 2043 unciales.
2202 2044 2204 2047 ,
2229 2017 2347 2053 Exiguus
2365 2018 2422 2044 Hor
2438 2028 2439 2036 ¹

289 2059 387 2086 tissimo
399 2058 461 2085 viro
473 2057 562 2084 Plinio
579 2057 609 2083 in
623 2054 756 2082 PoEmatis
769 2053 922 2084 lasciuiam,
944 2052 974 2078 in
986 2052 1110 2078 moribus
1125 2051 1267 2078 constitisse
1287 2060 1346 2078 cen·
1412 2050 1490 2085 Epist.
1506 2059 1527 2084 1,
1542 2059 1562 2083 1,
1575 2058 1617 2084 43.
1687 2049 1850 2084 Exsuperans
1867 2048 1961 2075 (111ηὲ111
1973 2049 2135 2084 patrimonia
2150 2053 2243 2079 que'n.
2259 2061 2296 2084 10,
2310 2059 2344 2085 13.
2379 2053 2422 2079 Sat
2437 2044 2442 2079 ¹,

290 2097 378 2122 suram
390 2094 489 2121 Auson.
503 2092 582 2127 Epist.
601 2087 861 2125 Centonisuhiunfla
880 2097 905 2122 p.
920 2089 972 2120 516.
1410 2086 1509 2121 cupido
1542 2087 1633 2112 census
1668 2085 1800 2113 Indomiti
1839 2084 1913 2111 Idem
1934 2093 1973 2119 14,
1987 2087 2043 2119 176.
2112 2086 2229 2114 Intactas
2246 2087 2345 2114 Lucan.
2360 2095 2391 2119 3,
2409 2095 2419 2112 1
2438 2081 2439 2084 “

326 2137 399 2157 CEN
409 2137 421 2157 s
431 2137 451 2156 v
461 2135 473 2154 s
483 2148 491 2160 ,
512 2137 542 2161 a,
561 2137 617 2154 um.
651 2126 775 2159 Particip.
811 2123 984 2158 [τιμώμενος]
1025 2123 1070 2155 Vr,
1090 2122 1174 2148 Censa
1189 2121 1292 2147 ciuium
1307 2130 1346 2148 ca-
1411 2123 1525 2155 Magnus
1544 2123 1637 2148 quen.
1651 2129 1699 2155 14,
1713 2129 1774 2155 227.
1847 2121 1980 2148 Maximus
1999 2118 2107 2148 Suetoti.
2118 2116 2188 2148 TiB.
2206 2130 2288 2156 0³49·
2342 2121 2427 2155 Primi

290 2166 345 2202 pita
364 2172 470 2193 centum
489 2170 605 2199 quatuor
623 2167 650 2193 et
669 2161 769 2196 viginti
789 2160 877 2186 millia
897 2159 958 2185 Liu.
977 2167 1007 2190 3,
1025 2166 1048 2190 3.
1120 2156 1210 2184 Millia
1230 2157 1348 2191 capitum
1412 2157 1508 2182 Horat.
1521 2157 1611 2182 Carm.
1628 2165 1654 2188 2,
1670 2164 1706 2189 ις,
1722 2165 1756 2188 13.
1828 2157 1981 2183 Senatorius
2000 2157 2089 2183 census
2109 2156 2217 2184 Sueton.
2230 2157 2307 2191 Vesp.
2321 2157 2360 2191 17'.
2386 2162 2429 2186 „1³2

290 2202 365 2230 censa
384 2201 496 2228 ducenta
515 2199 649 2234 sexaginta
667 2197 721 2224 duo
740 2197 814 2223 Idem
834 2204 876 2228 10,
895 2202 941 2229 47.
1140 2190 1161 2228 ff
1193 2201 1210 2218 2
1247 2193 1347 2218 Census
1367 2202 1394 2228 35
1411 2193 1556 2217 trimonium
1564 2191 1703 2226 senatoris.
1744 2191 1802 2219 Vid.
1815 2192 1852 2218 ibi
1861 2194 1981 2219 Torrent.
1996 2198 2021 2218 et
2031 2192 2068 2219 ad
2077 2194 2145 2229 Aug.
2158 2203 2198 2227 41.
2268 2193 2369 2219 Homo*
2398 2181 2419 2210 Ὗ

289 2238 392 2266 videtur
407 2235 542 2272 aliquando
555 2236 645 2263 Romae
659 2231 745 2259 dicius
759 2231 811 2265 cffi’,
826 2233 869 2266 qui
882 2233 909 2256 in
918 2231 1006 2265 prima
1021 2226 1092 2261 claffi
1105 2227 1279 2263 diri'ffimorum
1294 2237 1348 2253 cen·
1413 2227 1490 2253 censu
1505 2227 1601 2252 Horat.
1616 2225 1696 2260 Epist.
1709 2233 1730 2258 1,
1745 2232 1773 2260 7,
1789 2228 1829 2258 36.
1901 2227 1985 2253 Diues
1998 2227 2112 2262 antiquo
2124 2228 2203 2255 censu
2219 2227 2294 2261 Idem
2308 2228 2340 2255 Se
2361 2241 2366 2252 ι
2379 2231 2382 2248 i

285 2274 332 2311 sus
346 2272 411 2306 effer.
448 2273 503 2298 Hoc
515 2268 670 2306 verifiaebcffe
682 2268 784 2294 videtur
797 2267 881 2293 verbis
894 2265 1002 2292 Asconii
1016 2264 1048 2290 ad
1063 2264 1119 2291 Cic.
1128 2265 1205 2290 Verr.
1221 2272 1240 2294 1,
1255 2272 1303 2297 104
1324 2273 1346 2290 c.
1414 2265 1467 2292 168.
1539 2262 1595 2288 Cic.
1610 2270 1660 2296 pro
1673 2261 1757 2288 Flacc.
1771 2269 1802 2294 52
1825 2262 1906 2289 Nunc
1925 2270 1992 2289 vero
2011 2262 2077 2297 quid
2098 2269 2206 2297 putem,
2223 2262 2368 2291 Tralliano

314 2318 323 2336 1
346 2309 426 2335 More
439 2312 561 2334 veterum
574 2305 640 2331 censi
656 2304 827 2334 dicebantur,
848 2302 895 2336 qui
911 2307 1016 2327 centum
1030 2300 1116 2326 millia
1128 2299 1287 2334 profeffione
1302 2299 1346 2325 dc·
1411 2297 1507 2325 andrio
1522 2298 1624 2324 causam
1638 2297 1810 2329 commisisse,
1827 2297 1933 2324 homini
1946 2298 2051 2332 egenti,
2072 2298 2198 2332 sordido,
2218 2298 2272 2326 sine
2284 2299 2354 2326 hon·
2370 2319 2371 2322 .

290 2345 416 2372 tulissent.
432 2347 436 2349 ’
453 2341 618 2379 Intelligenda
630 2343 750 2366 nimirum
768 2348 815 2363 non
830 2344 936 2363 centum
955 2335 1042 2362 millia
1060 2335 1126 2367 HS,
1147 2342 1176 2360 ut
1195 2336 1283 2361 volunt
1295 2337 1349 2371 qui·
1413 2334 1627 2365 existimatione,
1651 2332 1705 2359 fine
1726 2333 1803 2359 censu
1816 2333 1826 2359 ἒ
1899 2333 1979 2360 Ouid.
1992 2334 2058 2361 Met.
2072 2342 2100 2367 9,
2116 2337 2170 2369 670
2197 2334 2255 2362 Nec
2268 2332 2359 2362 census

291 2381 348 2408 dam
361 2383 416 2407 viri
428 2378 537 2411 eruditi,
551 2377 600 2414 sed
612 2381 719 2404 centuni
731 2374 820 2401 millia
836 2372 904 2400 aeris
917 2371 1014 2407 grauis,
1029 2374 1074 2406 qui
1083 2373 1183 2406 primae
1199 2370 1281 2405 claffis
1294 2372 1349 2397 Ser·
1358 2372 1393 2396 60
1412 2369 1567 2398 Nobilitate
1587 2370 1631 2396 sua
1649 2368 1746 2395 maior.
1779 2371 1798 2395 i.
1816 2369 1881 2395 Tam
1899 2368 2004 2400 nobilis,
2026 2378 2099 2405 quam
2117 2369 2196 2397 diues.
2266 2371 2360 2398 Cultus
2377 2387 2379 2392 1

292 2419 332 2444 vii
345 2422 452 2452 tempore
466 2413 634 2451 censusfizit.
652 2411 707 2439 vid.
723 2411 784 2438 Liu.
800 2418 820 2442 1,
834 2418 876 2443 43.
948 2408 1047 2443 Copiose
1062 2413 1085 2433 et
1099 2405 1195 2433 erudite
1214 2408 1262 2445 ha«.-
1279 2406 1308 2432 de
1322 2416 1349 2433 re
1413 2406 1490 2432 censu
1505 2407 1599 2433 Horat.
1614 2405 1697 2431 Serm.
1712 2413 1735 2437 2,
1749 2413 1771 2437 3,
1784 2413 1835 2436 323.
1905 2404 1988 2431 Ouid.
2004 2405 2097 2432 Amor.
2114 2414 2140 2438 1,
2161 2414 2205 2438 10,
2218 2413 2250 2438 41
2276 2406 2386 2443 Turpe

292 2452 405 2488 dtspurat
424 2452 542 2477 Perizon.
564 2449 592 2476 de
611 2450 640 2475 L.
659 2449 769 2475 Voconia
788 2455 813 2481 p.
828 2447 875 2472 166
895 2444 951 2479 sqq.
977 2450 1000 2470 et
1020 2440 1128 2475 ostendit
1142 2444 1224 2472 etiam,
1232 2443 1258 2475 Ji
1277 2442 1348 2468 detur
1414 2441 1504 2469 reditu
1516 2442 1605 2468 census
1619 2441 1723 2475 Augere
1736 2447 1868 2475 paternos-
1925 2440 2009 2467 Omni
2026 2441 2104 2467 censu
2115 2441 2248 2468 maiorum
2261 2437 2416 2474 00101·οἻν

294 2487 426 2519 Asconio,
440 2484 520 2522 fuzffe
532 2483 667 2521 aliquando
681 2493 732 2510 eam
744 2484 839 2509 nomini
856 2481 946 2508 census
953 2478 1183 2516 significationem,
1204 2487 1255 2503 cam
1267 2483 1350 2504 tamen
1414 2477 1465 2504 Sat.
1481 2486 1499 2509 1,
1514 2480 1557 2503 60.
1629 2477 1686 2503 Cic.
1699 2477 1777 2508 Verr.
1793 2484 1816 2509 2,
1831 2478 1862 2508 63
1890 2476 1975 2503 Siculi
1990 2484 2022 2503 ex
2035 2477 2113 2504 censu
2129 2472 2268 2512 quotan'ijis
2280 2474 2420 2511 tributis«,

293 2524 328 2551 ad
341 2524 357 2550 Ι.
373 2532 395 2550 0.
410 2516 537 2549 Ciceronis
549 2531 598 2548 non
612 2522 757 2551 conuenire,
771 2517 819 2554 scd
835 2526 884 2544 non
896 2516 1003 2543 censum
1021 2515 1058 2542 ibi
1073 2513 1116 2548 effi
1135 2514 1287 2545 incensum,
1305 2516 1350 2550 qui
1415 2513 1514 2539 ferunt.
1586 2511 1669 2540 Ouid.
1682 2513 1774 2540 Amor.
1790 2520 1813 2545 3,
1828 2517 1851 2544 8,
1862 2513 1895 2544 56
1915 2513 1998 2540 Ianua
2011 2512 2173 2548 pauperibus
2188 2507 2271 2544 clausa
2281 2510 2423 2547 est,Dat'ffl

294 2559 389 2596 censum
403 2568 450 2585 non
460 2555 587 2595 profqffies
602 2555 656 2590 effet
672 2555 714 2582 illo
727 2552 813 2588 lustro.
1366 2555 1398 2587 65
1415 2550 1456 2575 sus
1470 2548 1594 2575 honores.
1651 2549 1800 2576 Demittere
1812 2548 1918 2574 censum
1932 2548 1960 2575 in
1973 2548 2089 2582 viscera,
2109 2542 2365 2585 qliAingurip-evhona
2377 2544 2422 2583 Qu

331 2602 348 2623 c
357 2601 404 2621 ΕΝ
413 2601 426 2621 5
435 2601 445 2620 1
454 2600 475 2620 Τ
484 2601 505 2620 ν
514 2600 527 2620 5
537 2613 546 2627 ,
573 2602 587 2620 a
596 2613 605 2626 ‚
626 2601 681 2619 um.
714 2598 761 2627 pro
783 2589 882 2616 Census
908 2587 1002 2614 dicitur
1011 2606 1020 2620 ,
1047 2586 1076 2613 in
1093 2586 1272 2612 Monumento
1295 2586 1348 2611 An·
1415 2585 1480 2611 Met.
1496 2589 1519 2617 8,
1533 2587 1594 2618 846.
1650 2585 1747 2612 Lucan.
1761 2592 1784 2617 3,
1797 2592 1841 2619 157
1861 2583 1943 2612 Tunc
1955 2584 2078 2612 conditus
2091 2584 2148 2612 imo
2161 2585 2270 2613 Eruitur
2279 2584 2376 2623 templo
2386 2587 2421 2612 1111

296 2637 411 2665 tyrano,
431 2628 507 2664 quod
523 2630 588 2663 Imp.
603 2627 715 2662 Augusti
729 2626 824 2654 oetan.
843 2633 884 2652 res
903 2623 984 2658 gestas
1004 2623 1123 2649 continet
1138 2632 1143 2648 :
1180 2622 1267 2655 QVO
1286 2622 1349 2648 LV·
1414 2621 1447 2647 tis
1462 2630 1516 2647 non
1529 2621 1613 2649 tablus
1626 2621 1659 2649 ab
1672 2620 1747 2648 annis
1761 2620 1878 2648 Romani
1890 2621 1979 2648 census
1993 2620 2100 2657 populi,
2119 2622 2148 2648 de
2159 2623 2269 2649 Aerario
2279 2612 2402 2658 ᾴῑςᾳὲῘῄζι

295 2666 411 2694 STRO
448 2665 609 2691 ClVIVM
646 2664 766 2691 ROMA
776 2660 933 2689 NORVM
970 2660 992 2686 C
1005 2660 1022 2685 Ε
1037 2659 1065 2685 N
1077 2658 1158 2685 SIT
1168 2658 1191 2684 A
1227 2657 1241 2684 S
1251 2658 1349 2685 VNT
1407 2655 1510 2694 staffilo.
1582 2657 1700 2686 Mai-rial.
1715 2665 1758 2689 12,
1778 2658 1795 2682 6
1823 2657 1947 2692 Largiri,
1967 2656 2114 2692 praestare,
2133 2657 2229 2684 breues
2249 2650 2384 2688 extendero
2395 2663 2421 2693 ,01

296 2703 347 2729 CA
357 2701 462 2728 PITA
499 2700 562 2732 Qv
577 2700 599 2726 A
610 2699 634 2725 D
649 2699 672 2725 R
688 2699 710 2725 A
723 2699 746 2725 G
759 2700 771 2725 1
783 2699 803 2724 E
815 2698 830 2724 S
868 2697 890 2723 C
900 2695 1060 2723 ENTVM
1099 2694 1253 2721 MILLIA
1291 2694 1349 2721 ET
1414 2694 1472 2726 sus,
1497 2699 1542 2720 etc.
1612 2695 1704 2722 Partus
1720 2701 1769 2728 per
1783 2692 1893 2720 vulnera
1909 2692 1990 2720 Ouid.
2006 2694 2099 2721 Amor.
2111 2701 2134 2726 3,
2148 2698 2171 2731 8,>
2183 2701 2210 2727 9.
2237 2695 2256 2720 ι’.
2273 2689 2421 2741 Dissilio-§231

295 2738 310 2766 S
318 2737 397 2766 EXA
405 2737 428 2764 G
437 2736 484 2763 IN
492 2735 552 2762 TA
588 2735 618 2762 T
628 2735 650 2761 R
660 2735 709 2761 [A.
770 2732 829 2761 Vid.
849 2733 930 2759 etiam
949 2731 996 2758 lib.
1011 2740 1033 2758 11
1059 2730 1126 2758 Cod.
1139 2730 1181 2757 tit.
1196 2738 1241 2766 47.
1278 2732 1348 2757 H1'nc
1357 2739 1393 2766 70
1403 2736 1505 2766 partae.

295 2777 371 2802 ‘tiam
383 2771 502 2800 Ctnfitffl
520 2778 544 2798 et
563 2770 689 2798 CenfitiO·
1260 2796 1264 2797 ⁷
1450 2772 1466 2793 C
1478 2772 1494 2793 Ε
1506 2772 1528 2792 Ν
1537 2772 1550 2792 s
1559 2773 1579 2792 v
1589 2772 1630 2797 M,
1657 2765 1676 2792 i.
1712 2773 1739 2791 11.
1776 2763 1859 2797 Idem,
1879 2763 1946 2800 quod
1958 2763 2067 2791 Census.
2103 2763 2159 2792 cie.
2171 2763 2241 2802 apud
2253 2762 2424 2791 Nonium
2438 2773 2452 2800 χλ

333 2817 350 2838 c
359 2816 426 2837 ENs
437 2816 456 2835 v
466 2816 493 2839 S.
513 2805 552 2834 sis.
587 2815 624 2833 m.
661 2806 798 2841 [damst-⁴⁰⁸,
813 2803 886 2835 ἐπίοι,
899 2801 1040 2839 ἐπιγραφῆ)
1076 2801 1214 2829 Dicebatur
1227 2802 1265 2828 Ae
1288 2804 1349 2828 lma-
1414 2802 1540 2836 Qiorum
1554 2801 1672 2829 luxuries
1686 2793 1821 2828 fordinata
1836 2801 1910 2827 censa
1928 2801 2039 2835 peperit.
2355 2801 2359 2803 '
2390 2822 2401 2830 μ,
2415 2803 2418 2807 ·

296 2849 332 2872 tio
344 2855 428 2873 rerum
440 2853 470 2871 ac
483 2844 616 2876 bonorum,
631 2840 765 2879 secundum
774 2860 781 2871 ‚
797 2850 870 2876 quam
882 2840 978 2866 tributa
986 2838 1168 2874 pendebantur.
1218 2837 1350 2873 οἷηογμιφῆ
1451 2843 1468 2863 c
1478 2845 1494 2864 E
1505 2845 1524 2863 N
1535 2845 1547 2864 s
1556 2845 1577 2864 v
1587 2839 1610 2865 Ᾰ
1619 2845 1634 2864 L
1644 2845 1653 2864 1
1663 2845 1687 2870 s,
1701 2838 1724 2864 εἰ
1742 2836 1801 2863 Adi.
1823 2836 1989 2872 [τιμητικδς]
2026 2835 2103 2868 Idem,
2113 2834 2179 2872 quod
2185 2834 2324 2872 Cenfhrim.
2372 2849 2378 2863 s
2396 2835 2413 2855 s..
2426 2835 2433 2858 l

297 2882 380 2916 salas,
401 2880 561 2914 ἅπατίμησις,
577 2879 637 2905 Vet.
651 2877 732 2904 Glofs.
774 2877 835 2902 Liu.
848 2884 876 2908 1,
888 2884 924 2908 42
946 2875 1061 2901 Censum
1079 2873 1211 2906 instituit,
1232 2874 1350 2907 (Seruius
1414 2873 1443 2900 in
1458 2874 1474 2899 l.
1489 2882 1507 2906 4
1528 2873 1625 2900 forma.
1652 2873 1684 2899 D.
1699 2872 1732 2900 de
1746 2871 1840 2899 cenfib.
1861 2873 1958 2899 Forma
1980 2871 2095 2898 censuali
2114 2877 2239 2903 cauetur,
2260 2876 2289 2898 vt
2305 2867 2370 2905 agri'
2403 2886 2406 2889 >
2426 2875 2438 2903 ξ,

302 2917 418 2952 Tullius)
437 2925 495 2943 rem
508 2914 711 2943 saluberrimam
723 2917 798 2939 tanto
810 2911 903 2937 futuro
918 2910 1050 2945 imperio,
1072 2918 1103 2936 ex
1118 2918 1174 2944 quo
1191 2908 1256 2936 belli
1270 2909 1350 2944 pacis·
1364 2913 1397 2940 73
1415 2910 1523 2943 censum
1541 2909 1702 2936 referantur.
1755 2907 1918 2935 Funffiones
1931 2908 2064 2935 censuales
2083 2907 2102 2934 1.
2116 2915 2144 2936 12
2171 2907 2202 2934 C.
2211 2905 2320 2934 Theod.
2333 2905 2380 2940 (101,
2414 2908 2431 2940 *J

297 2962 350 2988 que
363 2953 455 2980 munia
468 2960 524 2978 non
537 2950 643 2978 viritim
653 2970 662 2983 ,
680 2955 709 2976 vt
726 2953 803 2980 ante,
820 2945 864 2973 sed
881 2955 930 2981 pro
944 2946 1037 2972 habitu
1051 2945 1225 2980 pecuniarum
1244 2944 1348 2973 fierent.
1415 2952 1486 2980 gent.
1500 2945 1582 2972 debit.
1653 2943 1834 2972 Ministerium
1853 2944 1974 2971 censuale
1995 2944 2012 2971 l.
2026 2953 2045 2978 4
2074 2943 2106 2971 C.
2121 2941 2233 2971 Theod.
2253 2942 2285 2969 de
2298 2940 2357 2969 Ta
2368 2951 2380 2963 «1
2408 2964 2413 2972 „
2426 2954 2428 2958 v

298 2990 375 3016 Tum
388 2989 475 3016 classes
488 2982 688 3027 centuriasque,
706 2990 732 3012 et
743 2983 813 3024 hunc
828 2981 950 3021 ordinem
964 2991 996 3008 ex
1010 2982 1086 3008 censu
1100 2980 1234 3015 descripsit
1268 2996 1314 3001 -—
1415 2980 1493 3009 Libri
1509 2980 1642 3008 censuales
1661 2981 1678 3008 1.
1693 2989 1712 3015 4
1736 2979 1804 3008 Cod.
1819 2979 1851 3006 de
1865 2980 1982 3015 Agricol.
2001 2979 2113 3006 censitis.
2132 3013 2140 3019 ⁶
2184 2978 2375 3019 Ρ1οῐ011101101,
2405 2988 2418 3014 *l

301 3025 336 3052 Ex
352 3025 402 3057 iis,
417 3024 466 3060 qui
478 3029 585 3050 centum
597 3021 715 3050 millium
728 3028 813 3052 aeris,
828 3023 875 3045 aut
888 3026 1018 3044 maiorem
1032 3017 1138 3044 censum
1149 3016 1289 3050 haberent,
1303 3024 1349 3044 ete.
1416 3017 1526 3045 Theod.
1541 3017 1572 3044 de
1587 3017 1657 3052 prin.
1670 3025 1727 3044 eor.
1741 3016 1790 3052 qui
1805 3016 1833 3043 in
1843 3017 1917 3042 sacro
1930 3016 2008 3051 palat.
2078 3014 2207 3049 leianus
2220 3023 2249 3041 111
2261 3014 2280 3041 1.
2293 3014 2322 3041 fo
2344 3028 2348 3037 ι
2411 3024 2428 3042 z,

301 3062 368 3088 Haec
382 3060 431 3087 duo
444 3062 526 3098 igitur
538 3062 580 3086 vti
591 3068 618 3086 re
632 3058 686 3094 ipsa
699 3053 832 3084 coniunffa
839 3053 920 3096 sime,
935 3051 1073 3086 aestimatio
1087 3053 1131 3079 illa
1145 3059 1167 3079 et
1175 3053 1295 3093 profeffio
1305 3061 1351 3089 pu·
1416 3053 1475 3089 quis
1490 3053 1663 3094 inquilinum.
1696 3053 1729 3080 D.
1749 3052 1781 3080 de
1799 3051 1931 3086 censibus,
1951 3051 1978 3078 Si
1997 3051 2057 3086 quis
2076 3050 2260 3086 inquilinum,
2280 3049 2323 3077 vel
2407 3059 2426 3083 14,

299 3096 364 3123 blica
377 3096 506 3128 bonorum,
525 3101 549 3121 et
562 3094 625 3122 bona
644 3093 698 3130 ipfiz
711 3103 721 3123 ,-
746 3090 812 3129 quod
828 3099 892 3116 emm
911 3091 968 3125 quis
982 3088 1119 3124 profitetur
1136 3088 1203 3124 apud
1220 3094 1351 3125 cenjorem,
1365 3099 1397 3125 80
1415 3098 1470 3116 non
1484 3089 1567 3116 fuerit
1581 3089 1725 3124 professus,
1743 3087 1865 3115 Vinculis
1883 3087 2049 3114 censualibus
2062 3086 2199 3114 tenetur.N
2248 3083 2373 3114 Volum't
2413 3099 2417 3113 ι

300 3131 363 3158 illud
375 3132 461 3160 hahere
471 3131 598 3168 confisur:
618 3132 656 3156 ita
671 3131 746 3156 etiam
758 3127 832 3154 verbo
844 3128 1028 3162 com'unguntur
1035 3134 1045 3153 ;
1072 3124 1250 3160 videndumque
1257 3126 1314 3152 adeo
1322 3135 1351 3152 ex
1415 3125 1498 3152 sualia
1513 3125 1530 3151 l.
1546 3134 1557 3158 3
1581 3126 1610 3152 C.
1618 3124 1729 3152 Theod.
1742 3123 1774 3152 de
1784 3123 1972 3160 priuileg.eor.
1989 3123 2078 3159 quiin
2090 3123 2164 3150 sacro
2180 3121 2257 3158 palat.
2271 3128 2317 3157 etc.
2344 3144 2347 3151 .
2419 3128 2425 3149 ἑ

296 3167 362 3203 serie
381 3170 521 3200 orationis,
539 3173 625 3194 utrum
645 3165 680 3192 ad
691 3163 866 3201 profqffionem
886 3159 1140 3195 aestimationemque,
1166 3170 1198 3186 an
1219 3160 1253 3186 ad
1270 3161 1349 3197 zpfilm
1415 3161 1556 3189 Consilalcs
1568 3164 1642 3188 etiam
1654 3159 1732 3197 suhst.
1750 3159 1912 3192 diccbantur‚
1930 3159 2029 3187 scribae
2043 3158 2160 3195 publici(
2174 3161 2217 3194 qui
2233 3157 2365 3194 censuales

301 3202 377 3234 illud»
396 3203 460 3239 qwsl
472 3201 626 3237 afflinm‘ur,
641 3202 683 3229 '0⁸1
690 3202 839 3237 PrafflPffl's
858 3197 984 3233 v81s⁰h⁴m
993 3216 1001 3229 2
1014 3205 1047 3222 ¹³²1
1060 3195 1162 3231 (lenique
1175 3195 1210 3222 ml
1223 3203 1352 3233 virumque
1414 3197 1584 3233 conficiebant.
1641 3196 1754 3232 Capitol.
1767 3196 1795 3223 in
1808 3195 1953 3223 Gordianis
1968 3204 1996 3222 12
2018 3192 2276 3222 Senatusconsultum
2294 3193 2346 3225 ita,
2367 3197 2378 3220 ἶ

302 3237 460 3274 respiciatur.
497 3240 583 3265 Primo
595 3247 623 3264 ea
636 3236 779 3268 videamus,
798 3234 841 3262 vbi
854 3233 889 3260 ad
906 3234 1004 3259 ciuilem
1018 3231 1086 3258 illam
1097 3231 1268 3266 profcffioncm
1281 3231 1352 3266 fflsti·
1415 3232 1517 3260 scribae
1526 3253 1534 3266 ,
1557 3241 1612 3260 non
1630 3233 1701 3260 serui
1711 3231 1829 3268 publici,
1845 3240 1900 3258 non
1913 3231 2045 3262 censuales
2058 3230 2112 3256 illis
2125 3229 2230 3258 actibus
2245 3227 2365 3256 interess«

302 3275 477 3310 mationcmque
490 3274 634 3310 respicitur.
705 3271 804 3299 Censui
823 3268 952 3296 censendo
969 3267 1044 3303 agri,
1063 3269 1106 3303 qui
1120 3267 1203 3300 iffiwzt,
1217 3266 1351 3302 diffumjin
1368 3279 1397 3308 85·
1415 3275 1520 3296 natores
1539 3269 1706 3304 exciperent,
1729 3269 1867 3296 Senatores
1885 3267 2008 3294 omnium
2027 3265 2115 3294 officia
2131 3265 2292 3293 censualium
2306 3263 2374 3296 scri·

306 3314 325 3336 c
335 3316 352 3336 E
362 3314 382 3335 Ν
393 3313 407 3334 8
417 3315 432 3335 ιε
441 3316 459 3336 0
479 3318 505 3336 n.
519 3318 546 3343 4.
604 3310 689 3336 Varro
703 3308 736 3335 R.
750 3309 780 3334 R.
794 3315 816 3339 3,
828 3315 852 3338 2,
864 3314 883 3338 4
908 3304 936 3331 de
955 3303 1017 3331 villa
1031 3303 1146 3339 publica,
1167 3303 1213 3329 vbi
1229 3303 1352 3332 cohortes
1415 3314 1467 3340 qne
1480 3305 1652 3340 complerent.
1688 3305 1727 3332 De
1740 3303 1907 3334 Tabulariis‚
1921 3301 2101 3339 Lagographis
2116 3308 2142 3329 et
2154 3300 2328 3329 Censualibus
2351 3301 2370 3328 ω’
2412 3311 2423 3330 ’,

303 3344 337 3372 ad
349 3343 481 3372 (1010610111
493 3345 594 3372 consuli
605 3344 734 3372 addixerat·
752 3341 898 3373 considant,
916 3339 964 3367 vbi
976 3347 1048 3366 arma
1061 3338 1212 3372 ostendant,
1226 3339 1272 3366 vbi
1284 3341 1351 3367 Ccn-
1413 3341 1479 3367 libri
1493 3346 1506 3371 8
1523 3340 1590 3368 cod.
1607 3339 1718 3368 Theod.
1788 3339 1862 3376 C⁰’²f·
1878 3339 1980 3377 Conrig.
1997 3338 2026 3365 de
2046 3335 2180 3376 stads-lib.
2206 3337 2324 3366 Vrbis-J<
2346 3348 2367 3378 ’ς
2412 3348 2414 3351 ·

305 3381 376 3408 sores
391 3380 477 3407 Censu
497 3380 637 3408 admittant
656 3379 795 3416 populum.
835 3376 923 3412 Vrsino
943 3375 1075 3402 videbatur
1092 3374 1216 3411 legendum
1230 3377 1353 3403 Censum.
1407 3384 1470 3414 pag.
1489 3386 1518 3409 3⁰
1539 3376 1599 3414 sqq.
2108 3379 2125 3404 fl
2370 3394 2371 3398 ¹

303 3416 353 3446 Sed
365 3417 472 3443 Gronou.
485 3415 514 3442 de
528 3417 583 3442 Pec.
597 3417 651 3443 Ver.
666 3426 694 3449 4,
710 3425 720 3442 1
738 3425 764 3450 p.
778 3415 832 3448 264
848 3414 955 3440 retineri
967 3412 1023 3438 uult
1036 3411 1131 3443 Censu,
1142 3413 1206 3446 poni
1221 3414 1283 3438 enim
1297 3421 1352 3439 cum
1452 3419 1468 3440 C
1478 3420 1494 3440 Ε
1504 3419 1577 3440 Nsv
1587 3419 1608 3439 Α
1618 3418 1656 3439 Ri
1666 3417 1726 3444 Vs,
1751 3419 1784 3444 a,
1810 3419 1866 3437 um.
1910 3410 1986 3438 Idem.
2033 3409 2084 3443 Vt,
2107 3407 2294 3436 Liberalitates
2313 3415 2326 3435 c
2356 3410 2369 3429 ⁷·

305 3455 432 3480 notatione
443 3454 577 3487 temporis,
600 3458 629 3478 vt
646 3451 744 3485 Ludis,
767 3448 911 3482 0011111115,
931 3445 1141 3474 Gladiatoribus.
1184 3446 1259 3481 Pqffit
1278 3451 1351 3474 etiam
1360 3457 1396 3482 90
1414 3448 1543 3484 Spartian.
1563 3448 1592 3475 in
1612 3447 1721 3475 Adi-ian.
1743 3455 1781 3474 10.
1812 3449 1830 3474 ι’.
1849 3446 1938 3483 quibus
1952 3446 1994 3474 ve!
2005 3445 2090 3482 census
2103 3444 2237 3482 exigendus
2250 3445 2371 3475 rmu‘mv
2411 3461 2420 3482 ,ι

305 3488 393 3515 Censu
405 3485 453 3521 ‘effe
471 3489 583 3514 Datiuus
601 3490 734 3523 antiquus,
756 3493 804 3522 pro
823 3483 931 3513 Censui.
1013 3483 1112 3514 Census
1132 3487 1158 3508 et
1178 3490 1350 3511 monumenta
1415 3487 1468 3511 eius
1481 3487 1605 3511 minuitur
1619 3483 1710 3511 modus.
1767 3483 1809 3510 Sic
1828 3489 1912 3518 nempe
1930 3485 1957 3509 in
1971 3482 2028 3509 MS.
2042 3483 2156 3508 Puteani.
2214 3479 2262 3509 Sed
2279 3472 2365 3515 variis

307 3523 414 3558 publica
431 3523 537 3558 potior:
554 3521 663 3549 testibus
684 3523 732 3549 0111-
751 3523 858 3549 Senatus
876 3519 976 3547 censuit
1001 3517 1019 3545 l.
1040 3526 1069 3545 10
1095 3518 1129 3544 D.
1149 3517 1180 3544 de
1200 3518 1303 3552 probat.
1324 3526 1351 3547 et
1417 3520 1527 3554 Editur,
1546 3520 1646 3547 Omnes
1665 3517 1788 3546 causariis
1810 3516 2018 3546 liberalitatibus
2037 3515 2194 3544 subleuauit.
2229 3510 2348 3550 Salmafi'
2360 3519 2373 3550 ᾗ
2401 3543 2409 3550 ,Α

307 3560 448 3593 prae-sumt.
479 3561 498 3585 i.
517 3558 612 3585 tabulae
629 3558 759 3593 censet-lac.
827 3556 934 3592 leian.
955 3555 984 3582 in
1001 3555 1018 3580 l.
1039 3553 1116 3581 vitia.
1155 3553 1187 3581 D.
1208 3553 1239 3580 de
1259 3555 1353 3583 censsb.
1415 3556 1462 3583 bili
1474 3554 1632 3588 coniectura,
1650 3563 1742 3582 omnen
1754 3555 1903 3587 causarios,
1923 3561 1970 3581 etc.
1997 3556 2016 3580 i.
2029 3551 2111 3580 morbo
2123 3551 2274 3579 laborantes.
2405 3553 2415 3572 ὗ

308 3595 380 3621 Vitia
395 3595 516 3630 priorum
530 3593 653 3621 censuum
667 3593 745 3620 editis
759 3593 836 3620 nouis
849 3590 1053 3628 professionibus
1066 3590 1231 3616 euanescunt.
1295 3592 1351 3619 Cic.
1409 3599 1411 3601 ·
1453 3598 1470 3619 c
1480 3599 1496 3619 Ε
1508 3598 1528 3617 N
1538 3597 1560 3618 T
1572 3598 1594 3619 Α
1604 3598 1624 3618 ν
1635 3596 1654 3619 R
1663 3597 1702 3618 ῙΑ
1712 3611 1721 3624 ,
1737 3599 1778 3617 ae.
1807 3590 1828 3617 f.
1855 3589 1910 3624 fiue
1930 3596 1947 3618 c
1957 3596 2003 3616 EN
2012 3588 2120 3619 TAvR
2131 3594 2169 3614 10
2178 3593 2200 3612 N
2209 3607 2218 3620 ,
2235 3587 2262 3624 s
2283 3590 2331 3613 cn·
2344 3594 2348 3602 i
2359 3592 2365 3610 2.
2402 3579 2412 3619 ξ’

309 3629 453 3661 3115111018
472 3636 536 3657 extr.
553 3628 737 3657 Obdurescunt
750 3629 820 3655 enim
833 3629 917 3663 magis
930 3626 1052 3663 quotidie
1065 3625 1131 3653 boni
1144 3625 1200 3651 viri
1213 3624 1244 3652 ad
1258 3635 1351 3654 vocem
1365 3635 1399 3662 93
1419 3634 1538 3660 RIVM,
1566 3627 1585 3654 i.
1622 3635 1648 3653 n.
1684 3625 1852 3662 [κεν-Γαύριον,
1871 3624 2026 3661 narrassem]
2063 3623 2145 3649 Germs
2163 3622 2260 3650 herbae.
2315 3615 2368 3655 Pla}
2403 3630 2412 3650 1ῖ

309 3665 419 3697 tributi,
436 3665 509 3702 quod
521 3673 552 3692 ex
565 3663 704 3692 centesima
722 3664 865 3696 collatum,
885 3662 1034 3698 impudenti
1054 3661 1309 3695 censulocupletum
1324 3663 1353 3690 in
1419 3663 1438 3689 s.
1453 3671 1485 3695 30
1516 3663 1663 3690 Centaurio
1683 3662 1782 3689 dicitur
1801 3667 1905 3689 curatus
1928 3660 2044 3690 Chiron,
2068 3657 2088 3692 (
2091 3658 2243 3691 Centaurus,
2262 3657 2303 3684 AC

309 3700 420 3729 duarum
433 3702 569 3736 legionum
581 3699 705 3737 praemiis
719 3708 799 3726 omne
811 3699 984 3726 consumitur.
1039 3699 1130 3733 Nempe
1144 3705 1306 3730 conuenerat,
1324 3706 1354 3725 vt
1415 3699 1520 3734 ceptor)
1540 3707 1622 3734 quum
1634 3698 1760 3725 Herculis
1774 3697 1877 3733 excepti
1890 3694 2007 3731 hospitio
2018 3693 2190 3728 pertractanti
2202 3691 2327 3726 arma,'·s
2340 3717 2350 3729 ,-

310 3736 458 3770 centqlimam
471 3739 586 3764 bonorum
599 3743 700 3773 partem
719 3737 821 3771 quisque
838 3734 966 3770 conferret
978 3745 986 3760 .·
1011 3733 1102 3761 diuites
1119 3731 1271 3768 impudenter
1289 3743 1353 3760 men-
1417 3733 1519 3761 cidisi'et
1533 3735 1561 3760 in
1574 3733 1682 3769 pedem:
1701 3742 1784 3769 quare
1795 3733 1881 3770 aliqui
1893 3729 2044 3760 Chironion
2057 3735 2162 3756 vocant.
2196 3727 2290 3760 *Folia
2297 3727 2326 3762 fi!
2350 3740 2352 3742 ·

310 3775 424 3804 tiumnr,
445 3780 468 3799 et
479 3774 521 3800 hic
533 3773 617 3799 videri
630 3773 717 3799 volunt
727 3777 855 3806 pauperes.
926 3769 1018 3796 Tacit.
1033 3771 1101 3796 Ann.
1120 3777 1130 3795 ι
1139 3787 1146 3800 ,
1165 3776 1189 3801 31
1215 3768 1352 3796 Germani·
1420 3769 1552 3804 oblonga,
1569 3771 1669 3796 serrato
1681 3768 1801 3802 ambitu,
1820 3767 1898 3795 densa
1912 3766 1946 3794 ab
1959 3764 2048 3793 radice
2054 3766 2069 3796 ‚'
2082 3765 2168 3792 caules
2182 3770 2284 3792 ternum
2297 3769 2341 3799 cu

311 3815 354 3833 cus
369 3808 477 3841 Agendo
489 3809 637 3835 Galliarum
655 3806 744 3835 censui
763 3806 890 3832 intentus.
961 3806 1018 3832 Cic.
1032 3806 1109 3832 Verr.
1122 3813 1154 3837 2,
1169 3810 1205 3836 131
1231 3812 1253 3830 0.
1269 3812 1295 3837 53
1323 3806 1351 3831 In
1361 3816 1408 3835 100
1417 3805 1560 3841 geniculati
1570 3825 1577 3837 ‚
1595 3806 1623 3832 in
1636 3804 1677 3832 his
1690 3805 1775 3840 capita
1785 3812 1832 3830 0011
1846 3811 1878 3838 pa
1897 3806 2014 3829 auctum.
2050 3799 2137 3827 Radix
2149 3801 2234 3834 vasta,
2249 3797 2299 3827 rub

309 3842 386 3870 censu
401 3842 522 3870 habendo
537 3844 649 3879 potestas
661 3842 748 3872 onmis
763 3840 954 3869 aestimationis
969 3840 1119 3873 habendae,
1134 3840 1303 3874 summaeque
1316 3840 1354 3866 sa·
1417 3849 1498 3874 nera,
1518 3841 1690 3876 fragilisque,
1710 3839 1743 3868 ad
1760 3837 1823 3866 bina
1841 3847 1872 3865 011
1893 3838 1945 3870 ita,
1968 3835 2074 3863 madida
2093 3837 2187 3870 succo,
2210 3839 2304 3870 amara,

310 3877 421 3905 eiundae
434 3878 544 3906 Censori
558 3879 732 3914 permittitur.
801 3876 874 3903 Ideni
890 3877 942 3902 Att.
957 3885 988 3908 4,
1003 3885 1019 3908 9
1036 3885 1078 3912 pr.
1102 3877 1167 3903 Sane
1179 3874 1262 3902 velim
1275 3875 1352 3908 scire,
1418 3875 1478 3903 dam
1502 3877 1650 3904 dulcedine.
1686 3875 1733 3899 --'
1771 3873 1790 3901 s.
1809 3881 1835 3906 31
1862 3872 1904 3900 Est
1923 3878 1950 3899 et
1968 3871 2080 3899 alterum
2099 3871 2277 3903 Centaurion,
2336 3894 2352 3905 ,χ

311 3922 375 3941 1111111
388 3914 493 3940 censum
507 3914 659 3950 impendant
668 3912 794 3942 Tribuni
806 3911 899 3938 diebus
914 3912 1051 3945 vitiandis,
1069 3912 1183 3939 Censum
1196 3909 1352 3946 impendere
1419 3912 1538 3947 Lepton,
1559 3912 1670 3939 minutis
1683 3909 1772 3941 foliis,
1786 3907 1859 3944 quod
1871 3907 1960 3943 aliqui
1975 3907 2096 3935 libadion
2110 3912 2220 3940 vocant,
2234 3902 2330 3941 quoni&
2347 3916 2350 3921 ¹

303 3949 328 3984 fi
347 3948 449 3985 nificare
463 3948 542 3984 postet
559 3950 665 3977 diuitias
676 3950 754 3986 sitas,
772 3953 838 3975 ceru-
849 3956 900 3974 rem
907 3947 1064 3983 familiarem
1082 3948 1209 3984 infiamere.
1247 3945 1352 3982 Sedflu-
1419 3946 1483 3973 dum
1497 3947 1584 3974 fontes
1597 3946 1728 3978 nascitur,
1748 3945 1861 3979 origano
1873 3943 1958 3970 simile
1964 3963 1974 3977 ,
1990 3943 2187 3978 angustioribus
2200 3938 2340 4002 “iungi-ini
2403 3952 2407 3968 r

309 3959 380 4013 ἔξω
392 3983 475 4012 lenio.
495 3985 603 4020 Quidam
623 3985 780 4020 Impedhnt.
848 3983 968 4017 irrepere
982 3983 1010 4009 in
1023 3984 1130 4011 censum
1147 3982 1202 4010 Cic.
1215 3990 1264 4018 pro
1277 3981 1349 4011 Balb.
1364 3981 1476 4016 1051111,
1496 3983 1624 4018 anguloso
1640 3981 1714 4008 caule
1731 3979 1880 4016 paullulum
1899 3979 1970 4012 alto,
1988 3979 2148 4012 fruticante,
2168 3978 2236 4005 flore
2252 3975 2278 4009 ly
2360 3999 2366 4002 .

2379 4101 2474 4182 ..l—..n
