2474 4182
72 101 151 141 1081
464 92 497 131 C
573 92 609 132 O
686 91 734 131 M

69 192 163 211 ornare
184 182 224 209 bis
242 189 310 208 anno
331 180 446 207 instituit
465 180 555 207 vernis
577 177 688 205 floribus
707 182 733 203 et
752 175 867 202 aestiuis.
938 178 1022 212 Neque
1042 178 1105 202 enim

69 220 167 246 aedibus
187 224 282 244 tantum
304 226 334 242 ac
351 216 440 252 focis,
460 216 507 252 sed
528 218 579 241 viis
594 214 703 248 publicis
720 215 794 238 etiam
811 210 918 247 practsse
937 212 1107 238 credebantur.

74 255 141 283 Vnde
149 252 315 280 PiaueMerc.
325 260 346 284 5,
355 261 378 285 2,
387 260 422 285 24
446 253 545 278 Inuoco
554 258 600 277 vos
609 250 686 275 Lares
693 247 785 279 viales,
795 255 822 274 vt
835 257 877 273 me
887 248 951 274 benc
962 248 1069 274 iuuetis.

105 294 221 316 COMPI
231 293 252 312 Τ
262 294 283 313 Α
293 294 355 314 LIA
365 307 372 320 ,
394 296 482 314 orum.
520 295 545 312 n.
581 284 669 315 Festa,
683 292 756 323 ⁴quae
770 283 798 309 in
811 284 934 318 compitis
948 282 1105 318 perageban-

38 316 40 355 ζ
69 331 125 355 tur,
145 326 226 358 inquit
240 323 341 354 Festus,
360 326 402 359 qui
414 325 440 349 in
456 319 624 354 Conceptiuis
637 319 730 350 feriis,
747 328 812 353 quae
828 319 935 346 incertis
949 318 1041 345 diebus
1053 319 1104 344 ser·
1127 332 1142 357 5

37 384 39 393 ,
68 359 196 386 vabantur
218 365 368 393 quotannis,
383 356 579 391 Compitalicias
597 357 670 380 ctiam
686 362 807 381 nominat.
862 355 949 381 Verba
964 354 1104 385 Praetoris,

37 408 39 423 1
67 393 163 430 quibus
176 403 251 420 more
266 394 397 420 maiorum
416 393 494 419 ferias
508 390 646 424 concipere
666 390 747 423 solet,
767 399 834 425 quae
847 391 1011 425 appellantur
1024 390 1103 416 Com-

37 429 39 462 l
66 429 156 464 pitalia
175 430 233 456 haec
252 430 367 466 referunt
385 428 452 455 Gell.
466 436 508 457 10,
527 434 570 457 24.
603 432 626 451 ct
639 426 758 452 Macrob.
773 428 822 453 Sat.
838 435 866 458 1,
885 435 903 459 4
922 433 987 452 extr.
1019 425 1103 450 DIE.

37 466 196 497 fNONI.
233 465 411 492 POPVLO.
446 461 646 488 ROMANO.
685 461 959 495 QVIRITIBVS.
995 460 1103 486 COM—

37 501 261 528 JPITALIA.
297 498 462 527 ERVNT.
499 497 699 529 QVANDO.
736 496 994 524 CONCEPTA.
1032 495 1130 533 [ΤΟ-ι

36 535 39 569 ἓ,
66 537 164 562 VERI
175 537 253 563 NT.
288 536 322 563 N.
358 537 376 560 ι’.
394 533 445 559 dies
462 530 582 568 nefastus.
654 533 741 559 Varro
761 534 792 559 de
809 534 839 559 L.
854 533 883 559 L.
898 540 921 565 5,
940 540 952 564 3
980 540 1004 565 p.
1018 539 1063 563 49,
1077 538 1099 555 11

2 569 9 595 ἰ
37 574 39 587 ”
65 573 103 599 De
115 571 215 598 statutis
231 570 322 597 diebus
336 569 405 601 dixi,
426 577 494 594 nunc
514 568 545 594 de
566 568 703 594 annalibus
718 568 813 595 dicam.
871 566 1031 608 Compitalia
1046 566 1101 605 dies

35 596 38 653 1
63 607 205 634 attributus
218 606 331 638 laribus,
348 610 375 631 vt
388 603 454 629 alibi
467 614 472 629 :
493 604 554 630 idco
568 604 615 630 vbi
629 604 688 630 viae
703 610 870 640 competunt,
891 610 947 630 tum
960 612 988 629 in
1001 609 1101 636 compi-

64 643 112 669 teis
128 642 293 669 sacrificatur.
328 640 476 673 Qiotannis
491 640 512 665 is
525 639 581 666 dies
596 641 754 684 concipitur.
809 640 888 666 Gioff.
903 639 1005 666 Philox.
1021 638 1101 680 Com-

29 661 38 714 ,l
62 678 153 713 pit-'ilia
162 697 170 710 ,
189 677 247 703 θεῶν
260 675 371 710 α’γυιοιίων
384 675 461 710 {apreli
475 675 501 700 αἱ
515 676 633 708 γινόμεναι
646 687 667 701 εν
678 680 731 702 ταῖς
744 673 841 710 τριόδοις
857 674 901 701 ὑπὸ
921 676 966 701 τῶν
980 684 1103 710 προσηκον-
1122 694 1148 721 ¹5
1165 675 1204 699 i'us
1222 679 1371 708 veteremque
1385 676 1475 699 ciuium
1488 678 1660 710 assqualjmffm
1674 678 1790 705 tribucre.

35 719 38 746 l
61 723 106 739 των
122 717 168 739 τοῖς
181 716 268 748 νεκροῖς.
319 710 393 746 Conf.
410 713 484 737 Dion.
502 713 583 738 Hauc.
601 722 631 746 4,
646 721 684 746 14.
756 710 888 738 Catalccta
907 720 932 744 p.
947 716 979 744 87
1005 710 1102 743 Neque

61 749 90 775 in
104 749 217 776 culinam
236 752 261 774 et
274 745 351 773 vnfta
366 747 544 781 Compitalia,
563 748 699 782 Dapesque
712 746 786 773 ducis
800 745 925 773 sordidas.
968 745 1025 771 Vid.
1043 751 1059 771 C
1069 752 1101 770 v-

27 755 38 817 l
61 791 153 812 LiNA
165 804 173 817 ,
195 793 218 809 n.
231 791 255 809 2.
327 783 393 809 Cato
413 783 444 809 R.
458 783 488 809 R.
506 791 536 815 5,
553 791 565 815 5
597 793 625 809 m
642 784 692 818 Iege
710 782 808 814 villici,
829 783 894 808 Rem
915 781 1033 807 diuinam
1052 779 1101 806 nisi

34 833 36 836 ⁴
61 819 244 855 compitalibus
260 817 289 844 in
303 818 437 852 compito,
455 824 500 844 aut
514 819 541 845 in
555 819 632 850 foco,
651 827 684 844 ne
697 818 785 844 faciat.
844 819 936 851 Nempe
953 814 1101 849 risticorum

1132 515 1149 533 0
1167 499 1255 520 mente
1274 494 1347 520 Idem
1368 496 1397 522 in
1411 498 1486 523 Orat.
1506 507 1527 523 c.
1546 506 1570 524 2.

1539 96 1807 136 COM

1169 175 1271 216 Totius
1287 177 1374 218 operis
1387 178 1501 205 ambitus
1523 181 1702 210 CCCLXVIII
1724 183 1805 210 stadia
1819 185 2018 221 complcffitur,
2039 193 2057 216 i.
2072 200 2089 218 c.
2105 200 2209 228 compre-

1169 210 1271 243 hendtt,
1290 219 1408 239 continet.
1480 215 1538 241 Nos
1558 217 1626 244 inter
1645 228 1694 244 nos
1715 219 1801 246 sumus
1820 219 1951 254 complexi
1969 223 2024 250 Cic.
2039 225 2069 251 dc
2085 227 2175 255 Diuin.
2191 238 2199 255 1

1170 254 1238 278 103.
1268 280 1273 288 l
1383 284 1397 289 ..
1427 246 1454 290 fl
1487 258 1502 275 2
1539 253 1724 288 Metaphoricac
1745 255 1873 290 formulae
1894 265 1900 280 :
1938 258 2036 284 Animo
2063 250 2211 296 complee‘ti..

1171 278 1343 316 [nafiCoOOtew
1363 294 1395 323 ’rip
1412 295 1438 316 νῳ
1448 304 1456 317 ,
1473 285 1589 318 περιὲχειν
1602 290 1636 321 τᾷ
1650 291 1698 324 νῷ]
1736 291 1791 317 Cic.
1801 291 1832 317 de
1847 291 1946 317 56116ὗῖ-
1958 300 1982 324 15
2001 292 2113 328 Eteniiii,
2128 308 2210 332 quum

1168 316 1331 356 conipleeior
1347 326 1454 359 animo,
1473 326 1587 359 quatuor
1603 325 1687 350 causas
1700 326 1821 359 reperio,
1842 333 1888 353 etc.
1942 327 2095 356 Add.1dein
2110 333 2180 359 Fam.
2192 344 2201 348 ·

1168 359 1222 392 17.ι
1261 353 1359 392 Animo
1373 363 1413 380 rei
1427 357 1637 389 magnitudinem
1650 362 1791 395 complecti
1806 362 1862 388 Cic.
1876 362 1908 389 de
1920 363 1993 390 Orat.
2010 372 2029 396 1,
2045 373 2081 396 19.
2137 369 2177 394 Sic
2189 352 2211 395 {i

1168 387 1304 429 Qiinc’tih
1317 397 1353 419 10,
1368 393 1393 421 6,
1409 399 1420 421 3
1442 396 1465 415 σι*
1481 393 1506 416 6.
1580 393 1704 421 Carmine
1725 397 1826 432 aliquid
1847 399 1990 433 complecti
2009 399 2080 426 Idem
2104 410 2131 433 3,
2147 411 2171 435 1,
2185 414 2210 437 4.

1167 423 1224 463 Cic.
1239 424 1321 449 Tulc.
1338 433 1359 457 1,
1374 434 1403 457 50
1414 461 1418 465 .
1430 427 1508 465 Certe
1528 432 1554 452 et
1569 427 1646 454 deum
1666 430 1766 464 ipsum,
1784 441 1810 459 et
1825 432 1950 461 diuinum
1969 435 2085 461 animum
2101 445 2212 472 corpore

1166 458 1325 492 liberatum,
1352 462 1524 495 Cogitatione
1545 464 1685 498 complecti
1710 475 1764 492 non
1783 469 1922 502 possumus.
1995 472 2166 506 Cogitatione
2186 481 2212 501 et

1229 529 1234 534 ·
1278 530 1282 534 .
1642 501 1673 525 Et
1686 501 1757 527 Fam.
1774 511 1801 535 3,
1823 512 1845 530 11
1873 505 2035 540 Complexus
2052 508 2136 542 igitur
2155 510 2212 536 suin

1167 530 1338 569 Cogitatione
1360 537 1384 557 te
1404 532 1546 572 absentem.
1626 535 1744 562 Honesto
1767 540 1971 573 comple-&imur
1984 542 2079 570 iustum
2121 545 2194 579 pium

1167 565 1337 605 religiosum,
1357 573 1383 593 et
1396 568 1491 594 nmilia
1505 568 1635 602 Qiinftil.
1651 579 1673 602 ε,
1688 581 1716 604 4,
1730 578 1766 604 38.
1838 576 1925 602 Tacit.
1941 579 2007 604 Arm.
2022 587 2037 604 2
2061 563 2096 609 82³
2115 565 2211 616 Neque}

1165 600 1201 627 ob
1213 601 1286 627 aliud
1300 607 1458 636 interceptos
1474 606 1644 630 Germanicum
1657 613 1679 631 ct
1693 608 1808 643 Drusum,
1823 619 1901 644 quam
1915 613 1976 647 quia
1991 599 2119 648 Pop'uium
2132 617 2211 644 Rom.

1164 645 1250 671 aequo
1271 637 1332 663 Iure
1353 639 1494 672 compleciti
1514 640 1614 666 reddita
1634 641 1756 669 libertate
1774 645 1948 680 agitauerint,
1978 653 1995 674 i.
2016 651 2127 678 omnihus
2146 653 2212 679 idem

1387 709 1391 713 ἱ
1417 709 1421 713 ’
1563 711 1566 715 Ι
1598 712 1606 717 j
1630 713 1635 717 .
1846 682 1901 708 Cic.
1919 684 1950 709 dc
1965 685 2056 712 Diuin.
2073 696 2098 719 2,
2119 689 2168 722 146
2187 698 2210 715 c.

1166 715 1196 743 71
1223 708 1368 749 Qiomodo
1384 716 1469 743 igitur
1483 709 1546 735 hacc
1560 713 1664 739 inhnita
1680 720 1705 739 et
1719 714 1819 748 semper
1833 725 1917 750 noua,
1936 726 1979 746 ant
1992 721 2125 749 Memoria
2140 733 2211 750 coui-

1166 743 1264 787 pleeh,
1281 750 1325 770 aut
1343 744 1509 771 obseruando
1526 753 1619 772 notare
1640 750 1770 782 poss‘unius
1786 752 1794 776 3
1864 753 1954 780 Mente
1974 756 2076 790 aliquid
2091 759 2165 786 Idem
2178 761 2210 786 de

1165 781 1222 806 1⁴1n.
1237 789 1266 812 2,
1290 789 1338 806 112.
1410 781 1533 807 Numero
1553 782 1668 815 quodam
1690 786 1845 813 sententiam
1862 789 1918 815 Cic.
1938 790 1970 816 dc
1982 792 2055 818 Orat.
2070 802 2081 809 .
2112 802 2154 828 173
2181 796 2211 822 de

1164 825 1261 841 numero
1276 818 1392 843 oratorio.
1465 816 1611 843 Obsidione
1628 820 1851 857 munimentisque
1872 825 1938 851 Vell.
1954 834 1984 857 2,
1999 835 2033 859 51.
2070 810 2158 856 ³'Cic
2178 832 2211 858 ad

2122 117 2210 153 1082

31 843 36 893 ⁴3
52 855 214 892 suiitseriae.
257 853 315 880 Viti.
331 854 386 880 Cic.
401 856 454 880 Att.
467 862 492 889 7,
505 862 523 888 7
547 863 615 890 quem
635 853 763 879 laudamus
780 856 807 878 in
821 852 1022 887 Compitalicius
1037 851 1102 878 dies.
1121 866 1157 884 20
1166 851 1246 883 Qir.
1260 851 1325 885 post.
1342 851 1397 878 red.
1413 854 1430 878 6
1454 852 1526 879 Nam
1539 861 1621 887 quum
1635 853 1663 879 in
1680 854 1736 888 ipso
1751 856 1880 885 beneficio
1897 861 1984 887 vestro
1997 869 2067 890 tanta
2082 867 2211 900 magnitu-

34 908 36 929 ς
59 892 180 926 Calpurn.
196 888 249 917 Ecl.
262 898 289 922 4,
304 898 353 922 125.
410 889 458 917 Sed
469 889 562 916 vrbem
578 897 694 915 memorat
707 888 826 914 Macrob.
840 889 890 914 Sat.
906 896 925 920 1,
941 895 958 921 7
982 890 1052 914 cuius
1069 888 1102 913 Io—

28 930 36 960 ,j
56 935 108 953 cum
126 925 211 951 damus
223 934 277 951 mox
290 928 316 951 in
331 925 515 960 Compitalicii
528 925 593 951 ludi.
629 926 703 951 Diem
715 924 787 950 huius
796 924 869 960 sacri
876 922 957 959 fmſji·
970 926 1101 953 incertum,

33 962 35 972 ⁴
54 964 104 988 iam
115 960 290 987 iudicauimus.
327 962 432 987 Interim
446 964 473 987 in
488 962 546 987 Vct.
555 960 611 987 Kal.
629 960 697 995 apud
711 961 810 986 Gruter.
826 966 854 995 p.
871 969 908 991 133
929 959 963 985 ad
977 966 1010 985 Vl
1027 958 1100 985 Non.

33 993 123 1033 lMaii
141 996 293 1033 adfer-iprum
314 997 420 1023 COMP.
443 997 603 1031 Compitalia
627 999 826 1030 interpretantur
846 998 899 1021 viri
919 993 988 1021 [1031
999 1005 1007 1020 :
1042 1002 1101 1029 quae

47 1032 121 1069 sorte
128 1032 233 1067 ficei-itit
246 1033 289 1058 illa
304 1034 409 1059 ruralia.

28 1085 34 1101 ῃ
53 1072 94 1096 tra
107 1069 210 1103 semper
224 1067 350 1102 pluralia,
372 1068 435 1094 haec
450 1077 537 1100 arma,
557 1067 620 1094 hacc
635 1067 803 1101 compitalia,
823 1066 851 1093 id
863 1066 909 1099 est,
924 1065 971 1093 vbi
984 1073 1039 1098 eos,
1052 1063 1100 1099 qui

54 1112 162 1139 peregre
175 1105 344 1136 moriuntur,
365 1104 464 1131 colunt.
502 1103 681 1130 Parentarium
695 1103 803 1129 dicitur.

89 1146 433 1172 COMPITALICIVS,
460 1148 489 1172 a,
516 1149 569 1166 um.
620 1138 681 1165 Adi.
744 1140 794 1170 Vt,
840 1137 896 1164 Cic.
927 1136 980 1162 Att.
1017 1142 1051 1170 7,
1081 1142 1098 1169 7

52 1175 123 1216 sige,
144 1176 272 1210 quoniam
289 1176 340 1201 1111
354 1175 427 1202 Non.
440 1176 543 1202 Ianuar.
565 1174 760 1209 compitalicius
781 1174 837 1200 dies
851 1172 900 1203 est,
918 1171 982 1198 nolo
1003 1179 1036 1196 eo
1055 1170 1098 1197 die

195 1248 251 1274 Cic.
263 1248 316 1273 Att.
331 1255 354 1279 2,
368 1255 379 1279 3
405 1247 454 1273 Sed
467 1247 518 1274 hoc
537 1245 765 1274 ambulationibus
780 1243 966 1283 compitaliciis
981 1243 1098 1283 reserue-

30 1284 32 1305 l
52 1291 119 1310 mus.
189 1283 262 1310 Idem
277 1283 305 1309 in
319 1283 402 1309 Pison.
418 1288 430 1313 8
451 1292 472 1310 c.
486 1291 505 1316 4
531 1283 612 1310 Cuius
631 1283 684 1309 fuit
701 1281 809 1308 initium
829 1278 887 1305 ludi
906 1278 1099 1313 compitalicii,

51 1325 98 1345 etc.
151 1318 194 1346 Stc
206 1321 279 1345 etiam
292 1325 365 1345 vocat
377 1318 444 1345 Plin.
458 1321 498 1351 36,
512 1326 555 1352 27.
625 1317 777 1345 Macrobius
791 1316 892 1342 Saturn.
909 1323 935 1347 1,
950 1322 967 1349 7
988 1315 1098 1349 Compi-

51 1353 148 1381 talibus
183 1367 228 1374 —
263 1363 323 1380 cum
347 1353 405 1380 ludi
430 1363 476 1389 pci-
497 1354 590 1381 vrbem
610 1353 640 1379 in
659 1352 781 1392 compitis
800 1350 961 1385 agebantur,
980 1350 1099 1377 restituti

30 1261 32 1283 ,¹
51 1247 125 1274 lebat.

51 1425 101 1457 nis,
109 1434 164 1461 quo
171 1431 337 1460 praeceptum
344 1425 390 1459 est,
397 1432 426 1452 vt
433 1435 481 1461 pro
488 1424 617 1460 capitibus
625 1423 754 1459 capitibus
762 1422 1043 1456 ssipplicaretur.idque
1050 1422 1098 1448 ali-

53 1461 180 1495 quamdiu
192 1461 379 1494 obseruatum,
396 1467 425 1488 vt
440 1470 488 1496 pro
501 1459 677 1487 familiarium
697 1459 743 1486 sos
758 1459 837 1491 itate,
856 1458 934 1492 pueri
949 1458 1096 1485 ma&aren·

51 1503 94 1523 tur
107 1497 212 1524 Maniae
229 1496 292 1524 deae
301 1517 309 1530 ,
334 1497 411 1523 matri
432 1497 529 1523 Larum
538 1515 546 1528 ‚
572 1494 645 1530 quod
671 1495 736 1522 sacri
759 1494 795 1520 cii
819 1503 900 1529 genus
922 1495 981 1520 Iun.
999 1494 1095 1520 Brutus

50 1531 122 1558 COS.
141 1533 219 1558 aliter
231 1533 366 1558 constituit
378 1531 571 1558 celebrandum.
627 1531 699 1558 Nam
712 1529 843 1566 capitibus
855 1529 911 1557 allii
918 1536 944 1556 et
957 1529 1096 1570 papaueris

46 1609 153 1629 remoto
165 1602 264 1629 scilicet
277 1602 371 1629 scelere
385 1602 514 1629 infaustae
528 1602 739 1629 sacrificationis:
764 1601 920 1637 fassumque
935 1601 981 1635 est,
998 1607 1028 1628 vt
1041 1601 1096 1628 efli-

1 1648 3 1650 ·
45 1638 100 1672 gies
115 1637 220 1664 Maniae
237 1638 371 1672 suspensae
391 1647 440 1672 pro
460 1638 624 1673 singulorum
644 1638 764 1671 foribus,
785 1637 934 1672 periculum
953 1636 971 1663 si
987 1637 1093 1672 quando

43 1673 198 1700 immineret
210 1674 339 1707 familiis,
360 1674 513 1708 expiarent,
533 1674 664 1709 ludosque
682 1674 753 1709 ipsos
772 1682 803 1700 ex
823 1673 876 1700 viis
895 1672 1093 1707 compitorum,

43 1708 73 1736 in
87 1708 185 1744 quibus
202 1709 386 1743 agitabantur,
406 1710 569 1744 Compitalia
589 1709 819 1744 appellitauerunt.
855 1707 1093 1735 HastenusMacro-

41 1744 105 1771 hius.
156 1743 464 1781 Dejztnilisubstitutione
487 1744 624 1779 hostiarum
646 1745 698 1772 vid.
712 1744 794 1772 Ouid.
807 1742 873 1770 Fast.
888 1752 912 1776 3,
925 1752 971 1776 339
991 1743 1028 1778 sq.

81 1787 161 1808 COM
171 1787 186 1806 P
197 1788 206 1807 1
220 1788 296 1808 TAL
306 1789 315 1807 1
326 1787 343 1807 C
355 1788 364 1807 1
374 1787 412 1813 A,
432 1790 520 1808 orum.
556 1790 581 1807 n.
617 1780 671 1808 Cic.
685 1781 714 1807 in
728 1781 814 1808 Pison.
826 1785 839 1810 8
859 1789 881 1806 c.
894 1788 914 1813 4
933 1780 993 1812 Tu,
1007 1788 1092 1814 quum

41 1815 72 1843 in
80 1815 207 1843 Calendas
217 1817 350 1844 Ianuarias
365 1817 608 1852 compitaliciorum
621 1817 677 1844 dies
692 1816 848 1847 incidissent,
859 1816 926 1842 Sext.
936 1815 1091 1848 Claudium,

40 1858 88 1878 nc.
110 1853 186 1887 plura
203 1852 276 1879 habet
294 1852 335 1879 ille
353 1853 421 1879 locus
439 1852 474 1880 ad
491 1856 613 1880 rationem
626 1851 693 1889 festi
705 1851 893 1889 percipiendam
908 1862 916 1877 .·
936 1850 1055 1887 quaedam
1069 1858 1094 1878 et

42 1888 178 1914 Asconius.

44 1945 48 1947 ,
76 1920 333 1956 εοΜΡιᾸοΕο,
352 1922 398 1957 ui,
416 1923 498 1955 itum,
518 1926 571 1950 ere.

39 1960 81 1985 vel
93 1959 244 1986 uehementer
256 1960 364 1995 placere.
400 1959 468 1986 Ter.
481 1959 563 1986 Andr.
577 1968 606 1993 4,
622 1968 643 1991 1,
656 1968 690 1986 22
710 1958 849 1993 Postquam
865 1967 908 1984 me
922 1967 1011 1985 amare
1023 1957 1091 1991 dixi,

41 1994 196 2029 complacita
209 1994 246 2021 est
260 1994 321 2022 tibi.
377 1995 574 2030 Complacitum
588 1993 624 2021 cst
636 1995 719 2022 Flaut.
733 1994 829 2029 Amph.
842 1994 909 2029 prol.
925 1995 981 2021 106.
1028 1995 1089 2020 Hoc

40 2030 98 2057 Deo
112 2029 300 2064 complacitum
312 2029 348 2057 est
369 2030 442 2057 Idem
455 2030 524 2057 Rud.
540 2039 561 2064 1,
575 2039 596 2063 3,
611 2039 632 2063 3.
685 2030 835 2058 Confiiium
848 2030 1036 2065 complacitum
1052 2030 1089 2056 est

39 2072 68 2093 et
79 2071 215 2100 acceptum
228 2066 297 2092 Gell.
312 2071 352 2099 18,
365 2073 387 2098 3.
431 2064 474 2100 Est
491 2069 565 2093 etiam
578 2066 696 2102 pluribus
714 2075 765 2093 vna
777 2067 893 2102 placere,
915 2075 945 2092 ex
962 2064 1088 2101 compasta

38 2108 62 2127 er
76 2104 234 2128 conuentione
243 2102 342 2137 placere
361 2108 385 2128 et
402 2102 546 2138 approbari.

23 2165 24 2170 ,
37 2137 90 2171 ra)
111 2142 172 2164 ante
185 2137 219 2163 iis
235 2137 421 2172 complacebat.
1065 2168 1071 2174 ⁴

75 2179 120 2200 co
129 2179 153 2198 M
163 2177 235 2199 PLA
246 2178 264 2199 c
276 2170 289 2199 ἴ
296 2178 317 2198 T
326 2180 376 2203 vs,
384 2182 408 2205 a,
416 2181 469 2198 um.
494 2173 562 2198 Part.
605 2171 649 2204 Vt,
663 2170 742 2206 Apul.
755 2171 864 2203 Met.4‚
879 2177 925 2204 157
942 2169 1086 2203 ‘Quamuis

36 2207 159 2240 gentibus
172 2207 235 2233 totis
252 2207 437 2241 complacitam
454 2206 536 2233 odiffe
549 2206 751 2234 formositatem.
824 2207 931 2233 Pratum
943 2205 1085 2241 complaci-

35 2247 94 2269 tum
109 2241 258 2268 Nemefian.
273 2244 370 2278 Cyneg.
389 2252 415 2270 v.
431 2250 468 2269 12.

72 2283 90 2305 c
100 2284 120 2306 ο
129 2284 154 2304 Μ
163 2284 178 2304 r
188 2278 258 2305 Lac
267 2285 303 2311 Q,
322 2283 375 2306 are.
412 2276 571 2313 [ssimum]

32 2319 110 2340 eorum
122 2315 233 2349 placare.
287 2314 363 2341 Tiro
381 2313 448 2350 apud
459 2313 527 2340 Gell.
547 2313 596 2339 lib.
616 2321 649 2348 7,
670 2323 683 2347 3
711 2315 742 2341 In
762 2313 902 2349 principiis
922 2320 1026 2346 autem,
1044 2316 1083 2340 in—

0 2380 2 2386 Ι
31 2351 110 2411 qui't‘,i
125 2349 247 2412 patroni,
261 2351 310 2385 qui
325 2358 374 2386 pro
387 2350 442 2377 reis
455 2349 559 2381 dicunt,
579 2349 723 2377 conciliare
735 2349 786 2377 fibi
798 2355 825 2376 et
838 2348 1002 2385 complacare
1013 2348 1084 2376 iudi-

33 2393 74 2411 ces
111 2393 125 2411 e
145 2389 198 2412 ent.

67 2426 86 2447 C
97 2425 117 2447 ο
128 2427 153 2447 Μ
161 2428 177 2448 1²
185 2427 203 2447 L
211 2420 234 2449 Ᾱ
244 2426 266 2447 Ν
277 2427 296 2447 ο
304 2440 313 2453 ,
340 2423 393 2447 ἥτε.
429 2418 585 2456 [ὅμοιλύνω]
633 2421 742 2448 Planare
759 2419 877 2456 undique.
915 2420 983 2446 Cato
1002 2418 1034 2445 R.
1048 2418 1080 2445 R.

32 2464 69 2490 151
96 2455 127 2483 Id
141 2455 207 2483 bene
220 2455 327 2489 tabula,
343 2462 389 2483 aut
401 2455 539 2489 manibus,
557 2462 603 2484 aut
616 2456 727 2491 pedibus
740 2456 917 2490 complanato.

33 2492 218 2527 complanare,
229 2498 278 2528 pro
290 2490 437 2526 Destruet-2,
456 2498 480 2518 et
493 2492 548 2528 solo
566 2501 680 2527 aequare.
716 2490 773 2516 Cic.
793 2498 842 2524 pro
855 2490 944 2516 Domo
958 2497 998 2517 101
1018 2499 1039 2517 c.
1052 2495 1081 2522 38

32 2528 74 2562 Sp.
93 2528 171 2555 Melii
192 2537 304 2563 regnum
324 2527 470 2562 appetentis
493 2527 587 2554 domus
610 2526 646 2552 est
672 2525 847 2559 complanata.
919 2525 1036 2553 Hirt..de
1051 2527 1079 2552 B.

31 2563 106 2592 Alex.
120 2566 150 2596 63
169 2564 301 2596 Postulat,
320 2564 362 2589 vti
373 2562 537 2592 munitiones
551 2561 741 2593 delicerentur,
775 2576 822 2581 ——-
857 2570 940 2596 prope
952 2562 1005 2588 iam
1019 2571 1080 2589 con-

30 2599 121 2626 stituta
133 2608 215 2633 opera
227 2608 288 2625 cnm
302 2597 508 2631 complanarent.
580 2598 681 2624 Locum
697 2596 864 2632 complanare
877 2597 1004 2632 leianus
1018 2598 1048 2624 in
1060 2598 1078 2625 1.

33 2634 110 2668 Apud
129 2632 304 2660 Trebatium.
335 2633 367 2659 D.
394 2631 426 2659 de
445 2641 513 2668 aqua
535 2631 609 2667 pluu.
628 2632 732 2660 arcend.

32 2668 152 2695 accident
169 2668 235 2696 dura
254 2674 280 2695 et
294 2668 398 2703 aspera,
419 2668 464 2695 sed
482 2677 550 2704 quae
570 2668 674 2696 molliat
692 2675 719 2696 et
737 2669 887 2704 complanet
901 2670 956 2705 ipse
974 2669 1032 2697 Sen.
1048 2670 1080 2698 de

19 2722 20 2727 1
87 2713 113 2731 u.
147 2724 154 2731 .
170 2712 189 2731 ”.

32 2704 87 2767 Pri:
99 2748 118 2768 o
125 2713 151 2766 151
158 2721 200 2767 1²³1.
207 2746 229 2767 A
238 2746 262 2766 N
269 2740 293 2766 Α·
300 2744 322 2766 T
329 2746 351 2767 v
359 2746 373 2766 s
380 2759 389 2772 ,
419 2747 434 2766 a
443 2759 452 2773 ‚
484 2748 539 2767 nm.
576 2739 636 2767 Adi.
691 2740 727 2768 Vt
734 2759 743 2773 ,
771 2739 944 2776 Coinplanata
970 2741 1078 2769 foffiiris

595 2777 628 2803 Et
639 2776 713 2804 Caes.
720 2785 743 2803 c.
752 2786 791 2811 44
811 2777 922 2812 Repleto
930 2783 956 2804 et
964 2778 1079 2813 compla-

18 2774 20 2810 ἲ
31 2776 164 2803 montium
172 2776 234 2811 iuga
245 2775 352 2803 Sueton.
359 2775 444 2811 Calig.
453 2785 475 2803 c.
484 2784 524 2812 37.

30 2811 149 2875 mg'oliavi
152 2821 196 2874 1titi.
204 2853 228 2875 A
235 2853 290 2874 ΝΛ
297 2853 319 2874 Τ
329 2854 339 2874 1
349 2851 370 2873 0
380 2867 389 2880 ,
406 2847 475 2874 onis.
510 2846 531 2874 f.
573 2848 621 2880 Vt,
639 2846 692 2875 Sub
712 2846 809 2882 exiguo
825 2847 914 2876 oneris
933 2849 1039 2877 tumulo
1051 2855 1078 2877 et

455 2883 586 2911 Laudatur
603 2884 661 2911 Sen.
678 2884 776 2912 Natur.
790 2884 896 2918 Qiaest.
912 2890 935 2918 8,
957 2895 977 2913 1.
1029 2886 1078 2915 Sed

27 2880 241 2920 complanatione
254 2882 396 2918 exspirare.

24 2925 114 2955 parum
131 2924 253 2946 accurate.

62 2961 81 2982 c
88 2960 108 2982 o
117 2961 142 2982 M
150 2962 166 2982 P
174 2961 191 2981 i.
199 2961 222 2981 A
231 2962 253 2982 N
262 2961 285 2981 A
293 2961 316 2981 T
326 2953 347 2981 o
356 2961 376 2981 R
385 2973 394 2987 ,
414 2953 480 2982 bris.
517 2962 553 2980 m.
590 2954 669 2991 Apul.
682 2953 761 2991 Apol.
784 2963 810 2991 p.
824 2962 875 2991 277
895 2956 1005 2985 Elmenh.
1016 2957 1076 2984 Pul-

27 2989 142 3017 visculus
154 2990 337 3025 complanatur
354 2990 502 3018 tumidulae
516 2990 680 3026 gingiuulae.

65 3030 85 3052 c
93 3032 112 3053 ο
120 3032 146 3052 Μ
153 3033 169 3052 1²
178 3032 196 3052 1.
204 3033 228 3053 A
237 3033 260 3053 N
268 3033 290 3053 'r
301 3031 321 3052 o
331 3045 340 3058 ,
355 3030 409 3053 ire.
443 3027 503 3054 Vct.
512 3027 591 3054 Gloff.
607 3025 777 3062 Complanto,
790 3025 895 3061 φυτεύω,
901 3028 1074 3063 urnam-evim.

63 3067 228 3088 COMPLA
239 3067 262 3087 N
273 3062 426 3095 ΤᾸΤνε,
444 3070 476 3095 a,
496 3071 550 3089 um.
586 3064 654 3090 Part.
691 3062 814 3089 Ambros.
826 3064 905 3098 Epist.
917 3073 951 3098 42
965 3065 1013 3102 sub
1025 3064 1071 3100 fin.

26 3096 227 3134 complantatus
252 3095 407 3125 virtutibus.
452 3096 506 3124 vid.
525 3104 552 3125 et
569 3099 648 3134 Vulg.
668 3100 800 3134 Interpres
828 3099 860 3126 ad
878 3100 990 3128 Roman.
1009 3103 1040 3134 6,
1059 3109 1074 3135 ς

25 3133 162 3167 σύμφυτος.
579 3154 583 3160 .

61 3175 79 3196 c
87 3175 106 3195 o
116 3175 141 3195 M
149 3175 165 3196 i>
174 3175 191 3195 1.
200 3174 253 3195 AN
261 3174 284 3195 T
291 3174 314 3195 A
323 3173 346 3195 ‘r
360 3173 371 3194 1
382 3173 418 3200 o,
438 3167 506 3196 onis.
541 3168 562 3197 f.
599 3170 658 3197 νει.
672 3169 751 3197 Glofl‘.
767 3168 963 3206 Κατκφύτευσις.

12 3215 14 3219 v
61 3211 79 3232 c
88 3210 107 3230 0
116 3211 141 3231 M
150 3210 166 3230 r
175 3210 192 3230 1.
201 3210 224 3231 A
233 3210 255 3232 T
263 3209 284 3231 o
292 3211 315 3231 N
324 3210 334 3230 1
343 3209 362 3231 c
372 3210 394 3231 v
403 3209 416 3230 s
424 3223 434 3237 ,
453 3204 472 3231 i.
497 3213 535 3231 m.
570 3206 686 3233 Platonis
699 3205 820 3233 sectator.
856 3207 909 3234 Sid.
922 3207 1002 3243 Epist.
1011 3217 1040 3243 4,
1048 3215 1071 3235 11

24 3240 48 3268 A
60 3240 185 3275 Collegio
198 3239 536 3277 Complatoniconuntoio
549 3239 644 3269 habitu
661 3251 691 3269 ac
703 3240 756 3268 fide
771 3242 966 3272 dissociabatur.

9 3290 12 3300 ι
60 3282 78 3303 c
87 3283 106 3303 0
115 3283 140 3303 M
148 3282 163 3302 1>
172 3283 189 3303 1.
198 3282 221 3302 A
230 3281 250 3301 ν
260 3282 279 3302 1)
287 3281 307 3302 o
315 3295 325 3309 ,
344 3274 362 3302 fi
371 3294 379 3307 ,
399 3275 473 3309 sum,
493 3278 546 3303 ere.
575 3278 739 3314 [ἑπικροτέω]
776 3278 865 3314 Plausu
879 3282 995 3307 certatim
1007 3289 1070 3307 com-

68 3312 134 3340 bare.
190 3311 247 3338 Cic.
261 3310 294 3338 de
305 3311 413 3338 Amicit.
427 3320 464 3346 24
482 3321 504 3339 c.
518 3320 536 3348 7
563 3312 663 3340 stantes
677 3313 896 3348 coinplaudebant
911 3315 941 3343 in
953 3324 983 3343 re
995 3316 1068 3350 ficta,

22 3348 50 3376 b.
61 3357 82 3376 e.
95 3347 236 3385 fauebunt,
247 3345 405 3387 spectatores·
420 3349 448 3374 in
461 3347 567 3375 theatro.
601 3349 650 3378 Sed
661 3350 734 3377 Grut.
747 3349 914 3378 Plaudebant.

6 3409 7 3413 ,
28 3405 31 3408 ,
59 3389 212 3412 οοΜΡιΕ
222 3389 240 3410 c
251 3389 345 3415 TOR,
367 3384 435 3416 eris,
454 3391 518 3414 exus
534 3385 607 3418 sum,
623 3385 687 3412 effi.
723 3386 933 3421 [eupnunmxn
952 3386 1067 3422 ἀμφικα-

23 3417 126 3453 λῦιιτω,
143 3419 265 3455 ηεμέχω]
301 3419 380 3446 simul
391 3420 521 3458 vestorum
533 3419 662 3458 brachiis,
676 3422 716 3448 vel
727 3422 780 3448 alia
793 3425 880 3458 quouis
893 3432 920 3450 re
932 3423 1066 3450 includere.

23 3454 181 3482 Ter-Andr.
195 3464 216 3487 1,
232 3463 252 3487 1,
266 3456 312 3481 106
333 3454 472 3482 Accurrit:
490 3454 604 3483 mediam
615 3456 759 3484 mulierem
774 3457 969 3493 complectitur.
1007 3459 1066 3486 Flo-

23 3489 99 3524 ribus
119 3496 146 3518 et
158 3490 254 3518 vmbra
268 3489 340 3516 dulci
354 3498 417 3516 eum
433 3489 619 3525 complee'titur
636 3501 770 3521 amaracus
782 3493 880 3528 Virgil.
894 3495 959 3522 Aen.
973 3503 995 3528 1,
1008 3497 1067 3528 698.

24 3526 151 3553 Dextram
165 3525 305 3562 complecti
319 3525 432 3552 alicuius
449 3525 487 3552 Id.
501 3526 566 3553 Aen.
578 3531 602 3560 8,
615 3532 668 3561 558.

23 3560 104 3597 pleffi
116 3561 197 3589 Ouid.
203 3562 288 3590 Trist.
303 3571 323 3594 1,
337 3564 363 3594 6,
370 3569 396 3597 7.
449 3561 561 3589 Gremio
572 3563 676 3598 aliquid
688 3565 830 3600 comple-&i
843 3565 918 3600 Virg.
925 3567 990 3594 Aen.
998 3574 1020 3600 5,
1028 3575 1065 3600 31.

23 3596 136 3625 Hostem
152 3596 232 3624 hostis
249 3597 436 3633 complectitur
472 3597 570 3625 Lucan.
583 3607 614 3631 3,
632 3601 695 3633 694.
722 3602 742 3626 i.
762 3602 900 3637 >ccarriplexu
907 3602 980 3639 forti
991 3609 1065 3629 tenet.

23 3631 153 3660 Membra.
167 3632 278 3660 alicuius
297 3633 401 3661 lacertis
421 3632 564 3668 completffi
585 3631 669 3661 Ouid.
686 3634 752 3661 Met.
770 3644 814 3670 10,
831 3644 896 3672 407.
965 3638 1064 3665 omnes

25 3668 148 3695 omnium
159 3668 278 3696 caritates
291 3670 377 3704 patria
392 3678 444 3696 vna
457 3670 594 3704 complexa
607 3669 643 3696 est
658 3669 775 3697 Cic.0ff.
787 3679 806 3704 1,
820 3679 861 3707 57.
929 3673 1065 3707 Lucan.4,

23 3739 108 3772 salus,
127 3739 292 3771 Concordia,
305 3741 408 3769 mundi.
478 3741 557 3768 Pedes
569 3741 682 3768 alicuius
695 3742 793 3770 Lucan.
809 3751 846 3776 10,
859 3749 901 3777 89.
945 3745 1064 3772 Puellam

23 3774 123 3801 affiius
134 3774 191 3815 Cic.
204 3774 238 3802 de
251 3775 312 3802 Diu.
326 3784 348 3809 1,
361 3785 412 3810 103.
484 3776 626 3812 Qudquid
638 3777 701 3818 vitis
714 3778 767 3804 suis
782 3778 917 3815 clauiculis
930 3779 968 3806 est
980 3781 1065 3814 naEia,

10 3864 11 3869 ,
23 3809 498 3880 ἓξὲξῖῗῗέἓὲρῖἓξὲᾶὲηεὲἔᾞῗι
509 3823 540 3876 ‘''s
548 3822 603 3876 ξ’..
615 3813 698 3876 ἒξιὲ
711 3814 863 3878 ωωξέἕῧῖἷς
871 3815 978 3877 ἳῖ““ῗ“·
987 3821 1010 3850 ⁸’
1025 3824 1063 3852 ¹⁷·

21 3880 149 3917 plectitur
162 3887 256 3948 aetion:
266 3868 447 3948 acItherisCi’c.
458 3863 601 3914 ae'Natui.
614 3866 702 3914 beor:
710 3893 735 3918 α,
747 3893 769 3920 5.
941 3861 974 3878 na
991 3861 1061 3880 com·

53 1219 82 1238 m
96 1211 228 1238 Albanum
240 1210 348 1243 venire,
365 1220 399 1238 ne
417 1211 541 1238 molestus
556 1210 602 1237 (im
622 1210 757 1243 familiae,
776 1217 836 1245 quae
853 1208 1049 1247 nempe-epulari
1058 1207 1099 1242 so·
1112 1222 1144 1247 30
1162 1206 1228 1234 dam.

1100 1754 1136 1781 45
1155 1743 1270 1778 quadam
1288 1750 1314 1771 et
1329 1746 1439 1771 caritate
1457 1746 1483 1771 se
1495 1746 1684 1780 complec‘iitur
1704 1749 1817 1776 mundus
1836 1751 1893 1778 Cic.
1907 1749 1984 1779 Tim.
2002 1760 2035 1785 13.

607 1922 734 1959 [οἶρέσκω,
751 1919 865 1957 indomita]
906 1920 1021 1958 Vndique
1034 1921 1091 1962 bene
1100 1933 1133 1960 50
1155 1928 1208 1948 tate
1229 1923 1348 1959 aliquem
1367 1924 1421 1951 Cic.
1437 1925 1509 1951 Fam.
1523 1933 1557 1960 7,
1577 1933 1598 1959 5.

600 2102 673 2131 Idem
688 2110 727 2136 17,
741 2110 758 2135 9
779 2103 916 2135 Qiaenam
928 2110 994 2129 vero
1012 2102 1090 2135 (lite.
1105 2112 1134 2137 ⁵5
1151 2104 1175 2132 6,
1197 2111 1222 2133 9.

815 2634 957 2669 Metaphor.
993 2634 1080 2661 Multa
1088 2642 1125 2671 70

1095 3000 1129 3027 80
1139 3003 1160 3029 1,
1176 3004 1196 3029 1,
1212 3004 1265 3030 134.

1088 3177 1118 3209 85
1134 3175 1219 3211 plexa,
1228 3177 1282 3204 telo
1290 3178 1414 3205 incubuit
1426 3177 1508 3205 Ouid.
1517 3178 1582 3204 Met.
1596 3182 1697 3211 12,428.

1082 3366 1119 3392 90
1134 3355 1218 3384 Rutil.
1231 3357 1294 3385 Itin.
1310 3366 1331 3390 1,
1345 3364 1380 3392 77
1399 3356 1428 3383 de
1438 3358 1525 3384 Roma.

739 3527 860 3564 Effigiem
874 3530 903 3557 in
915 3539 982 3558 auro
996 3539 1067 3557 com·
1076 3541 1113 3568 95
1130 3539 1180 3563 tus.

23 3708 68 3736 ¹89
87 3703 167 3731 Nune
178 3703 238 3735 {deii
251 3710 358 3733 “terno
374 3705 551 3741 complefihms
569 3706 661 3733 omnia
678 3714 762 3738 nexu,
797 3708 822 3734 0
836 3715 927 3735 retum
939 3709 1066 3745 mistique
1072 3722 1120 3742 100
1127 3713 1292 3747 fiai-immae,
1307 3713 1513 3749 complexusque
1526 3714 1643 3742 summae
1656 3715 1868 3743 beneuolentiae.

1166 886 1200 912 do
1213 886 1265 919 est,
1287 894 1315 913 vt
1329 896 1386 914 eam
1400 888 1542 922 complecii
1555 888 1686 915 Oratione
1702 899 1755 916 non
1769 893 1865 925 poffim.
1938 897 2027 924 Verbo
2047 908 2100 926 vno
2119 905 2211 929 omnia

1165 921 1238 949 Idem
1256 922 1288 948 dc
1301 923 1358 949 Fin.
1374 931 1402 955 5,
1422 927 1464 950 26.
1534 924 1630 951 Verbis
1649 925 1849 960 compleffimn
1870 931 1941 963 quod
1961 934 2017 959 vult
2054 938 2071 960 i.
2079 936 2211 971 faciendus

1165 955 1218 997 est,
1228 959 1293 998 quod
1304 960 1359 985 vult
1372 962 1486 985 enuntiat
1504 959 1560 985 Cic.
1575 959 1608 986 de
1622 961 1680 986 Fin.
1694 968 1713 994 1,
1726 969 1760 994 15.
1818 963 1913 990 Verbis
1928 954 2079 996 sententiam
2093 972 2210 1007 aliquam

1165 993 1294 1025 Quinctil.
1308 1002 1330 1026 3,
1347 996 1371 1020 6.
1444 995 1502 1021 Sen.
1524 995 1619 1021 oetan.
1639 1002 1690 1031 478
1715 997 1756 1024 Sic
1778 997 1825 1024 ille
1847 1001 1947 1033 patriae
1965 1005 2065 1036 primns
2080 1008 2210 1042 Augustus

460 1034 526 1059 Nam
539 1034 698 1067 caeteroquin
709 1031 809 1058 Charis.
826 1040 835 1057 1
855 1040 879 1066 p.
890 1040 922 1057 20
941 1028 1100 1065 extr.,Neu-
1117 1042 1149 1068 23
1164 1036 1256 1062 parens
1269 1029 1430 1064 Complexus
1446 1031 1519 1057 Astra
1538 1031 1590 1063 est,
1613 1032 1712 1059 colitur
1724 1039 1750 1059 et
1763 1034 1867 1070 templis
1881 1035 1960 1068 deus,
1986 1041 2004 1063 i.
2018 1040 2134 1072 infide-ra
2147 1047 2210 1071 rela-

1162 1071 1219 1096 tus,
1237 1065 1401 1100 const-cratus.
1425 1101 1429 1105 Ι
1486 1066 1554 1092 Ρ1111.
1575 1067 1603 1093 111
1621 1068 1714 1103 Pancg.
1736 1077 1768 1102 95
1798 1071 1851 1097 Vos
1870 1072 1992 1105 proxime
2010 1074 2212 1106 destinationem

1162 1100 1321 1126 Consulatus
1335 1102 1390 1127 mci
1403 1100 1444 1127 his
1457 1102 1694 1130 acclamationibus
1708 1105 1912 1140 approbanistis,
1929 1114 1958 1135 vt
1970 1109 2118 1145 intelligam
2132 1115 2213 1141 etiam

1161 1141 1240 1170 atque
1253 1137 1333 1162 etiam
1348 1137 1503 1164 enitendum
1515 1137 1594 1170 milii,
1607 1146 1635 1165 vt
1650 1139 1719 1166 hunc
1734 1142 1896 1170 eonsensum
1911 1144 2026 1172 vestrum
2044 1148 2202 1182 comple&ar

1163 1177 1189 1197 et
1209 1177 1328 1205 teneam,
1349 1179 1374 1199 et
1394 1173 1422 1198 in
1446 1173 1501 1199 dies
1515 1183 1623 1208 augeam
1638 1186 1644 1201 ε
1671 1179 1689 1202 i.
1707 1178 1769 1203 mi'hi
1781 1179 1916 1212 applicem,
1934 1189 1959 1206 eo
1972 1190 2008 1207 me
2021 1181 2123 1219 dignum
2137 1170 2214 1218 osten:

1175 1243 1179 1247 Ι
1203 1243 1208 1248 ι
1285 1208 1445 1235 Facultatem
1460 1209 1517 1236 Cic.
1533 1210 1605 1237 Fam.
1622 1217 1659 1243 10,
1674 1220 1716 1238 20.
1743 1215 1761 1239 i.
1777 1217 1817 1239 vti
1831 1224 1867 1241 eii.
1939 1216 2053 1250 Iustum,
2071 1220 2144 1254 pium
2172 1229 2212 1247 re-

1161 1242 1289 1277 ligiosum
1303 1244 1642 1284 compleeiiniui-lioiiesto,
1663 1250 1680 1273 i.
1690 1248 1838 1284 appellamus
1849 1249 1974 1283 honestum
1990 1254 2098 1287 Qiinei.
2106 1264 2132 1288 2,
2141 1240 2167 1290 4⁷„
2175 1262 2212 1289 38.

1162 1279 1254 1306 Preces
1268 1281 1410 1315 complecti
1419 1301 1427 1313 ,
1470 1285 1488 1307 i.
1510 1283 1596 1308 Preces
1609 1286 1750 1319 concipere,
1764 1283 1818 1318 fiue
1826 1290 1930 1321 precari
1943 1288 2024 1316 Ouid.
2034 1291 2099 1318 Met.
2109 1300 2146 1322 10,
2155 1298 2212 1325 483.

1161 1314 1210 1355 Sed
1222 1315 1305 1342 editur
1315 1336 1322 1348 ,
1341 1316 1468 1356 Sed-tales
1483 1319 1573 1344 exorsa
1589 1327 1687 1353 preces.
1743 1320 1799 1347 Cic.
1813 1329 1862 1356 pro
1874 1322 1958 1349 Plane.
1973 1333 2018 1351 102
2042 1336 2062 1354 c.
2075 1336 2111 1360 42
2137 1328 2213 1362 Qid

1162 1359 1235 1376 enim
1249 1352 1349 1385 possum
1364 1353 1452 1385 aliud,
1468 1352 1516 1379 nisi
1531 1354 1612 1387 flere,
1630 1354 1679 1380 nisi
1700 1364 1837 1390 moerere,
1853 1357 1902 1384 nisi
1915 1359 1960 1386 Tc
1980 1368 2040 1388 cum
2057 1372 2115 1390 mea
2130 1364 2210 1391 salute

51 1389 150 1416 scilicet
165 1399 181 1416 a
193 1390 349 1425 Tarquinio
364 1389 483 1424 Superbo
499 1389 610 1416 Laribus
628 1398 656 1415 ac
669 1389 790 1418 Maniae,
810 1395 842 1412 ex
856 1386 981 1421 responso
996 1385 1098 1421 Apolli·
1114 1396 1143 1423 35
1161 1385 1320 1420 coniple6H,
1344 1390 1362 1413 i.
1380 1385 1467 1421 testari
1474 1409 1483 1421 ,
1497 1396 1521 1415 te
1532 1392 1570 1415 ita
1582 1398 1637 1416 cum
1650 1399 1702 1417 mea
1708 1391 1792 1427 salute
1805 1393 1971 1428 coniunHum,
1986 1403 2024 1429 vt,
2038 1397 2085 1431 11ῌὶ
2098 1400 2211 1436 resaluo,

1152 1421 1243 1461 saluar
1257 1431 1300 1462 ego
1313 1421 1356 1462 effi
1376 1424 1529 1463 >1p›1poffin1.
1602 1426 1683 1453 Viros
1705 1427 1874 1462 amplillinios
1893 1430 1925 1456 ad
1944 1432 2020 1459 suum
2040 1434 2120 1462 scelus
2140 1444 2212 1463 coin-

1159 1455 1241 1492 plech
1254 1458 1312 1484 Cic.
1329 1467 1357 1483 1n
1370 1459 1455 1485 Pison.
1471 1468 1502 1494 75
1527 1469 1548 1487 c.
1563 1469 1599 1493 31.
1624 1462 1735 1497 i.chios
1742 1463 1787 1498 Jici
1798 1464 1897 1497 sceleris
1910 1470 2019 1494 mentiri.
2073 1469 2112 1496 Id.
2127 1471 2211 1498 Tusc.

1160 1501 1180 1525 1,
1194 1500 1208 1526 5
1232 1502 1255 1519 c.
1271 1501 1284 1525 3
1314 1494 1348 1519 At
1366 1501 1458 1521 contra
1479 1502 1614 1523 oratorem
1637 1498 1760 1524 celeriter
1779 1500 1911 1534 complexi
1930 1502 2037 1529 sumus:
2068 1513 2116 1531 nec
2134 1515 2196 1533 euni

1158 1535 1205 1555 etc.
1235 1532 1253 1555 i.
1259 1528 1350 1562 studia
1365 1531 1515 1566 eloquentiae
1527 1535 1674 1560 umauimus.
1745 1533 1860 1560 Omnem
1873 1544 1965 1564 rerum
1982 1541 2140 1568 memoriam
2152 1527 2213 1569 bre:

48 1567 190 1601 supplicari
203 1567 285 1599 iuffic,
306 1573 334 1593 vt
350 1566 474 1601 responso
487 1566 618 1602 Apollinis
637 1566 775 1593 satisfieret
792 1565 825 1592 de
843 1565 954 1592 nomine
968 1572 1096 1606 capitum,
1104 1579 1141 1606 40
1157 1564 1229 1592 viter
1241 1571 1266 1591 et
1277 1565 1470 1600 perdiligenter
1484 1567 1628 1602 complet-iii
1644 1569 1700 1594 Cic.
1717 1567 1749 1596 dc
1764 1570 1834 1596 Clar.
1845 1572 1920 1599 Orat.
1930 1580 1969 1607 14.
2167 1576 2188 1616 ἦ
2197 1587 2211 1611 3

1159 1600 1311 1641 Complecti
1329 1601 1466 1643 aliquem,
1484 1601 1518 1635 est
1530 1606 1638 1635 Amare,
1662 1608 1743 1637 tueri,
1769 1605 1916 1642 defendere,
1940 1616 1965 1635 et
1983 1607 2074 1643 officiis
2085 1612 2212 1650 prosequi.

1158 1637 1214 1677 Cic.
1231 1637 1303 1677 Pam.
1317 1645 1344 1677 2,
1363 1638 1438 1678 5.De
1459 1640 1516 1673 ipso
1533 1639 1572 1666 T.
1590 1640 1678 1666 Annio
1698 1646 1800 1668 tantum
1822 1642 1874 1669 tibi
1892 1644 2037 1678 polliceor,
2054 1652 2080 1673 te
2100 1649 2212 1677 maioris

1156 1679 1256 1713 animi,
1268 1679 1407 1707 grauitatis
1416 1695 1424 1706 ,
1446 1674 1622 1706 constantiae,
1637 1675 1895 1714 beneuolentiaeque
1907 1688 1969 1715 erga
1983 1687 2019 1714 te,
2033 1681 2051 1708 fi
2068 1685 2211 1719 complecti

1156 1707 1295 1735 hominem
1313 1709 1451 1742 volueris,
1474 1710 1631 1737 habiturum
1650 1712 1699 1738 effe
1718 1713 1861 1741 neminem.
1934 1717 2061 1745 Amicitia
2080 1721 2209 1748 concordi

1291 1780 1295 1785 =
1348 1781 1353 1785 .
1572 1782 1576 1787 .
2110 1759 2211 1784 Amore

1156 1780 1298 1814 coinpleeh
1318 1781 1436 1815 aliquem
1456 1781 1549 1808 Claud.
1569 1791 1598 1808 m
1614 1783 1697 1809 Laud.
1710 1784 1798 1811 Seren.
1814 1793 1863 1819 132.
1935 1788 2070 1817 Beneficio
2088 1791 2210 1828 aliquem

1155 1814 1212 1841 Cic.
1225 1824 1275 1850 pro
1289 1814 1375 1843 Plane.
1391 1821 1430 1846 82.
1502 1817 1693 1845 Beneuolentia
1712 1820 1828 1855 aliquem
1850 1823 1993 1858 complee'ti
2008 1824 2083 1853 Ideni
2095 1828 2168 1856 Fam.
2183 1831 2211 1861 6,

1155 1859 1195 1884 14.
1236 1853 1279 1892 'Et
1299 1860 1348 1893 pro
1362 1853 1445 1893 Marc.
1465 1862 1486 1879 c.
1497 1861 1519 1885 3.
1577 1853 1638 1894 Liu.
1653 1861 1680 1889 7,
1694 1865 1731 1889 40
1749 1857 1884 1885 Coruinus
1897 1867 1988 1886 omnes
1995 1858 2113 1890 Caritate
2127 1864 2209 1898 ciues,

1155 1895 1297 1921 praecipue
1311 1888 1427 1921 milites,
1441 1894 1467 1915 et
1480 1895 1540 1915 ante
1552 1889 1620 1916 alios
1632 1891 1707 1917 suum
1721 1892 1866 1920 exercituin
1881 1897 2043 1930 complexus.
2115 1900 2208 1927 Comi-

1194 1958 1200 1963 ,
1458 1961 1475 1965 ..
1571 1962 1576 1966 .
1675 1927 1868 1957 familiaritate
1887 1931 1959 1958 ειτᾶὶει
1977 1932 2119 1968 complecti
2140 1937 2208 1965 Plin.

1152 1956 1232 1999 Epist.
1247 1967 1270 1992 3,
1286 1967 1321 2000 11.
1366 1994 1372 2000 .
1389 1960 1489 2000 Studiis
1502 1961 1646 1995 omnibus,
1663 1961 1818 1997 laboribus,
1839 1967 1911 1993 vitae
1924 1969 2050 2002 periculis
2064 1972 2208 2006 complecti

1152 1993 1271 2029 aliquem
1290 1996 1345 2022 Cic.
1364 2005 1393 2022 111
1411 1996 1497 2023 Pison.
1513 2005 1559 2032 74.
1630 1998 1668 2024 Ex
1686 1998 1772 2027 literis
1792 2001 1906 2029 alicuius
1925 2005 2068 2038 complecii
2089 2007 2206 2042 aliquem

1152 2029 1227 2056 Idem
1246 2032 1319 2058 Fam.
1334 2039 1377 2064 12,
1392 2039 1413 2065 5.
1487 2033 1526 2059 Da
1546 2039 1572 2059 te
1591 2031 1714 2067 homini,
1733 2037 1939 2071 complctStctur,
1963 2040 2041 2066 crede
2059 2041 2130 2068 mihi
2148 2043 2206 2070 Cic.

1152 2066 1223 2093 Fam.
1242 2074 1274 2100 2,
1293 2072 1316 2097 8.
1389 2069 1466 2095 Artes
1486 2069 1613 2102 ingenuas
1630 2069 1700 2095 bona
1720 2070 1772 2096 fide
1791 2072 1934 2107 complecti
1954 2075 2035 2103 Ouid.
2051 2085 2083 2103 ex
2095 2078 2170 2105 Pont.
2185 2089 2194 2106 1

1297 2103 1448 2128 Bonitatem
1468 2103 1620 2129 inusitatam
1639 2104 1781 2138 complecli
1804 2113 1830 2133 et
1849 2117 1946 2144 angere
1967 2111 2022 2137 Cic.
2042 2121 2091 2147 pro
2112 2099 2207 2142 Rabir’

1149 2136 1217 2161 Post.
1253 2155 1259 2161 .
1295 2154 1302 2162 .
1348 2137 1546 2172 Philosophiam
1561 2139 1703 2173 complecti
1716 2140 1790 2168 Idem
1804 2144 1836 2170 de
1849 2145 1919 2172 Clar.
1928 2146 2003 2173 Orat.
2016 2156 2068 2180 322.
2125 2135 2206 2177 Com:

1149 2169 1297 2205 plectamur
1310 2171 1473 2199 senectutem
1492 2179 1518 2200 et
1537 2182 1655 2201 amenius
1673 2175 1730 2202 Seii.
1746 2178 1792 2212 Ep.
1808 2186 1827 2205 1.
1898 2181 1986 2208 Vitam
2008 2183 2113 2212 beatam
2132 2195 2204 2213 com-

1148 2206 1230 2242 111εὲὶί
1247 2206 1305 2234 Cic.
1318 2208 1350 2235 de
1365 2209 1423 2235 Fin.
1437 2217 1460 2242 3,
1475 2217 1517 2244 45.

1185 2248 1203 2275 c
1215 2249 1234 2270 o
1242 2249 1268 2269 M
1277 2251 1292 2270 r
1301 2250 1317 2269 1.
1326 2251 1344 2270 Ε
1352 2250 1368 2271 c
1376 2251 1398 2271 T
1407 2251 1442 2277 o,
1468 2246 1522 2271 ere.
1559 2240 1655 2271 Aeliae
1672 2243 1741 2281 apud
1756 2254 1862 2276 veteres.
1898 2249 2062 2287 Pomponius
2081 2254 2203 2285 Fulloni-

607 2276 692 2310 Idm,
709 2276 776 2314 quod
786 2286 854 2310 vna,
872 2277 914 2318 uel
918 2277 1024 2314 plures,
1043 2277 1128 2310 vel60
1146 2276 1213 2310 bus,
1235 2279 1310 2312 Qiin
1325 2287 1404 2313 erge,
1423 2279 1531 2313 quando
1543 2281 1687 2314 conuenit,
1706 2283 1886 2318 complectite.
1921 2288 1964 2314 Mi
1978 2289 2062 2317 frater
2076 2291 2163 2326 salue,
2182 2294 2201 2321 ὁ

1146 2313 1223 2339 soror
1241 2314 1312 2339 salue
1327 2322 1394 2340 mea.
1451 2314 1558 2341 Nonius
1571 2322 1599 2351 7,
1613 2323 1653 2349 39.
1707 2319 1740 2344 Et
1753 2318 1860 2348 Vitruu.
1876 2328 1913 2353 ro,
1928 2325 1946 2349 6
1970 2325 2063 2360 scapos
2085 2335 2203 2363 quatuor

1144 2346 1298 2382 complectit
1318 2355 1344 2375 et
1364 2350 1506 2385 compegit.
1562 2352 1611 2380 Sed
1622 2359 1704 2380 monet
1715 2354 1862 2390 Philander,
1877 2357 1920 2391 effi
1935 2359 2011 2388 Codd.
2030 2365 2076 2398 qui
2094 2364 2202 2393 habeant
2218 2394 2219 2398 ,

1145 2383 1298 2418 complexus
1317 2383 1363 2412 est.

1181 2426 1198 2447 c
1206 2427 1225 2446 o
1233 2426 1257 2446 M
1267 2427 1282 2446 P
1291 2426 1308 2446 L
1319 2427 1336 2447 E
1344 2428 1361 2448 c
1370 2427 1392 2448 T
1401 2427 1421 2449 o
1429 2428 1448 2448 R
1458 2441 1464 2448 .
1501 2420 1596 2458 Paffiue
1615 2426 1689 2451 etiam
1706 2425 1808 2462 legitur.
1849 2427 1974 2458 Scaeuola
1987 2431 2016 2459 in
2028 2433 2047 2460 1.
2068 2435 2095 2461 Si
2108 2435 2142 2462 fic
2155 2436 2201 2464 sti-

964 2454 1082 2481 Domum
1095 2455 1127 2488 65
1145 2455 1251 2490 pulatus
1267 2454 1313 2482 {im
1336 2455 1368 2483 D.
1384 2457 1416 2484 de
1429 2453 1582 2486 Verborum
1601 2459 1831 2496 obligationibus,
1851 2464 1922 2493 Nam
1935 2467 1998 2494 sicut
2017 2474 2043 2495 et
2056 2470 2153 2505 ipsius,
2173 2482 2201 2501 ct

1143 2491 1249 2518 heredis
1265 2498 1359 2527 caput,
1375 2493 1413 2520 ita
1427 2492 1505 2528 ipfius
1524 2495 1579 2526 vis,
1601 2496 1644 2523 vel
1663 2498 1766 2532 saepius
1786 2499 1856 2527 faoia
1873 2503 2061 2538 complectitur
2094 2513 2123 2535 vt
2136 2517 2200 2536 con-

1143 2526 1283 2555 demnetur
1296 2529 1389 2563 quanti
1402 2529 1519 2557 interest.
1563 2533 1595 2558 Et
1608 2533 1665 2559 Cic.
1685 2534 1754 2570 apud
1764 2535 1842 2562 Prisc.
1862 2545 1887 2571 p.
1901 2544 1959 2573 793.
2027 2524 2116 2577 Cupio
2136 2553 2199 2572 eum

1144 2568 1198 2590 tam
1211 2564 1346 2592 inuidiosa
1361 2565 1471 2593 fortuna
1490 2566 1642 2602 complecti.
1715 2569 1795 2597 Nihil
1813 2571 1965 2602 habendum
1984 2575 2014 2602 in
2031 2586 2064 2604 eo
2084 2588 2181 2614 genere

1143 2607 1198 2635 quo
1212 2601 1270 2627 vita
1283 2600 1358 2628 beata
1371 2602 1558 2637 compleantur
1573 2603 1611 2630 Id.
1626 2603 1709 2632 Tusc.
1723 2614 1737 2639 5
1763 2615 1785 2634 e.
1800 2615 1839 2641 14.
2186 2601 2197 2615 ⁹

1180 2642 1197 2663 c
1205 2643 1224 2663 ο
1233 2643 1258 2663 M
1266 2642 1282 2662 r
1291 2643 1307 2664 1.
1315 2644 1332 2664 E
1342 2643 1358 2664 c
1370 2644 1416 2678 TE
1426 2645 1448 2665 N
1458 2645 1470 2665 s
1479 2659 1488 2671 ,
1512 2639 1588 2666 entis.
1626 2640 1720 2668 Panic.
1756 2642 1954 2681 [περιῶέλλων]
1995 2647 2050 2675 Cic.
2065 2650 2146 2679 Acad.
2166 2661 2184 2685 4

1145 2675 1183 2702 118
1203 2680 1228 2699 c.
1246 2674 1279 2713 36
1302 2672 1440 2714 Perticies,
1456 2682 1485 2701 vt
1498 2684 1548 2710 ego
1561 2675 1610 2702 ista
1622 2676 1831 2706 innumerabilia
1848 2681 2043 2717 complectens,
2063 2672 2196 2721 nusquani

1143 2707 1232 2748 labar,
1250 2707 1320 2735 nihil
1333 2711 1445 2749 opiner?
1489 2712 1520 2751 ξι
1534 2711 1630 2739 Catuli.
1644 2715 1686 2746 65,
1698 2721 1749 2749 307
1768 2715 1872 2751 Corpus
1886 2717 2062 2754 coinplefiiens
2075 2722 2194 2757 vndique

1142 2743 1229 2771 vestis.
1265 2744 1334 2772 Add.
1348 2745 1429 2773 Ouid.
1443 2745 1531 2774 Trist.
1545 2755 1566 2780 1,
1580 2756 1604 2781 3,
1618 2755 1663 2784 70.

1179 2785 1197 2806 c
1207 2787 1227 2807 ο
1236 2787 1261 2806 Μ
1275 2787 1289 2807 1²
1301 2788 1317 2808 L
1325 2788 1342 2808 E
1351 2789 1370 2808 x
1378 2789 1399 2809 v
1409 2788 1421 2809 s
1430 2801 1438 2814 ‚
1470 2791 1501 2816 a,
1531 2792 1587 2810 um.
1629 2783 1722 2812 Partic.
1742 2786 1802 2820 pass.
1840 2785 2085 2826 [mfifficaffls‘m]
2133 2792 2192 2820 Cic.

1091 2822 1124 2851 75
1139 2823 1189 2850 pro
1204 2815 1280 2843 Rofc.
1295 2817 1384 2844 Amer.
1397 2826 1429 2853 37
1449 2826 1470 2845 c.
1487 2827 1511 2851 13
1539 2821 1603 2854 Qio
1616 2828 1671 2847 vno
1686 2821 1820 2848 maleficio
1834 2822 1932 2849 scelera
1947 2825 2036 2852 omnia
2051 2828 2190 2862 complexa

1141 2852 1190 2879 eise
1203 2851 1352 2880 videantur.
1377 2889 1383 2894 Ι
1407 2854 1456 2881 Sed
1472 2854 1592 2890 Propert.
1606 2864 1632 2890 1,
1646 2865 1683 2889 10,
1696 2865 1710 2890 5
1736 2859 1803 2885 Cum
1825 2864 1851 2884 te
1863 2859 2000 2893 complexa
2020 2862 2191 2897 morientem,

1141 2886 1230 2921 Galle,
1250 2889 1337 2924 puella
1356 2888 1489 2924 Vidimus,
1514 2892 1665 2928 Ambiguum
1684 2891 1735 2926 cst,
1760 2900 1784 2919 et
1803 2894 2001 2929 ἒπαμφοτεριξον.
2059 2899 2100 2925 Sic
2112 2900 2189 2934 Virg.

1138 2923 1205 2951 Aen.
1220 2932 1243 2957 5,
1257 2927 1310 2960 766
1335 2925 1410 2953 Inter
1427 2925 1453 2953 se
1475 2928 1615 2962 complexi.
1671 2930 1703 2954 Et
1716 2929 1820 2955 Luci-et.
1835 2937 1860 2961 2,
1875 2937 1914 2962 153
1938 2931 2101 2967 corpuscula
2117 2944 2189 2962 com-

1137 2959 1213 2994 plexa
1227 2967 1315 2988 meant
1328 2961 1399 2989 inter
1412 2962 1446 2989 se.
1482 2964 1523 2998 Sic
1531 2964 1690 2998 Complexus
1705 2972 1764 2990 cuni
1773 2965 1897 2991 Alcmena
1911 2965 1989 2994 cubat
2001 2968 2083 2996 Plaut.
2092 2971 2188 3006 Amph.

1338 2998 1426 3026 Senec.
1440 2998 1537 3026 Natur.
1552 2999 1657 3033 Quaest.
1672 3008 1698 3032 i,
1712 3008 1723 3026 1
1747 2999 1921 3034 Videbimus,
1941 3011 1974 3028 an
1992 3010 2078 3032 certus
2097 3015 2188 3035 rerum

1138 3032 1206 3059 ordo
1219 3033 1347 3067 ducatur,
1366 3040 1392 3061 et
1404 3034 1455 3062 alia
1469 3034 1529 3062 aliis
1541 3035 1579 3062 ita
1592 3035 1728 3069 complexa
1747 3035 1767 3069 (
1769 3038 1786 3062 i.
1800 3038 1945 3072 implicita)
1963 3038 2029 3073 sint,
2049 3047 2093 3073 vt,
2114 3043 2187 3077 quod

1137 3069 1278 3102 antecedit,
1299 3070 1465 3105 sequentium
1478 3071 1509 3098 fit
1520 3070 1563 3098 vel
1576 3070 1650 3097 causa
1669 3071 1712 3097 vel
1723 3070 1833 3106 iignum.
2031 3073 2052 3115 ff
2073 3085 2090 3104 2
2128 3080 2187 3106 Fre.

1136 3108 1251 3140 quentius
1265 3112 1347 3133 tamen
1360 3105 1638 3143 affluat-significatione
1645 3109 1761 3141 ponitur.
1804 3108 1834 3134 V.
1846 3115 1873 3143 g.
1888 3107 1944 3136 Cic.
1957 3109 2012 3137 Att.
2027 3114 2066 3146 16,
2076 3121 2089 3146 5
2107 3115 2186 3142 Eum-

1136 3149 1188 3175 que
1200 3141 1309 3168 laudans
1336 3156 1381 3163 —-
1406 3143 1558 3177 complexus
1572 3141 1755 3178 osculatusque
1768 3142 1908 3170 dimiserit.
1970 3147 2101 3175 Maritum
2113 3159 2186 3177 com.

1751 3179 1790 3204 De
1803 3178 1888 3213 Cybele
1904 3187 1984 3207 matre
1996 3182 2094 3211 deorum
2108 3187 2184 3221 Virg-

1135 3212 1199 3240 Aen.
1213 3214 1240 3244 6,
1254 3216 1304 3248 786
1330 3214 1409 3241 Laeta
1423 3211 1503 3240 desim
1515 3220 1591 3249 partu
1604 3220 1709 3240 centum
1721 3213 1858 3249 complexa
1870 3214 1997 3250 Nepotes.
2068 3221 2184 3249 Puerum

1134 3249 1238 3283 gremio
1250 3250 1387 3285 complexa
1401 3249 1513 3277 fouebat
1531 3250 1592 3276 Stat.
1605 3249 1670 3275 Silu.
1684 3257 1707 3281 2,
1720 3257 1740 3282 i,
1755 3257 1804 3276 121.
1840 3251 1914 3287 Conf.
1928 3251 1965 3280 ib.
1979 3262 1999 3286 1,
2014 3263 2025 3281 1
2038 3262 2083 3291 pr.
2128 3257 2181 3290 Sol,

1135 3284 1184 3319 qui
1195 3285 1371 3313 ‘flammiferis
1387 3285 1519 3313 Mundum
1538 3285 1692 3319 complexus
1709 3284 1818 3312 habenis
1838 3286 1932 3314 Claud.
1947 3288 1980 3315 de
1994 3291 2072 3318 Cons.
2086 3292 2180 3324 Olybr.

1134 3325 1161 3346 et
1177 3320 1259 3348 Probi
1272 3329 1317 3358 pr.
1389 3321 1438 3348 Tu
1460 3329 1569 3356 quoque
1591 3320 1709 3355 legiferis
1727 3321 1860 3349 Mundum
1882 3325 2020 3359 complexa
2039 3327 2181 3362 triumphis

1189 3393 1195 3397 .
1586 3356 1705 3396 Oceanus
1719 3357 1852 3393 quidquid
1864 3359 1930 3394 tegit
1942 3363 2015 3396 vagis
2028 3363 2179 3397 complexus

1132 3391 1209 3419 vndis
1224 3393 1282 3420 Sen.
1296 3392 1406 3427 Hippol.
1423 3395 1488 3420 1162.
1561 3391 1627 3419 Plin.
1642 3397 1678 3425 18,
1691 3400 1726 3426 29
1740 3400 1785 3429 pr.
1810 3395 1945 3430 Vergiliae
1980 3412 2026 3417 —
2060 3398 2178 3425 semestri

1131 3427 1216 3490 spatio
1233 3429 1306 3457 Intra
1325 3430 1351 3456 se
1369 3429 1457 3455 messes
1475 3427 1695 3463 vindemiasque,
1723 3434 1750 3456 et
1768 3430 1892 3458 omnium
1909 3433 2087 3460 maturitatem
2105 3441 2177 3460 coin-

1157 3471 1229 3493 exae.

1129 3471 1147 3498 P
1165 3505 1184 3527 C
1192 3507 1212 3528 Ο
1220 3507 1246 3527 Μ
1255 3507 1270 3528 Ρ
1278 3507 1295 3527 L
1304 3507 1320 3527 Ε
1329 3507 1349 3528 Χ
1357 3506 1379 3526 V
1387 3503 1401 3525 S
1408 3518 1416 3531 ,
1444 3497 1483 3526 t‘is.
1519 3507 1555 3526 m.
1591 3496 1748 3537 [περισολῆ]
1785 3500 1966 3537 Compleflendi
1975 3500 2062 3535 affut,
2076 3502 2176 3537 velsta-

1222 3535 1280 3564 Cic.
1300 3545 1349 3571 pro
1361 3535 1438 3561 Font.
1452 3537 1485 3567 36
1502 3543 1524 3561 c.
1539 3542 1569 3570 17
1594 3535 1669 3562 Num
1689 3536 1769 3562 etiam
1788 3536 1821 3564 de
1837 3538 1929 3564 matris
1950 3538 2020 3564 hunc
2035 3539 2174 3573 complexu

1128 3569 1277 3599 ieffiffimae
1294 3570 1512 3605 miserrimaeque
1532 3571 1648 3598 feminae
1660 3571 1739 3599 vobis
1756 3573 1961 3608 inspeetantibus
1979 3573 2076 3600 auellet
2093 3580 2174 3611 atque

1129 3606 1262 3635 abstrahet
1275 3608 1284 3634 3
1338 3607 1500 3641 Complexus
1517 3612 1544 3633 et
1558 3607 1687 3635 osculatio
1704 3607 1744 3635 1d.
1759 3617 1810 3644 pro
1817 3609 1887 3635 Cael.
1895 3617 1940 3642 49.
2010 3609 2171 3645 Complexus

1129 3650 1159 3670 ac
1170 3643 1239 3670 sinus
1258 3643 1315 3670 Cic.
1328 3643 1357 3669 in
1369 3641 1448 3669 Catil.
1461 3650 1486 3673 2,
1499 3649 1534 3668 22
1558 3651 1581 3669 c.
1596 3651 1634 3671 10.
1706 3645 1757 3671 Iste
1770 3653 1835 3672 vero
1854 3645 1884 3671 [it
1903 3645 1930 3670 in
1950 3643 2005 3670 finu
2024 3645 2126 3681 semper
2145 3653 2171 3674 et

1129 3679 1268 3714 complexu
1281 3687 1342 3706 meo
1358 3678 1431 3704 Idem
1444 3678 1516 3704 Fam.
1530 3685 1570 3712 14,
1583 3688 1612 3713 4.
1667 3680 1700 3707 Et
1712 3679 1779 3707 Phil.
1795 3688 1828 3712 11,
1842 3687 1855 3712 5
1881 3679 2079 3707 Collocutiones
2094 3683 2170 3709 fami-

1931 3714 2007 3741 Are'ki
2021 3718 2170 3751 complexus

1128 3749 1225 3778 Lucan.
1239 3756 1263 3783 8,
1276 3758 1330 3784 723.
1385 3749 1487 3776 Auidus
1499 3751 1650 3786 complexus
1663 3751 1769 3778 Lucret.
1784 3759 1806 3782 2,
1822 3751 1890 3782 1065.
1946 3750 2086 3779 Femineus
2099 3762 2170 3779 coin-

1128 3786 1219 3822 plexus
1232 3785 1349 3813 Martial.
1367 3793 1408 3818 11,
1427 3792 1472 3820 79.
1542 3787 1641 3814 Auson.
1655 3788 1685 3814 in
1701 3788 1820 3814 Centone
1839 3783 1953 3819 nuptiali
1970 3785 2056 3820 Eidyl.
2069 3796 2093 3820 13
2119 3789 2168 3815 Ille

1126 3820 1496 3856 vbicomplengollifouet.
1532 3821 1764 3857 Martian.Capell.
1785 3841 1791 3847 -
1807 3840 1814 3847 ·
1828 3821 1918 3847 Donec
1925 3820 2165 3857 Nexilicomplexu

1126 3857 1323 3885 circumuentos
1335 3856 1519 3892 strangularet.
1552 3859 1634 3885 Sermo
1653 3858 1752 3885 uidetur
1773 3856 1801 3882 de
1821 3858 1912 3883 Venere
1930 3863 1954 3882 et
1967 3859 2052 3885 Mam
2076 3868 2092 3885 a
2108 3858 2166 3884 Vul-

839 3887 916 3915 Curt.
930 3895 961 3922 5,
981 3896 1008 3924 1,
1025 3891 1109 3925 26105
1124 3903 1186 3921 cano
1199 3890 1358 3929 dquehev'fic.
1385 3929 1390 3932 μ
1425 3893 1515 3957 &Qui
1527 3894 1679 3929 complexus
1698 3900 1724 3920 et
1744 3891 1840 3928 gaudia
1856 3891 1952 3919 Horat.
1966 3893 2016 3920 Sat.
2032 3901 2057 3925 1,
2076 3899 2104 3924 ς,
2122 3900 2164 3924 43·

2069 3926 2166 3954 ‘rena
