2474 4182
62 154 147 195 1045
457 139 491 180 C
559 140 596 179 O
664 138 713 178 M

60 231 131 258 Non.
144 239 169 263 2,
185 237 225 262 103
247 227 303 256 Nec
316 227 437 256 dolorem
450 228 614 263 adiaphoron
628 228 676 253 esse
688 225 760 261 quod
775 225 943 262 philosophia
958 228 1097 255 commala-

59 275 145 294 xarem
158 274 214 291 eam
227 271 326 299 partem
337 285 345 297 ,
363 273 408 291 etc.
443 265 567 291 Exercere
579 269 604 288 et
619 263 807 289 maturefacere
821 265 928 298 explicat
938 266 1043 290 Nonius.

92 309 108 329 c
117 307 136 327 ο
149 307 171 326 Μ
184 307 208 325 Μ
217 307 239 326 Α
249 308 264 327 L
275 308 290 327 L
300 300 344 328 Εό
357 307 372 326 1.
384 308 419 332 Ο,
438 304 490 327 εἶτε.
527 309 542 325 a
557 297 662 325 Mazicas
674 308 683 326 ‚·
720 297 896 335 ctfignificat,
915 303 941 325 in
956 299 1094 326 aesincido.

58 337 85 363 Si
105 335 215 362 audimus
236 337 384 373 Rigaltium.
420 335 539 370 Hyginus
561 333 592 358 de
616 333 708 359 Limit.
726 343 750 368 p.
765 343 806 366 195
826 336 988 370 Qiicunque
1001 335 1094 361 modus

56 371 168 398 limitem
180 371 303 404 excedet,
322 370 523 399 commalliolari
536 368 628 401 debet,
645 375 669 395 et
684 370 716 396 tic
731 371 759 396 in
771 379 832 397 acre
846 370 938 397 incidi.
981 373 1096 406 Apparet
1119 376 1134 403 5

54 416 110 443 crgo
121 406 244 443 diuersum
264 407 314 441 este.

88 448 105 469 c
116 448 135 468 Ο
146 449 169 468 Μ
181 449 204 469 Μ
216 450 236 469 Α
248 451 268 469 N
277 451 295 470 D
306 450 325 469 ο
335 463 343 475 ,
364 444 416 468 bre.
440 441 585 476 ¹Aliquanto
607 441 665 475 plus
706 450 761 467 uam
783 441 912 467 Mandrre.
948 441 1001 467 Ser.
1025 441 1094 466 Sam·

54 487 125 504 inon.
140 487 164 513 p.
178 487 210 505 22
227 479 315 505 Kcuch.
345 479 422 504 Mane
435 483 508 501 nouo
523 476 678 508 myrti-fron
698 486 724 503 es
736 476 920 503 commandere
935 476 1046 510 prodest.

90 520 106 541 C
118 519 137 540 O
149 520 173 540 M
185 521 209 540 M
219 522 269 541 ΛΝ
278 521 296 541 D
306 514 323 539 ὗ
332 520 349 540 C
361 519 380 539 O
390 532 399 545 ‚
419 515 470 537 sirc-
490 509 668 546 [διαμασσαὶω]
704 515 721 537 i.
739 513 860 539 Dentibus
873 513 960 538 molere
972 518 996 537 ct
1009 514 1036 537 in
1051 521 1092 537 ore

20 561 23 581 ¹,
53 555 141 575 tenere.
180 550 261 576 Cicero
283 548 407 575 Mandere
431 546 502 572 dicit.
540 547 767 574 Commauducare
787 548 895 575 herbam
921 547 1039 574 Scribon.
1054 553 1090 579 55.
1109 553 1139 572 to

21 608 23 617 Δ
53 585 145 611 Semen
163 586 230 611 Plin.
243 591 283 619 27,
296 594 322 618 4.
380 582 477 608 'Vnam
491 583 583 616 passam
603 582 756 616 Scribon.9.
829 583 944 618 Qiidam
958 591 1091 609 comman-

23 620 24 627 ’
52 620 173 647 ducantes
205 621 292 647 acinos
324 619 450 652 exspuunt
475 619 584 644 cortices
609 619 675 645 Plin.
690 628 733 652 24,
745 628 771 653 4.
843 620 930 646 Valer.
944 627 967 652 3,
983 627 995 651 3
1008 623 1058 645 ext.
1073 626 1091 651 4

15 677 17 685 ,
51 656 224 691 Protinusque
237 653 357 682 dentibus
370 653 517 686 abseiss'am,
538 660 563 680 et
584 655 826 682 commanducatam
843 656 961 689 linguam
981 655 1009 680 in
1030 663 1091 680 euin

14 711 18 721 ,
50 691 160 725 exspuit.
376 697 391 715 z
429 690 687 723 Conuuanducatur,
706 693 835 726 Deponens
849 691 932 717 Lucil.
949 690 996 716 lib.
1011 699 1029 723 4
1044 697 1092 724 pro

50 726 158 752 Comcdit
171 728 210 752 vel
221 728 337 753 Deuorat.
374 725 524 760 Aiseqninn·
540 735 586 752 nec
601 727 764 761 opinantem,
778 727 806 752 in
820 732 894 760 caput
908 725 998 758 11111111,
1007 726 1092 760 ipsum
1115 735 1139 761 ¹5

50 762 279 789 commanducatur
291 766 377 787 totum
393 762 536 796 complexa.
600 763 672 788 Idem
691 762 737 788 lib.
754 770 783 794 25
807 762 935 788 Villicuni
949 761 1092 787 Aristocra-

17 795 24 813 -“’
49 804 103 824 tem
116 797 313 828 mediastinum,
333 803 411 832 atque
425 797 569 825 bubulcum
604 797 843 825 Commanducatus
856 797 991 831 corrupit,
1009 797 1041 824 ad
1053 797 1092 822 in-

15 833 24 864 }
49 834 100 860 cita
112 833 206 867 adegit.
243 832 350 859 Nonius
365 840 396 867 7,
417 838 456 865 89.

84 875 101 896 C
112 874 131 896 O
142 875 167 895 M
179 875 203 894 Μ
213 874 234 894 A
244 874 265 893 N
276 875 293 895 D
304 875 324 894 V
336 874 352 895 C
364 870 387 894 Ᾱ
396 876 416 896 Τ
426 876 443 894 V
454 878 467 896 s
476 889 484 900 ,
510 877 524 895 ἃ
534 889 542 901 ,
563 878 615 895 um.
642 870 709 895 Part.
730 868 791 894 piiss.
830 866 1090 902 [δικμεμοισσημένος]

22 925 24 932 .
46 905 111 933 Plin.
127 912 169 937 22,
182 912 213 930 22
231 903 334 930 Soncho
353 904 408 930 oris
421 903 823 939 graueolciitiacommanducato
832 904 986 938 corrigitur.
1022 903 1091 931 Add.
1107 916 1142 934 20
1158 905 1441 931 commemorationem
1469 905 1586 932 nominis
1613 906 1699 933 nostri
1726 908 1784 933 Cic.
1802 918 1850 942 pro
1866 914 1943 940 Arch.
1958 924 1996 948 29.

16 959 19 966 .
46 950 88 975 24,
100 949 126 973 4.
162 940 299 966 Portulaca
314 940 529 967 commanducata
548 940 667 967 Scribon.
682 947 717 971 53.

81 982 98 1003 c
107 981 125 1002 ο
136 981 162 1001 Μ
175 981 200 1001 Μ
212 983 232 1002 A
244 983 265 1002 N
275 983 293 1003 D
302 983 321 1001 v
333 982 349 1002 c
360 983 380 1002 A
393 983 413 1003 Ν
424 984 442 1003 ,o
452 983 487 1003 vs
507 977 621 1018 pastillus
642 976 761 1002 Sci-ibon.
778 977 828 1007 165.

80 1018 96 1038 C
105 1017 123 1038 Ο
136 1017 161 1037 Μ
177 1018 201 1037 Μ
214 1019 235 1038 A
246 1018 267 1036 Ν
278 1019 295 1038 D
306 1020 325 1038 v
335 1014 383 1039 CA*
392 1018 413 1038 Τ
422 1020 441 1038 v
451 1019 464 1038 S
473 1032 480 1044 ,
503 1021 540 1037 us.
571 1021 606 1037 m.
643 1009 833 1044 [δὶκμοίσσησκ]
871 1009 937 1036 Ρ11η.
954 1018 1023 1043 24,4
1043 1009 1090 1035 Vl-

18 1048 19 1081 }
43 1056 101 1074 cera
115 1047 332 1074 commanducant
346 1047 522 1082 impolituque
535 1046 703 1074 cfficacissiine
716 1046 809 1073 sanari.
848 1045 894 1072 sed
902 1047 931 1072 In
945 1044 1091 1071 emendatio-

18 1097 23 1115 ςἸ
41 1083 112 1111 ribus
123 1083 246 1110 codicibus
260 1084 368 1119 legitur,
387 1083 610 1110 Connuandncato
625 1082 809 1117 impolitoquc.
939 1115 944 1121 ι

79 1126 96 1147 C
107 1125 126 1145 ο
136 1126 159 1145 Μ
172 1125 197 1146 Μ
208 1126 229 1145 Α
241 1126 261 1144 N
275 1127 292 1146 1)
305 1126 322 1143 ν
332 1126 348 1146 C
357 1126 378 1145 Α
387 1126 408 1145 Τ
419 1126 426 1145 1
440 1125 459 1145 Ο
471 1139 478 1151 ,
510 1119 577 1145 (inis.
614 1118 689 1145 Idem.
727 1116 999 1145 Coinnianducatione
1025 1123 1090 1149 quo-

43 1155 156 1183 rundam
171 1155 260 1182 sedare
274 1154 393 1181 dolorem
401 1154 519 1180 dentium
541 1154 702 1187 Scribon.53.
716 1170 761 1174 —
775 1154 908 1180 oliuarum
917 1149 1088 1184 reficere104.

80 1199 97 1219 C
107 1197 126 1218 O
138 1197 162 1216 M
172 1198 196 1217 M
208 1189 284 1217 A'NE
296 1196 315 1216 0
327 1210 334 1223 ,
353 1195 405 1217 ere.
441 1191 519 1217 Simul
531 1200 633 1219 manere.
677 1190 796 1216 Macrob.
810 1190 911 1216 Saturn.
926 1189 958 1219 6,
979 1192 991 1216 8
1013 1187 1089 1213 Refe-

44 1234 105 1254 runt
120 1227 191 1253 enim
210 1235 263 1253 non
276 1226 308 1253 ad
325 1235 379 1258 eos,
393 1226 440 1260 qni
452 1225 612 1259 adueniunt,
631 1225 674 1252 sed
686 1226 719 1252 ad
732 1225 803 1258 illos,
819 1224 866 1260 qui
878 1223 907 1249 in
919 1222 1001 1249 domo
1016 1231 1087 1249 com>

44 1269 159 1290 manent.
196 1264 226 1289 Et
241 1263 304 1297 Aug.
318 1262 350 1288 de
363 1262 424 1289 Ciu.
439 1262 489 1288 Dei
503 1270 544 1294 22,
558 1267 580 1292 8.

82 1306 99 1325 c
113 1305 132 1324 o
146 1305 171 1325 M
182 1305 206 1323 M
216 1304 236 1324 A
246 1304 268 1323 N
281 1305 289 1323 1
302 1296 345 1324 rx?
356 1305 371 1324 L
387 1298 492 1329 monis.
509 1307 543 1323 m.
565 1296 725 1331 [ὅμολόχος]
744 1297 821 1324 Miles
834 1294 940 1321 eiusdem
953 1295 1087 1330 manipuli,

44 1335 111 1371 apud
123 1334 288 1369 Spanianum
308 1334 334 1359 in
348 1333 436 1368 Nigro
449 1343 469 1359 c.
485 1342 521 1360 10.

81 1378 99 1398 c
108 1378 127 1397 o
138 1377 164 1397 M
176 1376 200 1396 M
213 1376 234 1396 A
242 1377 280 1396 Nl
291 1376 306 1395 P
315 1367 336 1395 x?
344 1375 361 1395 L
371 1376 390 1394 v
401 1377 429 1401 s,
447 1370 464 1395 i.
485 1378 520 1396 m.
550 1368 624 1395 Idem.
661 1369 741 1393 Vetus
755 1365 895 1401 Inscriptio
908 1365 976 1400 apud
983 1366 1087 1393 Gruter.

47 1415 71 1441 p.
86 1408 122 1440 46
147 1415 172 1431 n.
189 1414 217 1431 10
252 1405 410 1437 REGRESSI
447 1405 523 1431 CVM
561 1402 832 1431 COMMANIPVLIS
869 1402 1086 1428 LIBENTES

44 1441 205 1469 VOTVM
239 1440 514 1468 SOLVERVNT.
549 1439 616 1467 Add.
632 1438 667 1465 ib.
687 1447 712 1474 p.
733 1445 778 1471 532.
801 1447 827 1464 n.
851 1446 861 1464 1
884 1444 908 1464 et
930 1437 1087 1466 contrabium
1105 1449 1134 1476 35

66 1498 70 1504 .
103 1486 125 1504 ‘i
144 1487 168 1503 n.
204 1497 210 1503 .

44 1487 62 1512 P
78 1486 124 1540 ἕο
137 1519 161 1539 Μ
175 1486 260 1539 tdAN
269 1520 278 1538 1
287 1519 301 1538 Ρ
311 1519 331 1538 ν
340 1518 355 1537 L
365 1512 411 1537 AR
425 1517 435 1536 1
448 1517 477 1542 s,
493 1510 522 1536 is.
542 1519 577 1536 m.
616 1509 683 1536 Idem
696 1519 724 1536 ac
732 1510 879 1536 Commilito.
916 1509 1008 1536 Tacit.
1018 1508 1087 1535 Hist.

42 1557 69 1582 4,
83 1551 120 1582 46
138 1549 260 1575 Prensare
283 1546 548 1580 commanipularium
572 1545 688 1580 pe&0ra.
732 1545 872 1579 Inscriptio
895 1545 962 1580 apud
984 1546 1087 1571 Gruter.

40 1592 80 1616 521
94 1592 150 1617 n.-9
178 1584 206 1610 C.
244 1582 386 1609 IVLIVS
423 1582 646 1608 PROCVLVS
683 1580 1088 1613 COMMANIPVLARIS.

40 1619 107 1647 Add.
121 1628 145 1654 p.
159 1626 201 1652 555
213 1627 238 1643 n.
253 1625 278 1652 7.
482 1655 493 1659 -
520 1653 525 1657 Ι
681 1652 685 1657 .
747 1652 752 1657 ⁸
817 1639 837 1657 .'
903 1642 905 1644 ,
982 1652 987 1656 ¹

75 1661 92 1682 C
100 1661 121 1682 o
129 1661 154 1680 Μ
163 1661 188 1680 Μ
199 1660 220 1680 A
230 1660 251 1680 N
261 1661 271 1680 1
279 1660 294 1680 P
303 1659 324 1678 v
333 1659 350 1679 L
359 1660 381 1680 A
391 1659 412 1679 'r
421 1660 431 1679 1
441 1658 473 1685 o,
481 1661 548 1679 onis.
564 1652 584 1678 f.
603 1652 731 1687 Spartian.
745 1661 773 1678 in
786 1653 874 1686 Nigro
882 1662 910 1679 10
931 1653 965 1679 Vt
979 1661 1007 1678 in
1015 1661 1086 1678 com-

39 1689 249 1725 manipulatione
274 1697 354 1715 nemo
379 1688 471 1714 focum
491 1689 598 1715 faceret.
629 1691 648 1714 i.
670 1691 697 1714 in
716 1688 887 1714 coniunctione
907 1689 1087 1723 manipulorum

39 1736 90 1754 vna
105 1726 183 1752 cibum
196 1727 354 1761 capientium.
482 1745 485 1747 .
740 1725 743 1729 ¹

75 1769 92 1789 c
101 1768 120 1788 ο
129 1768 153 1787 Μ
164 1767 190 1787 Μ
201 1767 223 1787 Α
233 1768 252 1787 R
260 1766 280 1787 G
291 1759 301 1786 i
311 1766 333 1785 N
345 1765 365 1786 Ο
376 1779 383 1791 ,
403 1763 456 1786 are.
493 1761 542 1786 Pro
555 1760 674 1795 Margine
685 1761 788 1785 munire.
826 1758 957 1785 Ammian.
967 1758 1086 1786 Marcell.

40 1806 77 1831 31,
91 1806 106 1824 2
124 1797 155 1823 In
167 1794 412 1830 Comniarginandis
426 1794 550 1829 pontibus
563 1793 673 1829 effigiati
694 1795 793 1828 stipites
814 1794 938 1821 dolantur
955 1795 1085 1821 incouite:

39 1837 67 1860 in
81 1835 168 1860 loricis
181 1832 234 1859 illis
241 1834 356 1868 pontium
364 1851 372 1863 ,
385 1830 471 1866 quibus
488 1833 604 1866 utrinque
617 1834 777 1863 muniuntur,
797 1833 867 1856 intra
887 1831 961 1858 urbes
974 1832 1087 1867 praescr-

40 1872 100 1900 tim,
119 1878 200 1895 eorum
213 1870 353 1909 margines,
366 1873 416 1902 pro
428 1866 559 1893 columellis
567 1873 696 1902 ponuntur
703 1864 804 1899 statuae
818 1866 940 1901 informes
949 1874 994 1893 ete.

76 1911 121 1932 CO
132 1910 157 1931 Μ
170 1911 194 1931 Μ
206 1910 255 1931 AR
264 1911 274 1930 1
287 1909 365 1935 Tvs,
385 1902 404 1929 i.
422 1911 458 1929 m.
495 1902 670 1935 [συνακοίτης]
706 1903 788 1928 Plaut.
802 1903 858 1928 Cas.
870 1912 902 1936 4,
922 1911 950 1935 2,
965 1907 989 1932 18
1010 1903 1085 1929 Meus

39 1941 127 1973 socer,
147 1948 270 1975 compar,
287 1938 459 1965 commaritus
472 1938 587 1965 villicus.
623 1937 782 1975 Libidinosus
789 1938 866 1975 senex
882 1938 1001 1975 desertio,
1013 1942 1085 1965 cuius

35 1975 136 2013 spon-fixe
149 1975 318 2004 adhinniebat.

74 2019 91 2040 c
101 2018 121 2039 o
132 2019 157 2039 Μ
167 2018 194 2038 Μ
203 2019 225 2039 A
233 2019 253 2038 R
262 2017 283 2037 T
294 2019 312 2038 Y
321 2018 340 2037 R
349 2030 357 2043 ‚
376 2008 447 2043 y⁰ris.
465 2019 501 2037 m.
538 2010 622 2038 Socim·
642 2009 779 2044 Martyrii.
815 2010 1011 2043 Commartyres
1026 2011 1086 2037 suos

37 2048 130 2075 videre
149 2047 268 2075 Tertull.
282 2047 314 2073 de
327 2047 424 2073 Anima
443 2055 464 2073 c.
479 2054 515 2080 55.

75 2091 93 2112 C
104 2090 124 2111 ο
134 2092 157 2111 M
168 2091 193 2111 M
205 2091 227 2110 A
237 2089 249 2109 S
259 2089 276 2109 C
286 2080 306 2109 x7
317 2089 333 2109 L
345 2088 363 2108 0
373 2102 381 2114 ‚
401 2086 453 2108 are.
490 2080 628 2118 MafiuIicm
635 2080 660 2117 s
674 2082 772 2108 virilem
791 2080 881 2116 facere
904 2088 928 2108 ot
947 2081 1084 2118 praestare.

38 2119 158 2148 Macrob.
171 2119 273 2146 Satnrn.
285 2126 312 2153 7,
327 2126 348 2144 11
370 2118 550 2144 Comniascula
563 2118 678 2144 frontem
687 2137 695 2149 ,
714 2122 740 2143 et
752 2117 908 2150 sequestrata
922 2118 1084 2144 verecundia

40 2164 119 2190 quain
131 2155 159 2181 in
172 2162 198 2181 te
211 2155 290 2181 facies
301 2153 401 2180 rubore
413 2153 526 2185 indicat,
542 2153 634 2178 confer
648 2152 786 2178 nobiscum
801 2151 887 2177 libere
902 2152 973 2185 quod
992 2160 1083 2177 occur·
1102 2166 1130 2192 55

38 2191 120 2224 reric,
137 2190 163 2218 h.
179 2200 197 2216 e.
210 2190 271 2216 aude
284 2187 381 2215 uirilem
394 2187 516 2221 ostendere
521 2188 647 2224 frontem.
719 2186 796 2221 Apul.
816 2186 904 2212 Miles.
917 2194 933 2212 2.
948 2195 972 2221 p.
982 2195 1040 2221 124,
1054 2195 1084 2219 32.

37 2226 162 2253 Animum
176 2234 264 2252 meum
281 2223 465 2250 commasculo.

72 2267 90 2289 c
99 2267 118 2288 0
129 2266 156 2287 M
167 2267 194 2288 Μ
202 2266 244 2287 AS
254 2268 275 2287 T
285 2266 294 2285 1
305 2266 322 2287 c
333 2265 353 2286 0
362 2279 372 2292 ,
392 2263 444 2286 are.
481 2257 627 2286 Commando
635 2278 644 2291 ‚
660 2259 701 2285 vel
718 2257 903 2284 Commanduco.
942 2258 1083 2293 Aegilopas

865 2294 1084 2322 Commasticatae

1102 1269 1134 1293 30

0 2313 1 2321 1
36 2302 126 2330 curat,
145 2296 164 2324 fi
195 2296 255 2332 quis
285 2295 463 2322 commasticet
493 2295 569 2322 illam
594 2295 684 2321 Macer
710 2302 736 2327 2,
760 2300 794 2327 13.

34 2333 144 2367 frondes
163 2331 202 2359 Id.
215 2341 242 2365 4,
255 2337 277 2362 8.

73 2368 286 2399 COMMATER,
305 2367 362 2394 tris.
378 2367 399 2393 f.
428 2367 486 2394 Vid.
503 2372 695 2395 COMPATER.

73 2411 90 2432 c
100 2410 120 2431 ο
131 2411 156 2431 Μ
169 2410 195 2431 Μ
206 2411 284 2431 ATR
293 2404 343 2430 6N
352 2410 390 2436 A,
410 2412 450 2430 ae.
469 2403 490 2430 f.
525 2402 643 2430 Tertull.
657 2402 691 2429 ad
705 2403 788 2430 onr.
800 2409 826 2434 2,
840 2406 854 2432 8
873 2402 956 2429 Diues
969 2409 1083 2427 comma-

36 2446 114 2468 trona
124 2441 235 2467 'nomine
249 2440 347 2466 inflata.

72 2481 343 2508 COMMEATvs,
369 2472 423 2501 vid.
450 2480 495 2502 co
507 2480 533 2500 M
545 2481 638 2503 Meo.

74 2518 92 2539 C
106 2517 126 2539 0
136 2518 161 2538 M
170 2518 196 2538 Μ
206 2518 223 2539 E
232 2518 251 2538 D
262 2509 302 2538 i'T
310 2518 329 2538 O
337 2518 356 2538 R
365 2530 374 2543 ,
390 2511 439 2537 ari,
459 2509 592 2546 [φροντίζω
603 2529 611 2541 ,
630 2507 765 2542 μελε-νοέω]
800 2508 943 2543 Diligenter
956 2506 1082 2534 meditari.
1098 2514 1130 2547 65

36 2547 113 2575 Au&
127 2547 160 2575 ad
171 2548 270 2575 Heren.
283 2556 306 2580 3,
319 2555 345 2579 31
357 2556 379 2572 c.
397 2551 422 2576 18
441 2548 531 2580 Qare
543 2547 628 2580 placet
640 2550 666 2569 et
679 2551 711 2569 ex
724 2542 820 2569 ordine
832 2543 904 2569 locos
918 2551 1082 2578 comparare,

35 2590 62 2611 et
75 2584 146 2611 locos
159 2593 225 2619 quos
238 2582 445 2614 atsumscrimus,
461 2582 566 2616 egregie
579 2578 764 2606 commeditari
777 2578 930 2613 oportebit,
951 2585 980 2605 vt
994 2588 1084 2614 perpe—

35 2625 84 2646 tuo
98 2618 176 2646 nobis
191 2618 300 2645 haerere
314 2616 413 2651 possint.
484 2617 561 2643 Lucr.
572 2618 641 2648 6,111
662 2614 691 2640 dc
698 2615 819 2650 Carbafh,
840 2616 871 2641 Et
887 2615 995 2649 fragiles
1015 2615 1084 2641 soni-

36 2661 79 2681 tus
92 2654 241 2681 chartarum
253 2651 473 2684 commeditatur,
491 2654 509 2678 i.
523 2655 654 2684 imitatur,
668 2650 758 2687 sonum
771 2650 822 2677 edit
827 2650 935 2685 similem
941 2651 1004 2687 fimo
1010 2651 1082 2679 char-

37 2695 120 2716 tarum
132 2696 262 2725 raptarum
280 2690 422 2723 crepitanti.

77 2731 95 2752 c
108 2731 127 2751 o
137 2731 162 2752 M
175 2731 200 2751 M
210 2731 244 2751 Ei
257 2729 276 2750 ο
287 2743 296 2757 ,
316 2724 424 2749 meiere.
459 2723 555 2758 κατερῶ
567 2722 644 2749 Gloff.
659 2723 705 2749 Gr.
720 2723 776 2749 Lat.

75 2765 94 2787 C
107 2766 127 2787 0
138 2767 164 2786 M
173 2767 197 2787 M
207 2767 223 2788 Ε
234 2766 250 2786 L
261 2757 278 2786 ἐ
288 2765 310 2786 Τ
321 2764 340 2785 0
349 2779 358 2792 ,
372 2763 425 2785 are.
464 2758 530 2785 Idem
547 2758 610 2794 quod
621 2758 814 2785 Commeditor.
851 2758 950 2793 Hygin.
963 2757 1026 2785 Fab.
1040 2760 1083 2792 165

38 2795 68 2823 de
81 2796 202 2833 Marsya,
221 2805 273 2822 cum
287 2793 415 2829 inueniffit
427 2794 504 2820 tibias
518 2796 662 2828 Mineruae,
679 2794 776 2830 quibus
789 2793 883 2820 affidue
896 2795 1084 2821 commeletan-

38 2831 91 2865 do,
111 2833 203 2859 sonum
218 2831 366 2858 suauiorem
381 2830 410 2857 in
425 2830 479 2856 dies
493 2829 614 2857 faciebat.

75 2874 93 2895 c
107 2874 127 2894 0
139 2875 164 2895 M
178 2874 203 2894 M
213 2874 230 2895 E
241 2874 266 2893 M
277 2874 293 2894 E
302 2873 352 2894 ΚΛ
360 2872 382 2893 Τ
391 2874 412 2893 ν
423 2874 436 2893 s
445 2886 453 2899 ,
474 2875 498 2898 a,
511 2875 565 2893 uni.
586 2865 646 2893 Adi.
686 2867 706 2893 Ε
718 2866 832 2892 membris
842 2865 958 2901 pluribus
969 2865 1082 2901 compost·
1100 2877 1132 2907 73

34 2909 84 2931 tus.
123 2900 336 2931 Commembrata
366 2903 395 2929 in
426 2911 539 2937 corpore
573 2911 701 2938 compago
729 2901 842 2929 Paullin.
874 2901 973 2929 Nolan.
1000 2902 1081 2937 Epist.

93 2947 104 2972 1
125 2949 134 2967 1
177 2949 198 2966 c.
239 2959 246 2966 .

34 2948 90 3004 ⁴4c
97 2948 123 3003 ο3
130 2943 192 3003 131111
199 2948 255 3003 E4M
266 2973 277 3001 'i'
287 2982 310 3001 N
318 2981 338 3001 1.
374 2974 544 3008 [μέμνημαι]
579 2974 659 3001 Simul
668 2976 782 3003 memini,
801 2974 917 3009 velplane
931 2979 956 3000 et
967 2983 1021 3000 cum
1029 2980 1083 3000 tota

0 3026 2 3032 v
35 3009 220 3044 circumstantia
232 3013 332 3037 memini
346 3019 353 3034 :
390 3019 438 3046 quo
447 3011 524 3045 plura
539 3013 602 3036 enim
615 3010 644 3037 de
658 3010 739 3036 cadem
754 3019 780 3036 re
792 3010 861 3035 nobis
878 3018 928 3036 vna
948 3016 1082 3036 occurrunt

0 3058 1 3062 ¹
37 3053 61 3073 et
72 3046 230 3083 obuerfimtur
237 3065 245 3078 ‚
261 3045 439 3082 tantofortior
451 3044 484 3078 cli
497 3049 620 3072 memoria.

37 3088 63 3108 et
77 3082 282 3109 conimeminiffe
297 3082 324 3108 se
338 3080 426 3108 aiebat
446 3081 501 3107 Cic.
515 3081 546 3107 de
561 3082 637 3108 Orat.
652 3091 660 3108 1
674 3091 695 3108 c.
709 3090 744 3113 53.
816 3081 889 3107 Idem
903 3082 986 3108 Tusc.
1009 3091 1017 3108 1
1025 3101 1033 3114 ,
1056 3091 1080 3114 13

36 3119 92 3153 Ego
123 3123 211 3145 autem
234 3125 289 3144 non
311 3117 499 3149 commemini,
517 3123 576 3144 ante
595 3127 676 3152 quam
694 3118 752 3143 suni
772 3123 862 3150 natus,
881 3126 924 3144 mc
944 3117 1080 3144 miserum.

8 3172 9 3175 =
35 3154 117 3182 Plaut.
131 3154 210 3180 Poen.
223 3161 246 3187 ς,
259 3161 283 3183 2,
297 3160 327 3185 25
345 3152 446 3187 Ecquid
457 3153 672 3180 commeministi.

72 3196 91 3217 C
101 3195 121 3216 0
132 3196 157 3215 M
167 3196 193 3216 M
203 3195 222 3216 Β
230 3194 256 3215 Μ
267 3185 286 3215 ὅ
295 3195 314 3215 R
325 3194 344 3214 Ο
354 3207 363 3220 ,
380 3192 434 3216 Ere.
461 3187 681 3224 [ἐπομνημονεύω]
717 3187 925 3225 Commonesacere
933 3209 942 3222 ,
957 3191 986 3215 in
997 3197 1082 3215 memo-

0 3239 1 3245 .
34 3228 100 3253 riam
111 3224 238 3255 reducere,
259 3225 300 3251 vel
317 3226 391 3250 etiam
408 3226 534 3251 memoriae
553 3226 657 3252 aliorum
675 3224 843 3251 commendare
856 3225 1000 3257 narrando,
1015 3225 1082 3261 firi·
1101 3237 1130 3267 33

8 3269 13 3273 ·
34 3261 126 3294 hendo,
141 3268 188 3287 etc.
224 3260 294 3287 Ter.
307 3259 412 3286 Phorm.
426 3268 455 3292 4,
470 3267 491 3292 5,
503 3268 516 3292 3
541 3261 572 3287 Et
585 3260 761 3296 quamobrem
779 3260 837 3287 dem
857 3260 1082 3287 commemorabo.

35 3298 92 3325 Cic.
107 3296 186 3324 Acad.
200 3305 228 3330 4,
241 3303 276 3330 70
290 3295 369 3322 Turn
382 3302 408 3322 et
418 3295 467 3321 illa
481 3295 549 3322 dixit
560 3296 724 3328 Antiochus,
745 3305 812 3330 quae
825 3296 884 3323 heri
894 3297 1001 3323 Catulus
1009 3305 1080 3323 eom-

11 3347 14 3352 *
36 3333 198 3360 memorauit
210 3341 225 3359 a
238 3338 310 3366 patre
324 3331 371 3357 suo
385 3330 455 3357 dicta
467 3330 583 3358 Philoni.
656 3332 736 3359 Nihil
754 3340 786 3358 ex
807 3332 874 3358 meis
891 3332 928 3358 est
952 3333 1080 3367 tempori-

0 3371 1 3389 ἲ
35 3368 100 3403 bus,
119 3368 192 3405 quod
205 3368 292 3394 minus
306 3375 364 3393 mea
376 3365 554 3393 celebratione
567 3373 804 3395 commemoratum
818 3367 848 3394 sit
868 3368 926 3402 Cic.
934 3377 982 3404 pro
995 3369 1081 3395 Plane.

37 3414 58 3432 c.
91 3414 116 3437 o,

0 3455 2 3463 ι
37 3415 124 3468 004101.
138 3449 183 3474 4ο.
254 3439 291 3466 Id.
302 3447 351 3473 pro
368 3439 444 3465 Font.
460 3445 494 3472 27
508 3439 573 3465 Non
585 3440 697 3466 meliore
710 3440 818 3466 fortuna
834 3441 868 3469 ad
887 3439 985 3475 probra
1009 3449 1079 3466 nunc

37 3476 166 3504 audienda
179 3475 320 3507 Fonteius,
339 3482 419 3508 quam
433 3473 476 3500 illi
485 3492 492 3504 ‚
503 3473 535 3500 de
549 3474 646 3509 quibus
660 3482 735 3502 antea
750 3476 970 3508 commemoraui,
982 3476 1080 3502 fuiss'et:

0 3509 3 3516 ¹
37 3512 77 3540 De
93 3512 223 3539 memoria
238 3511 350 3538 alicuius
369 3518 580 3537 commemorare
599 3511 655 3538 Cic.
675 3511 707 3538 de
725 3512 800 3538 Orat.
813 3520 837 3544 3,
848 3519 880 3546 75
892 3521 914 3537 c.
930 3514 970 3538 26.
1040 3512 1079 3538 De

0 3558 2 3569 =·
37 3547 138 3576 virtute
148 3547 259 3574 alicuius
275 3546 313 3573 Id.
327 3546 359 3573 ad
372 3546 502 3580 QFratr.
519 3553 539 3578 1,
554 3553 574 3578 1,
586 3554 619 3579 13.
690 3547 746 3574 Cic.
757 3547 790 3574 de
798 3546 898 3574 Seneci.
912 3552 940 3579 38
954 3557 975 3574 c.
990 3556 1013 3574 11
1033 3548 1080 3579 Py.

1109 1088 1140 1116 25
1157 1081 1430 1109 commemorabilem.

1102 1630 1139 1656 40
1155 1618 1210 1644 cius
1224 1627 1259 1652 24
1278 1619 1310 1644 D.
1331 1618 1450 1652 Depotiti
1466 1618 1508 1644 vel
1522 1624 1622 1645 contra.

1098 2338 1134 2363 60

1099 2701 1134 2729 ⁷0

664 3047 751 3080 Quem
765 3044 902 3072 hominem
914 3045 998 3080 probe
1011 3047 1081 3072 noss'e
1099 3057 1131 3083 80

187 3404 354 3431 Monimcnta
366 3402 518 3429 clementiae
532 3409 775 3431 commemorantur
787 3404 816 3430 in
826 3403 934 3438 regibus
958 3405 1015 3432 Cic.
1030 3413 1080 3438 pro
1095 3418 1131 3443 90

1563 145 1598 185 c
1662 146 1698 186 0
1767 145 1815 186 M
2110 165 2209 211 ,045

1159 234 1213 254 ram
1225 226 1304 253 dicam
1327 226 1431 256 anrct.
1446 231 1471 260 6,
1486 234 1534 263 936
1552 233 1632 260 Nunc
1652 243 1744 262 omnes
1767 242 1884 272 repetam
1908 247 1986 274 quam
2013 252 2074 272 raro
2095 255 2206 283 corpore

1159 262 1208 288 sint
1221 271 1263 288 res
1299 264 1526 305 Commemorare.
1597 270 1644 296 Sed
1658 272 1722 305 quid
1738 281 1787 306 ego
1805 282 1819 299 a
1839 274 1928 308 primo
1948 276 2071 311 digressus
2091 286 2206 310 carmine

1159 298 1235 332 plura
1248 299 1465 341 Commemorem
1483 305 1490 326 ἔ
1516 304 1605 330 Oratio
1618 307 1761 339 n-anjitioni'
1779 308 1813 334 ad
1824 315 1982 337 narrationis
1986 314 2065 348 finem
2080 324 2138 351 apta
2157 321 2205 346 Ca.

1160 333 1330 372 tul·.63,117.
1395 337 1458 376 Cic.
1479 346 1527 376 pro
1547 340 1640 371 Qtint.
1655 347 1667 371 8
1690 343 1760 369 Nam
1780 344 1846 378 quid
1872 345 1922 372 hoc
1942 347 2061 383 iniquius
2079 358 2123 377 aut
2139 354 2204 380 indi·

1159 377 1252 402 gnius,
1272 370 1302 396 C.
1330 371 1439 406 Aquili,
1460 372 1513 398 dici
1536 381 1579 399 aut
1603 380 1807 405 commemorari
1830 381 1937 414 potest?
2008 384 2205 421 Lucret.1,401

1158 404 1298 444 Multaque
1322 413 1454 440 praeterea
1477 407 1529 447 tibi
1551 411 1650 442 poffiini
1673 417 1908 443 commemorando
1945 419 2106 454 Argumenta
2127 423 2205 450 iidem

1158 439 1237 466 di6hs
1248 442 1404 468 contradere
1419 443 1522 470 nostris.
1913 447 1915 451 ’
2050 462 2055 466 ¹

1195 482 1211 502 c
1221 483 1239 502 o
1250 482 1275 502 M
1290 483 1312 501 M
1322 485 1339 503 E
1349 484 1401 505 ΜΟ
1411 486 1429 505 R
1438 486 1459 505 A
1469 487 1490 505 N
1500 486 1518 505 D
1528 485 1548 504 v
1558 485 1570 505 s
1581 499 1589 511 ,
1609 489 1634 512 a,
1660 490 1713 509 um.
1730 485 1798 511 Part.
1835 487 1891 513 Cic.
1905 488 1962 515 Aci.

1159 519 1188 544 14
1208 511 1232 537 O
1259 514 1489 541 commemoranda
1510 514 1625 547 iudicia,
1644 524 1688 542 cte.

1156 548 1388 576 commemoranda

1157 581 1313 608 liberalitas.

1190 624 1206 644 c
1216 624 1234 644 0
1248 623 1271 660 M
1282 626 1304 645 M
1315 625 1330 644 E
1340 625 1364 643 M
1374 626 1393 645 o
1402 626 1420 645 R
1430 626 1450 646 A
1460 626 1481 645 T
1491 628 1500 646 1
1511 627 1529 647 0
1539 641 1547 653 ,
1569 622 1637 648 ῦηίς.
1670 622 1688 650 f.
1728 624 1968 665 [ἐπομνημόνευσις]
2005 631 2088 660 Atius
2108 643 2207 662 comme-

1155 653 1276 694 morandi.
1315 654 1383 680 Ter.
1398 654 1480 694 'Andiz
1498 665 1518 688 1,
1533 665 1552 688 1,
1569 660 1596 684 16
1619 658 1687 684 Nam
1710 659 1806 687 isthaec
1824 669 2043 694 commemoratio
2079 670 2149 704 quali
2163 680 2207 697 ex-

1157 689 1295 729 probratio
1327 689 1363 716 est
1395 693 1560 717 immemoris
1587 693 1719 720 beneficii.
1792 698 1965 733 Antiquitatis
1986 689 2209 733 commemoratio

1158 726 1213 751 Cic.
1228 734 1256 751 in
1271 726 1345 765 Orat.
1360 734 1413 752 120.
1486 727 1659 755 Pecuniaruin
1675 736 1896 760 commemoratio
1910 737 1937 762 in
1952 737 2129 775 chirographo
2138 741 2208 769 fac‘ia

1158 760 1281 787 Scaeuola
1296 769 1323 787 in
1338 761 1354 787 l.
1369 761 1416 788 vlt.
1431 762 1463 788 D.
1475 761 1510 802 ‘de
1527 763 1629 804 probat.
1702 767 1812 800 Qun&
1828 778 1861 801 11,
1875 779 1898 801 1,
1914 777 1938 802 18
1971 774 1998 800 dc
2012 776 2125 803 Cicerone
2173 780 2208 805 Vt

1158 805 1268 836 eorum,
1289 806 1356 831 quae
1370 804 1458 832 egerat
1472 807 1500 824 in
1517 800 1670 831 centulam,
1690 802 1815 836 frequens
1834 811 2056 837 commemoratio
2094 798 2149 840 ossi't
2168 815 2208 840 vi·

1158 832 1215 871 deri
1229 842 1282 858 non
1297 832 1396 873 gloriae
1410 834 1493 868 magis
1507 843 1587 869 quam
1600 834 1820 865 defensionidata.
1895 843 2030 877 Popularis
2046 822 2207 876 coiiimemo-

1157 874 1228 893 ratio
1247 868 1380 901 chhl.
1395 880 1423 903 4,
1438 878 1460 901 3.
1532 870 1597 896 Non
1628 880 1689 896 cum
1711 873 1781 898 vitae
1805 881 1924 910 tempore
1949 881 1997 906 effe
2023 881 2209 912 dimittendam

1715 942 1720 946 Ι
2069 919 2100 944 111
2114 920 2208 947 assidua

1689 942 1745 969 Cic.
1762 944 1835 970 Vcrr.
1850 954 1872 977 3,
1888 955 1927 974 101
1944 959 1964 976 c.
1982 960 2013 984 39
2034 954 2175 989 Opponitur
2186 959 2209 983 ei

1786 521 1790 525 .
1977 499 1986 516 i
2003 490 2030 516 in
2045 492 2120 519 Vcrr.
2135 500 2168 527 42
2185 503 2204 519 c.

1608 551 1612 555 .
1639 551 1643 555 .
1760 521 1816 546 Cic.
1842 523 1914 550 Fam.
1943 534 1969 557 1,
1993 534 2009 558 9
2031 527 2090 553 linc
2109 529 2205 555 accessit

1404 550 1533 584 quaedam
1547 556 1572 576 et
1587 551 1679 578 diuina
1694 554 1810 582 Caesaris
1828 557 1857 584 in
1876 568 1918 586 me
1937 561 2100 598 fratremque
2119 572 2208 591 meum

1157 941 1412 966 commemoratione
1444 940 1569 967 omnibus
1601 943 1649 968 esse

1157 974 1222 1009 quod
1233 974 1343 1006 dicitur,
1364 978 1394 1002 In
1409 975 1550 1003 obliuione
1565 977 1658 1004 iacere.

1194 1016 1210 1036 c
1222 1016 1240 1035 o
1252 1017 1275 1035 M
1286 1017 1309 1035 M
1318 1017 1335 1036 Ε
1344 1018 1397 1038 ΜΟ
1407 1019 1425 1038 R
1435 1019 1455 1038 A
1466 1019 1481 1039 B
1492 1010 1528 1038 1⁰1.
1538 1021 1547 1039 1
1557 1019 1584 1043 S,
1605 1023 1628 1040 e.
1658 1013 1718 1040 Adi.
1756 1013 2013 1054 [οἷπομνημονευτέσς]
2051 1025 2087 1048 Di
2107 1035 2152 1051 nus
2165 1030 2208 1062 qm·

1156 1053 1362 1073 commemoretur.
1397 1047 1480 1074 Plaut.
1506 1048 1595 1088 Pseud.
1619 1059 1637 1079 i,
1657 1059 1679 1082 ς,
1699 1059 1734 1076 111
1758 1051 1835 1077 Dabo
1855 1052 1934 1079 aliam
1947 1063 2059 1089 pugnam
2073 1033 2168 1087 cfiram
2183 1069 2210 1089 et

1204 1117 1208 1121 .
1442 1118 1446 1123 .
1464 1119 1468 1123 ι
1503 1084 1603 1124 Cic3de
1618 1085 1680 1111 Nat.
1698 1086 1778 1113 Deor.
1793 1096 1818 1119 2,
1833 1096 1857 1119 31
1877 1089 2016 1125 Multaque
2034 1092 2086 1118 alia
2104 1095 2131 1120 in
2150 1097 2210 1124 aliis

1157 1117 1486 1157 locis'commernorabilia
1499 1122 1622 1153 proterre
1635 1122 1746 1155 poii'um.
1817 1123 1866 1149 Vir
1880 1125 1996 1158 optimus
2011 1133 2036 1153 et
2051 1137 2210 1158 commemo-

1156 1151 1238 1179 rabili
1252 1153 1348 1188 pictate
1362 1162 1391 1180 ac
1404 1154 1505 1180 virtute
1520 1156 1655 1189 praeditus
1676 1157 1733 1183 Cic.
1747 1166 1797 1191 pro
1811 1159 1931 1187 Marcell.
1947 1170 1975 1187 10
1990 1172 2012 1188 c.
2025 1172 2052 1196 4.

1192 1195 1208 1230 c
1219 1194 1238 1214 o
1250 1196 1274 1215 M
1283 1196 1308 1216 M
1319 1196 1336 1216 E
1347 1196 1371 1230 M
1382 1195 1402 1216 o
1413 1197 1431 1216 R
1441 1198 1463 1216 A
1472 1197 1495 1216 Μ
1505 1198 1521 1217 E
1532 1198 1551 1216 N
1562 1198 1584 1218 T
1592 1199 1612 1217 v
1624 1199 1664 1225 M,
1685 1193 1704 1218 i.
1722 1202 1748 1218 n.
1787 1194 1853 1219 Idem
1867 1196 1931 1230 quod
1942 1198 2159 1233 Commemoratio,
2171 1211 2211 1228 ue-

1154 1225 1256 1250 teribus.
1294 1225 1392 1251 Caecil.
1407 1225 1514 1258 Plocio,
1534 1226 1666 1261 Pudebat,
1688 1228 1784 1262 credo,
1803 1238 2105 1262 commemoramentum
2127 1236 2211 1272 stupri

1155 1261 1263 1287 Nonius
1277 1269 1302 1293 2,
1317 1269 1362 1294 115.

1188 1303 1236 1323 co
1251 1303 1275 1322 M
1288 1298 1565 1331 MEMoRATvs,
1588 1296 1625 1325 iis.
1661 1308 1697 1326 m.

1152 1338 1257 1358 moratu
1280 1341 1350 1359 meo.

1190 1373 1207 1393 C
1221 1374 1241 1394 o
1252 1374 1311 1394 MM
1321 1375 1338 1394 E
1349 1375 1374 1394 M
1387 1374 1405 1394 O
1416 1375 1434 1395 R
1446 1369 1499 1396 ᾸΤ
1511 1375 1530 1396 o
1543 1376 1577 1401 R,
1603 1370 1666 1396 oris.
1687 1379 1723 1397 m.
1760 1371 1880 1399 Tertull.
1894 1374 1953 1402 adu.
1969 1376 2052 1404 Marc.
2066 1387 2101 1412 4,
2114 1381 2157 1406 26.

1188 1410 1205 1429 c
1216 1408 1234 1428 ο
1248 1408 1309 1444 Min
1318 1410 1367 1430 EM
1379 1410 1398 1443 o
1410 1412 1428 1430 R
1438 1412 1460 1431 A
1469 1412 1490 1431 T
1501 1410 1520 1430 0
1532 1412 1550 1431 R
1560 1412 1569 1430 1
1579 1412 1599 1432 v
1611 1411 1636 1431 M
1646 1426 1655 1438 ,
1689 1406 1707 1432 i.
1744 1416 1769 1432 n.
1808 1410 1989 1437 quentarium.
2027 1414 2150 1441 Anibi-os.
2178 1415 2211 1442 de

1154 1438 1207 1464 Off.
1222 1446 1252 1471 25
1274 1441 1312 1465 bit
1330 1438 1408 1465 nobis
1427 1441 1482 1466 vita
1502 1442 1636 1467 maiorum
1655 1441 1811 1476 disciplinae
1825 1445 1970 1480 speculum,
1989 1457 2044 1474 non
2057 1449 2211 1478 calliditatis

1154 1474 1445 1501 commemoratorium.
1483 1476 1557 1512 Conf.
1572 1478 1661 1503 Barth.
1676 1478 1783 1514 Aduerf
1795 1488 1833 1512 35,
1848 1488 1886 1506 22.

1192 1516 1209 1537 c
1222 1517 1240 1537 ο
1249 1517 1273 1536 Μ
1285 1517 1309 1536 Μ
1321 1517 1338 1537 E
1347 1517 1369 1535 N
1378 1517 1396 1536 D
1406 1517 1425 1537 0
1435 1531 1443 1543 ,
1476 1515 1531 1537 are.
1574 1512 1704 1545 [συνίςημι
1713 1533 1720 1545 ,
1740 1515 1868 1548 ovem-im]

1155 1545 1259 1578 mando,
1279 1556 1309 1572 ac
1326 1547 1393 1572 velut
1413 1549 1441 1572 in
1462 1556 1559 1572 manum
1577 1547 1615 1573 do.

1734 1299 1811 1327 Idem.
1849 1303 1929 1337 Apul.
1956 1304 2028 1331 Flor.
2051 1315 2061 1332 1
2087 1307 2210 1336 comme-

1917 1517 2061 1553 Diligcnter
2087 1526 2111 1546 et
2133 1527 2212 1549 totum

1386 1583 1391 1586 ἰ
1417 1582 1422 1587 ’
1478 1583 1482 1587 ¹
1673 1550 1741 1574 Hinc
1755 1549 1860 1584 leian.
1875 1550 1908 1577 de
1921 1554 1996 1579 verb.
2009 1553 2117 1589 signific.
2134 1556 2151 1583 l.
2167 1560 2212 1587 186

1156 1581 1350 1609 Commendare
1365 1581 1434 1608 nihil
1448 1582 1522 1608 aliud
1536 1582 1588 1615 est,
1610 1592 1690 1618 quam
1704 1585 1846 1619 deponere.
1882 1587 1952 1614 Adai.
1967 1589 2102 1624 Papiniani.
2123 1592 2141 1618 l.
2159 1593 2212 1620 Lu«

1271 1654 1275 1659 .
1679 1617 1721 1660 Sic
1735 1625 1841 1656 positum
1853 1628 1949 1656 putant
1968 1624 2077 1653 Phaedr.
2094 1635 2120 1659 1,
2139 1636 2178 1663 17,
2198 1638 2210 1655 2

1154 1654 1338 1681 Calumniator
1349 1654 1382 1680 ab
1396 1664 1448 1680 oue
1463 1664 1522 1680 cum
1537 1661 1639 1689 peteret
1656 1664 1727 1681 canis
1754 1658 1842 1690 Quem
1859 1661 2049 1688 commendasse
2068 1671 2163 1697 panem
2185 1665 2212 1691 se

1153 1689 1333 1717 contenderet.
1386 1690 1433 1718 Sed
1448 1692 1568 1726 praefert
1582 1692 1719 1717 Burmann.
1740 1694 1924 1721 commodaffe.
1997 1697 2089 1725 lustin.
2104 1707 2132 1732 35
2163 1709 2176 1726 2
2200 1709 2211 1727 1

1154 1726 1304 1752 Demetrius
1319 1726 1384 1752 duos
1400 1726 1472 1751 filios
1492 1725 1560 1759 apud
1575 1726 1705 1752 Gnidium
1720 1727 1863 1762 hospitem.
1873 1731 1949 1757 suum
1964 1741 2025 1760 cum
2041 1719 2212 1769 magno'an'ri

1154 1762 1271 1796 pondere
1286 1761 1536 1793 commendauerat,
1556 1768 1584 1788 vt
1606 1761 1671 1788 belli
1687 1764 1814 1797 periculis
1834 1766 2024 1795 eximerentur.
2069 1771 2209 1806 Augustin.

1125 1809 1138 1836 ς
1153 1798 1249 1825 Dulcil.
1259 1806 1282 1831 ς,
1300 1803 1325 1828 18
1336 1797 1418 1824 ‘Veni
1433 1797 1465 1823 ad
1480 1803 1565 1832 partes
1579 1798 1646 1830 eius,
1661 1798 1709 1824 vbi
1724 1801 1911 1828 commendaui
1924 1803 2076 1832 affectiones
2091 1808 2211 1841 proximi

1152 1835 1223 1873 inei,
1243 1837 1261 1860 i.
1275 1834 1382 1870 deposui.
1582 1832 1602 1871 ff
1623 1842 1639 1860 2
1676 1835 1724 1862 Sed
1742 1839 1816 1862 etiam
1836 1837 1880 1863 vbi
1891 1843 2000 1874 propria
2013 1842 2120 1869 traditio
2134 1850 2158 1869 et
2170 1843 2210 1870 de-

1147 1871 1255 1906 positum
1268 1870 1327 1896 adeo
1340 1871 1418 1897 locum
1431 1880 1480 1897 non
1494 1869 1582 1903 habet,
1601 1876 1683 1896 tamen
1696 1873 1879 1900 commendari
1894 1875 1989 1902 ascitur
1997 1894 2006 1909 ,
2025 1878 2091 1913 quod
2095 1878 2163 1914 fidei
2174 1881 2212 1907 al.

1152 1909 1232 1932 terius
1251 1915 1281 1932 ac
1301 1906 1449 1942 diligentiae
1467 1916 1585 1942 curaeque
1603 1909 1785 1940 committitur,
1803 1908 1872 1942 ficut
1891 1910 1947 1938 Cic.
1960 1912 2032 1939 Fam.
2050 1921 2077 1949 7,
2091 1922 2104 1947 5
2130 1915 2211 1943 Com-

1151 1941 1278 1968 mendans
1296 1944 1453 1975 Trebatium,
1465 1942 1572 1968 Totum
1588 1942 1704 1977 denique
1718 1942 1855 1971 hominem
1870 1946 1928 1975 tibi
1936 1947 1972 1974 ita
1985 1949 2063 1975 trado
2075 1950 2106 1976 de
2119 1960 2211 1984 manu,

1104 1987 1136 2013 50
1153 1985 1181 2005 vt
1196 1979 1280 2011 aiunt,
1296 1978 1324 2004 in
1337 1987 1445 2005 manum
1459 1984 1531 2005 tuam
1546 1978 1622 2005 istam
1637 1985 1662 2005 et
1675 1979 1792 2007 victoria
1805 1987 1831 2007 et
1845 1981 1896 2008 fide
1909 1983 2092 2018 praestantem.
2129 1987 2210 2014 Coni-

1152 2014 1277 2040 mendare
1291 2012 1324 2047 est
1338 2014 1370 2041 de
1384 2014 1521 2050 manufita
1536 2014 1565 2040 in
1579 2024 1687 2042 manum
1702 2019 1778 2042 amici
1790 2017 1904 2044 tradere.
1976 2020 2032 2046 Cic.
2047 2020 2161 2056 Philipp.
2177 2031 2211 2056 11,

1153 2059 1182 2078 21
1206 2051 1310 2077 Harum
1322 2059 1412 2076 rernm
1427 2050 1550 2076 omnium
1566 2050 1710 2077 decertatio
1723 2053 1884 2078 Consulibus
1900 2054 2010 2087 optimis
2024 2061 2049 2082 et
2063 2056 2210 2085 fortiss'imis

1153 2086 1287 2112 commiffa
1310 2091 1336 2112 et
1351 2086 1543 2112 commendata.
1614 2086 1689 2112 Idem
1708 2095 1756 2120 pro
1770 2087 1859 2114 Domo
1874 2097 1922 2121 142
1946 2090 2034 2117 Omne
2049 2092 2128 2120 vobis
2147 2103 2210 2129 erga

1150 2130 1237 2146 meam
1250 2121 1423 2153 dignitatem,
1445 2120 1579 2152 studium,
1600 2125 1626 2146 et
1645 2121 1779 2149 iudicium
1798 2132 1853 2151 non
1865 2124 1948 2151 modo
1961 2128 2143 2162 commiifum,
2163 2139 2209 2157 ve-

1151 2164 1210 2181 rum
1225 2155 1305 2195 ctiam
1319 2155 1532 2182 commendatum
1546 2156 1595 2182 ess'e
1607 2156 1816 2186 arbitrabantur.
1887 2161 2083 2190 Commendare
2102 2172 2127 2191 et
2147 2175 2209 2192 con-

1149 2190 1256 2217 credere
1272 2191 1327 2217 Cic.
1340 2200 1389 2226 pro
1402 2191 1478 2217 Rosc.
1493 2192 1583 2218 Amer.
1598 2201 1643 2224 113.
1706 2194 1773 2221 Rem
1785 2200 1812 2221 et
1823 2195 1922 2222 famam
1936 2198 2009 2225 suam
2020 2201 2208 2229 commendare

1149 2233 1176 2253 et
1198 2226 1357 2254 concredere
1379 2227 1460 2253 alicui
1478 2226 1552 2253 Idem
1573 2236 1622 2261 pro
1636 2228 1730 2261 Qiint.
1749 2234 1791 2261 98.
1863 2231 1894 2257 Se
1913 2237 2000 2260 totuin
2019 2237 2207 2265 commendare

1150 2269 1230 2297 atque
1244 2262 1348 2289 tradere
1363 2263 1445 2288 alicui
1460 2262 1515 2288 Cic.
1529 2263 1602 2289 Fam.
1617 2271 1640 2294 2,
1655 2270 1676 2296 ς.
1750 2266 1838 2298 Qiam
1858 2266 2054 2301 diligentissiine
2073 2281 2208 2300 commen-

1150 2299 1212 2325 dare
1226 2297 1299 2324 Idem
1313 2299 1385 2323 Fam.
1398 2306 1424 2328 2,
1439 2299 1476 2323 16.
1546 2298 1644 2324 Intime
1665 2300 1852 2328 commendare
1865 2302 1985 2337 aliquem
1999 2306 2056 2333 Cic.
2070 2299 2110 2342 Q
2121 2309 2206 2337 Fratr.

1151 2343 1171 2366 1,
1188 2342 1212 2359 2.
1282 2332 1358 2358 Idem
1372 2333 1444 2359 Fani.
1460 2341 1481 2364 1,
1494 2339 1507 2364 3
1533 2333 1701 2360 Commendo
1714 2335 1765 2362 tibi
1779 2336 1836 2363 eius
1849 2339 1940 2366 omnia
1953 2343 2077 2376 negotia,
2095 2344 2207 2378 liberos,

1149 2373 1344 2403 procuratores.
1423 2369 1535 2395 Amores
1555 2378 1629 2396 meos
1647 2379 1676 2397 ac
1696 2380 1739 2397 me
1760 2372 1813 2399 tibi
1833 2376 1992 2404 commendo
2009 2378 2105 2405 Catull.
2127 2388 2153 2413 15
2185 2391 2195 2408 i

1148 2403 1272 2431 Habenas
1285 2413 1376 2430 rerum
1389 2403 1576 2431 commendare
1588 2405 1771 2434 alicuiClaud.
1781 2409 1860 2435 cons.
1868 2411 1941 2438 Hon.
1955 2421 1968 2445 3
1992 2418 2029 2446 83.
2091 2401 2206 2444 Libe'ms'

1149 2441 1209 2466 suos
1225 2439 1380 2466 testamento
1394 2440 1471 2466 alteri
1483 2441 1670 2468 commendare
1683 2442 1739 2469 Cic.
1747 2443 1780 2470 de
1788 2445 1846 2471 Fin.
1858 2454 1883 2479 3,
1899 2449 1933 2474 16.
1970 2433 1978 2445 ,
2004 2451 2061 2485 Ipse
2075 2452 2202 2480 omnibus

1149 2475 1228 2503 rebus
1247 2475 1442 2511 diligentislime
1462 2476 1627 2509 constitutis,
1653 2478 1747 2506 liberis
1767 2480 1819 2507 suis
1839 2481 1870 2508 L.
1885 2483 1991 2512 Caesari
2012 2488 2205 2516 commendatis

1149 2512 1254 2538 ferrum
1262 2511 1298 2552 ⁴in
1312 2512 1468 2539 cubiculum
1487 2512 1567 2546 tulit,
1587 2519 1673 2549 atque.
1684 2515 1722 2542 ita
1742 2516 1767 2542 se
1782 2517 1887 2544 traiecit
1899 2519 1972 2547 Hirt.
1985 2521 2015 2547 B.
2029 2522 2113 2550 Afric.
2133 2534 2154 2551 c.
2167 2530 2205 2556 88.

1150 2548 1206 2575 Sen.
1221 2548 1301 2582 Epist.
1315 2555 1350 2583 27
1369 2556 1433 2575 extr.
1461 2549 1534 2575 Bona
1547 2550 1622 2576 Mens
1634 2558 1682 2578 nec
1695 2553 1911 2587 commendatur,
1929 2564 1977 2583 nec
1990 2558 2101 2586 emitur.
2157 2560 2206 2589 Sed

1149 2582 1217 2611 refle
1238 2582 1295 2620 post
1317 2583 1426 2619 Lipfium
1448 2586 1556 2611 Gronou.
1577 2586 1769 2615 commodatur.
1841 2589 1959 2625 Negotia
1995 2607 2040 2614 -—
2076 2595 2114 2622 ita
2133 2605 2204 2623 com.

1149 2619 1246 2661 mendo
1256 2639 1264 2653 ,
1284 2625 1313 2646 vt
1326 2621 1430 2647 maiore
1443 2620 1547 2654 studio,
1563 2622 1682 2656 magisne
1696 2632 1727 2650 ex
1741 2624 2033 2656 animacommendare
2046 2639 2101 2657 non
2112 2632 2204 2667 possim

1150 2656 1207 2682 Cic.
1222 2657 1294 2696 Fam.
1309 2665 1347 2690 12,
1360 2659 1403 2683 26.
1475 2657 1546 2697 Opes
1560 2658 1732 2694 fortunasque
1745 2661 1801 2686 suas
1821 2661 1905 2689 alicui
1923 2667 2110 2694 commendare
2128 2668 2202 2695 Idem

1149 2701 1199 2732 pro
1218 2693 1314 2725 Qunt.
1337 2698 1377 2725 98.
1450 2692 1489 2719 Hi
1508 2692 1541 2719 de
1562 2694 1607 2720 sna
1628 2695 1711 2722 salute
1730 2696 1912 2731 desperantes,
1933 2706 1982 2729 auc
1995 2701 2067 2728 suani
2086 2709 2202 2730 mortem

1149 2729 1357 2759 miserabantur,
1376 2732 1420 2754 aut
1436 2728 1557 2756 Parentes
1572 2730 1631 2757 suos
1644 2733 1865 2760 commendabant
1879 2736 1951 2761 Caes.
1966 2736 1994 2762 B.
2006 2737 2035 2763 C.
2048 2746 2071 2770 2,
2084 2747 2114 2771 41
2134 2746 2199 2766 extr.

1155 2763 1213 2805 Vid.
1223 2800 1227 2804 Ι
1236 2769 1252 2790 C
1264 2771 1283 2791 o
1295 2771 1320 2791 M
1332 2770 1359 2790 M
1369 2771 1386 2791 E
1394 2769 1443 2790 ND
1453 2771 1475 2790 A
1485 2772 1507 2791 N
1516 2772 1534 2792 D
1544 2771 1566 2791 V
1576 2772 1589 2792 S
1599 2785 1605 2793 .
1666 2767 1780 2795 Salutem
1794 2769 1906 2796 alicuius
1919 2771 2000 2797 alicui
2014 2773 2200 2801 commendare

1149 2800 1206 2841 Cic.
1221 2809 1249 2826 in
1262 2800 1352 2826 Parad.
1425 2799 1493 2827 Ter.
1507 2801 1574 2830 Eun.
1587 2809 1611 2835 ς,
1628 2807 1652 2836 8,
1667 2811 1685 2836 9
1712 2803 1801 2831 Thais
1819 2806 1889 2839 patri
1911 2807 1935 2832 se
1951 2808 2149 2835 commendauit
2170 2810 2199 2836 in

1147 2836 1298 2863 clientelam
1317 2842 1343 2862 et
1363 2835 1451 2862 fidem.
1506 2838 1562 2863 Hoc
1575 2847 1640 2864 more
1659 2847 1683 2865 et
1698 2838 1814 2873 instituto
1827 2842 2025 2875 Atheniensium,
2043 2844 2111 2879 apud
2123 2855 2198 2881 quos,

1147 2875 1190 2908 qui
1202 2875 1268 2898 ciues
1281 2881 1329 2898 non
1343 2879 1428 2903 erant,
1440 2872 1489 2908 scd
1501 2875 1638 2909 inquilini,
1650 2881 1787 2910 patronum
1800 2878 1904 2912 aliquem
1915 2877 1968 2911 fibi
1981 2879 2115 2913 optabant,
2135 2882 2201 2917 quod

1146 2907 1267 2944 προςάτην
1286 2909 1362 2941 νέμειν
1380 2907 1502 2935 dicebant.
1559 2910 1612 2945 Qu*
1628 2918 1708 2937 autem
1720 2918 1856 2946 patronum
1871 2922 1919 2938 non
1936 2913 2056 2947 habebat,
2078 2919 2105 2941 in
2119 2920 2160 2943 ius
2171 2926 2198 2944 eo

1146 2947 1242 2970 nominc
1254 2944 1389 2970 vocabatur
1398 2964 1406 2977 ,
1423 2944 1637 2981 appellabatur-que
1650 2946 1713 2972 illud
1728 2947 1863 2979 iudicium,
1881 2947 2014 2983 οἱπροςασίκ
2027 2947 2087 2980 δίκη.
2130 2954 2197 2979 Tur.

1147 2980 1229 3006 nebus.
1301 2980 1358 3007 Cic.
1372 2981 1444 3007 Fam.
1459 2987 1486 3014 7,
1499 2989 1534 3013 29
1562 2982 1669 3014 ere,
1696 2982 1792 3008 Cicero
1812 2982 1864 3013 mi,
1891 2985 2030 3018 perseuera
2049 2987 2198 3016 constanter

1146 3025 1195 3042 nos
1209 3016 1383 3048 conseruare,
1403 3022 1428 3043 et
1442 3016 1555 3050 Sulpicii
1568 3017 1704 3043 succeffori
1719 3027 1766 3043 nos
1785 3017 1817 3044 de
1828 3018 1941 3046 meliore
1954 3027 2017 3048 nota
2031 3024 2196 3052 commenda.

1147 3053 1233 3080 Curae
1247 3051 1358 3078 alicuius
1370 3052 1556 3078 commendare
1568 3052 1686 3086 aliquem
1698 3053 1780 3081 Ouid.
1796 3054 1862 3080 Fast.
1875 3063 1898 3087 3,
1914 3058 1976 3090 776.
2036 3058 2197 3088 Pontificum

1147 3088 1326 3121 Audioritati,
1351 3088 1445 3121 Fidei,
1470 3087 1644 3120 Prudentiae,
1668 3089 1738 3115 sacra
1761 3089 1960 3125 religionesque
1982 3098 2008 3119 et
2031 3095 2147 3128 priuatas
2170 3102 2196 3124 et

1146 3123 1267 3159 publicas
1276 3144 1284 3156 ‚
1304 3124 1419 3151 maiores
1436 3123 1654 3150 commendabant
1668 3123 1723 3150 Cic.
1737 3124 1769 3151 de
1781 3125 1873 3160 Arusp.
1883 3126 1958 3161 Resp.
1973 3136 2012 3161 14.
2084 3131 2139 3166 Ego
2151 3141 2196 3159 me

1146 3165 1206 3187 tuae
1219 3160 1377 3187 commendo
1389 3166 1415 3186 et
1428 3159 1567 3186 committo
1581 3158 1657 3185 Fidei
1669 3159 1736 3186 Ter.
1742 3161 1808 3186 Eun.
1822 3168 1846 3194 5,
1854 3170 1877 3193 2,
1891 3169 1936 3197 47.
1993 3164 2070 3192 Fidei
2084 3167 2195 3195 alterius

1147 3195 1264 3231 aliquem
1280 3196 1465 3223 commendare
1484 3195 1539 3221 Cic.
1554 3195 1626 3221 Fam.
1643 3202 1677 3227 15,
1697 3203 1722 3221 2..
1793 3196 1868 3223 Idem
1875 3206 1924 3232 pto
1931 3199 2053 3228 Muraen.
2056 3209 2101 3237 pr.
2119 3204 2194 3231 Idem

1148 3232 1246 3259 Consul
1265 3240 1326 3258 eum
1345 3232 1446 3259 vestrae
1461 3230 1536 3256 Fidei
1555 3230 1738 3262 commendat,
1756 3232 1804 3266 qui
1822 3238 1898 3260 antea
1918 3234 1977 3261 Diis
1996 3236 2193 3266 immortalibus

1147 3267 1353 3295 commendauit.
1424 3265 1515 3297 Fidei,
1534 3266 1647 3298 virtuti,
1669 3266 1793 3293 felicitati
1807 3267 1918 3295 alicuius
1931 3270 2046 3299 Galliam
2062 3283 2193 3301 commen·
2211 3268 2214 3272 ’

1147 3303 1210 3330 dare
1224 3304 1280 3331 Cic.
1295 3304 1326 3331 de
1339 3303 1461 3330 Prouinc.
1474 3301 1581 3328 Consul.
1593 3309 1628 3334 35.
1699 3301 1776 3329 Fidei
1793 3309 1854 3331 tuae
1868 3311 1955 3332 totum
1973 3316 2016 3334 me
2035 3310 2192 3336 commendo

1147 3339 1220 3366 Idem
1233 3340 1286 3366 Att.
1301 3348 1325 3372 3,
1339 3347 1382 3366 20.
1437 3339 1524 3372 Fugae
1538 3338 1563 3363 se
1577 3337 1762 3364 commendare
1776 3339 1848 3367 Hirt.
1861 3339 1893 3367 de
1907 3342 1971 3368 Bell.
1984 3344 2042 3370 Afr.
2052 3353 2073 3377 ς.
2125 3345 2192 3372 (310-

1145 3375 1202 3402 riae
1215 3375 1389 3411 sempiternae
1402 3373 1520 3408 aliquem
1538 3372 1724 3399 commendare
1737 3374 1793 3401 Cic.
1805 3376 1877 3403 Fam.
1891 3385 1914 3410 5,
1927 3386 1955 3404 12
1969 3379 2103 3414 scribenda
2122 3381 2191 3406 illius

1145 3409 1258 3443 historia.
1310 3412 1351 3438 Sic
1363 3408 1562 3437 immortalitati
1574 3408 1773 3436 commendatur
1787 3409 1898 3439 historia
1912 3422 1978 3440 voce
1988 3415 2104 3442 oratoris
2115 3415 2190 3443 Idem

1147 3446 1178 3472 de
1192 3448 1265 3474 Orat.
1280 3456 1303 3479 2,
1316 3448 1355 3479 36.
1424 3445 1533 3472 Nomen
1547 3445 1621 3471 suuni
1636 3444 1833 3473 immortalitati
1847 3448 1903 3475 Cic.
1917 3450 1989 3476 Fam.
2003 3459 2040 3482 ιο,
2057 3459 2093 3477 12.
2145 3452 2188 3477 Iu-

1147 3481 1218 3509 dicio
1237 3483 1359 3509 omnium
1379 3480 1560 3507 commendari
1577 3479 1611 3506 ab
1626 3480 1720 3516 aliquo
1738 3481 1812 3509 Idem
1827 3483 1898 3510 Fam.
1915 3493 1952 3516 12,
1968 3493 2001 3517 13.
2071 3487 2103 3512 Et
2116 3485 2188 3513 Fam.

1145 3526 1178 3550 11,
1186 3527 1215 3545 10
1235 3519 1301 3546 Satis
1308 3525 1350 3544 me
1358 3516 1442 3544 multa
1456 3515 1593 3554 scripsisse«,
1614 3524 1681 3550 quae
1694 3516 1780 3544 literis
1793 3519 1974 3547 commendari
1985 3520 2077 3554 poffint
2086 3539 2095 3553 ,
2115 3521 2188 3550 arbi»

1145 3558 1218 3587 nor,
1242 3557 1261 3581 ι’,
1274 3553 1371 3590 scribi,
1384 3550 1451 3587 quafi
1462 3552 1550 3578 literae
1557 3552 1613 3584 Jmt
1630 3555 1715 3578 nuntii
1732 3554 1777 3580 au't
1787 3555 1919 3582 tabellarii.
1976 3557 2017 3583 Sic
2029 3557 2188 3584 Monumen-

9 3587 11 3590 ’
37 3583 224 3624 ῐῙῑθὲΟΪΕΟΝῐΠ
246 3591 338 3615 more,
357 3580 516 3609 &emens-¹³⁶
537 3582 683 3609 memmiae
705 3583 805 3616 gratia,
820 3582 887 3618 qnid
908 3591 1016 3623 quoqqe
1035 3583 1080 3609 die
1097 3595 1129 3622 95
1144 3589 1178 3616 tis
1190 3590 1301 3617 alicuius
1312 3593 1402 3623 petere
1419 3596 1461 3614 res
1472 3586 1545 3618 suas,
1563 3595 1645 3621 quam
1655 3588 1795 3616 celerrime
1809 3590 1989 3617 commendari
2008 3591 2063 3618 Cic.
2077 3592 2149 3620 Fani.
2164 3601 2188 3627 5,

9 3631 13 3636 ¹
38 3619 162 3651 dixerim,
175 3617 335 3651 audiueriin,
343 3617 454 3653 egerim,
463 3625 645 3644 commemoro
664 3619 776 3652 vesperi.
846 3619 973 3653 Pompon.
987 3628 1016 3645 in
1025 3619 1041 3645 l.
1049 3619 1079 3645 in

0 3666 2 3672 ·
37 3654 177 3682 vendendo
189 3654 221 3686 D.
230 3654 386 3681 decontrah.
396 3659 457 3680 emt.
465 3659 491 3679 et
499 3652 576 3679 vend.
594 3652 622 3679 Si
629 3661 712 3687 quum
719 3653 833 3680 seruitus
840 3654 955 3681 venditis
963 3655 1078 3690 praediis

0 3689 11 3707 ¹=
37 3689 195 3723 deberetur,
213 3698 260 3715 nec
272 3689 521 3720 commemorauerit
536 3687 676 3720 venditor,
696 3688 740 3715 sed
759 3689 840 3716 sciens
860 3690 1010 3722 reticuerit,
1031 3697 1077 3717 ete.

36 3724 167 3754 Beneficia
179 3725 323 3752 meminiffe
336 3725 415 3753 debet
429 3726 467 3758 is,
486 3725 514 3751 in
527 3733 607 3760 quein
621 3724 716 3751 collata
737 3725 796 3751 sunt
806 3735 816 3751 .-
848 3734 904 3752 non
917 3735 1079 3753 commemo-

0 3772 16 3798 j
37 3770 114 3795 rare,
131 3761 180 3796 qui
199 3760 310 3787 contulit
336 3761 393 3789 Cic.
408 3761 440 3788 de
454 3761 538 3787 Amic.
552 3768 590 3795 74
601 3769 622 3787 c.
635 3768 679 3787 20.

11 3811 14 3814 ⁴
37 3796 100 3824 Stat.
124 3795 217 3823 Theb.
237 3804 264 3829 9,
285 3804 340 3830 194.
409 3796 528 3824 Pericula
547 3795 670 3822 exhausta
690 3805 901 3824 commemorare
919 3797 998 3824 Ouid.
1011 3798 1077 3824 Met.

39 3840 76 3865 12,
90 3834 145 3859 162.
214 3831 315 3858 Praelia
328 3832 372 3859 sua
385 3841 593 3860 commemorare
613 3831 651 3859 Id.
664 3832 731 3859 ibid.
744 3841 771 3865 9,
783 3842 811 3866 4.
880 3832 938 3859 Cic.
957 3834 1034 3863 Verr.
1053 3841 1077 3868 5,

37 3875 73 3903 72.
92 3865 166 3902 Quid
176 3868 242 3894 itero
254 3866 300 3894 illa
313 3867 510 3902 Segestanorum
522 3877 577 3895 non
588 3868 673 3894 solum
686 3869 772 3895 literis
784 3868 880 3894 tradita
888 3888 896 3900 ,
913 3876 1000 3904 neque
1006 3878 1077 3897 com-

37 3908 184 3930 memorata
203 3902 292 3931 verbis
305 3913 311 3929 :
344 3902 388 3930 sed
400 3903 490 3930 inultis
503 3903 598 3931 officiis
613 3904 723 3931 illorum
737 3905 858 3939 vsurpata
868 3911 894 3930 et
907 3905 1078 3940 comprobata

38 3939 160 3976 cognatio
172 3939 182 3966 Ξ

751 3761 853 3787 Damna
866 3770 1078 3788 ⁰0¹¹¹me¹¹¹⁰¹¹³¹e
1088 3778 1135 3798 100
1143 3769 1210 3796 telae
1222 3768 1338 3794 aliorum
1350 3764 1421 3791 filios
1434 3765 1494 3791 suos
1507 3766 1691 3793 commendare
1703 3767 1759 3793 Cic.
1767 3767 1799 3792 de
1810 3767 1884 3792 Orat.
1895 3775 1915 3798 1,
1922 3771 1978 3796 228.

247 3938 373 3974 Repetam
385 3947 609 3977 commemorare,
633 3943 653 3968 ι’.
671 3943 758 3970 Denuo
772 3941 974 3976 commemorabo,
997 3948 1025 3971 et
1033 3945 1078 3970 ite·
1090 3954 1134 3983 105
1142 3953 1237 3983 genere
1249 3943 1350 3979 Populo
1364 3944 1485 3971 Romano
1505 3943 1687 3972 commendari
1703 3948 1814 3977 putaret.

1146 3633 1179 3651 12.
1245 3623 1427 3652 Monumentis
1446 3622 1537 3648 multis
1556 3622 1588 3649 ad
1606 3631 1713 3651 omnem
1733 3626 1893 3652 memoriam
1911 3625 2091 3654 commendari
2112 3628 2187 3656 Idem

1144 3660 1258 3697 Philipp.
1272 3669 1298 3694 9,
1313 3666 1356 3686 10:
1422 3660 1454 3684 Et
1466 3657 1498 3684 de
1511 3657 1569 3684 Fin.
1584 3666 1606 3690 3,
1620 3667 1637 3692 9
1661 3660 1752 3693 Qare
1766 3661 1874 3688 attendo
1888 3666 1914 3687 te
1926 3660 2054 3693 studiose,
2068 3669 2095 3690 et
2107 3672 2186 3698 quae.

1143 3706 1247 3732 eunque
1260 3695 1339 3723 rebus
1352 3694 1410 3726 hiS,
1425 3693 1458 3719 de
1471 3693 1568 3728 quibus
1586 3693 1630 3720 hic
1642 3695 1729 3722 sermo
1741 3696 1793 3729 est,
1813 3697 1921 3722 nomina
1934 3697 2067 3730 imponis,
2086 3708 2187 3726 memo.

1142 3733 1198 3759 riae
1211 3730 1383 3761 commendo,
1407 3732 1426 3755 i.
1444 3728 1540 3765 edisco,
1555 3736 1580 3756 et
1592 3731 1722 3766 repetendo
1734 3732 1881 3767 familiaria
1897 3731 1960 3757 mihi
1972 3731 2055 3759 reddo.
2128 3735 2187 3762 Tu.

1143 3806 1213 3831 Hinc
1225 3800 1411 3830 commendare
1428 3798 1461 3834 est
1474 3801 1600 3827 amabilem
1614 3808 1638 3827 et
1649 3811 1749 3832 carum,
1768 3801 1928 3827 iucmidumue
1939 3801 2056 3836 reddere,
2067 3803 2121 3838 siue
2144 3779 2186 3831 ai?-

1143 3838 1241 3871 dando,
1253 3837 1307 3871 stuc
1326 3845 1467 3872 quacunque
1482 3839 1579 3863 ratione
1599 3838 1659 3863 alia.
1712 3837 1768 3862 Cic.
1781 3836 1834 3863 Off.
1851 3844 1872 3867 2,
1889 3844 1926 3870 47
1952 3846 1973 3863 c.
1989 3845 2019 3870 13
2048 3840 2074 3865 Ρ,
2088 3839 2185 3866 Rutilii

1142 3873 1346 3902 adolescentiam
1359 3871 1391 3898 ad
1405 3871 1570 3906 opinionem,
1582 3878 1609 3898 et
1622 3871 1798 3903 innocentiae,
1811 3878 1837 3897 et
1850 3872 1916 3898 iuris
1931 3872 2055 3900 scientiae
2067 3875 2092 3900 P.
2100 3872 2185 3900 Mucii

1143 3908 1340 3937 commendauit
1353 3907 1454 3933 domus.
1511 3908 1585 3934 Idem
1600 3908 1676 3934 Verr.
1689 3916 1711 3940 ς,
1726 3911 1769 3936 180
1795 3907 1850 3940 Qii
1864 3916 1946 3942 quum
1963 3909 1988 3935 fe
2003 3910 2116 3939 virtute,
2129 3917 2184 3934 non

1864 3959 1868 3961 -
1887 3942 1970 3971 Nulla
1987 3951 2016 3970 re
2035 3951 2084 3970 vna
2102 3944 2184 3976 magis

2094 3985 2184 4007 ῠῐὸίθῖ

1443 3979 1557 4014 6Q2
