2474 4182
60 145 126 235 {85
454 179 489 220 C
563 181 601 221 A
652 176 693 215 ·S

35 289 36 299 l
59 277 89 298 vt
103 272 182 305 Fagus
190 267 229 304 fit
247 271 416 295 nominatiuus
430 270 549 304 pluralis.
585 265 654 294 Mihi
672 264 842 305 nihil-melius
857 265 1002 298 videbatur,
1022 273 1095 303 quam

35 304 36 316 ¹
61 306 180 334 Castanea
192 305 281 339 fagus,
301 313 434 339 ornusque
447 304 563 331 incanuit
576 302 637 329 albo
651 301 716 327 flore
727 309 789 334 piri.
847 303 914 327 Nam
928 305 1001 328 ctiam
1014 301 1093 335 casta-

60 351 156 368 nearum
174 341 272 367 echinus
292 340 385 366 albicat
406 348 429 366 et
443 350 518 367 canus
531 337 571 373 ell-
626 338 724 370 Legere
743 336 869 377 castaneas
890 338 986 373 Virgil.
1000 338 1051 364 Ecl.
1067 347 1093 371 2,

60 385 98 410 52.
134 375 206 411 Conf.
220 375 339 402 Macrob.
353 377 403 403 Sat.
417 385 448 408 2,
471 384 508 408 14.
565 372 614 399 Vir
633 371 726 398 doctus
740 373 841 407 Oppius
861 373 890 399 iu
904 373 990 406 libro,
1013 382 1092 408 quem

57 445 163 482 quidam
179 447 321 474 castaneam
335 453 428 474 vocant
447 452 490 472 etc.
543 443 637 482 Pal'lad.
653 443 685 469 de
701 444 769 470 infit.
784 453 822 477 ¹33
849 445 962 479 Phyllis,
977 445 1002 481 s.
1016 447 1093 484 Amy-

55 482 125 519 gdali
137 483 225 516 arbor,
247 482 463 516 Castaneamque,
483 482 524 506 cui
541 480 616 519 irijtta
629 477 676 512 est,
695 486 794 506 trucem
809 480 920 515 depullis
939 481 1010 519 cogit
1023 480 1093 506 echi-

57 518 96 544 nis
110 518 206 545 Mirari
227 518 328 545 fruCtus
346 517 416 544 leuia
434 523 511 550 poma
529 515 578 540 sui.
623 517 661 541 De
680 516 818 542 Castaneae
837 523 944 549 natura,
963 517 1092 549 infitione,

7 561 9 565 ’
55 554 167 586 cultura,
184 554 236 580 vid.
252 553 381 581 Columel.
394 561 422 585 4,
435 559 470 584 33.
496 558 519 583 5,
534 558 571 583 10,
588 559 626 583 ¹4·
681 551 747 577 Plin.
764 559 798 584 ις,
813 560 842 584 23
862 553 879 578 s.
894 559 924 584 25
944 552 1031 578 Nuces
1045 559 1092 577 vo-

8 651 11 654 ,
29 630 37 656 ᾖ
54 625 192 651 Armatum
214 625 246 651 iis
270 624 389 651 echinato
414 621 499 654 calyce
522 622 644 655 vallum,
664 623 747 658 ,quod
770 623 922 649 inchoatum
944 621 1090 656 glandibus.

89 674 135 680 ·—-
170 661 290 687 Torrere
311 659 355 685 has
379 658 408 684 in
432 657 499 683 cibis
519 659 618 691 gratius
652 674 698 678 ——
734 658 857 685 Sardibus
877 667 922 685 eae
943 667 1090 692 prouenere

86 695 185 728 imum,
204 695 264 722 ideo
284 693 350 729 apud
363 693 475 720 Graecos
490 693 629 720 Sardianos
651 693 759 721 balanos
776 694 906 729 appellant
922 704 927 720 z
953 702 1012 720 nam
1025 694 1091 720 Dios

71 730 174 757 alanum
189 731 274 766 postea
286 729 449 764 imposuere,
469 730 701 756 excellentioribus
722 732 775 757 satu
790 730 874 756 faustis.
916 730 995 755 Nunc
1016 730 1091 764 plura

30 758 33 771 ἢ
28 685 39 731 Ἵμ-

50 802 215 864 ίΙὶζιοίιιηιὶίοιῃ
228 809 293 836 quae
307 800 429 827 balanitis
444 808 567 831 vocatur,
587 802 732 837 purgabilis
747 801 875 833 maxime,
889 806 914 826 et
926 801 1017 835 sponte
1030 811 1090 836 pro—

61 846 68 863 1
81 846 136 864 iens
169 844 213 864 etc.

29 859 34 869 ⁷
85 857 152 900 CA}
164 878 185 899 T
194 877 245 899 ΛΝ
254 872 302 898 fir
311 878 332 898 V
343 877 369 898 M
378 892 386 904 ,
401 872 419 898 i.
441 882 467 899 n.
488 871 632 906 [κας-ανῶν]
656 873 735 898 Locus
747 869 868 903 castaneis
886 870 1001 905 confitus.
1037 873 1089 899 Co-

50 907 136 934 lumel.
150 916 177 940 4,
190 915 226 940 33,
241 916 253 939 3
275 908 384 942 Propter
397 917 466 943 quae
480 910 554 943 saepe
567 907 673 935 nouella
687 906 812 933 castaneta
828 907 984 934 caluescunt.

83 949 220 975 CAs'rE,
254 942 308 969 vid.
335 950 495 972 cAsrvs.

81 984 322 1005 CASTELLVM
338 999 347 1012 ,
384 986 401 1006 C
415 987 438 1007 A
452 987 465 1007 S
479 987 500 1006 T
513 986 530 1007 E
544 986 561 1006 1.
575 986 592 1006 1.
606 985 627 1006 Α
641 984 696 1005 NV
710 984 746 1010 S,
782 983 1089 1012 CASTELLAT1M‚

24 1012 97 1040 «vid.
121 1020 320 1042 cAsTRVM.

35 1043 39 1062 ⁴
77 1055 124 1076 CA
134 1055 201 1076 STE
211 1056 229 1076 R
240 1057 249 1076 1
259 1057 279 1077 A
289 1070 297 1083 ,
318 1059 357 1077 ae.
395 1050 415 1077 f.
452 1051 585 1085 [mespha]
621 1049 705 1076 Locus
720 1047 772 1081 est,
791 1051 875 1084 inquit
887 1047 994 1076 Nonius
1009 1058 1034 1082 2,
1047 1055 1086 1080 128

35 1066 105 1117 ivbi,
121 1094 204 1120 quum
216 1087 352 1121 nauigatio
365 1087 542 1121 conquiescit,
561 1085 628 1112 remi
647 1091 672 1111 et
690 1084 866 1119 gubernacula
887 1086 1085 1119 conquiescunt.

32 1155 88 1184 *vbi
107 1156 230 1191 quiesco,
255 1158 342 1184 onmis
361 1158 479 1184 familiae
501 1157 575 1184 causa
594 1156 707 1182 consistit
727 1155 788 1182 tibi.
860 1158 928 1183 Male
949 1155 1084 1182 casteriam

0 1208 4 1217 ι
34 1193 222 1227 'interpretatus
236 1191 269 1226 2st
287 1193 315 1220 de
328 1194 372 1220 illa
389 1196 504 1229 pertica,
532 1201 591 1228 quae
606 1192 766 1219 Portisculus
787 1191 903 1224 dicitur,
918 1191 1037 1218 Lafilant.
1051 1192 1084 1219 ad

40 1226 101 1254 Stat.
115 1228 208 1255 Theb.
223 1231 250 1261 6,
259 1236 322 1264 797.
337 1229 463 1265 refutatus
476 1229 513 1255 ibi
525 1238 540 1254 a
553 1229 668 1255 Bartht'o.

74 1269 92 1290 C
100 1270 121 1290 A
134 1271 147 1291 s
159 1272 180 1291 'r
190 1272 198 1291 1
208 1271 224 1291 F
232 1272 248 1291 Ε
257 1272 275 1291 R
284 1285 292 1297 ,
320 1267 362 1301 qlti
368 1277 370 1279 >
382 1264 477 1291 castum
494 1265 520 1301 s
541 1263 653 1290 caestum
667 1263 735 1300 fert.

51 1306 141 1333 erum,
158 1300 205 1334 qui
218 1300 351 1335 flagellum
363 1306 458 1335 portat.

74 1341 121 1362 CA
133 1342 146 1361 S
157 1342 179 1362 Τ
193 1337 234 1362 1‘G
243 1343 278 1368 O,
299 1340 350 1363 Ere.
387 1333 521 1370 [ri-mltum,
541 1334 652 1370 κολάζω,
676 1334 830 1370 ἒποινορθόω]

36 1376 66 1399 re
85 1370 244 1404 rehendere,
264 1375 292 1397 it.
324 1374 402 1399 unire.
436 1373 464 1399 A
475 1371 543 1397 casto
558 1372 610 1397 loro
626 1369 725 1397 dublum
739 1371 844 1401 verbum,
851 1371 906 1403 Jme
919 1373 946 1395 in
961 1377 1080 1405 quantum

18 1428 20 1431 .
36 1415 52 1433 a
83 1406 228 1434 caedendum
240 1379 383 1439 edhilitur,
400 1407 466 1443 quod
470 1409 555 1443 placet
569 1406 707 1443 Casaulono
721 1406 755 1431 ad
765 1405 832 1432 Pers.
850 1414 877 1442 p.
888 1413 938 1439 453
953 1406 1008 1440 flue
1021 1416 1080 1442 qua-

0 1461 1 1466 ,
35 1447 108 1504 Lenos
122 1452 147 1469 eo
158 1441 264 1476 conflrin
284 1451 373 1474 untur,
393 1451 416 1470 et
429 1447 586 1473 coercentur,
606 1451 665 1478 quae
679 1441 770 1473 dilabi,
789 1447 834 1467 aut
852 1442 1012 1477 intumescere
1029 1451 1078 1469 non

792 1263 872 1289 Gloff.
891 1262 983 1290 Ifidor.
1001 1261 1083 1290 Casti-

865 1333 1005 1373 Increpare
1014 1354 1021 1366 ,
1036 1332 1080 1361 vel

35 1513 122 1541 rebant
134 1521 263 1550 utramque
274 1518 411 1547 notionem,
429 1523 480 1541 tum
493 1513 619 1541 coercendi
630 1515 699 1539 illam
716 1519 741 1538 et
753 1512 936 1548 compescendi,
952 1521 1005 1539 tum
1019 1515 1079 1540 alte-

0 1527 9 1588 ι
28 1552 34 1559 ’
50 1558 89 1574 αηι
97 1550 230 1584 puniendi,
245 1559 383 1586 quocunque
398 1550 476 1583 modo,
489 1551 548 1576 huic
561 1549 632 1575 verbo
646 1547 838 1584 ssbfichieffam‚
851 1551 898 1581 ita,
913 1555 943 1574 ut
954 1549 1079 1576 interdum

38 1584 156 1611 lterum-a
184 1587 315 1616 raeualeat,
322 1585 447 1612 interdum
459 1593 563 1621 vtraque
575 1586 651 1611 Iocum
665 1584 751 1611 habere
763 1584 887 1610 videatur.
904 1585 1078 1612 Ter.Heaut.

0 1591 25 1662 lig.
37 1637 55 1648 .,
67 1626 96 1650 32
117 1592 265 1653 Nilfeum,
282 1627 407 1655 quantum
421 1620 460 1647 dii
472 1620 533 1647 dant
547 1620 598 1647 tibi
614 1621 689 1655 opis,
711 1621 813 1652 seruas,
833 1620 955 1654 castigas,
977 1629 1078 1648 mones.

14 1665 32 1684 u,

0 1666 15 1714 p
46 1689 81 1722 it,
102 1699 134 1717 eo
153 1692 238 1717 rarius
252 1701 279 1718 ea
304 1691 396 1727 igabit.

54 1654 163 1689 astigare
170 1657 230 1690 plus
246 1654 279 1689 est
309 1666 363 1682 uam
377 1666 472 1683 monere
487 1667 494 1682 .·
531 1656 641 1690 Qun&
656 1665 681 1689 2,
694 1665 720 1688 2,
731 1663 744 1689 5

467 1694 539 1719 Caes.
554 1691 617 1718 Bell.
638 1692 721 1718 Ciuil.
740 1700 766 1724 t,
779 1700 792 1724 3
813 1691 914 1718 Laudat
927 1693 1079 1727 Pompeius,

0 1736 7 1762 t«
47 1730 108 1760 tque
124 1727 153 1753 in
167 1726 300 1761 posterum
312 1728 459 1759 confirmat,
473 1728 606 1762 segniores
620 1727 741 1762 castigat,
762 1733 841 1762 atque
855 1727 955 1754 incitat.
1015 1729 1078 1755 Liu.

0 1765 21 1795 Ι4
37 1768 74 1795 7,
88 1770 104 1794 9
125 1762 282 1798 Castigando
308 1763 521 1799 increpandoque
539 1763 596 1798 plus
615 1772 694 1798 quam
713 1763 809 1789 leniter
826 1763 927 1797 agendo
946 1764 971 1789 se
989 1764 1079 1798 profc-

15 1810 25 1826 1,
58 1806 119 1824 uros
137 1798 197 1825 rati.
267 1799 388 1835 Diuersus
406 1803 483 1834 parit
500 1799 637 1835 formulas.
678 1808 703 1825 v.
721 1808 748 1834 g.
785 1797 826 1825 Ad
841 1807 955 1833 vnguem
977 1801 1078 1834 praese-

56 1877 94 1894 um
106 1867 150 1902 effi*
162 1869 258 1905 censent
269 1874 431 1906 interpretes,
449 1873 494 1906 qui
505 1869 639 1896 iuncturas
657 1879 806 1898 marmorum
825 1879 906 1906 ungue
924 1872 1056 1906 explorant
1066 1882 1074 1897 .·

45 1904 76 1930 lii
88 1903 258 1940 afifforibus,
277 1908 320 1941 qui
337 1908 446 1940 primum
468 1915 542 1932 manu
564 1905 708 1941 informant
721 1905 782 1932 rude
795 1912 870 1940 opus,
894 1906 980 1932 deinde
999 1909 1077 1933 linea—

38 1946 108 1965 nenta
119 1947 143 1966 et
155 1941 263 1967 habitum
271 1960 280 1973 ,
298 1950 436 1977 omnemque
444 1941 550 1977 speciem
563 1950 646 1977 ungue
656 1940 778 1978 fingentes
789 1948 813 1967 et
819 1942 986 1976 perpolientes
999 1942 1077 1978 absol-

39 1981 97 2001 mm.
116 1975 228 2002 Lambin.
299 1977 374 2011 Virg.
395 1978 460 2003 Aen.
474 1984 495 2010 ς,
511 1982 558 2011 387
583 1977 636 2003 Hie
650 1977 737 2010 grauis
749 1977 883 2003 Entellum
903 1977 982 2004 diffis
1001 1978 1075 2005 casti-

39 2015 69 2040 :at
84 2010 192 2038 Acestes.
228 2014 246 2039 i.
264 2012 398 2047 Increpat,
419 2012 552 2047 obiurgat.
573 2012 689 2039 Seruius.

39 2045 117 2080 lacch.
132 2055 161 2080 4,
175 2052 198 2080 8,
212 2049 256 2082 67.
327 2049 394 2075 Pers.
416 2056 442 2081 1,
457 2056 474 2083 7
495 2048 574 2079 Non,
595 2048 613 2074 fi
627 2047 692 2083 quid
700 2047 808 2074 turbida
815 2048 900 2076 Roma
908 2049 1011 2083 Eleuet,
1031 2059 1074 2077 ac-

42 2081 116 2115 edas,
137 2083 286 2109 Examenue
306 2083 460 2119 improbum
479 2084 509 2110 in
527 2083 580 2117 illa}
592 2084 706 2118 Castigas
724 2084 834 2110 trutina.
895 2086 1020 2113 'Examen
1034 2095 1073 2112 ca-

41 2117 118 2152 :igare
132 2116 165 2151 es?
177 2119 280 2155 ligulam
292 2119 375 2152 illam,
393 2123 463 2146 cuius
475 2122 604 2146 momentis
612 2119 714 2155 pondus
727 2123 838 2156 exigitur
852 2126 878 2146 et
895 2121 1071 2157 inuestigatur,

41 2152 58 2178 d
79 2156 183 2189 quictem
204 2153 260 2180 redi
277 2163 315 2180 ere
334 2162 359 2181 et
376 2157 444 2181 velut
462 2156 622 2190 compescere,
642 2164 688 2190 quo
699 2153 778 2191 saffo
791 2156 892 2190 pondus
902 2158 1069 2192 cognoscitur.

43 2189 126 2215 '‘etoti
144 2191 197 2215 itur
216 2192 241 2216 iu
261 2193 334 2217 [cium
347 2192 438 2225 populi
450 2191 539 2226 sequi,
558 2197 582 2216 et
594 2190 664 2216 illius
679 2192 746 2216 velut
757 2193 857 2215 trutina
877 2192 926 2215 vti.

43 2232 73 2250 ua
87 2226 125 2251 cal
139 2225 211 2259 igare
228 2225 301 2252 Curt.
316 2235 343 2259 4,
358 2228 383 2257 6,
391 2227 416 2251 6.
488 2225 585 2251 Literis
600 2225 724 2258 castigare
750 2225 822 2251 Caes.
831 2224 896 2250 Bell.
907 2224 989 2251 Ciuil.
997 2233 1020 2258 3,
1027 2233 1067 2259 25.

43 2258 118 2286 'erbis
131 2259 254 2293 castigare
267 2260 384 2295 aliquem
403 2259 457 2287 Cic.
472 2260 524 2286 Off.
539 2269 558 2292 1,
572 2265 600 2291 88
614 2269 636 2286 c.
651 2268 689 2293 25.
762 2259 836 2296 Conf.
852 2261 927 2287 Curt.
940 2269 975 2294 4,
989 2269 1029 2294 13,
1043 2267 1067 2292 8.

20 2308 29 2320 v.
43 2293 147 2320 olorem
160 2294 335 2322 immodicum
360 2296 459 2322 Lucan.
478 2301 507 2329 8,
522 2303 560 2331 71.
632 2295 759 2324 Inertiam
773 2301 852 2330 atque
867 2296 1005 2330 segnitiem
1019 2297 1068 2324 ali-

44 2329 93 2356 iius
106 2329 231 2365 castigare
250 2331 307 2358 Cic.
321 2330 353 2357 de
366 2332 440 2359 Orat.
456 2340 476 2364 1,
490 2337 539 2362 185·
611 2333 698 2359 Metus
711 2331 836 2366 castigare
862 2332 950 2358 Valer.
965 2332 1066 2367 Argon.

42 2386 46 2394 .
59 2367 120 2392 660.

29 2386 124 2434 lions?
145 2404 164 2428 i.
175 2402 298 2439 Obiurgat
308 2405 385 2429 nimis
398 2410 542 2431 morantem.
614 2404 722 2431 Nonius
733 2413 762 2437 4,
775 2412 802 2437 53
821 2404 932 2439 Expedit
945 2407 1069 2440 interpre-

32 2443 102 2469 tur,
121 2444 204 2473 nempe
214 2442 258 2501 glz-fi
268 2439 399 2476 compescit
410 2449 508 2473 moras,
527 2449 557 2466 ne
570 2441 694 2476 longiores
707 2438 751 2473 effi
760 2439 868 2475 poffint,
886 2440 950 2466 idem
968 2440 1068 2476 expedit

42 2481 76 2499 er.
146 2474 201 2501 Cic.
246 2475 297 2501 usc.
312 2483 335 2508 5,
348 2484 367 2509 4
386 2475 435 2502 Sed
449 2475 478 2502 in
491 2475 542 2502 hoc
555 2484 599 2502 me
612 2476 666 2511 ipse
673 2476 771 2510 castigo
780 2496 788 2509 ‚
809 2475 882 2511 quod
895 2484 927 2502 ex
941 2475 1067 2506 aliorum,

15 2543 17 2551 ‚
42 2516 92 2570 5⁶3¹·
104 2509 192 2537 nostra
203 2510 308 2538 fortaffe
322 2511 454 2544 mollitia,
472 2521 528 2538 non
540 2521 572 2539 ex
585 2512 639 2547 ipsa
654 2512 771 2544 virtute,
790 2511 821 2538 de
842 2511 951 2537 virtutis
965 2510 1066 2537 robore

42 2551 61 2570 ti
84 2553 149 2572 imo.

20 2582 22 2594 ³
42 2578 128 2607 ‘dimus
152 2590 182 2608 ex
203 2582 276 2610 Caes.
301 2583 329 2609 R.
353 2583 414 2610 Ciu.
433 2592 453 2616 1,
465 2592 487 2616 3.
558 2584 665 2618 Turpia
679 2582 804 2616 castigare
824 2583 918 2608 quen.
934 2581 984 2608 Sat.
1000 2590 1025 2615 2,
1038 2585 1065 2609 6.

43 2615 106 2642 erba
118 2617 244 2652 castigare
262 2618 300 2645 Id.
315 2617 354 2645 ib.
367 2620 392 2650 6,
403 2627 465 2652 454.
485 2622 503 2646 i.
517 2619 700 2655 reprehendere.
771 2617 853 2644 Plaut.
867 2617 944 2644 Most.
958 2627 986 2652 4,
1002 2627 1022 2651 1,
1030 2620 1066 2644 26

42 2651 98 2678 lane
110 2652 247 2687 castigabit
260 2662 304 2679 eos
318 2654 421 2680 exuuiis
435 2653 552 2682 bubulis.
626 2655 699 2687 Virg.
714 2653 778 2680 Aen.
793 2655 819 2687 6,
827 2656 877 2688 567
896 2653 1064 2689 Castigatque

9 2699 11 2702 ¹
44 2686 144 2747 iai-itque
157 2687 247 2750 dol-§osb
257 2688 413 2750 gibigift-que
427 2689 516 2751 ἰᾱὲςπί.
583 2689 703 2716 Vinculis
715 2694 741 2715 et
754 2698 857 2716 carcere
870 2689 995 2724 castigare
1006 2690 1063 2717 Cic.

42 2729 44 2739 ·
67 2741 73 2747 .
87 2730 108 2754 3,
121 2729 163 2757 73.
217 2733 228 2750 e
280 2733 333 2751 ron.
360 2730 447 2758 atigan
467 2733 484 2751 1.

42 2762 156 2786 nan-eset
166 2758 284 2793 magistri
297 2759 422 2794 castigare
436 2761 516 2787 etiam
529 2761 629 2794 solent,
645 2770 692 2787 nec
705 2761 795 2788 verbis
804 2761 889 2788 solum
898 2782 907 2795 ,
924 2761 967 2788 sed
980 2762 1062 2789 etiam

42 2791 187 2820 erberibus.
256 2794 324 2822 Suet.
339 2796 440 2822 Domit.
453 2805 470 2829 9
485 2796 595 2824 Fiscales
609 2797 768 2831 calumnias,
786 2807 880 2832 magna
899 2797 1061 2825 calumnian-

2 2862 3 2865 ,
41 2836 86 2868 um
98 2837 183 2863 poena
197 2830 330 2865 repreffit:
364 2831 503 2859 ferebatur
514 2841 567 2859 vox
579 2833 636 2860 eius
644 2853 652 2866 ,
671 2833 793 2869 Princeps
808 2834 855 2869 qui
869 2834 999 2861 delatores
1006 2843 1061 2861 non

48 2862 254 2935 st}ga‹t3,uirgitat.
324 2867 464 2902 Improbos
486 2868 612 2903 castigare
637 2869 692 2896 Cic.
715 2869 748 2896 de
771 2869 864 2905 Legib.
889 2878 915 2902 2,
930 2872 964 2896 62
977 2880 998 2897 c.
1012 2872 1060 2897 vlt.

40 2908 66 2924 »n
83 2919 90 2925 .
130 2908 144 2926 e
166 2921 171 2926 .
227 2910 236 2928 1
259 2921 266 2928 0

40 2933 134 2962 ribus
155 2910 316 2972 castigaiidus
335 2938 380 2966 est.
428 2941 520 2967 Frenis
538 2941 578 2967 bis
596 2941 789 2978 intelligendum.
861 2941 932 2968 Flor.
946 2951 974 2976 4,
988 2951 1014 2976 2,
1026 2950 1058 2978 75

56 2980 143 2999 rorem
157 2972 259 3000 ciuium
273 2974 408 3009 castigaret
420 2984 540 3003 oceanus.
612 2978 699 3004 Insula
718 2977 858 3012 castigatur
871 2986 938 3013 aqua
963 2978 1007 3005 Sil.
1022 2987 1058 3011 12,

44 3007 70 3046 63
86 3009 104 3033 i.
116 3008 289 3048 compescitur,
308 3015 442 3038 coercetur.
512 3013 616 3039 Petron.
639 3021 676 3048 47
701 3013 818 3040 Subinde
838 3013 990 3049 castigamus
1002 3023 1057 3042 cre-

51 3049 73 3067 is
85 3044 244 3076 potiunculis
257 3045 355 3079 risum,
375 3048 561 3084 compescimus,
579 3058 608 3075 ne
621 3056 740 3090 crumpat.

54 3120 91 3146 49
105 3121 127 3139 c.
140 3121 174 3141 ει.
188 3117 211 3149 i.
225 3120 354 3144 coercitus.
426 3119 555 3154 Castigata
567 3121 656 3147 oratio
672 3121 782 3155 Quinti.
796 3130 833 3152 10,
846 3130 866 3153 1,
883 3128 922 3155 115
945 3123 1054 3149 emenda-

48 3167 56 3181 ,
71 3155 148 3191 picra.
230 3151 291 3178 Stat.
304 3152 367 3179 Silu.
382 3162 408 3186 2,
422 3163 442 3188 1,
454 3164 492 3188 44
506 3157 537 3182 Et
555 3156 692 3191 castigatae
711 3156 821 3183 collecta
839 3156 966 3184 modestia
979 3158 1053 3186 fron-

28 3200 55 3210 -.
91 3194 110 3210 z.
134 3185 212 3212 Frons
225 3193 249 3212 et
259 3187 369 3222 modica,
388 3196 412 3215 et
422 3193 449 3216 in
463 3200 512 3227 qua
522 3192 589 3219 nihil
600 3199 719 3228 apparet,
737 3192 803 3228 quod
813 3193 959 3228 reprehendi
964 3194 1052 3230 poſji’t.

24 3240 26 3243 .
42 3219 180 3289 -ἓβΤιέ-ῗῐ).
193 3223 221 3254 6,
233 3226 282 3256 872
306 3223 383 3258 Riget
393 3225 465 3253 areta
476 3228 543 3254 cutis
556 3227 682 3264 durisque
695 3228 817 3255 laborum
831 3229 961 3264 Castigata
977 3231 1053 3258 toris.

19 3265 51 3276 »ι
97 3265 121 3282 ru
151 3265 174 3282 a.

15 3310 27 3331 ¹,
45 3299 71 3317 m
85 3291 214 3319 Libertas.
237 3296 254 3319 i.
279 3293 428 3328 Constrifta.
498 3299 578 3326 Ouid.
599 3301 691 3327 Amor.
707 3309 728 3333 1,
741 3308 763 3334 5,
775 3309 801 3327 21
827 3301 914 3334 Quam
927 3302 1051 3338 castigato

43 3335 101 3354 nus
120 3326 167 3354 sub
185 3327 294 3371 pectore
312 3337 415 3364 venter,
443 3335 462 3359 ι’.
483 3335 613 3362 Emendoto
631 3338 671 3363 vel
683 3334 794 3363 correcto
804 3343 852 3371 per
858 3337 982 3373 fasciam,
1003 3348 1052 3375 qua

44 3400 49 3405 .
63 3363 166 3400 ostentes
180 3365 291 3400 papales
305 3365 420 3401 solebant
436 3373 558 3402 coercere,
577 3377 607 3398 vt
640 3375 746 3408 rae-cipit
760 3372 792 3398 de
805 3373 861 3399 Art.
875 3374 934 3401 Am.
947 3382 971 3407 3,
986 3383 1050 3410 274.

29 3423 33 3434 1
49 3407 79 3425 nc
99 3398 186 3427 Sei-en.
207 3400 339 3441 Sammon.
359 3411 406 3438 357
422 3403 608 3445 ‘Sicastigatas
619 3379 734 3435 audium
749 3407 784 3434 est
798 3408 927 3442 praestare
941 3411 1051 3445 papillas

31 3452 34 3453 ν
59 3432 153 3475 hedera
166 3436 241 3463 sertis
262 3437 351 3465 ambas
372 3439 500 3467 redimire
522 3450 664 3471 memento.

11 3506 14 3510 .
29 3485 31 3490 ι
49 3477 187 3512 εμεφιιει-ει
198 3473 285 3514 Iouin.
297 3474 356 3514 Τ.3
369 3484 394 3509 p.
408 3483 436 3508 35
449 3477 479 3503 C.
494 3478 541 3512 qui
553 3485 685 3513 aegrotat,
705 3489 760 3506 non
772 3480 851 3506 aliter
869 3481 964 3516 recipit
982 3483 1049 3510 sani-

50 3506 170 3579 ‘aitzff
192 3509 540 3575 raasffi‘ts‘estaszss
554 3513 649 3575 {ffir-
753 3513 1048 3579 .3.7‚;.1..75......

45 3588 66 3624 2
87 3578 224 3619 μυίὶίη.
239 3580 271 3608 de
285 3563 361 3609 C.D‘.
375 3567 397 3616 ξ,
410 3591 452 3618 24.
523 3557 869 3623 SEP‡I.V1Gt‡u¹·1¹Zflzgsg;¹-e
886 3560 1048 3624 lgiisclffiiltiiiiare·

56 3624 88 3641 ··.1
118 3619 205 3642 -llmae
222 3617 352 3653 exempla.

12 3657 17 3667 ·
60 3645 289 3681 ,Ks'TmA'ra
325 3653 394 3681 Adu.
431 3655 508 3682 Idem.
543 3661 590 3689 vt,
608 3656 685 3684 Vixit
697 3657 831 3691 modeste,
849 3657 971 3694 castigate
987 3659 1045 3689 Sen.

12 3715 20 3722 ἱ
47 3717 54 3723 -
67 3688 134 3712 που.
146 3687 166 3712 6
175 3693 238 3714 extr.
265 3710 271 3714 .
305 3690 420 3726 Compar.
442 3691 574 3718 Ammian.
588 3700 632 3725 22,
644 3701 657 3724 3
676 3693 775 3720 Viuere
790 3693 948 3729 castigatius.
984 3696 1046 3724 Elo-

71 3719 204 3755 augustin.
225 3723 258 3750 de
279 3724 371 3753 Dolitr.
393 3726 490 3754 Christ.
513 3738 541 3762 4,
566 3736 605 3762 14.
678 3728 798 3755 Maerob.
812 3730 980 3766 Somn.Scip.
996 3741 1015 3765 1,
1028 3735 1048 3760 6

45 3755 128 3798 let-§¹²
147 3758 260 3786 monade
283 3761 447 3797 castigatius,
462 3772 542 3798 quam
563 3765 590 3790 se
606 3763 683 3799 copia
700 3763 862 3799 suggerebat.
896 3767 916 3793 i.
935 3767 1046 3802 breuius,

45 3813 318 3870 fins‘rxqiirom
342 3833 406 3861 oris.
442 3843 479 3862 m.
515 3832 675 3869 [παιδευτῆς,
701 3834 858 3871 comportetis]
893 3837 945 3873 Qu*
961 3845 1043 3874 repre·

9 3871 11 3873 ¹
26 3858 90 3904 .'‘¹¹.‘
99 3868 124 3897 εε
135 3863 258 3906 obturgat5
328 3868 409 3897 Flaut.
424 3870 508 3898 Trin.
522 3879 546 3904 3,
560 3880 580 3904 1,
596 3879 620 3903 13
641 3870 690 3897 Ibo
704 3871 737 3898 ad
748 3880 838 3898 meum
851 3871 1043 3907 castigatorem.

28 3909 31 3912 >
71 3904 181 3925 immuni
195 3900 348 3938 castigator,
366 3911 445 3941 atque
456 3907 584 3934 inertium
598 3907 767 3942 querelarum
785 3907 845 3934 Liu.
860 3915 881 3940 ι,
894 3916 934 3942 59.
989 3910 1042 3937 Mi-

45 3939 99 3971 rum
109 3933 247 3977 castigator
265 3938 334 3966 Hor.
346 3940 376 3968 in
385 3941 528 3969 ArtePoe't.
542 3951 599 3978 ¹74·
619 3946 646 3969 in
666 3946 792 3970 notatione
805 3943 886 3980 finis.
953 3944 1048 3974 Iratusv

29 3964 213 4034 ῗῑῑῑᾶίοΐνδὲῐέ.
227 3971 266 4036 de1
272 3973 316 4002 Ira
326 3983 349 4009 1,
360 3983 395 4010 ις.

35 422 37 431 ¹
59 411 121 439 fecit
139 411 170 438 de
183 411 344 438 siluestribus
358 411 513 442 arboribus,
532 408 564 435 fic
583 407 638 433 ait:
665 408 847 435 Heracleotica
861 409 923 436 haec
936 418 999 441 nux,
1013 417 1092 444 quam
1108 407 1131 440 ἔς

1099 1310 1131 1335 3ο
1148 1300 1293 1328 admodum
1311 1302 1481 1336 reperiantur
1501 1310 1547 1329 etc.
1584 1302 1654 1329 Add.
1676 1310 1774 1331 FIBER.

55 1479 162 1509 olumus,
180 1488 240 1515 quae
252 1483 273 1512 ε]
293 1479 420 1515 sententia
433 1481 553 1506 Grononii
565 1480 650 1504 Diatr.
665 1477 699 1504 ad
711 1476 772 1503 Stat.
792 1486 814 1503 c.
828 1484 872 1510 24.
909 1478 1024 1513 Exempla
1037 1478 1078 1504 do·
1096 1486 1126 1513 33

58 1842 102 1859 um
109 1833 195 1860 decies
205 1833 329 1869 castigare
336 1844 440 1861 carmen
458 1836 524 1861 Hor.
533 1843 561 1860 m
568 1835 623 1860 Art.
632 1835 702 1860 Po'e't.
711 1842 772 1867 294.
814 1835 843 1861 A
852 1838 1027 1862 marmorariis
1034 1836 1078 1863 du·
1091 1845 1126 1872 45
1145 1838 1268 1864 Ponticos
1291 1846 1366 1865 canes
1387 1847 1488 1865 vocari.

1005 2190 1069 2216 Lin·
1086 2197 1115 2225 53

220 2546 314 2582 Segnes
325 2547 448 2582 castigare
468 2548 560 2575 Tacit.
575 2548 664 2583 Agric.
677 2555 712 2582 27
728 2547 867 2581 Segniores
882 2546 1008 2580 castigare
1016 2549 1066 2572 iam
1084 2546 1117 2579 65

1128 2663 1158 2689 4,
1171 2663 1189 2690 7
1208 2655 1336 2683 Incedunt
1347 2655 1500 2683 castorinati
1511 2656 1544 2683 ad
1557 2655 1671 2683 litanias.

338 2903 398 2930 Liu.
412 2912 454 2937 39,
469 2912 499 2938 25
519 2905 608 2940 Equus
621 2910 698 2932 tenax
711 2914 766 2932 non
779 2914 871 2941 parens
886 2905 978 2939 Frenis,
989 2907 1109 2942 εἶρε-,75

1560 180 1788 222 CAS

1159 265 1268 292 deamur
1280 268 1320 291 tot
1335 263 1388 292 iarn
1402 266 1565 296 saeculorum
1579 267 1631 297 scri
1644 268 1819 306 castigatores.

2126 191 2202 240 786

1181 302 1186 306 .
1873 268 1939 298 Plin.
1956 274 2016 300 Pan.
2032 285 2078 309 40,
2094 282 2103 303 1
2123 274 2207 304 Here-

1161 301 1228 328 ditas
1263 315 1309 320 —-
1345 307 1400 327 tota
1413 302 1531 337 sepulcro
1567 321 1612 326 —
1648 309 1754 334 seruiet.
1790 313 1870 334 nemo
1884 307 2059 342 obseruator,
2078 320 2157 339 nemo
2166 322 2206 339 ca-

1159 337 1267 370 stigator
1280 332 1379 362 affistet.
1415 340 1434 363 i.
1455 342 1497 373 qui
1511 338 1630 377 rlssringi
1642 344 1723 369 iubeat
1731 343 1831 379 sumtus
1842 353 1872 370 ac
1883 347 1972 371 minui.

1195 377 1211 398 c
1220 377 1262 411 A's
1271 377 1292 397 T
1302 379 1311 397 1
1320 378 1369 398 ΘΑ
1377 379 1398 399 Τ
1407 380 1426 399 0
1436 380 1454 399 R
1465 381 1473 399 1
1483 382 1503 400 V
1513 382 1525 400 S
1535 395 1542 406 ‚
1563 385 1576 401 a
1585 397 1592 407 ,
1611 387 1664 404 um.
1701 386 1730 405 vt
1763 378 1900 406 Adhibete
1920 379 2045 407 solatium
2065 389 2118 407 non
2133 382 2206 409 casti-

1159 413 1292 447 gatorium
1307 412 1332 433 et
1346 408 1426 434 nimis
1440 409 1525 440 forte,
1547 411 1588 436 sed
1602 414 1681 439 molle
1694 421 1720 440 et
1736 399 1881 442 humanum
1899 416 1966 445 Plin,
1980 416 2059 451 Epist.
2076 424 2099 449 5,
2113 420 2151 449 16,
2168 426 2204 444 10.

1158 443 1287 469 Seueritas
1301 443 1468 478 castigatoria
1486 445 1576 471 Sidon.
1592 448 1670 481 Epist.
1685 458 1720 482 4,
1736 459 1755 476 1.

1194 485 1261 505 CAS
1272 486 1342 506 Tio·
1353 487 1423 519 Αγι
1434 487 1469 520 o,
1488 481 1557 520 onis.
1595 482 1614 507 f.
1653 481 1850 520 [σωφρονισμὲς]
1888 487 1945 514 Cic.
1960 484 2042 514 Tusc.
2056 496 2130 522 4,44
2143 497 2206 514 c.20

1158 514 1308 554 Vnoumes
1330 515 1563 550 castigationibus,
1584 519 1847 553 reprehensionibus,
1869 520 2025 557 ignominiis
2047 522 2116 550 affici
2140 524 2164 549 se
2179 525 2207 550 in

1159 548 1258 576 delifflo
1271 550 1401 576 dolerent.
1474 553 1533 578 Liu.
1549 560 1594 586 27,
1608 561 1636 579 10
1661 554 1806 582 Duodecim
1828 557 1940 584 aliarum
1955 559 2121 586 coloniarum
2133 568 2207 586 ωιτη·

34 589 38 620 ,l
55 597 141 615 camus
166 596 191 616 et
214 590 354 621 castaneas,
383 594 542 622 quamquam
564 587 816 614 accommodatiores
837 587 970 622 glandium
990 587 1090 621 generi.
1110 595 1138 614 10
1158 585 1259 611 tionem
1274 585 1333 612 fieri
1348 592 1432 620 patres
1445 593 1588 614 vetuerunt
1625 603 1670 608 -—
1707 599 1736 616 ea
1751 592 1827 618 tacita
1842 594 1976 628 castigatio
1990 596 2104 623 maxime
2121 600 2153 622 eir
2168 595 2207 621 di-

1157 621 1257 655 gnitate
1276 622 1369 656 populi
1385 623 1462 648 Rom.
1479 623 1534 650 visa
1551 623 1596 663 est.
1671 625 1739 651 Huic
1751 632 1880 654 contraria
1896 630 2048 658 Verborum
2061 631 2207 665 castigatiO,

1156 656 1193 684 ob
1207 664 1327 697 errorem
1342 659 1514 698 praeteritum
1536 660 1595 685 Liu.
1611 667 1652 694 27,
1689 677 1695 686 ι
1733 678 1740 688 .
1814 663 2013 694 Animaduerfio
2028 674 2053 694 et
2070 667 2205 702 castigatio

1155 701 1260 726 omnis,
1280 693 1443 719 contumelia
1466 703 1559 721 vacare
1586 695 1664 721 debet
1691 696 1746 723 Cic.
1767 697 1820 724 Off.
1836 707 1855 730 1,
1871 705 1898 730 88
1914 711 1933 727 c.
1948 710 1988 735 25.
2059 703 2126 730 Add.
2140 703 2205 729 Plin.

1156 736 1198 763 37,
1214 737 1235 761 3.
1304 729 1361 755 Sen.
1377 729 1423 763 Ep.
1437 737 1483 764 47.
1520 738 1543 757 et
1558 731 1589 757 dc
1604 732 1646 758 Ira
1661 741 1682 757 c.
1697 739 1718 764 ς.
1790 734 1899 766 Quin&
1915 744 1965 770 1‚3‚
1976 747 2014 772 ¹4·
2084 739 2204 765 Macrob.

51 775 141 793 earum
154 775 254 801 genera.
289 765 453 791 Tarentinae
466 765 572 796 faciles,
594 775 640 792 nec
653 767 778 801 operosae
791 765 868 797 cibo,
889 764 981 798 planae
996 765 1089 800 figura.
1111 770 1135 798 13
1156 765 1259 791 Saturn.
1274 773 1297 795 2,
1312 774 1331 799 4
1351 764 1380 790 de
1393 763 1521 800 Augusto,
1542 768 1642 793 Contra
1661 767 1858 802 castigationem
1880 771 2022 806 loquendi,
2042 784 2121 809 quam
2142 775 2205 801 alias

1156 799 1202 841 ille
1215 799 1354 827 scribendo
1368 801 1505 841 seruabat,
1527 802 1554 828 in
1568 803 1677 836 epistola
1689 803 1722 830 ad
1735 805 1914 833 Maecenatem
1934 808 2062 836 familiari
2081 811 2156 845 plura
2175 811 2206 837 in

1156 845 1229 862 iocos
1245 834 1325 863 effusa
1340 835 1483 864 subtexuit.

1177 882 1205 897 us
1237 882 1265 898 ca
1278 871 1299 898 li
1318 879 1344 898 at
1362 883 1382 899 s.

1146 869 1175 904 fl
1190 891 1240 934 C’A
1250 874 1374 935 sJT‘iGuA
1384 915 1399 935 Β
1409 903 1422 934 ἴ
1432 914 1448 934 L
1458 915 1467 934 1
1477 915 1507 940 s,
1524 917 1547 934 e.
1569 907 1768 944 [σωφρονιςικὸς]
1805 911 1878 947 de
1889 911 2010 949 castigari
2024 917 2100 944 debet.
2121 919 2204 948 Plaut.

1555 838 1700 872 Castigatio
1714 840 1842 874 loquendi
1855 839 1887 874 est
1893 842 1976 878 sermo
1993 846 2146 878 emendatus,
2165 856 2206 873 ειτ-

1103 952 1138 971 20
1154 941 1238 969 Trin.
1254 952 1273 976 1,
1287 952 1311 974 2,
1325 947 1342 971 6
1369 943 1425 978 Qi
1438 943 1542 970 admisit
1555 943 1583 970 in
1595 945 1620 970 se
1634 944 1736 979 culpam
1751 946 1938 980 castigabilem.

1190 985 1367 1013 CASTITAS,
1396 986 1625 1013 CASTIMONIA,
1646 987 1858 1014 CASTITVDO,
1878 984 1931 1010 vid.
1951 992 2081 1014 CASTVS.

1189 1020 1235 1041 CA
1245 1022 1258 1041 S
1268 1022 1316 1042 TO
1326 1022 1344 1041 R
1354 1035 1362 1048 ,
1382 1016 1445 1042 oris.
1481 1025 1517 1042 m.
1555 1015 1672 1052 [κοίςωρ]
1709 1017 1815 1043 Animal
1846 1027 1875 1043 ex
1902 1027 1988 1053 *eorum
2020 1032 2119 1058 genere,
2144 1034 2205 1062 quat

1154 1050 1244 1076 Graeci
1257 1050 1395 1085 amphibia
1410 1058 1511 1084 vocant,
1527 1052 1593 1087 quod
1602 1059 1653 1078 tam
1666 1055 1693 1078 in
1706 1059 1784 1083 terra,
1792 1062 1864 1089 quam
1877 1055 1904 1079 in
1916 1059 1989 1090 aquis
2003 1052 2099 1086 uiuant.
2135 1062 2204 1090 Plin.

1152 1093 1193 1117 32,
1208 1094 1219 1117 3
1241 1086 1398 1120 δρεᾶεὼίίίε
1413 1093 1522 1113 naturae
1536 1089 1654 1121 potentia
1669 1088 1697 1114 in
1711 1086 1752 1115 his
1770 1097 1895 1123 quoque,
1915 1091 2012 1125 quibus
2032 1100 2057 1119 et
2078 1095 2106 1120 in
2125 1098 2204 1124 terris

33 1114 123 1150 fPlaut.
138 1120 207 1147 Afin.
222 1131 246 1154 3,
261 1130 280 1154 ι,
295 1124 323 1148 16
350 1123 423 1155 Qiin
437 1123 481 1156 pol
502 1122 520 1148 fi
532 1120 638 1155 reposui
655 1129 774 1153 remum,
792 1120 846 1147 sola
862 1129 912 1155 ego
925 1121 953 1147 in
967 1121 1085 1153 casteria,
1102 1131 1134 1158 ις
1152 1127 1178 1147 et
1190 1122 1218 1147 in
1231 1130 1299 1156 aqua
1314 1122 1401 1148 victus
1417 1124 1468 1155 est,
1486 1123 1549 1149 ficut
1563 1130 1588 1149 et
1602 1124 1693 1157 fibris,
1714 1133 1781 1159 quos
1802 1125 1913 1152 castores
1924 1132 2028 1159 vocant,
2042 1134 2068 1154 et
2079 1131 2203 1165 castorea,

1151 1157 1226 1183 testes
1238 1165 1341 1184 eorum.
1380 1159 1520 1192 Amputari
1545 1159 1592 1185 hos
1611 1160 1644 1186 ab
1664 1160 1722 1194 ipsis
1743 1169 1802 1187 cum
1823 1163 1975 1195 capiantur,
1994 1168 2071 1198 negat
2091 1166 2205 1200 Sextius,

1151 1191 1361 1228 diligentissimus
1374 1194 1531 1221 medicinae.
1605 1195 1679 1229 Quin
1695 1195 1779 1222 immo
1798 1204 1894 1231 paruos
1914 1199 1979 1231 effe,
1998 1200 2204 1238 substri&osque

1150 1234 1177 1255 et
1193 1229 1365 1256 adhaerentes
1383 1230 1487 1264 spinae,
1508 1239 1555 1256 nec
1573 1230 1656 1258 adimi
1677 1231 1730 1258 fine
1742 1233 1798 1258 vita
1811 1233 1933 1260 animalis
1948 1236 2025 1269 poss'e.
2097 1238 2204 1265 Adulte-

1149 1265 1204 1291 rari
1217 1272 1306 1292 autem
1318 1265 1429 1292 renibus
1443 1266 1578 1299 eiusdem,
1600 1268 1647 1302 qui
1663 1268 1711 1294 smt
1725 1268 1851 1302 grandes,
1871 1278 1930 1296 cum
1950 1272 2009 1297 veri
2030 1272 2105 1299 testes
2127 1275 2205 1308 parui

1848 1306 1957 1332 Interim
1978 1309 2087 1334 inuoluit
2100 1309 2203 1345 fabula,

1147 1336 1181 1363 ad
1193 1346 1264 1372 quam
1279 1338 1383 1374 respicit
1397 1340 1471 1364 etiam
1486 1338 1607 1366 quenal.
1626 1347 1670 1372 12,
1683 1342 1715 1372 36
1741 1340 1770 1367 de
1789 1340 1886 1368 Catullo
1899 1344 1926 1368 in
1938 1345 2052 1378 periculo
2069 1346 2205 1384 naufragii

1144 1372 1292 1407 constituto,

1312 1442 1317 1443 .
1630 1407 1759 1437 Decidere
1776 1409 1848 1438 iactu

1303 1444 1401 1479 Coepit
1413 1452 1473 1471 cum
1486 1443 1590 1477 ventis,
1611 1444 1730 1472 imitatus
1749 1447 1874 1480 Castora,
1893 1449 1941 1483 qui
1961 1449 1987 1475 se

1302 1480 1460 1506 Eunuchum
1476 1481 1530 1515 ipse
1543 1481 1623 1512 facit,
1644 1481 1752 1515 cupiens
1767 1482 1881 1509 euadere
1894 1484 1992 1511 damno

1303 1514 1524 1548 Testiculorum,
1546 1517 1612 1542 adeo
1626 1517 1785 1543 medicatum
1801 1518 1928 1553 intelligit
1946 1520 2053 1555 inguen.

1145 1549 1205 1576 Vet.
1219 1549 1306 1577 Schol.
1322 1551 1458 1578 Castorem
1471 1552 1567 1578 helmam
1581 1552 1663 1585 dicit,
1683 1554 1731 1587 qui
1744 1562 1803 1579 cum
1816 1553 1916 1580 viderit
1929 1556 1954 1581 se
1968 1556 2094 1589 obfideri,
2109 1562 2135 1584 et
2147 1565 2203 1585 non

1147 1586 1217 1620 poffe
1230 1585 1344 1613 euadere
1359 1595 1406 1613 etc.
1481 1587 1559 1621 Apul.
1576 1588 1640 1613 Met.
1657 1597 1664 1614 1
1681 1598 1705 1622 p.
1722 1591 1778 1620 106,
1795 1598 1823 1615 ιο
1845 1589 1999 1618 Amatorem
2017 1593 2111 1626 suum,
2129 1594 2202 1629 quod

1147 1622 1177 1649 vi
1191 1622 1272 1648 aliam
1285 1624 1446 1654 temerasset,
1465 1624 1547 1650 vnico
1559 1623 1647 1649 verbo
1670 1625 1784 1651 mutauit
1799 1625 1828 1651 in
1847 1635 1937 1652 veram
1959 1628 2101 1661 castorem,
2128 1630 2202 1664 quod

773 1657 836 1690 Q¹0
850 1656 950 1690 saepius
969 1665 1080 1684 monue-
1093 1670 1130 1697 40
1148 1666 1178 1684 ea
1193 1657 1276 1685 bestia
1291 1659 1454 1694 captiuitatis
1469 1666 1605 1692 metuens,
1626 1660 1650 1686 se
1665 1659 1697 1686 ab
1711 1661 1911 1695 insequentibus
1924 1662 2086 1697 praecisione
2101 1666 2201 1699 genita-

1146 1694 1213 1720 lium
1228 1693 1325 1722 liberat
1338 1704 1346 1727 ;
1384 1698 1431 1727 (vt
1445 1694 1487 1721 illi
1502 1704 1610 1730 quoque
1626 1695 1727 1729 fimile,
1749 1697 1821 1731 quod
1834 1706 1960 1724 venerem
1967 1699 2063 1726 habuit
2074 1701 2201 1735 inaliam,

1145 1730 1324 1764 proueniret.)
1383 1731 1440 1767 Ipse
1454 1732 1552 1758 Cicero
1566 1733 1594 1757 in
1608 1731 1748 1758 Scauriana
1759 1733 1827 1768 opud
1844 1733 1903 1760 Isid.
1918 1743 1963 1767 12,
1977 1744 2000 1761 2.
2034 1742 2057 1762 et
2076 1737 2148 1763 Seru.
2166 1738 2201 1765 ad

1145 1766 1244 1800 Georg.
1259 1775 1279 1799 1,
1293 1775 1325 1800 59
1346 1767 1492 1794 Redimunt
1513 1768 1538 1794 se
1558 1774 1588 1793 ea
1609 1773 1683 1802 parte
1701 1769 1836 1802 corporis,
1857 1776 1966 1804 propter
1985 1781 2065 1806 quam
2084 1774 2200 1800 maxime

1143 1808 1310 1836 expetuntur.
1369 1800 1372 1804 ’
1390 1804 1497 1838 Vterque
1505 1803 1621 1839 scriptor
1634 1805 1708 1830 etiam
1721 1805 1847 1839 obferunt,
1867 1806 1974 1832 eosdem
1993 1808 2042 1833 esse
2056 1807 2152 1840 fibros,
2173 1815 2199 1836 et

1474 1839 1478 1843 '
1561 1839 1642 1865 Ouid.
1664 1839 1742 1865 Nuce
1761 1842 1804 1872 165
1830 1840 1873 1866 Sic
1889 1840 1938 1867 vbi
1960 1842 2076 1869 detracta
2092 1844 2129 1870 est
2143 1851 2198 1872 ate

1142 1873 1195 1899 tibi
1208 1874 1282 1900 causa
1296 1873 1407 1908 pericli,
1429 1873 1511 1907 Qiod
1524 1874 1654 1908 superest,
1677 1880 1763 1900 tutum
1773 1896 1781 1907 ,
1800 1875 1910 1902 Pontice
1922 1877 2021 1911 castor,
2037 1878 2126 1906 habes.

1179 1915 1227 1935 CA
1237 1915 1278 1935 ST
1288 1916 1306 1935 O
1316 1915 1336 1935 R
1345 1915 1361 1935 E
1371 1916 1413 1936 VS
1423 1929 1431 1941 ,
1465 1918 1489 1941 a,
1516 1917 1570 1935 um.
1609 1910 1621 1942 [
1634 1908 1757 1944 Καςᾶρειος
1770 1911 1783 1944 ]
1822 1911 1952 1939 Laudatur
1971 1923 1999 1939 ex
2026 1915 2093 1941 Plin.
2108 1925 2146 1949 12,
2159 1925 2197 1952 24

1141 1944 1278 1978 Aspalathi
1291 1944 1416 1979 probatio
1429 1944 1465 1970 est
1478 1946 1506 1971 in
1519 1945 1611 1971 colore
1625 1945 1688 1971 rufo
1697 1965 1705 1978 ,
1729 1946 1772 1971 vel
1797 1945 1876 1979 igneo
1885 1967 1894 1979 ,
1913 1948 2038 1983 tacitique
2057 1951 2149 1985 spiffo,
2169 1958 2196 1979 et

1140 1980 1224 2006 odore
1237 1979 1363 2007 castoreo.
1412 1980 1460 2008 Sed
1472 1981 1598 2006 Harduin.
1613 1982 1689 2016 legit,
1716 1981 1809 2006 Odore
1821 1981 1941 2008 castorei.
1990 1986 2061 2012 Inter
2067 1987 2197 2022 fiaeppostta

760 2011 846 2038 Dictis
859 2012 1073 2047 plurimisPlaut.
1090 2027 1123 2054 50
1139 2016 1237 2042 Sereno
1251 2016 1420 2043 Sammonico
1433 2019 1545 2042 carmina
1560 2023 1584 2049 p.
1599 2021 1644 2048 387
1659 2016 1719 2040 Bur.
1736 2024 1761 2040 v.
1775 2022 1794 2047 4
1829 2016 1964 2044 Castoreas
1978 2019 2083 2054 filiquas
2099 2024 2139 2049 bis
2151 2024 2196 2052 sex

1139 2053 1296 2086 perquirere
1314 2060 1384 2077 cura.
1440 2050 1509 2076 Ibid.
1524 2058 1550 2075 12
1576 2049 1691 2076 Castoris
1712 2056 1792 2085 atque
1811 2060 1909 2078 nouem
1928 2053 2036 2089 filiquas
2051 2057 2196 2092 adpendit«)

1139 2083 1235 2113 statim.
1271 2088 1304 2113 Et
1318 2091 1344 2114 18
1371 2084 1507 2110 Castoreas
1520 2084 1627 2119 filiquas
1640 2085 1740 2112 iterum
1754 2095 1822 2121 quae
1836 2089 1954 2122 pondere
1977 2090 2026 2118 lint
2040 2092 2092 2119 sex.
2130 2096 2195 2121 Bar-

1136 2121 1334 2181 barus-scirzptor
1348 2119 1469 2147 Castorei
1486 2120 1594 2155 siliquas
1611 2120 1752 2157 (ponderis
1766 2124 1876 2158 nomeu)
1896 2132 1958 2158 xu,
1977 2134 2025 2160 1x,
2047 2136 2081 2156 vi
2102 2131 2195 2158 intelli-

1153 2165 1192 2182 ere
1211 2159 1239 2182 ui
1257 2161 1319 2182 etur.

1133 2166 1152 2191 g
1171 2197 1242 2218 cAs
1254 2197 1275 2217 T
1288 2197 1445 2223 OREVM,
1472 2191 1491 2218 i.
1517 2199 1544 2218 n.
1581 2189 1703 2228 [κάςορος
1722 2190 1817 2228 ἵρχις]
1856 2194 1950 2232 Nempe
1962 2199 2032 2233 plur.
2059 2200 2194 2236 Castorea,

1133 2225 1236 2254 aut‘lore
1254 2227 1321 2253 Plin.
1337 2235 1383 2260 32,
1396 2235 1419 2259 3.
1444 2234 1474 2254 vt
1488 2227 1558 2254 modo
1572 2227 1699 2260 uidimus,
1719 2236 1844 2256 vocantur
1857 2231 1953 2260 Testes
1965 2234 2081 2262 castoris.
2117 2238 2193 2266 Idem

1136 2265 1180 2296 26,
1195 2272 1218 2290 ιι
1243 2262 1342 2290 Clauos
1357 2263 1455 2298 pedum
1475 2263 1592 2290 extrahit
1614 2263 1738 2291 ladanum
1761 2274 1821 2292 cum
1844 2267 1978 2302 castoreo,
1998 2271 2145 2300 verbenaca
2158 2282 2193 2301 ex

1134 2299 1209 2326 vino.
1264 2299 1420 2326 Castoreum
1432 2300 1573 2326 Ponticum
1590 2299 1772 2335 Scribon.175.

1367 2334 1371 2339 ι
1829 2302 1985 2331 Castoreurn
1998 2311 2024 2332 et
2037 2308 2115 2342 piper
2129 2318 2191 2336 con-

1132 2335 1283 2361 tunduntur
1296 2341 1322 2361 et
1335 2333 1488 2361 cribrantur
1504 2335 1580 2362 Idem
1594 2340 1632 2364 88.

1686 2336 1791 2362 Lucret.
1805 2338 1831 2368 6,
1844 2344 1900 2372 794
1920 2340 2100 2377 Castoreoque
2113 2345 2191 2379 graui

192 2367 270 2394 Mart.
291 2376 334 2399 10,
353 2376 401 2402 ¹04
427 2369 483 2394 Iam
501 2367 617 2394 tumidus
631 2373 709 2394 vocat
725 2367 863 2402 magister,
899 2368 1068 2404 Castigatque
1087 2377 1122 2402 σῃ
1132 2371 1232 2397 mulier
1244 2370 1329 2405 sopita
1342 2369 1484 2396 recumbit.
1519 2369 1620 2403 Grani,
1639 2371 1658 2396 i.
1673 2370 1767 2397 Odoris
1778 2375 1858 2405 tetri,
1879 2376 1942 2401 male
1961 2382 1986 2402 et
1997 2382 2112 2413 grauiter
2124 2382 2189 2408 olma

1131 2409 1178 2432 tis.
1213 2405 1289 2439 Virg.
1307 2405 1406 2439 Georg.
1423 2414 1444 2438 1,
1459 2413 1493 2441 59-

1259 2440 1336 2467 India
1354 2440 1439 2467 mittit
1458 2440 1542 2474 ebur,
1562 2438 1657 2467 molles
1672 2441 1717 2468 sua
1735 2446 1795 2468 tura
1814 2442 1924 2477 Sabaei,

1260 2475 1444 2538 AtstChalybes
1463 2476 1532 2503 nudi
1550 2476 1672 2511 ferrum,
1690 2478 1832 2513 virosaque
1844 2480 1943 2508 Pontus

1260 2513 1298 2539 Ca
1321 2520 1393 2539 orea.

1166 2553 1184 2574 c
1192 2554 1214 2574 A
1222 2554 1235 2574 s
1246 2554 1268 2575 'r
1277 2555 1297 2575 0
1305 2554 1326 2575 R
1334 2556 1344 2575 1
1353 2556 1375 2575 N
1384 2555 1404 2575 v
1414 2555 1427 2575 s
1442 2568 1451 2581 ,
1479 2556 1505 2581 a,
1532 2555 1588 2575 um.
1638 2549 1689 2582 Vt,
1710 2549 1810 2576 Oleum
1822 2547 1983 2580 castorinum
2010 2554 2094 2582 Marc.
2107 2555 2184 2594 Emp.

1130 2591 1184 2618 cap.
1198 2591 1236 2616 35.
1272 2583 1361 2611 Vestes
1375 2583 1520 2611 castorinae
1537 2584 1659 2612 Ambros.
1674 2584 1706 2611 de
1718 2585 1848 2620 Dignitat.
1863 2587 1994 2616 Sacerdot.

1166 2626 1183 2647 c
1191 2626 1214 2646 A
1223 2626 1236 2646 s
1247 2626 1268 2646 T
1279 2627 1298 2647 o
1307 2627 1326 2647 R
1337 2628 1347 2647 1
1357 2628 1379 2647 N
1387 2621 1437 2647 ᾹΤ
1446 2626 1465 2646 v
1478 2628 1491 2647 s
1500 2640 1509 2653 ,
1530 2629 1553 2652 a,
1573 2630 1627 2647 um.
1650 2621 1754 2648 Fibrina
1769 2620 1832 2654 veste
1844 2622 1960 2651 amicius.
1996 2624 2087 2654 Sidon.
2102 2627 2183 2664 Epist.

1715 2656 1773 2685 Vid.
1788 2658 1825 2684 ibi
1838 2659 2004 2688 sirmondum.

1365 2693 1429 2719 oris.
1650 2694 1719 2719 Iouis
1737 2703 1765 2720 ex
1784 2693 1851 2720 Leda
1871 2696 1990 2729 Tyndari
2007 2707 2085 2725 vxore
2095 2699 2182 2736 filius,

1164 2698 1336 2725 CASTOR,
1465 2691 1603 2728 [Kaeeof]

555 2725 611 2752 Cic.
624 2726 707 2752 Tusc.
721 2733 744 2757 3,
753 2728 789 2760 64
803 2735 824 2752 c.
834 2733 866 2760 27
886 2726 982 2752 Pueros
995 2735 1062 2753 vero
1076 2735 1112 2764 70
1127 2734 1192 2754 certe
1201 2730 1356 2764 priuignus,
1367 2728 1458 2764 frater
1473 2727 1593 2754 Pollucis:
1614 2731 1658 2764 qui
1671 2729 1739 2756 ambo
1747 2727 1805 2765 pist
1818 2737 1920 2757 mortem
1932 2735 2000 2759 inter
2005 2732 2093 2767 fider-a
2105 2738 2183 2764 relati

1119 2764 1198 2800 sunt,
1219 2773 1320 2799 quorum
1327 2763 1428 2800 signum
1450 2765 1547 2790 Gemini
1560 2764 1664 2791 dicitur.

1124 2807 1184 2828 tur;
1203 2799 1251 2827 Sed
1262 2800 1372 2835 quidam
1385 2799 1453 2836 apud
1473 2799 1606 2833 QiinGnl.
1622 2808 1642 2834 1,
1657 2808 1680 2834 5,
1694 2803 1728 2827 60
1749 2798 1885 2829 Castorem
1899 2803 1988 2831 media
2003 2805 2105 2838 Syllaba
2117 2817 2179 2842 pro-

1125 2835 1204 2862 duna
1219 2836 1445 2870 pronunciarunt,
1470 2836 1535 2870 quia
1549 2836 1599 2863 hoc
1611 2836 1736 2864 omnibus
1755 2837 1851 2864 nostris
1864 2839 2019 2867 nominibus
2031 2842 2179 2876 accidebat,

1125 2880 1240 2907 quorum
1254 2873 1342 2907 prima
1355 2872 1453 2907 positio
1476 2873 1505 2898 in
1518 2872 1622 2899 easdem
1637 2881 1701 2908 quas
1721 2873 1815 2900 Castor
1829 2874 1917 2901 literas
1930 2877 1993 2902 exit.

1125 2907 1241 2934 Castoris
1254 2909 1347 2935 Romae
1357 2909 1530 2941 celeberrima,
1567 2908 1620 2934 vid.
1646 2909 1701 2935 Cic.
1717 2910 1793 2936 Verr.
1813 2918 1833 2941 1,
1853 2919 1899 2943 129
1919 2920 1940 2937 c.
1955 2920 1992 2945 49
2006 2912 2044 2947 sq.

1123 2943 1200 2971 Verr.
1215 2951 1237 2977 5,
1254 2947 1299 2974 186
1318 2945 1428 2979 Vosque
1442 2944 1566 2972 omnium
1575 2953 1667 2971 rerum
1679 2945 1840 2978 forensium,
1859 2946 2030 2973 consiliorum
2044 2949 2175 2977 maximo-

1123 2989 1199 3013 rum,
1226 2980 1332 3015 legum,
1357 2980 1577 3015 iudiciorumque
1596 2980 1693 3007 arbitri
1713 2987 1740 3007 et
1757 2981 1831 3007 testes
1844 3001 1852 3013 ‚
1878 2981 2054 3010 celeberrimo
2071 2985 2100 3011 in
2113 2985 2174 3013 loco

1121 3016 1252 3043 Praetorii
1264 3016 1361 3050 locati,
1383 3016 1475 3044 Castor
1489 3023 1514 3043 et
1530 3016 1641 3050 Pollux,
1659 3023 1707 3044 etc.

1119 3053 1146 3079 P.
1169 3052 1200 3078 R.
1221 3055 1240 3079 i.
1255 3053 1350 3088 Populi
1367 3053 1437 3080 Rom.
1456 3053 1523 3080 alias
1532 3053 1703 3094 ebseruamus.

52 3083 69 3104 C
78 3083 122 3104 As
131 3084 200 3107 T1G
210 3087 231 3107 Α
240 3086 260 3106 Τ
269 3088 311 3109 vs
320 3101 328 3114 ‚
349 3091 379 3115 a,
396 3093 450 3110 um.
468 3091 514 3117 vt,
535 3084 620 3112 Dolor
633 3094 717 3111 animi
738 3084 874 3119 castigatus
900 3085 956 3113 Cic.
969 3086 1053 3114 Tusc.
1069 3092 1102 3118 80
1115 3086 1180 3115 certe
1189 3083 1295 3124 potuiſje
1308 3090 1422 3124 templum
1435 3088 1548 3120 illorum,
1567 3088 1676 3115 docetur.

1711 2766 1851 2792 Penultima
1863 2767 1937 2793 buius
1952 2771 2061 2796 nominis
2073 2775 2180 2807 corripi-

2052 2879 2091 2904 De
2104 2878 2177 2906 Aede

2099 2913 2176 2943 Idem

1761 3018 1811 3043 Pro
1831 3017 1963 3044 Praetorii
1982 3019 2108 3054 legendnm
2128 3021 2174 3055 effi

1757 3053 1812 3092 'Hic
1831 3055 1858 3079 in
1870 3052 1934 3089 foro
1947 3053 2043 3089 fuiſje,
2062 3057 2174 3093 con-[pici

1731 3087 1787 3114 C1c.
1801 3096 1851 3122 pro
1862 3088 1958 3116 Milon.
1974 3099 2005 3123 92
2032 3091 2090 3118 Nifi
2104 3102 2172 3120 vero

1118 3123 1273 3151 sustinuistis
1287 3133 1349 3158 eOS,
1368 3125 1416 3160 qui
1433 3134 1493 3152 cum
1508 3123 1610 3151 facibus
1628 3123 1660 3150 ad
1679 3123 1780 3150 curiam
1801 3131 1990 3159 cucurrerunt,
2017 3134 2078 3154 cum
2094 3125 2177 3156 falc,

1117 3160 1166 3191 bus
1179 3160 1211 3187 ad
1224 3160 1356 3194 Castoris,
1372 3170 1433 3188 cum
1444 3160 1540 3196 gladiis
1553 3165 1611 3186 toto
1623 3159 1686 3186 foro
1699 3160 1858 3186 volitarunt.
1876 3162 1895 3186 i.
1907 3161 1953 3187 Ad
1963 3161 2046 3189 aedem
2050 3163 2096 3200 jeu
2109 3171 2169 3191 tem.

1110 3198 1181 3232 plum
1194 3195 1312 3238 Castoris.
1331 3204 1333 3211 ·
1349 3197 1409 3223 Huc
1421 3196 1503 3233 refero
1517 3195 1635 3222 quenal.
1651 3203 1692 3229 14,
1705 3197 1758 3221 260
1779 3195 1896 3230 Vigilem
1908 3197 2026 3231 ponendi
2039 3199 2072 3226 ad
2079 3199 2169 3228 Casto*

245 3257 284 3284 Id·
298 3258 366 3286 ibid·
378 3269 404 3294 9,
416 3263 466 3297 687
489 3263 566 3290 Colla
582 3264 686 3296 sedent,
703 3264 781 3291 nodis
799 3271 825 3291 et
844 3265 963 3300 castigata
975 3266 1049 3294 iuba·
1068 3271 1097 3300 85
1116 3240 1297 3304 qiiirgtgnsgque
1308 3267 1412 3296 dedicat
1425 3267 1478 3295 tibi
1492 3267 1611 3294 Gemelle
1623 3267 1724 3298 Castor,
1737 3271 1764 3293 et
1777 3265 1896 3294 Gemelle
1909 3268 2035 3297 Castoris.
2073 3271 2137 3299 Nem
2154 3280 2168 3300 e

1114 3307 1288 3341 nauigantium
1301 3306 1350 3331 Dii
1369 3305 1469 3340 σωγῆρες
1481 3304 1506 3340 s.
1514 3303 1658 3340 seruatores
1664 3303 1728 3339 fiant
1740 3300 1827 3335 Castor
1839 3309 1863 3329 et
1876 3304 1974 3332 Pollux.
1994 3306 2113 3334 vid.Sen.
2158 3327 2165 3336 .

1115 3341 1235 3412 gibba,
1254 3384 1275 3410 1,
1293 3384 1308 3410 5
1339 3376 1371 3404 Et
1390 3385 1448 3403 eum
1471 3375 1579 3402 castore
1599 3374 1692 3401 Pollux
1709 3373 1769 3401 Post
1787 3374 1903 3409 ingentia
1924 3376 1994 3404 faeta
2009 3378 2119 3406 deorum
2133 3379 2162 3406 in

1114 3413 1211 3448 templa
1224 3412 1331 3448 recepti.
1365 3409 1483 3440 Martial.
1492 3417 1520 3446 7,
1528 3412 1562 3444 56
1580 3410 1688 3438 Castora
1703 3408 1736 3436 de
1749 3409 1854 3438 Polluce
1867 3410 1983 3440 Gabinia
1994 3414 2059 3441 fecit
2073 3414 2163 3441 Achil-

719 3445 760 3471 Sic
775 3440 859 3471 Burm.
872 3446 905 3472 αΙ.
919 3446 1049 3484 mamillas.
1062 3452 1099 3478 90
1113 3449 1183 3481 lam,
1198 3448 1359 3483 Pyxagathos
1371 3449 1475 3480 fuerat,
1504 3455 1573 3474 nunc
1590 3452 1646 3473 erat
1659 3445 1853 3480 Hippodamus.

1341 3231 1440 3260 Catull.
1455 3240 1483 3266 4,
1493 3238 1528 3267 27
1552 3231 1673 3258 Phaselus
1689 3231 1735 3257 ille
1771 3245 1817 3250 —
1852 3240 1922 3258 nunc
1942 3234 2078 3263 recondita
2090 3237 2169 3265 Sene}

1265 3340 1334 3368 Hor.
1351 3340 1434 3376 Epod.
1450 3346 1489 3374 17,
1498 3341 1533 3372 ’43
1554 3338 1661 3371 Castor,
1680 3339 1816 3373 fraterque
1828 3339 1918 3374 magni
1930 3339 2056 3370 Castoris.
2089 3342 2165 3371 Idem

1900 3449 1994 3485 Nempe
2011 3448 2045 3483 est
2058 3450 2162 3477 Homeri

1111 3484 1214 3521 versus,
1233 3484 1331 3520 Koe'eofoe
1348 3481 1529 3517 l’lnno‘aaffiov,
1550 3480 1594 3517 ιρι)
1607 3480 1652 3514 πῐξ
1661 3479 1758 3515 dyas&
1771 3479 1935 3510 Πολυδεύκεα.
1969 3485 2084 3512 Achillae
2104 3493 2158 3511 cen-

1106 3521 1163 3558 sum
1175 3519 1305 3556 equestrem
1318 3521 1474 3555 expleuerat,
1495 3517 1595 3554 vtfieri
1601 3515 1681 3553 pqfflt
1694 3525 1724 3544 ex
1732 3517 1834 3553 pedite,
1850 3519 1876 3556 fi
1891 3520 1943 3546 ciue
1956 3528 2004 3547 non
2018 3519 2159 3555 ampliffimi

1112 3556 1212 3592 census,
1229 3565 1309 3593 eques.
1347 3557 1431 3582 Notus
1444 3558 1519 3581 etiam
1533 3552 1668 3587 versiculus
1687 3551 1768 3581 Ouid.
1782 3554 1873 3588 Am.3,
1884 3564 1906 3589 2,
1915 3563 1948 3588 54
1965 3554 2096 3582 Pollucem
2108 3563 2158 3590 pu-

1111 3592 1176 3627 giles
1185 3612 1193 3625 ,
1214 3592 1322 3620 Castora
1335 3590 1419 3627 placet
1431 3598 1519 3626 eques.

1063 3634 1095 3661 95
1112 3636 1206 3663 eques,
1229 3628 1275 3655 ille
1294 3627 1377 3663 pugil.

1109 3664 1211 3699 Pugnis⁴
1239 3665 1307 3691 Hor.
1328 3664 1410 3690 Serm.
1425 3670 1452 3695 2,
1467 3670 1488 3694 1,
1501 3661 1537 3687 26
1569 3659 1723 3688 fabulantur
1742 3664 1824 3689 Iouem
1830 3663 1913 3699 specie
1930 3664 2002 3697 cycni
2019 3670 2071 3687 cum
2087 3663 2156 3690 Laeda

1108 3708 1152 3726 con
1169 3700 1225 3726 abui
1245 3709 1265 3726 e.

1108 3698 1290 3764 cunilumshsunc
1303 3734 1408 3762 Horatii
1420 3735 1499 3760 Iocum
1512 3741 1542 3758 ex
1558 3741 1602 3759 ouo
1615 3731 1695 3760 eodem
1712 3735 1795 3770 geniti
1801 3734 1864 3770 fiant
1876 3739 1901 3758 et
1913 3729 1997 3764 Castor
2009 3738 2034 3758 et
2047 3731 2153 3767 PoHum

1101 3771 1234 3808 secundum
1248 3773 1324 3802 alios,
1343 3778 1371 3795 ex
1384 3776 1428 3795 ouo
1441 3769 1510 3795 Iouis
1518 3768 1616 3796 Helena
1628 3775 1652 3795 et
1663 3770 1751 3796 Pollux
1763 3769 1912 3795 immortales
1919 3774 1929 3796 ‚¹
1949 3773 1973 3792 et
1985 3775 2016 3794 ex
2027 3776 2072 3795 ouo
2083 3771 2153 3804 Tyn.

1052 3809 1100 3830 100
1108 3806 1181 3841 dari,
1195 3806 1281 3841 Castor
1294 3812 1318 3833 et
1329 3801 1522 3839 Clytaemnestra
1534 3806 1660 3831 mortales.
1697 3804 1744 3832 Sed
1756 3804 1841 3831 Pollux
1859 3808 1959 3844 mortuo*
1967 3801 2066 3836 Gzstore
2077 3807 2151 3841 impe.

1105 3847 1202 3877 tranis,
1221 3849 1251 3870 vt
1265 3841 1422 3869 diuinitatem
1429 3840 1504 3876 suam
1515 3848 1569 3866 cum
1586 3840 1629 3867 illo
1643 3843 1845 3869 communicaret,
1869 3842 1894 3863 et
1905 3837 2011 3872 victffim
2029 3847 2151 3867 moreren.

1105 3884 1156 3906 tur·

1103 3913 1181 3950 Itque
1203 3914 1325 3948 reditque
1344 3912 1416 3938 viam
1433 3911 1520 3938 toties.
1881 3942 1886 3948 ι
2080 3944 2085 3951 ’

1103 3949 1226 3983 Seruius,
1253 3948 1317 3984 quia
1338 3947 1436 3974 horum
1455 3944 1543 3974 stellae
1561 3945 1598 3974 ita
1613 3945 1639 3974 se
1651 3946 1764 3976 habent,
1789 3949 1820 3970 vt
1831 3942 1967 3982 occidente
1979 3953 2030 3972 vna
2044 3951 2147 3972 oriatur

463 3977 595 4006 eolumel.
608 3984 633 4013 8,
647 3981 686 4013 16,
699 3981 716 4007 6
739 3979 798 4007 Nos
812 3988 936 4015 quoque,
950 3989 984 4009 ne
996 3982 1036 4010 vi·
1048 3989 1092 4018 ιος
1099 3986 1196 4014 altera:
1215 3984 1294 4012 intell.
1308 3983 1422 4010 heliace:
1441 3983 1486 4010 vbi
1496 3983 1563 4010 oriri
1575 3981 1609 4017 cst
1621 3990 1634 4009 ε
1640 3983 1706 4020 solit
1718 3978 1802 4009 radiis·
1812 3983 1949 4016 mergae,-
1969 3980 2090 4011 occidere,
2110 3981 2146 4005 ii:

1574 3589 1606 3615 Et
1617 3587 1683 3615 Fast.
1697 3596 1719 3623 5,
1730 3597 1785 3625 700
1801 3590 1975 3623 Tyndaridae
1987 3591 2094 3623 fratres,
2112 3590 2157 3618 hic

1428 3628 1489 3654 Item
1502 3624 1605 3651 Gaudet
1619 3624 1713 3652 Castor
1726 3626 1817 3661 equis,
1838 3635 1893 3653 ouo
1906 3631 2046 3662 prognatus
2059 3625 2156 3655 eodem

1314 3698 1383 3726 Vnde
1395 3699 1439 3724 illa
1460 3706 1530 3723 ouum
1542 3698 1668 3732 concepit,
1680 3696 1747 3732 ficut
1763 3707 1792 3724 ex
1808 3701 1864 3725 viro
1876 3699 1982 3724 alterum
1994 3704 2071 3724 ouum.
2112 3699 2154 3726 Se.

1197 3879 1268 3906 Vnde
1279 3876 1354 3911 Virg.
1362 3877 1427 3902 Aen.
1440 3876 1467 3909 6,
1481 3882 1522 3903 121
1540 3874 1568 3902 Si
1581 3875 1691 3903 fratrem
1704 3873 1799 3901 Pollux
1811 3873 1910 3913 alterna
1924 3879 2012 3901 morte
2026 3874 2150 3908 redemit,

1579 3911 1660 3945 Qod
1679 3910 1740 3937 ideo
1753 3910 1878 3943 tingitur,
1904 3910 1942 3934 ait
1955 3911 1982 3935 in
1994 3910 2060 3937 hunc
2071 3912 2148 3937 locum

1251 4026 1265 4053 ⁵
1291 4018 1316 4046 9
2067 4015 2144 4042 occul—
