2474 4182
725 134 759 172 ()
848 133 891 172 PG

231 224 358 258 quoniam
371 232 402 249 ex
423 223 531 250 diuerso
546 222 795 253 conuclumt,ziltera
810 221 917 248 alterius
934 221 1033 255 ignara.
1071 219 1228 247 conuehere
1241 228 1271 245 ex

230 260 358 293 Hispania
370 269 484 292 merces,
502 263 519 285 i.
534 267 673 294 apportare,
687 258 802 284 mim-her.-
816 258 962 290 Plin.8,14.
999 258 1029 283 Et
1045 257 1105 282 Liu.
1120 264 1143 288 3,
1157 264 1186 288 23
1205 256 1274 282 Con-

231 295 327 321 vehere
345 295 465 329 praedam
480 304 511 321 ex
524 295 619 321 castris,

267 338 310 357 co
322 338 342 356 N
353 339 371 357 v
383 338 453 357 L‘c'r
463 339 481 356 v
491 340 518 362 s,
539 339 551 355 a
561 350 568 361 ,
589 338 642 354 um.
679 329 738 355 Liu.
753 337 798 361 24,
812 330 842 360 36
862 329 1032 355 Commeatus
1049 326 1180 352 eonueffl.

267 372 284 392 C
296 373 315 392 ο
327 363 349 392 N'*
359 373 379 390 v
393 374 407 392 F
419 373 435 392 c
449 374 469 393 *s
480 375 487 391 ι
498 375 532 397 o,
561 365 627 390 anis.
663 364 683 391 f.
722 364 854 390 Ammian.
872 374 916 397 14,
936 373 964 390 10
989 365 1115 390 Annonae
1133 361 1275 388 connectio

232 401 268 428 est
280 402 416 436 impedita.
656 422 659 424 .

268 443 311 463 Co
322 445 341 464 N
352 445 395 463 vr
406 446 421 462 <:
432 444 479 463 vro
489 456 496 467 ‚
526 440 577 461 arc.
614 435 754 469 Frequent.
792 435 968 469 [συνοχέμαι]
1005 434 1103 468 Virgil.
1115 436 1179 459 Aen.
1193 441 1219 466 9,
1233 435 1276 464 613

233 473 398 499 Conuec‘tarc
415 473 486 497 iuuat
499 470 606 505 praedas
616 491 623 502 ‚
645 478 670 497 et
686 472 778 497 viuere
791 478 875 505 rapto.
911 471 980 497 Anii.
994 470 1067 496 Idem
1080 478 1107 504 7,
1121 477 1184 504 749.
1220 469 1277 494 Sca-

234 508 270 535 las
284 508 438 535 conuecIant
453 512 483 532 ex
498 507 626 541 proximis
639 508 708 541 agris
724 507 791 533 Tac.
805 507 872 532 Hist.
888 515 908 538 3,
922 514 964 540 27.

226 148 309 183 1227
603 136 636 174 (3

271 550 288 570 C
300 554 317 569 ω
330 550 349 568 N
362 550 379 567 v
390 550 404 569 ιῖ
417 549 433 569 C
442 549 463 569 's
476 549 495 568 O
506 550 523 568 R
533 563 540 574 ‚
561 543 625 568 oris.
647 552 682 568 m.
707 542 858 575 [συνοίκτης]
896 543 946 576 Qei
958 545 985 567 in
999 540 1078 567 eadem
1091 543 1194 577 nauigat
1207 541 1276 566 noui.
1295 554 1324 572 10

235 580 291 606 Cic.
306 581 357 605 Λα,
380 587 430 610 10,
452 586 480 612 ¹7
504 578 578 611 Quin
595 578 674 604 etiam
692 578 755 605 naui
775 578 831 604 eius
850 586 907 610 me,
928 582 953 603 et
971 578 1028 612 ipso
1045 576 1205 603 conueftore
1220 574 1287 601 vsu-⁴

234 624 292 641 rum
313 621 384 648 puto.

271 657 286 676 (J
296 655 492 679 ‹›NVE1.L0,
511 649 574 675 vclli
589 655 611 674 ct
624 648 706 682 vulsi,
726 650 846 680 vulsum,
865 650 918 675 ere.
957 647 1050 682 [cnoe'w‚
1063 647 1174 680 ἓκσποέω]
1204 646 1278 676 Idcm,

234 685 298 720 quod
315 686 465 710 vehenti-nter
485 685 576 711 l'cllcre
594 687 633 711 vel
644 685 763 711 Ain-Hem.
811 685 892 710 Plaut.
908 683 1002 718 Amph.
1017 693 1046 717 4,
1060 693 1073 710 2
1093 682 1193 719 Jiippos.
1208 691 1220 712 3
1235 688 1277 714 pr-

235 721 301 753 Qtis
315 727 367 746 tam
381 720 453 746 vasto
468 721 565 754 impete
584 720 630 746 has
644 721 714 747 sores
734 727 791 747 toto
810 720 939 746 conuulsit
958 720 1080 746 cardine?
1105 724 1122 744 i.
1138 717 1251 749 concirfflt
1265 718 1277 740 ,2
1297 727 1322 752 ις

234 756 409 782 Simulacrum
422 756 525 782 Cereris
540 756 742 782 conuellendum
762 756 985 790 auertendumque
1005 755 1108 781 curauit
1127 753 1183 778 Cic.
1197 752 1275 776 Vcrr.

234 800 253 824 4
274 801 294 817 C·
308 800 348 826 73.
421 792 553 818 Conuulsa
572 792 677 818 sedibus
693 792 787 818 domus
807 792 871 818 Plin.
885 791 962 826 Epist.
976 800 1001 825 7,
1016 796 1049 820 18.
1145 785 1277 813 Columel.

235 829 261 860 6,
275 830 302 853 16
323 829 372 854 Bos
387 827 483 853 obuiae
497 828 579 854 radici
593 827 742 854 obluctatus
755 827 882 854 conuellit
903 836 1005 857 armos,
1023 828 1103 851 laxat.
1159 822 1278 861 Claustra

235 870 370 897 portarum
390 863 451 890 Stat.
470 863 561 889 Theb.
576 872 615 895 ιι,
635 865 695 895 296.
767 865 866 890 Funem
887 872 901 888 a
921 870 989 888 terra
1009 859 1160 885 conuellere
1180 857 1277 891 Virgil.

235 900 331 933 Georg.
345 908 365 931 1,
378 907 437 933 437.
463 901 480 924 i.
489 899 585 934 soluere
605 902 739 935 nauigium.

234 935 368 969 Repagula
382 934 548 967 conuellere,
569 940 647 970 atque
663 934 804 968 effringere
822 933 909 959 valuas
930 932 986 957 Cic.
1001 932 1078 957 Verr.
1092 939 1120 963 4,
1134 938 1170 963 94
1198 939 1220 955 c.
1235 937 1276 968 43.

234 970 414 997 Fundamenta
433 970 564 997 Columel.
577 979 603 1003 1.‚
622 980 649 1004 4.
722 969 823 996 Gradus
844 966 994 993 conuellere
1016 976 1044 992 ac
1058 974 1198 992 remouere
1220 965 1276 990 Cic.

233 1015 281 1040 pro
297 1007 384 1032 Domo
399 1015 431 1039 54
456 1015 477 1032 c.
497 1015 534 1033 21.
606 1006 669 1032 Saxa
689 1004 839 1030 conuellere
858 1002 967 1035 infima,
988 1001 1086 1037 quibus
1107 1001 1278 1027 fundamenta

232 1042 402 1069 continentur
415 1042 488 1069 Caes.
502 1041 567 1068 Bell.
583 1042 663 1068 Ciuil.
679 1049 704 1071 2,
721 1048 753 1065 11.
849 1039 905 1065 Cic.
921 1038 952 1065 de
966 1039 1040 1065 Orat.
1054 1047 1079 1070 2,
1093 1046 1140 1070 205
1169 1037 1213 1063 Ne
1232 1042 1277 1076 aut

231 1119 277 1140 aut
292 1113 442 1140 conuellere
455 1113 607 1139 adoriamur
621 1120 665 1142 ea,
685 1119 752 1144 quae
765 1118 818 1135 non
831 1110 922 1144 possint
937 1109 1111 1136 commoneri.
1165 1106 1205 1141 Est
1218 1118 1277 1144 gra-

232 1149 317 1182 datio,
337 1156 478 1179 concutere,
498 1154 520 1172 rt
534 1154 654 1178 euertere,
674 1155 734 1182 quae
754 1154 781 1170 ne
795 1149 888 1172 moueri
900 1145 995 1182 quidem
1010 1144 1119 1181 poſjimt.
1191 1145 1276 1178 Dapes

231 1184 312 1211 auido
327 1185 403 1211 dente
417 1182 496 1209 Ouid.
511 1183 574 1208 Met.
592 1191 622 1213 11,
639 1190 686 1214 123.
759 1181 898 1208 Discordia
911 1182 1028 1216 aliquem
1042 1182 1110 1207 Tac.
1120 1180 1277 1213 Ann.4,4o.

208 1242 213 1246 .
231 1220 336 1246 Turres
357 1227 382 1245 ct
403 1218 517 1244 culmina
535 1217 676 1243 domorum
698 1217 796 1251 Virgil.
811 1218 876 1243 Aen.
892 1226 917 1250 2,
934 1219 998 1250 446.
1070 1217 1153 1243 Ferro
1173 1214 1277 1250 aliquid

232 1256 302 1281 Idem
310 1257 374 1281 Aen.
383 1257 470 1286 6‚148.

232 1300 253 1324 ε,
267 1299 328 1324 294.
400 1307 404 1310 -
425 1289 524 1315 Siluam
543 1289 658 1316 viridem
678 1288 711 1315 ab
731 1287 814 1314 humo
835 1288 907 1315 Idem
928 1290 992 1315 Aen.
1012 1298 1034 1322 3,
1054 1297 1097 1321 24.
1170 1286 1276 1313 Vexilla

231 1327 375 1352 Tac.Ann.
391 1333 411 1357 ι,
425 1334 464 1351 20.
662 1324 682 1360 “j
702 1333 718 1351 2
754 1325 1013 1360 Metaphoricafimt:
1038 1324 1095 1351 Cic.
1111 1333 1158 1358 pro
1172 1323 1277 1350 Cluent.

230 1370 248 1393 4
269 1360 369 1387 Deinde
382 1360 401 1387 fi
415 1369 493 1395 qnam
507 1360 671 1394 Opinionem
691 1360 745 1386 iam
763 1360 856 1386 vestris
876 1360 1010 1387 mentibus
1031 1359 1277 1394 comprehendistis,

231 1396 249 1423 ii
265 1406 322 1423 eam
341 1397 411 1423 ratio
430 1396 575 1429 conuellet‚
599 1396 617 1422 fi
639 1396 709 1423 ratio
731 1395 918 1429 labefactabit,
939 1403 983 1423 ctc.
1055 1395 1145 1422 Pe&us
1165 1395 1277 1422 alicuius

228 1433 319 1469 verbis
331 1432 411 1459 Ouid.
426 1432 503 1466 Epist.
517 1440 555 1469 17,
570 1441 592 1464 3.
664 1433 740 1458 Vires
755 1432 906 1459 conuellere
917 1452 924 1464 ,
944 1436 961 1458 i.
977 1441 1018 1458 eas
1030 1430 1184 1467 laliefacftare
1204 1430 1276 1466 infir-

199 1489 201 1492 .
229 1469 377 1505 massacere
396 1468 462 1494 Cels.
476 1477 504 1500 3,
522 1476 549 1501 4.
622 1467 677 1494 Cic.
693 1477 741 1502 pro
757 1467 849 1494 Rabir.
864 1469 935 1502 perd.
951 1477 1015 1499 reo,
1035 1476 1047 1499 3
1067 1477 1088 1494 c.
1104 1476 1113 1493 1
1138 1466 1276 1501 Qiamob-

231 1513 287 1531 rem
310 1504 328 1530 si
349 1503 385 1530 est
405 1503 469 1530 boni
484 1503 621 1535 Consulis,
637 1512 719 1537 quum
739 1503 831 1530 cunGta
852 1504 952 1530 auxilia
974 1502 1276 1537 Reipub1.1abet}2&ari,

230 1540 400 1574 conuellique
414 1540 519 1571 videat,
537 1539 608 1565 serre
629 1547 706 1573 opem
721 1540 829 1573 patriae,
902 1540 974 1566 Idem
997 1547 1044 1573 pro
1061 1539 1143 1565 Corn.
1158 1538 1231 1564 Balb.
1246 1541 1275 1564 61

231 1576 287 1602 Cur
300 1584 344 1606 ea,
362 1584 428 1609 quae
443 1582 544 1601 mutare
556 1583 610 1600 non
625 1575 765 1608 possumus,
780 1575 929 1601 conuellere
942 1575 1080 1605 malumus,
1093 1583 1172 1609 quam
1186 1573 1275 1600 tueri?

812 899 923 924 Glebam
942 904 1051 921 vomere
1070 894 1165 921 Cati'll.
1186 896 1235 925 62,
1249 903 1276 927 4.
1291 910 1326 929 20

525 1253 620 1279 Flabra
633 1260 658 1279 et
673 1252 771 1278 imbres
785 1253 939 1280 conuellunt
952 1254 1082 1280 aesculum
1095 1252 1275 1286 Virg.Georg.
1293 1269 1326 1293 30
1341 1254 1420 1280 fratri
1433 1262 1536 1280 mecum
1550 1263 1605 1279 non
1620 1255 1798 1286 conueniunt,
1825 1263 1911 1290 neque
1932 1256 2042 1290 placent,

1719 131 1753 170 (3
1849 131 1885 171 ζ)
1935 168 1937 171 .
1980 133 2024 173 ΙΨ

1337 224 1393 249 tur,
1415 219 1634 246 interuenientibus
1642 219 1701 256 fere
1714 219 1937 255 Pracpofitionibus
1957 221 2043 253 Inter,
2064 223 2146 258 Cum,
2167 227 2214 254 De,
2270 228 2340 255 Inter
2354 231 2378 256 se

1340 254 1423 279 saeuis
1437 255 1562 280 conuenit
1577 255 1640 280 vrsis
1660 258 1751 282 quen.
1765 257 1815 282 Sat.
1832 264 1867 287 13,
1884 259 1939 289 164.
2013 258 2070 284 Cic.
2090 259 2121 285 de
2133 262 2220 289 Finib.
2231 273 2266 296 4,
2279 272 2315 296 4³7
2336 266 2380 291 At-

1341 289 1389 323 qui
1401 289 1435 322 fi,
1454 296 1482 316 vt
1495 290 1638 316 conuenire
1652 291 1727 317 debet
1742 292 1887 323 internos,
1908 292 1943 317 est
1958 292 2084 326 quaedam
2100 298 2225 330 appetitio
2245 290 2380 332 mustelis,

1341 332 1386 351 cic.
1415 360 1421 364 ᾗ
1458 326 1518 351 Liu.
1535 335 1559 356 2,
1574 334 1602 357 23
1623 326 1686 351 Non
1700 328 1781 353 modo
1796 335 1865 354 mter
1881 329 1983 360 Patres,
2003 328 2045 354 sed
2058 338 2090 354 ne
2105 331 2173 358 inter
2185 334 2310 361 Consules
2323 335 2382 369 qui-

1342 360 1401 386 dem
1414 361 1483 394 ipsos
1496 361 1555 387 satis
1569 360 1752 388 conueniebat.
1823 365 1897 390 Inter
1911 372 1956 389 cos
1970 365 2096 391 conuenit
2109 367 2177 392 ratio
2191 370 2287 403 accepti
2300 377 2325 396 et
2340 379 2383 397 ex-

1340 396 1409 431 pcnli
1430 396 1510 422 Plaut.
1525 396 1601 422 Most.
1618 405 1638 428 ι,
1652 405 1674 428 3,
1690 398 1746 428 146.
1835 400 1890 426 Cic.
1900 399 1932 425 de
1941 399 2028 426 finib.
2041 408 2067 432 2,
2083 410 2101 433 4
2134 403 2170 427 Vt
2182 403 2251 429 inter
2264 414 2319 437 eos,
2334 405 2381 440 qui

1342 431 1497 466 ambigunt,
1517 432 1665 464 conueniat,
1675 431 1739 465 quid
1752 431 1781 458 fit
1789 432 1825 465 id,
1833 435 1864 460 de
1877 444 1931 470 quo
1945 442 2045 469 agatur.
2136 437 2195 471 le.
2211 439 2238 464 in
2252 439 2269 464 l.
2284 440 2310 465 Si
2323 449 2382 467 con-

1341 469 1444 494 venerit
1457 468 1488 494 D.
1503 477 1551 502 pro
1566 468 1643 494 Socio
1654 487 1661 499 ,
1683 467 1708 493 Si
1722 470 1876 496 conuenerit
1891 472 1961 497 inter
1975 471 2073 502 socios,
2084 480 2116 497 ne
2131 472 2199 499 intra
2213 480 2383 502 cert-‚mitem-

2302 151 2385 192 ¹228>

1342 512 1388 538 pus
1418 504 1567 530 communis
1604 512 1644 529 res
1671 502 1824 536 diuidatur,
1862 514 1919 534 ,non
1944 507 2051 533 videtur
2073 509 2238 542 conuenisse,
2259 518 2292 536 ne
2312 520 2326 537 a
2343 512 2382 538 s0'-
2408 508 2411 511 ’

1342 539 1435 566 cietate
1468 540 1586 566 abeatur.
1658 538 1740 564 Plaut.
1756 539 1830 573 Capt.
1851 548 1874 572 2,
1886 549 1909 572 3,
1923 547 1947 571 18
1988 543 2066 568 Nunc
2100 543 2137 569 ita
2156 546 2291 571 'conuenit
2316 547 2383 574 inter

1341 584 1397 606 me,
1414 583 1493 610 atque
1510 575 1595 605 hunc,
1617 574 1761 607 Tyndare,
1781 582 1809 601 vt
1823 581 1849 600 te
1863 576 2032 604 aestiunatuni
2045 579 2074 604 in
2095 579 2218 605 Aulidem
2237 581 2340 607 mittam
2353 582 2385 610 ad
2408 583 2411 587 '
2453 572 2458 585 ³

1343 618 1453 645 patrem.
1525 610 1592 636 aad.
1606 609 1644 635 Id.
1660 610 1750 649 Pseud.
1766 618 1786 643 ι,
1801 619 1829 643 5,
1844 619 1894 643 129.
2010 615 2081 640 Inter
2101 622 2244 650 vtrumque
2262 618 2385 645 conuenit

1344 648 1410 672 Hor.
1425 646 1598 685 Sei-in.17‚1o.
1689 645 1754 671 Plin.
1771 655 1807 678 23,
1822 655 1831 672 1
1846 647 1864 672 s.
1877 655 1913 679 24
1935 647 2087 676 Heluenaco
2101 651 2187 677 nimio
2202 657 2278 685 caput
2291 653 2384 681 tentari

1343 688 1485 713 conuenit,
1503 684 1522 707 l.
1537 679 1649 714 constat,
1670 685 1785 707 conuenit
1799 685 1865 708 inter
1881 691 1963 708 omncs
1970 684 2104 718 sententia.
2198 687 2254 712 Cic.
2269 688 2344 715 verr.
2356 691 2385 724 4,

1343 725 1390 757 ¹47.
1410 716 1487 742 Illum
1503 717 1614 742 noluiss'e
1627 717 1670 742 sua
1684 717 1836 744 laudatione
1850 718 1943 743 iuuare
1958 718 1987 744 L.
2001 719 2151 755 Lucullum,
2171 723 2270 749 sororis
2290 732 2402 758 Virum„
2421 716 2423 721 .

1849 755 1917 780 Cum
1932 754 2088 782 aduersariis
2099 758 2168 784 mihi
2183 759 2321 791 conuenit,
2335 768 2386 787 ma-
2416 771 2420 774 ·

1344 761 1453 786 quicum
1468 753 1570 786 optime
1584 753 1752 779 coiiiieiiiilet.

1342 794 1409 814 trem
1424 789 1472 814 effe
1486 788 1652 814 interfectam
1667 797 1681 814 a
1698 788 1756 814 filio
1777 789 1833 815 Cic.
1848 789 1879 815 de
1893 791 1996 816 Inuent.
2013 790 2034 823 i,
2070 811 2076 817 .
2115 812 2122 819 .

1343 824 1436 858 aliquo
1474 824 1558 850 Plaut.
1574 824 1657 850 Trin.
1670 833 1696 856 2,
1709 833 1737 857 4,
1754 827 1804 854 168.
1878 825 1959 851 Plaut.
1974 826 2064 853 Pseud.
2079 836 2109 860 4,
2124 836 2158 862 7,
2171 838 2187 861 9
2227 830 2255 855 de
2271 831 2388 865 improbis-

1341 859 1441 895 seruis,
1463 859 1520 886 Nec
1538 859 1603 886 boni
1618 860 1721 894 ingenii
1735 862 1880 895 quidquam
1895 861 1923 887 in
1938 861 1979 887 his
1993 862 2074 895 inest,
2095 864 2142 889 nifi
2155 871 2184 890 vt
2199 865 2331 900 improbis
2339 867 2395 894 sese*

1342 894 1443 921 artibus
1457 901 1561 922 teneant
1575 906 1581 921 2
1618 905 1676 922 cum
1690 896 1721 921 iis
1735 897 1804 922 milii
1817 905 1863 923 nec
1877 897 1949 923 locus
1963 906 2009 923 nec
2023 899 2108 925 sermo
2119 902 2258 932 conuenit,
2279 902 2312 927 iis
2324 910 2386 929 nun-

1342 940 1422 965 quam
1437 931 1537 957 nobilis
1551 931 1600 957 fui.
1672 932 1728 958 Cic.
1743 933 1796 958 Att.
1811 934 1837 964 6,
1855 941 1862 958 ι
1895 932 1967 959 M‘ihi
1979 943 2038 960 cum
2053 935 2183 962 Deiotaro
2203 937 2345 970 conuenit,
2359 942 2397 965 vt«

1342 967 1389 993 ille
1405 967 1434 992 in
1446 968 1513 993 meis
1528 967 1616 994 castris
1631 967 1689 994 esset
1705 977 1765 993 cum
1779 968 1831 994 suis
1847 969 1930 1002 copiis
1943 969 2076 996 omnibus.

1342 1003 1484 1035 conuenit,
1503 1010 1531 1029 vt
1545 1012 1604 1029 cum
1618 1003 1752 1030 Romanos
1768 1004 1859 1030 Sicilia
1871 1005 2024 1039 expuliffent
2036 1013 2081 1032 etc.

1342 1146 1470 1172 dimicent
1484 1146 1567 1172 ferro.
1604 1146 1683 1172 Nihil
1695 1147 1829 1174 recusatur
1843 1158 1848 1173 :
1874 1153 1976 1182 tempus
1991 1155 2016 1176 et
2030 1149 2103 1176 locus
2115 1158 2250 1178 conuenit.

1341 1182 1424 1208 fratre
1439 1188 1486 1208 tuo
1500 1181 1550 1207 hoc
1565 1181 1635 1208 mihi
1650 1183 1775 1209 conuenit
1791 1183 1847 1209 Cic.
1861 1183 1893 1209 de
1906 1184 1994 1211 Finib.
2009 1194 2021 1218 5
2036 1195 2056 1211 c.
2071 1194 2113 1218 29.

1342 1217 1390 1244 hac
1403 1227 1432 1244 re
1447 1218 1571 1244 conuenit
1586 1218 1655 1244 mihi
1676 1218 1757 1245 Plaut.
1772 1220 1846 1253 Capt.
1860 1227 1886 1251 2,
1899 1228 1922 1251 3,
1938 1225 1971 1249 18.

2321 1153 2389 1180 Cum.

2201 1188 2269 1214 Cum
2288 1187 2338 1214 hoe
2357 1187 2388 1216 de

1342 1290 1398 1316 Cic.
1413 1289 1444 1315 de
1459 1290 1562 1316 Inuent.
1576 1298 1597 1322 1,
1612 1299 1643 1316 ιι.
1723 1291 1761 1316 De
1776 1291 1863 1325 pretio
1884 1292 2015 1325 Qiinffil.
2029 1302 2058 1326 4,
2073 1301 2097 1319 2..
2186 1294 2212 1321 Si
2226 1294 2389 1323 conditione·

1342 1326 1516 1352 conuenirent
1529 1325 1599 1360 pacis
1618 1326 1678 1352 Liu.
1693 1334 1734 1358 3ο,
1748 1336 1793 1360 40.
1867 1327 1940 1363 Conf.
1956 1328 2025 1362 Nep.
2041 1337 2080 1361 23,
2096 1330 2121 1356 6.
2191 1330 2253 1357 lust.
2266 1339 2308 1364 30,
2321 1340 2342 1364 3,
2356 1340 2389 1365 ¹3⁵

1341 1361 1402 1388 Liu.
1415 1370 1435 1394 1,
1448 1370 1461 1394 3
1481 1362 1532 1387 Pax
1547 1362 1584 1387 ita
1599 1368 1775 1395 conuenerat,
1796 1367 1825 1388 vt
1837 1362 1907 1389 Adtl.
1921 1363 1982 1389 Liu.
1997 1372 2041 1398 29,
2055 1372 2091 1390 12.
2121 1373 2169 1398 -30,
2184 1374 2225 1400 43.
2279 1368 2317 1393 Id.
2325 1375 2351 1400 9,
2358 1375 2386 1400 23

1340 1397 1371 1424 Id
1386 1403 1545 1424 conuenerat
1559 1397 1677 1431 Signum.
2233 1399 2235 1401 “

1342 1475 1504 1496 conuenerat
1520 1469 1589 1496 Suet.
1602 1469 1665 1496 Oth.
1678 1478 1700 1495 c.
1715 1471 1741 1495 6.

1340 1505 1385 1532 hoc
1398 1505 1496 1531 uerbum
1505 1525 1513 1537 ‚
1534 1511 1563 1531 vt
1578 1508 1707 1537 conuenire
1719 1504 1856 1538 dicantur,
1882 1515 2036 1543 quaecunque
2048 1507 2097 1534 ullo
2109 1508 2178 1535 modo
2196 1517 2351 1545 congruunt,
2360 1510 2394 1546 se

1340 1548 1422 1567 mutuo
1435 1543 1541 1572 iuuant,
1561 1546 1619 1575 apta
1626 1540 1706 1575 sunt,
1726 1547 1769 1566 out
1781 1543 1873 1574 milia,
1893 1549 1922 1567 ut
1936 1543 2022 1569 decora
2034 1550 2079 1570 etc.
2151 1546 2220 1580 ‚Qum
2235 1553 2282 1580 per
2300 1547 2389 1572 lancem

1334 1576 1450 1612 flaturam
1463 1577 1625 1611 exemplorum
1638 1575 1836 1603 declarabuntur.
1879 1578 2010 1605 Posterius
2024 1579 2111 1613 priori
2126 1589 2181 1607 non
2196 1582 2321 1608 conuenit
2332 1581 2386 1609 Cic.

2195 795 2233 820 De
2254 795 2315 820 dote
2327 804 2386 823 cum
2402 800 2405 803 ’

2147 972 2208 998 Liu.
2222 981 2265 1005 24,
2278 975 2295 999 6
2312 972 2392 1001 raam
2412 985 2426 993 ›‘

1705 1040 1709 1044 .
1781 1039 1785 1043 ⁵
1819 1040 1824 1044 1
2155 1009 2186 1033 Et
2195 1007 2300 1044 absolute
2307 1008 2391 1036 Plaut..
2406 1011 2415 1018 ”
2452 1008 2453 1014 ’

1342 1038 1436 1073 Amph.
1455 1047 1474 1070 1,
1489 1047 1509 1071 1,
1522 1047 1558 1073 70
1588 1040 1739 1072 Conuenit,
1759 1039 1826 1073 νιδῐι
1849 1041 1903 1067 vtri
1916 1040 1965 1067 sint
1977 1050 2009 1067 eo
2023 1041 2140 1076 praelio,
2157 1043 2269 1077 vrbem,
2287 1053 2386 1079 agrum,
2410 1063 2413 1067 ι

232 1077 372 1111 irrisione,
389 1084 434 1104 aut
453 1077 518 1104 odio
532 1077 604 1110 digni
618 1082 758 1110 putemur,
775 1073 792 1099 fi
807 1080 852 1100 aut
865 1074 1011 1109 tragoedias
1029 1082 1134 1108 agamus
1148 1073 1177 1099 in
1191 1081 1278 1106 nugis,
1294 1087 1326 1114 25
1341 1083 1413 1106 aras,
1433 1074 1525 1107 focos,
1545 1075 1624 1109 seque
1657 1075 1697 1101 vti
1729 1075 1863 1102 dederent.
1934 1077 1966 1103 Et
1979 1078 2068 1104 Pseud.
2081 1088 2110 1111 4,
2124 1086 2146 1111 5,
2159 1087 2176 1112 9
2206 1081 2241 1106 Vt
2254 1081 2386 1108 conuenit.
2404 1079 2407 1083 '

1341 1111 1383 1138 Sic
1398 1110 1457 1136 Liu.
1473 1119 1493 1143 ι,
1507 1119 1543 1144 24
1561 1111 1630 1136 Cum
1643 1111 1792 1145 trigeminis
1805 1117 1885 1145 agunt
1899 1120 1989 1146 reges,
2012 1120 2040 1140 vt
2055 1123 2104 1148 pro
2118 1115 2162 1140 sua
2177 1115 2292 1151 quisque
2306 1116 2388 1151 patria
2402 1112 2412 1121 “

1766 1399 1842 1431 Quae
1860 1398 2016 1432 significatio
2036 1402 2193 1428 cocuntium
2206 1404 2259 1428 iam
2273 1402 2388 1430 militum
2404 1407 2423 1431 ³.

1294 1445 1322 1471 33
1342 1441 1503 1460 conuenerat
1516 1433 1585 1459 Tac.
1605 1434 1640 1459 H.
1657 1442 1678 1466 1,
1691 1441 1736 1466 27,
1750 1442 1775 1460 2.
1795 1437 1812 1460 i.
1828 1433 1857 1460 de
1870 1444 1918 1470 qua
1935 1442 2108 1463 conuenerant.
2198 1438 2278 1472 Qiod
2291 1438 2399 1473 signnmx
2429 1448 2434 1450 “

1940 1468 1961 1509 Ἴ
1982 1480 1994 1504 3
2032 1472 2080 1499 Sed
2099 1479 2123 1499 et
2141 1474 2217 1500 multo
2234 1475 2390 1510 latiuspatet
2411 1476 2418 1480 '

2042 1221 2111 1248 Ter.
2125 1221 2199 1248 Adel.
2214 1231 2234 1255 1,
2244 1231 2264 1256 ι,
2272 1231 2304 1256 34
2319 1224 2388 1251 Haec
2452 1235 2453 1240 ¹

2122 1258 2162 1285 De
2179 1258 2252 1285 fano
2264 1260 2388 1287 conuenit
2402 1287 2405 1289 ,
2417 1294 2420 1297 ἱ

231 1611 287 1638 Cic.
303 1611 414 1644 Philipp.
431 1620 456 1643 2,
471 1617 498 1641 83
523 1610 596 1636 Nolo
610 1610 703 1643 plura,
723 1620 755 1636 ne
768 1610 831 1636 A&a
844 1610 997 1637 Dolabellae
1012 1611 1104 1637 videar
1117 1610 1275 1636 conuellere.
1289 1628 1326 1653 40
1342 1604 1374 1638 dt'·
1388 1611 1474 1638 Finib.
1490 1621 1514 1643 3,
1528 1619 1555 1643 35
1570 1621 1590 1637 c.
1605 1620 1647 1638 22.
1719 1611 1757 1637 Id.
1771 1612 1837 1638 ibid.
1847 1621 1873 1645 2,
1910 1633 1916 1640 .
1998 1614 2053 1649 Qii
2068 1615 2117 1642 fibi
2132 1616 2154 1642 is
2168 1616 2389 1651 conueniet,(fib1'

231 1647 303 1673 Idem
318 1647 349 1673 de
365 1647 426 1672 Diu.
442 1655 466 1679 1,
480 1653 526 1680 ¹³7
547 1655 567 1671 c.
584 1654 608 1677 5ι
637 1646 708 1671 Haec
727 1646 743 1671 li
763 1652 898 1678 tenemuS,
919 1656 987 1681 quae
1005 1646 1074 1672 mihi
1095 1646 1201 1681 quidem
1222 1654 1275 1671 non
1342 1657 1389 1674 non
1402 1648 1578 1682 contradicet)
1599 1648 1617 1674 fi
1631 1646 1737 1681 negabit
1752 1648 1916 1682 voluptatem
1929 1650 2042 1677 crescere
2057 1651 2273 1687 longinquitate?
2333 1653 2388 1682 Cic-⁸
2422 1646 2428 1655 l

232 1682 355 1708 videntur
375 1682 443 1716 poss'e
461 1681 593 1713 conuelli,
614 1680 735 1714 proseflo
751 1680 908 1707 hominibus
925 1691 940 1708 a
955 1682 1004 1708 diis
1026 1682 1116 1708 sutura
1136 1681 1277 1716 significari
1340 1685 1411 1710 Fam.
1427 1692 1453 1716 9,
1470 1692 1494 1709 12
1521 1683 1603 1716 Qtod
1625 1683 1745 1718 quidem,
1759 1683 1777 1710 fi
1790 1684 1827 1710 ita
1840 1684 1892 1716 est,
1913 1685 2026 1712 minime
2047 1688 2143 1720 mil-013
2157 1689 2258 1715 caelum
2272 1689 2348 1716 etiam
2360 1693 2386 1716 eg

232 1719 328 1744 ucccsse
347 1718 390 1744 cst.
499 1716 659 1743 Conuellere
674 1723 753 1751 atque
771 1717 878 1743 auferre
893 1726 923 1743 ex
938 1718 989 1743 suis
1005 1717 1110 1743 sedibus
1123 1717 1276 1749 Herculem,
1341 1726 1423 1745 terras
1436 1720 1493 1745 vim
1509 1719 1598 1750 suain,
1619 1718 1637 1744 fi
1657 1719 1709 1745 tibi
1731 1720 1767 1745 ita
1787 1721 1944 1754 conueniat,
1968 1721 2113 1750 dimittere.
2138 1727 2156 1750 i.
2169 1724 2196 1758 Ji
2207 1725 2256 1751 tibi
2269 1718 2388 1761 expkds'at,

229 1753 351 1789 i.fig›11.¹i.·1
368 1753 483 1779 Herculis
497 1758 603 1779 conatus
618 1752 653 1778 est
671 1753 760 1778 Verres
781 1752 838 1778 Cic.
855 1754 932 1779 Verr.
947 1761 974 1786 5,
989 1755 1041 1782 186.
1114 1754 1197 1779 Paene
1216 1761 1277 1779 con·
1341 1762 1365 1781 ct
1378 1762 1435 1780 voto
1449 1761 1490 1780 tuo
1503 1753 1657 1789 respondeat.

229 1789 304 1816 vellit
317 1798 359 1815 me
372 1798 402 1815 cx
417 1788 530 1815 hortulis
544 1789 608 1814 meis
623 1788 696 1814 Idem
710 1788 741 1814 de
755 1788 846 1822 Legib.
860 1797 869 1814 1
879 1808 887 1820 ‚
909 1796 950 1822 54.
1021 1789 1053 1814 Et
1067 1788 1120 1814 Att.
1137 1793 1163 1819 8,
1178 1797 1206 1820 23
1234 1788 1276 1814 Se·
1291 1805 1324 1830 43
1341 1790 1416 1817 venit
1429 1796 1457 1816 vt
1474 1791 1559 1824 vespis
1576 1801 1580 1815 :

231 1832 305 1851 cutae
318 1826 377 1851 sunt
389 1825 455 1851 duae
469 1824 556 1859 pridie
570 1823 713 1856 Calendas,
730 1823 823 1850 ambae
837 1823 911 1850 datae
923 1835 928 1850 :
956 1832 1023 1858 quae
1038 1832 1080 1849 me
1094 1823 1277 1850 conuellerunt

230 1861 262 1887 de
278 1861 389 1896 pristino
403 1860 481 1891 statu,
501 1863 518 1886 ι’.
533 1860 756 1890 σοηιιινὸαιιῐνηηῐ,
770 1866 793 1885 et
806 1866 994 1886 commonemur.
1066 1860 1122 1886 Cic.
1137 1859 1168 1885 de
1182 1859 1276 1893 Legib.

1730 1755 1841 1782 Pulchre
1853 1758 1982 1784 conuenit
1994 1758 2048 1784 illis
2067 1759 2154 1787 catul.
2167 1769 2205 1793 55,
2219 1769 2238 1787 ι.
2321 1761 2390 1787 Con·

1594 1827 1597 1831 .
1617 1789 1776 1817 Prouerbiale
1789 1789 1834 1823 est,
1855 1791 1883 1817 de
1895 1793 1981 1828 hisque
1994 1794 2046 1820 dici
2056 1794 2145 1830 potest,
2154 1800 2196 1831 qui
2208 1795 2306 1829 studiis
2317 1797 2391 1823 omni*-
2402 1820 2405 1823 .

1340 1826 1384 1852 bus
1397 1824 1525 1851 coniuncti
1536 1825 1685 1851 adnituntur
1697 1825 1731 1851 ad
1743 1835 1793 1853 rem
1808 1831 1948 1862 quampiam
1963 1832 2082 1856 acerrime
2093 1831 2279 1866 deffendendum.
2303 1832 2393 1868 Verae

749 1895 754 1899 .
824 1895 828 1899 .
1341 1864 1405 1887 enim
1416 1867 1463 1896 pro
1473 1861 1531 1897 suis
1544 1861 1655 1887 latibulis
1667 1862 1736 1887 velut
1752 1865 1894 1889 com'uratac
1909 1873 1997 1900 magno
2016 1866 2130 1902 confinfiae
2151 1860 2290 1900 dimicant,
2301 1873 2393 1903 petunt

231 1906 250 1929 1,
266 1905 301 1930 42
326 1898 364 1923 Ita
378 1896 424 1930 fit,
442 1902 471 1923 vt
486 1896 559 1922 nulla
573 1895 603 1922 fit
622 1896 733 1922 omnino
747 1895 861 1928 iustitia,
880 1895 897 1921 fi
918 1904 1004 1930 neque
1020 1901 1114 1921 natura
1127 1895 1177 1929 est,
1197 1901 1223 1921 et
1237 1904 1276 1927 ea,
1336 1903 1415 1933 prope
1429 1896 1584 1927 accedentes,
1604 1903 1628 1922 et
1641 1898 1731 1923 aculeis
1744 1897 1861 1932 fodiunt.
1919 1901 1997 1926 Extat
2017 1901 2119 1928 Probae
2132 1900 2231 1929 cae-mevi
2242 1903 2393 1936 huiusmodi,

229 1942 296 1966 quae
311 1939 417 1967 propter
431 1932 573 1959 vtilitatem
585 1931 770 1963 constituitur,
791 1931 907 1957 vtilitate
918 1931 970 1958 alia
984 1931 1153 1958 conuellitur.
1203 1931 1276 1956 Caes.
1342 1932 1477 1959 Conuenit
1491 1938 1520 1959 vt
1534 1932 1635 1966 vespis,
1654 1941 1766 1966 quarum
1780 1932 1875 1959 domus
1889 1931 1948 1961 arce
1963 1941 2085 1963 monetae
2122 1937 2231 1965 Turbat
2243 1947 2321 1973 agens
2333 1939 2392 1966 stri-

230 1969 371 1995 Bell.Gall.
387 1974 409 1999 8,
424 1976 454 2000 50
475 1969 530 2001 Qii
545 1968 702 1994 M.Antonii
716 1966 819 2002 repulsa
834 1967 951 1994 Caesaris
965 1967 1111 1994 recedentis
1125 1965 1278 1993 conuellere
1293 1981 1325 2007 30
1342 1968 1392 1995 Etis
1409 1977 1456 2003 per
1469 1968 1540 1995 lutea
1553 1976 1665 2002 corpora
1679 1968 1749 1994 telis.
1822 1968 1937 2005 Suspicor
1951 1977 2046 2005 atatem,
2063 1980 2092 1998 υι
2105 1976 2133 1999 in
2145 1975 2233 2009 templo
2240 1974 2390 2001 Concordiae

230 2005 341 2038 gratiam
355 2003 502 2038 cupiebant.
550 2004 710 2030 Conuellere
724 2009 748 2029 et
761 2009 924 2030 commutare
938 2003 1121 2030 conditionem
1135 2003 1276 2035 amicitiae,
1335 2004 1395 2041 suit
1408 2004 1482 2030 nidus
1495 2007 1657 2036 ciconiarum,
1670 2002 1710 2038 stc
1722 2003 1826 2039 insano
1840 2006 1955 2032 Monetae
1962 2005 2041 2041 fuist&
2053 2017 2151 2034 examen
2164 2010 2300 2045 vesparum.
2324 2011 2392 2036 Tur-

230 2045 256 2064 et
271 2039 311 2064 ius
325 2039 456 2065 societatis
469 2040 524 2066 Cic.
537 2041 614 2066 Verr.
627 2048 640 2072 3
659 2049 681 2066 c.
696 2042 713 2066 6
729 2045 793 2066 extr.
865 2039 1026 2066 Conuellere
1042 2039 1137 2065 statum
1151 2038 1276 2073 Reipubl.
1341 2040 1417 2066 nebus
1428 2040 1495 2066 Adii.
1508 2051 1534 2075 4,
1547 2050 1569 2067 2.
1642 2040 1791 2074 Qiomodo
1806 2040 1915 2067 morbos
1927 2050 2020 2068 curare
2032 2045 2174 2070 conueniat
2192 2045 2260 2071 Cels.
2277 2053 2286 2071 ι
2307 2045 2392 2072 Praef-

231 2074 288 2100 Cic.
304 2074 331 2099 in
343 2073 428 2100 Pison.
443 2083 469 2106 4.
574 2074 648 2100 Idem
661 2076 714 2101 Att.
730 2082 752 2107 3,
767 2083 802 2100 20
823 2075 922 2110 infine,
948 2076 999 2102 Des
1014 2084 1122 2109 operam
1132 2095 1140 2107 ,
1160 2081 1189 2101 vt
1202 2074 1275 2109 quod
1342 2079 1361 2102 i.
1380 2082 1501 2111 oporteat.
1574 2075 1760 2102 conueniebat
1792 2075 1890 2103 mulier
1917 2077 1979 2104 viro
1999 2078 2028 2104 in
2047 2087 2172 2112 manum,
2191 2089 2251 2116 quae
2265 2082 2292 2105 in
2305 2082 2395 2107 mariti

231 2115 279 2136 tuo
294 2117 406 2143 meoque
425 2107 556 2134 beneficio
577 2112 641 2141 puer
658 2108 752 2139 habet,
771 2118 845 2134 cures
858 2119 890 2135 ne
906 2119 959 2143 qua
970 2111 1075 2136 ratione
1095 2111 1277 2141 conuellatur,
1337 2110 1500 2147 potestatem,
1519 2118 1550 2138 vt
1555 2111 1616 2148 filia
1629 2114 1656 2138 in
1666 2114 1768 2147 patris,
1787 2111 1921 2144 tranfiret,
1940 2123 1970 2139 ac
1980 2114 2087 2149 proinde
2099 2117 2189 2148 etiam,
2206 2121 2236 2142 vt
2248 2114 2312 2149 filla,
2325 2116 2393 2143 here‘s

229 2148 247 2171 τ’.
263 2147 396 2179 eripiatur,
416 2146 518 2170 irritum
534 2143 663 2169 reddatur.
717 2143 772 2169 Cic.
788 2143 858 2168 Fam.
872 2152 901 2182 5,
913 2152 936 2175 13
958 2146 1034 2176 Qae
1049 2145 1178 2178 cogitatio
1193 2153 1277 2178 quum
1296 2159 1324 2184 55
1342 2149 1431 2172 mariti
1437 2148 1481 2181 sui
1494 2147 1550 2179 effi:
1562 2157 1569 2171 :
1607 2148 1671 2182 quod
1708 2147 1948 2182 Confarreafione,
1969 2150 2138 2183 coemtione,
2158 2157 2184 2177 et
2216 2152 2264 2178 vsu
2280 2149 2395 2186 satim.

230 2179 299 2206 mihi
319 2188 373 2205 non
396 2178 507 2205 omnino
527 2178 678 2210 excidiss'et,
704 2178 822 2209 (etenim
842 2184 947 2212 penitus
967 2178 1116 2209 insederat)
1141 2179 1171 2204 vi
1188 2185 1278 2204 tamen
1343 2179 1448 2213 leian.
1481 2182 1586 2214 Fragm.
1617 2189 1634 2213 9
1663 2183 1743 2208 Farre
1757 2184 1917 2211 conuenitur
1929 2185 1959 2211 in
1971 2194 2089 2213 manum.
2162 2187 2231 2213 Tac.
2244 2188 2312 2214 Ann.
2325 2196 2343 2221 4
2362 2172 2406 2219 163
2446 2192 2448 2204 >

231 2215 427 2250 tempestatum,
455 2220 480 2240 et
501 2214 628 2240 concursu
654 2213 833 2240 calamitatum
855 2218 911 2239 erat
932 2213 1099 2248 aliquantum
1121 2213 1278 2240 labefactata
1344 2216 1474 2250 Qiaeque
1486 2216 1515 2241 in
1527 2224 1636 2242 manum
1649 2216 1777 2243 Flaminis
1789 2220 1946 2247 conueniret
1959 2229 1965 2245 ε
2003 2223 2140 2249 Flaminiam
2153 2225 2217 2249 enim
2231 2207 2365 2258 maeptiasdo
2438 2217 2448 2317 1
2468 2229 2474 2251 l

230 2258 309 2286 atque
326 2250 460 2277 conuulsa.
597 2284 603 2289 ι
948 2283 954 2288 ι
1056 2283 1061 2288 .
1145 2268 1158 2276 ‚
1335 2249 1572 2287 farrcatasfmſjb,
1592 2252 1692 2278 aliunde
1706 2251 1811 2286 constat.
1847 2254 1903 2281 Cic.
1917 2264 1967 2290 pro
1981 2257 2074 2283 Flacco
2090 2266 2152 2292 034
2172 2259 2204 2285 In
2218 2267 2346 2285 manumc

267 2294 284 2314 C
293 2294 311 2313 o
321 2294 342 2313 Ν
353 2293 373 2312 V
383 2294 399 2313 E
410 2293 424 2312 L
435 2293 451 2313 L
460 2292 476 2312 E
485 2291 507 2311 N
518 2291 542 2317 s,
550 2289 625 2310 entis.
634 2284 702 2311 Part.
710 2284 820 2318 Iamque
832 2284 921 2318 aspera
928 2283 1116 2318 nisandique
1125 2283 1277 2310 conuellens
1342 2294 1451 2313 venerat
1465 2288 1473 2313 ἓ
1510 2296 1579 2313 nunc
1593 2286 1682 2314 audio.
1731 2288 1780 2315 Sed
1794 2298 1908 2324 quaero,
1927 2292 1973 2318 vsu
1986 2301 2019 2318 an
2033 2294 2203 2321 co'eintione?
2291 2294 2324 2321 Ci
2417 2314 2420 2321 .

231 2323 289 2350 Val.
305 2323 385 2349 Flacc.
401 2330 429 2355 5,,
443 2329 493 2355 139-
1292 2330 1327 2354 60
1343 2321 1444 2356 Topic.
1459 2330 1487 2354 23
1508 2323 1601 2355 Qnim
1613 2323 1711 2350 mulier
1723 2324 1787 2351 viro
1800 2326 1828 2351 in
1842 2334 1950 2352 manum
1971 2329 2113 2362 conuenit,
2136 2329 2243 2363 bmnia,
2257 2339 2326 2365 quae
2387 2339 2390 2358 2
2410 2340 2415 2343 ·
2444 2324 2474 2469 'j

268 2367 284 2386 C
295 2365 314 2384 O
325 2366 346 2385 N
357 2367 376 2384 V
386 2366 406 2384 V
416 2366 431 2384 1.
441 2364 453 2384 3
464 2364 485 2384 v
496 2364 525 2389 S,
545 2365 570 2389 a,
589 2365 644 2383 um·
681 2355 773 2382 partic,
809 2353 937 2387 [ὑψωθεὶς
952 2353 1101 2388 ἑκά-καθεὶς]
1143 2354 1192 2385 Vt,
1210 2352 1276 2379 Plin.
1343 2356 1416 2382 lieris
1429 2358 1552 2389 fuerunt,
1571 2359 1626 2384 viri
1642 2359 1724 2391 fiunt,
1748 2360 1818 2387 dotis
1832 2362 1951 2389 nomine.
2022 2364 2093 2392 Ibid.
2109 2374 2139 2399 ¹4
2156 2366 2183 2392 Si
2196 2367 2233 2393 ita
2246 2365 2390 2402 Fabiaep'ffi
2421 2392 2426 2397 .

233 2403 275 2427 ἑο,
290 2402 306 2429 7
327 2394 460 2421 Conuulsa
474 2399 499 2419 et
512 2393 598 2419 luxata
614 2391 733 2418 caulibus
753 2391 822 2418 tritis
843 2400 903 2416 cum
922 2390 1026 2424 polenta
1047 2398 1078 2416 ex
1092 2397 1160 2425 aqua
1179 2389 1278 2423 frigida
1341 2391 1419 2417 cunia
1431 2391 1514 2425 legata
1526 2393 1562 2419 est
1575 2402 1589 2419 a
1601 2394 1680 2426 viro,
1700 2394 1718 2420 fi
1732 2403 1763 2421 ea
1775 2405 1844 2422 vxor
1856 2399 2058 2426 materfamilias
2072 2402 2149 2434 esset,
2169 2401 2233 2428 flea
2244 2403 2273 2428 in
2284 2397 2386 2430 manuni

232 2431 343 2457 leniunt.
438 2430 547 2463 Aequor
561 2428 716 2454 conuulsum
730 2427 809 2453 remis
824 2426 920 2461 Virgil.
935 2427 998 2452 Aen.
1014 2426 1104 2459 3‚'143.
1176 2426 1278 2451 Domus
1341 2424 1398 2452 viri
1412 2435 1466 2452 non
1479 2434 1653 2461 conuenerat,
1673 2428 1742 2455 nihil
1754 2430 1875 2457 debetur.
1948 2435 2082 2470 Gell.18,7
2098 2438 2249 2465 Matronam
2263 2439 2311 2465 effe
2324 2434 2387 2473 ᾃύιέ

232 2466 300 2493 Tac.
315 2467 382 2492 Ann.
400 2474 435 2496 12,
448 2474 467 2491 1.
505 2465 575 2490 Loca
588 2463 712 2490 conuulsa
727 2463 797 2490 vasta
811 2463 888 2489 ruina
902 2463 974 2496 Vir-g.
984 2463 1148 2494 Aen.3,414.
1186 2461 1277 2487 Naues
1343 2462 1373 2488 in
1395 2462 1601 2488 matrimonium
1624 2471 1684 2490 cum
1705 2466 1767 2491 viro
1782 2467 1942 2493 conuenisset
1955 2478 1960 2493 :
1996 2471 2197 2499 Matremfamil.
2213 2482 2280 2508 quae
2292 2457 2346 2500 ni'm
2360 2466 2391 2499 in

233 2502 308 2528 vndis
317 2510 435 2537 curoque
444 2500 481 2527 Id.
492 2503 555 2526 Aen.
564 2505 647 2535 x,387.
685 2499 818 2526 Conuulsa
826 2498 929 2532 penitus
939 2499 1012 2532 Resp.
1021 2498 1077 2524 Cic.
1086 2497 1117 2523 dc
1125 2496 1278 2523 Clar.Orat.
1293 2505 1325 2537 63
1344 2498 1547 2524 matrimonium
1561 2503 1681 2530 tantum,
1699 2499 1742 2525 sed
1757 2501 1838 2527 etiam
1851 2502 1879 2528 in
1892 2501 2000 2530 inanum
2013 2506 2231 2541 mancipiumque
2243 2510 2335 2535 mariti
2346 2516 2392 2536 ve.

234 2545 270 2570 ιι5
296 2547 316 2563 c.
332 2546 371 2569 30.
443 2537 498 2564 Cic.
517 2536 545 2562 in
559 2536 643 2562 Pison.
660 2543 690 2568 52
709 2537 779 2561 c.‘22
806 2536 904 2568 Qlum‘
916 2533 984 2560 mihi
1014 2533 1068 2567 ipsa
1091 2533 1176 2559 Roma
1194 2541 1277 2567 prope
1343 2534 1427 2560 nisset.
1502 2535 1594 2569 Nempe
1605 2537 1742 2569 generatim
1756 2535 1909 2563 Conuenite
1923 2538 1951 2563 in
1965 2540 2166 2567 matrimonium
2187 2541 2283 2568 dicitur
2295 2546 2394 2576 mulier,

234 2573 358 2599 conuulsa
374 2572 478 2599 sedibus
492 2572 559 2604 suis,
574 2571 607 2598 ad
621 2570 848 2605 coniplcc'tendum
861 2571 1074 2596 conseruatorem
1095 2569 1170 2595 suum
1191 2577 1281 2603 proce·
1344 2579 1405 2606 quae
1418 2569 1489 2596 nubit
1502 2570 1591 2604 Papin.
1605 2570 1621 2596 l.
1637 2578 1675 2596 121
1691 2567 1713 2606 §.
1728 2579 1737 2596 ι
1752 2571 1783 2597 D.
1796 2571 1828 2602 de
1839 2571 2011 2608 veeroblig.
2033 2575 2132 2602 Mulier
2154 2576 2187 2603 ab
2211 2586 2257 2610 eo,
2275 2577 2304 2603 in
2315 2579 2393 2604 cuius

233 2609 296 2635 dere
309 2609 363 2635 visa
376 2608 420 2634 cst.
448 2611 466 2633 i.
481 2614 567 2634 emota.
687 2607 721 2633 Vi
743 2606 935 2633 dominationis
956 2605 1096 2632 conuulfus
1117 2611 1142 2631 et
1163 2610 1280 2631 mutatus
1344 2605 1548 2632 matrimonium
1569 2605 1761 2639 conueniebat,
1782 2606 1903 2642 stipulata
1925 2605 2012 2636 fuerat
2034 2609 2160 2644 ducenta,
2178 2612 2197 2638 fi
2220 2612 2394 2645 concubinae,

233 2645 367 2671 Tiberius
384 2643 475 2669 Tacit.
491 2643 557 2668 Anu.
572 2644 598 2674 6,
607 2647 648 2676 48.
887 2651 899 2668 2
937 2640 1099 2668 Conuolsum
1112 2641 1229 2667 dixerunt
1242 2649 1282 2667 vc-
1344 2648 1464 2676 tempore
1496 2641 1682 2674 matrimonii,
1699 2642 1919 2670 consuetudinem
1950 2645 2101 2679 repetiisset.
2177 2648 2235 2674 Vid.
2255 2649 2313 2674 Chr.
2338 2649 2402 2677 Vlr.v

233 2687 297 2707 ww
304 2686 353 2715 Ρη,
369 2678 533 2705 conuulsum
549 2686 554 2701 :
590 2685 636 2709 vt,
656 2678 734 2704 Artus
749 2678 865 2705 conuolh
881 2683 991 2712 pereunt
1011 2678 1088 2703 Lucr.
1103 2685 1125 2709 3,
1140 2685 1201 2710 344.
1310 2694 1326 2712 0
1345 2679 1446 2713 Grupen
1464 2678 1511 2705 Tr.
1527 2677 1555 2703 de
1575 2679 1656 2704 onre
1668 2678 1780 2704 Romana
1794 2685 1845 2705 toto
1853 2686 1932 2715 paene
1944 2681 2024 2714 libro,
2044 2691 2090 2717 quo
2101 2688 2154 2709 tres
2165 2682 2235 2714 illos,
2255 2692 2315 2719 quos
2328 2684 2399 2713 dixi-,-

269 2723 285 2742 C
295 2722 313 2742 O
323 2723 344 2741 N*
353 2722 373 2741 v
384 2722 402 2741 v
413 2722 429 2741 L
440 2722 452 2741 S
462 2722 471 2740 1
481 2721 500 2741 0
509 2733 516 2745 ,
533 2713 600 2739 anis.
621 2713 640 2738 f.
678 2714 829 2749 [σπασμὸς]
866 2715 952 2743 Motus
966 2714 1126 2748 musculorum
1138 2713 1280 2738 inuolwita-
1347 2723 1408 2744 mus,
1423 2713 1506 2740 niodos
1517 2712 1677 2740 conuenien'di
1684 2716 1710 2739 in
1724 2714 1960 2749 mmmm,1'llustrat.
2033 2718 2100 2745 Ter.
2109 2717 2191 2746 Andr.
2199 2729 2228 2753 4,
2241 2727 2266 2751 2,
2282 2727 2306 2752 ¹3
2316 2713 2397 2747 .Ηὸπὲ
2417 2733 2420 2739 ¹
2444 2731 2459 2749 .¹

233 2754 303 2784 rius,
324 2757 354 2777 vt
367 2753 393 2776 in
406 2757 505 2782 temno,
526 2747 638 2784 epilcpfia
650 2756 694 2774 ctc.
750 2745 858 2785 Sic'jcre
872 2749 943 2776 hodic
956 2749 1060 2775 Medici.
1110 2748 1158 2775 Sed
1168 2751 1282 2784 antiquis
1343 2748 1413 2776 mihi
1426 2750 1559 2784 expetiui,
1579 2749 1692 2784 contigit
1707 2760 1713 2776 :
1748 2752 1912 2778 conueniunt
1927 2761 2024 2779 mores.
2094 2753 2125 2780 Id
2137 2753 2237 2788 ibid.5,
2245 2766 2274 2790 4,
2285 2764 2324 2789 40
2334 2756 2391 2784 No-

234 2788 311 2813 latius
327 2793 413 2822 potet,
432 2792 456 2812 ct
475 2786 628 2821 usurpatur,
648 2784 784 2820 ubicunque
802 2785 900 2821 aliquid
918 2783 1065 2818 alfii-aetum
1084 2785 1225 2810 luxatumuc
1238 2781 1280 2816 est.
1345 2795 1406 2814 men
1424 2794 1479 2811 non
1497 2785 1638 2816 conuenit,
1662 2788 1680 2812 i.
1701 2794 1786 2812 nomen
1799 2786 1864 2822 quod
1875 2787 1956 2821 dicis,
1971 2798 2019 2815 non
2032 2787 2065 2822 est
2079 2789 2159 2823 illud,
2177 2799 2224 2826 quo
2238 2801 2303 2818 nunc
2392 2785 2405 2799 *¹

235 2822 300 2849 Plin.
316 2831 356 2854 20,
373 2830 397 2856 [5
421 2821 584 2855 Ligusticum
599 2820 684 2853 aliqui
704 2828 825 2854 panacem
849 2828 966 2853 vocant,
986 2819 1120 2847 stomacho
1144 2819 1210 2846 vtile
1234 2819 1280 2852 est,
1350 2829 1462 2849 vocatur.
1534 2827 1587 2849 CR.
1616 2821 1669 2848 fuit
1693 2820 1781 2849 hercle
1802 2822 1876 2849 aliud
1894 2822 1957 2850 huic
1976 2833 2081 2859 paruae.
2190 2826 2248 2853 Cic.
2264 2828 2316 2854 Art.
2329 2834 2352 2861 5,
2361 2833 2391 2862 25

235 2859 298 2884 item
310 2857 524 2884 conuulfionibus
545 2862 569 2882 ct
591 2856 856 2883 inflammationibus.
964 2855 1156 2883 Conuulfiones
1170 2855 1282 2882 interio-
1299 2870 1331 2898 73
1346 2857 1419 2891 Qiid
1433 2865 1499 2892 opus
1514 2857 1550 2883 est
1564 2857 1674 2893 inquam
1688 2858 1698 2884 3
1733 2858 1849 2884 rationes
1862 2860 2014 2887 conferatis.
2051 2860 2198 2888 Adfidunt:
2233 2862 2405 2896 subducuntz,

234 2903 293 2920 rum
306 2893 421 2928 partium
448 2892 567 2919 Sci-ibon.
584 2894 636 2924 163.
1344 2895 1376 2920 ad
1392 2902 1502 2920 numum
1522 2894 1656 2920 conuenit.
1728 2892 1859 2927 Constabat
1882 2904 1939 2932 crgo
1960 2899 2036 2923 ratio.
2105 2898 2240 2924 Conuenit
2270 2896 2419 2926 numerius,

271 2936 288 2956 C
297 2937 316 2956 0
326 2937 345 2956 N
356 2937 375 2955 V
386 2935 405 2954 V
417 2936 431 2954 1„
441 2936 453 2955 S
462 2936 471 2954 1
482 2936 502 2955 v
512 2936 531 2955 V
541 2936 554 2955 S
564 2948 571 2961 ³
590 2936 604 2954 a
613 2947 619 2959 ‚
638 2935 692 2953 um,
714 2926 774 2953 Adi,
1174 2959 1179 2962 Ι
1342 2934 1470 2965 quantum
1484 2928 1567 2956 debui
1586 2930 1655 2956 Ter.
1668 2929 1775 2957 Phorm.
1790 2937 1811 2962 Ι,
1824 2939 1847 2963 2,
1860 2938 1882 2962 3.
1918 2931 2020 2958 Αιιᾶὶοι·
2032 2932 2064 2959 ad
2073 2933 2172 2960 Heren.
2189 2943 2206 2966 ι,
2227 2939 2253 2964 18
2272 2933 2409 2966 luridiebn

270 2972 345 2993 CON
357 2972 376 2990 v
388 2966 428 2991 131,
440 2971 460 2991 O
472 2985 480 2996 ‚
499 2968 550 2990 are.
589 2962 737 2997 [σκεπάζω]
779 2962 890 2998 Vndique
904 2961 993 2988 velare.
1034 2962 1101 2990 Plin.
1116 2971 1161 2998 17,
1175 2971 1207 2990 22
1227 2962 1282 2990 Pla·
1348 2965 1396 2993 alis
1409 2964 1565 2991 constitutio
1579 2965 1631 2998 est,
1652 2974 1734 3001 quum
1747 2965 1847 2992 factum
1863 2967 2005 3000 conuenit,
2022 2968 2066 2994 sed
2091 2969 2150 2995 iure
2175 2978 2208 2996 an
2234 2969 2334 2999 iniuria
2355 2962 2408 2998 ἦῆ
2432 2987 2434 2991 ›

237 3009 295 3035 gam
309 3009 415 3028 omnem
428 2999 564 3034 obliquam
579 2999 655 3033 fieri,
675 3005 702 3025 vt
715 2998 794 3025 facilc
808 2998 928 3025 decidant
948 2997 1063 3031 imbres,
1088 3005 1114 3025 et
1132 2999 1164 3025 ad
1184 3006 1282 3026 terram
1349 3001 1421 3028 &um
1437 3000 1483 3034 fit,
1504 3001 1651 3035 quaeritur.
1672 3004 1690 3028 i.
1704 3000 1814 3035 constat,
1831 3011 1879 3028 non
1892 3006 1962 3029 venit
1974 3006 2002 3029 in
2021 3004 2219 3039 controuersiam.
2291 2995 2422 3036 Conffiff⁴⁷
2446 3007 2447 3023 ³

236 3037 322 3070 verti,
343 3045 421 3072 quam
435 3035 561 3062 lcuisshna
574 3035 696 3061 cicatrice
709 3035 764 3061 acie
782 3034 856 3060 falcis
881 3033 980 3065 exacta,
997 3033 1123 3069 plagaque
1140 3034 1283 3061 conuelata.
1298 3044 1331 3070 80
1349 3037 1428 3063 niunt
1441 3036 1580 3071 Vtriusque
1592 3037 1675 3064 verba
1708 3038 1790 3064 Plaut.
1805 3037 1891 3064 Truc.
1906 3048 1934 3073 4,
1947 3047 1971 3072 3,
1983 3048 2026 3066 20.
2115 3041 2333 3069 Conueniuntno
2393 3043 2421 3069 t..
2446 3058 2448 3067 v

237 3072 305 3099 Gell.
318 3080 345 3106 7,
359 3081 379 3103 3,
395 3080 432 3105 44
452 3072 590 3106 Epagogen
604 3070 694 3098 multis
709 3070 871 3106 argumentis
884 3069 1014 3096 conuelat.
1086 3071 1178 3105 Capite
1188 3078 1282 3098 conue-
1346 3072 1455 3100 auribus
1469 3073 1553 3107 magis
1569 3072 1686 3100 Martial.
1699 3082 1726 3106 4,
1739 3082 1780 3107 41.
1868 3074 1933 3101 Non
1946 3076 2110 3103 conueniunt
2131 3076 2194 3103 haec
2207 3078 2307 3112 nuptiis
2324 3078 2403 3114 Tm,-
2415 3100 2429 3105 ..
2446 3073 2448 3088 '⁸

238 3107 290 3134 lato
311 3107 348 3134 Id.
364 3116 400 3140 19,
414 3116 439 3140 9.
705 3141 710 3146 ι
911 3141 915 3146 ¹
1348 3108 1431 3135 Andr.
1445 3117 1469 3140 2,
1485 3117 1507 3141 2,
1520 3117 1562 3141 29.
1637 3110 1693 3136 Cic.
1709 3108 1741 3135 de
1755 3108 1847 3136 Diuin.
1864 3118 1884 3142 1,
1892 3119 1926 3143 99
1947 3111 2028 3145 Quod
2041 3112 2151 3147 quidem
2165 3113 2299 3140 somnium
2311 3107 2434 3144 Sis-a'Jl·

273 3148 291 3169 c
300 3148 319 3169 o
328 3149 350 3168 N
361 3150 406 3170 VB
416 3148 644 3174 L1F1CAT10,
665 3144 732 3168 oms.
750 3141 770 3167 f.
808 3140 946 3176 Augustm.
1347 3153 1380 3171 na
1394 3153 1476 3179 quum
1490 3144 1667 3179 disputauifl'et
1680 3144 1795 3172 mirifice
1809 3145 1842 3171 ad
1855 3145 1968 3173 verbum
1983 3156 2042 3174 cum
2057 3157 2086 3174 re
2100 3149 2262 3181 conuenisse,
2285 3156 2340 3176 tum
2352 3157 2388 3190 χ
2458 3161 2459 3165 ’

274 3184 291 3204 c
300 3184 318 3204 o
330 3184 352 3203 N
364 3185 385 3204 v
395 3184 441 3204 EN
450 3186 470 3205 Λ
481 3199 489 3211 ,
507 3185 523 3205 c
533 3186 552 3205 0
562 3185 585 3204 N
598 3185 617 3205 ν
628 3185 646 3205 13
655 3184 677 3204 N
689 3185 696 3203 1
707 3183 752 3204 EN
762 3184 800 3203 T1
811 3184 832 3203 Λ
841 3197 848 3208 ,
867 3177 920 3204 vid.
934 3184 990 3203 mox
1000 3174 1048 3212 sub
1068 3182 1247 3204 CONVENIO.
1348 3180 1480 3212 solenter,
1498 3187 1543 3207 etc.
1615 3181 1687 3207 Voto
1699 3181 1826 3208 conuenit
1840 3189 1880 3207 res
1897 3182 1978 3209 Ouid.
1993 3183 2084 3210 Amor.
2099 3192 2123 3217 2,
2136 3193 2170 3218 4,
2184 3187 2223 3217 36.
2295 3185 2351 3213 Cic.
2363 3214 2367 3215 ⁷
2434 3195 2436 3199 ’

275 3211 501 3246 couvrmm,
522 3214 601 3246 VFni,
627 3219 752 3245 ventum,
780 3215 827 3238 ire.
863 3214 1042 3249 [συνέρχσμαι,
1062 3211 1170 3247 abram]
1206 3213 1285 3240 Simul
1300 3221 1329 3250 85
1346 3216 1470 3243 Hortens.
1509 3235 1516 3242 .
1552 3236 1558 3243 .
1595 3235 1602 3243 .
1639 3216 1710 3244 Nam
1724 3216 1790 3252 quid
1810 3218 1911 3244 vereris
1930 3227 1963 3244 ne
1977 3228 2031 3245 non
2049 3219 2190 3247 conueniat
2209 3220 2305 3249 nostris
2323 3229 2339 3248 a
2434 3236 2436 3244 ν

239 3255 283 3276 στα
297 3251 323 3274 in
337 3248 434 3274 mandem
448 3251 523 3276 Iocum
535 3252 634 3281 venire,
654 3251 811 3285 congregari.
858 3248 940 3275 Plaut.
957 3247 1046 3274 Pseud.
1062 3255 1082 3279 ι,
1095 3255 1117 3279 2,
1130 3257 1168 3282 44
1196 3249 1283 3275 Facite
1347 3251 1420 3279 tibus
1434 3251 1539 3283 oratio,
1560 3260 1627 3287 quae
1646 3248 1744 3286 speetat
1764 3252 1796 3279 ad
1809 3251 1968 3281 hortandum
1984 3256 1993 3281 3
2029 3262 2069 3290 ap,
2083 3255 2157 3282 Non,
2169 3266 2195 3290 4,
2210 3264 2250 3292 75,
2275 3278 2278 3282 ,
2362 3259 2369 3261 ’
2400 3282 2402 3286 .
2435 3283 2436 3286 Ἰ

240 3283 366 3317 hodie,vt
380 3284 448 3310 mihi
464 3294 573 3312 munera
586 3285 669 3312 multa
683 3283 733 3311 huc
749 3284 781 3310 ab
797 3283 960 3311 amatoribus
980 3283 1146 3310 conueniant.
1227 3284 1282 3310 Cic.
1347 3287 1404 3314 tial.
1419 3296 1456 3321 12,
1469 3296 1496 3320 32
1516 3288 1588 3314 Haec
1601 3289 1762 3315 sarcinarum
1776 3297 1871 3323 pompa
1885 3290 2010 3317 conuenit
2023 3291 2116 3325 ponti,
2135 3291 2179 3318 vbi
2191 3292 2298 3319 mendoei
2308 3290 2374 3327 inst

240 3321 316 3346 Vcrr.
330 3328 356 3352 2,
393 3340 399 3346 .
436 3339 452 3359 ⁰.
478 3321 536 3346 Huc
559 3321 722 3347 conueniunt
745 3328 804 3346 cum
829 3319 929 3352 literis,
947 3319 1060 3346 veniunt
1073 3327 1132 3345 cum
1146 3318 1283 3346 mandatis.
1345 3330 1421 3350 antur
1445 3323 1672 3358 praetercuntibus.
1735 3327 1738 3330 “
1755 3325 1819 3351 Νοη
1831 3326 1956 3352 conuenit
1969 3326 2124 3361 prudentiae
2143 3327 2200 3354 eius
2220 3328 2290 3363 Nep.
2308 3336 2342 3362 13,

241 3355 329 3382 Ambo
341 3363 513 3381 conuenuuus
530 3356 604 3390 Virg.
619 3356 672 3383 Ecl.
686 3364 708 3388 5,
724 3364 744 3382 ι.
816 3355 900 3382 Multa
916 3360 1113 3387 conuenerunt,
1134 3363 1200 3389 quae
1213 3364 1283 3382 men-
1348 3367 1371 3392 3.
1442 3359 1577 3386 Conuenit
1590 3359 1669 3386 aliam
1681 3365 1794 3386 aetatem
1806 3359 1878 3386 aliud
1890 3360 1991 3388 factum
2010 3362 2092 3389 Plaut.
2106 3363 2189 3390 Mei-c.
2203 3371 2227 3396 5,
2241 3372 2270 3397 4,
2284 3371 2324 3398 24.
2383 3357 2412 3392 Γ*

240 3396 293 3417 tem
325 3389 496 3417 exturbarent
527 3399 628 3425 meam,
651 3391 738 3418 subita
764 3390 881 3417 defectio
907 3391 1042 3425 Pompeii,
1059 3390 1189 3424 alienatio
1204 3397 1284 3418 coss.
1296 3403 1332 3428 90
1346 3392 1497 3428 cmfiruflio
1510 3395 1628 3421 notabilis
1641 3404 1694 3421 cum
1707 3396 1865 3432 Accuffitiuo.
1938 3397 1994 3424 Cic.
2016 3395 2070 3432 pro‘
2083 3395 2159 3426 Rosc.
2178 3399 2268 3426 Amer.
2283 3402 2314 3433 65
2325 3402 2395 3427 cv'v.
2409 3408 2413 3414 ’

241 3427 297 3454 Cic.
312 3427 429 3467 QFrar.
444 3434 463 3459 ι,
476 3434 494 3459 4
507 3426 568 3466 mccl.
685 3427 722 3453 Id.
737 3427 766 3453 in
779 3427 856 3467 Vcrr.
870 3426 928 3453 Λόὶ.
943 3435 961 3458 ι,
976 3434 1008 3460 54
1042 3428 1133 3467 Qlum
1151 3425 1214 3453 haec
1232 3426 1284 3453 frc—
1346 3431 1408 3458 Erat
1421 3439 1502 3465 porro
1515 3438 1606 3463 nemo,
1614 3430 1642 3457 in
1656 3440 1736 3466 quem
1750 3439 1779 3458 ea
1793 3431 1906 3466 suspicio
1918 3434 2083 3461 conueniret.
2101 3431 2120 3461 ιζ’
2138 3434 2167 3461 de
2184 3438 2278 3462 nemine
2291 3441 2336 3472 pot
2366 3437 2380 3454 st
2403 3432 2423 3464 25.

242 3463 350 3497 quentia
373 3467 463 3502 totius·
477 3461 569 3502 Italiae
587 3461 671 3488 Roma
684 3462 824 3502 discess‘crit
838 3471 844 3486 :
881 3471 948 3497 quae
959 3468 1084 3489 conuenit
1098 3470 1151 3489 vno
1164 3467 1283 3496 tempore
1348 3464 1391 3500 ff
1403 3465 1531 3502 suspicio,
1547 3475 1620 3502 quam
1634 3466 1663 3493 de
1678 3466 1729 3493 illo.
1817 3467 1877 3494 Hoc
1898 3468 2071 3496 maledietum
2082 3469 2111 3496 in
2126 3469 2200 3497 issam
2213 3476 2323 3497 aetatem
2380 3464 2410 3501 ’ἶ
2442 3489 2444 3495 .
2460 3492 2462 3494 .

243 3498 375 3533 midique,
394 3503 584 3537 comitiorum,
605 3503 651 3523 etc.
749 3499 804 3524 Cic.
818 3497 871 3525 Off.
886 3507 904 3529 ι,
921 3506 971 3532 144
984 3507 1006 3524 c.
1019 3507 1056 3532 40
1083 3499 1150 3524 Cum
1163 3497 1195 3523 de
1213 3506 1282 3524 com-
1347 3502 1474 3528 conuenit
1494 3501 1551 3528 Cic.
1569 3510 1617 3536 pro
1631 3502 1719 3529 Deiot.
1733 3510 1776 3535 29.
1829 3503 1877 3530 Sed
1889 3510 1913 3530 et
1924 3514 1977 3530 cum
1990 3506 2110 3532 Ablatiuo
2123 3505 2180 3533 Cic.
2192 3505 2227 3532 de
2239 3501 2393 3534 Nannenus
2460 3503 2462 3507 ”

242 3534 316 3560 :turni
328 3532 418 3560 officio
431 3533 616 3560 conuenissent.
687 3533 718 3558 In
732 3533 828 3560 Aedem
843 3534 1006 3560 conueniunt
1023 3533 1104 3560 Ouid.
1119 3532 1184 3560 Fast.
1198 3541 1221 3565 3,
1230 3541 1284 3567 203.
1346 3546 1370 3568 2,
1385 3545 1432 3572 74,
1445 3546 1466 3564 c.
1479 3545 1513 3570 29
1533 3537 1591 3564 Nec
1604 3546 1669 3564 vero
1684 3537 1734 3564 hoc
1746 3538 1775 3564 in
1787 3543 1813 3564 te
1826 3547 1880 3566 vno
1892 3541 2035 3574 conuenit,
2053 3540 2174 3568 moribus
2209 3555 2254 3561 —
2290 3536 2396 3571 limasti-20

243 3571 271 3595 lu
285 3569 460 3604 Colloquium
480 3569 548 3603 Nep.
563 3576 598 3600 23,
611 3569 638 3600 6,
649 3576 671 3594 2.
744 3569 833 3603 Alpini
846 3569 939 3604 populi
950 3569 1026 3595 fimul
1040 3569 1068 3595 in
1076 3569 1211 3596 Ditionem
1224 3577 1284 3595 con·
1348 3573 1485 3600 ordinarie
1516 3580 1596 3606 autem
1627 3574 1793 3609 Accufim'uus
1816 3574 1958 3602 adhibetur.
2028 3577 2088 3603 Hoc
2111 3577 2235 3603 conuenit
2253 3577 2280 3604 in
2299 3576 2411 3606 omt'itlss‘

243 3613 337 3630 venere
349 3605 453 3631 Mess'ala
473 3605 554 3631 Coru.
567 3613 592 3638 p.
608 3611 650 3629 20.
740 3604 885 3631 Galliarum
902 3605 1021 3631 ciuitates
1035 3604 1063 3630 in
1075 3605 1172 3632 Remos
1189 3613 1285 3631 conue-
1347 3608 1432 3635 luscos
1451 3608 1508 3635 Cic.
1523 3608 1739 3643 deOrat.2‚246.
1812 3610 1946 3638 Conuenit
1958 3611 1987 3637 in
2000 3607 2166 3646 meq'uiduis
2181 3611 2274 3640 harum
2285 3610 2411 3648 rerum'fflt
2455 3624 2457 3626 ·

242 3648 305 3666 nere
325 3640 392 3667 Tac.
407 3642 440 3666 ll.
455 3649 483 3673 4,
497 3643 539 3672 68,
552 3644 574 3669 8.
645 3639 677 3665 In
688 3647 771 3665 vnum
784 3641 928 3667 conuenire
949 3641 1064 3675 Pompei.
1080 3640 1136 3668 Cic.
1152 3641 1205 3668 Att.
1218 3645 1242 3672 8,
1257 3643 1281 3667 6.
1366 3652 1414 3670 uae
1438 3644 1495 3670 sunt
1513 3643 1584 3670 dicta
1605 3644 1634 3670 in
1653 3644 1778 3678 stultum,
1796 3645 1911 3679 caudex,
1931 3646 2024 3682 stipes,
2043 3647 2143 3679 asinus,
2162 3647 2320 3682 plumbens:
2345 3646 2402 3676 ’ΒΓ

245 3678 271 3700 ln
283 3675 377 3702 vrbem
398 3676 478 3702 Plaut.
493 3675 578 3702 Truc.
597 3710 603 3715 ,
616 3694 623 3700 .
662 3693 669 3700 .
754 3709 760 3714 ⁶
794 3676 871 3714 Caes.
887 3675 951 3702 Bell.
965 3676 1046 3704 Ciuil.
1062 3684 1082 3708 ι,
1097 3684 1119 3709 13
1160 3675 1282 3703 Aduentu
1349 3679 1355 3684 “
1370 3679 1424 3706 lum
1437 3679 1476 3706 nil
1489 3679 1590 3714 potest,
1609 3680 1746 3715 exsuperat
1773 3681 1830 3707 eius
1860 3681 1970 3710 stultitia
2006 3681 2095 3709 omnia
2120 3682 2184 3710 haec
2210 3684 2279 3711 Ter.
2294 3682 2386 3711 Heant’
2447 3704 2450 3707 .
2467 3708 2469 3710 ,

242 3711 359 3737 Caesaris
373 3712 497 3745 cognito,
515 3710 670 3749 decuriones
691 3709 816 3749 Auximi.
833 3710 865 3750 ad
886 3711 992 3737 Aetium
1013 3712 1115 3738 Varum
1134 3712 1284 3747 frequentes
1349 3723 1372 3748 5,
1390 3724 1411 3748 1,
1425 3723 1447 3748 3.
1517 3715 1573 3742 Cic.
1586 3716 1662 3742 Verr.
1675 3724 1699 3748 3,
1713 3718 1762 3742 206
1780 3716 1844 3743 Sunt
1856 3717 1984 3752 quaedam
2007 3717 2119 3745 omnino
2141 3718 2170 3745 in
2186 3724 2212 3746 te
2234 3710 2397 3753 fingi-inihi*
2412 3715 2417 3723 ’
2438 3719 2440 3731 ¹
2460 3726 2471 3734 '¹

241 3746 411 3786 <0¹3¹¹⁰¹¹i¹¹¹¹t·
489 3746 529 3773 Ad
543 3747 628 3781 Dap&
642 3753 785 3786 ⁰⁰,¹¹¹¹⁰¹¹¹¹'⁰
805 3745 886 3771 0¹¹¹d·
901 3747 966 3773 Fast-
980 3749 1006 3779 ⁶2
1020 3748 1078 3782 ⁶72·
1170 3747 1211 3774 Ad
1225 3755 1282 3773 exe-
1292 3761 1339 3780 100
1348 3759 1415 3786 quae
1427 3751 1456 3777 in
1468 3750 1572 3777 nullum
1585 3751 1669 3777 alium
1682 3751 1820 3778 hominem
1834 3751 1886 3779 dici
1895 3773 1903 3785 ,
1921 3762 1954 3780 ne
1974 3757 2012 3779 ue·
2021 3754 2165 3781 conuenire
2185 3754 2284 3789 possint.
2319 3753 2385 3780 Con-
2397 3775 2399 3778 .
2440 3746 2452 3759 ¹¹
2464 3762 2469 3771 ·

241 3789 316 3816 quias
331 3782 473 3809 conuenire
489 3783 546 3809 Cic.
559 3790 607 3816 pro
621 3782 715 3815 Qunt.
730 3788 761 3813 50
773 3789 795 3806 c.
812 3788 845 3813 ις.
917 3782 1063 3809 Multitudo
1077 3781 1283 3810 hominumcon-
1350 3786 1425 3813 venit
1437 3785 1470 3812 ad
1483 3794 1543 3812 eum
1558 3786 1620 3813 hacc
1633 3787 1794 3814 contumelia
1826 3788 1883 3814 Cic.
1897 3796 1947 3823 pro
1977 3787 2013 3814 ull
2016 3807 2201 3817 .....
2241 3793 2259 3817 i.
2267 3790 2382 3826 pem'nm
2395 3808 2397 3810 .

243 3817 318 3857 venit
331 3817 363 3842 ad
378 3816 427 3843 hoc
441 3817 570 3858 iudicium
595 3817 652 3854 Cic.
667 3825 714 3851 pro
727 3816 750 3842 S·
765 3816 839 3842 Rosc·
853 3824 874 3842 c·
891 3823 912 3848 5.
1020 3818 1086 3845 Plin.
1102 3828 1140 3853 ιο,
1153 3827 1190 3854 7ο
1213 3819 1282 3846 Con·
1346 3821 1466 3850 Sci-ibon.
1485 3829 1520 3856 97
1541 3822 1572 3848 Et
1589 3831 1640 3854 res,
1655 3822 1764 3857 quaein
1777 3821 1825 3850 hae
1837 3822 2025 3858 compositione
2040 3824 2108 3857 sunt,
2121 3833 2179 3852 non*
2189 3818 2388 3860 vtiqne'eonue-›

241 3858 403 3888 veniuntque
418 3861 448 3878 cx
463 3853 516 3879 alto
529 3859 609 3880 etiam
622 3852 654 3879 ad
668 3851 794 3887 quosdam
808 3850 912 3877 odores.
948 3853 985 3878 De
999 3853 1118 3888 piscibus.
1195 3853 1236 3881 Ad
1253 3854 1282 3880 si-
1347 3858 1423 3884 niunt
1436 3857 1467 3884 ad
1482 3858 1615 3892 antiquos.
1633 3861 1650 3884 i.
1664 3868 1713 3884 non
1726 3858 1895 3894 medem-sunt.
1966 3860 2004 3884 De
2015 3859 2219 3887 medicamentis-⁷:
2255 3857 2403 3889 Conuessffs

241 3897 290 3921 gua
302 3888 444 3914 conuenire
458 3888 585 3915 iubentur
599 3887 697 3915 milites
713 3887 785 3914 Caes.
799 3886 862 3913 Bell.
877 3886 945 3912 Gall.
958 3890 990 3919 6,
1009 3896 1027 3914 ι.
1224 3887 1245 3927 q
1266 3898 1282 3916 2
1348 3892 1380 3918 ad
1394 3892 1526 3927 parotidas
1545 3892 1665 3920 scribon.
1698 3902 1739 3926 43.
1816 3893 1848 3920 ad
1860 3892 2003 3927 podagram
2041 3897 2110 3922 206..
2124 3900 2126 3903 '
2171 3894 2205 3922 ad
2216 3888 2390 3926 ston'iachicd

238 3924 410 3955 (Jonuenire,
429 3923 463 3950 ad
474 3923 628 3959 consenfim,
647 3922 818 3956 concordiam,
837 3920 1169 3959 concretius-significandos
1186 3925 1283 3954 adhihe—
1295 3935 1402 3966 105103·
1473 3928 1627 3956 Conuenite
1658 3927 1820 3956 tensionibus
1858 3927 1978 3967 Scribpn.
1997 3933 2046 3958 toi.
2114 3929 2211 3966 Magna
2225 3923 2408 4000 pedesq*

810 2925 903 2953 Medic.

2409 3844 2439 3922 'l

2380 4006 2393 4013 „
2430 3926 2438 4011 'l

2419 4029 2437 4132 l

2432 4141 2454 4182 ι’,

2458 4129 2474 4182 l
