2474 4182
245 134 324 181 1167
601 127 635 169 C
725 128 760 167 O
851 126 894 166 N
1769 114 1803 153 C
1884 114 1920 155 0
2005 117 2049 157 N
2304 127 2384 174 1163

287 224 332 245 CO
343 225 385 245 NS
396 224 600 249 CRimLLO,
618 221 671 244 Ere.
707 216 879 252 [συγγράφω]
917 217 966 242 Pro
980 211 1134 250 Conscribcre
1147 215 1239 236 veteres
1255 207 1292 234 cli-
1355 202 1514 245 Vtilitatein,
1532 215 1619 245 'quam
1643 215 1674 232 ex
1696 214 1726 232 ea
1749 211 1887 239 caperent,
1910 203 2143 241 consecrauerunt,
2168 209 2215 244 qui
2236 208 2380 240 irridentur

249 261 354 281 xerunt:
375 261 402 280 at
416 255 557 297 plerumque
575 263 627 279 cam
647 258 791 278 coarctatum
810 256 913 278 innuere
931 252 1028 278 vellem.
1063 250 1139 273 Varr.
1161 246 1292 284 Columna
1357 243 1482 282 ΑΕΕΥΡῈΠ
1506 241 1561 267 Cle*
1584 242 1615 267 de
1629 243 1725 268 Nasus·
1741 242 1820 267 Deor—
1838 248 1918 279 1,102
1940 249 1960 265 C·
1975 243 2014 272 36·
2041 242 2066 267 h·
2081 252 2099 268 e.
2119 246 2281 272 innumerum
2295 233 2388 274 deoruni

249 290 390 322 Herculis,
417 290 470 324 περὶ
492 287 572 321 dogm,
606 290 695 321 ltaque
721 296 762 314 eas
790 288 817 314 in
837 297 923 314 ceram
940 283 1150 317 conscribillauit
1169 280 1291 308 Herculis
1355 276 1478 317 retulistis,
1503 283 1525 302 rt
1539 284 1587 311 pro
1607 278 1747 318 numinibus
1767 278 1872 310 coluisse.
1943 277 1974 302 Et
1993 285 2064 308 mox,
2091 278 2191 306 Belluas
2210 281 2395 313 consecrarunc

249 325 345 352 Athlis.
392 325 464 351 Idem
483 325 647 357 Μαγείροις,
667 322 802 358 Astrologi
824 333 879 350 non
899 325 972 355 sunt,
997 321 1044 356 qui
1059 317 1289 346 conscribillarunt
1356 312 1462 338 barbari
1487 318 1595 353 propter
1612 311 1779 352 beneficium.
1851 312 1922 338 Bona
1943 311 2045 337 Metelli
2062 313 2092 338 C.
2108 314 2213 341 Atinius
2232 318 2389 346 consecrauit

248 361 383 396 pingentes
399 362 498 387 caeluni
517 359 622 385 Nonius
634 367 659 391 2,
675 363 726 388 108·
781 360 877 386 Catull.
893 367 933 392 25,
948 367 970 385 11
1001 358 1044 384 Ne
1060 356 1164 381 laneum
1179 353 1288 379 latuscu-
1316 356 1328 381 5
1355 349 1444 375 foculo
1460 350 1544 382 polito
1555 356 1583 374 iri
1597 347 1703 378 rostris,
1716 348 1890 382 adhibitoque
1905 347 2016 373 tibicine
2030 348 2083 374 Cic.
2098 357 2146 382 pro
2159 350 2246 376 Domo
2262 360 2299 383 123
2319 361 2389 388 047,

250 398 320 429 lum,
341 404 463 431 natcsque
483 394 637 420 mollicellas
660 394 737 421 Illusa
755 396 870 430 turpiter
888 395 940 421 tibi
964 392 1065 427 flagella
1083 388 1289 418 conscribillent‚
1353 383 1426 420 Conf-
1442 393 1463 409 c·
1478 389 1510 416 48
1530 389 1553 409 ft
1566 382 1619 409 vid*
1627 383 1740 408 Marmor
1753 386 1887 419 antiquum,
1895 383 1959 418 quod
1970 384 2077 418 explicat
2085 384 2245 411 Schwarzius
2256 390 2283 412 in
2298 386 2390 420 diflert.
2438 403 2442 420 ·,

249 436 267 459 ³--
287 433 424 469 insCW-bam
442 430 570 457 Μῶα-ῥυ...
625 429 698 466 Cous,
718 431 792 458 Parej
812 432 874 459 Lex¹
894 431 960 457 crit,
982 438 1006 463 p,
1021 430 1082 462 267,
1120 423 1240 453 Taubm.
1259 421 1292 449 ad
1357 419 1384 445 de
1398 418 1563 460 Dete·llati'ovzc
1575 419 1714 455 sacrorum.
1770 419 1862 445 Poenae
1881 419 1952 455 causi
1973 418 2035 444 illud
2045 418 2103 454 fere
2117 419 2208 454 fiebat,
2227 430 2272 456 quo
2287 426 2392 457 pertinet
2460 438 2474 455 ,3

249 469 331 496 Plaut.
346 469 415 494 Men,
431 476 454 500 p,
470 474 527 499 730,
1358 459 1432 482 ctiam
1448 456 1504 481 Cic.
1519 455 1550 481 de
1564 455 1593 481 L.
1611 455 1671 488 Agr.
1684 462 1700 479 2
1721 462 1742 478 c.
1757 461 1784 485 19
1804 455 1926 480 Veterem
1941 455 2127 488 Karthaginem
2144 456 2169 481 Ρ.
2183 456 2320 483 Africanus
2340 467 2392 487 non
2465 475 2467 478 ι

285 511 302 530 c
312 511 330 530 0
343 510 362 528 N
375 508 483 529 31:1³1ss
494 508 512 527 0
523 521 530 533 ‚
550 500 584 535 pfi
594 520 602 532 ‚
623 506 711 535 pmm,
732 502 784 527 gre,
822 500 993 537 [συγγράφω]
1030 497 1140 525 Scribere
1151 493 1292 532 fignificat,
1360 498 1468 526 propter
1483 491 1644 525 religionem
1658 489 1756 529 sedium
1776 488 1880 515 illarum
1899 499 1927 516 ac
1941 491 2090 522 vetustatis,
2112 489 2143 516 de
2155 490 2257 517 consilii
2271 492 2392 522 sententia

244 539 270 576 s.
286 545 433 573 conponere.
470 537 527 563 Cic.
541 537 657 569 QFrat.
673 546 692 570 1,
708 545 723 563 2
744 537 845 563 Literas
859 537 891 562 ad
906 544 931 563 te
945 543 1037 571 parum
1051 534 1167 560 fraterne
1180 530 1292 557 conscri—
1311 536 1340 554 10
1359 528 1538 557 consecrauit3
1565 526 1648 565 sed-vt
1664 525 1716 558 ipse
1733 524 1806 564 locus
1819 533 1927 556 eoruin,
1946 527 1992 561 qui
2012 535 2071 552 cum
2091 525 2138 552 hac
2156 525 2220 552 vrbe
2238 526 2270 553 de
2283 528 2392 563 imperio

249 576 357 610 pseram.
386 574 487 609 Legitur
506 575 533 598 in
552 571 647 605 vetusto
661 574 796 608 exemplari
808 573 973 607 Scripseram.
1017 570 1073 597 Cic.
1083 570 1137 595 Att.
1152 576 1183 598 ιι,
1199 576 1232 593 20
1254 566 1292 591 De
1358 570 1506 590 certarunt.
1527 562 1636 595 vestigia
1656 560 1810 600 calamitatis
1825 559 1979 588 ostenderet.
2051 561 2166 588 Delubra
2186 563 2332 590 consecrare
2350 564 2392 592 ali.
2409 582 2415 587 .

250 610 367 636 Antonio
375 607 584 643 quoquessalbus
593 607 624 634 ad
632 617 740 635 mecum
749 609 838 642 Oppio
847 607 1005 643 conscripsit.
1025 605 1137 636 Addrz,
1148 612 1182 636 19.
1207 603 1245 628 De
1254 601 1293 627 vi·
1359 600 1402 626 cui
1416 599 1480 630 deo,
1500 604 1544 624 aut
1559 598 1621 623 deae
1634 598 1690 623 Cic.
1706 595 1736 622 de
1749 596 1845 622 Natur.
1858 596 1939 621 Deor.
1954 605 1976 628 3,
1989 606 2019 630 95
2040 607 2061 624 c.
2077 600 2116 630 36.
2173 597 2287 624 Domum
2304 600 2393 628 Cereri

248 647 284 673 ris
294 644 467 675 conscribere,
479 643 581 676 audire,
596 644 683 678 legere
697 644 753 671 Cic.
768 644 799 670 de
807 644 907 670 Sene&
917 649 953 676 83.
988 643 1027 669 De
1041 641 1131 675 lingua
1141 638 1233 666 Latina
1247 636 1293 662 ali·
1359 635 1432 661 Idem
1449 634 1480 659 de
1497 634 1590 673 Arusp.
1607 633 1682 672 Resp.
1697 640 1721 664 9.
1793 633 1832 671 Et·
1842 640 1890 665 pro
1909 631 1997 671 Domo
2017 641 2067 673 ¹?“5‘
2138 632 2196 673 Cic.
2212 642 2260 667 pro
2273 634 2348 662 Arch.
2361 643 2393 672 27

248 690 298 716 qua
313 680 479 706 conscribere
491 679 529 705 Id.
545 681 598 705 Att.
614 688 646 712 13,
677 700 683 705 .
711 700 717 706 .
754 679 897 714 Epistolam
910 679 942 706 de
956 679 1044 713 aliqua
1057 687 1085 704 re
1100 675 1180 703 alicui
1194 674 1292 700 Id.Att.
1360 672 1421 709 Iani·
1436 677 1501 709 vero
1521 669 1592 709 ille,
1604 676 1651 703 qui
1672 676 1733 707 cuni
1746 666 1847 692 Aetolis
1859 668 1945 693 Ennio
1966 675 2063 695 comite
2077 668 2188 695 bellauit
2202 668 2325 702 Fuluius,
2339 680 2405 699 non.
2425 685 2446 700 .·v

249 725 331 749 ¹3„·o.
367 717 405 742 De
419 716 522 742 ratione
535 715 641 741 dicendi
660 715 760 741 Auctor
775 715 806 741 ad
815 716 968 748 Herenni.
1005 714 1175 743 Cic.Att.4›¹
1196 710 1292 740 Legem
1312 714 1337 739 ¹3
1359 704 1493 731 d1¹b¹t³³¹¹¹t
1513 705 1607 731 Marus
1627 703 1763 730 mmubffls
1783 702 1864 729 Mufis
1885 703 2045 730 consecrare·
2115 704 2258 730 Simfflacra
2276 704 2346 732 Idem
2364 706 2394 734 de
2427 736 2430 740 -

246 758 327 778 coss.
341 752 567 786 conscripserunt,
587 760 639 786 qua
653 751 779 785 Pompeio
793 760 839 785 per
852 750 1065 786 quinquennium
1084 746 1170 773 omnis
1183 742 1294 777 potestas
1359 740 1455 767 Natur.
1471 741 1551 780 Deor.
1565 749 1586 780 Ξ,
1599 743 1627 766 61
1649 749 1670 765 c.
1681 747 1729 779 .²4'
1798 739 1873 779 Caes.
1889 738 1953 764 Bell.
1967 738 2027 765 Ciu.
2041 747 2062 771 3,
2077 747 2120 772 105
2140 741 2207 767 Item
2221 739 2356 768 Trallibus
2369 743 2395 771 in

247 788 285 814 rei
298 788 487 814 frumentariae
502 792 561 813 toto
578 786 643 813 orbe
657 793 787 813 terrarum
803 786 918 814 daretur.
988 785 1100 812 Librum
1121 778 1216 806 Cic.de
1224 777 1294 804 Clar.
1359 775 1459 810 templo
1473 776 1626 806 Vffilonae,
1641 775 1689 801 vbi
1702 774 1806 801 Caesari
1820 775 1935 800 Statuam
1950 775 2173 802 consecrauerant.
2244 776 2395 806 Consecrare

246 825 321 850 Orat.
337 832 383 855 132,
455 823 573 853 Milites,
593 823 773 855 vellanones,
795 823 819 850 h-
835 832 854 850 e·
874 823 963 859 Cogere
984 819 1131 848 conducere,
1154 821 1177 840 et
1195 816 1221 839 in
1249 822 1293 838 viu-
1359 812 1459 838 diuinis
1475 811 1597 838 inanibus
1617 810 1736 837 Sci-ibon.
1753 811 1798 844 Ep.
1870 810 1927 836 Cic.
1941 810 1994 836 Att.
2011 818 2048 843 12,
2067 819 2101 836 20
2124 811 2172 838 Sed
2191 811 2306 838 ineunda
2323 812 2396 843 nobi.
2427 821 2446 846 ·:'

243 868 324 885 meros
334 859 493 894 acscriptum
505 859 625 894 redigere.
661 858 741 885 Plaut.
755 859 838 885 Milit.
855 868 874 890 ι,
888 868 907 890 1,
923 860 958 892 76
979 856 1048 882 Nam
1064 861 1108 880 rex
1123 851 1243 878 Seleucus
1251 856 1293 874 me
1359 849 1429 875 ratio
1445 847 1489 878 est,
1497 846 1723 882 quemadmodum
1746 846 1772 872 in
1790 845 1865 871 omni
1885 846 2032 872 mutatione
2051 845 2240 880 dominorum,
2261 847 2310 882 qui
2326 844 2396 879 inmi-
2426 843 2439 881 *g
2470 849 2474 856 “

246 903 327 929 opere
341 895 430 921 orauit
445 895 562 920 inaximo
572 914 580 926 ,
594 900 621 920 vt
636 893 684 921 libi
697 894 812 921 latrones
825 902 947 928 cogerem
960 897 985 916 et
999 887 1202 915 conscriberem.
1235 884 1291 911 Cic.
1306 894 1341 912 20
1359 883 1500 911 inerabiles
1515 883 1574 910 fieri
1588 883 1689 917 poffiint
1704 882 1731 908 in
1747 881 1850 907 infinita
1864 881 2016 915 posteritate
2031 881 2066 912 (fi
2079 882 2160 908 inodo
2174 884 2318 914 extabunt)
2335 884 2402 914 illud·
2438 895 2439 898 ¹

246 931 316 957 Fam.
333 939 366 962 ιε,
384 938 408 963 15
428 930 478 956 His
490 930 575 957 literis
589 930 690 965 scriptis
702 930 799 956 milites
813 930 920 955 circiter
933 926 1018 957 XXX,
1036 933 1103 959 quos
1116 921 1253 949 Dolabella
1261 928 1292 946 ex
1358 919 1429 954 quasi
1444 920 1640 950 consecratum,
1657 926 1794 944 remanere
1808 916 1889 951 poffit.
1935 917 2051 952 Auguste
2063 917 2201 953 saneicque
2215 918 2331 953 aliquem
2341 925 2396 948 coir.
2433 940 2435 943 .

245 966 303 993 Alia
318 966 522 1000 conscripserat,
542 975 556 992 e
569 966 642 998 Syria
656 966 803 999 fugientes,
819 965 845 990 in
859 961 1039 996 Pamphyliam
1049 966 1187 987 venerunt.
1225 955 1292 983 Plin.
1358 957 1458 982 sectare
1471 956 1527 995 Cic.
1542 955 1574 981 de
1589 955 1684 981 Natur.
1699 954 1778 980 Deor.
1794 961 1818 985 2,
1833 955 1875 979 62.
1899 955 1917 979 i.
1933 956 1960 979 in
1976 953 2074 980 deorum
2086 963 2211 980 mcmerum
2224 955 2326 990 referre.
2359 955 2397 984 εἰσ

244 1008 285 1034 28,
300 1011 314 1028 2
344 1003 429 1028 Etiam
459 1002 572 1029 Parietes
606 1001 790 1027 incendiorum
819 997 1050 1033 deprecationibus
1080 993 1293 1022 conscribuntur.
1359 992 1396 1018 Ex
1411 990 1553 1017 hominum
1567 998 1661 1024 genere
1675 990 1779 1024 aliquos
1792 988 1864 1014 Idem
1877 988 1909 1014 de
1922 989 2001 1023 Legg.
2014 997 2039 1020 2,
2051 996 2093 1024 27.
2150 991 2180 1016 Ee
2193 990 2249 1016 Cic.
2264 991 2317 1017 Att.
2333 999 2366 1025 12,
2384 987 2402 1008 ³·
2433 1002 2441 1016 .·.

244 1037 434 1071 Qlaestioneui
449 1037 536 1068 fidiam
564 1037 620 1064 Cic.
638 1046 685 1071 pro
699 1036 801 1062 Cluent.
817 1043 865 1067 191.
937 1033 1018 1060 Plaut.
1033 1031 1103 1058 Afin.
1117 1040 1144 1063 4,
1158 1038 1178 1062 1,
1194 1037 1202 1055 1
1226 1029 1292 1062 Age·
1359 1028 1415 1062 Ego
1429 1033 1557 1061 quantuni
1572 1026 1611 1052 his
1624 1025 1791 1060 temporibus
1811 1030 1869 1064 tam.
1888 1024 2000 1051 eruditis
2027 1025 2086 1051 fieri
2100 1026 2215 1060 poterit,
2232 1025 2353 1060 profedlo
2369 999 2419 1055 ffi.
2438 1053 2440 1060 ¹

245 1073 308 1099 duni
329 1074 408 1100 istum
429 1073 545 1105 ostende,
568 1081 648 1106 quem
666 1069 838 1104 conscripsisti
852 1068 1044 1105 Syngraphum.
1116 1065 1292 1092 Testamenta
1309 1067 1340 1094 25
1359 1063 1412 1090 lam
1425 1062 1584 1089 consecrabo
1596 1062 1671 1097 omni
1685 1069 1780 1096 genere
1796 1066 2024 1087 monimentorum
2036 1062 2069 1087 ab
2083 1062 2205 1088 omnium
2215 1061 2329 1096 ingeniis
2342 1060 2403 1091 sei-12*
2433 1080 2435 1086 .

243 1115 413 1136 mortuorum
446 1109 502 1136 Cic.
523 1109 555 1134 de
583 1107 674 1140 Arusp.
709 1107 784 1141 Resp.
815 1115 857 1139 42.
928 1105 1063 1131 Volumen
1084 1102 1139 1129 Cic.
1156 1109 1205 1136 pro
1219 1100 1295 1126 Rosc.
1359 1105 1468 1134 ptoruin
1487 1105 1513 1125 et
1526 1099 1689 1124 Graecorum
1710 1103 1735 1123 et
1755 1095 1929 1129 Latinorum,
1947 1096 1975 1122 de
1986 1096 2059 1132 filiae
2072 1097 2132 1132 suae
2149 1101 2205 1124 vita
2223 1100 2247 1123 εἰ
2262 1105 2337 1124 marte
2347 1097 2402 1127 cem
2433 1107 2441 1120 -⁴

243 1146 332 1172 Amet,
348 1155 394 1172 100
411 1155 432 1172 c.
447 1154 484 1177 35.
557 1143 701 1168 Veteranos
715 1140 837 1168 celeriter
851 1141 1016 1167 conscribere
1031 1145 1113 1174 nempe
1127 1139 1218 1164 milites
1238 1135 1294 1162 Cic.
1358 1134 1463 1161 aranda.
1536 1133 1576 1159 Ad
1600 1132 1847 1164 immortalitatem,
1874 1137 1899 1158 et
1922 1132 2097 1166 religionem,
2122 1139 2148 1159 et
2169 1133 2327 1160 memoriam
2349 1135 2380 1162 ω’
2433 1153 2436 1157 .

244 1182 315 1207 Fani.
333 1190 371 1213 10,
385 1186 420 1210 28.
491 1179 532 1204 Sic
546 1177 602 1204 Cic.
618 1177 674 1212 post
689 1177 766 1204 redit.
781 1177 813 1204 ad
827 1178 906 1211 Qnir.
924 1185 947 1209 13
966 1177 1021 1210 Ego
1035 1183 1117 1210 quum
1129 1172 1251 1199 homines
1266 1171 1295 1196 in
1358 1171 1432 1197 mina
1446 1171 1597 1197 consecrare
1610 1169 1665 1195 Cic.
1679 1177 1728 1203 pro
1741 1168 1838 1194 Milon.
1853 1172 1887 1197 81.
1956 1169 2030 1194 Idem
2048 1170 2086 1202 Q
2097 1169 2179 1195 Fratr.
2195 1177 2215 1202 1,
2229 1178 2255 1201 1,
2268 1177 2293 1202 15
2313 1170 2408 1204 Qum(
2433 1164 2441 1197 J

243 1216 391 1243 Tribunali
406 1213 515 1241 Aurelio
528 1213 613 1248 palam
628 1213 760 1240 conscribi
783 1213 982 1248 centuriarique
1002 1211 1138 1242 vidissem,
1160 1216 1205 1235 etc.
1262 1208 1293 1233 Et
1359 1205 1522 1241 amplissimis
1542 1204 1715 1231 monimentis
1736 1205 1888 1230 consecrare
1907 1203 2030 1230 voluiffes
2044 1205 2203 1231 memoriam
2220 1205 2336 1232 nominis
2347 1205 2404 1246 tuf*
2433 1228 2441 1238 2.

243 1261 291 1287 pro
307 1253 374 1278 Sext.
390 1260 421 1284 34
441 1251 532 1283 Quim
546 1249 654 1275 vicatim
675 1248 796 1276 homines
815 1249 1064 1279 conscriberentur,
1084 1245 1294 1275 decuriarentur,
1308 1247 1341 1272 30
1359 1246 1382 1283 i..
1388 1249 1535 1278 perpetuam
1554 1241 1670 1272 reddere,
1690 1247 1713 1266 et
1733 1241 1802 1266 velut
1821 1246 1955 1265 aeternam.
2027 1240 2156 1266 Virorum
2175 1241 2288 1268 fortium
2307 1245 2404 1275 memm-
2440 1274 2442 1278 λ

242 1287 274 1314 ad
289 1288 358 1317 viiii,
378 1286 410 1312 ad
424 1294 531 1316 manus,
550 1285 582 1311 ad
596 1284 718 1318 caedem,
739 1285 772 1312 ad
785 1285 963 1320 direptionem
976 1283 1162 1310 incitarentur.
1236 1279 1293 1305 Cic.
1360 1287 1430 1306 riam
1448 1277 1551 1304 honore
1570 1277 1683 1303 deorum
1703 1275 1899 1302 immortalium
1918 1276 2070 1302 consecrare
2091 1276 2147 1302 Cic.
2167 1276 2199 1303 de
2215 1277 2311 1303 Natur.
2325 1277 2348 1303 D

241 1331 291 1357 pro
312 1323 395 1348 Plane.
413 1328 446 1354 45
471 1322 542 1347 Haec
564 1320 644 1352 doce,
663 1320 726 1348 haec
740 1321 848 1356 profer,
869 1321 919 1347 huc
931 1319 1056 1347 incumbe
1071 1316 1232 1348 Laterensis,
1251 1314 1295 1340 de·
1361 1323 1388 1347 3,
1403 1322 1443 1347 50.
1515 1312 1703 1349 Rursustem
1718 1310 1749 1337 de
1764 1311 1843 1345 Legg.
1856 1320 1888 1343 z,
1907 1318 1920 1343 ς
1946 1312 1996 1337 Pro
2015 1312 2100 1346 patria
2119 1313 2206 1345 mori,
2227 1313 2253 1339 ei
2270 1321 2318 1339 nos
2334 1317 2372 1340 tot
2396 1311 2403 1314 ”
2441 1343 2443 1345 ,

241 1359 350 1385 curiafse
372 1358 524 1390 Plancium,
543 1357 734 1391 conscripsisse,
756 1357 914 1392 sequestrem
934 1356 1025 1388 fuifl'e,
1043 1352 1238 1390 pronuntiasse,
1255 1350 1294 1376 di·
1361 1350 1473 1382 dedere,
1493 1354 1520 1375 ot
1538 1349 1567 1375 in
1580 1356 1610 1375 ea
1629 1347 1717 1374 nostra
1733 1348 1823 1373 omnia
1834 1355 1950 1381 ponere,
1967 1353 1992 1373 et
2010 1347 2081 1382 quali
2101 1348 2253 1375 consecrare
2271 1348 2399 1376 debemur.

240 1393 324 1421 vififl'e
339 1404 346 1424 ς
381 1393 410 1419 de
424 1393 517 1419 ambitu
529 1399 553 1418 et
564 1395 722 1428 corruptione
742 1393 850 1420 tribuum
876 1402 939 1420 tarmo
953 1391 995 1426 est
1359 1386 1421 1413 Liu.
1437 1385 1602 1420 praefatione
1616 1393 1628 1411 ο
1647 1387 1711 1414 eris,
1731 1383 1762 1409 Et
1775 1383 1792 1408 fi
1806 1384 1849 1408 cui
1865 1383 1965 1417 populo
1977 1383 2057 1410 licere
2069 1390 2175 1418 oportet
2190 1385 2340 1417 consecrare
2351 1380 2409 1412 oris*

280 1435 297 1456 C
310 1437 329 1457 ο
340 1437 361 1455 Ν
370 1436 383 1456 s
394 1435 411 1455 C
423 1436 441 1455 R
451 1436 459 1454 1
470 1436 484 1456 P
494 1436 515 1455 Τ
525 1436 545 1454 V
554 1435 582 1460 s,
602 1437 616 1455 a
625 1448 632 1461 ,
653 1438 707 1455 um.
747 1430 815 1456 Part.
876 1426 1104 1462 συγγεγραμμένα]
1146 1425 1197 1456 Vt,
1221 1418 1293 1448 Con·
1312 1430 1341 1457 35
1361 1422 1433 1456 gines
1447 1421 1518 1453 suas,
1537 1426 1563 1446 et
1577 1418 1609 1446 ad
1640 1428 1685 1445 eos
1700 1419 1802 1445 referre
1817 1418 1953 1450 ειιιξὶοτεε,
1973 1426 2017 1445 etc.
2089 1420 2210 1446 Virtutes
2222 1420 2334 1447 alicuius
2345 1424 2401 1448 cou-

241 1466 351 1500 scriptae
382 1465 474 1491 literae
506 1464 588 1491 Plaut.
602 1463 692 1491 Pseud.
702 1473 723 1498 1,
739 1474 759 1498 1,
773 1467 816 1492 26.
889 1464 1075 1499 Conscriptuni
1104 1460 1154 1487 hoc
1175 1457 1293 1486 lacrimis
1359 1458 1475 1490 secrare‚
1500 1462 1525 1483 et
1541 1456 1569 1482 in
1582 1462 1694 1481 numero
1709 1454 1822 1481 deorum
1839 1454 1971 1481 collocare
1984 1455 2039 1481 Cic.
2054 1456 2184 1490 QFratr.
2199 1465 2219 1489 1,
2233 1465 2252 1483 1.
2322 1456 2400 1490 Vota}

240 1501 326 1528 mittis
339 1500 496 1536 Epistolium
520 1499 605 1527 Catul.
619 1502 664 1534 67,
680 1509 700 1527 ε.
773 1501 829 1528 Cic.
844 1509 893 1536 pro
906 1500 1011 1527 Cluent.
1022 1501 1065 1529 186
1082 1498 1131 1524 Tu
1146 1493 1294 1530 periculum
1359 1493 1423 1520 bula
1438 1492 1512 1519 Idem
1525 1492 1556 1518 de
1571 1491 1667 1518 Natur.
1681 1491 1762 1516 Deor.
1777 1499 1802 1522 2,
1815 1492 1854 1516 61.
1915 1491 2050 1518 Memoria
2062 1498 2087 1518 et
2099 1491 2184 1518 literis
2198 1491 2400 1526 magnitudinem

241 1537 351 1571 capitis,
368 1543 397 1562 tu
412 1536 542 1562 indicium
557 1535 677 1568 sceleris,
695 1542 724 1562 tu
737 1536 858 1563 fortunas
872 1536 982 1563 alterius
995 1534 1080 1561 literis
1093 1532 1250 1566 conscriptas
1266 1530 1295 1556 in
1358 1528 1461 1564 ingenii
1482 1526 1597 1554 alicuius
1617 1527 1671 1552 Cic.
1685 1526 1769 1552 Tusc.
1789 1533 1817 1558 5,
1840 1534 1873 1552 ιι.
1944 1526 2018 1552 Idem
2037 1526 2070 1553 de
2082 1528 2174 1562 Arusp.
2189 1528 2264 1563 Resp.
2279 1535 2296 1563 7
2321 1524 2400 1564 Atque

241 1573 373 1600 iudicium
386 1572 477 1598 afferas
492 1573 501 1598 3
572 1570 655 1597 Liber
668 1572 700 1598 de
713 1580 745 1598 eo
760 1573 831 1607 Nep.
846 1581 884 1604 io,
896 1580 919 1604 3,
933 1580 957 1598 2.
1012 1572 1042 1597 In
1056 1569 1132 1596 libris
1146 1568 1216 1594 vitae
1231 1574 1292 1592 con·
1359 1565 1410 1592 hoc
1425 1565 1443 1591 si
1457 1563 1612 1590 moderetur
1630 1568 1655 1587 et
1669 1561 1784 1595 cogitet,
1804 1561 1822 1587 fi
1837 1567 1973 1601 contentus
1985 1562 2015 1588 sit
2030 1562 2071 1589 his
2085 1563 2241 1595 sceleribus,
2258 1572 2325 1598 quae
2335 1572 2400 1591 com·

242 1609 354 1643 scriptus
372 1607 492 1634 Tertull.
508 1606 541 1633 de
556 1607 617 1633 Cor.
632 1607 689 1633 mil.
710 1616 730 1633 c.
747 1616 780 1639 13.
852 1608 943 1633 Mensa
962 1606 1109 1640 conscripta
1122 1604 1188 1630 vino
1208 1601 1290 1629 Ouid.
1303 1609 1340 1635 40
1360 1600 1447 1632 misit,
1468 1601 1521 1626 iam
1537 1599 1562 1625 se
1576 1598 1625 1624 effe
1644 1598 1824 1623 consecratum
1837 1597 1953 1636 Miloni,
1973 1601 1991 1624 i.
2007 1597 2170 1631 destinatum,
2191 1606 2220 1626 vt
2236 1599 2314 1635 ipsius
2329 1600 2402 1628 ανηιῖι·
2440 1596 2441 1599 “

242 1646 335 1671 Amor.
353 1652 377 1676 2,
391 1651 414 1676 5,
430 1651 465 1677 17.
518 1642 590 1668 Tela
603 1642 750 1677 conscripta
765 1643 881 1677 imagine
896 1643 1009 1677 quadam
1021 1643 1083 1669 Stat.
1093 1640 1158 1667 Silu.
1173 1647 1195 1671 3,
1211 1647 1232 1670 1,
1242 1644 1293 1671 117.
1357 1640 1399 1663 vis
1414 1636 1496 1663 Clodii
1511 1635 1684 1670 diffri'izgatur.
1741 1634 1865 1659 Deuouere
1877 1632 2010 1669 fignificat
2026 1637 2053 1660 in
2068 1635 2109 1661 illo
2124 1645 2132 1661 .·
2157 1635 2204 1662 Te
2219 1636 2289 1670 Appi
2301 1635 2401 1670 Claudi,
2439 1643 2442 1675 ᾖ

239 1679 392 1714 Conscripti
405 1678 504 1704 milites
518 1678 591 1704 Caes.
600 1677 664 1704 Bell.
676 1678 737 1704 Ciu.
747 1687 768 1710 3.
806 1680 840 1704 It.
851 1678 887 1704 ib.
897 1687 918 1710 1,
928 1687 949 1704 2.
1128 1673 1148 1712 ff
1170 1683 1186 1701 2.
1223 1674 1294 1700 Con-
1359 1679 1490 1706 tuumque
1504 1676 1580 1705 caput
1593 1669 1720 1704 sanguine
1733 1668 1784 1708 hoc
1800 1668 1924 1696 consecro
1937 1669 1998 1695 Liu.
2012 1678 2035 1702 3,
2048 1675 2090 1703 48.
2145 1671 2265 1704 Iurauit,
2281 1666 2400 1707 expfeffit,
2440 1678 2442 1684 ⁸

239 1716 343 1750 scripti,
362 1714 633 1749 [προσεγγεγραμμένοι
641 1733 650 1746 ,
668 1713 820 1748 &ysam-oi]
842 1716 926 1749 inquit
938 1713 1036 1744 Festus,
1057 1710 1223 1742 dicebantur,
1237 1707 1294 1741 Q1i
1358 1707 1565 1742 explanauitque
1578 1705 1676 1737 verba,
1697 1703 1796 1739 quibus
1807 1710 1883 1738 caput
1897 1705 1972 1731 suum
1987 1704 2097 1733 domum
2111 1707 2182 1733 suani
2190 1727 2199 1740 ‚
2216 1706 2235 1733 fi
2248 1708 2355 1735 scienter
2366 1707 2401 1734 fe-
2440 1712 2442 1715 ’

240 1760 272 1778 ex
287 1750 402 1786 equestri
417 1750 513 1777 ordine
526 1748 646 1783 patribus
659 1748 887 1781 adscribebantur,
901 1754 929 1774 vt
941 1756 1067 1774 numerus
1080 1748 1235 1773 Senatorum
1251 1752 1294 1770 ex·
1360 1743 1464 1770 felliffet
1472 1762 1480 1775 ‚
1501 1741 1614 1767 deorum
1626 1740 1682 1766 irae
1696 1741 1859 1766 consecraret
1873 1740 1939 1766 Plin.
1955 1741 2048 1776 Paneg.
2069 1751 2091 1768 c.
2107 1745 2152 1775 64.
2213 1744 2326 1778 Campus
2337 1743 2403 1770 (ἰση-
2439 1748 2450 1773 ·,.’

240 1787 368 1823 pleretur.
440 1786 500 1812 Liu.
515 1793 537 1816 2,
557 1794 567 1812 1
595 1784 697 1811 Deinde
716 1794 770 1820 quo
791 1784 848 1818 plus
867 1784 968 1811 virium
988 1783 1017 1809 in
1029 1783 1124 1809 Senatu
1142 1780 1295 1815 frequentia
1309 1784 1343 1810 45
1361 1778 1492 1806 sularibus
1506 1776 1630 1811 auspiciis
1645 1777 1809 1801 consecratus
1821 1775 1876 1801 Cic.
1891 1775 1970 1802 Catil.
1985 1785 2013 1810 4,
2027 1786 2052 1804 ι..
2116 1777 2235 1805 Delubra
2247 1777 2404 1806 sanetiffimin
2442 1791 2443 1794 ¹

239 1823 321 1852 etiarn
340 1822 444 1849 ordinis
465 1822 579 1853 faceret,
597 1820 722 1847 caedibus
740 1820 809 1855 regis
829 1820 993 1847 diminutum
1012 1824 1116 1854 patrum
1135 1823 1295 1846 numerum,
1358 1813 1537 1848 religionibus
1551 1812 1708 1841 consecrata,
1721 1810 2038 1851 Idem-Verr.(Prooern.
2052 1812 2111 1839 Αὲὶ.
2121 1816 2147 1845 2)
2171 1822 2200 1846 14
2220 1823 2242 1841 c.
2258 1822 2279 1848 ς.
2351 1814 2406 1842 Ho-

240 1857 406 1894 primoribus
419 1856 546 1892 equestris
560 1856 654 1891 gradus
669 1856 771 1889 electis,
786 1855 818 1882 ad
830 1861 1010 1882 trecentorum
1024 1855 1152 1880 suminam
1167 1850 1295 1885 expleuit.
1360 1858 1457 1876 norem
1470 1848 1589 1874 hominis
1604 1846 1716 1872 deorum
1728 1847 1861 1880 religione
1875 1847 2054 1874 consecratum
2072 1857 2129 1874 non
2141 1849 2245 1876 violare
2259 1850 2316 1877 Cic.
2330 1851 2413 1878 Vem-
2440 1843 2443 1862 t

242 1896 273 1922 T
274 1894 444 1928 raditumque
459 1892 521 1919 inde
533 1892 634 1923 fertur,
654 1898 683 1918 vt
697 1892 725 1918 in
739 1893 863 1919 Senatum
877 1896 1038 1918 vocarentur
1052 1890 1100 1925 qui
1112 1889 1198 1915 Patres
1207 1906 1215 1919 ,
1236 1886 1295 1921 qui·
1361 1894 1385 1918 2,
1397 1892 1423 1918 51
1445 1893 1473 1924 c..
1482 1892 1518 1910 21.
1592 1883 1678 1908 Locus
1695 1882 1856 1908 consecratus
1864 1901 1873 1914 ,
1893 1885 1933 1908 cui
1946 1886 2078 1918 opponitur
2093 1884 2179 1910 Locus
2191 1886 2318 1919 profanus
2336 1886 2409 1914 Idem
2442 1891 2443 1894 ’

241 1939 293 1966 que
309 1930 460 1964 Conscripti
474 1929 553 1955 essent
567 1939 572 1954 :
601 1929 763 1963 conscriptos
776 1927 901 1954 videlicet
915 1927 944 1954 in
958 1935 1060 1953 nouum
1072 1925 1195 1952 Senatum
1210 1921 1297 1957 appel·
1363 1921 1393 1947 in
1406 1921 1495 1947 Partit.
1509 1920 1541 1951 36
1562 1927 1583 1945 c.
1598 1927 1635 1944 10.
1648 1952 1654 1957 .
1707 1917 1798 1948 Mens,
1816 1916 1894 1947 fides,
1913 1918 2015 1951 virtus,
2035 1919 2178 1946 concordia
2191 1920 2311 1948 instituto
2324 1921 2410 1948 maio.

241 1967 330 1993 labarit
344 1965 435 1992 leolos.
487 1964 576 1991 Festus
590 1967 696 1997 iterum,
717 1965 773 1998 Qii
787 1970 872 1998 patres
881 1984 889 1996 ‚
909 1963 958 1998 qui
978 1961 1121 1996 conscripti
1135 1959 1225 1990 vocati
1239 1959 1297 1984 sunt
1311 1961 1344 1988 50
1361 1965 1422 1984 rum
1436 1956 1600 1982 consecratae
1622 1953 1678 1980 Cic.
1693 1951 1724 1978 de
1738 1952 1834 1978 Natur.
1849 1952 1929 1978 Deor.
1943 1961 1969 1985 2,
1980 1959 2021 1988 78.
2043 1957 2061 1980 i.
2074 1957 2173 1991 templis
2190 1963 2213 1982 et
2219 1954 2317 1990 statuis
2328 1959 2410 1984 cultae

240 2003 271 2029 in
285 2002 385 2028 curiam
394 2022 402 2034 ,
423 2009 478 2036 quo
492 2006 613 2034 tempore
627 2000 734 2034 regibus
747 2000 812 2027 vrbe
825 1999 935 2035 expulsis
950 2000 975 2025 P.
984 1998 1109 2025 Valerius
1122 1994 1222 2023 Consul
1236 2002 1296 2029 pro·
1361 2000 1479 2028 tanquam
1493 1991 1558 2017 deae.
1614 1990 1658 2029 Sic
1676 1988 1837 2028 Consecrare
1844 2008 1855 2028 3
1880 1986 1914 2020 est
1929 1990 1956 2013 in
1970 1998 2093 2028 numerum
2108 1992 2206 2018 deorum
2224 1992 2321 2028 referre
2340 1992 2408 2020 Plin.
2441 1988 2444 2021 ξ

241 2043 300 2072 pter
315 2037 435 2070 inopiam
447 2036 623 2069 patriciorum
635 2036 754 2070 explebe
766 2035 864 2071 adlegit
876 2035 905 2062 in
918 2043 1060 2062 numerum
1067 2034 1225 2060 Senatorum
1239 2038 1297 2056 cen·
1362 2030 1456 2062 Paneg.
1477 2036 1499 2054 c.
1515 2035 1552 2053 10.
1624 2025 1704 2056 Viri,
1723 2032 1770 2064 qui
1790 2023 1823 2050 ad
1842 2023 2052 2063 immortalitatis
2071 2031 2096 2051 et
2123 2025 2281 2060 religionem
2308 2033 2334 2055 et
2353 2037 2410 2054 me-

241 2079 299 2100 tum
312 2078 338 2098 et
353 2070 485 2105 sexaginta
499 2076 525 2096 et
539 2076 669 2103 quatuor,
689 2077 718 2097 vt
734 2071 851 2105 expleret
870 2080 1012 2098 numerum
1026 2070 1183 2097 Senatorum
1197 2073 1297 2093 trecen·
1361 2064 1478 2092 moriam
1497 2062 1682 2089 consecrantur
1700 2060 1757 2087 Cic.
1771 2068 1820 2095 pro
1832 2059 1892 2086 Mil.
1912 2068 1933 2085 c.
1947 2068 1989 2092 29.
2021 2063 2040 2086 i.
2054 2060 2118 2096 quod
2129 2067 2158 2096 p.
2172 2071 2195 2088 a.
2215 2061 2331 2096 dixerat,
2369 2063 2411 2091 ui.-
2441 2065 2446 2079 ⁸

242 2114 332 2135 torum
347 2117 352 2133 :
376 2112 402 2132 et
417 2105 472 2132 duo
487 2113 584 2139 genera
595 2113 627 2138 ap
648 2105 725 2131 ellata
739 2107 805 2132 sunt.
842 2107 916 2140 Conf.
932 2113 982 2133 AD
991 2113 1008 2132 L
1017 2113 1033 2132 E
1043 2112 1060 2132 c
1069 2112 1090 2131 T
1100 2113 1110 2131 1
1125 2115 1131 2130 :
1156 2107 1187 2130 it.
1203 2102 1296 2129 Tacit.
1363 2101 1413 2128 bus
1427 2100 1539 2126 deorum
1551 2098 1669 2125 honores
1682 2095 1847 2123 tribuuntur.
1917 2095 2020 2130 Opinio
2033 2096 2062 2123 in
2073 2096 2164 2131 aliquo
2177 2098 2325 2124 consecrata
2337 2072 2369 2125 12
2442 2096 2444 2100 ’

243 2145 312 2171 Ann.
327 2151 359 2175 ii,
375 2144 406 2169 26
430 2140 520 2167 Paucis
536 2140 589 2166 iam
605 2148 633 2166 re
646 2140 717 2174 iquis
731 2139 913 2170 familiarum,
929 2149 993 2173 quas
1007 2139 1136 2165 Romulus
1149 2138 1297 2168 maiorum,
1315 2137 1344 2163 5⁵
1361 2144 1412 2170 pro
1419 2136 1488 2161 Sext.
1497 2143 1550 2168 143.
1621 2132 1761 2158 Solleinnis
1774 2131 1949 2164 comitiorum
1957 2133 2076 2167 precatio
2084 2131 2276 2160 Consularibus
2288 2134 2385 2169 auspic·
2426 2135 2429 2138 ’

240 2185 267 2207 ct
287 2179 317 2205 L.
332 2179 428 2204 Brutus
448 2177 586 2203 minorum
605 2176 724 2209 gentium
745 2175 956 2210 appellauerant,
978 2181 1024 2200 etc.
1085 2175 1197 2199 Inualuit
1217 2178 1298 2197 tamen
1364 2170 1514 2195 consecrata
1527 2169 1585 2194 Cic.
1599 2176 1648 2200 pro
1666 2168 1788 2193 Muraen.
1803 2176 1822 2193 1.
1892 2167 1966 2194 Idem
1978 2168 2061 2203 Tusc.
2076 2177 2102 2201 1,
2117 2177 2147 2201 32
2173 2170 2270 2196 Vetera
2283 2169 2337 2196 iam
2355 2170 2361 2176 '

241 2225 302 2246 mos,
320 2220 350 2240 vt
362 2211 418 2247 fine
437 2213 523 2246 copula
537 2212 623 2237 Patres
638 2211 790 2245 Conscripti
802 2211 969 2245 appellaretur
983 2211 1100 2239 Senatus,
1121 2217 1146 2234 υ.
1168 2216 1194 2243 g.
1227 2206 1296 2239 Nep.
1363 2211 1388 2230 et
1403 2203 1537 2237 religione
1549 2202 1672 2228 omnium
1685 2203 1843 2228 consecrata.
1913 2203 2097 2238 Tempestates
2113 2204 2212 2231 ritibus
2224 2205 2320 2240 Populi
2333 2206 2356 2233 R

241 2259 284 2283 23,
299 2258 337 2284 12,
351 2257 376 2275 2.
434 2248 476 2275 Sic
489 2246 546 2273 Cic.
559 2245 672 2280 Philipp.
689 2255 723 2278 13,
736 2251 777 2276 28.
801 2249 859 2271 item
876 2245 947 2279 prost
960 2245 1016 2271 red.
1032 2244 1061 2270 iii
1075 2244 1170 2270 Senatu
1185 2249 1229 2277 pr.
1252 2248 1298 2267 etc.
1363 2239 1528 2266 consecratae
1541 2238 1598 2264 Cic.
1612 2236 1644 2263 de
1661 2237 1843 2264 Natur.De0r.
1859 2245 1882 2269 3,
1895 2245 1929 2270 51.
2126 2238 2147 2277 q
2167 2249 2184 2267 2
2221 2241 2351 2268 Confecta

243 2288 312 2323 Qi'n
328 2282 455 2312 Officium
472 2281 629 2316 conscripti,
647 2280 680 2314 2st
694 2283 825 2309 Senatoris
842 2280 909 2307 Hor.
923 2281 953 2306 in
966 2281 1029 2306 Arte
1044 2280 1116 2305 Poet.
1129 2287 1184 2311 314.
1357 2283 1407 2312 pro
1424 2272 1591 2301 Consecrabo
1609 2273 1742 2299 veteribus.
1784 2272 1867 2299 Plaut.
1880 2274 1948 2300 Pers.
1963 2282 1995 2307 2,
2016 2282 2045 2308 5,
2064 2282 2083 2310 7
2108 2275 2156 2302 Sed
2170 2276 2231 2311 quis
2248 2276 2292 2303 hic
2310 2286 2342 2304 an

279 2328 295 2349 C
307 2328 326 2348 o
336 2327 357 2345 Ν
367 2327 380 2346 s
390 2325 407 2346 C
416 2326 435 2346 R
446 2326 478 2345 11²
488 2325 509 2345 Τ
518 2325 573 2345 νΜ
582 2340 591 2352 ,
611 2317 629 2344 i.
655 2326 681 2344 n.
718 2317 762 2350 Vt,
777 2317 909 2344 Virorum
921 2321 1044 2343 veterum
1057 2313 1204 2347 conscripta
1217 2310 1299 2338 Ouid.
1309 2314 1345 2340 60
1363 2311 1481 2338 ambulat
1495 2308 1634 2344 magnifice
1648 2307 1831 2337 consecrabor.
1885 2308 1984 2336 Aul-‘lor
1997 2311 2071 2338 Non.
2086 2318 2113 2346 7,
2132 2320 2175 2344 92.
2212 2312 2260 2340 Sed
2277 2322 2348 2340 error

243 2357 331 2385 Trist.
348 2363 370 2389 ς’
384 2364 406 2387 3⁷
422 2363 458 2388 ὃς.
994 2380 997 2384 .
1363 2346 1489 2382 legendum
1507 2349 1587 2377 enim,
1605 2351 1635 2370 vt
1653 2344 1721 2380 apud
1739 2345 1854 2371 Plautum
1871 2343 1938 2372 νεέῖε
1954 2345 2052 2380 editur,
2072 2347 2270 2382 Conscreabor,
2288 2354 2313 2376 et
2331 2358 2343 2376 e

279 2400 296 2420 c
307 2398 326 2418 o
337 2399 358 2418 N
368 2399 380 2418 s
389 2398 406 2418 c
419 2398 436 2417 R
449 2397 482 2417 ir
491 2396 512 2416 Τ
521 2397 531 2416 i
542 2395 561 2415 o
573 2409 581 2421 ‚
609 2388 678 2415 onis.
714 2388 735 2415 f.
774 2386 944 2423 [συγγραφή]
981 2386 1038 2415 Cic.
1059 2393 1109 2420 pro
1131 2382 1235 2411 Cluent.
1258 2388 1299 2414 191
1365 2386 1442 2408 mitur
1453 2385 1520 2407 ratio
1533 2380 1677 2416 inflatorum
1697 2387 1721 2406 et
1734 2378 1948 2407 instabundorum.

245 2438 266 2455 c.
280 2431 315 2462 67
342 2426 466 2454 Eiusdem
479 2426 611 2452 amentiae
623 2425 703 2451 falsae
717 2424 925 2458 conscriptiones
941 2422 1143 2458 quaestionum,
1157 2428 1189 2445 ex
1204 2417 1300 2445 eodem
1405 2422 1421 2443 C
1432 2422 1451 2442 o
1463 2423 1485 2441 N
1495 2423 1507 2442 s
1516 2423 1532 2442 Ε
1541 2423 1559 2442 C
1568 2422 1617 2442 RA
1626 2423 1648 2442 N
1658 2421 1686 2446 s,
1704 2415 1781 2454 antis.
1816 2416 1884 2442 Part.
1923 2416 2036 2450 Vulgata
2049 2418 2142 2446 Ezech.
2157 2421 2196 2452 16,
2211 2427 2245 2446 ιι.
2382 2445 2386 2453 ,
2414 2436 2420 2455 1
2448 2438 2450 2441 ι

246 2465 339 2491 furore
361 2463 441 2490 etiam
461 2462 509 2488 illa
531 2460 705 2487 conscelerata
726 2459 842 2487 exsectio
861 2460 977 2494 linguae.
1048 2458 1087 2484 De
1106 2455 1172 2482 libri
1188 2453 1302 2481 conseri·
1402 2456 1702 2482 CONSECRATIO,
1719 2453 1787 2477 5⁰1⁵·
1823 2450 1843 2476 f·
1879 2451 2045 2486 [καθιέρωσις]
2082 2453 2247 2488 Consu-randi
2254 2458 2368 2483 caerimm
2420 2458 2428 2469 Ι

246 2501 339 2536 ptione
351 2498 481 2525 meditans
495 2496 548 2524 Sid.
562 2498 606 2531 Ep.
623 2504 648 2531 7,
662 2501 696 2527 18.
769 2496 797 2523 Si
811 2497 936 2536 qualsunt
950 2494 1035 2523 literis
1050 2489 1301 2533 conscriptionibus·
1317 2485 1349 2518 65
1367 2488 1423 2515 Cic.
1438 2496 1487 2528 pro
1500 2486 1590 2526 Domo
1606 2487 1652 2511 106
1672 2486 1747 2525 Qiae
1767 2485 1877 2525 tuafuit
1895 2487 2057 2527 consecratio
2070 2488 2080 2514 3
2119 2489 2193 2515 Idem
2208 2499 2258 2524 pro
2270 2491 2361 2518 Domo
2372 2483 2410 2524 [ἐξ
2428 2454 2444 2528 ξ

246 2544 299 2580 que
318 2534 440 2561 mandata
460 2533 561 2560 Arnob.
577 2542 586 2559 1
613 2542 637 2567 p.
652 2541 693 2566 34.
765 2530 1015 2567 Conscriptionibus
1035 2535 1181 2556 memoriae
1199 2526 1302 2553 tradere
1368 2533 1389 2550 c.
1401 2529 1436 2565 '48
1459 2522 1505 2563 Sin
1525 2521 1573 2548 ista
1593 2520 1755 2547 consecratio
1768 2520 1887 2554 legitima
1901 2521 1958 2561 est,
1977 2522 2042 2556 quid
2057 2522 2108 2555 est,
2129 2524 2202 2564 quod
2221 2525 2366 2566 profanum
2383 2520 2442 2588 {ff

246 2569 406 2605 witnpraef.
416 2578 441 2604 7.
475 2568 704 2603 Add.1d.praef.5.
1366 2566 1420 2587 tuis
1435 2559 1512 2586 bonis
1532 2558 1580 2584 effe
1594 2555 1685 2591 ponit?
1712 2557 1753 2582 An
1766 2557 1928 2583 consecratio
1941 2557 2045 2583 nullum
2057 2558 2136 2585 habet
2150 2568 2207 2592 ius,
2225 2559 2390 2591 dedicatiole
2412 2567 2444 2600 ..ν-Ι

283 2614 300 2634 c
310 2613 328 2632 o
338 2613 380 2632 Ns
390 2612 433 2632 CR
444 2612 477 2631 11³
487 2612 508 2631 T
520 2611 540 2631 o
551 2612 569 2631 R
579 2624 587 2637 ,
607 2605 672 2630 oris.
697 2613 732 2631 in.
768 2603 879 2638 Quin&
893 2602 1010 2630 Declain.
1023 2609 1075 2638 277
1095 2599 1227 2628 Conditor
1240 2604 1301 2624 coii-
1367 2595 1493 2630 religiosa
1507 2595 1516 2620 3
1572 2594 1639 2620 Item
1654 2591 1800 2623 οἷποθέωσις,
1810 2591 1865 2625 stne
1877 2592 2017 2619 Deificatio
2033 2594 2223 2629 Imperatorum,
2243 2602 2274 2622 vt
2290 2595 2421 2633 interpressf
2440 2601 2443 2613 ι

247 2643 415 2677 scriptorque
431 2640 504 2674 legis.
541 2639 615 2675 Cous.
627 2640 733 2679 Arnob.
748 2647 762 2680 ι.
779 2649 803 2675 p.
818 2649 846 2673 33
865 2646 889 2666 et
909 2648 950 2673 34.
1367 2639 1438 2659 tatur
1452 2629 1573 2658 Tertull.
1594 2627 1672 2663 Apol.
1692 2636 1720 2654 11
1749 2628 1807 2654 Cum
1828 2631 1920 2654 mortui
1939 2630 2103 2664 Imperatores
2119 2637 2188 2656 certa
2198 2630 2365 2666 fiillemnitate
2383 2634 2416 2665 a&

284 2685 302 2705 C
311 2685 330 2705 0
339 2685 361 2703 N
371 2684 383 2703 S
393 2683 409 2703 C
419 2683 438 2702 R
449 2682 469 2701 V
478 2682 499 2702 T
508 2682 527 2702 O
538 2682 574 2707 R,
593 2679 643 2701 ari.
679 2676 788 2702 Firmic.
1312 2671 1349 2699 70
1366 2670 1516 2695 caerimonia
1533 2668 1560 2692 in
1579 2666 1687 2692 Deorum
1704 2672 1831 2690 numerum
1848 2663 2021 2699 referebantur
2033 2675 2044 2695 ‚·
2076 2664 2141 2691 vnde
2156 2665 2231 2692 DIVI
2247 2665 2414 2703 cognomina?
2429 2674 2438 2690 l·
2448 2658 2460 2690 ’ὓ

286 2719 305 2741 c
317 2719 337 2739 o
349 2721 370 2739 N
380 2720 392 2739 s
403 2719 419 2739 c
428 2718 473 2738 VL
483 2718 498 2737 P
507 2717 529 2736 T
538 2716 559 2736 v
568 2717 596 2741 s,
617 2719 647 2743 a,
669 2719 723 2737 uni.
761 2711 855 2738 Partic.
891 2709 1011 2737 Tertull.
1360 2704 1487 2741 suerum,
1503 2700 1568 2739 quod
1581 2703 1691 2736 primum
1705 2700 1732 2740 C²
1746 2700 1810 2726 Iulio
1829 2699 1930 2735 Caesari
1948 2703 2065 2737 contigit.
2104 2701 2163 2729 Vid.
2178 2701 2252 2728 Seru.
2265 2702 2300 2729 ad
2310 2704 2373 2731 Aen.
2386 2700 2387 2703 ’
2399 2696 2404 2702 ’
2430 2723 2441 2732 ,.

284 2756 302 2777 c
311 2757 330 2776 o
341 2756 362 2775 N
371 2756 383 2776 s
393 2754 410 2774 C
421 2755 439 2774 v
450 2754 466 2773 L
475 2754 490 2773 r
500 2754 522 2773 T
532 2754 541 2772 i
550 2753 566 2772 L
576 2753 585 2772 1
594 2753 607 2773 s
616 2765 624 2778 ,
652 2755 675 2772 e.
712 2746 772 2774 Adi.
809 2746 947 2781 Augustin.
1366 2748 1408 2774 45.
1463 2740 1494 2766 Et
1507 2738 1567 2764 hinc
1579 2736 1769 2777 Consecutio,
1782 2741 1832 2770 pro
1846 2736 2040 2772 Inungui-atione
2053 2736 2187 2772 aliquando
2206 2738 2358 2775 ofin-patum
2384 2740 2394 2745 ⁷·
2430 2752 2436 2761 ..

285 2792 359 2813 CON
369 2790 407 2810 sc
417 2790 437 2809 v
447 2790 463 2808 ι.
473 2790 487 2808 P
497 2789 518 2809 T
528 2788 590 2814 on,
610 2782 675 2808 oris.
713 2791 748 2808 m.
785 2784 900 2809 Hieron.
1108 2783 1110 2785 '
1360 2781 1435 2813 patet
1453 2784 1482 2802 ex
1496 2775 1588 2801 Veteri
1607 2773 1645 2799 La
1664 2771 1707 2798 ide
1725 2772 1816 2798 Romae
1829 2780 1837 2795 :
1993 2774 1997 2775 ⁷
2383 2767 2405 2807 ‘'-
2446 2789 2450 2799 ,

286 2824 631 2850 CONSCV1.PTVRA,
651 2826 689 2844 ac.
728 2818 748 2844 f.
783 2818 866 2845 Idem.
1593 2781 1675 2834 ΗΓ)
1703 2807 1739 2834 N·
1760 2806 1797 2834 N·
1822 2806 2041 2834 VALENTE.
2065 2807 2098 2834 V.
2123 2808 2189 2835 ET.
2366 2806 2388 2830 ν’
2439 2824 2448 2831 .-

287 2853 494 2886 (ῐοΝείῑΟο,
526 2853 614 2886 secui,
642 2853 757 2886 sec'tum,
784 2857 836 2880 arc.
874 2851 1008 2888 [διοιπρίω]
1061 2850 1152 2878 Totum
1170 2851 1198 2876 in
1212 2852 1302 2884 partes
1317 2851 1350 2882 75
1498 2842 1864 2872 VALENTINIANO.
1888 2843 2085 2870 IVNIORE.
2108 2844 2288 2872 PRIMVM.
2378 2824 2408 2903 ἦ

242 2893 340 2930 ficare.
376 2890 443 2917 Plin.
458 2892 498 2922 36,
513 2891 546 2916 26
567 2889 584 2917 s.
597 2891 632 2915 66
659 2889 733 2915 Acies
753 2895 824 2916 tanta
847 2889 882 2914 est
901 2895 1073 2923 quacunque,
1092 2892 1121 2914 vt
1134 2886 1200 2912 citra
1215 2883 1302 2911 vllum
1629 2880 1724 2906 AVG.
1745 2878 1862 2905 CONS.
1882 2879 1934 2905 VI.
1953 2879 2004 2905 11).
2025 2879 2155 2906 APRIL.

251 2929 353 2955 sensum
371 2926 403 2953 ad
417 2926 469 2952 ossa
482 2925 599 2952 consecet
614 2925 747 2960 quidquid
759 2924 888 2951 afflauerit
901 2923 1035 2957 corporis:
1057 2923 1084 2948 dr
1097 2925 1166 2949 vitro
1178 2920 1304 2947 candente.
1542 2916 1595 2943 AV
1604 2915 1666 2943 RR.
1681 2916 1705 2942 V
1714 2915 1755 2942 IC
1763 2913 1862 2941 TOR.
1881 2915 1936 2941 AV
1945 2914 1995 2941 GE
2004 2914 2120 2941 NTIV
2129 2915 2152 2942 S.
2171 2916 2206 2943 V.
2222 2917 2254 2943 C.
2374 2931 2375 2934 =
2390 2918 2395 2940 ἵ

250 2963 333 2991 Ouid.
341 2962 427 2989 Trist.
443 2970 464 2993 3,
479 2970 505 2994 9,
519 2970 552 2994 34
575 2960 639 2987 Inde
649 2961 756 2987 Tomos
770 2960 856 2987 dietus
870 2960 942 2986 locus
957 2959 999 2985 hic
1007 2978 1015 2991 ‚
1035 2959 1099 2993 quia
1112 2957 1199 2984 fertur
1212 2956 1241 2982 in
1254 2955 1303 2981 illo
1399 2971 1401 2973 -
1437 2953 1466 2982 P.
1489 2951 1516 2980 Ρ.
1546 2951 1674 2979 FILIO.
1706 2950 1793 2978 SVO.
1821 2950 1842 2976 A
1851 2950 1870 2976 E
1878 2950 2004 2977 MILIA
2013 2950 2081 2977 ΝΟ.
2109 2951 2131 2978 C
2139 2951 2344 2981 ORYFONI.
2369 2966 2380 2975 -ι
2437 2968 2441 2976 .

252 2999 375 3027 Membra
393 2999 469 3024 soror
489 2997 580 3023 fratris
600 2997 757 3024 consecuisse
776 2997 833 3030 sui,
859 2995 948 3023 Medea
966 2993 1042 3030 Abho
1051 2997 1080 3021 ti.
1157 2992 1303 3020 Consecare
1544 2986 1748 3015 OLYMPIO.
1767 2986 1797 3012 C.
1812 2985 1838 3012 P.
1860 2985 1976 3013 ANNO.
1991 2986 2239 3015 TRICESIMO
2269 2986 2273 2989 “
2292 3011 2295 3013 .
2342 2992 2347 2996 “

251 3035 407 3062 minutatim
421 3035 498 3060 Varr.
510 3032 542 3059 de
555 3033 586 3059 R.
599 3033 630 3059 R.
646 3041 668 3066 3,
683 3041 721 3066 10,
735 3035 760 3060 6.
833 3032 979 3059 Consecare
992 3030 1021 3056 in
1036 3036 1125 3056 tenues
1138 3028 1303 3055 membranas
1317 3031 1351 3058 80
1626 3024 1649 3050 C
1657 3023 1681 3050 Ο
1688 3022 1716 3050 Ν
1723 3023 1738 3049 S
1746 3022 1765 3049 E
1773 3022 1795 3048 C
1803 3021 1825 3049 R
1832 3022 1853 3047 A
1861 3021 1891 3048 T
1898 3021 1910 3048 1
1918 3022 1943 3048 O
1952 3021 2028 3048 NIS.
2049 3022 2064 3048 S
2071 3023 2094 3049 V
2102 3023 2124 3049 A
2133 3023 2161 3050 E.
2276 3024 2278 3026 ’

253 3071 320 3098 Plin.
338 3079 379 3103 30,
394 3078 420 3103 4.
1403 3066 1421 3088 C
1433 3065 1453 3087 ο
1463 3064 1507 3086 Ns
1516 3065 1533 3086 E
1543 3064 1560 3085 c
1570 3065 1590 3086 R
1599 3059 1622 3086 A
1631 3066 1652 3086 T
1661 3065 1680 3086 o
1689 3065 1725 3092 R,
1749 3057 1814 3085 oris.
1850 3066 1886 3084 m.
1922 3056 2036 3084 Hieron.
2055 3058 2101 3093 Ep.
2122 3064 2150 3092 83
2176 3058 2209 3086 ad
2224 3059 2336 3086 Ocean.'
2345 3065 2368 3088 e.
2379 3059 2400 3077 ἵ·

289 3113 306 3133 c
318 3112 337 3132 0
347 3113 369 3132 N
379 3113 391 3132 s
401 3112 417 3132 Ε
427 3110 444 3131 c
456 3110 477 3129 'r
487 3109 508 3128 v
518 3110 531 3130 s
540 3122 548 3135 ,
572 3112 586 3129 a
595 3123 603 3135 ‚
623 3112 679 3130 um.
716 3104 784 3131 Part.
819 3102 927 3130 Brassica
942 3102 1008 3129 Cato
1020 3100 1051 3127 R.
1062 3100 1092 3126 R.
1108 3109 1129 3126 c.
1144 3107 1196 3134 157.
1233 3099 1303 3127 Con·
1367 3095 1488 3124 Tertull.
1501 3095 1533 3122 de
1546 3094 1609 3122 Pud.
1627 3104 1649 3122 c.
1664 3103 1702 3122 21.
1737 3092 1845 3121 Firmic.
1857 3101 1887 3126 4,
1900 3100 1926 3128 7.
2386 3093 2392 3109 ἰ
2433 3092 2436 3099 ⁴

255 3141 326 3168 I'ee’to
339 3141 444 3168 arboris
456 3145 551 3166 trunco
572 3139 638 3166 Plin.
653 3147 692 3174 17,
707 3149 745 3167 10.
1406 3138 1423 3159 c
1432 3138 1451 3159 ο
1460 3139 1483 3158 N
1492 3138 1528 3159 SE
1538 3137 1612 3158 CRA
1622 3137 1672 3158 TR
1681 3137 1690 3157 1
1699 3138 1718 3158 x
1728 3149 1737 3161 ,
1764 3129 1822 3156 icis.
1858 3129 1878 3156 f.
1916 3128 2035 3156 Tertull.
2048 3129 2108 3158 adu.
2121 3130 2213 3157 Gnost.
2233 3139 2254 3157 c.
2268 3138 2290 3163 3.

292 3183 309 3203 c
318 3184 337 3202 0
347 3184 367 3203 N
377 3185 388 3203 s
398 3184 414 3203 E
423 3183 439 3203 c
448 3183 469 3202 T
478 3183 488 3201 1
498 3182 517 3202 o
526 3194 533 3206 ‚
559 3175 627 3202 onis.
664 3175 684 3202 f.
720 3173 868 3209 [διάκρισις]
921 3175 970 3207 Vt,
991 3172 1048 3201 Cic.
1063 3171 1095 3198 de
1108 3170 1205 3198 Natur.
1221 3170 1302 3197 Deor.
1405 3174 1422 3196 c
1433 3174 1452 3195 ο
1460 3175 1483 3195 Ν
1492 3174 1504 3193 s
1513 3174 1530 3194 E
1539 3173 1556 3194 c
1567 3174 1645 3194 ΒΑΝ
1653 3173 1670 3194 E
1678 3173 1699 3194 v
1708 3172 1732 3199 S,
1751 3174 1776 3198 a,
1796 3174 1850 3191 um.
1871 3164 1932 3191 Adi.
1969 3165 2123 3199 [συμμύςηῃ
2140 3168 2199 3193 Vet.
2208 3166 2307 3201 Gloffi]
2345 3178 2350 3187 ι

257 3220 284 3246 2,
297 3219 333 3245 151
355 3221 376 3238 c.
390 3214 425 3238 60
446 3210 582 3238 Arborum
595 3216 683 3238 autem
696 3211 865 3238 consefflone
876 3228 885 3244 ,
904 3210 1032 3244 omnique
1053 3207 1164 3235 materia
1182 3213 1209 3232 et
1227 3206 1304 3238 culta,
1322 3211 1351 3243 85
1370 3202 1560 3239 demsacrorum
1571 3206 1713 3238 particeps.
1748 3200 1867 3229 Tertull.
1883 3201 1959 3236 Apol.
1976 3203 2006 3228 16
2025 3203 2218 3230 consecraneus
2230 3202 2328 3229 noster.

257 3254 284 3275 et
297 3247 423 3279 siluestri,
443 3247 539 3281 partim
552 3246 584 3273 ad
597 3247 789 3274 calfaciendum
802 3255 896 3282 corpus
911 3246 968 3281 igni
981 3243 1122 3276 adhibito,
1139 3249 1165 3268 et
1182 3241 1214 3268 ad
1233 3242 1304 3268 miti-
1368 3239 1479 3280 cadulum
1492 3242 1519 3265 iri
1533 3239 1624 3273 castris
1637 3245 1776 3278 repertum,
1795 3238 1879 3278 qualia
1887 3238 1951 3272 fiant
1962 3238 2172 3271 Conterraneiis,
2191 3237 2333 3265 commilit
2362 3246 2380 3258 ⁸
2394 3226 2401 3229 „

257 3283 373 3319 gai-idum
387 3282 478 3308 cibum
492 3282 611 3316 vtimur,
631 3289 677 3311 etc.
1371 3275 1539 3308 militaneus,
1560 3274 1734 3307 suffaraneus,
1755 3273 1913 3300 limitaneus.
1967 3273 2053 3300 Iulius
2067 3274 2235 3309 Capitolinun
2253 3276 2281 3300 in
2300 3273 2387 3300 conci
2406 3296 2408 3298 .
2431 3298 2433 3301 .

294 3326 311 3346 c
322 3325 372 3346 οΝ
382 3324 395 3344 s
405 3316 424 3345 ιῖ
431 3323 448 3343 c
458 3324 477 3343 R
488 3324 507 3344 ο
517 3337 525 3350 ,
545 3322 598 3345 are.
636 3317 788 3354 [uastiqpri'm
809 3316 948 3352 ἓκθιιοίζω]
986 3314 1099 3343 Eiusdem
1110 3312 1307 3354 significationis
1370 3310 1515 3339 Maximini
1529 3310 1652 3351 ‘Caesaris
1667 3319 1688 3336 c.
1704 3318 1735 3343 14
1752 3308 1958 3337 commilitones
1969 3328 1977 3342 ,
1997 3312 2099 3350 inquit,
2119 3310 2228 3342 sacrati,
2249 3309 2334 3336 imino
2347 3316 2391 3336 va.

257 3364 288 3382 ac
303 3355 394 3387 Sacro,
411 3352 476 3394 quod
489 3350 520 3384 ⁶st
535 3355 586 3393 Deo
601 3353 671 3387 dico,
692 3361 716 3381 ct
723 3355 825 3389 fixeram
833 3353 916 3390 facio.
959 3352 1030 3379 Vici.
1048 3351 1080 3378 de
1094 3350 1167 3377 Viris
1177 3348 1277 3389 illustr.
1294 3358 1304 3376 1
1370 3348 1546 3388 consecranei.
1598 3347 1633 3374 Vt
1649 3352 1732 3382 nempe
1750 3348 1841 3378 etiam,
1860 3344 1970 3372 Nullam
1988 3345 2124 3373 ciuitatem
2145 3354 2229 3381 aeque
2249 3345 2337 3372 milita
2380 3352 2381 3356 ¹
2400 3346 2404 3348 ⁷

257 3391 348 3426 Spolia
368 3396 468 3424 optima
488 3388 548 3414 Ioui
566 3389 686 3416 Feretrio
707 3390 735 3416 in
753 3389 889 3425 Capitolio
907 3388 1078 3415 consecrauit.
1151 3385 1207 3412 c1c.
1221 3384 1304 3411 Tusc.
1313 3391 1350 3418 90
1368 3384 1417 3411 effe
1436 3382 1513 3409 dixit.

259 3435 285 3458 2,
294 3433 306 3459 5
327 3425 407 3460 Qiafi
421 3422 523 3452 addicti
536 3429 562 3450 et
573 3426 717 3452 consecrati
731 3426 809 3452 certis
827 3424 986 3461 quibusdam
998 3422 1185 3457 destinatisque
1203 3421 1304 3447 senten·
1406 3414 1423 3446 (Ξ
1432 3425 1451 3446 o
1460 3425 1482 3445 N
1490 3424 1504 3444 s
1512 3424 1529 3445 Ε
1536 3424 1553 3445 c
1562 3423 1584 3444 T
1592 3424 1615 3444 Α
1623 3424 1646 3444 Ν
1654 3423 1672 3444 Ε
1680 3422 1702 3443 v
1710 3424 1724 3444 s
1732 3436 1742 3450 ‚
1777 3417 1797 3443 Ὀ
1805 3422 1825 3443 0
1833 3422 1857 3443 N
1865 3423 1878 3443 S
1887 3422 1904 3443 E
1915 3420 1932 3443 C
1943 3423 1965 3443 T
1973 3422 1995 3444 A
2003 3423 2023 3444 R
2031 3423 2042 3443 1
2049 3423 2104 3444 VM
2111 3435 2131 3450 ,⁷
2153 3416 2198 3444 60
2209 3422 2232 3443 N
2243 3423 2257 3444 s
2266 3422 2284 3443 Ε
2293 3420 2311 3443 c
2319 3421 2342 3443 Τ
2349 3419 2369 3442 0
2415 3420 2417 3422 “

258 3462 313 3489 tiis.
350 3462 418 3489 Hor.
433 3461 521 3488 earm.
537 3468 565 3493 4,
579 3464 601 3491 8,
618 3467 651 3494 27
1369 3454 1422 3483 vid.
1444 3458 1462 3480 c
1471 3460 1491 3480 o
1499 3459 1521 3479 N
1531 3461 1544 3481 s
1553 3461 1570 3480 iz
1577 3460 1628 3493 Qv
1637 3459 1656 3480 o
1664 3459 1693 3480 R.
2361 3474 2364 3478 .

459 3495 585 3529 Ereptum
603 3495 699 3530 Stygiis
720 3496 845 3523 fluetibus
861 3496 976 3523 Aeacum
1405 3496 1423 3518 c
1431 3496 1451 3517 0
1459 3496 1482 3516 N
1491 3495 1503 3515 s
1512 3495 1528 3516 E
1535 3494 1552 3515 C
1561 3496 1582 3516 ‘r
1593 3497 1603 3515 1
1611 3494 1631 3515 O
1640 3508 1649 3520 ‚
1684 3487 1737 3515 vid·
1762 3493 1779 3514 C
1789 3493 1808 3514 0
1815 3494 1838 3514 N
1847 3494 1860 3514 S
1869 3493 1886 3514 E
1895 3494 1912 3515 C
1919 3493 1950 3515 0·
2368 3502 2370 3505 ·

459 3530 566 3562 Virtus,
586 3536 612 3556 et
632 3531 726 3564 fauor,
744 3538 770 3558 et
792 3532 882 3567 lingua
903 3530 1052 3567 potentium
1406 3531 1662 3553 CONSBCVTIO
1673 3543 1681 3555 ,
1704 3529 1980 3555 CONSECVTVS,
2014 3521 2070 3549 vid·
2094 3526 2342 3561 CONSEQVOR-
2355 3519 2366 3532 ·’
2384 3522 2390 3551 1

460 3567 558 3593 Vatum
577 3565 708 3592 diuitibus
726 3568 858 3595 consecrat
879 3567 978 3594 insulis.
1321 3571 1354 3604 95
1407 3568 1452 3589 co
1461 3566 1483 3586 N
1493 3566 1529 3587 SE
1537 3567 1556 3588 D
1564 3567 1584 3587 Ο
1593 3580 1602 3593 ‚
1627 3559 1687 3586 5¹¹ss
1696 3579 1705 3592 2
1733 3558 1788 3585 'Uid-
1810 3564 1828 3585 <3
1840 3566 1859 3586 0
1869 3566 1890 3585 N
1899 3566 1912 3586 S
1921 3566 1931 3585 1
1940 3565 1984 3586 DE
1992 3565 2022 3586 0·
2367 3563 2370 3566 ’

263 3602 423 3628 Consecrare
437 3607 463 3629 et
483 3601 589 3637 publice
608 3601 729 3628 dedicare
748 3603 804 3630 Cic.
819 3603 851 3630 de
866 3603 962 3630 Natur.
976 3603 1058 3629 Deor.
1074 3609 1103 3634 2,
1117 3604 1159 3636 78.
1229 3597 1306 3630 Dare,
1407 3603 1451 3625 co
1462 3603 1482 3622 N
1493 3603 1530 3623 SE
1540 3602 1602 3628 Do,
1625 3599 1678 3622 are.
1721 3595 1797 3621 Plane
1810 3594 1906 3630 fidere.
1947 3593 2080 3620 Maximus
2099 3592 2228 3620 tumultus
2244 3598 2298 3620 mat
2333 3591 2340 3597 '
2373 3602 2400 3618 ἰε

264 3636 379 3669 donare,
399 3637 502 3671 dicare,
522 3637 672 3664 consecrare
686 3637 746 3664 Ioui
760 3639 822 3673 Opt.
837 3640 908 3666 Max.
923 3638 995 3666 Idem
1009 3639 1086 3664 Verr.
1101 3646 1129 3670 4,
1148 3636 1192 3670 67.
1249 3634 1306 3660 No·
1373 3632 1467 3661 disieci
1480 3637 1558 3666 atque
1571 3630 1711 3658 consedaui
1725 3630 1793 3657 Cato
1806 3637 1846 3667 ap.
1861 3629 1963 3657 Charis.
1977 3639 1989 3656 2
2007 3638 2032 3664 p·
2046 3633 2100 3662 184-
2116 3661 2123 3667 ‚
2395 3632 2398 3638 '

265 3672 339 3698 mine
353 3672 463 3700 alicuius
477 3673 521 3700 dei
539 3678 584 3700 aut
598 3672 661 3700 deae
673 3673 775 3708 aliquid
794 3675 944 3701 consecrare
962 3674 1019 3701 Cic.
1033 3673 1064 3699 de
1078 3673 1174 3699 Natur.
1188 3670 1268 3696 Deor.
1282 3677 1308 3701 2,
1412 3675 1430 3696 c
1441 3674 1461 3695 o
1470 3673 1490 3694 Ν
1500 3674 1512 3693 s
1521 3674 1538 3694 E
1548 3674 1566 3694 o
1575 3673 1627 3694 AT
1636 3674 1656 3693 v
1667 3673 1681 3692 s
1691 3687 1699 3699 ,
1718 3675 1749 3698 a,
1767 3674 1822 3692 um.
1858 3665 1952 3693 Partic.
1987 3665 2042 3692 ICt.
2055 3663 2151 3697 inDig.
2390 3692 2394 3697 ,

267 3709 304 3740 66
326 3717 348 3733 c.
361 3710 401 3733 26.
472 3708 545 3736 Idem
566 3718 614 3744 pro
634 3709 723 3736 Domo
743 3713 783 3739 128
803 3718 825 3735 c.
843 3717 871 3742 55
897 3708 1125 3736 Consecrabantiir
1143 3705 1234 3738 aedes,
1252 3713 1308 3731 non
1410 3709 1484 3732 coN
1495 3707 1637 3730 SEDA‘N
1648 3708 1683 3734 o,
1702 3702 1771 3729 onis.
1807 3701 1828 3729 f.
1863 3701 1913 3728 Iid.
1928 3700 1966 3728 ib.
2375 3695 2405 3735 21?

268 3743 434 3777 priuatorum
451 3743 603 3777 domicilia,
622 3744 665 3771 sed
685 3753 752 3785 quae
773 3745 857 3771 sacrae'
875 3745 1047 3772 nominantur
1061 3755 1067 3771 z
1091 3740 1308 3770 consecrabantur
1317 3750 1364 3769 100
1409 3745 1483 3768 coN
1494 3746 1507 3766 s
1517 3745 1533 3765 Ε
1543 3744 1561 3764 D
1571 3744 1694 3770 ATOR,
1717 3738 1780 3765 oria.
1814 3745 1851 3763 m.
1886 3735 1937 3764 Iid.
1953 3736 1982 3763 in
1997 3733 2064 3762 Cod.
2293 3743 2295 3747 ¹

268 3779 340 3813 agri,
356 3787 410 3805 non
424 3779 459 3805 ita
471 3786 500 3807 vt
513 3780 601 3807 nostra
614 3780 735 3815 praedia,
754 3779 772 3806 fi
787 3780 846 3815 quis
861 3779 957 3812 vellet,
975 3779 1018 3807 scd
1032 3786 1060 3807 vt
1073 3780 1222 3814 Imperator
1234 3784 1309 3810 agros
1409 3782 1427 3803 c
1436 3781 1486 3802 0N
1495 3781 1507 3802 s
1517 3781 1533 3801 ε
1543 3780 1560 3800 1.
1569 3779 1584 3799 L
1594 3781 1616 3800 A
1625 3780 1641 3800 E
1650 3793 1659 3806 ,
1677 3781 1761 3800 arum.
1786 3770 1856 3805 plur.
1885 3775 1905 3799 i.
1920 3773 2033 3799 Geminae
2040 3768 2124 3805 sellae.
2160 3767 2292 3797 Consellas
2304 3773 2356 3803 quo
2370 3802 2375 3803 ⁷
2404 3803 2406 3806 Ι
2428 3767 2433 3791 Ι

268 3813 301 3840 de
320 3813 438 3840 hostibus
455 3822 542 3850 captos
561 3817 741 3843 consecraret:
772 3815 951 3842 statuebantur
969 3824 1043 3848 arae,
1064 3824 1132 3850 quae
1151 3811 1310 3847 religionem
1375 3809 1534 3848 praeualidis
1548 3809 1576 3835 in
1590 3808 1700 3835 funibus
1713 3813 1784 3844 aptas
1797 3806 1882 3834 Lucil.
1895 3814 1936 3849 ap.
1950 3805 2022 3833 Non.
2033 3814 2062 3838 4,
2076 3813 2097 3837 3.
2297 3803 2301 3813 ’
2338 3835 2345 3842 ·
2372 3805 2401 3839 j

267 3849 408 3881 afferrent,·
435 3849 491 3884 ipso
511 3851 527 3877 fi
549 3851 609 3879 loco
627 3853 706 3879 essent
724 3852 896 3879 consecratae.
968 3852 1016 3877 Ars
1036 3850 1146 3877 curandi
1165 3847 1310 3882 tuendique
1410 3852 1485 3873 con
1496 3851 1712 3876 snmmnvs,
1731 3853 1762 3876 a,
1777 3851 1831 3869 um.
1869 3843 1930 3874 Adi.
1953 3839 2122 3876 [ὅμόσπᾳρος]
2161 3840 2206 3873 Vt,
2226 3832 2407 3870 Conseiiiiiieaff¹
2428 3840 2433 3856 ff

268 3885 404 3920 corporis,
423 3891 501 3919 atque
517 3886 573 3913 eius
589 3887 706 3920 vtilitas‚
725 3887 838 3915 deorum
852 3885 1045 3913 immortalium
1059 3884 1210 3913 iniientioni
1223 3883 1311 3910 conse·
1374 3882 1484 3915 vineae,
1505 3884 1531 3907 in
1550 3881 1637 3916 quibus
1656 3881 1734 3906 multa
1751 3885 1775 3904 ct
1788 3878 1970 3939 variasstmina
1984 3879 2074 3902 vitium
2090 3875 2195 3912 confusa
2202 3875 2280 3911 sunt,
2296 3879 2350 3903 nee,
2375 3873 2377 3875 ’

267 3928 338 3948 erata
351 3920 408 3947 Cic.
424 3919 507 3948 Ture.
520 3930 541 3953 3,
554 3930 574 3949 1.
600 3926 619 3949 i.
631 3923 767 3960 adscripm.
839 3922 957 3950 Belluam
968 3921 1068 3949 nullam
1082 3921 1131 3949 nisi
1142 3921 1179 3949 ob
1193 3919 1310 3964 ali-quam
1319 3926 1364 3955 105
1370 3920 1438 3953 priis
1449 3916 1579 3954 generibus
1592 3914 1722 3950 distinfl'a.
1758 3913 1870 3941 Colum<
1882 3931 1889 3940 .
1902 3920 1928 3945 3,
1940 3918 1987 3946 217
2009 3911 2094 3947 quue
2106 3910 2137 3938 in
2148 3910 2236 3938 vineis
2253 3916 2405 3968 noum
