2474 4182
46 171 121 212 ¹¹4¹
424 153 459 195 C
547 153 583 192 O
672 150 716 190 N

48 247 130 274 nino.
166 243 309 274 Conflifflo
325 243 441 270 duorum
459 242 529 268 inter
542 241 567 267 se
579 246 722 274 corporum
743 237 854 272 Qiiuc't.
868 241 958 272 3‚6,6.

47 284 75 310 in
87 282 175 310 Partit.
189 289 236 313 104
257 289 278 307 c.
293 288 325 312 29
351 280 387 306 Ex
400 278 517 306 rationis
532 282 618 302 autem
637 280 662 300 et
682 282 714 299 ex
728 273 887 301 firmamenti
906 274 1088 307 conflatione,

23 332 24 344 l
48 325 74 345 et
86 316 155 352 quasi
175 315 318 347 concursu,
338 315 454 350 quaestio
472 313 591 339 exoritur
609 309 752 344 quaedam,
772 319 850 345 quam
872 311 1087 344 disceptationem

23 368 24 383 ;
47 361 122 380 voco.
191 352 293 378 Primus
308 351 353 378 ille
366 351 459 381 status‚
477 354 502 374 et
514 345 583 381 quafi
597 345 734 371 conflictio
749 355 807 371 cum
822 347 973 372 aduersario
987 347 1042 372 Cic.
1057 347 1085 372 in

23 412 24 419 ,
47 387 134 415 Partit.
150 394 195 412 102
217 396 238 413 c.
254 395 293 419 29.
617 416 622 420 ”
667 417 671 420 -

23 439 25 459 f
44 422 128 450 flictio
142 423 302 454 Causarum,
322 429 353 448 ex
367 419 516 455 depulsione
528 417 685 454 intentionis
700 417 819 451 prosc-&a
834 428 839 443 t
864 417 914 444 hoc
929 418 1009 443 modo
1019 437 1026 449 ,
1046 418 1083 443 se—

23 468 25 489 1,
46 458 103 485 cisti
117 469 122 484 ε
144 467 199 484 non
213 459 282 490 feci,
301 464 345 483 aut
363 457 421 483 iure
439 453 498 482 feci.
569 453 678 485 Quinct.
691 461 713 484 3,
727 455 752 483 6,
765 462 783 486 4
810 453 909 479 Statum
925 452 1032 486 quidam
1046 452 1084 478 di-

23 498 25 527 l
44 500 139 521 xerunt
158 494 272 528 primam
290 493 422 519 causarum
441 487 652 520 conflictionem,
677 497 744 522 quos
763 494 831 515 recte
851 488 964 519 senlisse,
990 497 1082 522 parum

23 528 25 570 1
45 529 163 568 elocutos
182 536 254 564 puto.
311 529 374 555 Non
393 525 428 552 est
446 524 517 550 enim
532 523 609 549 status
625 524 710 558 prima
723 524 857 550 conflictio
891 538 935 543 —-
973 523 1046 556 Quid
1064 523 1081 549 li

23 576 26 600 ι,
44 565 116 592 enim
130 565 199 592 dicat
212 565 280 600 quis,
295 565 376 590 Sonus
390 560 425 587 est
437 559 552 586 duorum
568 560 637 586 inter
651 559 676 586 se
689 569 833 594 corporum
846 559 988 590 conflictio,
1003 564 1082 591 erret,
1103 565 1131 584 ιο

24 601 26 615 l
45 607 74 628 vt
89 601 187 635 opinor
200 611 204 626 :
229 609 283 627 non
297 599 366 626 enim
380 597 457 622 sonus
471 595 507 621 est
522 596 674 627 conflictio,
695 595 738 621 scd
753 605 783 621 ex
799 595 974 622 conflictione.
1033 595 1083 620 Re-

44 646 103 663 rum
116 636 307 663 contrariarum
319 639 344 660 et
358 631 522 658 dissimilium
537 637 563 657 ct
575 632 645 658 inter
659 632 684 657 se
698 632 871 666 pugnantium
885 630 1019 658 conflictio
1028 630 1083 657 Cic.

17 684 26 701 μ
44 673 72 699 in
86 672 173 698 Partis.
188 679 215 705 53
243 681 263 697 c.
278 671 312 696 16.

17 688 26 741 l
82 712 158 733 con
171 711 348 735 Ριιοτνε,
375 701 413 729 fis.
449 712 484 729 m.
520 701 710 736 [ffu'ynpgmof]
749 701 823 728 Idem.
861 702 1007 729 Conflictus
1027 709 1086 728 cor-

23 746 26 774 Ι
44 752 141 784 porum
162 742 217 769 Cic.
238 749 285 775 pro
303 739 409 766 Caecin.
428 747 472 771 42.

44 788 133 814 ignem
153 778 268 804 videmus
289 775 361 801 Idem
381 775 413 801 dc
428 775 523 801 Natur.
538 774 617 799 Deor.
635 781 659 803 2,
674 780 703 805 23
727 782 748 798 c.
765 782 790 806 9.
861 775 892 799 Et
907 773 938 798 de
954 773 1043 799 Diuin.
1058 781 1084 805 2,

19 782 26 844 l
44 823 83 847 44
109 814 136 841 Si
156 820 241 840 autem
256 810 379 837 Nubium
400 811 524 836 conflictu
544 809 624 835 ardor
645 809 775 842 expressus
796 809 821 835 se
841 808 975 841 emiserit,
995 808 1023 835 id
1036 810 1084 835 css'e

24 845 26 866 ³
47 850 156 876 fulmen.
224 847 318 873 Fatalis
346 845 512 872 incommodi
528 845 651 870 conflictu
665 844 755 878 vrgeri
768 844 838 871 Geli.
853 846 880 876 6,
894 852 918 870 2.

22 870 26 893 l
81 892 97 912 C
107 891 154 912 ON
163 889 178 910 F
188 889 205 908 L
217 890 225 909 1
239 889 258 909 G
268 890 287 909 ()
296 903 304 915 ,
333 886 384 908 ἅτε.
421 880 597 908 Contendere.
633 881 728 905 l’acuu.

80 926 98 947 c
108 926 157 946 ON
168 925 183 945 F
194 925 208 944 1.
219 926 227 945 1
237 925 257 945 G
270 925 291 944 Α
301 925 322 945 Τ
332 926 351 944 v
362 926 373 944 s
383 938 391 950 ,
409 927 432 948 a,
452 927 506 943 um.
536 916 628 942 Partic.
660 915 780 941 Frontin.
795 914 823 940 in
836 915 988 948 Stratagcm.
1003 923 1026 947 2,
1038 923 1060 947 3,
1071 922 1084 947 ς
1099 923 1134 942 20
1151 917 1222 941 fluat.

44 956 86 983 Ne
103 963 134 982 ea
154 960 227 989 parte
248 960 308 980 ante
326 963 386 979 cum
406 953 478 979 hoste
499 952 667 986 confligeret,
692 959 772 985 quam
791 950 917 977 cornibus
937 951 1085 985 confligatis

24 990 142 1052 {mecgos
163 990 280 1025 vndique
305 989 524 1016 circumuenitset.
575 989 616 1016 Sic
629 987 704 1014 MSS.
727 993 751 1013 et
772 985 842 1012 editi.
900 987 931 1012 Et
945 985 1029 1020 simile
1051 984 1085 1019 est

24 1037 26 1058 g
39 1035 88 1062 pro
110 1035 190 1061 igare.

76 1068 154 1089 cox
167 1068 355 1094 FLiGiviu,
382 1061 400 1087 i.
437 1069 462 1086 n.
498 1058 581 1091 Idem,
599 1057 663 1094 quod
683 1058 838 1084 Conflictus.
876 1057 980 1084 Solinus
999 1065 1029 1091 ¹4
1042 1059 1083 1089 (9)

1031 238 1089 266 cie.

545 737 674 772 Lapidum
694 738 818 764 conflictu
837 743 916 771 atquc
937 739 1003 764 tritu
1023 737 1085 763 elici
1105 746 1130 772 ις

1541 156 1577 196 c
1666 158 1702 197 ο
1790 156 1834 196 N
2120 177 2201 216 „42

1191 246 1208 266 c
1219 244 1238 265 o
1249 246 1271 265 N
1280 245 1297 266 Ρ
1306 247 1322 267 L
1332 247 1352 267 A
1361 247 1399 268 *ri
1411 246 1431 267 o
1442 262 1451 273 ,
1475 242 1542 282 bnis.
1567 244 1587 271 f.
1626 245 1786 280 [χώηυσις]
1823 247 1891 281 Qae
1903 253 1927 272 et
1939 248 2097 280 conflatura.
2141 254 2201 281 Sen.

1155 274 1217 301 Nat.
1228 277 1333 309 Qiaest.
1348 286 1370 310 3,
1379 285 1412 309 29
1430 278 1459 303 Et
1473 280 1528 310 illa,
1537 288 1603 313 quae
1618 282 1645 306 in
1659 282 1819 308 conflatione
1826 281 1922 307 nostris
1933 284 2044 316 placent,
2057 287 2106 312 huc
2120 294 2202 316 trans-

1153 310 1263 337 ferenda
1283 319 1355 353 puto.
1392 315 1449 339 Alii
1462 314 1547 348 legunt
1566 317 1790 350 Conflagrationc.
1828 319 1858 343 Et
1875 320 1931 353 agit
1943 318 2005 353 June
2025 321 2052 345 de
2072 323 2199 356 Exzrsiione

1152 347 1236 371 mundi
1251 347 1348 379 stom,
1367 357 1426 382 quae
1442 355 1523 374 tamen
1546 359 1593 375 non
1608 353 1833 386 inepteCmnlatio
1846 356 1920 378 ctiam
1935 357 1988 380 aiei
2000 355 2107 382 videtur.
2143 361 2198 385 (Ter-

363 386 436 412 Idem
449 384 481 410 de
494 384 593 408 Inuent.
609 389 632 411 1,
648 386 672 410 18
695 382 857 409 Constitutio
877 383 911 408 est
926 382 1010 416 prima
1025 391 1086 408 con·
1109 385 1124 411 ς
1151 385 1202 407 tius
1220 381 1252 413 est
1265 383 1329 408 illud
1353 383 1472 409 'l‘ertulL
1488 384 1519 409 de
1535 385 1605 418 Fuga
1625 388 1653 412 in
1665 388 1792 414 Persecut.
1804 397 1817 420 3
1851 388 1928 415 Fidei
1943 389 2011 416 vstio
2031 396 2055 416 et
2075 394 2198 421 conflatio

1153 417 1353 444 administratur
1367 427 1397 444 cx
1412 419 1462 445 Dei
1477 419 1624 446 voluntate.

1186 459 1203 479 c
1214 459 1233 477 o
1246 460 1266 478 N
1278 460 1293 479 F
1304 455 1383 480 ιᾹΤ
1395 461 1413 480 o
1427 462 1459 485 n,
1478 455 1543 480 oris.
1562 464 1597 480 m.
1633 457 1692 483 Vct.
1709 458 1787 484 Gloss‘.
1803 459 1957 490 Conflata,
1979 461 2109 492 χωνευτής.

1189 493 1206 513 C
1220 494 1239 513 O
1252 494 1272 513 N
1283 495 1299 515 F
1308 496 1323 514 Ι,
1335 497 1386 516 ΛΤ
1395 496 1414 515 0
1426 497 1443 516 R
1454 497 1462 516 1
1473 496 1492 515 V
1502 497 1526 516 M
1537 510 1544 522 ,
1571 491 1589 516 i.
1615 499 1642 516 n.
1681 494 1822 525 Fo›·nax‚in
1836 504 1885 529 qua
1898 505 1938 520 nes
1951 504 1994 521 con
2016 503 2082 522 atur.
2121 498 2196 533 Vulg.

1150 524 1262 557 Interpr.
1286 525 1362 552 Prou.
1381 533 1425 565 27,
1439 534 1467 551 21
1499 526 1529 551 Et
1546 526 1624 567 Gloff.
1641 527 1759 560 Fornax,
1778 532 1983 562 conflatorium,
2003 532 2163 567 χωνευτῆμεν.

1186 566 1202 586 C
1214 566 1233 585 O
1245 565 1267 584 N
1277 565 1293 584 F
1302 566 1317 584 1.
1328 567 1347 585 Α
1359 567 1380 586 Τ
1390 568 1409 586 v
1420 568 1437 600 1}
1449 568 1469 587 Α
1481 580 1488 592 ,
1510 570 1548 587 ae.
1563 566 1582 587 t.
1621 562 1770 597 [χώνευσις]
1807 566 1881 591 Ratio
1897 573 1921 592 et
1933 576 1975 592 ars
1989 567 2114 601 conflandi
2133 569 2196 595 Flin.

1151 601 1177 628 7,
1194 597 1224 634 5t5
1255 595 1401 628 Argentum
1426 597 1528 623 inuenit
1544 597 1731 624 Erichthonius
1753 595 1931 627 Atheniensis:
1957 608 1986 627 vt
2004 604 2066 634 alii,
2088 605 2199 630 Aeacus:

1150 631 1217 670 Auri
1228 630 1336 670 *metalla
1355 637 1379 655 et
1392 633 1566 668 constaturam
1586 633 1700 658 Cadmus
1720 634 1836 660 Phoenix
1858 637 1890 662 ad
1905 639 2050 671 Pangaeum
2070 646 2197 666 montem.

1151 666 1281 706 Firniicus
1294 669 1320 698 6,
1336 671 1361 697 31
1382 667 1437 698 Qi
1453 669 1575 700 pecunias
1589 668 1722 703 publicas,
1743 671 1950 698 contlaturarum
1966 674 2122 701 adulterinis
2137 683 2198 703 arti-

1152 701 1218 728 ficiis
1236 703 1382 728 imitentur.

1187 744 1203 764 c
1215 743 1233 763 0
1245 744 1266 763 N
1278 744 1293 763 F
1302 745 1318 763 L
1327 738 1373 764 (SR
1382 744 1398 763 Ε
1410 742 1429 762 O
1443 756 1451 768 ,
1481 741 1533 776 fre.
1583 739 1638 764 Vna
1650 739 1753 774 florere.
1790 741 1926 775 Augustin.
1965 744 2125 772 Confeffion.
2139 755 2166 779 4,
2181 756 2199 780 4.

1145 780 1189 808 pr.
1212 774 1433 808 Comparauerani
1452 781 1568 798 amicum
1589 773 1711 800 societate
1733 775 1880 802 studiorum
1900 779 1980 805 nimis
2001 788 2104 812 carum,
2124 790 2198 809 coae-

1151 818 1214 835 vum
1231 809 1299 835 mihi
1311 815 1336 835 ct
1349 809 1538 835 conflorentem
1554 809 1618 833 tiore
1631 810 1828 838 adolescentiae.

1190 851 1207 870 C
1220 851 1240 870 Ο
1252 852 1274 871 N
1285 843 1353 871 FLV‘
1365 851 1383 885 Q
1395 864 1404 877 ,
1429 845 1467 876 xi,
1489 853 1561 885 xiim,
1581 845 1634 883 ere.
1678 847 1796 880 Lapatia,
1816 846 1978 884 συμζξιὶλλω]
2024 852 2198 888 Simuljluerss

1144 880 1169 916 s.
1185 880 1299 916 adfluere,
1346 880 1410 906 Plin.
1427 888 1461 912 13,
1475 888 1505 906 22
1535 880 1565 905 ht
1579 887 1607 904 in
1622 878 1675 913 ipsa
1696 889 1820 908 excauant
1835 884 1940 917 radice,
1965 895 2018 919 quo
2034 888 2123 913 succus
2137 898 2198 914 con-

1278 916 1334 942 CiC.
1350 918 1427 942 Verr.
1449 926 1476 948 4,
1492 922 1533 949 117
1565 916 1658 941 Portus
1681 914 1759 940 habet
1774 926 1854 951 prope
1869 920 1895 944 in
1911 920 2095 948 aedificatione
2111 924 2199 957 adspe-

1151 951 1250 986 &uque
1261 952 1335 978 vrbis
1351 952 1481 983 inclusos,
1497 952 1543 985 qui
1559 959 1641 984 quum
1655 950 1774 976 diuersos
1789 952 1857 978 inter
1872 956 1895 979 se
1915 957 1999 982 aditus
2019 957 2133 984 habeam
2169 961 2198 985 jn

1150 987 1223 1013 exitu
1235 988 1434 1021 coniunguntur
1444 993 1469 1012 et
1483 988 1634 1012 confluunt:
1650 989 1677 1012 in
1692 988 1864 1022 Dtycriptione
1878 990 2062 1026 Syracusarum.
2099 979 2198 1021 Pontus

1150 1023 1260 1049 confluit
1276 1025 1304 1049 in
1320 1023 1414 1049 orbem
1428 1031 1540 1048 curuum
1569 1021 1667 1048 Tibul.
1682 1030 1711 1054 4,
1726 1030 1746 1054 ι,
1760 1031 1800 1048 20.
1874 1024 1963 1050 Vndae
1982 1030 2118 1054 confluunt
2146 1031 2197 1056 Lu-

1150 1064 1212 1084 crct.
1230 1067 1250 1090 1,
1267 1065 1322 1093 375.
1395 1059 1553 1090 eminuere,
1570 1064 1616 1092 per
1629 1060 1835 1090 translationem,
1847 1065 1897 1093 pro
1911 1060 2051 1088 Conuemre.
2095 1066 2151 1090 Cic,
2166 1066 2198 1092 de

20 1103 25 1117 ³
40 1097 112 1126 Nam
126 1099 154 1124 in
169 1097 301 1124 latebrosis
315 1097 423 1131 rupium
436 1094 631 1124 cantaminibus,
648 1102 714 1128 quae
728 1094 855 1119 fluctuum
873 1092 1006 1127 confligiis
1021 1100 1082 1118 tunc
1102 1100 1134 1126 25¹
1149 1094 1300 1121 Clar.Orat.
1310 1099 1354 1126 238
1377 1095 1570 1121 Confluxerunt
1584 1094 1655 1119 enim
1676 1100 1702 1120 et
1716 1093 1830 1120 Athenas
1839 1101 1875 1125 ‚et
1889 1096 1916 1121 iu
1932 1094 1998 1121 hanc
2013 1097 2105 1123 vrbem
2121 1101 2197 1127 musti

22 1142 23 1145 ’
41 1133 115 1161 adesa
130 1135 203 1166 sunt,
223 1133 350 1160 reduuiae
363 1131 563 1164 conchyliorum
576 1129 743 1162 resederunt,
763 1136 788 1155 et
801 1129 852 1155 alia
866 1129 958 1155 inulta.

76 1177 93 1197 C
104 1175 123 1196 O
135 1177 156 1196 N
166 1177 181 1196 F
194 1176 209 1194 L
222 1176 257 1202 0,
276 1172 326 1194 sire.
363 1168 375 1201 [
384 1166 496 1202 χωνεύω]
535 1165 700 1201 Simulflarr,
713 1165 804 1201 flando
819 1166 858 1191 vc!
870 1168 949 1200 ignem
962 1166 1082 1196 excitare,

40 1207 82 1233 vel
87 1204 366 1267 liquefaceregfunderc,
367 1203 483 1239 formare
494 1201 598 1232 metalla,
606 1211 654 1237 qua
665 1204 693 1227 in
706 1211 733 1227 rc
739 1201 843 1236 follium
853 1207 943 1235 magna
954 1206 1026 1235 opera
1039 1198 1081 1232 ejsl:

40 1241 105 1268 vnde
120 1241 207 1268 deinde
219 1251 234 1267 α
265 1241 315 1267 alia
328 1239 494 1275 transfertur.
536 1238 601 1264 Plin.
616 1245 653 1270 33,
669 1245 691 1263 ιι
709 1236 835 1263 Philiscus
849 1234 981 1262 officinam
996 1235 1082 1269 pinxit

40 1278 160 1312 pictoris,
175 1278 262 1311 ignem
275 1276 402 1302 conflante
414 1283 506 1309 puero.

42 1313 105 1339 deos
119 1313 235 1344 obruite,
253 1311 395 1338 maculatos
411 1312 488 1337 Lares
502 1310 629 1341 conflate,
648 1316 693 1335 etc.
713 1311 731 1334 i.
746 1309 846 1335 Statuas
859 1307 957 1333 deorum
965 1307 1081 1342 fundite.

41 1350 175 1376 Coronam
188 1356 293 1376 auream
302 1347 415 1374 conflare
436 1346 505 1373 Suet.
514 1345 660 1372 Galb.c.12.
715 1345 756 1371 Sic
769 1343 909 1369 Marcellus
924 1344 951 1368 in
965 1343 981 1368 1.
994 1343 1011 1369 si
1026 1343 1080 1369 duo

41 1385 73 1412 D.
88 1385 174 1420 depos.
226 1383 306 1418 Qiod
319 1382 336 1408 li
351 1383 462 1409 Lancem
476 1381 664 1412 conflauerint,
683 1384 727 1405 aut
741 1378 851 1405 conflari
865 1379 897 1404 ab
911 1378 1004 1412 aliquo
1021 1379 1080 1413 passi

41 1421 160 1454 fuerint,
180 1427 224 1446 etc.
295 1419 364 1445 Suet.
380 1417 488 1453 August.
504 1427 526 1443 c.
543 1424 573 1449 52
601 1417 742 1449 Argenteus
757 1414 856 1440 Statuas
869 1414 935 1440 olim
952 1414 1000 1440 tibi
1032 1415 1080 1440 ofi-

41 1493 119 1519 cauit.
174 1491 240 1517 Vasa
251 1499 328 1517 aurea
340 1488 495 1516 affiduissimi
509 1488 567 1514 vsus
599 1485 672 1512 Idem
683 1485 800 1520 Augusto
815 1495 835 1511 c.
850 1493 895 1520 7ι..
943 1485 990 1513 Sed
1005 1486 1039 1512 ad
1052 1489 1080 1512 ea'

39 1530 113 1553 etiam
126 1526 253 1563 refer-tm,
272 1535 331 1562 quae
346 1535 393 1551 non
402 1523 566 1560 funduntur,
585 1521 632 1558 fid
644 1520 765 1548 ducuntur
777 1522 869 1548 malleo.
939 1522 1015 1557 Virg.
1029 1522 1079 1548 Ge-

39 1571 95 1597 org.
111 1571 131 1595 1,
146 1567 190 1595 308
211 1563 242 1588 Et
254 1569 348 1587 cui-uae
361 1558 478 1594 rigidum
494 1558 572 1585 falces
584 1558 731 1584 conflantur
744 1557 772 1584 in
786 1558 882 1584 ensem.
1023 1555 1043 1595 ff
1063 1566 1079 1584 2

44 1599 120 1625 ls'arfe
127 1601 232 1632 ponitur
245 1596 381 1628 Conflare,
401 1602 449 1630 per
462 1595 660 1620 translationem.
687 1599 733 1625 vt,
753 1594 876 1620 Conflare
891 1593 940 1620 Aes
954 1593 1081 1627 alienum,

36 1636 54 1659 i.
69 1633 216 1659 Contrahere
230 1631 345 1657 debitum.

36 1669 88 1695 Aes
105 1666 201 1702 grande
215 1668 389 1699 conflauerat,
410 1675 464 1701 quo
479 1665 608 1700 flagitium
621 1671 666 1691 aut
681 1665 782 1691 facinus
796 1664 948 1692 redimeret.
1019 1667 1077 1692 Cic.

35 1703 107 1731 Fam.
129 1712 152 1737 5,
166 1711 179 1729 2
203 1703 259 1737 Qui
279 1703 374 1729 vrbem
394 1701 552 1733 incendere,
575 1700 740 1735 magistratus
754 1710 781 1727 ac
794 1701 917 1727 Senatum
937 1701 1079 1734 trucidare,

37 1739 139 1767 Bellum
163 1740 309 1765 maximum
326 1738 439 1764 conflare
458 1737 606 1764 voluissent.
677 1737 780 1763 Bellum
797 1742 903 1768 natum,
927 1737 1080 1768 conflatum,

35 1776 180 1810 susceptum
192 1783 273 1810 opera
286 1774 398 1801 alicuius
413 1773 449 1800 est
469 1773 542 1800 Idem
555 1772 668 1806 Philipp.
682 1780 707 1803 2,
721 1780 764 1806 70.
834 1772 1000 1799 Discordiam
1015 1781 1077 1799 con-

36 1812 100 1838 flare
120 1812 191 1837 Flor.
208 1819 228 1842 1,
239 1819 286 1843 24,
299 1819 318 1836 1.

35 1847 186 1874 Exercitum
211 1847 378 1874 conflauerat.
451 1845 518 1871 Ter.
533 1845 599 1871 Eun.
614 1851 638 1877 ς,
653 1852 679 1876 z,
695 1851 722 1876 33
740 1843 820 1878 Saepe
832 1852 863 1870 ex
876 1843 1036 1871 huiusmodi
1048 1854 1078 1871 re

36 1883 158 1918 quapiam
172 1888 196 1908 et
210 1891 241 1909 cx
255 1882 325 1908 malo
337 1880 469 1915 principio
479 1901 487 1913 ,
503 1888 596 1915 magna
609 1879 784 1906 Familiaritas
798 1880 908 1907 conflata
921 1880 965 1906 est.
1021 1881 1078 1907 Cic.

35 1920 64 1946 in
78 1918 156 1946 Catil.
171 1927 190 1950 1,
204 1926 232 1950 23
247 1927 268 1944 c.
281 1926 299 1951 9
329 1916 529 1950 Quamobrem,
552 1922 581 1942 vt
595 1916 669 1950 saepe
681 1915 734 1941 iam
750 1914 823 1947 dixi,
851 1915 1031 1950 proficiscere:
1049 1925 1079 1942 ac

35 1954 53 1981 fi
67 1955 134 1981 mihi
151 1954 277 1986 inimico,
294 1959 322 1979 vt
337 1952 484 1987 praedicas,
504 1958 551 1978 tuo
565 1951 680 1977 conflare
695 1951 735 1977 vis
749 1951 898 1984 Inuidiam,
915 1951 986 1979 recia
1000 1961 1079 1987 perge

35 1990 63 2017 in
77 1990 197 2017 exilium.

36 2026 84 2053 illa
97 2026 170 2052 causa
180 2046 188 2058 ,
209 2024 273 2060 quid
287 2033 328 2050 res
341 2024 394 2058 ipsa
409 2023 517 2056 tulerit,
543 2022 610 2057 quid
629 2031 705 2049 error
722 2021 869 2056 affinxerit,
892 2024 957 2059 quid
972 2024 1078 2051 Inuidia

35 2062 167 2088 conflarit.
238 2061 296 2086 Liu.
312 2068 335 2092 3,
348 2061 380 2092 36
407 2059 435 2085 de
448 2060 615 2089 Decemitiris,
630 2058 733 2085 Iudicia
747 2058 822 2085 domi
833 2060 995 2093 conflabant,
1016 2070 1078 2095 pro—

35 2096 194 2124 nuntiabant
209 2095 237 2121 in
250 2096 322 2122 foro.
377 2095 432 2121 Cic.
447 2104 495 2129 pro
503 2094 607 2121 Cluent.
623 2100 648 2124 18
668 2093 820 2122 NihilMali
828 2096 1009 2131 timuit‚quod
1025 2105 1079 2122 non

36 2139 124 2160 totum
138 2141 151 2158 a
165 2137 248 2159 matre
261 2132 321 2157 esset
333 2131 475 2157 conflatum
488 2136 513 2157 et
527 2130 683 2165 perfeetum.
753 2130 825 2156 Idem
841 2140 890 2165 pro
909 2133 984 2158 Rosc.
999 2133 1076 2158 Com.

36 2174 70 2202 48
91 2167 165 2195 Vnde
178 2167 227 2193 hoc
243 2172 328 2193 totum
348 2165 456 2192 du6hun
471 2172 497 2192 et
514 2167 656 2192 conflatum
670 2165 837 2191 Mendacium
851 2165 896 2191 est.

37 2213 64 2237 2,
79 2213 117 2236 13»-
146 2203 228 2237 Quod
248 2203 344 2236 cuique
358 2201 468 2235 Negotii
487 2201 597 2227 conflari
609 2200 731 2232 volebat,
755 2200 833 2226 nullo
846 2200 937 2227 labore
950 2199 1076 2233 faciebat,

33 2243 52 2266 i.
65 2252 71 2264 ι
82 2248 136 2264 uam
154 2235 302 2270 molqlliam,
314 2238 452 2271 periculum
472 2243 518 2263 etc.
588 2236 693 2262 Lucret.
708 2246 736 2270 4,
750 2244 803 2270 927
839 2236 887 2262 Sed
902 2236 998 2271 quibus
1013 2237 1076 2263 haec

33 2249 114 2303 rebus
129 2273 242 2300 Nouitas
254 2273 397 2303 conflatur,
423 2279 469 2298 etc.
558 2272 664 2298 Numos
678 2271 707 2297 in
719 2272 794 2298 vsum
808 2271 873 2298 belli
905 2272 1036 2306 Qiinchl.
1049 2281 1076 2306 9,

33 2319 60 2343 2,
73 2319 115 2343 92.
171 2309 227 2336 Cic.
242 2317 291 2343 pro
305 2309 372 2335 Sext.
387 2309 423 2334 66
447 2309 523 2341 Qiae
556 2307 626 2334 ratio
653 2312 697 2333 aut
710 2307 885 2340 auferendae,
903 2314 948 2334 aut
962 2309 1076 2335 conflan-

35 2346 83 2375 dae
95 2344 223 2372 Pecuniae
234 2343 432 2378 reperiebatur3

35 2381 145 2408 consilio
159 2380 280 2410 fuerunt,
300 2379 347 2414 qui
367 2378 506 2405 vobiscum
523 2378 571 2405 illa
590 2384 753 2413 cognorunt,
774 2379 873 2414 quibus
893 2379 952 2415 iptis
973 2380 1076 2406 Pericu-

34 2418 90 2444 lum
103 2423 159 2444 tuni
172 2415 281 2442 conflari
294 2414 445 2450 putabatur,
458 2414 504 2449 qui
516 2415 649 2442 Autronio
662 2423 718 2441 non
729 2414 873 2447 affuerunt,
886 2422 933 2440 etc.
969 2415 1076 2440 Lucret.

34 2462 59 2487 3,
72 2462 107 2488 70
126 2451 256 2486 Sanguine
268 2450 343 2477 ciuili
357 2451 422 2476 Rem
435 2451 562 2483 conflant,
579 2450 748 2485 Diuitiasque
785 2449 980 2482 Conduplicant
994 2448 1076 2475 auidi.

34 2490 91 2516 Cic.
106 2497 154 2522 pro
161 2488 264 2515 Cluent.
277 2495 311 2520 99
331 2485 447 2513 Maxime
460 2485 517 2512 eius
533 2495 614 2520 opera
625 2494 709 2520 qutun
716 2484 847 2517 Quaestor
862 2484 938 2517 esset,
959 2485 988 2510 in
1002 2493 1076 2511 exer-

34 2525 90 2552 citu
105 2523 267 2551 Seditionem
280 2523 328 2549 ess'e
343 2522 490 2548 conflatam.

33 2570 93 2587 cuin
108 2559 198 2586 multis
213 2559 336 2586 scelerum
350 2557 503 2588 Paetiones,
528 2555 725 2589 Societatesque
738 2554 874 2583 conflauit.

32 2605 95 2624 nem
123 2594 224 2623 Auctor
234 2593 267 2620 ad
281 2595 379 2620 Heren.
392 2600 418 2623 2,
431 2596 453 2621 8.

70 2637 88 2657 c
98 2637 119 2658 ο
127 2638 150 2657 N
161 2637 177 2657 r
186 2637 201 2656 1.
210 2637 233 2656 A
242 2636 263 2654 N
272 2635 294 2659 s,
302 2627 376 2653 antis.
398 2625 491 2652 Partic.
505 2625 571 2652 Plin.
577 2633 616 2660 33,
625 2633 648 2652 11
665 2624 794 2653 Philiscus
802 2623 934 2653 officinam
941 2626 1028 2661 pinxit
1036 2628 1076 2663 pi-

35 2666 132 2697 ὁὶοῐίς,
155 2665 246 2699 ignem
259 2671 342 2698 puero
355 2662 492 2688 conflante.

945 2555 1075 2591 Suspicio-

36 2737 113 2763 fuisse
129 2743 245 2770 vnquam
264 2734 313 2761 tale
332 2732 479 2760 monstrum
498 2733 528 2759 in
541 2731 616 2759 terris
632 2732 715 2759 vllum
734 2739 815 2768 puto,
835 2742 867 2760 ex
882 2734 1022 2760 contrariis
1035 2735 1072 2761 di·

35 2771 169 2807 versisque
185 2772 255 2798 inter
273 2770 298 2796 se
318 2769 493 2804 pugnantibus
505 2774 613 2795 naturae
631 2768 739 2802 studiis,
759 2769 1001 2805 cupiditatibusque
1013 2779 1075 2797 con.

35 2809 136 2835 flatum.
173 2808 211 2834 De
224 2807 332 2833 Catilina
346 2807 463 2841 loquitur.
536 2803 609 2831 Idem
624 2803 656 2831 de
667 2805 731 2832 Nat.
747 2805 864 2831 Deorum
882 2814 906 2837 2,
922 2814 968 2832 100
985 2807 1073 2840 Ipsum

34 2850 123 2871 autem
141 2851 213 2870 mare
234 2841 266 2869 sic
285 2847 382 2868 terram
401 2847 525 2876 appetens
554 2839 680 2867 litoribus
700 2840 800 2873 cludit,
817 2847 845 2868 vt
858 2850 909 2868 vna
930 2851 960 2868 ex
974 2841 1075 2869 duabus

33 2879 137 2907 naturis
151 2878 262 2905 conflata
282 2877 412 2904 videatur.
469 2876 571 2904 Bellum
584 2876 652 2903 Veli.
676 2885 702 2909 2,
715 2885 752 2910 55,
766 2886 788 2903 2.

33 2923 151 2951 quoriun
171 2913 319 2948 conspirans
333 2921 358 2940 et
372 2921 455 2948 paene
470 2913 596 2939 conflatus
617 2912 674 2939 Cic.
688 2921 736 2947 pro
750 2912 838 2947 Ligar.
852 2920 887 2946 35.
959 2914 1033 2940 Idem
1046 2923 1075 2941 m

32 2951 123 2978 Partit.
138 2958 178 2977 121
209 2952 230 2976 A
241 2957 290 2976 reo
305 2954 392 2976 autem
404 2948 512 2984 querela
526 2948 632 2974 conflati
646 2949 790 2981 Criminis,
811 2948 981 2975 colle&arum
996 2951 1075 2985 suspi—

33 2987 156 3020 cionum,
179 2992 206 3012 et
218 2985 372 3012 accusatoris
391 2984 516 3017 infidiae,
543 2989 568 3010 et
588 2984 652 3010 item
671 2993 812 3011 commune
825 2984 972 3019 periculum
987 2987 1075 3021 profe-

25 3027 117 3049 'retum
171 3021 271 3056 Egestas
284 3021 394 3048 conflata
408 3021 448 3047 rei
461 3019 602 3047 familiaris
627 3020 697 3047 Flor.
711 3029 739 3053 4,
752 3030 780 3054 4,
796 3029 815 3046 ι.
871 3021 927 3048 Cic.
942 3031 990 3056 pro
1005 3023 1076 3049 Sulla

33 3091 237 3120 crudeliffimum
253 3101 283 3120 ac
301 3091 512 3119 luetuossffimum
530 3091 644 3119 exitium
663 3092 764 3127 patriae
783 3093 958 3127 comparasset.
1021 3095 1074 3121 Lu-

33 3135 97 3157 eret.
118 3137 145 3162 ι’
164 3135 334 3204 *Nunquam
345 3162 512 3196 Tyndaridis
525 3163 628 3190 formae
646 3163 773 3190 conflatus
790 3171 881 3191 amore

188 3199 261 3233 Ignis
273 3198 415 3226 Alexandri
429 3197 542 3234 Phrygio
554 3199 600 3226 sub
613 3199 720 3234 pe&ore
732 3199 841 3233 gliscens

190 3235 268 3261 clara
279 3234 429 3261 accenditset
442 3235 514 3261 saeui
526 3235 669 3262 certamina
681 3234 754 3261 belli.

20 3271 148 3307 ¹Cic.'pro
155 3270 329 3297 Rosc.Amer.
342 3279 353 3297 1
368 3271 466 3297 Omnes
477 3271 549 3297 enim
562 3270 600 3304 hi,
609 3279 675 3306 quos
683 3270 780 3297 videtis
793 3269 874 3298 adesse
887 3270 916 3298 in
927 3271 976 3298 hac
988 3271 1073 3304 causa,

11 3311 16 3318 '
31 3307 161 3336 Iniuriam
175 3314 248 3333 nouo
261 3305 356 3332 scelere
369 3307 508 3332 conflatam
527 3313 620 3341 putant
634 3313 758 3341 oportere
770 3305 886 3334 defendi.
957 3308 1030 3334 Idem
1045 3309 1073 3334 in

33 3343 114 3371 Catil.
127 3352 146 3375 1,
161 3351 191 3376 25
203 3351 225 3368 c.
239 3350 267 3368 10
286 3341 387 3368 NaEtus
399 3350 427 3368 es
440 3350 472 3368 ex
486 3341 612 3376 perditis,
630 3348 709 3377 atque
723 3341 756 3368 ab
768 3343 843 3369 omni
853 3351 908 3370 non
920 3344 1002 3370 modo
1018 3344 1073 3370 for-

33 3384 110 3412 tuna,
140 3387 236 3405 verum
256 3376 336 3404 etiam
354 3377 396 3412 spe
415 3376 563 3409 derelietis,
590 3379 730 3404 conflatam
749 3377 936 3412 improborum
953 3380 1072 3406 Manum.

11 3435 15 3439 .
33 3415 131 3442 Patere.
144 3422 169 3444 2,
183 3423 211 3447 4,
225 3415 242 3440 6
259 3413 308 3440 Seu
323 3413 446 3446 fatalem,
461 3418 491 3439 vt
502 3413 606 3448 plures,
622 3414 667 3441 seu
685 3414 824 3440 conflatam
845 3414 963 3448 Insidiis,
982 3422 1012 3442 vt
1025 3415 1073 3442 ali·
1084 3423 1121 3447 90
1137 3427 1191 3445 can.
1211 3427 1232 3451 3,
1244 3426 1309 3454 744.

0 3462 1 3465 ¹
19 3449 84 3485 *qui
100 3449 243 3490 prodidere
255 3448 418 3481 memoriae,
444 3449 560 3476 Mortem
571 3448 658 3482 obiit,
675 3456 721 3475 etc.
793 3449 948 3485 Tempestas
961 3452 1073 3477 conflata

34 3491 125 3517 ventis
137 3485 198 3513 Stat.
213 3484 305 3512 Theb.
318 3493 344 3518 9,
357 3492 413 3519 524.
433 3484 476 3510 vbi
486 3493 512 3510 v.
525 3485 613 3512 Barth.
667 3484 799 3518 Qiinffil.
814 3493 835 3518 ς,
849 3493 874 3520 7,
888 3495 917 3518 23
932 3486 995 3513 Siue
1007 3487 1072 3513 odio

0 3527 15 3542 ¹·
36 3520 162 3553 conflatos
190 3520 302 3552 Testes,
325 3519 379 3547 siue
411 3519 532 3552 inuidia,
571 3519 625 3546 siue
652 3521 752 3554 gratia,
788 3520 842 3547 flue
871 3523 981 3555 pecunia
1000 3522 1073 3549 vide—

0 3561 2 3570 *
32 3557 59 3584 ri
86 3554 216 3583 volumus.
284 3555 340 3583 Cic.
352 3564 401 3590 pro
414 3555 485 3582 Sulla
500 3563 525 3588 ις
537 3564 559 3582 c.
573 3563 586 3588 ς
622 3555 671 3582 Ille
694 3556 810 3583 ambitus
831 3557 961 3584 iudicium
996 3559 1072 3585 tolle-

34 3601 65 3619 re
74 3611 82 3624 ,
99 3600 128 3618 ac
142 3587 286 3620 disturbare
298 3591 415 3628 primum
429 3591 544 3618 conflato
556 3591 644 3618 voluit
657 3591 835 3626 gladiatorum
848 3600 877 3619 ac
895 3593 1074 3627 fugitiuorum
1087 3605 1120 3631 95
1134 3600 1200 3623 ratis
1212 3600 1277 3633 agit.

35 3625 182 3655 Tumultu.
224 3645 233 3651 ,

0 3687 7 3702 Ἰ,
71 3668 88 3689 c
100 3668 324 3691 ONFLATIM.
361 3662 429 3690 Adu.

35 3703 169 3725 conteXto.
265 3712 267 3715 ¹

57 3739 88 3775 ¹c
98 3739 118 3759 o
128 3739 150 3760 N
158 3739 175 3760 r
183 3738 200 3758 ι.
208 3738 231 3760 Α
239 3738 261 3759 'r
269 3730 282 3760 ἰ
291 3740 308 3761 ι.
316 3741 327 3761 ι
335 3740 348 3762 s
355 3753 366 3768 ‚
397 3743 420 3761 e.
458 3732 518 3760 Adi.
554 3731 687 3768 Corfianda
698 3729 800 3768 fastus.
842 3732 964 3762 Prudent.
979 3735 1008 3762 in
1021 3735 1073 3762 Ro-

33 3776 114 3796 mano
125 3777 153 3796 v.
167 3775 213 3801 239

485 3663 517 3690 In
536 3661 615 3689 Glotr.
637 3661 730 3688 Ilidor.
755 3665 888 3698 exponitur
907 3664 1074 3699 Copulafim,

229 3802 309 3830 Fabri
324 3803 449 3837 deor-imi,
466 3804 508 3831 vel
528 3809 644 3838 parentes
660 3803 818 3834 numinum

230 3839 287 3872 Qui
300 3838 318 3866 fi
331 3841 438 3867 caminis
450 3840 598 3867 institiffent
613 3840 731 3874 segnius,

231 3873 296 3901 Non
306 3875 366 3902 esset
378 3876 447 3903 vllus
459 3877 562 3911 Iupiter
573 3875 722 3903 conflatilis.

35 3908 149 3936 Hieron.
161 3907 239 3943 Epist.
252 3917 295 3942 130
320 3911 444 3948 sculptile
454 3917 533 3948 atque
547 3911 688 3941 conflatile,

34 3955 62 3980 4.
71 3952 97 3974 ee
110 3945 189 3974 Deut.
201 3952 235 3978 ιι,
247 3953 285 3974 ¹2.
743 3909 818 3948 C‘mf·
834 3908 913 3946 VUlss·
932 3911 1015 3940 Exod.
1031 3921 1070 3947 32,

546 1274 603 1300 Sen.
612 1272 704 1300 Theb.
720 1273 737 1298 s.
752 1271 877 1299 Phoeniff.
886 1280 938 1304 344
957 1271 1082 1305 Templis
1100 1283 1132 1306 30

42 1462 78 1483 tas
91 1455 216 1484 conflauit
228 1463 334 1487 omnes,
353 1463 384 1481 ex
398 1454 494 1489 quibus
506 1460 598 1479 aureas
614 1450 727 1477 cortinas
742 1449 862 1484 Apollini
875 1450 993 1477 Palatino
1025 1450 1080 1476 edi·
1098 1459 1110 1483 3

413 1630 549 1657 Sallustius
561 1629 626 1655 Bell.
640 1628 719 1655 Catil.
739 1637 779 1662 14,
794 1638 806 1655 2
839 1629 947 1664 Quique
962 1630 1080 1656 alienum
1093 1640 1130 1667 40

953 2168 985 2192 Et
999 2168 1076 2192 Verr.
1094 2176 1124 2202 55

486 2342 560 2369 Idem
574 2352 623 2378 pro
635 2343 661 2369 P.
676 2342 746 2369 Sulla
759 2352 783 2375 13
814 2344 870 2377 Qui
889 2345 1030 2371 vobiscum
1047 2345 1076 2370 in
1090 2349 1126 2373 60

559 2521 632 2547 Idem
645 2520 676 2546 de
690 2520 782 2552 Arusp.
795 2519 872 2553 Resp.
885 2527 921 2553 42
949 2520 1074 2561 th'arias
1090 2523 1121 2556 65
1139 2525 1210 2559 gitur
1226 2522 1377 2556 Confligiis.

73 2708 90 2727 c
102 2707 122 2727 0
134 2707 155 2727 N
166 2706 181 2726 F
192 2706 208 2725 ι.
217 2706 239 2726 Α
248 2705 297 2726 Τν
305 2705 414 2731 s‚a,uiu.
432 2697 527 2724 Partic.
551 2696 596 2728 Vt,
603 2695 658 2723 Cic.
667 2705 717 2732 pro
725 2697 819 2724 Caelio
828 2706 852 2724 12
860 2707 881 2725 c.
890 2705 903 2730 ς
920 2697 1017 2732 Neque
1025 2707 1074 2735 ego
1084 2711 1120 2739 70
1141 2703 1244 2736 pertusa
1252 2722 1261 2734 ‚
1286 2702 1424 2736 plumbum
1437 2711 1490 2728 110„
1505 2701 1602 2728 habes?

33 3066 62 3090 33
80 3058 172 3091 Qium
190 3057 324 3084 Exercitus
344 3056 510 3092 perditorum
526 3055 629 3082 ciuium
648 3055 809 3082 clandestino
827 3056 923 3083 scelere
937 3059 1074 3091 conflatus,
1090 3063 1122 3089 80
1138 3060 1218 3096 dique.

1090 3240 1120 3270 8⁵
1138 3239 1196 3266 Aul.
1209 3248 1235 3273 2,
1248 3249 1274 3280 2,
1290 3242 1333 3267 66.

1150 1130 1290 1165 inquinate
1302 1131 1439 1164 loquentes
1458 1138 1489 1155 ex
1509 1128 1617 1155 diuersis
1632 1129 1706 1156 locis.
1779 1131 1937 1157 Confluebat
1957 1131 1988 1157 ad
2010 1141 2070 1158 eum
2089 1143 2196 1168 magnus

1148 1175 1274 1192 numerus
1291 1166 1363 1192 Caes.
1378 1166 1444 1192 Bell.
1458 1165 1524 1192 Gall.
1537 1173 1564 1199 7,
1579 1174 1624 1198 44.
1677 1165 1823 1192 Cic.Tusc.
1839 1175 1861 1198 ε,
1876 1169 1891 1192 6
1910 1167 1991 1200 Qiod
2004 1169 2104 1194 accidet
2118 1171 2199 1197 etiam

1148 1202 1261 1234 nostris,
1287 1202 1305 1228 fi
1326 1201 1359 1228 ad
1373 1201 1434 1228 haec
1456 1201 1540 1227 studia
1560 1202 1646 1235 plures
1662 1202 1848 1228 confluxerint.
1921 1204 2020 1229 Causae
2039 1204 2071 1230 ad
2085 1213 2133 1231 nos
2146 1206 2200 1240 plc-

1148 1247 1246 1272 raeque
1259 1238 1397 1264 confluunt
1422 1237 1496 1263 Idem
1510 1246 1558 1272 pro
1568 1237 1652 1263 Plane.
1667 1242 1708 1270 84.
1782 1238 1863 1264 Plaut.
1878 1238 1947 1264 Asin.
1964 1248 1985 1270 2,
2000 1249 2023 1271 2,
2039 1245 2072 1274 48
2104 1242 2138 1268 Vt
2152 1251 2200 1268 nos

1149 1274 1269 1300 dicamur
1283 1274 1336 1300 duo
1351 1275 1472 1300 omnium
1486 1273 1627 1307 dignissimi
1642 1274 1706 1304 effe,
1731 1282 1786 1308 quo
1799 1274 1929 1300 cruciatus
1948 1276 2089 1302 confluant.
2143 1279 2200 1304 Cic.

1148 1310 1178 1336 de
1192 1311 1296 1336 Inuent.
1314 1319 1335 1342 1,
1352 1318 1364 1342 ς
1391 1310 1461 1336 Hinc
1476 1309 1508 1335 ad
1522 1310 1600 1343 ipsos,
1614 1310 1661 1344 qui
1678 1318 1735 1335 eam
1747 1309 1835 1344 adepti
1850 1311 1921 1343 sunt,
1943 1312 2015 1343 lam,
2035 1311 2139 1344 honor,
2160 1314 2199 1340 di-

1147 1346 1230 1381 gnitas
1245 1346 1363 1372 confluit.
1435 1345 1610 1372 PseudwCic.
1625 1346 1652 1371 in
1668 1345 1768 1371 Sallust.
1784 1348 1812 1371 16
1839 1346 1896 1372 Nili
1910 1347 1981 1373 forte
1994 1347 2023 1373 in
2034 1357 2064 1374 ea
2078 1354 2103 1374 te
2118 1349 2200 1376 castra

1146 1381 1300 1413 coniecisti,
1320 1390 1375 1416 quo
1390 1382 1476 1407 omnis
1491 1381 1590 1407 sentina
1604 1381 1679 1415 Reip.
1693 1381 1865 1407 confluxerat.
1938 1383 2052 1409 Solertia
2071 1384 2132 1411 licet
2148 1385 2200 1411 huc

1147 1418 1261 1442 confluat
1276 1426 1306 1442 ex
1319 1423 1377 1442 toto
1389 1417 1455 1443 orbe
1476 1417 1558 1443 Ouicl.
1575 1417 1639 1442 Met.
1655 1424 1680 1448 9,
1695 1424 1758 1450 740.
1814 1418 1905 1451 Nepos
1919 1425 1945 1452 7,
1958 1421 1984 1450 6,
1998 1428 2006 1445 1
2040 1420 2131 1446 Tanta
2145 1421 2199 1448 fuit

1144 1453 1268 1479 omnium
1282 1452 1430 1486 expectatio
1445 1452 1548 1479 visendi
1561 1452 1717 1484 Alcibiadis,
1731 1458 1759 1479 vt
1773 1452 1805 1478 ad
1815 1454 1872 1478 eius
1880 1454 2018 1480 triremem
2029 1456 2123 1489 vulgus
2138 1466 2199 1483 con-

1146 1489 1255 1520 flueret,
1274 1494 1319 1514 etc.
1357 1489 1425 1514 Αώί.
1441 1488 1506 1514 Veli.
1522 1497 1547 1520 2,
1560 1496 1601 1522 72,
1617 1496 1638 1521 ς.
1676 1488 1751 1514 Curt.
1769 1496 1804 1518 10,
1817 1497 1845 1520 4,
1861 1497 1894 1520 ις.

1182 1531 1199 1551 C
1208 1530 1227 1550 Ο
1238 1531 1259 1550 N
1271 1528 1287 1550 F
1298 1530 1312 1549 L
1323 1530 1344 1548 V
1354 1530 1370 1549 E
1381 1530 1402 1549 N
1412 1530 1424 1548 S
1437 1543 1444 1554 ,
1465 1524 1541 1550 entis.
1562 1525 1655 1549 Partic.
1693 1523 1829 1558 [σιρρὲων]
1866 1524 1922 1550 Cic.
1937 1525 2008 1550 Fani.
2023 1533 2061 1557 ιο,
2075 1535 2110 1559 24
2129 1528 2199 1555 Cum

1146 1560 1265 1587 exercitu
1278 1567 1339 1585 meo
1352 1558 1384 1585 ab
1403 1559 1554 1585 continente
1574 1558 1705 1584 Rhodano
1727 1560 1807 1584 castra
1821 1560 1907 1586 moui.
1977 1561 2086 1587 Auxilia
2100 1564 2199 1589 contiu-

1146 1596 1218 1623 entia
1238 1595 1335 1622 Vellei.
1346 1604 1371 1627 2,
1385 1603 1421 1627 53,
1436 1604 1460 1621 2.
1517 1595 1587 1621 Suet.
1602 1594 1674 1621 Caes.
1690 1603 1712 1620 c.
1725 1595 1753 1620 16
1771 1594 1974 1621 Multitudincm
1988 1606 2097 1631 quoque
2112 1598 2198 1625 biduo

1147 1632 1203 1667 post
1217 1632 1308 1667 sponte
1323 1637 1349 1658 et
1364 1631 1435 1658 vltro
1451 1631 1631 1657 confluentem
1651 1630 1820 1664 compescuit.
1885 1631 1983 1658 Turba
2003 1634 2199 1663 confluentium

1144 1668 1214 1695 Vell.
1236 1677 1261 1700 2,
1274 1673 1315 1699 80,
1327 1677 1353 1701 4.

1180 1710 1197 1730 C
1207 1710 1227 1730 O
1237 1711 1258 1729 N
1269 1711 1284 1730 F
1294 1711 1309 1730 ι.
1320 1711 1339 1730 V
1349 1710 1366 1730 E
1376 1710 1398 1730 N
1407 1711 1420 1730 S
1430 1723 1438 1736 ,
1456 1703 1533 1730 entis.
1547 1711 1583 1729 m.
1603 1701 1736 1737 [δμόρροια
1744 1723 1753 1736 ,
1769 1701 1872 1738 σύῤῥες]
1910 1701 2033 1736 substant.
2048 1702 2082 1737 est
2093 1707 2199 1739 Alaeus,

1143 1742 1171 1767 in
1185 1748 1254 1775 quem
1266 1739 1428 1774 duoflumina
1441 1741 1597 1765 conueniunt.
1635 1737 1700 1764 Plin.
1715 1740 1741 1770 6,
1754 1740 1789 1763 26
1807 1740 1919 1764 Caetero
1933 1740 2047 1766 circuitu
2060 1741 2088 1766 in
2106 1741 2197 1768 solitu-

1143 1775 1234 1802 dinem
1248 1775 1346 1806 rediit,
1368 1774 1491 1801 exhausta
1504 1774 1642 1800 vicinitate
1656 1773 1790 1800 Seleuciae
1806 1774 1842 1800 ob
1857 1774 1885 1800 id
1899 1775 2022 1802 conditae
2038 1786 2051 1802 a
2067 1777 2198 1804 Nicatore

389 1810 486 1836 Patere.
503 1817 529 1840 2,
543 1817 590 1843 74,
605 1816 618 1834 2
650 1807 690 1834 Ad
703 1816 777 1834 arma
789 1808 927 1840 condens,
950 1817 1077 1843 magnum
1093 1819 1127 1845 45
1146 1812 1216 1837 intra
1233 1810 1431 1845 nonagesimum
1452 1810 1583 1844 lapidem,
1617 1810 1645 1835 in
1664 1810 1814 1836 confluente
1833 1810 1972 1844 Euphratis
1994 1813 2057 1838 soffa
2075 1813 2199 1847 perducH

1143 1854 1224 1887 atque
1237 1847 1342 1881 Tigris.
1380 1846 1454 1882 Cous.
1469 1846 1507 1873 Id.
1521 1855 1543 1878 3,
1559 1848 1601 1873 26.
1645 1845 1703 1872 Vni.
1718 1846 1791 1872 Caes.
1808 1846 1874 1872 Bell.
1889 1847 1957 1872 Gall.
1972 1856 2001 1880 4,
2018 1857 2050 1880 15.
2065 1856 2089 1874 ct
2103 1849 2197 1876 Tacit.

1144 1882 1213 1909 Hist.
1227 1891 1253 1915 2,
1266 1891 1305 1916 41.
1343 1884 1424 1908 Etiam
1435 1883 1533 1922 plurali
1545 1891 1654 1922 numero.
1667 1917 1671 1922 ·
1723 1881 1793 1921 ¹Plin.
1810 1884 1836 1914 6,
1851 1891 1884 1916 27
1906 1882 1947 1908 Est
1961 1884 2106 1910 etiamnum
2120 1885 2198 1920 oppi-

1144 1919 1208 1960 dum
1233 1919 1442 1953 Mesopotamiae
1463 1926 1491 1958 ¹¹.¹
1512 1926 1570 1952 ripa
1589 1918 1686 1952 Tigris
1706 1926 1776 1958 circa
1791 1917 1980 1957 Confluentes,
2008 1921 2081 1954 quod
2099 1927 2197 1948 vocant

1145 1954 1269 1989 Digham.
1343 1955 1413 1981 Suet.
1427 1954 1511 1988 Calig.
1526 1959 1539 1983 8
1556 1955 1586 1979 In
1599 1954 1750 1985 Treueris,
1770 1962 1832 1979 Vico
1846 1953 2016 1986 Ambiafino,
2037 1956 2113 1990 supra
2126 1958 2196 1983 Con-

268 1988 342 2015 Idem
356 1997 405 2023 pro
422 1988 527 2014 Cluent.
541 1995 558 2020 9
582 1987 758 2021 Faciamque,
773 1993 804 2014 vt
815 1987 968 2023 intelligatis
982 1988 1009 2014 in
1023 1995 1077 2015 tota
1095 1997 1127 2022 50
1144 1992 1266 2021 fluentes,
1288 1990 1420 2026 Mosellae,
1437 1991 1480 2016 vbi
1492 1989 1564 2016 hodie
1578 1989 1635 2016 vrbs
1652 1989 1819 2025 Cognominis.

1182 2033 1199 2053 C
1211 2033 1230 2053 O
1240 2033 1262 2052 N
1271 2032 1287 2052 F
1296 2032 1312 2052 L
1323 2033 1342 2050 v
1351 2033 1368 2053 E
1377 2033 1399 2052 Ν
1410 2033 1431 2052 Τ
1441 2033 1449 2052 1
1458 2033 1479 2052 A
1488 2044 1496 2058 ,
1524 2034 1563 2051 ae.
1584 2025 1604 2050 f.
1642 2024 1761 2051 Mam-ob.
1778 2025 1880 2051 Saturn.
1895 2033 1920 2059 7,
1936 2036 1955 2060 4
1985 2027 2057 2052 Haec
2074 2027 2111 2052 est
2130 2037 2196 2057 ergo

1144 2062 1240 2098 triplex
1254 2062 1329 2088 causa
1342 2062 1385 2089 vel
1400 2062 1546 2096 podagrae,
1563 2060 1607 2087 vel
1622 2060 1765 2086 cuiuslibet
1780 2068 1811 2085 ex
1826 2061 1988 2086 confluentia
2001 2061 2108 2094 morbi,
2128 2056 2196 2089 mul-

1145 2098 1233 2124 titudo
1246 2096 1382 2129 humoris,
1406 2097 1538 2123 fortitudo
1557 2096 1673 2122 membri
1686 2104 1701 2121 a
1716 2096 1740 2120 se
1754 2095 1922 2128 repellentis,
1944 2102 1970 2122 et
1988 2097 2142 2132 recipientis
2155 2098 2196 2126 in-

1144 2134 1264 2159 firmitas.
1302 2134 1342 2159 sic
1356 2135 1483 2158 Pantanus
1492 2141 1502 2156 c
1515 2131 1598 2156 libris.
1639 2131 1719 2166 Vulgo
1733 2139 1764 2156 ex
1779 2132 1938 2158 continentia
1953 2136 2104 2161 ammittant.

1177 2174 1195 2194 c
1206 2173 1225 2193 o
1237 2174 1258 2192 N
1267 2172 1284 2192 F
1293 2174 1309 2193 L
1318 2174 1339 2192 v
1348 2173 1365 2196 c
1374 2173 1425 2193 TV
1436 2172 1456 2192 0
1465 2186 1473 2198 ‚
1492 2170 1545 2193 are.
1577 2165 1655 2199 Apul.
1670 2167 1733 2192 Met.
1750 2174 1772 2192 ιι
1786 2175 1810 2200 p.
1820 2172 1862 2200 :58
1888 2167 1957 2193 Palla
1969 2168 2002 2193 ad
2016 2169 2121 2196 vltimas
2135 2179 2196 2197 oras

1139 2202 1248 2229 nodulis
1261 2201 1428 2229 fimbriarum
1445 2201 1580 2228 decoriter
1594 2201 1800 2227 conflueiuabat.

1179 2246 1196 2266 c
1206 2245 1224 2265 o
1233 2245 1256 2264 N
1266 2245 1282 2264 F
1291 2245 1307 2263 L
1318 2245 1338 2262 v
1351 2245 1368 2265 c
1380 2245 1401 2264 T
1410 2246 1430 2264 v
1441 2245 1460 2264 o
1469 2245 1487 2263 R
1495 2256 1502 2268 ‚
1535 2237 1585 2262 ari.
1630 2237 1643 2270 [
1655 2238 1806 2269 κυμαίιομαι
1819 2238 1834 2271 ]
1879 2238 2090 2274 Imperfhnaliter.
2134 2242 2195 2268 Sen.

1140 2274 1235 2301 Medea
1247 2282 1301 2305 940
1321 2273 1400 2299 Haud
1413 2272 1491 2298 aliter
1504 2277 1576 2297 metu
1591 2271 1799 2298 confluGtuatur:
1817 2274 1858 2298 ira
1870 2274 1995 2306 pietatem
2008 2275 2099 2310 fugat,
2112 2277 2194 2305 iram-

1141 2318 1193 2344 que
1208 2309 1298 2342 pietas.
1336 2309 1407 2339 Alii,
1428 2315 1450 2333 et
1462 2308 1514 2343 ipse
1529 2308 1638 2333 Granou.
1657 2308 1748 2333 Meum
1761 2316 1807 2334 cor
1819 2308 1970 2336 fluctuatur.

1179 2350 1195 2369 C
1208 2350 1227 2369 o
1237 2350 1259 2369 N
1269 2349 1309 2368 FL
1319 2343 1368 2369 VG
1377 2350 1394 2369 Ε
1403 2349 1415 2368 S
1425 2363 1433 2375 ,
1454 2343 1524 2370 Loca
1537 2343 1605 2375 sunt,
1618 2343 1647 2368 in
1661 2351 1728 2377 quae
1741 2344 1796 2369 riui
1810 2344 1906 2370 diuersi
1914 2346 2060 2373 confluunt.
2097 2348 2193 2376 Liuius

1142 2377 1311 2405 Andromeda
1323 2398 1331 2411 ‚
1363 2379 1520 2413 ConflugeS,
1533 2378 1580 2405 vbi
1601 2385 1735 2405 conuentu
1758 2388 1878 2414 campum
1901 2387 1988 2408 totum
2012 2382 2192 2419 inhulnigant.

1142 2416 1210 2441 Haec
1223 2415 1330 2441 Nonius
1345 2423 1365 2447 1,
1379 2422 1428 2447 3ιι.
1475 2414 1549 2450 Conf.
1572 2419 1590 2440 C
1601 2421 1653 2441 ΟΝ
1664 2418 1817 2442 FLAGES
1838 2423 1862 2442 et
1882 2422 1899 2443 C
1910 2423 1929 2444 O
1942 2424 1964 2443 N
1975 2424 2136 2448 FRAGES.

1177 2456 1251 2477 CON
1261 2457 1277 2477 F
1290 2458 1295 2475 1
1313 2458 1333 2475 v
1343 2456 1363 2477 G
1372 2458 1380 2476 1
1389 2456 1408 2475 V
1421 2457 1445 2476 M
1456 2469 1462 2481 ,
1483 2450 1500 2477 i.
1525 2459 1550 2476 n.
1590 2449 1665 2476 Idem.
1694 2450 1826 2485 Salmasius
1839 2451 1932 2479 Solino
1946 2451 2058 2486 restituit
2069 2465 2091 2482 c.
2101 2464 2117 2488 9
2138 2457 2192 2483 Ru-

1140 2486 1214 2521 pium
1230 2486 1382 2517 cauamina,
1402 2495 1470 2521 quae
1489 2486 1619 2513 fluCtuum
1632 2487 1772 2521 confingiis
1787 2496 1855 2514 nunc
1869 2488 1944 2515 adesa
1956 2490 2023 2516 sunt.
2067 2493 2146 2528 Vulgo
2159 2493 2193 2519 Ie-

1421 2522 1479 2548 Vid.
1495 2523 1596 2558 Salmas.
1610 2522 1644 2548 ad
1654 2523 1678 2549 h.
1694 2524 1711 2549 l.
1731 2532 1755 2557 p.
1770 2532 1824 2556 ¹09·

1175 2565 1219 2585 CO
1228 2564 1274 2585 NF
1286 2565 1298 2583 ι
1310 2566 1329 2584 ν
1342 2564 1368 2584 M
1379 2565 1420 2584 IN
1429 2564 1474 2585 EV
1483 2565 1507 2588 s,
1519 2567 1542 2589 a,
1554 2567 1609 2584 um.
1636 2557 1697 2585 Adi.
1725 2560 1776 2594 Qui
1789 2559 1868 2586 eodem
1880 2560 2083 2596 vtiturflumine.
2110 2563 2192 2597 Apul.

1176 2601 1193 2621 C
1204 2600 1223 2620 O
1235 2601 1258 2620 N
1268 2601 1285 2621 F
1295 2601 1307 2619 ι
1319 2601 1370 2620 νν
1380 2600 1389 2620 1
1399 2601 1420 2620 v
1429 2601 1471 2627 M,
1492 2594 1510 2620 i.
1532 2604 1558 2620 n.
1597 2594 1672 2620 Idem.
1708 2594 1819 2622 Seuerus
1834 2595 1862 2621 in
1876 2597 2004 2629 Aetn.32;
2027 2598 2117 2624 Donec
2129 2608 2192 2625 con-

1139 2630 1224 2657 fluuio
1234 2630 1366 2657 reuolutis
1379 2630 1492 2656 aestibus
1504 2629 1589 2657 amnis
1626 2629 1733 2663 Exfilit,
1753 2638 1800 2657 etc.
1857 2632 1933 2658 Varr.
1946 2632 2013 2667 apud
2025 2633 2098 2660 Non.
2112 2642 2147 2667 ις,
2162 2644 2193 2661 ιο

1138 2666 1187 2692 Sed
1201 2674 1269 2701 quae
1283 2665 1413 2692 ncceffitas
1427 2673 1453 2693 te
1465 2665 1541 2692 iubet
1554 2673 1649 2700 aquam
1662 2665 1797 2693 effundere
1811 2666 1886 2693 domi
1899 2669 1976 2694 tuae?
1997 2669 2023 2694 Si
2038 2670 2098 2696 vasa
2110 2670 2191 2696 habes

1633 2702 1702 2737 (quo
1715 2705 1812 2729 vinciri
1821 2703 1891 2730 dolia
1907 2704 2013 2739 rimosa,
2031 2704 2102 2731 docet
2122 2706 2190 2731 Cato

1139 2738 1171 2764 R.
1184 2738 1216 2764 R.
1229 2746 1270 2771 39,
1284 2742 1311 2770 ι)
1333 2738 1373 2764 Ad
1388 2747 1466 2773 quam
1479 2746 1536 2764 rem
1548 2737 1626 2764 nobis
1642 2738 1678 2764 est
1691 2739 1875 2765 confluidum?
1900 2739 1932 2765 ad
1947 2748 2026 2773 quam
2041 2748 2098 2766 rein
2111 2749 2189 2766 vrna-

1138 2774 1227 2800 rium?
1257 2774 1361 2800 Videtur
1374 2776 1455 2810 igitur
1469 2774 1511 2801 hic
1529 2773 1695 2800 confluuium
1713 2773 1780 2811 quasi
1793 2774 1910 2810 quaedam
1916 2774 2019 2810 fintina
2037 2775 2122 2801 domus
2134 2774 2190 2809 effi,

1138 2816 1184 2845 quo
1197 2809 1276 2845 effusa
1289 2810 1417 2846 confluunt
1428 2809 1587 2844 emillariuni.

1174 2851 1191 2871 c
1202 2851 1221 2871 o
1232 2852 1254 2871 N
1264 2852 1280 2872 F
1291 2852 1306 2871 1.
1316 2852 1337 2871 v
1347 2853 1366 2870 v
1378 2852 1406 2878 s,
1436 2855 1460 2878 a,
1481 2855 1535 2872 um.
1572 2844 1697 2872 Prudent.
1711 2844 1861 2872 Cathemer.
1876 2852 1899 2877 5,
1912 2846 1948 2880 76
1979 2844 2055 2872 Vnda
2068 2845 2187 2874 reuolui·

861 2877 1008 2904 Consensus
1028 2879 1076 2919 ali·
1093 2888 1125 2916 75
1138 2886 1183 2908 tur
1220 2882 1251 2907 In
1265 2880 1346 2908 semet
1357 2882 1481 2908 reuolans
1495 2881 1600 2916 gurgite
1612 2882 1728 2908 confluo.

1177 2923 1194 2944 c
1207 2923 1433 2951 ONFvaio,
1459 2919 1527 2944 onis.
1549 2918 1569 2944 f.
1606 2916 1668 2944 Liu.

1175 2959 1193 2980 c
1205 2959 1313 2980 ONFo
1325 2958 1542 2986 CILLATIO,
1563 2953 1630 2979 onis.
1650 2953 1670 2978 f.
1691 2951 1758 2988 apud
1776 2951 1932 2979 Firmicum.

1174 2995 1424 3023 conromco,
1449 2993 1501 3016 are.
1539 2989 1617 3023 Apul.

1175 3031 1192 3052 C
1204 3032 1223 3052 o
1232 3033 1255 3052 N
1265 3032 1281 3052 F
1289 3023 1308 3052 ὁ
1317 3032 1335 3051 D
1345 3032 1355 3051 1
1364 3032 1384 3052 0
1394 3044 1402 3057 ,
1421 3024 1479 3058 adi,
1499 3026 1593 3057 ossum,
1626 3025 1678 3050 ere.
1715 3021 1860 3057 [διορῦτἹω]
1899 3020 1990 3049 Ὲοᾱενε
2006 3022 2091 3050 crebro
2103 3029 2128 3050 et
2139 3033 2186 3050 vn—

1271 3061 1337 3087 Plin.
1355 3068 1394 3096 17,
1409 3071 1440 3088 20
1470 3060 1588 3088 Confodi
1602 3058 1695 3085 iubent
1713 3059 1801 3085 mense
1823 3057 1926 3092 Aprili,
1957 3058 1985 3084 de
1998 3061 2079 3086 vinea.
2116 3061 2185 3088 Cato

1139 3104 1185 3129 129
1200 3106 1209 3111 s
1223 3096 1402 3124 Confodiatur
1422 3097 1526 3124 minute
1538 3101 1624 3127 terra,
1642 3101 1668 3120 et
1679 3102 1786 3121 amurca
1805 3093 1871 3120 bene
1889 3094 2084 3129 conspergatur.
2141 3097 2185 3123 Sic

1138 3135 1210 3158 etiam
1241 3132 1300 3160 Col.
1320 3142 1350 3167 4,
1372 3141 1384 3166 ς
1421 3131 1576 3166 Trigefimo
1597 3138 1704 3165 quoque
1723 3129 1768 3156 die
1787 3129 1878 3156 vineta
1898 3130 2006 3156 nouella
2029 3131 2184 3159 confodere.

1137 3169 1223 3195 Varro
1238 3169 1270 3195 R.
1284 3169 1316 3195 R.
1331 3177 1352 3201 1,
1365 3174 1400 3201 18,
1414 3177 1431 3195 2
1466 3168 1531 3194 Satis
1544 3167 1592 3192 else
1605 3166 1637 3193 ad
1652 3166 1743 3200 iugera
1756 3172 1777 3191 v
1788 3172 1836 3191 111
1872 3164 2008 3192 hominem
2028 3175 2126 3194 vnum:
2152 3176 2184 3194 ea

1138 3203 1234 3231 debere
1253 3213 1314 3231 eum
1333 3204 1478 3231 confodere
1497 3201 1604 3230 dicebus
1623 3207 1709 3229 XLV·
1789 3201 1906 3226 Hortum
1924 3201 2068 3228 confodere
2099 3203 2183 3230 Plaut-

1529 3235 1550 3276 ff
1572 3246 1588 3264 2
1624 3236 1669 3264 Ad
1686 3235 1795 3268 caedem,
1816 3242 1864 3271 per
1879 3237 1956 3271 plura
1975 3241 2002 3264 in
2016 3241 2110 3273 primis
2128 3240 2183 3265 vul-

1136 3284 1210 3308 nera,
1236 3275 1432 3312 significandam
1449 3273 1588 3301 adhibetur.
1661 3271 1766 3298 Tribus
1786 3277 1812 3297 et
1832 3271 1929 3307 viginti
1947 3273 2030 3309 plagis
2051 3275 2182 3300 confossus

1136 3310 1173 3337 est
1196 3312 1266 3338 Suet.
1279 3312 1352 3339 Caes.
1367 3320 1388 3336 c.
1401 3315 1441 3340 82.
1513 3309 1587 3336 Idem
1601 3307 1719 3341 Augusto
1732 3316 1753 3333 c.
1767 3315 1796 3340 91
1829 3307 1987 3343 Le6ficaque
2008 3309 2081 3341 eius,
2107 3308 2179 3344 quasi

1136 3346 1177 3373 ibi
1189 3347 1286 3374 cubans
1299 3345 1472 3377 remansitset,
1499 3345 1625 3372 concursu
1648 3342 1764 3369 hostium
1783 3343 1898 3370 confossa
1912 3350 1992 3379 atque
2011 3345 2121 3371 lacerata
2135 3343 2180 3369 est.

1136 3382 1230 3409 Hostes
1243 3382 1402 3410 confodiunt
1414 3381 1467 3407 tela
1483 3380 1572 3407 Valer.
1586 3380 1684 3414 Argon.
1697 3381 1790 3418 ⁶³.4¹8·
1860 3380 1984 3415 Iugulum
1998 3381 2108 3406 alicuius
2127 3379 2179 3405 Lu-

1380 3417 1440 3443 Liu.
1455 3425 1501 3451 24,
1514 3423 1532 3450 7
1563 3416 1600 3441 Vt
1619 3423 1702 3449 quum
1722 3422 1750 3439 in
1770 3420 1980 3448 praetereuntem
2000 3416 2052 3443 fine
2072 3414 2179 3441 armatis

1135 3463 1224 3489 regem
1243 3455 1357 3489 impetus
1378 3452 1470 3485 fieret,
1496 3450 1686 3478 confoderetur
1704 3449 1809 3485 aliquot
1821 3451 1894 3486 prius
1914 3451 2084 3482 vulneribus,
2097 3458 2178 3484 quam

1136 3490 1251 3517 succurri
1265 3490 1354 3525 posset.

1170 3532 1214 3553 Co
1224 3533 1247 3552 N
1258 3532 1274 3553 F
1287 3531 1306 3551 o
1317 3532 1329 3552 s
1338 3530 1350 3549 S
1359 3529 1380 3549 V
1391 3529 1403 3549 s
1413 3543 1422 3555 ,
1436 3532 1461 3556 a,
1473 3531 1528 3549 um.
1543 3521 1610 3548 Part.
1635 3518 1846 3557 [δωωτεπαρμὲνος]
1867 3521 1923 3549 Cic.
1940 3530 1988 3556 pro
2000 3520 2070 3547 Sulla
2081 3528 2108 3553 33
2122 3528 2142 3545 c.
2152 3527 2177 3546 ιι

1135 3562 1260 3597 Qiinque
1274 3558 1428 3588 hominibus
1446 3556 1637 3592 comprehensis
1657 3562 1735 3592 atque
1753 3557 1889 3590 confoffis,
1907 3557 1936 3583 de
1958 3557 2079 3583 Catilinae
2095 3557 2179 3581 coniu-

1346 3594 1420 3628 Virg.
1435 3595 1499 3620 Aen.
1515 3602 1541 3626 9,
1554 3601 1614 3628 444
1648 3592 1724 3619 Tum
1739 3593 1815 3627 super
1833 3593 1980 3619 exanimem
1998 3591 2050 3616 sese
2063 3591 2179 3624 proiecit

1134 3633 1248 3659 amicum
1289 3630 1443 3662 Confoffus,
1467 3635 1512 3655 etc.
1583 3629 1672 3663 Equus
1687 3628 1842 3655 vulneribus
1853 3627 1980 3654 confossus
2013 3627 2086 3652 Curt.
2099 3631 2122 3656 8,
2136 3635 2176 3660 14,

1133 3676 1176 3701 34.
1211 3665 1279 3695 Add.
1293 3675 1316 3699 ς,
1330 3675 1365 3698 13,
1379 3673 1414 3698 25.
1483 3663 1571 3691 Hastis
1583 3664 1712 3690 confoss‘us
1733 3666 1806 3691 Cui-t.
1820 3672 1842 3696 3,
1857 3671 1889 3695 ιι,
1905 3670 1936 3688 ιι.
2006 3661 2100 3688 Iaculis
2115 3670 2176 3687 con-

1135 3704 1212 3730 foffits
1231 3702 1304 3729 Idem
1317 3710 1344 3734 9,
1359 3709 1381 3733 ς,
1395 3708 1433 3735 ι7.
1504 3699 1614 3726 Iudiciis
1627 3700 1756 3726 confossos
1771 3698 2019 3734 praedamnatosque
2028 3716 2037 3729 ,
2053 3696 2176 3732 metapho-

1133 3740 1184 3766 rice
1197 3739 1265 3765 dixit
1284 3738 1344 3763 Liu.
1360 3744 1382 3769 ς,
1396 3743 1430 3762 ιι.
1484 3736 1596 3772 Compar.
1614 3735 1696 3762 Plaut.
1709 3735 1801 3762 Bacch.
1817 3743 1845 3766 4,
1860 3738 1882 3762 8,
1894 3737 1927 3765 48
1946 3731 1991 3757 Te
2003 3732 2099 3758 faciani
2113 3741 2174 3758 con-

1079 3775 1266 3801 loofoffiorem
1278 3772 1391 3799 soricina
1405 3771 1500 3804 nenia,
1525 3781 1544 3798 1.
1557 3774 1639 3808 magis
1652 3769 1803 3807 confoſjhm,
1826 3777 1898 3804 quam
1917 3776 1969 3792 cum
1982 3766 2058 3801 Jbrex
2078 3771 2106 3793 in
2125 3777 2175 3793 mu.

1126 3811 1227 3847 scipula
1245 3807 1407 3843 deprehenfiaes
1427 3807 1581 3843 confoditur.
1623 3806 1683 3834 Vid-
1704 3804 1805 3840 SalmaJI
1823 3807 1851 3829 in
1868 3804 1914 3830 loc.
1933 3808 1958 3828 et
1971 3803 2018 3830 lul.
2036 3803 2101 3831 Scal.
2115 3804 2175 3830 Poa-

1131 3853 1219 3908 nc'clt’)
1228 3853 1278 3905 1ξῖ
1289 3884 1308 3904 0
1319 3884 1332 3904 S
1342 3882 1356 3904 S
1365 3884 1375 3903 1
1386 3882 1407 3903 Ο
1417 3896 1427 3910 ,
1446 3875 1514 3904 bnis.
1531 3877 1552 3904 f.
1570 3876 1638 3913 apud
1655 3876 1768 3903 Hieron.

1167 3924 1186 3943 c
1198 3922 1217 3942 o
1228 3922 1249 3941 N
1260 3921 1275 3941 F
1284 3920 1303 3941 o
1311 3921 1324 3940 s
1332 3920 1346 3939 S
1354 3918 1374 3939 ο
1385 3919 1404 3939 R
1415 3933 1424 3945 ‚
1448 3914 1514 3940 oris.
1533 3922 1570 3940 m.
1588 3912 1655 3948 apud
1673 3908 1882 3938 Tertullianum.

1081 3961 1126 3989 ¹05
1169 3959 1186 3981 c
1198 3958 1218 3979 o
1230 3958 1250 3978 N
1261 3957 1278 3978 r
1286 3956 1306 3977 o
1314 3955 1330 3975 ε
1339 3955 1359 3975 n
1367 3954 1384 3975 ε
1392 3955 1412 3976 R
1422 3955 1443 3977 0
1452 3968 1462 3983 ,
1478 3953 1531 3978 ire.
1551 3947 1674 3978 Prudens.
1686 3947 1716 3975 in
1727 3946 1851 3973 Laurent.
1864 3950 1917 3979 437
1940 3941 2171 3979 confoederennnr

2068 3984 2168 4002 omnia.

1279 3985 1389 4022 782
