2474 4182
21 361 22 366 ,
56 334 125 360 diem
140 338 299 358 commeatus
313 330 388 357 Aue't.
402 330 433 356 ad
448 331 562 355 Herenn.
578 335 602 358 ι,
621 335 665 360 24.

21 425 23 444 l

15 602 18 608 .
54 583 221 608 Commeatus
236 580 337 606 dicitur.

15 632 17 637 ⁴
54 623 142 643 torum
154 623 180 642 ct
194 620 384 642 commeatuum
397 619 521 638 mcnmriu.

15 676 18 684 ,
54 652 129 686 copia
144 652 337 686 negotiatorum
350 654 375 673 ct
389 655 584 674 conuncatumu
599 648 713 674 maxime
727 649 837 675 celebre.

22 394 23 421 i
54 413 80 436 23
107 402 217 430 Duobus
232 400 420 429 commeatibus
435 400 577 426 exercitum
591 404 726 432 reportare
739 399 882 425 constituit.
905 403 907 405 ’

54 69 150 119 1049
437 62 472 102 c
560 63 596 101 o
685 62 733 102 Μ

54 158 113 184 Sen.
138 156 182 190 Ep.
203 161 244 189 54.
314 151 409 178 Vellei.
423 160 453 184 2,
474 160 507 184 99
528 151 557 177 de
575 150 691 182 Tibri-io,
718 148 879 174 Diffimulata
896 150 967 175 causa
989 149 1093 176 consilii

55 193 96 220 sui
131 195 304 218 commeatum
321 197 336 214 a
349 189 438 214 socero
453 187 555 222 petiuit.
612 188 652 211 Ita
665 192 688 210 et
708 184 764 223 Cic..
778 185 831 223 A-tt.
847 193 885 215 ις,
900 194 929 217 ,μ
951 185 1007 212 Nili
1027 185 1090 220 quid

104 213 112 225 ⁹
344 226 362 250 i.
394 223 441 249 nisi
455 232 500 258 per
521 229 546 248 te
565 221 633 247 mihi
654 220 714 245 licet
735 219 835 245 diutius
855 220 946 246 abelle.
1017 221 1091 256 Cons.

477 258 514 284 Id.
528 257 612 290 Calig.
628 265 650 280 c.
666 264 707 287 29.
764 255 802 281 Id.
818 256 908 283 Claud.
928 266 948 283 c.
965 265 995 282 20
1015 264 1038 283 et
1052 265 1090 288 23.

583 293 690 317 Sumere
709 291 769 319 Liu.
784 300 806 323 3,
822 294 866 325 46.
939 292 1038 318 Venire
1058 291 1090 318 ad
1116 299 1130 325 5

863 325 883 361 ἦ
906 336 917 359 3
955 328 1092 354 Commea-

55 237 71 255 ὃ
83 235 107 254 te
119 231 277 253 commeatus
285 242 294 255 ‚

55 266 158 290 Sueton.
173 260 240 287 Tib.
259 269 280 284 c.
297 268 324 285 10
346 266 369 285 ct
389 268 422 291 3¹·

55 298 122 334 LipJZ
136 295 170 323 ad
181 296 248 329 Tac.
264 295 356 321 Annal.
372 302 398 321 12
417 304 441 329 p.
455 296 512 326 364.

663 362 831 397 [κατάπλεω]
861 361 932 390 Caes.
949 363 1011 389 Bell.
1025 362 1092 388 Gall.

937 400 967 424 Et
982 399 1052 425 Hirr.
1063 399 1092 424 B.

53 439 110 466 Afr.
127 444 139 468 8
168 437 307 465 Rabirium
319 436 468 463 Postumum
481 435 508 459 in
522 433 638 459 Siciliam
651 434 682 460 ad
696 435 835 460 secundum
856 441 1031 460 commeatum
1052 441 1091 459 ar-

52 473 197 501 ccli'endum
212 472 302 500 mittit.
345 471 401 498 Fid.
423 475 637 498 CATAPLvs.
659 495 664 501 ,

53 510 195 536 modulatis
208 507 445 535 Alexandrinorum
459 503 673 537 laudationibus,
688 506 735 540 qui
749 506 781 532 de
793 515 865 532 nouo
879 512 1027 532 commeatu
1039 505 1092 530 Ne-

52 546 154 580 apolim
172 546 358 571 confluxerant.
389 556 391 560 ⁴
425 542 505 566 Etiam
524 540 551 566 ..lc
572 543 622 566 iilia
643 542 800 567 multitudine
820 551 869 567 vna
881 540 1092 576 proficiscentium

378 576 419 603 Sic
431 575 530 602 Sallust.
546 576 664 611 lugurtli.
680 585 725 610 47.
740 586 754 603 2
775 577 959 611 Frequentiam
976 575 1094 611 negotia-

575 613 668 638 ‘sacin
681 615 748 638 Ann.
766 622 803 647 14,
818 622 843 645 33
872 613 1024 640 Londinuni
1047 627 1092 631 —

54 376 94 395 tus
108 365 141 400 est
156 370 244 399 etiam,
260 369 371 401 plici-mm
388 367 488 391 nauium
501 362 622 397 apptelsics.

16 712 18 721 v
52 693 67 718 8
88 697 111 721 p.
127 696 187 720 209,
205 692 229 716 18
260 685 289 711 cle
301 683 401 710 canibus
416 686 442 708 in
459 684 666 720 iterfacicminm
684 685 865 710 multitudinem
878 692 1008 710 commum:
1020 706 1025 713 .
1049 684 1095 709 Per

8 987 21 1003 al

53 732 160 750 omnem
188 721 302 748 nostrum
329 727 505 746 commeatum
533 720 661 746 mortibus
687 720 830 746 ambulare.

1019 714 1095 755 '54

20 766 24 783 .·
53 760 237 789 Commeatus,
262 759 288 781 in
307 762 410 790 utroque
429 765 543 787 numero,
565 757 705 789 σιτηρέσιον,
726 757 783 782 Vct.
803 755 881 781 Glotl'.
899 762 948 790 pro
965 754 1096 786 allicitis,

21 815 24 829 l

16 832 24 850 (ν
51 828 219 857 multitudinis
225 827 352 863 Jimiilur,
372 827 495 853 interdum
515 830 588 853 ctiam
602 829 704 861 priuati
719 826 835 852 hominis.

15 854 24 903 ‘l

7 1029 20 1070 t..
48 1014 150 1069 iringum
170 1041 269 1068 Sallust.
286 1043 341 1069 Cat.
357 1047 400 1075 58,
415 1050 440 1074 9.

18 1090 22 1114 .-
49 1078 114 1105 Bell.
129 1077 196 1104 Gall.
209 1086 231 1110 3,
246 1086 284 1110 23.

0 2355 5 2387 f
41 2360 308 2425 {uf-‘im'cgmfisffl'
323 2368 352 2392 2,
372 2367 418 2392 115.

0 2426 7 2434 λ,
65 2405 178 2432 atg.c.3
199 2416 204 2422 .

0 2435 1 2444 ¹
41 2433 134 2469 prior,
158 2435 178 2460 i.
190 2434 311 2459 rationem
325 2432 392 2457 iliam
405 2429 561 2457 condonandi
574 2432 668 2462 vitam,
689 2436 713 2455 et
731 2430 869 2464 recipiendi
888 2438 902 2454 a
922 2428 992 2454 vibio
1001 2431 1091 2463 pretii.
1111 2431 1143 2462 63

0 2524 2 2533 t
43 2511 143 2532 manent
161 2510 233 2540 atque
246 2510 397 2530 exerc-mtur-

0 2944 1 2947 ¹
44 2930 118 2958 stane
131 2928 322 2958 Pauor-mitanis
335 2930 524 2957 commercium
538 2929 575 2956 est
588 2929 626 2956 Id.
636 2931 712 2957 Verr.
726 2939 749 2962 3,
763 2939 804 2963 93.

8 3339 14 3349 =-
45 3323 131 3352 venit.

14 3478 17 3483 ·
45 3467 146 3495 virtute
162 3466 363 3494 commercium.

13 3510 16 3514 ·
47 3501 79 3537 id
88 3502 126 3530 est
137 3511 198 3538 eum
211 3502 392 3534 humanitate,
413 3507 438 3528 et
452 3511 512 3528 cum
526 3501 648 3531 dootrina
661 3504 756 3532 habeat
769 3505 878 3540 aliquod
891 3508 1090 3534 commercium.
1108 3516 1140 3542 95
1155 3509 1202 3536 Vti
1215 3508 1377 3536 commilitio
1388 3507 1499 3534 alicuius
1514 3505 1623 3540 Quin&
1639 3513 1712 3538 5,1o‚
1726 3514 1770 3533 ιιι.
1793 3509 1811 3533 1'.
1824 3509 1939 3534 auxiliis.

7 3557 10 3563 .
47 3538 114 3573 Non
135 3536 214 3566 habet
238 3537 428 3565 commercium
452 3546 512 3564 cum
531 3539 632 3566 virtute
653 3541 777 3576 voluptas
799 3541 854 3568 Cic.
874 3541 906 3568 de
925 3542 1024 3569 Senect.
1046 3551 1091 3577 42.

35 3575 174 3610 Exercent
187 3574 345 3601 commercia
359 3573 465 3608 linguae
477 3572 558 3600 Ouid.
566 3573 651 3602 Trist.
665 3584 688 3608 5,
704 3584 737 3608 ιι,
749 3579 788 3603 61.

16 3618 17 3621 ¹
46 3609 224 3641 commercia,
243 3613 263 3637 i.
277 3610 346 3647 usum
366 3609 404 3636 Id.
418 3608 503 3636 Trist.
519 3618 542 3643 5,
555 3615 579 3643 8,
590 3618 616 3643 9.

6 3650 15 3665 ‘-
47 3645 112 3680 bere
123 3653 184 3671 cum
197 3644 286 3686 aliqua
298 3645 385 3673 Valer.
400 3646 470 3672 Max.
484 3650 507 3677 8,
520 3654 546 3677 2,
558 3654 583 3672 2.

8 3867 10 3870 ’
47 3867 108 3887 mae
120 3856 278 3894 commercia
289 3866 354 3894 poni
371 3860 476 3901 quenc.
489 3870 513 3895 3,
528 3870 581 3894 3ιο.

16 803 24 819 μ
50 793 243 828 aduehendisquc
263 791 372 817 cibariis
396 791 429 816 od
441 792 582 817 alimoniam
594 788 704 826 Rripubl.
719 798 762 816 out
777 794 921 852 turturillae,
934 797 977 816 tuit
990 793 1096 853 Δίιὶιιίιις

915 835 946 851 ic.
963 835 1011 860 pro
1048 834 1094 859 ege
1109 837 1143 854 20

52 865 145 892 Manil.
159 871 185 897 53
206 872 226 889 c.
236 871 264 897 17
290 864 445 889 Commeatu
459 868 484 889 et
498 863 603 897 priuato
619 868 643 888 et
657 861 764 896 publico
778 861 996 895 prohibebamur.
1053 862 1096 887 Al-

44 901 130 928 ·ternis
143 898 332 926 commeatibus
346 899 477 924 orientem
491 898 705 932 occidentemque
725 897 857 923 connectit
877 899 1004 923 Tinzianus
1025 898 1091 923 Plin.

51 937 110 964 Pan.
129 944 150 961 c.
170 943 206 967 32.
278 934 334 961 Cic.
349 936 424 960 Verr.
441 942 468 967 5,
488 938 515 961 61
543 934 588 960 'I'e
606 934 689 967 igitur
709 933 818 959 auctore
837 938 862 959 et
881 933 1042 967 interprete,
1063 941 1094 959 ne

47 972 111 999 foro
125 970 233 1006 quidem
252 976 277 996 et
294 977 441 996 commeatu
455 969 609 996 Mamertini
623 969 712 1003 repul.
728 969 877 995 Romanum
892 969 984 994 iuuare
999 968 1095 995 debuc-

191 1006 331 1032 Abundare
346 1013 493 1032 commeatu
507 1006 578 1032 Caes.
594 1005 657 1030 Bell.
673 1005 733 1031 Ciu.
749 1014 772 1037 3,
787 1013 824 1037 50.

511 1040 690 1068 intercludere
708 1040 793 1066 hostes
812 1040 1002 1066 commeatibus
1022 1040 1095 1066 Caes.

355 1079 510 1104 Commeatu
530 1083 555 1103 et
575 1077 710 1103 frumento
727 1076 765 1102 Id.
780 1075 846 1103 ibid.
863 1085 883 1108 1,
898 1081 940 1108 48.
1012 1076 1095 1101 Inter-

823 1111 970 1138 Plaut.Mil.
985 1119 1007 1142 2,
1019 1119 1041 1142 ε,
1054 1113 1095 1140 68.

796 1148 905 1174 Mittere
919 1152 1095 1172 commeatum

49 1114 156 1141 cludere
171 1114 287 1140 inimicis
301 1119 476 1140 commeatum
491 1113 596 1139 Sueton.
612 1112 718 1147 August.
734 1115 770 1138 16.

49 1151 151 1178 Locare
164 1155 341 1175 commeatum
359 1149 457 1175 Sallust.
473 1149 501 1174 in
516 1148 635 1183 Iugur-th.
673 1167 679 1174 .

50 1187 123 1213 Hit-t.
137 1186 202 1212 Bell.
213 1185 269 1211 Afr.
284 1190 306 1215 8.
376 1185 469 1211 Parare
483 1190 674 1216 commeatum,

49 1229 123 1249 atum
143 1221 243 1247 Sallust.
258 1221 285 1247 in
299 1220 419 1255 Iugurth.
432 1222 477 1254 46,
492 1228 513 1253 5.
584 1219 717 1247 Proficisci
736 1219 764 1245 in
784 1224 958 1245 commeatum
977 1224 1095 1252 argenta-

47 1259 120 1285 rium
138 1258 219 1283 Plaut.
233 1256 322 1283 Pseud.
339 1265 357 1288 1,
367 1263 389 1289 5,
403 1265 427 1289 9.
447 1256 531 1292 iocosi.
601 1256 728 1290 Recipere
743 1261 916 1292 commeatum
932 1254 1005 1280 Caes.
1021 1254 1094 1294 de.ss·

49 1294 111 1320 Ciu.
127 1301 146 1325 ι,
162 1301 197 1326 19.
269 1292 414 1318 Reseruare
432 1297 592 1318 commeatus
612 1291 643 1318 ad
664 1291 828 1318 oblidionem
841 1289 916 1315 vrbis
937 1289 975 1316 Id.
990 1290 1017 1316 Β,
1033 1291 1094 1316 Ciu.

51 1337 72 1362 ι,
86 1334 125 1361 36,
196 1326 398 1355 Subministrare
413 1330 573 1354 commeatus
585 1328 687 1362 copiam
702 1325 926 1353 Hirt.Be11.A1ex.
942 1334 977 1358 35.
1032 1326 1097 1352 Sub-

48 1365 147 1393 rehere
162 1371 339 1391 commeatum
353 1364 413 1390 Liu.
429 1372 459 1396 3,
474 1372 510 1396 23.

88 1407 165 1428 COM
174 1407 197 1426 M
208 1406 224 1427 13
233 1401 282 1425 ᾹΤ
292 1407 310 1427 o
319 1406 337 1426 R
348 1419 356 1432 ,
380 1400 443 1426 oris.
480 1408 515 1426 m.

49 1441 211 1463 commeator
225 1441 249 1462 et
262 1434 388 1461 infersun.
425 1434 492 1462 Add.
508 1434 546 1460 Id.
560 1433 635 1468 Apol.
654 1442 679 1468 p.
692 1440 742 1465 315,
756 1441 793 1458 22.

51 1472 128 1506 Rapt.
145 1473 262 1506 Proserp.
279 1481 298 1504 1,
314 1477 344 1503 89
370 1471 399 1497 de
412 1472 549 1497 Mercurio.

85 1515 102 1534 c.
110 1514 130 1534 o
139 1515 162 1533 M
172 1514 196 1533 M
206 1514 221 1533 Ε
230 1515 251 1534 Α
259 1514 275 1534 1³
285 1515 292 1534 1
303 1514 318 1533 L
328 1514 337 1532 1
346 1514 368 1536 s,
377 1515 399 1532 e.
426 1505 486 1531 Adi.
525 1502 715 1530 Arnobiuslib.
724 1512 737 1529 2
745 1513 769 1538 p.
779 1508 812 1536 84
836 1504 926 1530 Venae
935 1503 1063 1530 fistulatae
1071 1509 1097 1530 et

551 1396 629 1432 Apul.
649 1398 713 1424 Met.
735 1404 762 1422 11
795 1405 820 1431 p.
834 1398 885 1422 262
907 1396 955 1422 Ille
972 1395 1097 1431 supersim

836 1432 893 1459 Vid.
909 1432 1049 1460 Claudian.
1061 1433 1094 1459 de

47 1542 242 1569 commeabiles.

49 1578 85 1604 cit
104 1577 142 1604 Id.
157 1585 174 1612 7
198 1587 222 1612 p.
234 1586 291 1609 223.
355 1578 479 1611 Itaquect
493 1576 521 1602 de
537 1585 577 1608 eo,
592 1575 657 1611 quod
670 1581 814 1607 commeat,
834 1582 858 1601 et
872 1575 901 1601 ds
915 1584 957 1608 eo,
971 1582 1019 1611 per
1033 1575 1099 1612 quod

0 1628 3 1639 ι
47 1621 206 1640 commeatus
226 1612 273 1646 esi,
292 1614 426 1647 accipitur.

82 1655 99 1676 c
107 1654 127 1675 o
135 1655 160 1675 M
169 1655 193 1675 M
202 1654 218 1675 E
228 1654 248 1675 A
258 1654 279 1675 'r
288 1655 309 1675 A
323 1654 336 1674 L
350 1656 390 1680 is,
399 1656 422 1674 e.
432 1646 491 1673 Adi.
500 1643 688 1672 Commeatalis
702 1645 780 1672 miles
796 1645 900 1678 dicitur,
909 1649 953 1681 qui
965 1645 1096 1681 instipen-

43 1684 84 1711 dii
103 1691 203 1719 partem
226 1687 319 1719 accipit
339 1685 456 1709 alimenta
480 1691 509 1707 ex
530 1688 678 1714 commeatu,
706 1681 735 1707 id
752 1680 785 1714 est
798 1691 835 1707 «cx
854 1683 971 1708 alimento
983 1682 1094 1716 publico.

43 1719 107 1748 Iust.
121 1719 154 1746 de
166 1719 220 1747 Off.
242 1719 323 1753 praef.
341 1724 421 1753 praet.
437 1717 519 1744 Afric.
540 1717 556 1743 l.
574 1725 585 1742 2

884 1790 914 1814 Et
929 1788 1014 1825 infra,
1029 1789 1094 1816 Non

46 1828 78 1854 de
99 1826 315 1854 conimcatalibus
332 1826 467 1858 militum,
492 1830 536 1850 aut
554 1824 586 1850 de
607 1832 701 1850 eorum
720 1824 856 1858 stipendiis
876 1824 980 1852 lucrum
997 1825 1093 1851 facere.

47 1863 121 1890 Goth.
136 1863 306 1894 Commentis,
320 1860 386 1897 quasi
403 1867 608 1892 commanus,
628 1868 722 1893 orum,
733 1861 789 1894 Jint
801 1870 911 1887 annonae
925 1862 1056 1887 militares.

81 1905 99 1925 C
110 1906 130 1925 0
140 1905 164 1931 Μ
177 1905 201 1924 Μ
210 1905 226 1924 E
235 1905 252 1924 R
261 1905 305 1925 Co
314 1905 332 1924 R
342 1917 350 1930 ,
378 1897 427 1924 firi.
463 1895 665 1931 [fiuno’onssquai]
715 1897 813 1922 Multas
833 1905 872 1922 res
882 1895 959 1930 simul
977 1899 1093 1923 uzei-cari.
1109 1905 1141 1930 5¹0

45 1934 126 1961 Plani.
135 1935 209 1969 Capt.
222 1933 290 1968 prol.
300 1941 330 1968 27
349 1934 423 1960 Pater
436 1933 554 1966 captiuos
569 1937 761 1958 commereatur
775 1931 850 1964 alios,
864 1937 965 1959 tantum
980 1932 1094 1966 studens,

46 1976 75 1997 vt
89 1976 180 1997 natum
193 1976 338 2005 recuperet.
381 1968 440 1995 ls‘id.
456 1967 524 1994 ibid.
540 1976 558 1999 1,
573 1976 593 1998 1,
607 1975 642 1998 32.
1040 1986 1042 1991 .

83 2012 100 2033 c
112 2013 132 2033 o
141 2012 166 2033 Μ
175 2012 224 2032 ΜΕ
234 2013 252 2032 R
261 2012 278 2033 c
289 2013 307 2032 A
318 2012 339 2032 Ί·
349 2012 369 2031 ν
379 2012 407 2031 s.
445 2003 537 2030 Partic.
560 2003 618 2037 pass.
656 2002 749 2029 Afran.
770 2009 810 2038 ap.
825 2002 898 2030 Non.
913 2012 932 2036 1,
949 2011 989 2039 1¹7
1014 2005 1094 2032 Com-

45 2041 169 2070 met-catis
187 2041 334 2076 conquisite
352 2039 483 2067 edulibus.

82 2085 99 2104 c
108 2083 127 2104 o
136 2083 161 2104 M
169 2084 194 2103 M
204 2084 221 2103 E
229 2084 248 2103 R
258 2084 274 2103 c
283 2078 305 2103 Ᾰ
314 2083 335 2103 Τ
345 2083 363 2103 o
374 2083 390 2102 R
399 2095 406 2107 ‚
426 2075 490 2102 oris.
527 2083 562 2100 m.
598 2074 755 2107 συνέμπορος,
775 2074 856 2101 Gloff.
873 2075 919 2101 Gr.
933 2076 989 2102 Lat.

84 2118 102 2139 c
113 2119 166 2140 OM
175 2119 224 2139 ΜΕ
233 2120 253 2139 R
263 2118 280 2139 c
293 2120 301 2138 1
311 2119 332 2139 A
341 2118 360 2138 R
371 2118 381 2136 1
390 2118 411 2136 v
421 2119 434 2138 s
443 2130 451 2143 ‚
478 2111 496 2137 i.
534 2119 570 2136 m.
606 2110 745 2140 συνωνέτης,
767 2109 844 2134 610οῑ
862 2111 907 2136 Gr.
922 2112 979 2137 Lat.

85 2154 384 2185 coMMERC1yM‚
411 2146 428 2172 i.
464 2155 490 2172 n.
527 2143 739 2178 [wammam
758 2143 889 2178 amaya]
939 2144 1094 2170 Commmndt

45 2190 70 2211 et
83 2179 261 2210 commercandi
267 2203 276 2215 ‚
294 2183 334 2208 vel
345 2190 498 2217 quaec-imque
513 2182 612 2214 negotia
624 2181 783 2204 communiter
795 2179 925 2205 exercendi
938 2179 1094 2215 conflictatio,

44 2225 89 2245 aue
100 2218 226 2254 facultas.
275 2218 341 2244 Plin.
355 2218 447 2250 Paneg.
463 2224 496 2248 29
520 2214 697 2248 Diuersasque
712 2220 802 2248 gentes
815 2215 851 2241 ita
868 2215 1031 2242 commercio
1045 2215 1095 2242 mi-

43 2254 124 2285 scuit,
144 2259 187 2286 vt,
212 2260 259 2280 etc.

44 2291 116 2318 Max.
129 2298 152 2323 5,
167 2298 180 2322 3
200 2296 264 2316 extr.
277 2296 299 2320 3.
371 2287 477 2322 leian.
491 2286 572 2313 instit.
588 2286 628 2312 tit.
651 2294 680 2318 19
708 2286 923 2319 commercium,
944 2290 1043 2323 inquit,
1056 2287 1094 2314 est

44 2325 156 2352 Emendi
168 2324 354 2358 vendendique
372 2324 489 2350 inuicem
504 2322 552 2348 ius.
624 2322 766 2347 Honorum
780 2324 940 2350 commercia
954 2323 1092 2350 Claudian.

455 2359 606 2385 Strcnarum
623 2357 728 2383 Sueten.
743 2357 812 2384 Tib.
832 2368 853 2385 c.
868 2367 909 2392 34.
946 2359 1035 2392 Stupri
1054 2359 1094 2384 Id.

257 2396 331 2430 Virg.
340 2396 404 2421 Aen.
413 2404 450 2425 10,
459 2403 502 2427 532
521 2393 588 2420 Belli
601 2393 760 2420 commercia
773 2394 885 2421 Turnus
921 2394 1030 2420 Sustulit
1043 2393 1092 2418 ista

42 2470 106 2498 Sunt
118 2471 200 2505 igitur
212 2467 278 2494 belli
291 2467 450 2494 commercia
468 2465 512 2492 illa
522 2465 654 2501 ficictatis
668 2468 739 2496 iura,
777 2474 820 2490 uae
839 2467 914 2489 etiam
932 2458 1000 2490 inter
1012 2462 1092 2497 hostes

88 2499 93 2502 ’
170 2499 173 2502 ’
467 2503 509 2529 Sic
521 2502 590 2528 Tac.
600 2499 666 2527 Hist.
680 2508 701 2531 3,
716 2505 741 2528 81
778 2499 852 2525 abini
865 2498 958 2531 caede,
977 2499 1091 2526 diremta

42 2540 110 2568 belli
126 2540 294 2567 commercia.
365 2538 534 2566 Commercio
548 2534 677 2563 sermonis
691 2534 760 2560 feras
774 2534 874 2569 linguas
888 2535 1043 2562 contrahere
1057 2535 1090 2562 ad

45 2570 186 2611 colloquia
198 2575 265 2602 Plin.
285 2583 313 2606 3,
333 2582 355 2606 5.
407 2607 413 2612 .
426 2573 488 2599 Stat.
508 2572 604 2599 Achill.
626 2579 651 2603 1,
673 2578 729 2604 404
751 2570 810 2596 Hoc
828 2571 922 2597 foedus
935 2571 1089 2606 Phrygium,

43 2611 109 2639 haee
131 2611 251 2646 geminae
272 2615 431 2635 commercia
451 2613 553 2639 terrae,
1080 2644 1085 2648 .

44 2651 85 2674 ius
96 2649 163 2673 inter
169 2647 302 2686 principes
314 2642 424 2678 hospitii.
496 2642 633 2670 Claudian.
648 2641 679 2668 de
694 2643 780 2676 Raptu
794 2643 918 2677 Proserp.
927 2652 951 2676 1,
969 2652 1005 2677 90
1032 2645 1088 2678 Qu

47 2681 86 2708 fas
104 2689 152 2716 per
168 2681 252 2709 lunen
268 2684 411 2713 Vtrumque
446 2677 521 2705 Solus
542 2677 635 2710 habes,
656 2678 818 2713 genuinoque
837 2679 910 2705 Facis
928 2680 1090 2706 commercia

45 2716 164 2750 mundo,
190 2716 219 2743 de
238 2716 373 2742 Mercurio.
436 2712 477 2748 Est
496 2721 575 2740 alitem
595 2714 809 2747 Commercium,
831 2715 919 2742 Libera
939 2715 1093 2742 commeandi

40 2752 173 2789 facultas,
191 2751 284 2784 abiis,
304 2753 347 2787 qui
359 2759 450 2776 merces
469 2752 536 2777 vitro
554 2753 662 2786 citroque
675 2751 828 2783 conuchnnt,
845 2751 978 2786 appellata.
1027 2753 1090 2779 Par·
1124 2779 1127 2782 ,

48 2789 96 2817 rba
107 2796 153 2814 rus.

45 2833 68 2851 c.
81 2789 122 2858 ἐξ,
180 2823 286 2850 Habere
297 2823 338 2850 rei
349 2823 540 2849 commercium
554 2821 658 2856 leian.
672 2823 701 2848 in
715 2823 732 2848 l.
747 2831 780 2855 34
803 2822 918 2849 multum
929 2823 1037 2851 interest
1056 2824 1089 2850 D.

45 2859 78 2886 de
91 2857 165 2886 verb.
179 2859 267 2894 ohlig..
280 2861 298 2885 i.
307 2858 460 2895 facultatem
474 2860 525 2884 eius
539 2861 576 2885 rei
582 2857 745 2894 poffideuduc,
755 2858 904 2892 vendendae,
913 2866 958 2886 etc.
1010 2861 1091 2886 Com-

44 2895 174 2922 mercium
194 2896 223 2921 in
241 2903 274 2922 eo
292 2903 356 2929 agro
376 2894 479 2926 nemini
494 2894 530 2921 est
547 2893 602 2920 Cic.
618 2895 694 2921 Verr.
708 2903 720 2927 3
740 2904 761 2920 c.
775 2904 821 2928 40.
891 2896 922 2921 In
936 2904 1000 2931 agro
1015 2896 1090 2931 Sege-

876 2932 989 2967 metaph.
1015 2933 1088 2959 Brut.

0 2995 3 3003 ‚
43 2965 78 2994 ad
91 2967 147 3000 Cic.
161 2968 191 2995 16
215 2966 268 2993 Hic
288 2966 342 3002 ipse
362 2975 429 3001 puer
449 2965 514 3002 (qui
522 2963 580 3000 post
592 2964 740 3003 Augustur)
759 2966 851 3000 quanti
865 2967 983 2994 aestimet
1004 2968 1092 3000 (si-lit
1107 2976 1139 3002 80
1155 2970 1265 3003 Qun&
1279 2972 1305 3003 6,
1321 2979 1333 3003 3
1358 2980 1383 3005 p.
1400 2973 1444 3004 561
1467 2973 1552 2998 Burm.

6 3009 25 3026 ϋ-
45 3002 207 3030 commercio
219 3002 309 3035 locus)
329 3003 398 3037 pofl‘e
412 3003 491 3029 nobis
505 3001 660 3029 auctoribus
679 3009 798 3034 tantum,
820 3009 865 3031 σε.
891 3006 909 3029 i.
914 3002 942 3038 fi
949 3004 1048 3040 pacisci
1068 3011 1093 3030 et

45 3038 114 3065 veIut
122 3046 198 3073 vnete
210 3036 318 3071 nostrum
330 3038 469 3074 confinfiam
477 3058 485 3071 ,
505 3035 614 3071 nostram
629 3037 806 3065 austoritotcm
813 3037 900 3074 ptfflbt.
973 3041 1014 3067 Sic
1034 3040 1091 3067 Cic.

8 3094 17 3099 -
45 3074 124 3100 Verr.
139 3081 164 3107 2,
176 3081 224 3107 124
243 3082 266 3100 c.
280 3081 311 3106 50
336 3072 365 3099 de
383 3074 434 3100 Ioco
447 3074 591 3107 Senatorio,
608 3083 676 3114 qoem
694 3073 842 3100 vendiderat
859 3071 974 3107 Verres,
989 3077 1025 3103 Vt
1043 3076 1091 3103 iste

45 3108 207 3143 intelligeret
225 3109 251 3135 ei
267 3109 293 3135 se
311 3108 401 3136 locum
418 3109 576 3142 vendidiffe,
598 3119 643 3136 cui
662 3119 694 3136 ne
708 3111 898 3137 commercium
918 3111 1028 3146 quidem
1041 3113 1090 3140 effe

11 3152 13 3154 ·
44 3149 198 3180 oporteret,
219 3147 238 3171 i.
252 3147 296 3180 qui
307 3144 372 3171 nullo
385 3144 454 3172 modo
460 3144 566 3182 senawr
579 3144 622 3180 effi
632 3145 727 3182 postet,
738 3145 765 3180 Ji
777 3148 956 3183 etiamalioqui
962 3148 1012 3184 fas
1024 3147 1089 3182 effer,
1108 3154 1137 3184 85

3 3185 17 3211 ,“
45 3190 96 3208 mm
110 3181 224 3207 honorem
233 3182 319 3216 pretio
331 3180 415 3207 vendi.
742 3182 747 3186 ’

476 3181 588 3208 Miscere
605 3190 768 3208 commercio
783 3181 897 3209 diuersas
912 3191 1011 3218 gentes,
1035 3184 1090 3211 vid.

45 3223 72 3245 M
82 3224 91 3243 1
100 3223 164 3244 SCE
174 3222 193 3243 ο
202 3235 209 3242 .
279 3215 345 3243 Plin.
359 3224 402 3249 33,
416 3225 426 3243 ι
450 3217 611 3252 Vtinamque
624 3218 705 3253 posset
725 3226 740 3244 e
755 3217 812 3244 vita
829 3218 858 3244 in
870 3224 956 3246 totum
969 3219 1090 3247 abdicari

5 3247 16 3288 ,’
43 3261 156 3285 aurum,
174 3258 220 3278 etc.
246 3257 374 3286 quantum
394 3251 517 3279 feliciore
535 3261 618 3286 aeuo,
639 3263 722 3288 quum
734 3262 776 3280 res
787 3254 858 3288 ipsae
871 3255 1090 3290 permutabantur

43 3288 116 3321 inter
127 3288 171 3321 se,
190 3286 253 3313 sicut
273 3293 299 3320 et
311 3287 443 3322 Troianis
460 3288 624 3323 temporibus
643 3289 793 3316 factitatum
806 3291 927 3317 Homero
940 3291 1014 3318 credi
1030 3301 1091 3318 con-

44 3359 126 3389 coriis
139 3358 238 3391 boum,
252 3358 321 3385 alios
335 3358 409 3386 ferro
421 3359 532 3394 captiuis
552 3370 585 3388 ue
597 3361 676 3388 rebus
692 3361 818 3388 enitimss‘e
829 3362 926 3396 tradit,
939 3369 984 3390 etc.
1027 3364 1091 3400 Vsus

45 3394 239 3432 &consuetudm
257 3396 298 3421 vc!
310 3394 419 3421 societas
433 3404 486 3421 cum
498 3397 525 3421 in
551 3396 625 3424 ratur
639 3398 685 3424 hoc
697 3400 810 3430 nomine,
829 3404 880 3424 tum
892 3398 954 3434 scre
968 3398 1091 3435 praepost-

44 3433 111 3464 α’ρηὶ
121 3432 191 3458 Cum
209 3433 333 3467 iungitur.
391 3429 448 3457 Cic.
463 3429 494 3457 de
507 3431 606 3458 Senect.
618 3441 654 3468 4²
673 3442 695 3459 c.
711 3441 738 3460 12
762 3433 821 3460 Nec
835 3433 914 3461 habet
927 3434 1011 3462 vllum
1030 3445 1091 3462 cum

433 3464 473 3492 Id.
487 3464 570 3493 Tusc.
585 3476 608 3501 5,
621 3471 656 3495 66
677 3478 698 3495 c.
710 3477 740 3502 23
766 3469 822 3502 Qti
833 3470 914 3497 modo
925 3480 986 3498 cum
1001 3471 1091 3504 musis,

860 3577 971 3605 Perdere
985 3579 1091 3613 linguae

685 3611 887 3639 Commercium
906 3613 1028 3641 libidinis
1047 3614 1092 3640 ha-

637 3645 715 3672 Tum
729 3646 799 3674 inter
813 3647 931 3682 lepidum
942 3651 1092 3677 Caesarem-

49 3689 102 3716 que
115 3683 148 3707 et'
154 3681 298 3715 Antonium
313 3681 472 3708 commercia
484 3681 653 3716 epistolarum
666 3681 734 3708 Vell.
747 3690 774 3714 2,
787 3685 828 3716 65,
844 3692 868 3710 z.

49 3718 101 3747 Pro
111 3717 236 3749 Annona,
249 3717 289 3743 uel
300 3717 446 3751 Commeatu·
456 3718 515 3744 vsus
529 3717 565 3744 est
580 3717 646 3744 Plin.
660 3720 704 3750 26,
718 3726 736 3751 4
755 3717 772 3744 s.
785 3726 803 3751 9
821 3719 936 3748 Romani
949 3720 1027 3748 duces
1040 3730 1094 3756 pr1-

47 3759 121 3785 mam
133 3752 235 3785 semper
245 3751 276 3778 in
286 3751 362 3780 bellis
374 3753 598 3780 commerciorum
614 3753 729 3780 habuere
742 3763 840 3781 curam.
896 3757 927 3782 Et
945 3757 994 3783 lul.
1010 3758 1095 3784 Fron-

9 3815 13 3818 ,
46 3787 70 3816 ti
90 3796 120 3814 us
132 3786 328 3822 de‘Sttatagem.
343 3795 404 3860 ²⁵3,
418 3798 449 3824 14
469 3790 577 3817 Certior
591 3789 676 3816 faetus
693 3789 794 3816 hostem
808 3789 914 3825 inopem
928 3801 1092 3820 commercio

47 3822 74 3850 la
93 3830 186 3850 orare..
413 3833 427 3857 3
465 3827 514 3852 Pro
528 3828 622 3861 pretio.
659 3825 709 3853 Vel
730 3834 797 3860 quae
816 3825 896 3861 digna
918 3834 1019 3862 queunt
1037 3829 1094 3856 ani-

61 3914 91 3929 *A

189 3899 288 3921 *von
313 3894 334 3921 1.

689 470 975 496 Sucton.Neron.c.20
996 470 1092 503 Captus
1113 482 1141 500 10

891 650 932 676 Si:
945 648 1093 682 Apul.Met.
1114 655 1139 681 ις

899 1004 1010 1031 ¹Abunde
1024 1013 1094 1030 com-
1112 1015 1143 1041 23

700 1183 722 1218 fi
744 1190 773 1209 vt
792 1185 839 1210 alii
857 1184 964 1209 Portare
979 1190 1094 1208 comme·
1112 1193 1144 1217 30

1116 1370 1143 1395 33

295 1540 434 1575 Qudquid
450 1540 601 1574 reciprocos
614 1539 713 1566 halitus
728 1539 799 1565 auris
815 1539 1037 1566 commeabilibus
1051 1539 1098 1566 du·
1110 1554 1148 1579 40

605 1715 628 1753 §.
643 1726 660 1749 9
682 1716 793 1743 Nullum
806 1716 918 1743 audeant
932 1717 1025 1750 duces,
1045 1718 1091 1743 vel
1109 1728 1143 1754 43

3 1770 8 1777 ι
44 1755 166 1788 tribuni,
186 1754 384 1781 commeatalem
398 1754 430 1780 dc
445 1753 504 1788 iplis
518 1752 669 1784 dimittere,
689 1761 722 1778 ne
735 1752 797 1778 dum
810 1752 860 1779 sibi
872 1752 976 1780 lucrum
989 1753 1093 1780 student

0 1795 2 1798 '
45 1791 191 1824 conficere,
211 1790 379 1817 incustoditas
392 1789 489 1816 nostras
502 1788 652 1822 relinquant
666 1788 827 1822 prouincia&

330 2251 416 2279 Dandi
435 2257 461 2278 et
484 2249 632 2284 accipiendi
653 2249 777 2276 beneficii
795 2252 985 2278 commercium
1005 2251 1094 2278 valer.
1113 2256 1148 2281 60
1157 2254 1239 2280 Plaut.
1255 2254 1338 2281 Trin.
1351 2263 1381 2286 4,
1394 2262 1417 2285 3,
1431 2261 1466 2288 77
1486 2255 1510 2279 Is
1524 2252 1674 2279 habitatum
1688 2253 1739 2279 huc
1753 2255 1950 2288 commigrauit.

597 2609 615 2632 i.
650 2606 769 2632 Graeciae
789 2613 813 2632 ct
823 2606 895 2640 Afiae
915 2611 1044 2640 amicitia,
1066 2615 1090 2634 et
1104 2619 1140 2647 70
1154 2609 1222 2644 gulis
1240 2610 1442 2646 quinquaginta.
1471 2613 1521 2639 sic
1534 2615 1608 2639 etiam
1623 2614 1732 2639 Elzeuir.

182 3324 222 3349 Ita
235 3322 323 3355 enim,
343 3328 372 3349 vt
384 3323 497 3358 opinor,
514 3326 673 3356 commercia
686 3325 773 3352 vietus
786 3326 870 3360 gratia
887 3327 1002 3354 inuenta.
1022 3328 1090 3354 alios
1104 3335 1141 3360 90
1155 3329 1216 3356 litio
1239 3331 1287 3356 esse
1309 3329 1483 3361 notiffimam,

1029 3683 1049 3723 fl
1075 3694 1091 3712 2
1102 3692 1148 3711 100
1157 3697 1187 3722 4,
1202 3696 1235 3722 43
1262 3687 1310 3713 llle
1328 3686 1400 3712 enim
1418 3686 1585 3713 occurrentia
1603 3686 1708 3718 nescio,
1727 3695 1794 3720 quae
1813 3682 2070 3712 connniniscebatur.

1105 3871 1150 3899 105
1159 3867 1204 3893 sua
1225 3864 1368 3896 sententia,
1397 3870 1426 3891 vt
1447 3865 1477 3891 in
1498 3865 1626 3904 seruitute
1648 3864 1692 3893 hic
1706 3863 1742 3903 *ad
1759 3863 1839 3891 suum
1857 3867 1961 3888 maneat
1979 3868 2089 3897 patrem.

1531 41 1835 107 'coM

1191 155 1208 175 C
1217 154 1234 174 0
1243 154 1268 174 Μ
1280 155 1303 174 M
1318 146 1335 175 ff
1344 157 1361 175 R
1372 157 1388 176 Ε
1397 157 1431 180 0.
1451 152 1495 183 ui,
1516 157 1568 180 fre.
1594 154 1727 188 [0:⁵5²]ssqu
1741 152 1941 191 immola-roffam]
1966 159 2046 186 Neut.
2068 168 2091 187 et
2108 169 2124 189 C
2134 169 2153 189 o
2163 170 2198 189 Μ-

1159 190 1183 211 Ν
1196 191 1239 210 ER
1251 191 1264 209 t:
1274 191 1334 213 OR,
1357 187 1466 212 meritus
1480 189 1551 221 sum,
1573 191 1621 216 eri.
1646 192 1749 226 Dcpon.
1787 191 1871 223 Idem,
1892 192 1958 227 quod
1969 195 2090 228 Mereor,
2109 198 2156 232 fid
2169 202 2197 224 in

1156 221 1359 259 malti-inportcni.
1415 222 1510 248 Donat.
1525 224 1558 250 all
1569 225 1637 252 Ter.
1650 227 1760 260 Adelph.
1775 236 1801 259 2,
1816 235 1836 260 1,
1849 235 1886 261 47
1905 228 2051 256 Promeruit
2061 250 2068 263 ,
2086 233 2199 267 adiuuit,

1158 257 1277 289 proluit,
1300 265 1343 281 cu1
1358 259 1521 296 contrarium
1536 260 1569 285 est
1580 281 1587 292 ‚
1606 263 1774 289 commeruit.
1847 262 1925 289 Etad
1938 263 2000 288 illud
2015 266 2079 291 llec.
2094 276 2116 299 23,
2131 276 2152 300 5,
2169 273 2198 301 36

1158 299 1223 325 qnae
1236 299 1370 332 nunquam
1385 292 1531 327 quidquam
1553 304 1614 330 erga
1635 307 1677 323 me
1698 299 1854 325 commerita
1872 297 1925 331 est,
1946 305 2033 332 pater,
2053 303 2125 334 quod
2143 307 2199 329 nol.

1157 326 1208 352 lem
1226 337 1232 355 3
1261 333 1286 352 et
1308 331 1380 366 tempe
1401 329 1472 362 quod
1493 330 1603 362 vellem,
1620 334 1740 360 meritam
1757 335 1832 361 scio:
1861 335 1962 361 Meteri
1983 334 2051 360 bona
2072 336 2199 371 dicimus,

1157 370 1314 401 commereri
1334 363 1416 395 mala,
1436 363 1463 389 id
1477 364 1530 396 est,
1548 365 1716 402 delinquere,
1735 379 1849 404 peccare.
1909 371 1987 402 Vere,
2009 370 2073 405 quod
2089 372 2199 407 obscrua.

1155 400 1266 431 tumsrt,
1287 399 1314 424 dc
1327 399 1503 426 Commereor
1518 410 1525 430 ς
1553 410 1599 427 non
1618 406 1674 429 item
1689 404 1716 430 de
1731 406 1846 432 Mereor.
1915 406 1971 432 Cic.
1985 405 2017 431 de
2030 406 2103 432 Orat.
2121 416 2140 439 1,
2155 416 2202 439 232,

1157 442 1179 458 c.
1195 443 1228 472 5³!
1248 434 1466 468 interrogabatur
1485 444 1559 466 reus,
1580 446 1659 471 quam
1674 440 1743 473 quali
1758 441 1967 468 aestimationem
1981 443 2163 469 commeruisse
2178 446 2201 470 t'c

1158 477 1273 507 maxime
1287 470 1467 497 confiteretur.
1540 472 1609 498 Ter.
1625 474 1688 499 Hec.
1704 485 1731 507 4,
1745 485 1765 507 ε,
1778 486 1797 510 4
1820 479 1855 503 Vt
1875 486 2009 512 nunquam
2028 478 2109 503 sciens
2131 487 2201 504 com.

1158 513 1243 530 merui
1258 506 1367 537 merito,
1383 513 1410 532 vt
1427 512 1529 540 caperet
1543 507 1588 534 illa
1601 508 1695 535 odium
1709 512 1769 536 mei.
1821 513 1889 538 Ter.
1903 514 1983 539 Andr.
1999 522 2017 545 1,
2033 522 2052 546 1,
2066 522 2106 540 112
2129 514 2202 547 Quid

1157 540 1233 579 feclh?
1259 540 1323 579 quid
1344 542 1509 574 commerui,
1528 549 1573 569 aut
1594 545 1699 577 peccaui
1718 548 1812 580 pater?
1883 548 1921 574 Id.
1942 549 2047 575 Phorm.
2070 557 2096 582 1,
2116 558 2150 583 4,
2172 558 2203 583 29

1157 575 1340 616 Arbitrabttur
1365 578 1547 604 commeruisse
1569 579 1680 614 culpam.
1755 583 1802 608 Vbi
1825 584 1941 610 Donatus
1956 595 1961 610 z
1997 585 2203 617 Conuneruiss'e,

1158 612 1329 651 Commthffe.
1386 613 1467 638 Plaut.
1477 614 1559 640 Trin.
1570 624 1589 647 1,
1604 624 1623 646 1,
1638 625 1655 648 4
1678 616 1747 642 Nam
1762 627 1810 651 ego
1826 619 1939 645 amicum
1953 619 2033 646 hodie
2047 630 2136 647 mcum
2149 630 2204 647 non

1160 646 1292 680 calhgabo
1312 656 1361 681 pro
1378 649 1533 687 commerita
1555 651 1643 677 noxia.
1714 653 1756 679 Sic
1770 654 1865 681 Fateor
1879 664 1920 680 me
1939 657 2095 690 peccauill’c,
2115 662 2140 683 et
2161 666 2204 683 me

1159 684 1263 717 culpam
1277 690 1462 710 commeritum
1476 685 1530 710 scio
1545 686 1626 712 Plaut.
1642 687 1701 713 Aul.
1713 696 1740 720 4,
1754 697 1792 720 ις,
1807 694 1828 718 8.
1901 693 1931 716 Et
1944 693 2026 717 Mcrc.
2040 701 2067 724 4,
2082 695 2107 724 6,
2124 701 2148 719 12
2168 694 2203 719 Vt

1161 719 1224 745 illae
1237 719 1391 753 exiguntur,
1412 728 1478 753 quae
1493 720 1520 745 in
1536 722 1560 745 se
1575 723 1678 756 culpam
1696 730 1867 751 commerent.
1938 727 2006 753 Ter.
2021 728 2085 754 Hec.
2100 738 2128 761 4,
2144 739 2171 762 4,
2188 738 2204 761 9

1161 753 1202 781 Ah
1217 755 1314 781 nullam
1327 754 1359 781 de
1372 754 1412 781 his
1425 754 1504 782 rebus
1519 756 1629 790 Culpam
1644 761 1803 786 commeruit
1817 767 1869 786 tua.
1940 763 2049 796 Aliquid
2063 764 2125 789 mali
2139 765 2165 790 in
2181 766 2206 790 se

1161 791 1321 817 commereri
1340 791 1422 817 Plaut.
1437 791 1512 825 Epid.
1527 800 1547 823 1,
1563 801 1582 823 1,
1598 801 1635 824 59.
1663 796 1681 819 i.
1697 796 1794 829 jacere.
1867 796 1948 823 Ouid.
1964 799 2049 824 Trist.
2063 808 2088 831 2,
2109 802 2138 832 63
2165 801 2206 827 An
2235 814 2239 817 ¹

1161 826 1239 851 semel
1255 826 1290 853 est
1307 835 1419 861 poenam
1433 828 1615 854 commeruissc
1629 832 1738 862 parum?

1197 867 1214 887 C
1227 870 1245 886 o
1256 868 1279 886 M
1289 869 1313 888 M
1323 861 1420 889 13R1⁹T
1430 869 1488 895 vs,
1510 872 1540 895 a,
1559 873 1614 890 um.
1652 864 1712 890 Patr.
1748 865 1829 892 Plaut.
1845 867 1929 894 Trin.
1950 877 1969 900 1,
1991 877 2011 901 1,
2033 878 2051 902 4
2082 871 2206 898 Amicum

1158 897 1339 931 concastigabo
1353 907 1401 932 pro
1415 899 1571 925 commerita
1585 899 1674 926 noxia.

1196 937 1213 957 C
1225 939 1243 958 Ο
1255 939 1280 958 Μ
1292 940 1315 958 Μ
1326 940 1342 959 Ε
1351 941 1371 960 T
1381 942 1389 960 1
1399 942 1417 960 ω
1426 941 1443 960 R
1453 954 1461 966 ,
1482 935 1585 961 mensus
1605 936 1661 961 sum
1670 955 1677 967 ‚
1697 938 1745 961 ire.
1784 935 1915 970 [μετρέω]
1953 940 2044 965 Metiri
2056 948 2170 967 accurate
2182 948 2207 968 et

1158 967 1253 1002 vbi'iluc.
1310 969 1477 996 Plaut.Most.
1492 979 1515 1002 3,
1530 979 1552 1002 3,
1566 976 1578 1000 8
1599 972 1697 998 Omnes
1711 971 1827 1005 porticus
1842 973 1981 998 commenti
1997 976 2093 1002 sumus.
2149 978 2207 1004 Col.

1159 1010 1180 1035 5,
1196 1011 1215 1034 1,
1228 1011 1240 1028 2
1262 1004 1353 1037 Qunn
1369 1004 1400 1030 dc
1413 1007 1615 1032 commetiendis
1634 1007 1704 1041 agris
1719 1007 1848 1033 rationem
1865 1008 1900 1032 Μ.
1917 1008 2072 1036 Trebellius
2080 1012 2171 1039 noster
2192 1022 2206 1039 a

1159 1047 1201 1064 me
1221 1040 1380 1073 requireret.
1454 1041 1510 1067 Cic.
1525 1041 1556 1068 de
1570 1043 1691 1069 Vniuers.
1706 1051 1739 1075 29
1765 1052 1786 1068 c.
1803 1051 1819 1076 9
1845 1043 2018 1072 Caeteroran
2039 1052 2126 1072 autem
2145 1047 2208 1074 fide-

1159 1082 1219 1100 rum
1234 1075 1348 1101 ambitus
1362 1076 1514 1110 ignorantes
1528 1077 1649 1104 homines
1664 1085 1767 1112 praeter
1780 1078 1923 1105 admodum
1938 1087 2048 1113 paucos,
2063 1089 2148 1115 neque
2162 1091 2209 1110 no⁷

1160 1118 1223 1135 men
1235 1111 1385 1145 appellant,
1404 1121 1490 1146 neque
1506 1112 1577 1139 inter
1593 1114 1618 1139 se
1633 1123 1747 1140 numero
1764 1115 1980 1141 commetiuntur.
2016 1115 2060 1141 Ad
2071 1121 2211 1152 proportio-

1158 1155 1212 1171 nem
1231 1153 1255 1172 et
1270 1147 1428 1183 commenfimx
1449 1151 1529 1184 magis
1547 1149 1651 1184 respicit
1673 1150 1727 1175 Cic.
1742 1149 1774 1175 dc
1790 1151 1892 1176 Inuent.
1908 1159 1936 1183 39
1956 1160 1977 1177 c.
1992 1154 2023 1177 26
2052 1151 2122 1178 Nam
2139 1153 2212 1188 saepe

1158 1188 1265 1216 oportet
1288 1183 1442 1210 commetiri
1466 1193 1526 1210 cum
1549 1190 1670 1220 tempore
1692 1186 1849 1219 negotium,
1879 1192 1903 1211 et
1928 1186 2020 1213 videre
2045 1189 2211 1221 potueritne,

1159 1223 1203 1243 aut
1219 1219 1376 1253 magnitudo
1395 1220 1515 1254 negotii,
1536 1227 1581 1247 aut
1600 1221 1747 1248 multitudo
1766 1230 1856 1248 rerum
1870 1222 1899 1248 in
1913 1231 1946 1248 eo
1962 1222 2069 1257 transigi
2084 1230 2211 1259 tempore.

1160 1255 1253 1289 Nempe

1196 1296 1212 1316 C
1222 1296 1241 1316 O
1253 1296 1275 1315 Μ
1285 1296 1310 1316 M
1320 1297 1336 1317 E
1345 1298 1368 1317 Ν
1378 1296 1391 1317 S
1403 1298 1424 1317 V
1435 1298 1447 1317 s
1457 1311 1465 1323 ,
1499 1289 1536 1317 sis.
1573 1301 1608 1318 m.
1645 1292 1828 1327 [συμμετρίαι]
1876 1293 2048 1327 &immensam
2065 1293 2213 1331 fignificat,

1160 1328 1178 1351 i.
1192 1325 1365 1361 respondentes
1376 1325 1428 1360 fibi
1442 1330 1556 1362 partium
1575 1328 1709 1363 mensuras.
1764 1329 1870 1355 Vitruu.
1889 1337 1917 1361 3,
1937 1338 1946 1356 ι
1974 1329 2086 1364 Reliqua
2104 1340 2213 1366 quoquc

1162 1361 1282 1387 membra
1297 1361 1356 1388 suos
1375 1362 1471 1389 habent
1492 1365 1656 1389 commensus
1678 1365 1878 1398 proportionis,
1898 1365 1995 1399 quibus
2011 1367 2090 1392 etiam
2108 1368 2214 1403 antiqui

1161 1396 1278 1430 pictores
1293 1404 1318 1423 et
1333 1395 1453 1424 statuarii
1469 1398 1572 1424 nobiles
1588 1399 1639 1432 vsi,
1661 1408 1765 1433 magnas
1783 1406 1808 1426 et
1827 1401 1944 1426 infinitas
1964 1401 2054 1428 laudes
2076 1403 2134 1429 sunt
2152 1405 2213 1430 alse-

1162 1432 1239 1466 qunti
1254 1443 1259 1458 :
1289 1432 1411 1459 similiter
1425 1444 1489 1460 vcro
1504 1436 1635 1461 sacrarum
1651 1435 1757 1461 aedium
1778 1435 1896 1464 membra
1916 1436 1947 1462 ad
1960 1437 2111 1464 vniuersam
2130 1441 2214 1467 totius

1162 1468 1352 1502 magnitudinis
1371 1469 1499 1496 finumam
1518 1479 1549 1496 ex
1564 1471 1683 1504 partibus
1698 1471 1804 1504 lingulis
1825 1471 2098 1499 conuenientissimum
2117 1474 2213 1502 debent

1162 1503 1260 1530 habere
1276 1505 1475 1531 commensuum
1489 1507 1652 1539 responsum.
1688 1506 1756 1533 Adi.
1771 1506 1808 1532 Id.
1824 1515 1844 1538 1,
1855 1515 1875 1537 3.
1897 1513 1921 1532 ct
1932 1506 1951 1532 l.
1965 1509 1981 1532 6
1994 1516 2113 1541 prooem.
2129 1517 2193 1537 extr.

1199 1545 1216 1566 c
1228 1547 1247 1566 O
1261 1546 1283 1565 M
1297 1547 1320 1566 M
1333 1542 1380 1567 ΕΤ
1391 1547 1426 1571 O,
1452 1545 1504 1566 are.
1547 1541 1652 1568 Verbum
1672 1542 1814 1577 obsiderunt,
1830 1549 1880 1577 pro
1899 1543 2067 1569 Commeare.
2105 1544 2213 1573 Nouius

1160 1574 1281 1602 Bubulco
1296 1576 1424 1609 cerdone,
1447 1578 1537 1610 Qium
1550 1577 1582 1603 ad
1597 1577 1685 1612 lupam
1699 1577 1815 1604 nostram
1831 1578 1975 1604 tammulti
1988 1579 2084 1605 crebro
2099 1589 2216 1608 comme·

1160 1617 1214 1638 tant
1228 1611 1295 1646 lupi.
1344 1613 1469 1639 Afranius
1486 1613 1613 1647 Virgine,
1635 1614 1698 1647 Qto
1712 1621 1741 1639 tn
1757 1614 1916 1640 commem?
1952 1614 1999 1640 vbi
2014 1614 2133 1642 confixus
2149 1617 2214 1644 deli-

1159 1647 1222 1674 des?
1260 1649 1327 1674 Haec
1343 1648 1450 1675 Nonius
1465 1658 1491 1682 2,
1506 1651 1556 1681 163.
1613 1649 1684 1676 Nam
1704 1658 1778 1676 meus
1796 1650 1944 1684 scruposam
1962 1649 2049 1676 vititus
2069 1659 2213 1680 commetat

1157 1683 1230 1710 viam
1246 1683 1328 1710 Plaut.
1344 1685 1419 1719 Capt.
1435 1694 1444 1711 1
1454 1705 1462 1716 ,
1480 1694 1511 1716 2,
1534 1690 1573 1714 82.
1628 1686 1669 1711 Sic
1687 1685 1749 1720 legit
1763 1685 1890 1711 Bentleius
1905 1695 1934 1711 ex
1947 1686 2033 1712 Codice
2046 1687 2214 1724 vetigllzffimo.

1158 1720 1301 1746 Commeto
1316 1724 1380 1747 enim
1393 1719 1428 1753 est
1441 1730 1490 1746 vox
1497 1719 1706 1756 fi·e*q11e›ziat1'ua,
1725 1730 1741 1746 α
1755 1721 1886 1748 Commeo
1899 1732 1906 1753 5
1932 1728 1961 1748 vt
1975 1721 2069 1749 iaetito
2076 1742 2084 1754 ‚
2104 1733 2119 1750 a
2133 1724 2214 1752 iafito.

1156 1757 1200 1782 Al.
1218 1756 1365 1782 Commeat.
1788 1778 1790 1780 ,

1192 1797 1344 1823 commi,
1367 1797 1544 1824 coaxM1s,
1572 1791 1626 1817 vid.
1650 1797 1802 1818 CVMM1.

1192 1833 1236 1853 Co
1248 1832 1273 1853 M
1286 1833 1309 1852 M
1323 1834 1393 1854 ING
1405 1834 1424 1854 O
1435 1847 1442 1859 ,
1463 1829 1515 1854 ere.
1559 1828 1640 1854 Vrina
1655 1827 1704 1864 βω
1720 1827 1837 1863 polluere.
1874 1828 1970 1855 Horat.
1988 1829 2070 1857 Serm.
2085 1839 2113 1863 1,
2133 1839 2156 1864 3,
2177 1839 2214 1865 90

1156 1862 1325 1889 Comminxit
1344 1863 1443 1889 lectum
1457 1869 1544 1898 potus.

1192 1904 1278 1924 com
1292 1905 1492 1932 M1N0Tvs,
1510 1906 1534 1925 et
1555 1903 1604 1925 co
1618 1904 1826 1925 MMICTVS.
1861 1900 1956 1927 Partic.

1156 1935 1209 1965 (al.
1224 1937 1290 1968 971)
1319 1934 1463 1970 Tanquam
1473 1934 1648 1961 comminetae
1657 1935 1748 1969 spurca
1766 1935 1849 1961 saliua
1862 1935 1947 1970 lupae.

1157 1969 1328 1996 Commistae.

1157 2004 1192 2039 est
1214 2007 1347 2032 lenonium.

1196 2047 1499 2074 COMM1CT1L18,
1518 2051 1540 2068 e.

2108 87 2198 123 1050

1995 1898 2093 1928 Catuli.
2108 1911 2165 1935 100,
2182 1912 2210 1929 10

2003 1940 2061 1964 Alii
2072 1938 2114 1964 hic
2127 1939 2215 1974 legunt

1398 1970 1480 1998 Plaut.
1495 1971 1562 1997 Pers.
1578 1979 1602 2003 3,
1623 1979 1646 2002 3,
1665 1979 1677 2002 3
1701 1970 1825 1997 Coenum
1845 1972 2041 2004 conimie'tuur,
2070 1974 2214 2001 Conuicium

1577 2041 1638 2067 Adi.

1676 2040 1761 2076 Infimi
1774 2048 1911 2068 contemtus
1927 2051 2022 2068 nomen.
2051 2043 2214 2078 Pomponius

1112 2087 1139 2113 5,-
1158 2078 1289 2104 Praecone
1308 2078 1471 2111 posteriore,
1494 2076 1631 2108 Sisciam,
1652 2076 1720 2110 quid
1733 2075 1816 2108 velis,
1837 2077 1910 2112 quast
1929 2078 2001 2105 serui
2025 2079 2123 2106 comici
2142 2089 2213 2107 com-

1157 2112 1270 2138 niiofilis
1284 2113 1391 2138 Nonius
1405 2120 1429 2142 2,
1445 2120 1500 2143 109.

1196 2151 1214 2172 c
1227 2145 1449 2178 ommsono,
1471 2151 1524 2172 are.

1151 2181 1203 2217 sua
1217 2192 1244 2208 re
1250 2182 1394 2218 familiari.

1158 2224 1318 2252 migrarunt.

1562 2145 1575 2180 [
1581 2146 1727 2182 μιτοικίζω,
1745 2145 1922 2182 μεταξάλλω]
1957 2151 2076 2186 hiigrare
2091 2145 2145 2178 cuin
2158 2158 2213 2179 tota

1453 2182 1520 2209 Ter.
1536 2182 1648 2217 Adelph.
1661 2192 1690 2217 4,
1705 2191 1727 2216 5,
1742 2191 1766 2216 15
1796 2182 1892 2218 Neque
1911 2184 1982 2211 enim
2001 2186 2048 2212 diu
2069 2185 2120 2213 huc
2141 2196 2212 2214 com-

1375 2218 1442 2245 Plin.
1455 2226 1493 2251 35,
1509 2227 1532 2244 ιι
1554 2219 1692 2252 Captoque
1702 2227 1765 2253 rege
1779 2219 1873 2245 Perseo
1886 2219 2001 2248 Athenas
2015 2223 2212 2257 commigrauit.

1993 2257 2062 2283 Cic.
2108 2259 2210 2286 .Fratr.

1157 2298 1209 2322 2‚3
1235 2289 1332 2323 Sedvvt
1351 2290 1426 2322 spero
1449 2288 1538 2322 paucis
1556 2288 1689 2315 mensibus
1708 2289 1765 2323 post
1785 2289 1894 2316 Calend.
1909 2291 2063 2324 Qiinefiles
2079 2259 2117 2320 ᾖ
2136 2300 2211 2322 tuam

1156 2324 1296 2357 (domum)
1315 2323 1514 2358 commigrabis.
1586 2324 1698 2351 Romam
1712 2326 1900 2360 commigrauit
1912 2327 1973 2354 Liu.
1988 2337 1997 2354 1
2006 2348 2014 2361 ,
2028 2337 2069 2363 34.

1194 2364 1211 2384 C
1224 2365 1243 2385 o
1254 2365 1279 2385 M
1289 2365 1362 2385 MIG
1372 2366 1390 2386 R
1400 2367 1420 2386 A
1431 2365 1472 2386 TI
1485 2366 1504 2386 o
1515 2379 1523 2391 ‚
1551 2360 1620 2389 onis.
1658 2359 1679 2386 f.
1713 2361 1771 2387 Sen.
1786 2362 1894 2389 Consol.
1910 2362 1942 2390 ad
1956 2364 2035 2391 Helu.
2051 2367 2069 2391 6
2093 2364 2224 2393 Aliunde.

1156 2393 1211 2420 alio
1225 2395 1413 2429 commigratio
1427 2395 1462 2422 est
1474 2405 1481 2426 ς
1506 2395 1628 2430 loquitur
1642 2395 1675 2422 de
1687 2403 1763 2423 motu
1776 2397 1924 2425 Stellarum.

1194 2435 1211 2456 c
1223 2436 1242 2456 o
1254 2437 1280 2456 Μ
1290 2437 1315 2457 Μ
1325 2432 1425 2463 ires,
1455 2431 1509 2458 itis.
1546 2441 1581 2458 m.
1619 2432 1819 2468 [συςρατιώτης]
1861 2435 2009 2462 Commilito.
2051 2436 2124 2464 Caes.
2144 2437 2209 2464 Bell.

1155 2466 1217 2492 ctu.
1230 2474 1254 2499 2,
1267 2474 1301 2499 29
1319 2467 1543 2502 Commilitesque
1555 2468 1680 2495 nonnulli
1694 2469 1832 2503 grauiores
1845 2470 1978 2497 sermones
1992 2471 2110 2499 militum
2124 2474 2209 2508 vulgo

1155 2501 1248 2528 durius
1267 2502 1441 2537 accipiebant.
1478 2506 1522 2530 Al.
1536 2504 1757 2531 Commilitones:
1784 2511 1808 2531 et
1825 2506 1979 2533 vehementer:
1990 2507 2104 2544 flubium
2121 2507 2208 2537 iet-110.

1154 2537 1221 2566 Plin.
1236 2545 1278 2573 37,
1292 2547 1308 2565 2
1329 2539 1503 2574 Reipublicae
1522 2539 1613 2567 datum
1632 2540 1706 2567 mille
1719 2539 1848 2577 talentsun
1863 2552 1868 2567 ι
1897 2543 2001 2577 Legatis
2015 2550 2041 2570 et
2055 2545 2209 2578 Qiaestori-

1153 2573 1219 2607 bus,
1237 2574 1284 2609 qui
1298 2583 1357 2601 oras
1372 2576 1453 2602 maris
1466 2574 1654 2609 defendissent,
1674 2583 1733 2604 1-1-s.
1747 2576 1811 2603 bina
1824 2577 1911 2605 millia
1926 2589 1931 2604 :
1953 2580 2148 2608 commilitibus
2162 2581 2211 2608 fin·

1776 2613 1824 2640 Sed
1836 2613 1918 2640 Harii.
1933 2615 2082 2649 militibus,
2107 2626 2118 2643 e
2130 2618 2208 2644 MSS.

1153 2647 1235 2672 Pacat.
1251 2647 1344 2681 Paneg.
1358 2647 1469 2674 Theod.
1487 2648 1506 2674 s.
1523 2656 1561 2681 12,
1575 2657 1615 2681 32,
1631 2657 1646 2676 2
1667 2648 1710 2675 vbi
1722 2649 1843 2675 cellarius
1855 2649 1935 2683 dedit,
1955 2651 2090 2680 Postremo
2103 2653 2208 2687 populis

1153 2681 1331 2744 garbamffum
1366 2699 1412 2704 —
1448 2684 1667 2713 commilitonum
1692 2694 1789 2712 munus
1816 2684 1938 2721 indulges
1952 2697 1958 2713 z
1994 2688 2115 2714 Gruterus
2135 2689 2207 2716 habet

1177 2727 1261 2744 ommi
1275 2724 1351 2745 1tum.

1192 2760 1210 2780 C
1223 2760 1242 2781 0
1254 2761 1279 2781 M
1289 2761 1313 2781 Μ
1327 2762 1337 2781 1
1346 2762 1363 2782 L
1372 2752 1386 2781 ἶ
1395 2762 1416 2782 Τ
1428 2761 1448 2782 O
1457 2775 1466 2787 ,
1501 2756 1569 2782 onis.
1605 2765 1642 2783 m.
1679 2756 1692 2790 [
1705 2755 1865 2792 συςροιτιώτης
1877 2758 1890 2793 ]
1932 2758 1986 2793 Qi
1997 2756 2076 2791 simul
2085 2759 2206 2791 -militat,

222 2787 294 2814 Mihi
309 2786 498 2813 commercium
512 2786 585 2812 illius
597 2786 637 2813 rei
650 2795 711 2812 cum
725 2786 773 2812 illo
787 2795 841 2812 non
854 2788 890 2813 est
908 2787 964 2814 Cic.
979 2788 1056 2814 Verr.
1071 2798 1090 2822 4
1107 2796 1139 2824 75
1154 2790 1239 2817 Socius
1252 2792 1368 2818 militiae.
1401 2792 1462 2817 Dux
1474 2799 1555 2818 autem
1568 2795 1596 2818 in
1608 2791 1682 2828 bello,
1704 2802 1752 2819 non
1765 2793 1971 2825 commilitones,
1982 2793 2031 2828 fid
2040 2793 2138 2819 milites
2145 2794 2206 2829 Jiaos

1152 2825 1282 2861 appellat:
1315 2828 1375 2853 licet
1394 2827 1501 2863 Caeszr,
1531 2834 1555 2854 et
1572 2830 1619 2856 alii
1640 2828 1819 2865 appeHouerint
1841 2829 1965 2855 interdum
1985 2829 2206 2862 Commilitones,

1142 2862 1331 2898 ⁴comparandae
1344 2863 1521 2890 beneuolentiae
1533 2867 1628 2900 gratia.
1700 2865 1806 2891 Sueton.
1817 2864 1889 2890 Caes.
1904 2866 1939 2898 67
1959 2864 2016 2890 Nec
2031 2865 2131 2898 milites
2143 2866 2203 2892 suos

1153 2907 1202 2933 pro
1216 2898 1364 2931 concione,
1383 2899 1429 2925 sed
1447 2899 1588 2927 blandiore
1609 2900 1718 2927 nomine
1743 2899 1939 2926 commilitones
1967 2899 2129 2934 appellabat,
2149 2906 2206 2927 tan-

1154 2943 1232 2969 quam
1254 2941 1280 2961 et
1300 2935 1355 2969 ipse
1375 2944 1440 2961 vnus
1454 2936 1515 2962 ess'et
1535 2945 1566 2962 ex
1581 2945 1696 2963 numero
1709 2935 1834 2962 militum.
1890 2934 1963 2970 Cons.
1982 2935 2020 2961 Id.
2036 2937 2103 2971 Aug.
2123 2946 2145 2962 c.
2163 2944 2204 2970 25.

1624 2972 1685 2998 Liu.
1699 2979 1723 3003 3,
1736 2980 1767 3004 50
1793 2970 1901 3005 Supinas
1921 2971 2017 2998 deinde
2031 2972 2138 2999 tendens
2151 2981 2205 2999 ma-

1154 3016 1220 3039 nus,
1244 3006 1442 3034 commilitones
1462 3008 1594 3043 appellans
1611 3006 1712 3034 orabat.
1777 3005 1845 3033 Add.
1860 3006 1948 3032 Valer.
1964 3007 2034 3033 Max.
2049 3016 2078 3040 3,
2099 3016 2112 3034 2
2139 3015 2206 3036 extr.

1153 3043 1208 3069 Cic.
1229 3051 1278 3077 pro
1294 3043 1383 3069 Deiot.
1398 3048 1429 3073 28
1453 3053 1475 3070 c.
1491 3053 1519 3070 10
1551 3043 1603 3069 Hic
1622 3051 1689 3069 vero
1709 3041 1873 3074 adolescens,
1898 3042 1946 3076 qui
1964 3045 2037 3073 meus
2058 3044 2086 3069 in
2107 3043 2206 3071 Cilicia

1154 3078 1244 3110 miles,
1271 3079 1299 3105 in
1319 3080 1429 3106 Graecia
1454 3079 1605 3106 commilito
1626 3078 1688 3104 fuit.
1761 3077 1888 3113 Aliquem
1907 3077 1973 3105 belli
1991 3079 2206 3107 commilitonem

1154 3113 1252 3142 habere
1265 3114 1334 3142 Vell.
1349 3124 1373 3147 2,
1387 3123 1428 3148 59,
1440 3124 1468 3148 4.
2181 3125 2187 3129 ·

1191 3157 1208 3178 c
1220 3156 1239 3177 o
1250 3158 1276 3177 M
1286 3157 1311 3177 Μ
1323 3159 1334 3177 1
1343 3158 1359 3182 ι,
1370 3149 1384 3177 ἶ
1392 3158 1414 3178 Τ
1423 3158 1442 3178 0
1450 3170 1457 3182 ‚
1477 3153 1530 3176 are.
1568 3147 1800 3184 [συνςρωτιύαμαι]
1836 3148 1915 3174 Gloffi
1930 3148 1977 3176 Gr.
1991 3150 2048 3177 Lat.

1194 3191 1211 3212 C
1225 3193 1244 3213 O
1257 3193 1282 3214 M
1293 3193 1319 3213 Μ
1328 3194 1337 3213 1
1347 3194 1382 3214 L1
1391 3192 1412 3212 T
1422 3194 1431 3213 1
1440 3194 1461 3213 v
1472 3192 1497 3212 M
1509 3205 1517 3216 ,
1538 3185 1557 3211 i.
1581 3193 1607 3210 n.
1645 3183 1815 3219 [συςροιτείοι]
1851 3184 1911 3220 Ipsa
1923 3185 1980 3211 belli
1990 3186 2109 3222 [οι-ἱεῖσι.
2135 3186 2203 3214 Plin.

1155 3222 1234 3256 Epist.
1248 3231 1286 3255 10,
1300 3224 1334 3249 26
1354 3222 1504 3249 Parciorem
1516 3229 1560 3247 me
1573 3221 1602 3246 in
1615 3218 1746 3247 laudando
1759 3219 1840 3252 facit,
1856 3220 1929 3254 quod
1941 3222 2017 3256 spero
2030 3221 2083 3249 tibi
2098 3228 2124 3248 et
2137 3223 2204 3249 inte—

1154 3259 1277 3292 gritatem
1291 3258 1363 3291 eius,
1384 3264 1410 3284 et
1423 3256 1598 3292 probitatem,
1619 3261 1646 3282 et
1659 3254 1832 3288 industriam,
1851 3264 1907 3282 non
1926 3257 2011 3284 solum
2030 3267 2062 3285 ex
2081 3259 2139 3285 eius
2155 3257 2204 3284 ho-

1155 3293 1268 3320 noribus
1277 3314 1285 3327 ‚
1304 3303 1371 3329 quos
1390 3294 1419 3320 in
1433 3292 1499 3319 vrbe
1512 3291 1560 3319 sub
1573 3291 1656 3318 oculis
1672 3291 1724 3317 tuis
1737 3290 1824 3325 gessit,
1843 3301 1938 3318 verum
1952 3294 2032 3320 etiam
2046 3303 2078 3320 ex
2091 3293 2204 3320 commi-

1539 3331 1558 3354 i.
1607 3336 1636 3353 ex
1656 3335 1681 3353 eo
1701 3333 1822 3361 tempore,
1847 3337 1893 3364 quo
1912 3335 1970 3356 tuus
1986 3331 2119 3357 commilito
2132 3329 2202 3364 ficit.

1154 3366 1186 3392 Et
1197 3365 1354 3392 commilitii
1366 3366 1436 3391 sacra
1449 3363 1545 3390 tuenda
1560 3369 1633 3398 putas
1646 3362 1766 3389 Ouid.ex
1773 3363 1849 3390 Pont.
1860 3372 1885 3396 2,
1900 3371 1929 3398 5,
1941 3373 1985 3400 72.
2029 3366 2090 3392 Iura
2106 3364 2199 3390 amici-

1154 3401 1208 3428 tiae
1227 3410 1242 3428 a
1255 3401 1419 3428 commilitio
1438 3400 1588 3426 studiorum
1608 3397 1706 3425 eisdem
1720 3398 1852 3433 magistris
1866 3399 1989 3428 inchoata
2002 3400 2110 3427 honeste
2121 3399 2201 3434 Apul.

1155 3436 1227 3464 Flor.
1240 3446 1253 3470 3
1274 3447 1298 3472 p.
1310 3439 1366 3470 356,
1382 3445 1401 3462 1.
1437 3435 1519 3462 Aldus
1534 3434 1630 3466 edidit,
1648 3442 1677 3460 ac
1692 3434 1875 3462 commilitiae.
1946 3437 2037 3463 Tacit.
2048 3437 2114 3462 Anu.
2130 3442 2151 3466 1,
2165 3436 2201 3460 60

1156 3472 1257 3500 Chauci
1284 3482 1367 3508 quum
1391 3471 1489 3498 auxilia
1510 3470 1722 3505 pollicerentur,
1754 3470 1784 3497 in
1808 3471 2000 3499 commilitium
2019 3470 2112 3498 adsciti
2134 3471 2201 3497 sunt.

1193 3550 1212 3572 c
1223 3552 1243 3572 o
1255 3552 1279 3571 M
1289 3551 1315 3571 M
1325 3551 1334 3570 1
1344 3542 1386 3569 N'1
1396 3550 1409 3570 s
1420 3548 1437 3569 C
1448 3550 1466 3570 ο
1476 3550 1495 3569 R
1504 3562 1513 3574 ‚
1539 3547 1703 3568 commentus
1723 3542 1795 3575 sum,
1823 3543 1879 3570 isci.
1913 3544 1926 3577 [
1933 3542 2075 3574 ἐνθνμέμιιι
2083 3560 2091 3573 ,
2111 3551 2201 3575 μηχα-

1157 3580 1252 3616 νῶμαι]
1287 3581 1445 3615 Excogitare.
1482 3577 1592 3604 DitS’tum
1604 3585 1630 3604 'a
1649 3577 1708 3604 Con
1732 3584 1758 3605 et
1778 3579 1885 3611 Mente,
1908 3587 1991 3613 quum
2011 3576 2149 3610 finguntur
2171 3577 2202 3603 in

1157 3623 1261 3649 mente,
1275 3624 1343 3651 quae
1355 3623 1409 3641 non
1421 3614 1494 3646 sunt,
1513 3616 1597 3649 inquit
1607 3614 1695 3640 Varro
1710 3613 1742 3640 de
1754 3615 1785 3641 Ι...
1793 3615 1822 3642 L.
1837 3622 1850 3648 5
1872 3623 1896 3648 p.
1908 3621 1945 3645 53,
1959 3621 1982 3646 ς.
2024 3612 2199 3652 Τει.Ησ3μτ.

1157 3661 1186 3686 4,
1200 3654 1227 3685 6,
1240 3658 1253 3683 8
1281 3648 1446 3678 Huiusmodi
1458 3648 1527 3675 mihi
1540 3658 1580 3676 res
1598 3650 1699 3684 semper
1717 3651 1927 3677 comminiscere.
1998 3647 2053 3674 Cic.
2068 3647 2100 3674 de
2113 3647 2201 3710 Filnib.

2163 3692 2202 3710 iu.

1159 3730 1199 3758 37,
1213 3731 1226 3757 5
1245 3721 1324 3750 Nihil
1338 3720 1460 3747 aduersus
1475 3721 1527 3748 tale
1540 3720 1745 3748 machinationis
1759 3730 1838 3755 genus
1852 3727 1958 3754 parare,
1976 3726 2021 3745 aut
2034 3719 2202 3746 comminisci

1157 3758 1285 3794 oppidani
1299 3756 1470 3783 conabantur.
1540 3757 1701 3792 Confingere
1713 3763 1739 3783 et
1752 3754 1917 3783 comminisci
1929 3753 2031 3794 Αιιέἱρι·
2043 3754 2076 3781 ad
2084 3755 2201 3782 Herenn.

1157 3803 1184 3827 2,
1205 3804 1242 3821 10.
1313 3792 1488 3820 Comminisci
1501 3793 1566 3820 salsa
1583 3793 1703 3820 Sci-ibon.
1716 3792 1795 3826 Epist.
1866 3791 2111 3817 commimscuntur
2122 3790 2154 3816 de
2168 3797 2201 3816 eo

1159 3830 1198 3857 Id.
1208 3831 1253 3864 Ep.
1273 3831 1291 3855 ι’.
1302 3830 1467 3855 mentiuntur.
1537 3828 1618 3856 Plaut.
1630 3830 1705 3864 Capt.
1719 3827 1786 3862 prol.
1801 3831 1835 3859 48
1858 3827 1950 3860 Itaque
1962 3823 1992 3852 hi
2004 3825 2148 3852 commenti
2158 3823 2200 3884 gg

1469 3902 1486 3926 6
1506 3900 1529 3927 R
2131 3901 2203 3920 cotn-
