2474 4182
60 142 128 180 757
459 116 721 158 CAP-

58 214 171 252 pericula
183 220 300 244 narrem,
314 217 359 237 etc.
395 207 525 243 Qinffil.
542 216 571 241 4,
584 215 609 240 z,
623 213 665 233 122
690 204 720 246 In
730 203 787 245 ‘ipsa
801 203 893 239 eapitis
907 204 1024 248 pericula
1042 209 1088 232 ant

58 252 219 279 fortunarum
234 247 328 281 irrupit
341 246 470 280 voluptas.
542 244 638 271 Poenas
658 246 749 275 capitis
763 240 877 275 pendere
888 241 969 267 Ouid.
987 241 1052 283 last.
1066 249 1088 273 3,

59 292 111 319 845.
165 286 247 311 Poena
266 282 357 317 capitis
371 281 510 308 constituta
523 278 577 305 Cic.
591 278 666 304 Verr.
679 285 698 309 4
715 285 736 303 c.
749 284 790 308 39.
940 275 960 315 ⁴]
978 279 994 303 6
1033 279 1089 303 bor.

36 347 38 351 ,
56 323 144 351 mulae,
155 322 181 346 in
194 317 278 354 quibus
294 318 377 352 Caput
392 320 471 344 vitam
478 314 623 352 praesertim
632 311 778 354 fignificat,
803 311 845 338 vbi
858 319 937 338 tamen
952 314 991 339 uel
1011 313 1089 348 ipsum

36 378 38 381 -
56 357 171 385 hommem
187 353 323 390 intelligere
342 353 482 384 interdum,
502 347 623 376 interdum
634 348 803 383 felicitatem,
829 355 852 374 et
873 349 972 384 famam
992 350 1050 374 adeo
1065 355 1088 373 et

36 408 38 421 ,
57 389 269 424 existimationem,
283 389 338 423 stne
359 398 405 425 qua
427 391 481 414 vira
500 385 567 411 nulla
585 389 707 418 putatur,
727 384 874 410 commodum
888 384 984 419 ficerit.
1035 383 1087 409 Ab-

56 421 123 455 sblui
139 425 228 460 capitis
243 426 311 459 Nep.
326 434 345 457 1,
359 434 385 459 7,
400 425 423 450 6.
492 419 617 446 Accusare
636 417 708 445 Idem
726 428 753 452 4,
768 428 792 451 2,
806 421 831 445 6.
888 421 974 454 Caput
992 428 1086 445 eorum

36 476 39 482 ·
56 462 139 497 agitur
153 462 208 487 Cic.
223 461 254 487 de
269 461 351 487 Amic.
367 470 387 485 c.
403 467 438 492 ¹7·
474 455 545 482 Idem
558 455 634 481 Verr.
648 463 671 486 2,
685 459 716 487 98
736 456 806 495 *Qu
826 456 854 482 in
872 464 899 496 re
921 455 998 496 iplius
1014 456 1087 481 Prae-

11 518 14 521 .
37 503 39 515 ³
55 498 119 524 toris
139 503 213 532 caput
227 496 436 528 existimatioque
454 495 581 529 ageretur.
653 491 803 525 Anquircre
823 498 923 525 capite,
943 490 995 517 ord,
1018 495 1085 515 AN-

9 527 15 554 ?
55 539 103 572 qv
114 540 123 558 1
133 539 187 559 Ro,
222 533 277 558 Cic,
292 532 323 558 de
336 532 407 558 Orat.
424 536 443 559 1,
458 534 497 558 233
524 526 606 551 Cuius
620 526 742 560 responso
761 526 794 552 sic
810 528 912 554 Iudices
925 526 1085 556 exarserunt,

9 586 13 593 .
37 581 39 599 ς
54 575 81 595 vt
96 568 187 603 capitis
202 568 336 594 hominem
355 560 588 592 innocentisliuuun
602 562 815 589 condemnarent.
886 563 1027 589 Damnatus
1045 569 1084 600 ca-

33 608 39 620 ⁴
73 604 108 630 ite
127 604 183 631 Cic.
197 603 305 630 Tuscul.
320 610 339 633 1,
354 605 383 633 98
396 606 462 631 c.41.
515 597 616 637 Capitis
630 598 697 632 Nep.
712 606 739 638 7,
753 607 780 631 4,
789 606 810 631 ς.
826 604 849 625 et
863 603 898 630 18,
912 605 934 630 ς,
951 605 969 622 1.
993 632 998 636 η
1027 596 1083 622 Cic.

30 651 32 658 ·
53 613 134 666 ¹Ipse.
151 649 169 672 1,
184 646 214 672 59
240 638 287 665 Sed
299 635 405 672 plurimi
424 638 666 666 comminuuntur,
686 643 844 669 annuosque
862 633 930 668 quasi
944 638 1028 666 capite
1042 631 1084 658 da-

30 668 34 670 7
54 681 154 703 mnatos
170 680 254 700 morte
268 672 398 699 muldam.
435 669 490 695 Cic.
501 670 554 696 Att.
569 677 606 699 10,
616 677 632 701 9
650 670 758 696 Vtinam
772 678 832 697 meo
845 669 929 695 solnm
944 668 1028 702 capite
1041 667 1084 694 de-

30 720 35 738 <
52 719 200 742 cernerem,
221 713 238 735 i.
256 712 282 734 in
292 707 400 742 periculo
413 705 541 741 verfizrcr,
555 711 583 731 vt
602 705 738 732 dimicare.
809 704 955 731 Defendere
969 709 1045 738 caput
1059 709 1085 730 et

30 758 35 771 l
52 746 147 774 famam
161 745 266 772 alterius
281 743 335 769 Cic.
349 750 397 776 pro
411 740 520 775 Quin&
537 746 549 771 8
570 750 592 767 c.
607 750 628 767 2.
666 741 704 768 Id.
719 740 797 768 Acad.
811 749 829 772 4
844 750 866 766 c.
877 745 913 778 383
950 740 1046 765 Lucan.
1061 745 1084 771 8,

52 789 92 808 101
119 780 223 808 Mallem
235 777 354 806 felicibus
375 777 454 804 armis
483 776 637 811 Dependiss'e
650 783 743 811 caput,
762 779 779 802 i.
799 775 916 808 deuaurffe
933 782 1027 815 mcpro
1042 775 1085 811 fe-

31 808 144 844 “licitare
156 823 205 842 tua.
258 814 397 840 Deuouere
419 818 495 847 caput
509 813 620 839 alienius
636 813 717 839 Ouid.
733 812 797 838 Met.
812 819 914 850 13,.33ο.
951 811 1010 837 Liu.
1025 819 1085 843 2,1z

31 844 81 878 ‘'1n
98 851 147 878 hoc
162 850 298 877 discrimen
317 850 466 883 accingere,
486 854 513 875 vt
533 849 561 874 in
581 848 690 884 singulas
709 847 786 873 horas
801 851 884 880 capite
904 846 1014 873 dimices
1028 852 1085 879 tuo,

30 888 35 917 Ξ
49 891 67 914 i.
78 887 210 922 periculum
222 888 312 920 capitis
326 885 355 910 ab
369 884 544 919 infidiantibus
555 884 636 910 adeas.
682 883 772 909 Tacit.
781 882 854 922 Ann.
871 890 906 914 12,
921 890 948 914 19
968 884 1018 908 Pro
1032 883 1084 908 Mi-

33 902 174 967 lth'ridate,
195 921 299 955 quando
313 921 420 955 grauius
439 926 601 953 mereretur,
621 928 673 945 non
686 924 848 958 potentiam,
868 926 953 952 neque
973 927 1084 953 regnum

32 956 35 981 ἕ
48 957 162 993 precari,
183 956 225 982 scd
238 965 270 982 ne
283 957 508 991 triumpharetur,
522 965 588 982 neue
601 963 694 990 poenas
714 959 798 993 capite
812 953 978 987 expenderet.
1035 954 1083 980 La-

32 995 35 1012 ·’
48 991 136 1021 cessere
149 999 224 1027 caput
238 992 338 1019 insidiis
351 993 438 1019 Catnl.
455 995 491 1024 16,
507 994 542 1018 16.
606 991 690 1017 Lucre
709 994 803 1024 capite,
817 988 869 1015 viii.
889 996 905 1015 1.
916 996 935 1014 v
946 995 975 1015 0.
1028 989 1083 1015 Ob-

49 1028 142 1057 ieftare
163 1028 268 1062 periclis
291 1029 366 1063 Virg.
390 1030 453 1055 Aen.
466 1037 491 1060 2,
503 1036 557 1063 751.
633 1024 736 1052 Offerre
765 1025 819 1051 leto
845 1025 948 1050 Lucret.
972 1033 994 1057 3,
1010 1032 1081 1058 ¹054-

32 1060 132 1098 sQjem
145 1063 188 1098 pol
204 1071 253 1098 ego
266 1065 357 1098 capitis
373 1064 480 1091 Perdam
500 1064 580 1089 Plaut.
593 1061 652 1088 Mil.
665 1070 687 1094 2,
702 1070 731 1094 4,
745 1065 778 1090 18.
850 1060 1001 1101 Persolucre
1020 1070 1082 1094 poe-

34 1108 88 1127 nas
101 1100 184 1134 capite
199 1099 255 1126 Sen.
270 1102 360 1135 Agam.
377 1109 444 1126 1001.
480 1097 610 1132 Qiine'til.
623 1099 649 1130 6,
664 1106 686 1129 3,
701 1102 728 1127 28
758 1097 885 1136 Accusare
900 1105 971 1122 enim
986 1096 1080 1135 palam,

32 1141 71 1163 :et
87 1142 164 1170 caput
185 1135 296 1162 alicuius
320 1137 410 1163 Petere
436 1135 587 1161 concellum.
659 1134 769 1159 Vertere
792 1140 821 1158 m
841 1138 917 1166 caput
935 1140 1080 1172 noxiorum

32 1166 133 1198 'Tucim
150 1172 217 1198 Ann.
232 1179 254 1204 5,
290 1192 297 1198 .
335 1192 342 1199 .
413 1172 550 1197 Vouerunt
568 1168 653 1203 capita
671 1168 715 1195 sua
728 1177 776 1203 pro
790 1168 874 1203 patria
895 1167 977 1193 nostri
996 1168 1081 1201 Impe-

44 1212 142 1235 ratores
156 1208 210 1234 Cic.
226 1207 258 1234 de
274 1208 331 1235 Fin.
347 1215 370 1240 5,
385 1208 420 1240 64
439 1215 461 1232 c.
475 1213 517 1231 22.
571 1204 652 1230 Plaut.
674 1203 761 1231 Pseud.
776 1213 802 1238 4,
816 1212 843 1239 7,
857 1212 902 1237 134
938 1203 1081 1229 Pseudolus

0 1258 8 1266 ν
44 1242 110 1271 nihi
124 1243 269 1270 centuriata
282 1243 376 1270 habuit
392 1241 482 1276 capitis
495 1239 618 1271 comitia,
638 1243 656 1266 i.
676 1240 735 1276 suis
768 1240 864 1266 allaciis
877 1248 913 1266 me
932 1238 966 1264 ad
977 1238 1081 1274 suspen·
1098 1246 1130 1271 30

0 1270 7 1309 ζ.
42 1277 107 1305 dium
122 1279 220 1315 adigit,
233 1289 279 1306 non
288 1279 359 1315 secus
373 1286 402 1305 ac
409 1276 435 1312 Ji
447 1279 595 1303 centuriatis
608 1278 716 1302 comitiis
751 1282 876 1302 amnatum
889 1274 1037 1310 suspendere
1050 1276 1081 1302 Ii-

0 1327 2 1334 ·
43 1311 97 1341 Hor
116 1315 247 1342 iuberetur.
441 1311 461 1348 ff
483 1320 499 1347 7
542 1313 576 1338 Vt
592 1314 620 1338 in
657 1321 711 1348 rege·
729 1312 811 1346 capita
824 1311 902 1346 fimt,
921 1320 982 1346 quae
1001 1317 1081 1337 totum

2 1372 4 1377 ,
47 1364 51 1370 .
74 1359 137 1387 egem
157 1349 281 1380 efficiunt:
292 1347 332 1383 fic
342 1349 435 1385 legum,
447 1348 581 1380 librorum,
594 1320 763 1383 cptfialarum,
775 1350 912 1373 orationum
927 1347 1011 1385 capita
1018 1347 1083 1382 sunt

0 1378 2 1384 .
39 1394 141 1418 artes,
153 1380 201 1412 non
214 1394 309 1412 numero
329 1384 456 1411 verborum
476 1390 519 1410 aut
539 1384 651 1420 versuum
667 1381 843 1416 aestimandae,
858 1381 906 1417 fid
924 1385 983 1417 123st
1006 1392 1080 1419 argu-

20 1428 25 1431 ·
66 1425 150 1454 οιαὶ,
161 1425 189 1448 in
202 1428 318 1458 quantum
327 1418 443 1458 sciuntq'a
456 1419 486 1446 ab
500 1420 560 1445 aliis
573 1420 764 1455 intelliguntur,
783 1424 807 1444 et
821 1425 869 1453 pri*
880 1417 910 1453 se
925 1416 1079 1457 fonfideran-
1097 1423 1126 1449 35

0 1459 9 1489 :⁷
70 1467 92 1483 r.
129 1457 229 1484 Gellius
243 1457 270 1483 in
285 1456 337 1482 fine
358 1455 545 1490 praefationis,
564 1455 656 1489 Capita
674 1462 781 1486 rerum,
801 1461 871 1494 quae
889 1462 985 1488 cuique
1006 1463 1078 1481 com-

69 1493 172 1519 entario
184 1493 287 1524 insunt,
305 1492 472 1526 exposuimus
486 1491 530 1517 hie
548 1490 685 1522 vniuersa,
699 1495 728 1516 vt
747 1489 801 1516 iam
815 1489 901 1516 statim
920 1489 1078 1522 declaretur,

0 1502 12 1566 l.
41 1527 121 1562 quid,
136 1537 224 1563 quoue
236 1529 264 1554 in
276 1528 347 1554 libro
367 1527 459 1562 quaeri
478 1525 631 1553 inueniriue
644 1524 727 1560 poffit.
764 1522 993 1560 HincfaHum,vt
1006 1534 1078 1562 quae-

0 1568 24 1595 μὶ,
52 1573 130 1598 unque
142 1565 259 1590 [tororum
265 1561 389 1599 fifiioues
400 1562 483 1597 capita
497 1562 550 1588 dici
566 1564 697 1602 coeperint.
735 1560 782 1588 Sed
793 1571 857 1587 mma
867 1560 895 1586 de
908 1564 1011 1598 antiquo
1025 1562 1078 1598 vsu.

22 1644 30 1648 ¹·
61 1635 93 1659 ic.
107 1633 177 1660 Fam.
190 1643 211 1666 3,
226 1638 239 1663 8
264 1633 293 1660 de
312 1632 392 1659 edicio
407 1633 469 1670 suo,
490 1633 691 1668 Diligentiffime
703 1633 828 1667 scriptum
842 1639 917 1667 caput
932 1632 983 1665 est,
1004 1634 1076 1668 quod

44 1668 148 1696 ertinct
168 1669 200 1695 ad
218 1669 375 1695 minuendos
393 1669 502 1696 sumtus.
547 1669 603 1695 Cic.
620 1669 651 1694 de
665 1669 734 1702 Lege
748 1669 810 1702 Agr.
824 1677 850 1700 2,
867 1676 891 1701 15
910 1678 931 1695 c.
946 1671 963 1694 6
990 1669 1077 1704 Atque

13 1717 20 1723 =
51 1713 84 1739 go
99 1712 112 1731 a
132 1705 219 1739 primo
234 1706 319 1740 capite
338 1705 419 1739 legis,
436 1705 518 1739 vsque
538 1705 571 1730 ad
591 1710 739 1730 extremmn
757 1704 864 1738 reperio
883 1704 1017 1737 Qxifflcs,
1031 1712 1076 1731 etc.

39 1743 77 1767 ic
93 1740 148 1767 Cic.
169 1741 242 1767 Fam.
262 1750 289 1776 7,
309 1748 342 1766 22
362 1742 400 1766 De
419 1740 482 1766 libro
498 1740 555 1766 lCti
572 1740 651 1775 nescio
667 1749 713 1775 quo
726 1746 769 1766 aut
781 1742 860 1771 cuius,
878 1741 906 1766 Id
921 1746 1014 1773 caput,
1029 1740 1076 1766 vbi

49 1820 64 1838 e
76 1818 122 1838 etc.
161 1812 222 1838 Sunt
240 1815 303 1837 enim
323 1821 408 1837 reuera
426 1810 509 1845 capita
523 1810 614 1836 Gellii.
651 1811 735 1844 Caput
758 1810 867 1844 Epicuri
887 1809 1075 1846 estpropofitio,

5 1852 9 1859 '
45 1847 124 1883 ''ogma
142 1847 199 1874 Cic.
214 1847 290 1873 Acad.
311 1855 336 1879 2,
351 1855 390 1873 101
406 1856 425 1872 c.
441 1855 470 1878 32
500 1846 539 1871 Ita
558 1845 636 1872 nobis
657 1845 821 1878 tacentibus,
840 1855 872 1872 ex
892 1856 946 1873 vno
967 1848 1075 1882 Epicuri

13 1879 25 1909 ,¹⁴
50 1883 136 1917 apite,
150 1883 232 1909 altero
245 1882 347 1913 vestro,
366 1881 500 1915 perceptio
520 1887 545 1908 et
564 1881 763 1916 comprehenfio
783 1882 896 1908 tollitur.
939 1883 1019 1915 Quod
1037 1883 1074 1910 est

11 1929 24 1947 .=
50 1924 111 1952 aput
124 1918 245 1952 Epicuri?
281 1918 306 1944 Si
319 1917 402 1943 vllum
416 1917 530 1943 sensibus
544 1917 630 1943 visum
644 1917 738 1943 falsum
753 1917 804 1949 est,
819 1917 888 1944 nihil
902 1918 1002 1952 percipi
1017 1925 1074 1952 pota

10 1970 14 1980 ,
50 1953 80 1985 st,
103 1953 174 1988 quod
189 1952 320 1979 uestrum?
339 1953 403 1979 Sunt
415 1953 479 1979 falsa
493 1953 579 1979 sensus
592 1952 649 1979 visa
661 1959 706 1978 etc.

23 1989 25 1991 “
42 1992 77 2015 tio
108 1990 212 2015 encratis
231 1988 362 2022 Qiinekil.
382 1997 405 2021 3,
421 1990 447 2021 6,
458 1996 496 2015 21.
534 1987 573 2014 Id.
587 1996 612 2021 9,
625 1996 648 2019 3,
662 1995 693 2022 73
720 1988 837 2014 Primum
852 1996 928 2023 capnt
942 1991 1073 2016 orationis

21 2053 25 2057 ,
39 2033 80 2051 ·ro
118 2024 202 2059 igario
215 2031 288 2051 vocar
303 2024 432 2059 periodum
442 2026 560 2059 primam.
615 2024 656 2050 Sic
673 2024 727 2049 Cic.
743 2023 800 2058 post
811 2024 866 2050 red.
881 2024 909 2050 in
922 2026 979 2052 Seri.
995 2031 1008 2055 8
1022 2035 1043 2052 c.
1054 2036 1073 2060 4

20 2079 23 2084 .
55 2069 99 2086 um
112 2061 272 2097 praeclarum
287 2065 364 2094 caput
377 2060 461 2096 (legis
475 2059 574 2085 Clodiae
587 2058 615 2084 de
623 2059 807 2095 proscriptione
821 2061 968 2096 Ciceronis)
982 2062 1075 2088 recita-

27 2112 29 2116 ·
41 2102 120 2128 etur,
139 2095 182 2122 Ne
197 2095 254 2128 quis
266 2096 299 2122 ad
314 2103 361 2122 vos
375 2095 503 2127 referret,
516 2103 550 2121 ne
563 2095 623 2129 quis
636 2093 802 2128 decerneret,
816 2105 849 2122 ne
868 2096 1025 2130 disputaret,
1039 2106 1072 2123 ne

41 2167 217 2201 criptionem,
230 2175 284 2192 non
298 2166 380 2200 legem
395 2166 506 2201 putauit.
543 2164 611 2191 Add.
626 2164 658 2191 de
671 2166 700 2192 L.
715 2167 806 2199 Agrar.
822 2172 842 2197 1,
858 2174 876 2191 1.
914 2166 997 2190 Prima
1014 2165 1068 2191 duo

44 2203 114 2236 apita
133 2201 256 2236 epistolae
274 2208 334 2228 tuae
346 2202 424 2227 tacita
443 2199 511 2226 mihi
525 2199 639 2234 quodam
652 2199 732 2225 modo
750 2199 924 2234 relinquenda
940 2201 996 2226 snut
1012 2201 1068 2226 Cic.

43 2238 102 2263 fam.
118 2246 139 2270 3,
154 2242 174 2267 8.
211 2237 329 2270 Exposita
348 2241 373 2261 et
392 2235 518 2269 explicata
539 2236 622 2268 capita
636 2234 693 2261 Cic.
714 2234 742 2260 in
763 2235 835 2261 Brut.
851 2237 906 2269 164.
943 2235 1017 2262 Idem
1038 2237 1068 2263 in

0 2272 1 2276 ’
43 2273 101 2298 2rur.
116 2274 158 2304 165
185 2272 242 2306 Ipsa
261 2271 305 2298 illa
326 2271 442 2297 censoria
461 2274 553 2296 contra
571 2271 619 2297 Cn.
639 2270 789 2298 Domitium
807 2271 936 2305 collegam
957 2281 1011 2298 non
1031 2272 1067 2299 est

16 2346 21 2365 l
43 2343 95 2370 ius.
136 2343 193 2370 Cic.
208 2343 240 2369 de
252 2344 326 2370 Orat.
340 2351 364 2374 2,
376 2351 422 2375 223
449 2343 540 2376 Quum
559 2342 691 2369 contraria
711 2341 780 2369 inter
799 2343 852 2369 sese
867 2342 903 2370 de
921 2343 1067 2378 Republica

43 2379 111 2413 apita
124 2378 286 2411 contulisset,
301 2378 396 2409 noster,
409 2385 454 2404 etc.
475 2378 518 2414 Cf.
533 2387 583 2414 pro
597 2377 701 2405 Cluent.
715 2387 737 2405 c.
751 2386 784 2411 51.
940 2377 962 2417 q
976 2384 989 2409 8
1017 2380 1066 2406 Ca-

28 2438 32 2445 ,
44 2420 87 2447 ut,
101 2415 195 2441 Summa
202 2416 371 2450 principalis,
386 2417 425 2440 cui
438 2413 567 2450 respondet
578 2413 703 2440 interdum
714 2414 806 2450 vsura,
819 2414 944 2441 interdum
958 2417 1066 2442 Lucrum

29 2449 177 2485 'Accgffim
215 2450 418 2484 Promulgauere
436 2449 520 2484 legem
539 2449 572 2476 de
590 2458 651 2476 aere
672 2449 775 2483 alieno,
795 2455 824 2476 vt
844 2449 960 2476 deducio
980 2460 1013 2477 eo
1033 2451 1065 2477 de

15 2548 19 2556 ⁵
47 2530 115 2557 quis
129 2521 326 2548 conditionibus
340 2521 535 2556 pei-solueretur
547 2522 608 2548 Liu.
622 2523 648 2554 6,
662 2528 698 2554 35.
758 2522 860 2553 Qtinas
873 2521 954 2555 capiti
968 2518 1067 2547 meree-

11 2557 14 2563 ’
28 2567 29 2570 ’
44 2566 70 2584 es
87 2559 186 2584 exsecat
201 2558 268 2584 Hor.
283 2557 333 2584 Sat.
347 2566 366 2589 1,
374 2566 399 2590 z,
409 2566 447 2591 14.
482 2557 601 2585 Offertur
613 2556 724 2591 pecunia
736 2556 879 2582 creditori:
899 2556 953 2587 vix,
966 2556 1066 2592 inquit,

22 2611 25 2616 .
59 2592 137 2620 soluis
149 2594 271 2626 vsuram,
290 2599 365 2628 caput
379 2593 457 2619 debes
472 2593 593 2619 Ambros.
608 2603 629 2619 c.
643 2600 655 2625 5
670 2591 701 2617 de
713 2590 816 2617 Tobia.
843 2591 898 2617 Cic.
914 2593 990 2618 Vcrr.
1006 2602 1026 2625 1,
1041 2602 1063 2619 11

18 2638 22 2643 ·
42 2635 118 2661 sunt,
125 2629 174 2663 qui
188 2634 214 2655 et
227 2629 256 2655 in
268 2637 300 2655 eo
313 2637 421 2664 quoque
435 2629 492 2654 eius
506 2628 638 2654 audaciam
653 2626 857 2661 reprehendant,
871 2627 943 2662 quod
962 2627 1065 2663 aliquot

44 2699 178 2726 etraxerit.
212 2699 252 2725 De
265 2699 349 2734 eapite
362 2697 467 2725 demere
479 2704 556 2725 vocat
569 2700 644 2727 Verr.
656 2707 669 2731 3
683 2708 703 2725 c.
715 2706 751 2731 35.
777 2701 795 2725 ι’.
810 2698 838 2725 de
844 2699 941 2735 summa
947 2699 1065 2736 frumcn-

44 2737 48 2741 ”
68 2733 160 2760 debita.
355 2731 376 2770 q
396 2742 412 2766 9
447 2735 600 2769 Principi'um
621 2733 754 2771 fignificat.
790 2735 847 2761 Cic.
866 2735 898 2761 de
918 2736 975 2762 Fin.
989 2744 1017 2769 5,
1033 2744 1063 2772 17

48 2777 96 2796 ons
112 2768 283 2804 reperiendus
303 2769 355 2803 est,
381 2769 408 2796 in
423 2778 476 2804 quo
497 2769 545 2796 sint
564 2771 649 2804 prima
667 2770 842 2797 inuitamenta
863 2777 984 2798 naturae:
1008 2781 1062 2808 quo

57 2811 154 2838 uento,
166 2805 253 2831 omnis
265 2804 297 2832 ab
310 2814 341 2832 eo
355 2805 424 2840 quasi
444 2805 529 2840 eapite
550 2805 582 2832 de
596 2807 698 2832 summo
711 2806 783 2833 bono
796 2812 822 2833 et
834 2807 905 2833 malo
920 2807 1062 2842 disputatio

53 2882 130 2903 auant
142 2876 199 2903 Cic.
211 2876 244 2903 de
256 2877 329 2903 Orat.
344 2886 357 2903 2
376 2885 397 2903 c.
406 2884 448 2912 27.
499 2877 561 2904 Sine
576 2878 660 2913 capite
678 2887 784 2905 manare
798 2878 907 2912 dicitur,
920 2880 984 2915 quod
995 2882 1062 2907 nullo

42 2920 88 2938 rto
101 2910 201 2938 auflore
213 2919 333 2939 narratur
339 2913 394 2940 Cic.
403 2921 452 2947 pro
460 2913 560 2940 'Planco
573 2921 612 2948 57.
628 2920 651 2940 et
671 2914 742 2941 Fam.
755 2923 792 2946 12,
807 2923 844 2941 10.
881 2915 903 2941 A
917 2916 1001 2950 capite
1015 2917 1062 2943 Ar-

52 2948 129 2981 ssere,
141 2947 236 2975 ordiri
255 2948 307 2974 vid.
324 2949 364 2975 his
376 2949 468 2976 verbis.
505 2951 573 2976 Hinc
592 2950 692 2985 Caput,
701 2958 750 2986 pro
767 2951 841 2976 Fonte
859 2958 883 2976 et
894 2950 1060 2988 fiaturigine.

46 2990 107 3018 aput
118 2992 202 3019 aquae
215 2983 283 3010 illud
296 2983 347 3016 est,
366 2984 436 3011 vnde
450 2994 517 3020 aqua
529 2986 645 3013 nascitur
657 2986 761 3021 leian.
775 2986 792 3012 l.
809 2994 819 3012 1
837 2984 888 3023 §.8
902 2987 934 3013 D.
949 2986 980 3015 de
992 2997 1061 3023 aqua

1 2892 8 2906 s

13 3071 15 3076 -
36 3054 37 3060 ¹
51 3053 75 3080 d.
90 3060 116 3089 7,
127 3059 153 3088 8,
163 3062 190 3089 7.
234 3055 320 3090 Caput
333 3055 419 3083 Rheni
431 3058 500 3084 Hor.
508 3058 588 3085 Serm.
604 3066 622 3088 1,
637 3066 675 3091 ιο,
688 3067 728 3093 37.
766 3057 839 3094 Conf.
854 3058 956 3085 Lucret.
965 3060 989 3090 6,
996 3067 1058 3095 729.

43 3089 95 3116 ela
109 3097 133 3122 3,
144 3097 170 3116 2.
203 3089 270 3117 Ptin.
283 3090 361 3125 Epist.
374 3097 398 3125 8,
410 3097 424 3123 8
451 3093 546 3120 Fontes
566 3094 651 3128 capite
670 3094 785 3120 discreti.
822 3093 891 3120 Add.
904 3103 942 3127 10,
950 3103 978 3127 91
1004 3096 1058 3122 Sta-

23 3136 29 3158 ¹·
46 3135 73 3152 m
86 3124 119 3152 ab
134 3124 227 3160 capite.
262 3126 303 3153 Sic
309 3126 412 3162 fiamunt
426 3130 499 3165 uulgo
512 3129 676 3156 Indomitum
689 3136 765 3165 caput
778 3128 865 3156 Rheni
876 3130 972 3157 Lucan.
987 3140 1012 3164 2,
1027 3139 1058 3165 52

29 3166 31 3170 ’
61 3163 81 3187 'a
92 3160 161 3186 bellic
171 3159 259 3196 Jiffr'mi
263 3161 327 3197 sune
329 3164 427 3203 populi,
439 3167 482 3199 qui
493 3164 528 3190 ad
537 3166 647 3192 Rhenum
654 3165 724 3201 sunt.
760 3165 816 3197 Sic,
830 3165 904 3200 virg.
918 3166 1015 3202 Georg.
1029 3177 1058 3201 4,

22 3226 31 3237 ”
43 3231 69 3258 d
216 3266 222 3272 ⁴
242 3229 263 3269 fl
282 3240 311 3273 1o
335 3236 407 3260 etiam
420 3237 512 3262 exitum
525 3236 550 3272 s
565 3235 626 3269 ostia
639 3244 719 3264 notat.
733 3246 758 3264 υ.
771 3245 796 3275 g.
812 3237 882 3264 Caes.
897 3238 925 3264 Β.
939 3239 972 3266 G.
985 3249 1013 3274 4,
1028 3248 1057 3266 10

14 3279 23 3309 ,i
69 3280 72 3281 ⁷
97 3275 126 3294 us
144 3267 236 3294 multis
255 3267 385 3303 capitibus
405 3270 434 3296 in
452 3271 586 3299 Oceanum
605 3273 710 3305 influit,
736 3276 753 3299 i.
775 3270 854 3306 ostiis.
889 3274 964 3309 Qem
981 3284 1057 3302 vnum

18 3313 39 3338 Ρ
59 3306 94 3365 -αἱ
101 3305 479 3368 ἔρηρῗὲοευῧένωιιιηὲᾳῠαε
492 3307 524 3343 Is
544 3307 637 3371 1!qu
648 3308 820 3371 “fi-melae&
832 3317 854 3340 2,
867 3316 907 3341 50.
943 3310 989 3372 {cd
1002 3320 1057 3354 curn

49 3406 51 3409 ,
71 3349 135 3412 af}
147 3348 260 3401 231...ἵῖ
269 3348 670 3412 m.;53.1¹001}f}{s{}²'i¹5.{13'm1t'.lffi
684 3345 1057 3418 ἑὲρῐιῖκ1ἓηΐ’,-Ξὶἓιιι·ξῑῗῖ’”“

44 3424 49 3442 t
63 3410 142 3447 Jane,
153 3420 201 3437 non
214 3411 336 3444 Rhaetos,
344 3411 392 3448 scd
403 3414 512 3440 Batauos
523 3412 638 3447 ostiorum
651 3419 755 3443 accolas.
797 3415 859 3442 Vide
870 3417 938 3443 illum
950 3417 984 3444 ad
995 3418 1054 3445 Val.

32 3445 89 3472 e:
101 3453 126 3480 ς,
139 3453 189 3480 351.
203 3453 227 3473 et
239 3446 274 3473 ad
291 3447 388 3474 Lucan.
403 3456 429 3480 2,
444 3456 482 3482 52.
519 3450 597 3477 Porro
616 3452 713 3479 Lucan.
727 3460 751 3485 3,
765 3460 816 3478 202
849 3452 979 3480 Multifidi
992 3454 1056 3480 Peu-

59 3485 161 3521 ¹,er
174 3488 250 3518 caput
264 3482 342 3510 alluit
355 3483 430 3516 Istri,
449 3485 534 3519 Caput
551 3489 625 3513 etiam
637 3496 712 3514 vnum
728 3487 757 3514 de
775 3487 888 3514 brachiis
904 3486 964 3521 [siri
973 3489 1055 3526 figni-

53 3516 152 3550 «naabi
163 3517 353 3554 Oudendorpmr
362 3519 483 3555 producit
496 3524 569 3547 etiam
581 3521 642 3549 Liu.
657 3531 693 3555 33,
704 3532 735 3556 41
754 3522 818 3549 Inde
831 3523 980 3558 profectum
992 3534 1054 3553 eum

476 3593 561 3628 Neque
585 3600 681 3620 caetera
705 3597 815 3621 nomim‘s
836 3597 904 3621 ratio
929 3595 1052 3624 abhorret.

44 3625 76 3650 tr
168 3629 232 3652 enim
245 3629 375 3653 terminum
383 3627 408 3663 s.
423 3634 554 3654 extremum
563 3627 590 3663 fi
616 3632 665 3655 tari
676 3628 722 3656 hoc
732 3633 845 3663 nomine,
865 3639 891 3656 n.
907 3637 930 3662 13
948 3629 1053 3665 qllenide-

62 3659 106 3684 -'·
127 3689 131 3692 Α
147 3665 196 3722 put
208 3669 320 3695 coenae,
336 3666 355 3689 i.
374 3665 526 3698 Praecipuae
541 3667 576 3690 mi
596 3668 854 3701 us‚praec1}>uumque
865 3665 992 3701 ferculum
1003 3677 1053 3695 coe-

22 3727 24 3730 ·
45 3708 49 3714 ι
66 3695 146 3736 „pul
157 3705 186 3723 un
198 3696 249 3724 tibi
261 3703 376 3733 quatuor
387 3705 472 3726 emtus
480 3699 632 3733 Librarum,
644 3708 741 3726 coenae
753 3709 850 3735 pompa
860 3706 988 3737 caputque
1001 3703 1055 3731 fuit

74 3743 98 3764 ,1,
116 3751 132 3765 5.
147 3739 186 3764 10,
198 3741 233 3764 31.

24 3774 26 3778 ’
58 3763 254 3806 εεᾞίοῐιςῦιις,
267 3770 374 3804 negauit
391 3771 418 3798 se
438 3771 496 3798 iure
509 3771 558 3799 illo
576 3772 671 3806 nigro,
687 3771 762 3805 quod
778 3779 875 3798 coenae
892 3779 969 3808 caput
987 3781 1053 3808 erat,

64 3799 182 3830 essamm.
217 3804 274 3831 Cic.
287 3804 320 3830 de
333 3805 391 3833 Fin.
402 3815 428 3840 2,
444 3815 469 3840 15
483 3816 504 3834 c.
519 3813 533 3838 8
554 3808 591 3834 Ex
611 3816 666 3842 quo
687 3806 754 3833 illud
774 3805 903 3840 efficitur,
917 3809 965 3843 qui
984 3809 1052 3837 bene

44 3847 47 3855 ¹
132 3856 140 3868 ,
158 3845 250 3866 omnes
270 3839 386 3868 libenter
403 3851 530 3875 coenare3
548 3844 596 3879 qui
609 3842 739 3875 libenter,
752 3851 806 3869 non
826 3844 955 3871 continuo
974 3844 1051 3874 bene.

44 3880 122 3907 ...per
131 3872 238 3901 Laelius
248 3873 326 3902 bene.
361 3877 434 3911 Qid
446 3877 531 3907 bene?
549 3880 615 3908 dicit
628 3878 762 3911 Lucilius,
775 3876 854 3911 cosso,
867 3879 975 3906 condito.
1002 3881 1051 3908 Sed

1099 889 1134 907 20

60 1604 123 1632 aput
145 1599 219 1625 suum
241 1599 336 1625 offerre
357 1598 458 1624 vilitati
478 1606 528 1632 pro
542 1604 627 1632 capite
645 1597 755 1624 alterius
775 1596 941 1631 Plaut.Capt.
962 1606 1022 1630 2,1,
1035 1606 1076 1631 34.
1091 1606 1128 1631 40

42 2138 200 2166 oqueretur,
214 2139 248 2157 ne
265 2129 374 2165 pedibus
395 2131 460 2163 iret,
475 2139 508 2157 ne
529 2129 667 2156 scribendo
686 2130 793 2157 adesset:
814 2137 896 2157 totam
916 2132 990 2157 illam
1011 2140 1070 2164 pro·
1089 2138 1118 2163 55
1137 2138 1216 2164 quam
1231 2129 1310 2156 habet
1324 2125 1417 2157 obfusa
1430 2132 1514 2166 capita
1525 2141 1717 2168 nonnunquam
1730 2140 1806 2161 acuta
1819 2135 1886 2163 Cels.
1902 2142 1926 2170 8,

30 2486 124 2527 pite,
139 2486 210 2521 quod
225 2486 310 2513 vsuris
323 2492 536 2521 pernumeratum
549 2486 625 2518 esset,
640 2484 684 2517 id,
697 2486 770 2520 quod
785 2486 933 2519 superesset,
947 2486 1065 2512 triennio
1081 2489 1112 2519 65
1132 2491 1215 2518 neret,
1228 2493 1274 2513 etc.
1312 2489 1403 2522 Veget.
1417 2497 1440 2521 2,
1455 2496 1497 2523 54,

62 3024 132 3046 ot.et
142 3019 203 3046 aest.
240 3019 280 3046 Ad
291 3027 373 3055 aquae
386 3020 444 3047 lene
457 3028 534 3056 caput
546 3022 632 3048 sacrae
648 3023 716 3049 Hor.
731 3021 782 3050 Od.
799 3031 819 3054 1,
835 3031 856 3054 1,
871 3031 907 3049 21.
943 3024 986 3050 Sic
1006 3024 1060 3050 Pal·
1075 3028 1107 3053 80
1124 3023 1186 3050 dum
1196 3044 1203 3055 ,
1217 3034 1350 3060 venasque
1366 3026 1482 3053 minaces
1505 3027 1607 3054 Hostili
1621 3028 1654 3055 de
1666 3035 1739 3063 parte
1752 3029 1833 3056 videt.

19 3195 29 3227 j
49 3205 66 3230 9
85 3196 187 3223 Tristis
208 3195 241 3223 ad
264 3202 375 3224 extremi
392 3199 490 3226 sacrum
506 3207 582 3236 caput
595 3201 696 3228 adstitit
715 3201 798 3228 amnis
828 3201 914 3228 Multa
936 3212 1057 3238 querens.
1075 3211 1104 3241 g,-

1018 3393 1057 3409 re-
1067 3395 1104 3420 90
1121 3382 1236 3410 Auctum
1258 3386 1332 3411 'vocat
1344 3387 1449 3418 Liuius,
1469 3390 1546 3420 caput
1564 3385 1692 3412 iecinoris
1716 3385 1812 3420 duplex
1824 3389 1970 3423 appellatur.

45 3549 453 3625 *ffig‘gffile-evgzagghffmi
469 3555 588 3583 fluminis
605 3557 684 3585 foeda
703 3558 840 3593 tempestas
858 3558 954 3589 oborta
972 3570 1054 3597 prope
1067 3572 1100 3599 95
1115 3562 1239 3590 Linteum
1251 3563 1395 3598 quoddam,
1403 3572 1458 3599 quo
1471 3564 1500 3590 in
1513 3563 1647 3592 sacrificiis
1660 3563 1812 3592 vtebantur.

282 3733 339 3762 Cic.
352 3735 435 3762 Tusc.
451 3744 474 3768 5,
487 3741 518 3769 98
533 3746 554 3762 e.
569 3745 601 3769 34
634 3734 688 3763 Vbi
707 3744 791 3770 quum
802 3736 948 3768 Tyrannus
959 3747 1107 3767 coena-100
1114 3746 1172 3767 tere
1187 3743 1300 3769 Martem
1335 3741 1432 3776 Sponte
1444 3741 1519 3767 viris.
1555 3743 1574 3768 i.
1588 3745 1641 3769 inin
1663 3755 1678 3770 u
1688 3751 1722 3779 pu
1743 3754 1809 3771 nare.

1531 121 1687 163 CA
1774 123 1802 162 P
2127 138 2197 180 753

1160 204 1252 244 Versus·
1271 205 1365 245 Lucilii
1377 206 1437 241 fitit
1454 209 1559 244 Semper
1578 210 1646 238 bene
1661 211 1755 245 coGto,
1775 211 1908 245 Condito,
1928 213 2048 244 sermone
2066 217 2155 251 bono,
2175 218 2195 245 si

1156 241 1257 275 quaeri¹
1275 240 1397 283 libenter.
1441 245 1525 278 Caput
1544 256 1639 274 coenae
1658 248 1686 273 de
1703 249 1829 284 sententia
1847 249 1963 282 Lucilii,
1990 252 2075 279 Bonus
2099 254 2195 280 sermo.

1155 278 1240 310 Caput
1254 276 1388 307 scelerum,
1407 280 1426 303 i.
1445 280 1541 318 Auc'i'or
1550 286 1696 318 praecipuus
1709 284 1885 319 sceleratorum
1898 285 1979 310 Plaut.
1993 287 2070 314 Cure.
2085 297 2109 319 2,
2125 299 2145 321 1,
2159 298 2196 322 ¹9-

1156 311 1224 338 Rnd.
1239 320 1266 344 4,
1280 321 1306 344 4,
1320 320 1359 346 34.
1416 313 1483 353 Belli
1496 316 1593 343 summa
1607 327 1631 344 et
1644 326 1721 353 caput
1743 320 1825 346 Ouid.
1839 328 1871 346 ex
1885 321 1960 346 Pont.
1974 329 2000 353 2,
2015 331 2040 354 1,
2052 326 2097 354 46.
2134 326 2194 351 Liu.

1154 355 1178 379 3,
1194 355 1222 386 10
1242 346 1271 372 Id
1285 348 1439 389 1391111113111
1452 351 1509 376 effe.
1547 352 1605 378 Liu.
1621 359 1644 385 8,
1660 363 1687 387 19
1714 356 1787 381 Prius
1803 355 2012 382 animaduersum
2026 357 2055 383 in
2068 367 2128 390 cos,
2148 360 2196 394 qui

1154 387 1238 415 capita
1252 391 1445 423 coniurationis
1458 386 1578 418 fuerant,
1596 391 1613 413 i.
1626 393 1762 425 principes.
1799 392 1885 425 Caput
1898 391 1934 418 est
1947 392 2069 419 omniurn
2083 394 2196 421 Gracco-

1153 426 1212 443 rum
1226 419 1444 446 concitandormn
1459 421 1514 447 Cic.
1524 430 1571 455 pro
1581 423 1662 449 Flacc.
1676 435 1697 451 c.
1709 431 1741 455 18.
1779 427 1873 453 Fontes
1887 433 1912 453 et
1925 428 2010 462 capita
2020 428 2108 463 legum
2122 430 2196 456 Idem

1153 452 1185 478 de
1199 454 1276 494 Orat,
1289 463 1298 480 1
1313 464 1391 495 0441
1428 457 1457 481 Ει
1470 457 1501 482 de
1517 460 1589 483 Orat.
1606 466 1672 497 1,.42
1697 462 1823 495 Vrgerent
1834 470 1967 497 praeterea
1974 463 2197 499 philosophorum

1152 497 1258 528 gi·ege5,
1270 498 1321 516 iam
1337 492 1369 516 ab
1385 491 1434 517 illo
1448 492 1567 518 f01'1te·et
1583 501 1667 527 capite
1680 495 1799 530 Socrate,
1813 498 1881 524 nihil
1896 505 1921 525 te
1934 499 1967 525 de
1981 500 2068 531 bonis,
2080 500 2147 527 nihil
2164 500 2196 527 de

1152 525 1241 557 malis,
1250 532 1294 551 etc.
1335 528 1365 552 In
1379 528 1419 553 his
1430 527 1506 561 simul
1517 527 1550 553 ad
1562 531 1690 563 principii
1702 536 1865 566 notationem,
1877 535 1906 560 de
1919 544 1966 570 qua
1977 545 2004 562 n.
2016 544 2042 569 9,
2055 536 2198 572 respicitur.

1153 561 1220 586 Hor.
1235 561 1314 594 Epist.
1330 571 1349 594 1,
1365 570 1403 596 17,
1416 571 1448 595 45
1477 564 1559 597 Atqui
1578 573 1667 590 rerum
1688 573 1764 600 caput
1776 567 1825 594 hoc
1845 576 1920 603 erat,
1940 570 1984 597 hic
1999 572 2067 599 fons.
2122 572 2196 599 Idem

1151 595 1232 622 Scrm.
1248 605 1275 628 2,
1296 606 1323 628 5,
1338 605 1374 632 74
1411 612 1455 616 —
1491 599 1535 624 scd
1560 599 1644 638 yincit
1670 600 1748 636 longe
1767 604 1838 636 prins
1859 606 1944 639 ipsum
1980 608 2135 642 Expugnare
2156 618 2196 635 ca-

1149 636 1205 665 put.
1226 634 1243 657 i.
1265 634 1347 668 Longe
1361 634 1447 659 melius
1468 633 1599 670 ‘std‘l’JUm
1619 636 1741 661 dominum
1759 638 1853 664 aedium
1871 642 2005 668 bcneuolum
2015 643 2067 677 fibi
2087 644 2197 671 reddere.

1150 668 1205 701 Ego
1219 674 1294 702 capnt
1308 667 1369 694 huic
1378 676 1486 702 argento
1502 669 1582 696 hodie
1596 671 1636 697 fui
1652 673 1810 706 reperiendo
1819 675 1975 704 Plaut.Afin.
1990 687 2042 711 3,3,
2052 687 2102 714 137.
2127 681 2195 707 Ter.

1151 702 1224 729 Adel.
1245 712 1272 736 4,
1291 712 1316 735 2,
1338 712 1371 736 29
1405 704 1477 730 idem
1499 706 1573 732 sensit
1595 706 1667 741 quod
1682 717 1746 741 ego,
1765 714 1790 734 te
1804 711 1852 735 esl’e
1867 711 1928 737 huic
1948 714 1986 739 rei
1999 722 2083 749 caput.
2121 716 2196 752 Cous.

1151 739 1231 765 Andr.
1248 748 1270 771 2,
1284 742 1311 772 6,
1325 748 1390 766 extr.
1416 740 1495 775 ibique
1515 742 1608 768 Donat.
1654 743 1710 769 Cic.
1726 743 1757 769 de
1773 746 1847 771 Orat.
1863 755 1888 778 2,
1903 755 1947 781 337
1963 754 2022 779 c.82
2053 751 2092 777 Ad
2113 752 2196 779 confi-

1151 774 1217 800 lium
1230 781 1318 801 autcm
1330 775 1362 801 de
1374 775 1474 810 Repub.
1489 776 1618 809 dandum,
1631 785 1708 812 caput
1722 779 1772 812 est,
1787 782 1856 806 noffe
1865 782 1995 817 Rempub.
2009 785 2041 811 ad
2055 786 2195 816 dicendum

1150 819 1216 837 vcro
1231 811 1422 846 probabiliter,
1435 813 1504 838 noste
1518 821 1604 839 mores
1618 813 1742 841 ciuitatis.
1791 816 1942 844 Literarum
1962 827 2054 854 caput,
2073 822 2121 849 sibi
2134 833 2195 851 cum

1152 846 1199 872 illa
1214 847 1295 873 mima
1315 847 1420 881 posthac
1441 847 1510 874 nihil
1528 848 1650 874 futurum
1669 850 1725 875 Cic.
1740 850 1806 877 Phil.
1824 861 1849 884 2,
1864 860 1908 887 77.
1946 854 1983 880 Id.
2003 855 2034 881 dc
2052 857 2081 883 L.
2097 859 2158 892 Agr.
2173 868 2182 886 1

1151 890 1179 908 21
1197 891 1218 907 c.
1234 890 1250 916 7
1277 884 1362 918 Caput
1373 884 1528 918 patrimonii
1550 884 1667 918 publici,
1684 885 1888 919 pulcherrimam
1901 890 1995 924 populi
2012 892 2090 919 Rom.
2105 879 2196 928 poffes'-

1151 917 1265 949 sionem‚
1292 926 1365 945 vocat
1389 928 1481 954 agrum
1504 921 1676 954 Campanum.
1714 922 1744 947 Et
1765 922 1839 949 Orat.
1859 933 1883 954 2,
1896 930 1928 953 80
1948 935 1969 952 c.
1985 935 2018 959 29
2035 928 2063 954 de
2085 930 2137 956 ead.
2157 940 2184 957 re

1150 954 1234 987 Caput
1249 954 1348 981 vestrae
1363 956 1504 989 pecuniae,
1523 957 1592 990 pacis
1605 962 1801 990 ornamentum,
1816 958 1961 988 subsidium
1974 961 2039 989 belli
2053 971 2098 990 etc,
2136 949 2194 992 Cic?

1150 990 1221 1016 Fam.
1238 998 1259 1021 3,
1273 997 1289 1024 7
1309 990 1410 1017 Deinde
1427 992 1600 1026 imperatori?
1621 992 1716 1019 deinde
1729 1002 1804 1019 more
1815 994 1966 1022 maiorum?
1991 997 2100 1030 deinde,
2121 1001 2194 1035 quod

1150 1032 1226 1058 capnt
1240 1025 1285 1058 cst,
1298 1026 1403 1053 amico?
1439 1028 1524 1062 Caput
1538 1027 1591 1060 est,
1608 1027 1694 1062 quod,
1708 1034 1737 1055 vt
1749 1037 1813 1055 vere
1828 1029 1914 1057 dicam
1925 1050 1934 1062 ,
1948 1032 2059 1060 minime
2073 1036 2194 1069 facimus,

1122 1065 1132 1073 ⁶
1149 1069 1228 1094 quam
1240 1061 1387 1094 plurimum
1401 1063 1516 1090 scribere
1529 1064 1585 1090 Cic.
1600 1064 1631 1090 de
1645 1066 1720 1091 Orat.
1734 1073 1743 1090 1
1757 1074 1779 1091 c.
1793 1072 1829 1098 35.
1871 1065 1945 1092 Idem
1958 1066 1990 1093 de
2003 1069 2105 1097 Inuent.
2121 1081 2146 1104 2,
2159 1082 2194 1106 24

1148 1097 1179 1122 iu
1191 1096 1241 1122 hcc
1255 1102 1341 1122 autem
1356 1097 1416 1124 loco
1430 1106 1507 1133 caput
1524 1099 1591 1125 illud
1606 1100 1658 1126 erit
1671 1101 1832 1133 accusatori,
1853 1100 1872 1127 si
1893 1101 2072 1131 demonstrare
2085 1108 2194 1140 poterit,

1148 1138 1192 1157 etc.
1230 1133 1261 1158 Et
1280 1132 1313 1158 de
1326 1134 1399 1159 Orat.
1417 1142 1438 1166 1,
1453 1140 1484 1169 87
1514 1136 1600 1170 Caput
1616 1136 1688 1162 enim
1708 1137 1757 1163 else
1777 1137 1958 1165 arbitrabatur
1978 1141 2110 1174 oratoris,
2129 1151 2156 1168 vt
2169 1150 2196 1169 et

1147 1167 1207 1202 iplis
1221 1168 1291 1202 apud
1307 1178 1373 1203 quos
1387 1178 1489 1204 ageret,
1503 1171 1578 1204 talis,
1592 1172 1698 1206 qualem
1715 1173 1740 1198 se
1753 1173 1807 1207 ipse
1821 1179 1940 1207 optaret,
1954 1175 2101 1203 videretur.
2148 1179 2195 1204 Ca-

1147 1210 1194 1238 put
1207 1203 1242 1230 est
1261 1203 1292 1230 ad
1313 1205 1380 1231 bene
1394 1206 1539 1232 viuendum
1555 1207 1676 1234 securitas
1695 1208 1751 1234 Cic.
1765 1209 1797 1235 de
1811 1209 1918 1237 Amicit.
1931 1218 1974 1243 45.
2030 1212 2088 1239 Nec
2109 1220 2197 1248 caput,

1146 1249 1193 1266 nec
1207 1248 1251 1274 pes
1265 1241 1392 1267 sermonis
1408 1249 1527 1277 apparet:
1548 1246 1565 1269 ι’,
1590 1245 1883 1281 Nequrprimummeque
1892 1247 2052 1282 postremum,
2066 1258 2108 1275 nec
2123 1253 2196 1285 prin-

1146 1278 1254 1311 cipium,
1268 1285 1311 1302 nec
1324 1276 1390 1312 finis
1403 1279 1435 1311 est
1457 1281 1483 1304 in
1499 1279 1582 1305 verbis
1594 1283 1653 1306 tui..
1672 1280 1755 1306 Plaut.
1766 1281 1835 1307 Asin.
1848 1290 1872 1314 3,
1886 1291 1909 1314 3,
1923 1291 1974 1315 139.
2010 1285 2067 1310 Cic.
2082 1286 2153 1312 Fam.
2168 1293 2197 1321 7,

1146 1320 1171 1344 31
1189 1311 1301 1346 Sulpicii
1316 1312 1368 1339 tibi
1380 1322 1488 1348 operam
1502 1315 1624 1349 intelligo
1638 1324 1669 1342 ex
1683 1316 1735 1342 tuis
1754 1316 1840 1343 literis
1856 1327 1910 1344 non
1923 1318 2037 1346 multum
2051 1329 2116 1355 opus
2132 1322 2196 1348 fnis-

1147 1348 1187 1380 se,
1202 1354 1311 1382 propter
1324 1355 1380 1375 tuas
1395 1358 1435 1376 res
1448 1351 1485 1376 ita
1498 1351 1661 1384 contrae‘tas,
1674 1358 1719 1384 vt,
1732 1353 1957 1387 quemadmodum
1969 1355 2073 1388 scribis,
2089 1366 2135 1383 nec
2154 1366 2194 1384 ca-

1145 1389 1207 1418 put,
1224 1392 1271 1410 nec
1290 1385 1376 1418 pedes.
1414 1386 1544 1420 Equidem
1564 1387 1662 1413 vellem
1683 1389 1724 1414 vti
1742 1388 1820 1422 pedes
1840 1389 1984 1421 haberent,
2001 1398 2030 1418 vt
2048 1393 2193 1427 aliquando

1145 1418 1254 1445 redires.
1326 1421 1419 1454 Capita
1432 1422 1608 1456 imperiorum
1624 1429 1650 1449 et
1666 1422 1807 1450 hominum
1820 1426 2021 1453 eminentissima
2032 1428 2100 1455 Vell.
2112 1438 2132 1459 2,
2143 1437 2194 1456 101.

1143 1457 1162 1481 ι’.
1176 1455 1265 1490 Caesar
1278 1460 1301 1481 et
1312 1456 1461 1483 Parthorum
1476 1467 1529 1483 rex.
1566 1460 1600 1484 Vt
1614 1459 1642 1484 in
1655 1459 1829 1493 corporibus,
1847 1460 1880 1486 sic
1900 1461 1928 1486 in
1948 1462 2064 1497 imperio
2080 1465 2194 1499 grauiffi-

1143 1499 1202 1516 mus
1215 1490 1325 1516 morbus
1339 1491 1384 1523 est,
1399 1493 1474 1526 quida
1489 1493 1572 1528 capite
1586 1494 1745 1521 diffunditur
1765 1495 1830 1521 Plin.
1844 1496 1890 1530 Ep.
1902 1505 1931 1528 4,
1945 1506 1976 1523 22
1990 1506 2054 1524 extr.
2109 1501 2195 1534 Caput

1143 1526 1229 1560 gentis
1242 1525 1387 1553 Ambracio
1401 1529 1419 1554 F
1423 1528 1473 1554 lor.
1488 1537 1513 1562 2,
1527 1538 1551 1561 9.
1572 1532 1590 1555 i.
1611 1531 1763 1565 metropolis,
1776 1534 1854 1566 regia.
1890 1531 2006 1559 Thebae
2018 1534 2099 1561 totius
2112 1536 2194 1563 Grae-

1143 1563 1198 1588 ciae
1219 1568 1295 1597 caput
1317 1563 1384 1597 Nep.
1401 1571 1436 1596 15,
1451 1573 1489 1596 10,
1503 1574 1529 1598 4.
1574 1565 1685 1599 Imperii
1698 1564 1767 1592 Tac.
1782 1567 1816 1592 Η.
1834 1575 1854 1599 1,
1870 1572 1912 1601 84.
1932 1570 1950 1593 i.
1966 1569 2080 1605 J'erzatur.
2117 1571 2194 1606 Reip.

1144 1598 1212 1624 Vell.
1233 1607 1258 1631 2,
1272 1607 1306 1630 51.
1342 1599 1442 1625 Rerum
1462 1606 1538 1634 caput
1551 1600 1644 1627 Tacit.
1662 1601 1729 1627 Ann.
1745 1610 1765 1634 1,
1781 1610 1826 1637 47.
1846 1605 1865 1628 i.
1883 1604 1970 1630 Roma.
2007 1605 2076 1632 Add.
2097 1606 2136 1633 Id.
2156 1608 2192 1635 H.

1143 1642 1169 1666 2,
1183 1643 1221 1666 32.
1260 1635 1345 1669 Caput
1357 1635 1432 1669 regni
1446 1635 1512 1662 Plin.
1528 1644 1562 1667 ιε’,
1582 1645 1611 1669 ¹4
1625 1637 1643 1663 s.
1657 1645 1694 1668 32.
1732 1639 1807 1672 Virg.
1822 1639 1887 1665 Aen.
1901 1643 1925 1671 8,
1938 1642 1969 1673 65
1993 1641 2045 1667 Hic
2056 1641 2126 1668 mihi
2140 1652 2193 1670 ma-

1143 1678 1193 1704 gna
1205 1670 1315 1702 domus,
1334 1671 1404 1697 celsis
1419 1672 1505 1706 Caput
1519 1671 1636 1699 Vrbibus
1658 1673 1722 1699 exit.
1963 1684 1986 1702 11
2023 1677 2106 1704 Habet
2120 1682 2194 1705 etiam

1142 1707 1207 1731 alias
1218 1705 1418 1742 significationes
1430 1708 1611 1743 metaphoricos
1625 1712 1652 1734 in
1665 1718 1692 1735 re
1703 1706 1812 1741 rustica.-
1832 1719 1857 1736 v.
1870 1718 1896 1746 g.
1935 1720 1974 1737 en.
1987 1711 2017 1738 in
2034 1713 2140 1740 Troad.
2149 1722 2191 1749 173

1142 1741 1255 1767 Monere
1276 1742 1356 1768 liluae
1376 1743 1475 1778 capita,
1501 1747 1519 1770 i.
1538 1747 1666 1771 cacumina
1679 1744 1738 1780 fita.
1810 1746 1925 1780 Cupreffi
1948 1747 2079 1775 inuiolata
2108 1751 2192 1784 capita

1103 530 1133 548 10

1105 704 1130 731 15

43 1784 98 1802 ec
109 1776 287 1803 controuersia
301 1775 354 1808 est,
367 1775 468 1801 notaui.
505 1776 546 1802 Sic
560 1775 627 1801 Gell.
642 1783 673 1806 11,
689 1784 717 1801 io
731 1774 803 1809 qnod
820 1775 847 1800 in
861 1775 945 1810 capite
959 1775 1076 1810 superio-
1091 1783 1124 1809 45
1142 1776 1235 1803 Claud.
1247 1777 1279 1803 de
1295 1778 1370 1813 Rapt.
1385 1780 1503 1813 Proserp.
1518 1788 1540 1812 3,
1554 1788 1613 1814 370.
1635 1783 1654 1807 i.
1678 1781 1820 1813 Florentia,
1834 1789 1857 1807 et
1872 1792 1919 1808 non
1932 1791 1990 1809 ante
2004 1784 2080 1820 caesa.
2118 1786 2192 1812 Flor.

1142 1821 1163 1844 1,
1178 1820 1204 1847 7,
1219 1821 1236 1847 7
1254 1814 1405 1840 Eminentia
1418 1815 1488 1841 forte
1503 1824 1664 1849 papauerum
1682 1816 1767 1850 capita
1786 1817 1891 1850 virgula
1905 1818 2048 1845 decutiens.
2086 1822 2117 1846 Et
2134 1831 2190 1848 rur·

1134 1849 1181 1883 fiis
1193 1849 1279 1882 Caput
1291 1849 1348 1875 allii
1364 1850 1470 1876 Colum.
1484 1853 1510 1882 6,
1524 1859 1568 1883 34,
1582 1859 1601 1877 1.
1637 1852 1713 1877 Porri
1727 1851 1801 1877 Idem
1817 1860 1850 1883 11,
1863 1860 1886 1884 3,
1901 1861 1937 1887 17.
1975 1854 2064 1889 leici
2077 1856 2144 1883 Cato
2152 1865 2190 1892 71.

1140 1885 1171 1909 In
1184 1891 1262 1917 caput
1276 1885 1368 1911 crescit
1387 1885 1488 1919 cepulla
1502 1885 1596 1912 Pallad.
1613 1886 1675 1912 Feb.
1689 1894 1735 1919 24,
1747 1894 1771 1918 3.
1809 1888 1878 1913 Hinc
1896 1889 1959 1915 vitis
1974 1896 2051 1925 caput
2059 1898 2109 1926 pro
2127 1902 2190 1919 com-

1140 1923 1209 1944 muni
1227 1919 1312 1946 radice
1332 1927 1357 1946 et
1366 1920 1465 1956 stirpe,
1483 1921 1589 1947 Colum.
1610 1929 1685 1954 3,10,
1701 1931 1720 1948 1.
1733 1929 1779 1948 etc.
1816 1924 1885 1949 Hinc
1903 1925 1926 1950 A
1946 1926 2032 1959 capite
2044 1936 2191 1963 propagare

750 1953 879 1979 Generale
891 1959 983 1987 capnt,
1003 1963 1074 1989 quae·
1091 1959 1122 1985 50
1140 1955 1206 1980 Cato
1220 1963 1255 1987 51,
1269 1964 1294 1987 2,
1303 1963 1348 1982 etc.
1385 1957 1480 1990 Capita
1495 1957 1681 1983 Castanearum
1696 1958 1803 1983 Colum.
1817 1968 1851 1991 4,
1863 1967 1902 1990 33,
1915 1968 1943 1992 4.
1958 1969 2075 1995 quantum
2095 1973 2123 1989 ex
2138 1973 2190 1990 vna

1138 1989 1252 2023 castanea
1264 1991 1360 2026 crescit.
1397 1992 1505 2018 Trunci
1518 1998 1594 2025 eaput
1606 1995 1633 2016 in
1645 1995 1713 2022 vite,
1726 1992 1769 2017 vbi
1787 1995 1814 2017 in
1825 2002 1908 2019 ramos
1921 1995 1974 2021 abit
1987 1997 2092 2024 Colum.
2107 2008 2135 2032 4,
2151 2007 2190 2034 17,

1138 2035 1158 2058 4
1179 2026 1264 2060 Caput
1276 2026 1396 2053 malleoli
1410 2027 1516 2053 Colum.
1530 2035 1552 2057 3,
1569 2031 1604 2057 13,
1618 2027 1644 2052 6.
1660 2035 1707 2061 qua
1722 2029 1800 2053 matri
1812 2027 1929 2064 absczffics
1941 2029 1991 2064 cst,
2005 2039 2035 2058 vt
2046 2033 2137 2060 mallei
2150 2044 2190 2061 ca.

1139 2068 1186 2095 put
1198 2061 1231 2093 cst
1243 2061 1318 2097 masta
1333 2063 1376 2086 illa
1388 2061 1494 2095 ferrea,
1509 2069 1569 2096 quae
1585 2062 1742 2088 manubrium
1754 2062 1835 2089 habet.

1137 2096 1316 2130 maligni-ficar
1329 2105 1353 2121 υ.
1368 2105 1391 2127 ρ.
1406 2095 1532 2122 Habcnae
1545 2096 1630 2131 capita
1643 2097 1712 2123 Cels.
1728 2102 1751 2130 8,
1765 2105 1791 2133 7.
1833 2099 1870 2126 Os
1992 2065 2014 2106 Ἴ
2039 2076 2065 2094 1²
2102 2071 2190 2097 Exue-

1890 2099 2049 2138 (fraoflum)
2069 2114 2190 2134 nonnun-

1310 2166 1314 2170 Ι
1585 2169 1594 2175 ¹
1663 2169 1667 2173 ⁵
1939 2145 1966 2173 7.
2000 2139 2090 2167 Pontis
2104 2142 2190 2177 capita

1135 2165 1222 2190 Plane.
1236 2165 1270 2190 ad
1283 2166 1340 2192 Cic.
1355 2167 1426 2194 Fam.
1441 2173 1522 2201 10,18.
1538 2175 1561 2195 et
1575 2169 1782 2196 Momm-Strat.
1796 2179 1869 2204 2„13‚
1888 2182 1910 2203 5.
1969 2176 2011 2201 Ita
2028 2174 2130 2204 Siculus
2147 2178 2189 2205 Fl-

1128 2207 1158 2236 p.
1173 2204 1191 2226 6
1205 2202 1272 2237 Gocjl
1294 2202 1410 2237 Acapite
1417 2205 1498 2239 vsqne
1509 2203 1541 2230 ad
1557 2211 1650 2239 caput,
1664 2204 1714 2246 hoc
1734 2206 1786 2246 est,
1799 2215 1815 2233 a
1828 2207 1881 2234 fine
1893 2209 2040 2245 incipiente
2054 2214 2137 2248 vsque
2154 2214 2188 2241 ad

1134 2235 1216 2263 finem
1231 2237 1400 2265 desinentem.
1438 2241 1480 2267 Si.-
1488 2240 1578 2275 paffim
1593 2247 1670 2275 caput
1686 2241 1781 2268 limitis
1794 2243 1862 2278 apud
1873 2245 2075 2279 Agrimensores
2087 2249 2121 2282 qli
2137 2256 2188 2277 ter-

1132 2275 1231 2305 minus,
1245 2276 1345 2300 initium
1359 2281 1384 2300 ετ
1387 2274 1463 2310 finis.
1507 2276 1564 2302 iisd.
1578 2286 1602 2310 p.
1618 2285 1671 2309 251.
1685 2279 1741 2304 261.
1755 2277 1816 2311 2¹99.
1831 2282 1890 2310 306.
1929 2282 1997 2308 Plin.
2012 2283 2092 2317 Epist.
2106 2292 2145 2317 10,
2159 2291 2187 2315 81

43 2307 132 2340 ratio,
147 2306 190 2334 sed
204 2307 274 2342 quasi
290 2307 373 2342 capita
385 2315 476 2333 rerum
489 2312 515 2332 et
528 2306 658 2333 orationis
672 2307 890 2333 commentarium
905 2308 995 2341 paullo
1014 2308 1067 2342 ple·
1082 2312 1117 2337 60
1133 2309 1183 2340 (al.
1198 2312 1247 2343 γε)
1268 2309 1332 2336 Sunt
1350 2319 1422 2336 enim
1441 2311 1470 2337 in
1489 2313 1574 2345 capite
1594 2312 1751 2345 Bithyniae,
1771 2315 1790 2339 i.
1806 2317 1832 2339 in
1853 2316 1932 2341 altero
1951 2321 2065 2344 termino.
2102 2321 2145 2346 Sic
2157 2329 2185 2353 2,

1134 2352 1173 2378 17,
1195 2353 1229 2370 20
1262 2345 1292 2370 In
1313 2346 1398 2380 capite
1419 2346 1486 2378 xysti
1510 2348 1730 2380 cryptoporticus.
1778 2349 1810 2374 Ec
1823 2357 1846 2382 5,
1859 2352 1886 2382 6,
1900 2359 1928 2383 19
1958 2353 1981 2378 Α
1995 2354 2082 2388 capite
2099 2356 2184 2390 porti-

1131 2388 1176 2405 cus
1190 2379 1339 2406 triclinium
1359 2381 1483 2407 excurrit.
1540 2382 1612 2408 Caes.
1627 2382 1791 2409 Eell..Ciuil.
1806 2392 1829 2416 2,
1842 2393 1858 2417 9
1894 2386 1948 2413 Vbi
1965 2390 2049 2416 turris
2069 2390 2184 2419 altitudo

1131 2414 1257 2448 perdue'ta
1270 2415 1306 2441 cst
1319 2415 1351 2441 ad
1364 2416 1627 2450 contabulationem,
1646 2427 1704 2445 eam
1718 2419 1746 2445 in
1759 2420 1871 2454 parietes
1886 2422 2068 2452 instruxerunt
2086 2427 2123 2453 ita
2132 2447 2141 2460 ,
2152 2433 2184 2454 vt

1132 2450 1215 2484 capita
1227 2450 1362 2484 tignorum
1377 2458 1494 2479 extrema
1511 2454 1643 2488 parietum
1655 2454 1786 2482 strut51ura
1800 2462 1967 2492 tegerentur,
1988 2470 2022 2488 ne
2037 2462 2184 2497 quichemi-

1514 2497 1524 2515 1
1554 2489 1594 2516 De
1618 2490 1749 2526 capitibus
1773 2492 1930 2526 vngularum
1953 2496 2060 2524 calcant.
2097 2500 2184 2527 Fossa-

1131 2529 1192 2547 rum
1211 2521 1306 2548 Pallad.
1325 2524 1390 2550 Mai.
1404 2532 1428 2556 3,
1446 2533 1468 2550 2.
1667 2524 1688 2564 q
1714 2535 1739 2559 13
1778 2528 1864 2563 Caput
1882 2530 1970 2558 facere
1989 2532 2086 2561 dicitur
2100 2536 2182 2568 ulcus,

1130 2565 1183 2583 cum
1207 2567 1321 2590 acumen,
1347 2561 1425 2586 Iocum
1443 2563 1549 2587 caeteris
1567 2565 1649 2594 magis
1674 2568 1804 2590 tumentem
1830 2571 1854 2591 et
1881 2567 2060 2603 inflammatum
2079 2574 2183 2607 accipit.

1128 2593 1194 2619 Plin.
1209 2595 1252 2625 26,
1268 2603 1295 2620 12
1309 2595 1325 2620 s.
1340 2602 1384 2631 77.
1399 2595 1427 2622 de
1456 2593 1753 2629 urunculis,'Remedio
1773 2600 1832 2626 sunt
1850 2604 2009 2635 pycnocomi
2028 2605 2097 2632 folia
2117 2608 2183 2635 trita

1128 2638 1188 2655 cum
1201 2630 1322 2663 polenta,
1336 2631 1354 2657 fi
1369 2641 1423 2658 non
1443 2641 1488 2658 um
1501 2639 1578 2667 caput
1593 2633 1714 2661 fecerint.
1752 2635 1819 2662 Idem
1832 2637 1933 2664 videtur
1946 2638 2037 2673 dicere,
2051 2642 2123 2676 quod
2137 2652 2182 2677 22,

18 2671 20 2673 .
44 2664 180 2690 ominibus
193 2664 225 2690 de
238 2664 321 2698 caphe
337 2669 465 2698 quantum
477 2664 645 2690 commodum
663 2662 761 2695 fuerit,
774 2663 900 2689 frumenti
921 2663 1064 2696 decumani,
1073 2675 1109 2702 70
1129 2672 1156 2697 25
1170 2665 1187 2691 s.
1204 2668 1238 2698 69
1257 2667 1343 2693 Etiam
1360 2667 1392 2694 acl
1405 2668 1562 2694 furunculos
1582 2670 1753 2697 maturandos
1767 2670 2000 2710 discutiendosque
2020 2678 2181 2713 imponitur,

1127 2700 1238 2736 ‹ie-faba.
1435 2702 1456 2741 ff
1478 2713 1507 2737 14
1544 2705 1630 2739 Caput
1651 2711 1775 2733 extorum
1792 2707 1854 2743 quid
1868 2708 1939 2743 effit,
1958 2711 2071 2747 disputat
2095 2715 2179 2742 Turn.

1127 2747 1159 2766 ιι,
1174 2747 1215 2772 27,
1229 2736 1263 2763 ad
1274 2737 1338 2764 illud
1349 2738 1410 2766 Liu.
1425 2744 1448 2772 8,
1463 2748 1485 2766 11
1522 2740 1606 2767 Decio
1625 2748 1702 2776 capnt
1721 2742 1847 2770 iecinoris
1860 2753 1874 2771 a
1887 2745 2018 2776 familiari
2031 2754 2105 2783 parte
2123 2759 2180 2778 cae-

1128 2773 1184 2799 suin
1197 2773 1305 2812 aruspex
1320 2774 1419 2802 dicitur
1432 2775 1577 2804 ostendisse.
1614 2779 1666 2804 Hic
1678 2785 1703 2804 et
1717 2779 1817 2813 Caput,
1830 2786 1853 2806 et
1867 2781 1928 2808 Pars
1942 2782 2083 2811 familiaris
2101 2786 2180 2814 verbo

1120 2809 1185 2844 sicut
1197 2812 1366 2845 aruspicinae,
1381 2820 1441 2847 quae
1455 2811 1508 2838 ideo
1529 2815 1611 2838 minus
1630 2814 1824 2851 intelliguntur,
1840 2817 1905 2852 quod
1920 2818 1979 2845 haec
1996 2829 2041 2846 ars
2053 2825 2135 2847 omnis
2147 2824 2177 2847 in

44 2841 147 2874 ucitur,
166 2843 184 2866 i.
198 2847 315 2876 tanquam
327 2841 357 2867 ab
370 2843 467 2878 origine
478 2841 591 2877 etfama
609 2841 745 2869 deriuatur.
782 2842 823 2869 Ab
838 2843 887 2869 illo
901 2844 985 2878 capite
999 2843 1062 2870 haec
1080 2852 1111 2880 75·
1126 2844 1307 2880 dzfiwtzcdmem
1325 2846 1424 2875 abierit.
1460 2847 1586 2875 Coniicere
1604 2855 1686 2875 tamen
1703 2853 1762 2877 licet
1768 2871 1777 2883 ,
1797 2852 1883 2886 Caput
1903 2854 2033 2882 Fibrarum
2050 2859 2078 2882 in
2097 2860 2179 2884 jecor,

1126 2883 1226 2906 initium
1236 2880 1331 2916 fmffl’:
1351 2891 1471 2918 quumque
1492 2886 1559 2910 iecur
1576 2886 1603 2910 in
1621 2884 1685 2912 duas
1696 2893 1787 2922 partes
1804 2887 1958 2923 diuiderent,
1971 2891 2131 2919 familiarem
2150 2899 2176 2922 ea

1125 2914 1264 2949 hostilem,
1285 2924 1309 2943 et
1322 2927 1333 2944 e
1340 2919 1474 2954 familiari
1483 2919 1532 2956 sua
1545 2927 1631 2947 euentu
1651 2930 1851 2958 auguramini-cr,
1868 2933 1897 2950 ex
1912 2924 1998 2958 hostili
2010 2926 2113 2959 hostium
2125 2928 2175 2964 fa-

1125 2959 1168 2985 ta,
1181 2952 1234 2979 duo
1258 2953 1344 2988 capita
1363 2961 1451 2988 crant,
1467 2964 1542 2981 vnum
1562 2955 1674 2990 hostile,
1696 2959 1800 2985 alterum
1820 2959 1968 2987 familiare:
2000 2962 2029 2987 de
2040 2963 2177 2998 familiari

1123 2988 1165 3015 bic
1178 2989 1272 3015 Liuius
1286 2992 1412 3025 loquitur:
1436 2991 1465 3017 de
1478 2989 1563 3024 hostili
1580 2992 1679 3020 Lucan.
1697 3002 1717 3026 1,
1732 2995 1777 3020 621
1804 2995 1897 3021 Cernit
1919 2995 1979 3022 tabe
1998 2997 2072 3025 iecur
2090 2999 2175 3026 madi-

1173 3061 1178 3065 *
1196 3061 1200 3065 ι
1888 3032 1919 3057 Et
1935 3033 1987 3067 627
2012 3034 2077 3061 Ecce
2096 3035 2174 3064 videt

1123 3067 1203 3094 cap1t1
1223 3060 1351 3088 fibrarum
1371 3062 1516 3090 increscere
1535 3064 1637 3090 molem
1657 3064 1775 3091 Alterius
1794 3065 1894 3100 capitis.
1933 3068 1988 3095 Cic.
2003 3068 2035 3095 de
2049 3070 2142 3097 Diuin.
2156 3081 2174 3099 2

1124 3105 1145 3123 c.
1162 3105 1186 3128 13
1202 3104 1265 3123 extr.
1285 3098 1370 3132 Caput
1389 3099 1486 3126 iecoris
1506 3107 1537 3126 ex
1555 3100 1631 3127 omni
1649 3106 1724 3134 parte
1744 3100 1937 3135 diligentissime
1956 3104 2133 3134 considerant:
2151 3106 2172 3135 fi

1122 3141 1188 3159 vero
1202 3132 1229 3159 id
1243 3142 1298 3159 non
1311 3134 1347 3161 est
1360 3134 1515 3168 inuentum,
1531 3135 1599 3162 nihil
1615 3141 1708 3170 putant
1724 3136 1844 3163 accidere
1862 3139 1973 3172 potuiffe
1991 3141 2101 3169 tristius.
2137 3144 2172 3170 Ea

1123 3177 1144 3194 c.
1160 3170 1187 3194 16
1214 3169 1254 3195 An
1275 3171 1376 3203 censes,
1389 3171 1503 3197 eundem
1521 3170 1637 3197 vitulum
1651 3171 1669 3197 si
1682 3171 1750 3197 alius
1768 3171 1910 3207 delegerit,
1924 3174 1978 3201 sine
1995 3178 2081 3211 capite
2095 3179 2171 3207 iecur.-

1123 3204 1314 3232 inuenturum?
1333 3205 1352 3232 fi
1364 3206 1445 3237 alius,
1461 3215 1521 3233 cum
1533 3207 1637 3241 capite?
1655 3207 1774 3243 Conferri
1781 3207 1862 3243 potest
1875 3209 1919 3235 illa
1925 3211 2022 3238 Lucani
2035 3213 2170 3250 descriptio

1120 3249 1174 3266 cnm
1189 3240 1247 3267 Sen.
1259 3241 1356 3276 Oedip.
1371 3244 1417 3275 356
1424 3242 1448 3278 s
1458 3252 1482 3278 q.
1502 3242 1545 3268 vbi
1564 3245 1632 3269 inter
1649 3244 1701 3269 alia
1714 3252 1738 3269 υ.
1750 3247 1798 3275 315⁰
1817 3244 1855 3270 En
1876 3246 1961 3280 capita
1973 3248 2084 3283 paribus
2103 3249 2170 3279 bina

1121 3277 1281 3311 confingunt
1301 3277 1368 3304 toris
1377 3297 1386 3310 ,
1404 3252 1456 3304 Seii
1467 3283 1610 3313 Vtrumque
1624 3278 1726 3305 caesum
1739 3279 1826 3305 tenuis
1838 3279 1975 3310 abscondit
1993 3292 2070 3319 caput
2082 3287 2169 3314 Mem-

1120 3311 1202 3339 brana
1214 3319 1260 3339 etc.
1296 3313 1358 3340 Liu.
1371 3321 1414 3349 27,
1428 3316 1459 3340 26
1483 3314 1573 3341 Prima
1586 3313 1671 3340 hostia
1682 3315 1754 3341 caesa
1767 3315 1841 3341 iecur
1858 3315 1911 3343 fine
1927 3319 2012 3354 capite
2026 3321 2169 3350 inuentum

1120 3361 1165 3367 --
1200 3347 1315 3375 Andium
1326 3350 1408 3376 etiam
1420 3349 1506 3376 visum
1519 3349 1547 3376 in
1559 3350 1652 3385 capite.
1689 3350 1763 3386 Conf.
1779 3350 1836 3378 Val.
1848 3352 1920 3380 Max.
1934 3363 1954 3388 1,
1962 3357 2013 3389 6,9
2042 3358 2090 3384 Vbi
2103 3357 2168 3393 quod

2025 3393 2101 3420 Plura
2114 3393 2166 3420 Iul.

1117 3418 1234 3454 Obsequ.
1249 3420 1281 3446 de
1295 3421 1401 3455 Prodig.
1410 3423 1452 3455 76.
1466 3428 1505 3454 95.
1532 3429 1588 3456 107.
1605 3430 1649 3447 112.
1664 3428 1709 3454 115.
1853 3422 1874 3462 ff
1887 3432 1912 3458 15
1944 3427 2039 3461 Capita
2053 3428 2164 3456 deorum

1116 3455 1328 3490 appellabantur,
1343 3456 1471 3484 Fasciculi
1487 3456 1553 3483 faeti
1567 3457 1599 3483 de
1618 3456 1749 3483 verbenis.
1773 3457 1877 3493 Festus,
1901 3463 1964 3488 Voce
1984 3470 2126 3490 sTer’Pr.

1154 3497 1226 3519 CA?
1236 3491 1249 3518 s
1257 3498 1334 3519 TAL
1342 3512 1351 3525 ,
1367 3491 1424 3518 alis.
1445 3501 1471 3519 n.
1499 3493 1580 3526 Quod
1594 3492 1772 3520 sacerdotulae
1779 3496 1859 3522 etiam
1866 3499 1972 3524 nuncin
1984 3500 2068 3533 capite
2079 3499 2164 3526 solent

1267 3529 1337 3554 Haec
1350 3529 1436 3554 Varro
1457 3527 1489 3554 de
1499 3528 1529 3554 L.
1544 3528 1574 3554 L.
1588 3537 1617 3561 4,
1631 3536 1666 3561 29
1694 3529 1715 3555 F
1716 3528 1783 3559 estus
1795 3539 1893 3566 autem,
1917 3534 2036 3604 Capita&
2067 3537 2162 3569 inquit,

2049 3578 2065 3595 2
2083 3570 2120 3596 Ca
2140 3570 2163 3597 i-

1949 3603 2052 3638 Capital
2073 3579 2162 3633 facile

1995 3639 2056 3665 Liu.
2071 3648 2115 3673 24,
2128 3649 2163 3676 3?

1881 3674 1935 3700 Effe
1957 3675 2051 3708 capital
2071 3677 2161 3711 coepit

1383 3706 1429 3732 Sil.
1445 3714 1477 3738 13,
1491 3713 1531 3745 155
1550 3706 1857 3744 Praeuetitum'namque
1868 3715 1893 3735 et
1907 3709 2016 3742 capital,
2037 3713 2161 3739 commit.

1870 3745 1946 3770 Curt.
1961 3749 1985 3776 8,
1996 3754 2022 3777 9,
2036 3755 2069 3779 34
2087 3747 2159 3775 Deos

1115 3782 1224 3811 putant,
1244 3776 1377 3812 quidquid
1396 3776 1484 3803 colere
1504 3785 1663 3812 coeperunt,
1689 3789 1718 3806 ar
1739 3789 1798 3806 ores
1819 3779 1948 3810 maxime,
1975 3789 2039 3814 quas
2054 3783 2158 3810 violare

1115 3813 1208 3848 capital
1221 3813 1265 3840 est.
1336 3813 1376 3839 Id.
1389 3817 1413 3844 8,
1426 3822 1454 3846 4,
1468 3820 1497 3847 ¹7
1514 3812 1571 3840 Illis
1589 3814 1717 3849 (Perstr)
1736 3817 1764 3841 in
1778 3815 1841 3841 sella
1851 3814 1921 3848 regis
1935 3816 2076 3844 consedisse
2089 3820 2158 3853 capi-

1113 3848 1148 3874 tal
1161 3849 1242 3876 foret.
1257 3855 1362 3884 viroque
1374 3849 1425 3874 Ioco
1438 3849 1471 3874 al.
1486 3849 1612 3883 Capitale.
1669 3850 1717 3878 Sed
1729 3849 1832 3884 Capital
1844 3856 1944 3875 tuentur
1959 3855 2048 3886 oprimi
2059 3857 2157 3890 quique.

1119 3884 1177 3911 Vid.
1194 3885 1300 3911 Tennul.
1314 3891 1338 3910 et
1352 3882 1462 3910 Oudend.
1475 3884 1511 3910 ad
1520 3885 1725 3915 Promisi-Strat-
1733 3895 1761 3921 4,
1769 3887 1796 3920 6,
1807 3893 1831 3917 3-
1863 3884 2159 3923 capitalfflbstamiuum

1117 3525 1224 3554 habere.

1114 3598 1169 3630 tal,
1194 3599 1312 3632 facinus,
1339 3599 1411 3634 quod
1429 3600 1520 3634 capitis
1542 3607 1626 3633 poena
1644 3599 1745 3634 luitur,
1771 3601 1868 3629 Festus.

1115 3633 1198 3661 Plaut.
1217 3635 1288 3662 Men.
1311 3644 1332 3668 1,
1352 3644 1370 3666 1,
1390 3637 1426 3662 16.
1498 3635 1580 3661 Merc.
1594 3643 1617 3667 3,
1635 3646 1664 3670 4,
1679 3638 1710 3662 26
1734 3637 1837 3671 Capital
1851 3638 1925 3665 facis.

1114 3669 1246 3697 Praesidio
1260 3671 1386 3698 decedere
1403 3670 1473 3704 apud
1487 3670 1621 3697 Romanos
1637 3672 1732 3706 capital
1753 3674 1809 3700 ess'e.

1115 3705 1205 3732 lustin.
1218 3715 1242 3739 2,
1255 3714 1282 3742 7,
1295 3712 1318 3737 8.

14 3911 27 3920 ”
41 3907 173 3954 1,οῑεψιιε
189 3911 303 3938 coena&
327 3911 438 3941 Sermone
452 3914 522 3943 bono.
577 3914 653 3951 Qud
665 3923 698 3942 ex
710 3916 762 3942 eo}
789 3915 817 3943 Si
830 3916 927 3951 quaes?
937 3915 1050 3946 liberum
1061 3917 1147 3956 1052st
1152 3939 1163 3954 ,
1183 3919 1303 3955 Capitale
1317 3917 1488 3958 Adiesli'uum.

1266 3962 1280 3989 5
1299 3954 1331 3982 C·
1357 3961 1378 3982 a
1395 3957 1400 3959 ·
2072 3965 2156 3988 CAPI-
