2474 4182
20 108 63 147 6,
447 89 661 135 Acc
1482 91 1804 134 ACE
2113 103 2162 142 ω.

22 192 219 223 contumeliam:
238 196 305 224 quae
318 186 336 213 fi
351 185 510 221 petulantius
523 181 644 222 iadhtur,
664 180 830 222 conuicium:
851 180 869 208 fi
883 180 1002 222 facetius,
1017 188 1059 221 νζ·
1547 184 1574 217 A
1624 185 1651 217 C
1699 185 1727 218 E

22 231 121 259 bansta,
135 225 295 253 nominatur.
337 223 393 249 Cic.
406 223 480 248 Verr.
496 228 514 251 1,
524 227 559 258 ¹43
585 218 642 244 Suis
662 226 722 257 cum
736 225 813 244 certis
828 225 996 253 propriisque
1009 225 1059 244 cn-

23 264 137 294 minibus
150 259 283 288 accumbo.
320 258 440 285 Inuidiae
454 255 564 282 crimme
577 254 689 279 accusar1
704 253 772 287 Nep.
785 263 813 287 4,
827 262 853 289 7,
868 263 886 280 1.
935 254 1057 286 Collegae
1147 254 1172 279 ,Α
1181 255 1222 279 CE
1231 256 1315 283 ma,
1335 257 1381 283 ac,
1403 250 1521 278 Graecum
1534 252 1568 286 est
1581 252 1683 290 ἐκηδῖα,
1701 256 1791 282 Latine
1804 255 1950 288 Securitas,
1970 259 2029 283 item
2041 257 2162 292 pigritia,

23 302 77 329 eius
90 299 138 325 hoc
152 297 265 324 crimine
278 294 461 321 accusabantur
479 290 515 317 Id.
531 298 564 322 ις,
578 295 601 320 8.
617 297 634 315 1·
669 289 725 315 Cic.
739 289 770 315 de
785 290 875 322 tina,
889 297 923 324 27
931 298 976 322 c.9
994 289 1057 314 Eam
1112 287 1225 327 inertia,
1240 286 1377 319 socordia,
1391 288 1449 313 Cic.
1464 288 1562 320 Att.12,
1575 297 1616 322 45.
1654 289 1753 321 Ἀκηδία
1768 298 1811 318 tua
1827 301 1868 318 me
1882 299 1988 323 mouet;
2009 294 2052 318 etsi
2069 293 2162 320 scribis

23 343 145 370 tanquam
165 333 258 367 capitis
283 331 389 357 accuset.
430 327 478 353 Rei
490 325 607 360 capitalis
620 326 696 351 Verr.
712 333 727 351 2
740 334 761 351 c.
776 331 814 355 28.
862 326 943 352 Plaut.
962 322 1058 357 Amph.
1075 324 1090 350 5
1112 323 1182 349 nihil
1196 323 1253 349 eu’c.
1295 323 1460 358 Torpcdinem
1474 327 1654 358 imm-pretatur
1663 329 1803 358 Manmiur,
1821 337 1879 363 quae
1893 336 1922 353 ex
1939 329 2110 362 Hippocratis
2125 329 2163 355 di·

21 381 35 406 3
58 380 66 398 ι
92 379 120 396 10
138 370 226 403 Quam
239 367 282 393 vir
295 367 422 392 insontem
430 361 523 396 probri
536 359 698 395 Amphitruo
712 362 818 387 accusat.
855 361 909 388 Cic.
922 367 971 394 pro
979 358 1057 398 Sylla,
1107 360 1219 395 sciplina
1240 358 1335 398 morbos
1354 359 1492 398 praecedit.
1537 361 1606 394 ‚Qwe’
1625 362 1692 394 apud
1710 367 1839 398 AJt-eticos
1852 364 1990 400 scriptores
2002 368 2039 397 Jlt
2053 365 2162 397 Acedia,

36 392 45 405 ³
70 391 78 403 '
123 405 179 438 Qu
192 404 305 431 alterum
318 397 504 428 coniurationis
519 397 624 422 accuset.
661 396 783 423 Ambitus
800 397 911 431 Cic.pro
919 394 1014 421 Coelio
1023 395 1058 433 .¹⁶·
1113 403 1185 431 quam
1204 394 1341 419 Acc1d1a1n
1362 394 1599 433 vitiose-scribunt,
1627 397 1725 421 aliunde
1743 400 1873 432 permultam
1889 410 1896 424 .·
1916 400 2037 430 breuiter,
2066 402 2165 435 'Iorpor

24 444 84 470 [tem
101 440 322 467 Inter-Sicarioset
329 436 359 462 de
366 432 629 461 Veneficiisaccusare
637 432 692 458 Cic.
702 442 751 467 pro
760 433 920 459 Rosc.A1ner.
927 438 971 462 90.
998 430 1058 455 Liu.
1114 430 1213 466 quidam
1227 437 1250 455 et
1263 437 1379 455 veternus
1391 432 1456 464 quast
1474 433 1572 460 mentis,
1586 433 1629 465 qui
1636 430 1745 465 jastitlzt
1758 431 1840 459 aslum
1853 444 1945 461 omnem
1958 435 2100 471 religio-jum
2115 442 2164 462 etc.

24 486 55 506 η,-
85 461 93 503 .'
113 496 119 503 .
139 476 250 510 Aliquot
263 478 391 500 matronas
401 468 468 503 apud
476 468 601 502 populum
610 467 703 502 probri
712 469 868 495 accusarunt.
905 464 1058 504 Gri11¹isslme
1152 472 1199 492 AC
1209 472 1224 491 Ε
1235 471 1252 491 D
1262 472 1299 492 10
1309 473 1345 498 R,
1366 467 1415 492 ari.
1454 466 1558 499 Vulgat.
1574 465 1655 491 Sirac.
1669 468 1695 498 6,
1708 475 1741 492 22
1762 475 1785 492 et
1801 477 1843 500 22,
1859 476 1891 499 ιε.

22 496 139 548 asi'quem
161 512 215 538 Cic.
229 511 280 538 Att.
293 506 340 533 lib.
354 514 385 537 11,
405 513 427 536 13
441 510 466 530 et
481 512 514 536 15,
527 512 556 529 n.
592 503 639 530 Sul
651 504 706 530 Cic.
721 506 791 530 Fam.
805 513 826 536 3,
840 511 860 529 ιι
874 501 930 540 ¹Te
950 501 1059 526 Leniter
1072 505 1101 522 10
1152 499 1173 527 Ᾰ
1183 507 1285 528 CENT
1296 502 1388 533 Ε’ΤΛ,
1408 500 1571 535 [οἷκέντητα]
1601 502 1657 527 Sine
1673 501 1779 527 Pma‘tis
1792 511 1833 528 aut
1848 505 1953 533 Centris.
1987 507 2027 534 Sic
2042 507 2166 542 appellan-

23 550 142 577 3ccus3ns
156 548 184 574 jn
196 555 237 577 eo,
255 541 326 578 quod
338 541 369 567 de
382 549 423 566 me
435 540 489 565 cito
502 538 657 566 credidisses.
714 540 835 566 Liberius
848 537 903 563 Cic.
918 537 988 563 Fam.
1003 545 1022 568 1,
1040 544 1058 561 ι.
1113 544 1156 563 tur
1169 539 1285 572 puriores
1298 535 1420 570 crystalli.
1457 536 1523 562 Plin.
1537 544 1578 570 37,
1592 545 1607 562 2
1628 537 1647 562 s.
1662 544 1691 562 10
1712 536 1744 563 de
1759 536 1901 571 crystallis,
1923 543 1981 568 Hoc
1998 545 2088 568 „nsum
2101 543 2165 569 arti.

24 585 85 612 Ter
114 585 207 611 Heaut.
221 587 312 612 1,1,49
330 575 459 610 Quotidie
472 575 630 602 accusabam.
786 575 805 612 *j
828 582 843 599 2
869 572 995 598 lateram
1010 579 1058 597 non
1113 573 1175 599 tices
1190 572 1319 598 caelatura
1335 572 1476 598 occultant.
1509 574 1586 605 Qae
1601 580 1665 598 vero
1677 572 1730 598 fine
1741 572 1813 598 vitio
1829 575 1895 606 suut,
1903 584 1979 608 puras
1993 579 2040 603 effe
2055 578 2166 610 malunt,

24 621 58 650 ad
67 605 201 656 pivfhnam,
214 614 261 650 fit!
273 612 307 640 ad
318 622 382 642 rem,
400 613 442 638 vel
454 614 542 637 vitium
555 611 682 646 resti-tur,
701 618 730 637 vt
743 609 864 637 Accusare
878 608 1018 633 auaritiam
1033 613 1059 633 et
1113 614 1230 635 acenteta
1246 607 1420 642 appellantes,
1440 610 1458 634 i.
1474 617 1534 644 quae
1542 608 1627 643 ſszlpri
1642 605 1740 643 punffa
1758 618 1808 634 mm
1820 610 1968 645 Jcnjermzt,
1991 614 2033 638 vbi
2046 616 2111 640 mail
2123 623 2167 641 ars·

44 655 161 683 erfidiam
200 652 267 685 Nep.
292 649 384 681 Lysan.
412 653 478 674 extr.
532 647 643 681 Culpam
673 647 781 673 alienam
819 643 927 676 Quintil.
943 652 974 675 11,
988 652 1007 675 1,
1023 648 1057 673 81.
1111 646 1255 671 occultatur.

26 666 237 726 besperationem
256 685 312 711 Cic.
326 685 395 710 Fam.
409 685 435 716 6,
450 692 467 709 1.
502 682 584 709 Plaut.
600 684 680 709 Merc.
694 692 719 715 2,
727 691 748 714 3,
761 686 787 712 85
804 681 892 713 Quam
906 686 977 705 tuam
985 688 1059 705 accu-
1072 681 1097 706 ῖς
1151 679 1271 711 Acco,
1297 678 1343 711 ui,
1364 681 1417 705 fite.
1451 677 1559 713 [ὅξῖζω]
1602 680 1686 705 Aoere
1706 681 1791 706 vinum
1813 679 1922 711 dicitur,
1942 690 1995 707 cum
2014 685 2040 708 in
2064 691 2167 711 acetum

27 729 78 756 sari
90 724 179 753 Fidem
199 720 286 748 Multo
299 719 417 754 aedepol,
437 718 453 745 si
468 718 533 752 quid
548 719 696 745 faciendum
709 716 743 743 est
755 716 840 741 facere
858 715 948 741 damni
967 724 1058 741 mauo-
1114 715 1280 752 degenerauit.
1319 716 1387 741 Cato
1402 715 1435 741 de
1448 715 1479 741 R.
1489 715 1520 740 R.
1537 719 1613 748 c.148
1635 715 1700 741 Vini
1714 715 1741 741 in
1757 715 1845 741 culeos
1860 715 1972 750 singulos
1987 718 2167 753 quadragenae

26 763 53 790 10
96 760 152 788 Cic.
165 758 196 785 de
209 758 255 784 Or.
271 764 291 789 1,
303 757 357 789 246
411 755 537 781 inertiam
557 753 763 781 adolescentium.
817 751 930 785 Operam
945 751 1061 777 accusari
1114 758 1141 778 et
1154 751 1269 785 fingulae
1282 759 1365 777 vrnae
1384 749 1532 783 dabuntur,
1554 751 1626 785 quod
1641 760 1727 786 neque
1744 756 1832 783 accat,
1852 760 1938 786 neque
1959 760 2070 779 muceat.
2108 757 2166 790 le,

26 783 79 826 ntin
91 796 170 822 sinam
184 801 269 819 meam
287 791 368 818 Plaut.
382 791 462 817 Merc.
479 799 501 823 3,
517 799 536 823 1,
558 798 598 824 23.
648 787 764 816 Tabulas
777 787 890 813 accusari
904 787 998 813 scimus
1011 787 1059 813 effe
1113 788 1132 814 l.
1146 796 1162 821 9
1184 786 1207 821 6.
1220 786 1267 813 vlt.
1303 785 1335 812 D.
1351 786 1384 812 de
1402 786 1520 812 contrah.
1536 792 1598 812 emt.
1635 786 1662 812 Si
1683 786 1766 813 modo
1786 787 1880 813 vinum
1901 787 1981 813 acuit.
2018 789 2066 815 ,sea
2079 790 2122 816 hoc
2136 791 2170 817 ad

26 833 145 863 vfitatum
163 827 295 863 Qtnctil.
310 835 332 860 5,
347 834 370 860 5,
385 835 401 852 1.
438 826 556 853 Scribon.
567 835 609 860 114
627 821 1059 858 Aquibusdam—cius(medica-
1114 820 1213 850 Acesco
1231 825 1305 849 etiam
1320 825 1439 857 pertinet.

24 867 118 899 menti)
138 865 196 893 Vsus
209 863 350 894 accusatur,
374 861 445 896 quast
458 871 565 888 nocuus,
602 861 654 888 Cic.
668 867 686 884 1.
706 858 759 884 Att.
781 860 798 884 6
815 858 879 885 Non
893 859 1058 885 committam
1069 871 1105 890 20
1152 864 1318 890 ACESCO,
1338 861 1391 884 ere.
1419 857 1574 892 [ὀξύνομαι]
1610 857 1719 884 Acidum
1733 857 1804 893 fieri.
1843 858 1975 885 Columel.
1990 867 2027 892 12,
2042 862 2087 893 26,
2103 868 2112 886 1
2140 862 2170 887 In

23 897 137 940 posthac,
155 906 183 928 vt
202 908 244 927 me
267 899 384 926 accusare
404 897 436 924 de
449 898 615 932 epistolarum
628 893 786 928 negligentia
801 894 882 928 poffis.
937 894 993 921 Cic.
1009 896 1061 921 Att.
1116 904 1171 930 quo
1184 902 1248 929 agro
1263 894 1356 921 vinum
1370 895 1488 920 acescere
1500 894 1576 920 solet.
1614 894 1683 920 Hor.
1697 894 1776 928 Epist.
1786 902 1806 926 1,
1820 902 1846 926 2,
1861 903 1893 927 54
1920 895 2057 922 Sincerum
2072 895 2107 921 est
2121 896 2170 922 nisi

24 949 36 968 ι
73 947 81 965 ι
103 939 162 965 Hoc
177 936 209 963 ad
229 942 255 962 te
275 933 378 969 scripsi,
399 934 472 968 quod
487 935 507 960 is
521 942 562 960 me
574 930 690 958 accusare
708 929 777 956 dete
793 930 901 956 solebat.
939 931 996 957 Cic.
1013 939 1062 965 pro
1118 940 1179 963 vas,
1200 929 1377 965 quodcunque
1399 929 1536 962 infundis,
1557 929 1659 955 acescit.
1703 930 1799 956 Pallad.
1817 939 1839 962 3,
1858 938 1898 962 25,
1913 938 1935 957 ιι
1968 932 2065 957 Hieme
2084 932 2172 965 durat,

26 960 94 1008 831111
107 976 137 1005 63
151 982 173 999 c.
186 981 219 999 22
260 971 347 1005 Atque
367 970 395 996 in
411 978 441 995 ca
453 979 482 996 re
495 978 541 1004 per
553 966 663 994 Lucium
677 965 824 994 Caecilium
837 966 906 998 Sylla
918 967 1061 992 accusatur.
1118 966 1162 994 sed
1182 967 1268 1001 prima
1285 966 1382 992 acescit
1395 966 1505 998 aestate,
1525 966 1626 992 Vinum
1646 965 1678 992 de
1695 966 1770 1000 piris.
1809 967 1876 992 Plin.
1889 974 1933 998 20,
1949 974 1977 999 14
1998 967 2016 992 s.
2033 976 2058 999 33
2081 968 2172 994 Menta

24 1010 152 1038 Accusare
165 1007 280 1035 inuicem
308 1005 439 1039 Quinetil.
451 1013 477 1040 7,
499 1013 523 1036 2,
542 1011 569 1034 19
582 1007 606 1027 et
621 1010 659 1033 23.
711 1001 931 1028 Plaut.Trinum.
947 1011 972 1035 1,
993 1011 1019 1035 2,
1033 1010 1064 1034 59
1118 1003 1236 1029 acescere
1256 1016 1301 1022 -
1321 1000 1360 1028 lac
1375 1011 1429 1028 non
1444 1002 1553 1036 patitur.
1588 1002 1648 1036 le.
1662 1001 1678 1027 l.
1694 1007 1719 1032 18
1743 1002 1774 1028 Ι).
1791 1001 1823 1027 de
1836 1001 1918 1028 Peric.
1932 1007 1958 1027 et
1972 1011 2115 1029 commodo
2131 1003 2173 1029 rei

23 1045 73 1073 Sed
87 1052 114 1072 tu
128 1053 159 1071 cx
173 1043 265 1070 amicis
278 1043 356 1069 certis
369 1041 437 1067 mihi
450 1050 475 1067 es
488 1037 644 1065 certillimus.
688 1036 715 1063 Si
729 1037 793 1072 quid
807 1038 854 1064 scis
868 1046 910 1063 me
922 1038 1010 1064 fecisse
1023 1038 1062 1063 in·
1073 1038 1104 1064 25
1119 1038 1255 1070 venditae,
1275 1037 1303 1064 Si
1317 1038 1412 1064 vinum
1426 1037 1566 1064 venditum
1580 1037 1691 1070 acuerit,
1704 1037 1747 1064 vel
1761 1037 1827 1072 quid
1842 1037 1914 1063 aliud
1930 1038 1992 1064 vitii
2005 1038 2172 1065 sustinuerit:

23 1082 89 1109 scite
107 1086 150 1108 aut
169 1079 292 1114 improbe
304 1098 312 1111 ,
341 1077 358 1103 li
380 1077 407 1104 id
427 1084 467 1103 me
485 1083 538 1100 non
556 1073 672 1105 accusas,
693 1079 749 1100 tute
768 1074 821 1108 ipse
835 1073 1015 1108 obiurgandus
1027 1083 1062 1100 es.
1118 1077 1136 1101 i.
1145 1072 1250 1111 fat-”ium
1257 1073 1344 1109 fuerit
1356 1073 1470 1104 acidum,
1484 1083 1579 1099 acorem
1595 1076 1760 1099 contraxerit.

61 1122 282 1147 Accvsnns,
299 1114 541 1141 ACCVSATVS‚
563 1115 842 1142 AccvsANDvs,
856 1110 966 1136 Particc.
1003 1109 1061 1136 Cic.
1154 1114 1374 1141 Aersceus,
1401 1108 1575 1143 [ἐξυνόαενος]
1612 1109 1678 1135 Plin.
1696 1117 1738 1141 ιι,
1754 1111 1782 1135 ι6
1809 1110 1931 1142 Quarum
1948 1109 2077 1135 iniuriam
2093 1109 2173 1137 celer.

24 1155 79 1181 Δια.
93 1161 126 1185 9,
145 1160 157 1184 5
178 1151 258 1178 Venit
271 1149 303 1176 ad
317 1157 359 1177 me
372 1149 408 1181 Q
419 1145 519 1178 Fufius,
540 1144 621 1171 scelus
633 1146 753 1171 accusans
771 1145 906 1180 Pompeii,
926 1145 1064 1172 leuitatem
1118 1146 1188 1173 rime
1204 1145 1321 1172 sentiunt
1333 1144 1478 1177 mella,vel
1492 1145 1607 1171 minimo
1626 1144 1699 1171 taGhi
1706 1145 1776 1171 roris
1785 1146 1938 1171 acescentia.
1976 1145 2014 1170 Id.
2026 1153 2092 1178 11‚35
2115 1146 2173 1178 1341

25 1196 52 1217 et
65 1187 203 1216 stultitiam
216 1187 326 1213 senatus.
375 1183 415 1210 Jd.
429 1181 460 1208 de
473 1182 529 1207 Fin.
545 1190 571 1213 1,
592 1189 622 1213 32
648 1182 682 1207 Vt
695 1181 873 1216 perspichtis,
894 1182 963 1208 vnde
977 1182 1064 1208 omnis
1120 1182 1218 1209 Rursus
1238 1180 1291 1207 alia
1311 1188 1406 1215 genera
1424 1180 1540 1207 culicum
1560 1180 1678 1207 acescens
1697 1188 1790 1207 natura
1808 1181 1911 1215 gignit,
1933 1184 1952 1206 ι’.
1972 1188 2078 1211 acetum,
2097 1183 2174 1207 iruer-

25 1225 74 1252 iste
86 1232 163 1250 error
175 1230 249 1249 natus
263 1221 293 1248 s1t
305 1219 462 1254 voluptatem
476 1216 660 1243 accusantium.
698 1217 771 1244 Idem
783 1216 815 1243 de
827 1218 888 1252 Opt.
904 1218 971 1244 Gen.
987 1218 1063 1244 Orat.
1074 1219 1106 1243 30
1116 1225 1187 1253 prete
1203 1217 1335 1243 Harduino
1350 1226 1379 1243 ex
1393 1217 1472 1243 Arist.
1487 1217 1522 1242 H.
1534 1217 1565 1243 A.
1581 1224 1603 1249 ς,
1620 1221 1654 1246 18-
1692 1218 1723 1243 Et
1735 1225 1775 1249 23,
1790 1225 1806 1242 2
1828 1217 1846 1243 s.
1862 1222 1893 1246 28
1915 1218 2026 1243 Acetum
2040 1216 2175 1244 scillinum

24 1267 55 1289 21
75 1259 215 1287 Aeschines
229 1267 243 1285 a
255 1255 425 1284 Demosthene
439 1253 529 1288 capitis
543 1252 595 1285 suit
607 1253 748 1279 accusatus.
803 1252 842 1279 Id.
856 1253 953 1288 fragm.
968 1262 1016 1288 pro
1032 1253 1063 1280 C.
1119 1253 1225 1289 prodest
1245 1252 1424 1279 acescentibus
1444 1251 1529 1285 cibis,
1549 1256 1568 1279 ι’.
1583 1259 1672 1278 contra
1687 1256 1812 1288 pituitam
1832 1255 1929 1279 acidam
1948 1255 2146 1289 regurgitantcm
2162 1261 2175 1278 e

27 1295 135 1325 Cornel.
150 1305 174 1330 p.
190 1303 240 1327 430
253 1299 318 1320 extr.
352 1291 435 1317 Gron.
449 1290 475 1316 P.
495 1289 634 1315 Africanus
653 1302 699 1308 ——
718 1297 773 1315 non
786 1289 870 1315 solum
883 1298 897 1315 a
913 1289 1063 1324 sapientiffi-
1120 1291 1267 1316 ventriculo.

27 1333 79 1360 mis
92 1330 261 1362 hominibus,
282 1327 328 1363 qui
348 1333 404 1353 tum
423 1330 512 1357 crant,
533 1333 626 1351 verum
644 1324 723 1351 etiam
738 1333 754 1352 a
766 1325 791 1350 se
804 1325 861 1359 ipso
875 1325 950 1360 saepe
961 1326 1064 1351 accusa·
1155 1331 1274 1357 ACOR,
1289 1325 1360 1357 oris,
1374 1333 1410 1350 m.
1432 1323 1556 1359 [ἐξά-της]
1581 1324 1659 1359 Sapor
1672 1322 1774 1354 acidus,
1789 1329 1819 1350 vt
1832 1327 1859 1349 in
1872 1326 1931 1350 vino
1942 1324 2073 1360 postquam
2092 1326 2174 1349 acuit:

26 1374 68 1395 tus
81 1367 117 1393 est
126 1387 134 1399 ,
154 1365 225 1401 quod
238 1365 316 1400 passus
330 1363 388 1388 esset
401 1369 445 1388 etc.
481 1359 548 1388 Add.
562 1361 630 1395 Nep.
644 1369 673 1393 4,
693 1369 726 1393 2,
747 1362 764 1386 6
781 1367 804 1387 et
817 1363 843 1393 6,
865 1369 887 1393 3,
901 1371 920 1394 4
940 1367 963 1388 et
977 1369 1031 1395 1,7‚
1041 1368 1062 1393 5.
1117 1365 1175 1389 item
1191 1364 1217 1387 in
1233 1362 1296 1386 malo
1305 1363 1397 1395 punico
1406 1379 1412 1391 ‚
1433 1370 1456 1386 et
1469 1362 1529 1386 aliis
1541 1360 1613 1386 rebus
1627 1360 1724 1387 acidum
1731 1360 1831 1395 jaccum
1844 1360 1997 1386 habentium.
2036 1360 2134 1385 Vinum
2148 1360 2176 1385 in

27 1404 87 1431 Cic.
99 1402 132 1429 de
146 1403 197 1429 LL.
211 1410 240 1434 3,
259 1409 291 1427 22
318 1398 366 1425 Sed
379 1397 415 1424 est
429 1397 536 1432 iniqua,
551 1396 580 1423 in
593 1397 666 1423 omni
678 1405 708 1422 re
720 1396 878 1429 accusanda,
899 1397 1067 1433 praetermis-
1078 1397 1107 1425 35
1120 1405 1226 1425 acorem
1239 1396 1420 1431 corrumpitur
1437 1395 1558 1422 Macrob.
1568 1403 1606 1430 17,
1621 1404 1657 1422 12.
1695 1395 1827 1422 Columel.
1841 1404 1853 1427 3
1863 1416 1870 1428 ‚
1887 1404 1930 1427 21,
1948 1404 1959 1428 5
1982 1397 2016 1421 Vt
2029 1402 2074 1421 aut
2089 1396 2176 1421 serum

27 1439 59 1467 fis
70 1438 164 1471 bonis,
184 1437 313 1464 malorum
325 1433 504 1465 enumeratio,
523 1432 705 1467 vitiorumque
717 1432 835 1459 selectio.
1121 1433 1241 1462 fruchim
1267 1441 1327 1459 cum
1347 1440 1474 1466 praecoce
1495 1434 1599 1458 eleuet:
1631 1440 1697 1465 quae
1722 1439 1763 1457 res
1787 1440 1850 1457 mox
1870 1439 1976 1456 acozcm
1995 1431 2069 1456 tacit.
2125 1431 2177 1456 Lac

67 1477 318 1503 ACCVSATOk,
339 1471 369 1496 is.
391 1469 552 1503 [xoevnyc'pos,
572 1467 584 1494 ὃ
597 1466 698 1502 διώκων]
724 1468 782 1495 Cic.
797 1468 829 1495 de
843 1469 902 1496 Fin.
916 1477 942 1502 1,
956 1477 987 1502 50
1000 1478 1023 1495 c.
1037 1470 1066 1495 16
1121 1470 1236 1497 vitiatur
1248 1476 1326 1495 acore
1351 1467 1391 1494 Id.
1407 1476 1445 1499 12,
1459 1476 1494 1499 13,
1510 1476 1528 1494 1.
1549 1475 1655 1494 acorem
1671 1467 1790 1501 concipit
1803 1466 1842 1492 Id.
1857 1474 1885 1500 7,
1894 1472 1916 1498 23,
1929 1475 1948 1492 ι.
1988 1467 2098 1492 {seruet
2113 1466 2178 1492 cella

29 1510 185 1544 Plerumque
198 1506 382 1543 improborum
395 1504 463 1531 sae'ta
476 1504 588 1538 suspicio
602 1503 764 1538 insequitur,
775 1504 871 1531 deinde
885 1505 972 1532 sermo
987 1511 1066 1540 atque
1123 1506 1163 1534 Id.
1177 1514 1214 1538 12,
1228 1508 1261 1536 ιε,
1275 1512 1296 1537 3.
1333 1503 1465 1530 Iucundus
1479 1512 1542 1530 acor
1556 1504 1584 1529 in
1597 1503 1664 1529 cibis
1679 1501 1811 1536 Qffluffil,
1828 1511 1854 1535 9,
1868 1510 1891 1533 3,
1905 1510 1948 1536 27,
1987 1502 2052 1527 Ρῑῑῃ,
2061 1502 2139 1536 ijst,
2150 1510 2177 1536 7,

31 1547 118 1578 sama,
139 1552 194 1572 tum
209 1543 356 1573 accusator,
377 1546 433 1566 tum
446 1540 532 1566 iudex.
571 1540 627 1567 Cic.
636 1549 683 1575 pro
697 1541 773 1568 Rosc.
788 1541 847 1567 Am.
862 1550 884 1567 c.
900 1550 934 1568 20
957 1542 1067 1567 Accusa-
1123 1550 1135 1574 3
1161 1547 1227 1568 extr.
1246 1546 1276 1567 vt
1295 1539 1507 1566 iucundissimum
1524 1548 1604 1573 genus
1620 1539 1692 1565 vitae
1708 1538 1842 1564 nonnullis
1856 1538 1992 1563 internum
2007 1539 2076 1572 quali
2093 1538 2177 1564 acori-

28 1587 99 1609 tores
117 1580 165 1605 esse
185 1579 213 1604 in
234 1577 341 1604 ciuitate
353 1575 465 1607 multos,
484 1574 549 1601 vtile
567 1575 618 1608 est,
639 1581 668 1602 vt
681 1582 753 1603 metu
770 1577 938 1604 contineatur
950 1577 1109 1608 audacia.40
1122 1578 1171 1605 bus
1186 1576 1303 1603 condias.
1341 1575 1492 1602 Periculum
1512 1575 1599 1602 acoris
1618 1575 1764 1609 praestare,
1786 1573 1803 1600 l.
1826 1573 1844 1600 fi
1865 1574 1924 1608 quis
1944 1574 2007 1600 vina
2028 1574 2060 1599 D.
2075 1574 2106 1599 dc
2122 1582 2177 1608 per.

27 1615 170 1644 Accusator
199 1613 231 1639 de
261 1612 306 1639 via
336 1612 406 1638 citur
426 1610 613 1637 consuetudine
625 1612 744 1646 antiqua.
781 1613 878 1640 Festus.
892 1613 945 1640 vid.
962 1620 1068 1640 REVS.
1124 1620 1151 1641 et
1165 1622 1233 1640 com.
1248 1613 1288 1639 rei
1304 1618 1364 1638 ven.

27 1649 102 1686 de
118 1650 184 1676 valet
205 1649 254 1683 (vt
266 1647 344 1684 censu
363 1647 512 1681 Turnebus)
526 1654 688 1683 accujatorem
698 1657 773 1674 reum
784 1652 863 1675 citari
873 1649 902 1675 de
915 1652 958 1675 via
967 1669 973 1680 ,
994 1656 1017 1675 et
1030 1649 1071 1675 rei
1161 1656 1210 1677 Ac
1219 1657 1229 1676 1
1238 1656 1256 1676 D
1266 1655 1288 1675 V
1296 1655 1309 1675 S
1318 1668 1327 1681 ,
1349 1654 1395 1675 AC
1404 1654 1414 1673 1
1423 1653 1442 1674 D
1452 1653 1498 1673 VI.
1508 1653 1560 1673 Vs.
1597 1645 1652 1673 vid.
1674 1646 1721 1673 suo
1735 1646 1804 1672 loco.

25 1689 122 1713 nomine
135 1686 264 1711 contineri.
320 1684 351 1711 In
365 1683 456 1715 editis,
478 1683 517 1709 De
530 1683 560 1709 vi
572 1684 672 1710 accitur
680 1683 804 1719 scriptum
818 1683 860 1718 est.
905 1686 962 1712 Cic.
977 1686 1069 1712 Partit.
1161 1683 1234 1713 ᾸΟΕ
1244 1692 1263 1711 R
1274 1705 1282 1716 ,
1302 1684 1394 1710 aceris.
1414 1692 1440 1709 n.
1477 1681 1662 1717 [σφένδαμγος]
1682 1683 1767 1709 Arbor
1784 1682 1813 1708 de
1827 1690 1875 1718 qua
1887 1680 1987 1708 Plinius
2002 1681 2031 1708 t6
2038 1702 2047 1715 ,
2068 1689 2094 1713 ι,-
2108 1682 2126 1708 s.
2145 1682 2180 1708 26

26 1729 68 1750 110
108 1721 290 1747 Accusatorem
312 1727 362 1754 pro
381 1719 456 1745 omni
474 1718 564 1745 actore
586 1725 612 1745 et
630 1721 744 1753 petitore
762 1729 842 1755 pono.
864 1723 991 1748 Nimirum
1004 1724 1070 1748 alias
1125 1722 1192 1748 Acer
1217 1721 1293 1747 tiliae
1313 1719 1370 1746 fere
1391 1718 1594 1753 amplitudinis,
1614 1727 1726 1753 operum
1750 1718 1879 1752 elegantia
1899 1727 1927 1744 ac
1940 1718 2085 1744 subtilitate
2102 1717 2181 1744 cedro

27 1755 175 1791 distinguit,
197 1764 226 1782 vt
243 1756 384 1782 Accusator
396 1754 434 1789 fit
452 1758 479 1780 in
497 1755 571 1790 cataefiz
584 1755 699 1789 publica,
717 1757 818 1783 Petitor
837 1760 865 1782 in
883 1761 995 1793 priuata.
1015 1757 1106 1789 vid.43
1125 1757 1276 1785 secundum.
1350 1755 1432 1782 Ouid.
1447 1756 1540 1779 Amor.
1555 1762 1581 1785 1,
1602 1763 1642 1785 11,
1663 1756 1698 1779 26
1728 1753 1913 1785 Subscribam,
1935 1754 2034 1780 Veneri
2048 1753 2112 1779 fidas
2129 1753 2181 1779 tibi

28 1802 78 1829 pro
90 1789 197 1826 Qun&
212 1801 233 1818 c.
248 1800 281 1824 13.
317 1790 389 1817 Idem
404 1790 456 1817 Off.
470 1799 486 1817 2
500 1799 521 1816 c.
537 1799 566 1823 14
587 1791 617 1817 Id
629 1800 689 1817 cum
702 1792 878 1826 periculosum
893 1793 939 1828 ipsi
954 1794 999 1826 est,
1013 1800 1070 1820 tum
1125 1793 1199 1821 Naso
1214 1790 1321 1819 tabellas
1365 1789 1476 1815 Dedicat
1490 1798 1496 1813 :
1533 1794 1558 1826 at
1572 1795 1656 1821 nuper
1667 1787 1722 1812 vile
1735 1788 1823 1813 fuistis
1838 1796 1904 1813 acer.
1950 1789 2055 1822 Nempe
2087 1789 2115 1813 dt
2135 1794 2182 1815 hac

29 1828 164 1856 sordidum
177 1827 210 1855 ad
221 1827 318 1855 famam
327 1847 336 1859 ,
364 1826 531 1852 committere
544 1833 574 1853 vt
586 1828 721 1854 accusator
740 1829 896 1862 nominere,
918 1830 991 1864 quod
1009 1838 1071 1855 con·
1125 1830 1213 1856 arbore
1225 1827 1326 1853 Plinius
1340 1825 1356 1849 l.
1373 1833 1396 1849 c.
1410 1824 1483 1848 [ntra
1497 1822 1638 1856 pugillares
1644 1841 1653 1854 ,
1675 1821 1860 1861 leftorumque
1880 1823 1977 1848 lilicios
1991 1830 2036 1850 aut
2050 1823 2179 1857 laminas,

28 1865 91 1900 tigit
103 1865 140 1891 M.
154 1864 244 1890 Bruto.
297 1863 438 1889 Accusator
449 1863 517 1888 Acer
529 1868 555 1888 ct
568 1863 684 1890 Acerbus
698 1864 792 1890 Cic.in
799 1865 882 1891 Bruto
890 1867 941 1896 136.
978 1865 1073 1890 Distti-
1126 1872 1189 1891 raro
1202 1863 1249 1887 vsu
1262 1860 1401 1898 speciatum
1461 1859 1490 1883 Et
1505 1867 1526 1883 c.
1541 1866 1572 1890 43
1593 1859 1611 1883 s.
1633 1862 1667 1890 84
1724 1859 1753 1883 ln
1771 1858 1881 1897 laminas
1903 1859 2021 1897 secantur
2037 1860 2125 1898 'aceris
2140 1868 2182 1892 ge-

30 1901 101 1929 ἑὶὶοι·
112 1901 243 1926 accusator
257 1901 275 1925 i.
291 1901 402 1926 Seuerior
415 1898 506 1925 Tacit.
521 1898 590 1924 Ann.
603 1908 637 1931 4,
658 1901 697 1930 36.
735 1900 855 1930 Firmus,
875 1902 918 1933 qui
928 1900 995 1925 nihil
1001 1902 1074 1923 timet
1127 1906 1191 1923 nera
1203 1902 1251 1922 etc.
1289 1895 1367 1922 Plura
1378 1902 1434 1919 eius
1446 1901 1550 1926 genera.
1588 1892 1685 1918 Album
1699 1893 1771 1925 quod
1785 1901 1920 1925 praecipui
1934 1894 2056 1918 candoris
2071 1901 2183 1920 vocatur

31 1937 87 1963 Cic.
101 1937 176 1962 Verr.
189 1943 221 1967 2,
237 1943 256 1961 1.
310 1935 494 1961 Accusatorem
509 1933 630 1959 Firmum
643 1934 797 1967 Verumque
809 1934 858 1958 esse
870 1938 976 1967 oportet
1016 1933 1073 1958 Cic.
1083 1940 1115 1965 50
1128 1932 1259 1960 Gallicum
1279 1945 1324 1950 —
1344 1929 1429 1961 crispo
1453 1927 1615 1952 macularum
1631 1927 1766 1959 discursu,
1789 1927 1837 1965 qui
1851 1935 1911 1952 cum
1929 1927 2102 1966 excellentior
2122 1930 2183 1960 suit,

30 1973 104 1999 Orat.
118 1981 140 1998 c.
153 1980 172 2004 4
191 1970 229 1997 Id.
243 1970 276 1996 de
290 1970 344 1996 LL.
359 1978 388 2001 3,
408 1977 444 2002 47
466 1969 525 1993 Hoc
541 1969 567 1992 in
580 1968 692 1993 Graecia
704 1967 733 1993 fit
746 1967 851 2002 publice
866 1967 1014 1994 constitutis
1025 1969 1073 1992 Ac-
1127 1976 1142 1992 a
1155 1964 1328 2003 similitudine
1347 1963 1443 1989 caudae
1461 1970 1596 1995 pauonum
1617 1970 1715 1987 nomen
1737 1968 1837 1995 accepit
1858 1976 1902 1981 —-
1939 1963 1958 1988 Ε
1972 1963 2071 2002 vdiorc
2086 1973 2182 1998 genere

29 2005 207 2038 cusatoribus,
228 2005 276 2040 qui
289 2003 398 2039 quidem
411 2004 509 2028 Graues
521 2003 570 2028 effe
583 2011 637 2028 non
649 2004 765 2036 possunt,
786 2004 834 2028 nifi
848 2003 897 2027 fint
910 2001 1071 2026 voluntarii.
1127 1999 1318 2025 Crassiuemum
1332 1997 1477 2031 appellatur
1500 2011 1542 2016 —
1565 2000 1595 2023 br
1608 2007 1630 2022 c.
1639 1999 1667 2023 16
1675 1997 1692 2023 s.
1702 2005 1736 2031 27
1757 1997 1856 2023 Tuber
1871 1996 1974 2024 arboris
1988 2007 2044 2025 eius
2059 1999 2182 2026 bruscum

30 2044 121 2072 Mutus
133 2042 274 2068 accusator.
292 2039 350 2065 vid.
364 2045 389 2065 M
399 2045 449 2064 VT
460 2045 480 2064 v
489 2045 511 2064 S.
547 2038 687 2063 Accusator
694 2038 840 2061 Vehemens
847 2042 873 2060 et
880 2034 1006 2060 Molestus
1015 2034 1072 2060 Cic.
1127 2034 1253 2061 intortius
1267 2033 1382 2067 crispum
1396 2044 1402 2059 :
1439 2032 1606 2065 molluscum,
1623 2032 1765 2067 simplicius
1780 2033 1903 2067 sparsum.
1927 2048 1970 2052 —
1992 2035 2082 2061 Aceris
2097 2045 2182 2063 mares

29 2078 199 2108 inBrut0130
206 2083 277 2108 c.34.
315 2074 497 2100 Accusatorem
504 2078 656 2103 comparare
664 2070 691 2094 in
699 2069 815 2103 aliquem
822 2068 928 2095 vid.CO
938 2076 962 2095 M
970 2076 1032 2096 PAR
1041 2076 1072 2096 Ο.
1127 2070 1200 2105 prius
1213 2070 1319 2096 florent.
1356 2068 1395 2095 Id.
1411 2077 1457 2101 32,
1479 2076 1500 2094 ιι
1515 2069 1534 2094 s.
1549 2077 1579 2102 52
1599 2070 1699 2103 Operta
1712 2077 1787 2095 acere
1802 2075 1846 2095 aut
1860 2070 1929 2096 citro
1951 2070 2077 2097 triclinia.
2122 2075 2129 2098 l
2145 2072 2182 2100 id.

32 2114 116 2142 Atrox
131 2112 189 2138 odii
202 2111 346 2145 Agrippina
358 2116 386 2133 ac
400 2107 501 2132 Lolliae
513 2105 629 2136 infensa,
650 2104 722 2139 quod
736 2106 822 2131 secum
844 2104 876 2131 de
895 2105 1072 2131 matrimonio
1086 2112 1113 2139 55
1127 2113 1170 2133 ΟΡ
1178 2113 1195 2133 E
1204 2113 1223 2133 R
1233 2113 1242 2132 1
1252 2112 1277 2133 M
1285 2112 1302 2132 E
1312 2112 1335 2132 N
1343 2112 1365 2132 T
1375 2111 1429 2132 VM
1452 2104 1499 2140 sub
1521 2111 1540 2131 o
1550 2112 1565 2131 P
1573 2112 1590 2132 E
1600 2111 1619 2131 R
1628 2113 1637 2131 1
1647 2111 1675 2131 O.

50 2148 158 2181 rincipis
176 2144 333 2176 certauiffet,
348 2141 460 2169 molitur
478 2141 590 2166 crimina
607 2145 633 2165 et
652 2141 842 2173 accusatorem,
864 2141 910 2175 qui
931 2141 1074 2174 obiiceret,
1164 2139 1365 2173 ᾸΟΕΚΝνς,
1386 2149 1416 2174 a,
1437 2149 1490 2167 um.
1529 2139 1741 2175 [σφενδάμνινοι]
1779 2140 1854 2177 Quod
1879 2139 1912 2174 est
1937 2151 1966 2167 ex
1991 2152 2060 2168 acere
2084 2144 2181 2171 arbore.

56 2182 192 2213 haldaeos‚
210 2181 316 2214 Magos,
342 2178 586 2211 interrogatumque
605 2176 736 2211 Apollinis
749 2177 835 2203 Clarii
848 2176 1017 2203 fimulacrum
1032 2177 1072 2203 su·
1127 2178 1203 2212 Virg.
1217 2179 1282 2204 Aen.
1297 2185 1329 2210 2,
1350 2185 1389 2203 112
1426 2176 1569 2211 Praecipue
1586 2186 1646 2203 cum
1662 2177 1715 2203 iam
1731 2176 1773 2203 hic
1786 2177 1907 2204 trabibus
1920 2185 2058 2205 contextus
2080 2180 2181 2206 acernis

29 2228 77 2256 per
89 2217 187 2253 nuptiis
199 2213 365 2251 imperatoris
379 2213 470 2240 Tacit.
484 2213 551 2239 Ann.
567 2220 611 2244 12,
631 2220 673 2238 22.
730 2213 787 2239 Cic.
802 2214 879 2239 Verr.
894 2222 914 2245 1,
934 2221 971 2247 74
992 2214 1073 2240 Accu·
1127 2214 1211 2241 Staret
1225 2223 1316 2249 equus.
1354 2213 1456 2239 Acerna
1470 2213 1559 2239 mensa
1578 2213 1695 2239 Martial.
1711 2221 1755 2246 14,
1776 2222 1819 2246 90.
1832 2220 1858 2240 et
1873 2214 1941 2239 Hor.
1955 2215 2005 2240 Sat.
2020 2223 2054 2247 2,
2076 2221 2102 2246 g,
2122 2224 2160 2241 ιο.

30 2256 100 2283 sator
111 2260 197 2280 autern
210 2251 352 2288 apponitur
364 2249 430 2275 ciuis
443 2249 575 2275 Romanus
589 2247 620 2274 de
634 2248 812 2275 creditoribus
825 2249 1073 2283 Lampsacenorum,
1165 2251 1188 2276 Ᾱ
1198 2256 1240 2277 CE
1249 2257 1268 2277 R
1276 2270 1285 2282 ,
1306 2249 1374 2276 acris
1384 2255 1410 2275 et
1423 2258 1491 2275 acre.
1513 2249 1526 2283 [
1534 2246 1634 2284 δριμύς,
1656 2248 1710 2281 ὀξύς
1719 2271 1727 2284 ,
1747 2246 1836 2282 δεινός]
1853 2257 1901 2284 pro
1909 2250 1981 2284 forti
1993 2260 2023 2276 ac
2037 2253 2182 2282 emeramni,

32 2294 51 2319 i.
61 2290 217 2327 subornatur.
253 2286 344 2314 Tacit.
358 2286 424 2312 Ann.
439 2293 476 2316 11,
498 2293 524 2311 12
549 2285 700 2318 Qominus
713 2285 823 2311 strueret
836 2285 949 2311 crimina
961 2292 987 2311 et
1001 2290 1113 2315 acen-60
1125 2295 1261 2323 magnoque
1285 2284 1366 2322 gradu
1388 2288 1502 2320 cuiusque
1526 2286 1660 2320 qualitatis
1678 2288 1809 2320 accipitur.
1868 2285 1941 2311 Seru.
1957 2285 1989 2311 ad
2003 2287 2067 2312 Aen.
2084 2292 2111 2319 3,
2133 2289 2181 2319 614

5 2344 7 2351 .
35 2328 139 2354 satores.
174 2323 266 2351 Tacit.
281 2323 349 2349 Ann.
362 2330 390 2355 4,
405 2329 435 2354 59
455 2320 572 2347 Subditis
586 2320 634 2355 qui
645 2322 827 2348 accusatorum
843 2321 954 2348 nomina
967 2321 1074 2348 sustine·
1128 2323 1223 2349 Acrem
1236 2322 1382 2353 Turnum,
1405 2322 1520 2349 Fortem.
1579 2321 1611 2347 Et
1625 2321 1734 2355 proprie
1754 2319 1823 2355 apud
1836 2329 1884 2347 nos
1897 2323 1965 2347 Acer
1978 2321 2030 2354 est,
2052 2324 2097 2357 qui
2113 2321 2182 2356 apud

35 2367 109 2394 rent,
127 2364 145 2388 i.
157 2361 188 2387 Se
201 2358 388 2395 profiterentur
400 2357 568 2383 accusatores.
1128 2359 1242 2385 Graecos
1263 2356 1331 2383 δεινιὶς
1343 2356 1449 2383 dicitur.
1487 2356 1559 2383 Nam
1566 2356 1665 2392 fortem
1676 2363 1703 2383 et
1715 2359 1892 2388 vehementem,
1913 2363 1939 2383 et
1953 2364 2063 2393 asperum
2079 2364 2105 2384 et
2117 2368 2184 2384 ama-

74 2403 144 2425 ACC
154 2403 172 2422 V
182 2403 195 2422 S
204 2408 226 2422 A
235 2402 256 2422 T
265 2401 284 2422 O
293 2401 312 2422 R
321 2402 330 2421 1
339 2401 360 2420 V
370 2401 383 2421 s
392 2413 400 2426 ,
420 2401 450 2425 a,
469 2402 522 2419 um.
545 2392 738 2427 [κατηγορικός]
758 2392 908 2429 Accusatori
920 2396 1074 2420 conueniens.
1128 2403 1184 2421 rum
1197 2393 1281 2428 potest
1295 2392 1448 2427 significare.
1492 2393 1632 2428 Apparebit
1644 2392 1704 2424 hoc,
1718 2392 1743 2426 fi
1755 2395 1825 2428 quis,
1846 2392 1935 2428 qulbus
1952 2395 2118 2423 tuailtanzzuis
2128 2397 2183 2419 fun—

40 2434 95 2462 Cic.
103 2441 151 2468 pro
165 2431 267 2459 Cluent.
275 2439 297 2457 11
312 2438 361 2462 c.4
381 2429 445 2456 Non
459 2429 623 2455 accusatorio
637 2429 728 2455 animo
742 2429 846 2456 adduci.
873 2429 1075 2455 Accusatorium
1148 2437 1219 2461 atur,
1238 2429 1361 2465 nobiscum
1377 2430 1483 2455 ⁹oluerit
1499 2438 1554 2455 reco
1582 2430 1677 2464 zoscere.
1736 2429 1766 2454 In
1780 2428 1859 2454 rebus
1873 2428 1994 2462 gerendis
2008 2437 2076 2456 acer.
2124 2430 2181 2457 Cic.

39 2468 180 2497 artificium
198 2467 256 2496 Cic.
275 2475 323 2501 pro
343 2465 419 2492 Rosc.
433 2465 522 2491 Amer.
536 2473 572 2498 49
593 2474 614 2491 c.
628 2473 664 2499 17.
701 2466 776 2499 Qtae
794 2464 959 2491 accusatorio
973 2465 1032 2491 iure
1050 2471 1076 2491 et
1085 2463 1116 2494 65
1152 2474 1203 2492 am.
1220 2471 1286 2498 8,15
1316 2465 1431 2499 Ecquem
1444 2470 1532 2490 autem
1563 2465 1655 2490 'aesare
1670 2463 1761 2490 nostro
1776 2464 1907 2490 acriorem
1924 2465 1953 2490 in
1965 2464 2044 2491 rebus
2061 2465 2183 2500 gerendis

40 2513 113 2533 more
131 2505 189 2531 sunt
207 2502 276 2530 facta
294 2502 351 2529 Cic.
364 2509 413 2536 pro
432 2501 469 2527 Fl.
485 2510 524 2535 14.
558 2501 612 2528 Lex
632 2509 680 2536 pro
697 2502 784 2527 Mure.
810 2510 840 2528 11.
878 2500 937 2526 Liu.
952 2509 977 2533 2,
995 2502 1023 2527 61
1047 2500 1076 2527 de
1131 2507 1176 2528 aut
1190 2500 1293 2536 legisti,
1313 2506 1357 2527 aut
1373 2500 1485 2527 vidisti?
1522 2501 1553 2526 In
1567 2499 1646 2526 rebus
1662 2499 1829 2526 inueniendis
1848 2505 1874 2526 et
1894 2500 2051 2527 indic-antas.
2125 2502 2182 2528 Cic.

40 2543 138 2577 Appio,
155 2538 238 2566 Semel
253 2539 354 2565 causam
367 2536 449 2569 dixit,
487 2546 522 2563 uo
534 2537 635 2571 semper
647 2545 724 2572 agere
737 2537 828 2564 omnia
842 2536 934 2563 solitus
947 2542 1012 2569 erat,
1028 2537 1076 2563 Ac·
1131 2538 1206 2565 Orat.
1222 2544 1267 2571 172
1289 2537 1358 2570 Qtis
1372 2536 1400 2563 in
1414 2536 1493 2562 rebus
1506 2536 1548 2563 vel
1558 2535 1725 2562 inueniendis
1734 2536 1776 2562 vel
1784 2535 1932 2562 iudicandis
1945 2537 2033 2562 acrior
2041 2537 2184 2563 Aristotele

42 2575 174 2603 cusator-io
185 2574 288 2609 spiritu.
320 2573 383 2599 Vita
396 2573 469 2606 Qun
499 2593 505 2599 .
520 2581 562 2605 12,
577 2581 610 2608 7,
631 2581 653 2605 3.
1131 2574 1207 2600 fuit3
1254 2573 1322 2599 Hor.
1337 2573 1386 2599 Sat.
1401 2581 1432 2605 2,
1452 2581 1482 2604 3,
1503 2580 1545 2607 117
1583 2586 1626 2591 ---
1653 2580 1712 2597 acre
1749 2572 1824 2598 Potct
1842 2578 1951 2598 acetum.
2026 2573 2093 2599 Cels.
2109 2582 2142 2606 4,
2163 2582 2184 2607 4

80 2616 178 2637 AC-CV
187 2616 201 2636 s
210 2616 261 2636 AT
270 2615 359 2635 ORIE
372 2627 381 2640 ,
414 2607 481 2634 Adu.
516 2609 529 2642 [
544 2609 701 2643 κατηγορικῶς
714 2609 727 2644 ]
800 2609 856 2636 Cic.
878 2609 954 2635 verr.
973 2617 1006 2641 2,
1027 2609 1074 2643 176
1131 2608 1295 2643 Asclepiades
1309 2614 1412 2635 acetum
1425 2608 1462 2634 ait
1475 2617 1553 2642 quam
1561 2608 1720 2634 acerrimum
1734 2608 1782 2633 effe
1789 2606 1958 2634 sorbendum.
1998 2608 2053 2634 Cic.
2067 2609 2099 2634 de
2107 2610 2183 2636 Orat.

46 2645 152 2680 Ncquis
171 2643 221 2670 hoc
241 2650 283 2669 me
301 2642 383 2676 magis
406 2643 581 2676 accusatorie,
605 2652 684 2678 quam
706 2643 790 2671 libere
810 2645 900 2671 dixisse
921 2644 1117 2676 arbitretur.70
1131 2653 1159 2678 3,
1181 2653 1228 2678 124
1248 2645 1319 2671 Nam
1332 2653 1417 2679 neque
1426 2650 1479 2671 tam
1491 2643 1528 2670 est
1541 2644 1607 2670 acris
1616 2644 1691 2669 Acies
1705 2643 1734 2669 in
1747 2643 1848 2669 naturis
1863 2642 2003 2670 hominmn
2018 2650 2043 2670 et
2059 2645 2185 2680 ingeniis,

48 2682 107 2708 Liu.
122 2689 168 2713 40,
182 2687 219 2711 12,
234 2680 251 2705 6
269 2678 326 2705 Iam
340 2676 408 2704 illud
420 2687 498 2713 quam
514 2687 528 2704 a
544 2680 688 2706 cusatoriez
709 2681 774 2707 Non
789 2690 862 2716 agam
876 2685 963 2707 tecum
975 2680 1077 2706 accusa·
1132 2688 1162 2708 vt
1187 2689 1228 2707 res
1250 2686 1333 2707 tantas
1355 2681 1511 2715 quisquam,
1532 2679 1580 2705 nifi
1599 2679 1753 2705 monstratas
1775 2679 1848 2713 possit
1861 2679 1953 2706 videre
1967 2690 1973 2706 ε
2011 2689 2097 2715 neque
2112 2688 2184 2707 tanta

46 2716 114 2744 toric
135 2715 192 2742 Cic.
207 2715 282 2741 verr.
300 2722 314 2747 3
337 2723 357 2739 c.
372 2722 407 2748 70
433 2714 600 2741 Accusatorie
620 2716 766 2744 vociferari
784 2717 889 2744 Pedian.
907 2716 938 2743 in
957 2716 1076 2743 Diuinat.
1133 2722 1222 2743 tamen
1236 2716 1263 2742 in
1277 2716 1356 2742 rebus
1370 2716 1530 2748 obscuritas,
1551 2721 1580 2741 vt
1593 2723 1635 2741 eas
1649 2724 1704 2741 non
1717 2716 1821 2749 penitus
1836 2715 1891 2741 acri
1904 2716 1948 2742 vir
1958 2717 2069 2750 Ingenio
2085 2723 2184 2750 cernat,

42 2760 100 2788 pag.
117 2759 157 2784 23.
1135 2752 1154 2779 fi
1166 2752 1247 2779 modo
1260 2752 1398 2786 aspexerit.
1435 2751 1527 2777 Aciem
1541 2751 1569 2777 in
1582 2759 1673 2777 omnes
1687 2756 1772 2786 partes
1787 2760 1875 2777 acrem
1889 2751 2004 2778 intendit
2024 2753 2080 2779 Cic.
2098 2754 2181 2779 Tus..

80 2794 128 2815 AC
139 2793 186 2815 CV
195 2792 360 2818 SATRIX,
388 2783 552 2823 [αἰτιοέτριοι]
590 2785 671 2814 Plaut.
687 2787 755 2814 Asin.
770 2797 792 2821 3,
808 2797 827 2821 ι,
842 2797 870 2814 ιο
891 2787 940 2814 Tu
954 2788 992 2815 mi
1005 2796 1080 2815 accu-
1135 2799 1171 2823 4,
1191 2797 1214 2821 3.
1251 2788 1424 2815 Aduersarius
1436 2787 1524 2814 minus
1538 2794 1596 2813 acer
1622 2787 1678 2814 Cic.
1693 2788 1738 2813 Ac.
1754 2796 1788 2820 4,
1811 2796 1847 2814 12.
1885 2788 2037 2814 Acerrimus
2057 2789 2113 2815 Cic.
2128 2791 2181 2815 Att.

16 2843 17 2847 ,
45 2823 124 2852 satrix
137 2821 206 2850 ades.
243 2820 307 2848 Plin.
321 2820 399 2857 Epist.
409 2829 447 2854 10,
460 2824 495 2856 67
515 2822 619 2850 Notum
631 2825 782 2852 accusatrici
795 2825 850 2851 eius
865 2824 989 2851 facerem.
1008 2824 1077 2852 Add.
1089 2831 1121 2859 75
1135 2833 1180 2857 10,
1198 2844 1205 2851 .
1227 2844 1234 2851 .
1272 2825 1349 2850 Aetas
1362 2823 1428 2850 acris
1441 2822 1522 2850 Ouid.
1537 2823 1602 2850 Met.
1617 2832 1645 2856 3,
1666 2832 1726 2856 540.
1765 2823 1821 2849 Cic.
1836 2823 1923 2856 Atta,
1939 2832 1967 2850 10
1987 2822 2182 2850 Bibliothecam

16 2866 17 2871 ¹
45 2859 157 2887 'rraiam
171 2856 248 2892 Epist·
266 2857 319 2892 seq·
1132 2866 1206 2887 tuam
1218 2868 1281 2886 caue
1295 2860 1419 2894 cuiquam
1433 2859 1607 2894 despondeas,
1628 2859 1750 2894 quamuis
1770 2867 1856 2886 acrem
1873 2865 2019 2886 amatorem
2039 2860 2181 2886 inueneris.

82 2898 329 2925 ACCVSATIO,
350 2892 422 2925 Ᾰιιὶς,
442 2891 463 2920 f.
491 2893 656 2931 [κατηγορίσῃ
676 2896 796 2930 αἰτίασις]
833 2894 915 2922 Astus
932 2896 1078 2933 accusandi:
1135 2896 1257 2924 Ambitus
1271 2897 1359 2922 acrior
1378 2895 1472 2922 Tacit.
1486 2896 1518 2922 A.
1535 2904 1580 2929 14,
1603 2914 1609 2921 .
1632 2914 1639 2921 .
1686 2895 1740 2922 Cic.
1754 2904 1803 2929 pro
1819 2894 1918 2920 Archia
1946 2904 1968 2920 c.
1986 2903 2008 2920 11
2031 2896 2062 2921 Et
2073 2895 2106 2921 de
2120 2903 2182 2921 meo

46 2933 88 2958 mi
106 2932 236 2966 opponitur
247 2927 384 2962 DefensiO,
404 2932 435 2955 it.
453 2929 598 2957 Excusatio.
642 2932 779 2959 Accusatio
800 2938 823 2958 et
842 2932 999 2959 Maledictio
1020 2931 1081 2968 quid
1134 2932 1249 2967 quodam
1263 2932 1363 2958 Amore
1376 2931 1477 2966 gloriae
1492 2932 1572 2957 nimis
1586 2931 1642 2957 acri
1655 2931 1776 2963 fortasse,
1795 2936 1967 2956 veruntamen
1982 2929 2100 2956 honesto.
2128 2931 2182 2956 Ti-

47 2963 136 2999 dtjllem
143 2964 251 2992 vidimus
263 2967 291 2991 in
298 2969 428 2997 ACCVSQ
442 2974 471 2991 ex
483 2966 539 2993 Cic.
549 2975 597 3001 pro
606 2967 678 2994 Cael.
687 2970 711 2994 6.
748 2968 839 2994 Tacit.
852 2968 920 2994 Ann.
928 2969 954 3001 6,
969 2977 988 3002 4
1008 2970 1080 2995 Inter
1133 2968 1190 2995 bul.
1204 2977 1235 3001 2,
1257 2977 1286 3001 5,
1308 2976 1355 3000 113.
1429 2967 1485 2994 Cic.
1499 2966 1554 2994 Off.
1572 2976 1580 2993 1
1595 2976 1617 2992 c.
1631 2975 1662 3001 41
1704 2966 1745 2992 Sic
1760 2974 1807 2992 nos
1821 2966 1839 2992 si
1853 2974 1923 2992 acres
1937 2975 1965 2992 ac
1980 2966 2118 3000 diligentes
2133 2967 2182 2993 effe

49 3009 115 3037 quae
127 3001 250 3029 Haterius
264 3001 379 3036 Agrippa
393 3001 517 3028 Consules
530 3003 713 3038 Anniprioris
726 3004 829 3035 inuenit,
844 3012 888 3030 cur
899 3004 992 3030 Mutua
1007 3013 1078 3031 accu-
1088 3010 1120 3036 30
1133 3005 1258 3032 volumus
1273 3003 1508 3030 Animaduersores
1520 3003 1652 3030 vitiorum
1666 3013 1672 3029 z
1704 3010 1797 3036 magna
1815 3002 1889 3037 saepe
1901 3010 1932 3028 ex
1948 3002 2035 3036 paruis
2051 3002 2182 3037 intellige-

49 3037 148 3064 satione
161 3037 278 3073 intenta,
291 3045 360 3064 nunc
373 3035 494 3064 silerent?
513 3040 551 3065 De
561 3039 655 3065 Mutua
668 3040 832 3075 accusatione
846 3039 898 3066 vid.
912 3040 1043 3074 Qinffil.
1056 3049 1079 3073 3,
1134 3050 1202 3067 mus.
1259 3040 1317 3066 Cic.
1331 3048 1380 3075 pro
1392 3039 1489 3066 Milon.
1502 3047 1536 3072 29
1575 3039 1666 3072 Qmm
1679 3044 1766 3065 autem
1782 3037 1827 3064 hic
1840 3038 1872 3064 de
1885 3037 1965 3064 rheda
1977 3037 2074 3064 reiecta
2087 3038 2183 3072 penula

18 3073 23 3105 '2
49 3081 123 3106 ¹0⁵4-
138 3079 221 3106 7,1,3.
233 3079 260 3106 7,
267 3080 294 3105 2,
300 3079 391 3104 9et23.
428 3072 564 3101 Licentior
571 3074 700 3102 Val.Max.
708 3085 734 3109 9,
745 3075 1006 3110 2,3.Tac.Ann.4,52
1015 3077 1080 3103 Mox
1134 3076 1287 3109 defiluilset‚
1304 3076 1382 3111 seque
1396 3075 1452 3102 acri
1463 3076 1563 3102 Animo
1583 3073 1744 3101 defenderet.
1803 3073 1859 3100 Cic.
1873 3073 1904 3099 de
1917 3073 1990 3099 Orat.
2005 3082 2021 3100 2
2032 3094 2040 3106 ,
2061 3079 2095 3107 84
2117 3074 2182 3100 Ani.

50 3107 213 3144 Capeffendis
225 3107 445 3141 accusationibus,
459 3116 504 3136 aut
519 3119 577 3137 reos
593 3111 715 3144 tutando,
731 3111 897 3147 prosperiore
910 3111 1079 3147 eloquentiae
1135 3122 1193 3140 mus
1211 3121 1270 3139 acer
1291 3118 1317 3138 et
1337 3112 1471 3147 praesens,
1493 3117 1520 3138 et
1539 3117 1628 3137 acutus
1651 3110 1722 3136 idem
1741 3116 1819 3145 atque
1838 3109 1956 3135 versutus
1977 3109 2094 3136 inuictos
2106 3110 2182 3137 viros

49 3153 129 3180 quam
147 3151 253 3171 morum
274 3143 343 3170 fama
362 3144 422 3170 fuit.
460 3145 657 3174 Accusationem
678 3152 703 3174 et
724 3147 856 3174 iudicium
876 3148 1003 3181 conflare,
1024 3147 1078 3174 vid.
1134 3147 1223 3176 efficit.
1261 3147 1342 3175 Ouid.
1359 3149 1424 3175 Met.
1440 3156 1486 3180 10,
1507 3155 1552 3180 550
1573 3147 1683 3173 Fulmen
1697 3145 1793 3172 habent
1807 3153 1875 3171 acres
1890 3145 1918 3170 in
1930 3144 2038 3171 aduncis
2059 3145 2182 3172 dentibus

50 3186 176 3209 cour-‘L
186 3186 216 3207 ο.
253 3178 359 3206 Destitit
372 3181 530 3208 accusatione
545 3183 647 3217 Fragm.
656 3184 712 3210 Cic.
726 3192 775 3218 pro
789 3182 895 3210 Cornel.
932 3184 1080 3211 Accusatio·
1091 3191 1120 3220 85
1133 3185 1201 3220 apri.
1238 3185 1313 3219 Virg.
1327 3185 1393 3211 Aen.
1409 3191 1426 3218 7
1435 3203 1443 3216 ,
1464 3184 1513 3217 164
1534 3183 1587 3209 Aut
1600 3183 1681 3209 acreis
1697 3181 1806 3208 tendunt
1819 3188 1902 3212 arcus,
1922 3183 1940 3206 i.
1955 3182 2050 3214 Fortes,
2065 3181 2180 3208 Seruius.

51 3225 110 3244 nem
126 3216 192 3251 petit
212 3215 241 3242 in
255 3215 365 3243 Verrem
383 3215 561 3252 QCaecilius
581 3218 712 3247 Ouinffll.
728 3228 749 3252 ς,
764 3228 798 3252 ι3,
813 3224 846 3249 ¹8·
882 3219 1079 3247 Accusationem
1135 3220 1239 3248 Ardore
1254 3220 1385 3247 acerrimo
1396 3226 1423 3246 et
1435 3218 1607 3245 mobiliffimo
1620 3225 1723 3244 tenetur
1740 3215 1852 3243 mundus
1884 3215 1941 3242 Cic.
1956 3216 1987 3242 de
2002 3216 2041 3244 N.
2054 3217 2086 3252 D.
2100 3226 2132 3250 2,
2155 3226 2181 3250 31

24 3281 27 3289 ι
51 3251 203 3280 Rhetorices
223 3250 344 3286 profiteri
369 3251 496 3285 Quinctil.
510 3262 543 3287 2,
558 3262 604 3290 17,
624 3263 659 3288 15.
706 3255 797 3282 Tacit.
813 3254 881 3282 Hist.
895 3263 927 3288 2,
945 3265 974 3283 10
993 3258 1081 3292 Ipsum
1135 3257 1224 3284 Valer.
1239 3256 1321 3283 Flacc.
1336 3265 1352 3283 2
1363 3275 1372 3289 ,
1392 3263 1434 3288 555
1474 3256 1538 3281 Acri
1550 3254 1667 3281 lubricus
1682 3253 1752 3279 Astu.
1806 3252 1863 3278 Cic.
1878 3260 1927 3286 pro
1939 3252 2021 3279 Corn.
2035 3253 2108 3280 Balb.
2129 3263 2150 3280 c.
2164 3254 2182 3279 6

23 3291 27 3323 ,ἑ
51 3288 172 3323 Crispum
193 3286 296 3314 easdem
319 3287 492 3317 accusationes
514 3299 573 3317 cum
594 3291 714 3325 praemio
734 3291 873 3318 exercuisse
893 3286 1083 3325 meminerant,
1137 3293 1304 3320 Acerrimum
1316 3298 1342 3318 et
1355 3291 1502 3318 maximum
1510 3290 1621 3318 Bellum.
1658 3288 1837 3316 Bellaacriora
1857 3287 2062 3326 Pompon.l.2§.
2071 3289 2180 3324 Populo.

24 3327 27 3352 l
52 3324 83 3350 Co
109 3330 183 3350 tatum
199 3324 256 3350 huic
271 3323 423 3363 Delationes
430 3324 564 3353 satutare.
598 3327 655 3354 Cic.
663 3327 693 3354 in
705 3328 787 3354 Bruto
805 3335 847 3358 130
867 3335 886 3353 c.
900 3335 932 3362 34
952 3328 1020 3355 dixit
1034 3330 1082 3356 Ac·
1137 3330 1170 3356 D.
1186 3328 1217 3355 de
1232 3328 1331 3363 origin.
1345 3328 1396 3354 iur.
1455 3326 1553 3354 Caedes
1572 3324 1653 3353 Ouid.
1663 3325 1726 3351 Met.
1738 3332 1840 3357 11‚402.
1879 3324 1958 3350 Canis
1973 3326 2041 3351 Hor.
2050 3325 2132 3359 Epod.
2143 3333 2181 3356 12,

51 3368 82 3386 cu
93 3359 209 3386 ationem
229 3358 359 3386 faetttare.
408 3359 560 3395 Instituere,
578 3361 706 3390 instruere
726 3362 779 3389 vid.
802 3361 852 3388 hh.
867 3361 901 3389 ll.
941 3364 1122 3396 Intendere90
1137 3366 1162 3392 6.
1200 3364 1256 3391 Cic.
1270 3373 1319 3399 pro
1332 3364 1408 3390 Rosc.
1421 3363 1481 3389 Am.
1496 3372 1517 3389 c.
1530 3371 1574 3390 20.
1613 3361 1690 3387 Canis
1702 3359 1809 3386 naribus
1830 3359 1912 3386 Ouid.
1927 3360 1992 3387 Met.
2007 3368 2034 3394 7,
2048 3362 2099 3390 806
2117 3359 2180 3386 Dula

28 3425 29 3431 ἵ
52 3394 120 3422 modo
132 3394 240 3422 vidimus
254 3403 283 3435 cx
296 3395 327 3422 T
328 3404 364 3422 ac.
380 3395 448 3436 Ann.
463 3398 489 3429 6,
502 3405 522 3430 4
546 3399 577 3424 In
587 3399 777 3428 accusationem
796 3398 906 3426 alicuius
920 3399 1009 3435 coire,
1029 3400 1084 3428 vid.
1137 3399 1213 3428 cibus
1236 3400 1311 3427 Cibis
1331 3408 1402 3426 acres
1420 3405 1562 3434 acutosque
1575 3396 1710 3435 miscerent
1730 3395 1796 3422 Plin.
1813 3395 1858 3430 Ep.
1873 3403 1907 3430 7,
1927 3404 1949 3428 3.
1985 3395 2051 3422 Plin.
2067 3404 2089 3422 11
2099 3416 2107 3428 ,
2119 3404 2145 3427 53
2160 3396 2179 3421 s.

27 3437 29 3453 l
54 3436 160 3458 COEO.
195 3430 313 3465 81ΙὴΙΡΕΓ
315 3439 329 3457 θ
341 3431 433 3458 Tam·
444 3432 511 3458 ΑΠΠ·
523 3434 550 3466 6,
563 3441 590 3468 7-
1141 3444 1184 3471 117
1212 3435 1362 3463 Difficulter
1382 3433 1557 3470 perficiuntur
1571 3432 1661 3460 omnia
1675 3440 1704 3457 ιη
1716 3430 1783 3458 cibis
1797 3432 1876 3458 acria.
1934 3431 1991 3458 Cic.
2005 3432 2127 3457 Hortcnl'.
2140 3439 2181 3465 ap.

28 3467 29 3475 ¹
79 3471 241 3507 *Accvsqt
250 3472 368 3499 B11.1s‚
386 3473 412 3494 et
431 3476 454 3495 c.
480 3467 628 3503 [dirim-0¹5]
663 3471 825 3508 Accufinione
843 3476 888 3498 aut
904 3471 1084 3508 reprehensione
1140 3473 1214 3500 Non.
1228 3482 1246 3507 4
1255 3493 1264 3506 ‚
1277 3480 1305 3507 ¹7
1325 3471 1407 3505 Qiod
1421 3471 1528 3497 alterius
1541 3471 1569 3496 in
1587 3468 1676 3494 enium
1689 3466 1723 3493 fic
1734 3474 1763 3494 vt
1782 3474 1886 3494 acetum
1897 3466 2066 3502 Aegyptium,
2075 3466 2183 3494 alterius

22 3508 31 3530 ¹<
56 3499 162 3542 dsgngam.
205 3501 261 3528 Cic.
274 3502 386 3530 Tuscul.
399 3512 434 3538 4,
449 3511 481 3539 75
501 3514 522 3530 c.
543 3512 572 3538 33
595 3505 721 3538 Qiotum
739 3507 861 3534 omniurn
880 3508 1028 3537 accusabilis
1047 3510 1084 3537 est
1140 3506 1173 3536 sic
1193 3516 1252 3535 acre
1271 3514 1300 3535 vt
1317 3507 1369 3535 mel
1382 3507 1550 3540 Hymettium
1585 3504 1688 3530 icimus.
1726 3504 1766 3530 Sic
1778 3505 1823 3544 leg.
1833 3510 1896 3539 puto
1907 3523 1914 3534 ,
1933 3513 1981 3529 non
1995 3502 2065 3529 Sicut
2079 3508 2183 3529 acetum

30 3544 32 3555 *
57 3535 198 3570 mmmdo.
879 3569 884 3573 ,
1094 3550 1127 3578 93
1140 3552 1185 3571 etc.
1223 3544 1298 3570 Ciuis
1317 3544 1460 3570 acerrimus
1480 3542 1535 3569 Cic.
1550 3541 1620 3567 Fam.
1636 3548 1681 3571 10,
1700 3544 1741 3569 28.
1784 3539 1841 3566 Cic.
1854 3538 1886 3565 de
1900 3539 1974 3565 Orat.
1988 3546 2016 3570 3,
2039 3546 2069 3572 17
2097 3539 2183 3565 Omne

28 3580 33 3611 j
94 3578 213 3605 decvs
223 3579 372 3602 A'rlvvs
399 3573 485 3610 casus,
512 3573 674 3611 [αἰτιατικῆ]
718 3578 895 3605 Grammaticis
912 3578 1004 3608 dicitur
1043 3583 1087 3618 qui
1141 3578 1208 3607 illud
1219 3586 1321 3616 tempus
1332 3579 1526 3610 meridianum,
1547 3575 1663 3602 Crassum
1676 3575 1704 3601 in
1717 3576 1845 3602 acerrima
1859 3580 1937 3609 atque
1954 3573 2118 3600 attentiffima
2131 3575 2184 3600 Co-

31 3613 33 3644 ῑ
61 3607 303 3649 etiarn-Incusatiuus
329 3610 369 3636 vel
388 3609 558 3643 Causatiuus,
585 3619 688 3647 nemque
707 3611 867 3641 Laudatiuus
886 3613 993 3649 dicitur,
1011 3601 1020 3616 ⁹
1031 3617 1086 3644 vid.
1142 3615 1271 3652 gitatione
1286 3616 1404 3651 posuisse.
1462 3612 1611 3645 Collyrium
1624 3611 1709 3637 acrius
1723 3611 1842 3638 Scribon.
1855 3610 1949 3644 Comp.
1962 3617 2004 3635 20.
2066 3610 2184 3637 Consilia

32 3652 34 3663 ι
63 3639 159 3669 Chms.
172 3651 197 3678 p.
211 3644 236 3668 6.
259 3642 380 3671 Diomed.
394 3654 419 3680 p.
433 3648 495 3679 296.
519 3645 642 3674 Priscian.
655 3656 680 3682 p.
693 3649 740 3682 671
760 3649 859 3676 Putsch.
897 3651 973 3680 Mart.
987 3653 1088 3688 Capell.
1142 3652 1247 3679 acriora
1276 3652 1367 3679 Tacit.
1385 3655 1413 3676 Α.
1427 3658 1467 3682 ιι,
1487 3657 1521 3679 29
1542 3647 1624 3674 cautis
1638 3655 1807 3683 opponuntur,
1827 3653 1857 3672 vt
1866 3645 2003 3672 Acerrima
2024 3644 2198 3672 inertiffimii⁴>

33 3681 36 3758 i
64 3676 282 3739 ἱοῖιίςῶιῑίίἀοῐ.
294 3687 314 3712 ι,
327 3682 352 3707 6.
407 3681 538 3718 AbJolute:
551 3683 703 3710 Accusatiui
716 3684 895 3718 geminatione
908 3687 974 3716 fasta
986 3689 1089 3725 amphi-
1143 3688 1216 3716 Hirt.
1229 3688 1278 3724 sab
1297 3688 1353 3714 Cic.
1367 3687 1419 3713 Att.
1437 3693 1478 3718 ις,
1499 3685 1523 3710 6.
1562 3682 1666 3710 Luci-et.
1675 3683 1721 3710 lib.
1731 3692 1753 3716 3,
1765 3690 1814 3716 295
1847 3680 1896 3708 Sed
1908 3679 1987 3706 calidi
2001 3680 2058 3714 plus
2072 3682 2107 3708 est
2119 3681 2184 3713 illis,

64 3744 94 3772 Is
189 3712 261 3755 uitur
276 3713 407 3759 Ablatiuo·
418 3716 528 3751 Qanc‘t.
541 3726 567 3753 7,
580 3728 613 3753 9,
625 3728 664 3746 10.
708 3721 879 3747 Accusatiuae
899 3725 1138 3760 propositionesioo
1144 3723 1242 3760 quibus
1255 3724 1325 3750 acria
1338 3721 1442 3753 Corda,
1462 3719 1642 3754 [facundaque
1654 3728 1726 3745 mens
1741 3717 1819 3745 fatue
1835 3715 1976 3743 effemisei‘
1988 3715 2016 3742 in
2028 3717 2076 3743 ἠδ’
2127 3718 2184 3743 Cic*

87 3745 122 3772 td.
136 3754 157 3779 1,
168 3754 195 3774 η
217 3756 236 3773 ι.
249 3751 384 3786 accusaeauo
396 3756 564 3788 rnjeruiemes.

1143 3759 1257 3795 Philipp.
1271 3764 1314 3793 '12,
1332 3767 1349 3794 7
1387 3758 1428 3783 An
1440 3764 1488 3782 vos
1494 3755 1648 3782 acerrimam
1663 3755 1736 3781 illam
1749 3761 1774 3780 et
1786 3751 1949 3780 fortiffimam
1963 3752 2055 3786 populi
2068 3752 2184 3779 Romani

100 3787 197 3822 ΑΩ,οΥ
204 3789 306 3822 Sljro,
318 3789 370 3814 5¹¹⁸·
401 3788 540 3824 Frequent.
553 3790 584 3816 ab
598 3790 716 3824 Accuso,
735 3790 804 3826 apud
817 3791 898 3819 Plaut.
912 3794 1013 3824 Mostel.
1027 3804 1051 3830 3,
1063 3804 1090 3830 2,
1144 3795 1275 3823 libertatis
1296 3791 1489 3828 recuperandae
1511 3791 1692 3826 Cupiditatem
1714 3799 1768 3817 non
1789 3789 1956 3815 imminutam
1974 3796 2002 3814 ac
2016 3787 2183 3815 debilitatam

36 3830 37 3860 ἶ
66 3825 94 3849 ³3
114 3815 192 3844 N¹h¹¹
204 3823 269 3851 ΤΚ,
286 3821 484 3864 quOd'Deorum
496 3824 580 3853 vllum
596 3826 729 3853 accufites.
879 3848 886 3850 -
1144 3832 1241 3868 putatis
1251 3831 1383 3866 legatione
1396 3828 1465 3864 pacis
1475 3826 1565 3854 audita
1577 3829 1586 3854 3
1623 3827 1693 3854 Cura
1705 3827 1771 3853 acris
1792 3825 1847 3850 Cic.
1860 3824 1892 3850 de
1905 3824 1979 3851 Orat.
1992 3833 2020 3857 3,
2031 3829 2082 3854 182.
2119 3825 2184 3850 Var·

100 3859 122 3880 A
131 3858 304 3891 cunm-¹⁸⁷³
326 3855 458 3898 ''¹⁰'9tws‘
474 3860 568 3898 fdula
584 3870 708 3891 MY'WW
723 3862 755 3891 αὖ
773 3862 896 3891 Amobio
913 3865 972 3894 adu.
985 3868 1064 3897 Gent.
1077 3875 1091 3904 5
1145 3877 1177 3896 ro
1185 3869 1346 3895 Parmenone
1358 3875 1398 3900 ap.
1413 3865 1486 3891 Non.
1498 3870 1533 3898 4,
1554 3871 1583 3898 17
1603 3861 1717 3890 Demitis
1731 3868 1800 3887 acres
1812 3859 1919 3894 pectore
1931 3868 2005 3886 curas
2020 3865 2096 3886 cantu
2109 3859 2184 3885 casta-

65 3896 88 3922 P'
105 3892 153 3922 158·
190 3887 267 3931 eoas.
282 3896 413 3921 ‘mmm‘
1099 3911 1198 3941 105que
1209 3902 1289 3940 po'c'li.
1327 3903 1413 3930 Curae
1426 3908 1512 3933 acreS,
1534 3898 1651 3929 Acci-bae
1696 3899 1772 3926 Varr-
1787 3895 1857 3932 apud
1870 3896 1992 3924 Nonium
2002 3904 2036 3928 4,
2058 3903 2096 3928 17.
2134 3894 2186 3921 Lu-

1428 3937 1456 3964 H
1490 3944 1507 3964 2
2124 3937 2188 3956 eret.
