2474 4182
45 120 89 160 527
195 86 197 89 ’
439 101 480 141 A
532 100 575 140 T
630 95 689 139 Τ,
1526 103 1565 141 A
1620 101 1663 141 T
1717 101 1761 141 Τ
2098 116 2162 157 513

65 203 83 223 fl.
95 203 114 222 T
125 202 145 221 T
155 201 170 220 Ε
181 197 204 219 Ν
213 198 266 219 ΤΕ.
303 189 370 217 Adu.
408 188 598 226 [σι-ροσεκτικῦς]
638 187 689 219 Vt,
709 185 815 213 Attente
828 186 921 213 audire
942 187 997 213 Cic.
1011 195 1060 222 pro
1114 187 1191 214 bellis
1210 186 1395 221 frequentibus
1408 189 1478 215 Petr.
1488 192 1537 216 116.
1574 189 1693 226 Sicfiche
1708 191 1804 218 Liuius.
1846 189 1927 225 Toga
1942 193 2033 220 attrita
2046 196 2162 223 Martial,

46 235 105 256 nan.
120 238 148 258 ῃ
170 235 193 254 ct
211 235 259 260 pro
273 226 348 257 Cael.
364 235 386 252 c.
402 234 433 252 11.
468 226 535 251 Ter.
549 225 643 250 Heaut.
657 231 678 254 1,
695 230 715 254 1,
731 230 761 255 ¹4
783 224 823 249 Ita
837 228 934 249 attente
949 223 1060 249 illorum
1119 232 1163 256 14,
1179 230 1230 254 ης.
1303 223 1404 249 Vomer
1421 225 1525 251 attritus
1542 226 1638 260 Virgil.
1653 228 1749 261 Georg.
1771 233 1797 259 1,‘
1818 229 1862 260 46.
1935 228 2065 255 Atteritae
2084 240 2146 266 opes

48 259 143 292 fficium
163 264 278 296 snubere.
357 262 462 288 Attente
481 261 567 294 legere
589 258 643 286 Cic.
665 258 736 284 Fam.
757 265 788 292 7,
808 267 850 284 20.
929 258 1062 285 Attentius
1109 265 1160 294 pro
1176 256 1289 297 Attritae
1310 257 1339 283 in
1353 258 1444 284 codice
1458 261 1586 287 Vaticano
1600 263 1693 289 Taciti
1709 263 1807 297 legitur
1820 263 1855 289 H.
1871 271 1891 294 1,
1906 271 1945 295 10,
1960 272 1985 290 2.
2051 253 2164 302 Compar’,

38 295 102 331 {cere
123 299 193 326 Idem
214 303 265 324 Λα.
286 299 330 329 ι6,
353 306 375 330 5.
446 295 575 323 Attentius
597 293 714 328 cogitare
735 293 772 319 ld.
788 293 819 324 de
833 294 889 320 Fin.
909 302 937 327 ς,
975 314 981 321 .
1019 314 1025 320 .
1117 295 1242 320 Attrums
1261 293 1330 318 modo
1349 294 1461 320 vidimus
1475 305 1502 320 cx
1517 297 1573 322 Cic.
1587 298 1662 324 Verr.
1679 308 1706 331 4,
1720 308 1755 331 94
1777 308 1798 324 c.
1813 307 1853 331 43.

38 329 163 364 'Yustodirc
178 342 255 367 quem
268 334 395 360 attentius
410 333 474 359 Plin.
488 329 567 368 Epist.fl
579 337 603 361 3,
619 330 655 356 16.
694 364 700 369 .
714 329 885 369 Attentiss'une
899 330 991 357 audire
1004 330 1060 356 Cic.
1080 332 1094 359 5
1155 335 1208 355 AT
1223 334 1244 354 T
1256 335 1275 354 R
1285 329 1296 354 i
1308 335 1329 354 T
1341 336 1383 355 vs
1393 349 1401 362 ,
1429 329 1468 356 us.
1503 340 1551 370 m..
1575 332 1758 368 [nuptia-pulsu]
1796 335 1861 368 Apri
1875 334 1926 361 tela
1939 335 1984 361 sua
1998 335 2092 362 attritu
2106 345 2165 363 acu-

42 372 144 399 [eOrat.
161 378 179 399 ι,
193 378 240 401 259
264 378 286 395 c.
301 375 340 401 239.
391 368 463 395 Idem
477 368 546 393 Fam.
563 372 604 398 ις,
618 374 636 399 4
660 364 714 391 Sc1s
731 374 812 398 enim,
828 375 907 400 quam
921 372 1018 393 attente
1036 371 1062 391 te
1117 370 1190 391 entes
1204 364 1262 390 Seu.
1276 363 1308 390 de
1322 365 1363 390 Ira
1377 373 1399 396 3,
1413 374 1440 398 4.
1513 366 1580 392 Pun.
1595 376 1621 399 9,
1636 378 1667 401 45
1690 369 1831 396 contactos
1845 370 1942 404 pisces·‚
1962 371 2108 406 attrituque
2121 381 2164 407 pe.

7 408 17 440 Ἰ
38 397 119 436 ludii-e
133 405 237 431 soleam.
310 404 428 440 Spectare
440 400 563 430 attentius
575 401 643 427 Hor.
660 400 738 436 Epist.
753 410 775 433 2,
792 409 810 433 1,
825 410 880 436 197.
1117 406 1173 426 trac
1196 399 1336 433 scalpentes
1360 403 1510 440 pruritum,
1540 402 1652 428 inuadit.
1729 406 1765 431 Ex
1788 406 1881 432 attritu
1904 406 1974 433 facia
1991 407 2058 433 Plin.
2075 416 2118 440 33,
2138 410 2165 434 6.

38 445 40 497 ‚
65 449 114 469 AT
125 447 172 468 TE
184 449 202 466 N
215 447 237 467 Τ
248 449 255 466 1
266 448 285 467 0
296 460 303 473 ,
324 440 391 466 (mis,
426 438 446 464 f.
479 434 620 471 [προσσχῆ,
637 437 774 470 φιληκοΐα]
811 438 868 464 Cic.
890 437 922 463 de
942 436 1016 462 Orat.
1036 442 1063 466 2,
1117 436 1229 461 Gemma
1241 435 1273 461 ad
1287 435 1401 462 calorem
1417 436 1563 470 dignorum
1575 438 1667 464 attritu
1681 441 1792 466 excitata
1807 441 1889 468 Solin.
1904 449 1933 475 52
1956 444 2035 475 (65).
2082 444 2165 470 Attri-

0 495 3 498 ,
44 485 72 509 30
98 486 119 502 c.
140 484 166 510 35
190 476 303 511 Reliqua
322 477 380 502 sunt
399 474 427 500 in
446 480 522 504 cura,
541 472 688 499 attentione
707 472 807 506 animi,
828 472 1005 508 cogitatione,
1022 470 1062 496 vi·
1117 477 1159 497 tus
1172 472 1300 497 arborum
1314 471 1379 497 Plin.
1394 477 1417 504 8,
1429 480 1468 504 32.
1541 473 1655 499 Attritus
1678 475 1914 504 calceamentorum
1935 477 2008 504 Idem
2026 484 2074 512 28,
2091 481 2120 506 16
2141 485 2165 506 et

0 519 6 532 Ι
41 511 151 544 flamia,
172 519 216 538 etc.
1075 513 1104 530 10
1119 515 1160 539 30,
1174 515 1200 538 9.
1271 507 1343 533 Sedis
1357 507 1424 534 vitia
1438 514 1463 533 ct
1477 508 1582 534 attritus
1596 509 1733 536 celerrime
1750 511 1820 538 sanat
1833 513 1955 548 plantago
1974 513 2012 541 Id.
2026 518 2071 547 26,
2084 520 2106 545 8.

65 554 116 575 AT
128 554 149 574 Τ
161 555 177 574 Ε
189 555 209 573 κ
221 553 243 574 Τ
255 554 290 579 o,
313 549 365 572 Ere.
399 541 564 579 [πειράομαι]
603 543 734 571 Tentando
753 550 776 571 et
789 544 925 581 periculum
940 539 1061 577 faciendo
1155 549 1177 568 A
1188 548 1209 567 T
1222 548 1288 568 Tul
1301 548 1386 576 Tio,
1414 543 1483 569 onis.
1519 543 1539 570 f.
1590 545 1669 570 Mart.
1685 545 1783 580 Capell.
1797 555 1809 578 3
1837 557 1861 581 p.
1883 557 1913 580 30
1939 549 2015 576 Liina
2051 565 2076 570 —
2113 559 2166 586 qua

0 584 6 592 ⁸
41 585 131 619 vliquem
150 584 190 610 vel
207 579 305 618 aliquid
320 578 430 621 aggredi.
480 578 611 605 Columel.
626 588 635 606 1
645 600 653 612 ,
667 589 696 613 4,
709 588 721 613 ς
743 580 825 606 Simul
840 576 990 606 attentando
1005 576 1062 611 pos-
1116 577 1220 604 scabros
1235 577 1338 610 dentes,
1375 593 1420 598 -—
1455 578 1510 604 leni
1522 579 1660 606 attritione
1675 581 1810 615 purgabat.
1861 584 1965 618 Lampr.
1981 586 2089 620 Heliog.
2102 595 2124 613 c.
2137 596 2166 619 19

55 621 105 647 ποι·
118 618 208 649 efficit,
222 623 250 644 vt
262 626 290 644 m
303 615 330 641 id
344 617 490 646 tormetur,
507 614 580 649 quod
593 615 708 642 maxime
723 616 851 651 praestare
864 613 945 650 possit.
981 611 1060 639 Etim.
1116 614 1186 640 Nam
1207 613 1322 640 rosatum
1338 613 1372 640 ab
1390 613 1450 640 aliis
1464 620 1600 650 acceptum
1614 615 1753 650 pinearum
1774 618 1855 644 etiam
1874 620 2013 648 attritione
2027 621 2166 649 odoratius

30 653 37 678 -ἶ
48 663 90 682 cn.
105 653 234 682 tentando.
303 649 357 677 Cic.
372 649 403 676 de
418 649 510 684 Arusp.
524 651 601 685 Resp.
616 653 644 678 16
671 653 762 686 Q1um
775 661 805 678 ea
823 655 985 677 attententur
1005 648 1062 674 eius
1114 648 1239 676 reddidit.

42 692 118 726 ingua
125 710 134 723 ,
157 689 230 716 cuius
242 692 313 713 antea
327 693 405 711 manu
418 687 508 713 euersa
520 695 568 712 vos
581 686 651 713 mihi
664 693 690 714 et
703 688 794 714 liberis
807 686 872 712 meis
884 683 1004 711 manibus
1017 692 1062 710 ve-
1076 687 1101 713 15
1154 690 1175 711 Α
1187 691 1209 711 Τ
1223 690 1245 711 Τ
1256 691 1273 711 E
1282 691 1300 712 R
1309 691 1330 710 T
1341 691 1411 712 ιΑΤ
1421 693 1442 711 v
1451 692 1465 712 s
1473 705 1482 718 ,
1503 694 1533 718 a,
1555 695 1609 712 um.
1658 686 1800 715 Lixiuium
1819 689 1982 717 attertiatum
2002 692 2069 719 Plin.
2079 693 2165 721 Valer.

4 750 5 754 ,
53 727 88 753 ris
100 723 253 752 reddidistis.
306 721 438 747 Columel.
453 730 479 756 7,
493 731 530 754 ¹2,
551 730 567 757 7
592 723 711 750 Primum
723 723 758 750 est
772 722 842 748 enim
856 729 910 747 non
923 719 1061 747 attentari:
1118 730 1139 754 ι,
1153 729 1192 754 29.
1214 720 1258 747 hoc
1270 719 1318 754 est,
1332 720 1366 747 ad
1379 723 1470 747 tertias
1484 730 1559 757 osque
1574 719 1706 749 desuetum.

56 760 167 789 cundum
183 758 218 785 est
229 756 367 784 laceffitum
385 757 494 784 fortiter
513 764 539 784 et
551 759 750 793 perseueranter
762 756 902 784 vindicari.
975 756 1063 782 Anno·
1153 764 1175 783 A
1187 763 1208 783 T
1222 763 1243 783 Τ
1256 764 1272 783 E
1282 764 1295 784 s
1304 777 1312 789 ,
1344 756 1398 783 vid.
1430 764 1452 783 Α
1462 763 1483 783 Τ
1496 765 1513 783 γ
1523 765 1544 784 s.

47 805 88 823 am
100 800 224 822 attentare
237 798 263 819 et
275 801 371 819 vexare
391 792 434 819 vel
448 793 607 821 Dardanarii
622 795 736 822 maxime
748 792 840 819 solent.
883 791 988 826 leian.
1003 791 1031 817 in
1044 790 1062 817 Ι.
1154 799 1175 819 Α
1188 799 1210 818 T
1223 798 1244 818 T
1258 800 1273 819 Ε
1283 800 1296 819 S
1307 799 1329 819 T
1340 799 1386 819 οι(
1396 812 1404 825 ,
1436 792 1484 819 ari.
1522 794 1535 827 [
1542 792 1701 828 μαρτύρομαι
1712 793 1724 827 ]
1763 795 1848 831 Auget
1867 795 2023 832 aliquantum
2036 797 2166 835 fignifica-

35 839 170 859 nnonam.
201 829 231 854 D.
252 827 285 855 de
303 828 435 855 exn-nord.
455 829 590 857 criminib.
661 828 790 858 Attentari
811 828 939 854 sententia
958 827 1062 858 dicitur,
1116 830 1208 854 tionem
1219 827 1353 864 simpllcis.
1403 829 1434 854 V.
1454 837 1480 865 g.
1508 829 1633 855 Attestari
1651 830 1809 856 memoriam
1827 833 1950 858 omnium
1969 833 2026 859 Cic.
2042 843 2090 868 pro
2104 835 2165 867 Syll.

33 875 96 896 ‚uum
103 872 150 902 per
157 863 351 900 appellationem,
358 874 389 890 an
403 863 468 899 iusta
475 865 572 906 fuerit,
586 864 727 900 discutitur.
761 863 834 890 Idem
848 863 876 889 in
891 863 1061 897 sfileganter.
1072 872 1106 890 20
1117 873 1139 890 c.
1154 872 1195 896 29.
1235 865 1327 900 Nempe
1346 866 1384 890 ita
1397 863 1523 900 legendum
1537 871 1675 900 putamus.-
1703 865 1750 891 Sed
1770 865 1834 900 quia
1852 867 1911 893 sunt
1931 867 2055 903 descripti
2074 871 2165 896 consu-

32 902 137 933 ·..Tunc
149 900 227 926 enim.
246 900 277 926 D.
292 899 325 926 de
337 899 460 927 Condi&
476 901 564 929 mdeb.
586 903 667 929 Tunc
678 900 749 927 enim
763 899 896 934 rescriptis
909 900 997 926 locum
1012 899 1061 924 effe
1117 900 1198 931 lares,
1219 899 1251 926 de
1268 899 1309 926 his
1329 905 1431 926 tantum
1452 900 1521 926 mihi
1541 900 1683 927 dicendum
1704 901 1813 935 putaui,
1834 902 1907 936 quod
1927 903 1988 930 satis
2007 906 2067 932 effet
2102 912 2167 932 atte-

85 935 183 964 endum
201 935 252 968 est,
272 945 356 971 quum
375 936 406 963 de
428 937 555 964 sententia
572 936 735 967 indubitata,
759 944 827 970 quae
848 935 923 961 nullo
940 933 1061 961 remedio
1116 935 1193 962 stanti
1207 936 1366 962 memoriam
1378 936 1515 968 omnium,
1535 937 1670 963 neminem
1690 937 1738 963 else
1760 945 1791 963 ex
1812 937 1861 963 illo
1874 937 1986 966 honoris
1999 926 2096 975 gradti,
2118 942 2167 977 qui

47 966 146 1011 affirm-i
165 970 264 1007 potest,
290 972 450 1007 tranligitur.
531 973 732 1000 Testamentum
754 977 898 1002 attentare,
931 973 949 996 i.
971 971 1063 996 Conari
1117 980 1171 996 non
1184 972 1260 997 omni
1275 971 1379 1003 studio,
1397 972 1514 1004 virtute,
1534 972 1709 1005 auetoritate,
1730 971 1882 999 incubuerit
1903 973 1935 999 ad
1949 975 2090 1010 Rempubl.
2104 986 2166 1004 con.

95 1008 164 1039 llere,
181 1005 350 1042 labefat‘lare,
371 1015 481 1044 rumpere
502 1008 587 1035 Valer.
600 1009 669 1035 Max.
683 1015 709 1041 7,
722 1012 745 1038 8,
764 1006 792 1032 de
805 1006 904 1033 Metello
913 1026 919 1037 ,
940 1006 997 1033 Nec
1011 1004 1062 1031 hoc
1116 1006 1279 1033 seruandam.
1317 1006 1436 1034 Ftufiuac
1453 1006 1527 1034 letho
1546 1011 1614 1035 inter
1625 1008 1788 1035 attestantem
1800 1010 1976 1042 memoriam,
1994 1018 2018 1036 ει
2031 1012 2166 1039 attestante

35 1065 37 1070 .
73 1050 204 1072 amentum
221 1044 278 1069 eius
299 1044 359 1078 quis
380 1053 441 1071 uam
458 1044 605 1071 attentauit.
679 1043 734 1069 Cic.
750 1051 799 1076 pro
812 1042 879 1068 Sext.
894 1051 909 1074 9
930 1052 952 1068 c.
968 1051 987 1074 4
1013 1041 1061 1067 Ca·
1075 1049 1105 1074 23
1116 1043 1255 1069 memoria.
1294 1043 1353 1069 Hoc
1367 1043 1502 1070 attestatur
1515 1043 1604 1071 breuis
1618 1044 1715 1079 Aesopi
1728 1044 1819 1071 fabula
1832 1044 1927 1071 Phaed.
1943 1054 1968 1078 1,
1989 1054 2028 1078 11,
2042 1055 2062 1079 3.
2100 1049 2167 1076 Plin,

82 1092 85 1103 ι
114 1086 222 1114 propter
234 1053 440 1114 plurimastelli
452 1079 664 1114 importunitates
683 1077 718 1105 ab
733 1078 779 1105 illa
797 1078 881 1112 impia
898 1083 925 1104 et
939 1077 1060 1104 scelerata
1116 1078 1144 1104 in
1164 1078 1246 1112 praef.
1266 1079 1325 1104 Hoc
1339 1079 1524 1111 attestabatur,
1544 1081 1586 1107 vel
1601 1081 1714 1107 inimico
1728 1080 1813 1107 iudici
1826 1081 1852 1106 se
1865 1081 1974 1115 probari
1988 1083 2065 1116 polse.
2104 1085 2167 1110 Lau-

35 1131 48 1141 ,
59 1124 103 1143 nu
118 1115 242 1142 attentari
260 1115 444 1150 suspicabatur.
500 1114 573 1141 Idem
588 1115 616 1140 in
629 1115 704 1141 Orat.
719 1120 766 1144 208
792 1114 863 1140 Nam
880 1122 963 1148 quum
983 1113 1005 1139 is
1024 1112 1061 1138 est
1116 1113 1192 1140 datur
1204 1117 1276 1140 etiam
1289 1123 1319 1140 ex
1334 1114 1393 1141 eod.
1414 1115 1501 1141 Plinio
1521 1124 1554 1148 2,
1572 1121 1615 1147 108
1636 1116 1780 1143 Attestante
1793 1116 1982 1151 Artemidoro,
2000 1124 2024 1144 et
2033 1117 2075 1153 fic
2094 1117 2178 1146 edith

0 1159 3 1174 ἱ
34 1151 145 1183 ·uditor‚
164 1151 212 1187 qui
224 1159 278 1178 non
291 1157 423 1184 vereatur,
435 1159 468 1177 ne
486 1150 644 1185 compositae
661 1149 792 1177 orationis
812 1149 913 1176 insidiis
934 1150 978 1175 sua
997 1148 1062 1174 fides
1116 1156 1178 1176 vett.
1216 1149 1264 1177 Sed
1275 1160 1291 1176 α
1303 1151 1462 1186 ΒαΙὲεαηιΡίο
1476 1151 1533 1177 inde
1546 1153 1655 1188 legitur,
1676 1152 1841 1179 Artemidori
1855 1153 1968 1179 ratione.

10 1202 13 1214 2
51 1193 179 1219 tentetur,
198 1187 310 1222 gratiam
323 1195 430 1223 quoque
441 1185 520 1213 habet
539 1186 642 1213 oratori
654 1185 786 1221 voluptati
802 1186 907 1212 aurium
926 1184 1062 1212 seruienti.
1153 1193 1175 1212 A
1185 1191 1205 1211 T
1215 1192 1235 1210 T
1245 1192 1261 1212 Ε
1270 1193 1282 1212 s
1297 1192 1316 1212 T
1330 1193 1350 1212 Α
1363 1191 1385 1212 Τ
1397 1194 1406 1212 ι
1415 1193 1434 1213 o
1444 1207 1452 1219 ,
1479 1187 1548 1213 onis.
1586 1188 1606 1213 f.
1649 1188 1767 1215 Macrob.
1781 1189 1870 1215 Somn.
1886 1188 1954 1223 Scip.
1967 1197 1994 1221 2,
2007 1197 2024 1222 9
2045 1189 2168 1218 Describi

0 1232 3 1237 ·
45 1224 142 1251 tVerr.
157 1232 178 1254 2,
191 1232 228 1256 ¹33
249 1232 271 1249 c.
287 1231 320 1257 34
340 1222 466 1249 Omnium
480 1221 606 1248 inimicos
621 1227 719 1249 attente
732 1223 904 1256 cognoscere,
925 1220 1061 1255 colloqui,
1074 1230 1106 1254 30
1117 1220 1167 1248 hoc
1186 1221 1275 1248 nostra
1295 1221 1460 1248 attestatione
1480 1232 1534 1249 non
1553 1222 1654 1251 debuit.
1707 1224 1774 1251 Adai.
1790 1223 1913 1251 Trebell.
1930 1224 1995 1252 Poll.
2003 1225 2085 1259 Trig.
2095 1226 2165 1258 Tyr.

24 1271 29 1286 z
50 1265 157 1286 tentare.
230 1259 351 1294 Tempus
364 1259 429 1293 pros
442 1266 517 1284 erum
527 1257 646 1285 laudatur
659 1258 749 1285 Tacit.
757 1259 824 1284 Ann.
838 1266 874 1290 12,
888 1259 928 1286 68.
963 1257 1011 1284 Sed
1026 1256 1063 1282 ibi
1118 1267 1139 1283 c.
1159 1266 1189 1289 30
1216 1257 1303 1284 Exstat
1322 1258 1431 1292 epistola
1451 1258 1606 1292 Aureliani,
1627 1268 1694 1295 quae
1713 1261 1832 1295 captiuae
1852 1261 1962 1287 mulieri
1984 1260 2168 1289 testimonium

0 1306 9 1323 ιι
63 1315 72 1329 ,
87 1295 248 1322 aduentaret.
318 1293 393 1321 Bello
406 1302 421 1321 a
433 1294 539 1329 iquem,
557 1296 576 1320 i.
590 1294 695 1331 aggredi
709 1294 770 1320 Stat.
784 1292 875 1320 Theb.
890 1302 919 1325 4,
930 1300 968 1327 71.
1004 1291 1062 1319 Val.
1118 1293 1179 1320 sert.
1223 1294 1295 1320 Nam
1312 1303 1395 1328 quum
1420 1303 1435 1320 a
1456 1294 1616 1329 quibusdam
1638 1295 1890 1331 reprehenderetur,
1919 1296 1991 1332 quod
2009 1297 2167 1330 mulierem,

4 1355 8 1361 ‚
55 1340 123 1367 ·gon.
136 1340 164 1364 4,
181 1339 203 1357 11
224 1330 297 1357 Tum
309 1329 445 1365 precibus,
460 1335 519 1357 tum
531 1338 574 1356 me
585 1329 726 1362 lacrymis,
742 1335 769 1356 et
781 1329 897 1364 supplice
912 1328 1005 1355 dextra
1017 1328 1062 1354 At·
1118 1329 1192 1356 velut
1210 1329 1303 1356 ducem
1323 1329 1441 1364 aliquem
1459 1331 1502 1357 vir
1519 1331 1674 1358 fortissimus
1692 1331 1888 1366 triumphaffet,
1907 1332 1985 1359 miffis
1998 1332 2031 1359 ad
2043 1333 2167 1360 Senatum

0 1381 27 1394 .„
49 1374 123 1394 mare
142 1374 215 1393 veto,
1118 1365 1299 1400 populumque
1318 1367 1430 1392 Roman.
1450 1366 1550 1399 literis,
1578 1366 1625 1394 hac
1643 1369 1669 1394 se
1689 1367 1856 1395 attestatione
1875 1367 2003 1395 defendit.
2060 1371 2169 1397 Ponitur·

0 1412 29 1433 12„
60 1409 113 1430 AT
125 1408 147 1428 Τ
160 1409 176 1429 Ε
186 1408 207 1428 N
220 1407 242 1429 T
252 1407 368 1434 ATlo,
397 1400 464 1428 onis.
500 1400 521 1428 f.
558 1399 702 1433 Symmach.
717 1399 796 1435 Epist.
818 1401 850 1431 6,
871 1408 887 1432 9
921 1398 1064 1426 Sanftitate
1076 1406 1104 1432 35
1117 1400 1204 1427 deinde
1224 1399 1325 1436 epistola
1344 1401 1373 1427 de
1387 1402 1500 1428 laudibus
1513 1403 1640 1429 Zenobiae.

20 1440 29 1469 ·,’
44 1447 67 1466 ia
88 1438 193 1466 inanem
212 1437 385 1465 attentionem
401 1437 593 1472 comprimere,
612 1439 630 1463 i.
642 1436 750 1464 arbitrio
763 1436 811 1472 ,βω
825 1437 894 1462 litem
914 1438 969 1461 iniu
993 1445 1004 1461 e
1025 1438 1063 1461 in·
1156 1442 1209 1463 AT
1224 1443 1245 1462 T
1256 1443 1294 1463 Es
1308 1442 1329 1462 T
1341 1437 1364 1463 Ᾱ
1373 1443 1394 1461 Τ
1405 1444 1423 1464 o
1434 1444 1469 1469 R,
1500 1439 1563 1465 oris.
1599 1448 1635 1465 m.
1671 1439 1683 1472 [
1697 1437 1833 1474 ἒπιμοίρτυρ
1846 1440 1859 1474 ]
1908 1439 1973 1466 ΡΙίη.
1987 1440 2065 1474 Epist.
2086 1443 2119 1473 6,
2139 1447 2168 1476 17

0 1483 2 1499 ι
12 1483 22 1519 ¹·
46 1481 142 1501 ntatam
149 1473 237 1510 fim're.
1107 1472 1279 1506 *Quanquam
1294 1472 1353 1507 quis
1366 1481 1420 1498 vno
1433 1479 1459 1498 te
1473 1474 1642 1500 reuerentior
1656 1474 1735 1500 huius
1749 1475 1854 1508 operis,
1873 1475 1932 1508 quis
1946 1474 2090 1509 benignior
2104 1483 2168 1503 atte-

4 1522 13 1530 .,
59 1518 80 1536 A
90 1516 142 1536 ΤΤ
152 1517 168 1536 12·
178 1517 272 1542 Nvo,
294 1512 347 1536 ire.
383 1507 527 1542 [λεπτύνω]
562 1506 707 1539 Detrahere,
714 1507 804 1533 exilius
811 1516 847 1544 Aac
860 1509 958 1533 tenuius
964 1505 1063 1546 faeere.
1118 1507 1199 1534 stator
1213 1510 1221 1534 Ξ
1257 1508 1299 1536 Sic
1318 1507 1392 1534 editt.
1408 1515 1469 1535 vett.
1489 1515 1513 1535 et
1527 1511 1616 1545 plures
1628 1510 1704 1537 MSS.
1741 1509 1787 1537 Sed
1799 1509 1883 1536 editur
1895 1509 2063 1538 Aestimator.
2093 1510 2168 1537 ’Ἐπι-

41 1545 87 1572 tin.
102 1553 133 1577 11,
144 1553 172 1580 37
190 1545 292 1578 Lingua
304 1544 425 1571 leonibus
437 1553 468 1570 ac
479 1543 576 1578 pardis,
593 1542 771 1577 omnibusque
785 1542 888 1577 generis
901 1543 968 1575 eius,
982 1549 1064 1568 etiam
1117 1543 1291 1579 μαρτυρῆτης,
1311 1544 1390 1570 Glols.
1405 1544 1451 1571 Gr.
1468 1545 1525 1571 Lat.

0 1551 14 1608 Ξ
41 1580 128 1621 libus,
143 1580 297 1606 imbricatae
311 1579 456 1614 asperitatis
467 1588 498 1606 ac
511 1578 591 1605 limae
602 1578 705 1612 similis,
717 1585 906 1614 attenuansque
920 1578 1062 1606 lambendo
1072 1585 1109 1610 40
1154 1586 1177 1606 A
1187 1586 1208 1605 T
1221 1586 1242 1606 T
1252 1586 1269 1607 Ε
1278 1588 1291 1607 s
1303 1586 1325 1606 Τ
1337 1581 1360 1606 A
1368 1585 1391 1607 T
1402 1586 1422 1605 v
1434 1588 1455 1607 s.
1493 1580 1587 1607 Partic.
1622 1581 1635 1614 [
1647 1580 1863 1616 μεμαρτυρημένοε
1877 1583 1888 1614 ]
1920 1578 2085 1621 ,ΤςῙὶίηιοηίο
2105 1592 2169 1608 com-

0 1624 10 1647 2

26 1629 29 1636 v
79 1625 106 1644 m
125 1615 251 1642 hominis.
320 1616 425 1642 Lucret.
449 1623 474 1647 ι,
493 1619 533 1646 318
1112 1615 1245 1652 probatus.
1300 1616 1366 1642 Plin.
1382 1624 1420 1648 10,
1436 1625 1468 1649 43
1495 1616 1629 1643 Reddatur
1647 1623 1673 1642 et
1692 1616 1780 1642 coruis
1800 1616 1844 1642 sua
1859 1622 1961 1650 grana,
1981 1617 2168 1652 indignatione

284 1666 330 1672 —
364 1657 424 1678 tum
441 1656 530 1685 portas
555 1656 665 1685 propter
685 1649 768 1678 ahena
1117 1660 1226 1687 quoquc
1241 1652 1334 1686 populi
1347 1652 1463 1679 Romani
1483 1652 1616 1684 attestata,
1634 1661 1689 1678 non
1708 1652 1795 1678 solum
1813 1652 1982 1680 conscientia.
2036 1655 2078 1681 Sic
2095 1654 2168 1681 editt.

6 1713 11 1720 ,
26 1713 27 1717 ,
212 1687 306 1722 Signa,
324 1695 417 1714 manus
436 1686 540 1713 dextras
558 1686 698 1714 ostendunt
715 1686 847 1714 attenuari
1116 1694 1180 1714 vett.
1207 1688 1297 1714 Editur
1316 1697 1381 1714 nunc
1398 1688 1496 1715 testata.
1571 1688 1695 1715 Attestata
1715 1687 1871 1715 dicebantur
1884 1688 2006 1723 fulgura,
2027 1690 2103 1724 Quae
2121 1691 2169 1716 ite-

7 1728 35 1747 ’ρ
214 1723 293 1763 Saepe
311 1722 468 1749 salutantum
486 1721 567 1750 tactu.
777 1722 858 1749 Ouid.
876 1720 909 1749 de
925 1721 989 1748 Arte
1002 1721 1061 1748 Am.
1116 1729 1176 1750 rato
1196 1723 1310 1756 fiebant,
1339 1723 1464 1750 videlicet
1485 1724 1701 1758 lignificationem
1722 1724 1844 1759 priorum
1864 1725 2020 1752 attestantia.
2070 1720 2167 1753 Festus.

55 1766 100 1794 733
123 1759 266 1787 Attenuant
277 1767 404 1785 iuuenum
419 1757 544 1792 vigilatae
558 1767 671 1793 corpora
684 1756 784 1785 nostes.
857 1758 999 1793 Metaphor.
1029 1760 1060 1784 A.
1071 1769 1105 1796 45
1116 1759 1204 1786 Senec.
1221 1759 1284 1786 Nat.
1298 1760 1406 1793 Quieti.
1422 1769 1447 1793 z,
1461 1768 1497 1793 49
1515 1760 1636 1787 Fulmina
1650 1760 1766 1787 attestata
1780 1760 1838 1786 sunt
1847 1779 1856 1792 ,
1874 1769 1942 1795 quae
1956 1760 2091 1795 prioribus
2107 1770 2167 1788 con-

19 1819 38 1824 .
65 1796 130 1822 Her.
144 1804 167 1828 3,
190 1797 207 1821 6
232 1805 253 1822 c.
266 1804 279 1827 3
305 1794 469 1821 Huiusmodi
482 1800 567 1829 partes
587 1794 645 1821 sunt
662 1794 786 1827 virtutis,
805 1793 1022 1829 amplificandae,
1041 1793 1060 1820 fi
1116 1795 1242 1822 sentiunt.

36 1835 37 1839 ’
51 1830 188 1858 adebimus
202 1841 209 1861 3
225 1830 406 1863 attenuandae,
421 1829 439 1856 fi
453 1830 487 1857 ab
500 1829 541 1857 his
556 1829 776 1864 denotabimur,
795 1837 825 1857 vt
841 1830 904 1856 haec
925 1836 1059 1856 attenuen-
1153 1838 1175 1858 A
1185 1837 1206 1857 T
1215 1837 1236 1856 T
1246 1838 1262 1857 Ε
1272 1837 1318 1858 xo
1327 1850 1334 1861 ‚
1349 1830 1375 1867 s
1395 1837 1417 1856 A
1427 1837 1446 1856 D
1455 1837 1475 1857 T
1485 1837 1502 1856 Ε
1511 1838 1528 1856 x
1538 1837 1556 1856 ο
1565 1850 1573 1862 ,
1592 1830 1636 1861 ui,
1657 1835 1730 1862 tum,
1752 1832 1806 1857 ere.
1828 1832 2013 1865 [προσυφαᾶιω]
2048 1840 2073 1868 q.
2086 1832 2113 1858 d.
2133 1838 2168 1859 te-

73 1886 82 1900 ,
101 1875 168 1902 quae
187 1867 262 1901 supra
277 1866 463 1894 demonstraui.
533 1867 678 1893 Attenuare
695 1869 776 1903 igitur
788 1864 838 1899 est,
862 1865 927 1901 quod
944 1864 1062 1899 usitatius
1114 1866 1193 1893 xcndo
1206 1866 1350 1902 adiungere.
1389 1866 1442 1891 Cic.
1458 1865 1489 1891 de
1504 1866 1624 1892 Vniuers.
1639 1867 1670 1897 36
1691 1867 1743 1892 Vos
1759 1872 1847 1893 autem
1862 1866 1894 1892 ad
1906 1867 1943 1900 id,
1963 1866 2036 1902 quod
2048 1868 2099 1895 erit
2118 1869 2168 1895 im·
2209 1880 2210 1887 ι

44 1905 116 1929 ‘itur
129 1903 282 1929 Extenuare.
352 1904 524 1930 Attenuatum
535 1902 636 1929 bellum
654 1910 733 1937 atque
752 1902 926 1928 imminutum
939 1901 995 1927 Cic.
1012 1909 1062 1934 pro
1115 1901 1244 1934 mortale,
1269 1907 1370 1935 partem
1390 1901 1537 1927 antexitote
1556 1901 1704 1927 mortalem.
1742 1902 1815 1938 Conf.
1838 1903 1924 1929 Varro
1942 1903 1973 1929 de
1986 1904 2017 1929 R.
2032 1904 2066 1930 R.
2077 1912 2101 1934 2,
2115 1912 2138 1937 5,
2150 1913 2169 1932 2

0 1941 19 1971 ui
42 1947 90 1973 ege
103 1938 196 1965 Manu.
210 1947 249 1971 30.
286 1939 349 1965 leem
361 1939 518 1965 Attenuatae
529 1938 637 1972 praeliis
651 1938 768 1972 legiones
781 1937 853 1963 Caes.
867 1936 932 1963 Bell.
947 1936 1030 1962 Ciuil.
1038 1944 1098 1972 3,50
1116 1938 1174 1964 Nos
1192 1937 1293 1963 interea
1307 1936 1449 1963 secundum
1464 1936 1552 1963 ac‘ium
1566 1936 1598 1963 de
1612 1935 1760 1963 maioribus
1774 1937 1949 1972 (pecoribus)
1971 1938 2132 1966 adtexamus.

0 1974 19 2002 ἰθ
40 1995 60 2001 .
115 1975 199 2001 Amor
216 1973 298 2002 Ouid.
311 1975 343 2000 R.
354 1975 385 2001 A.
400 1979 455 2005 288.
489 1973 537 2001 Sed
547 1974 646 2000 Amore
659 1973 724 2000 Met.
735 1981 759 2005 3,
770 1978 830 2006 489.
888 1973 1062 1999 Attenuatum
1152 1979 1235 2000 ATT
1246 1980 1261 1999 Ε
1272 1981 1290 1999 x
1301 1980 1390 2005 Tvs,
1411 1981 1442 2004 a,
1478 1980 1531 1998 um.
1587 1971 1664 2005 Apul.
1687 1973 1752 1998 Met.
1779 1981 1787 1998 1
1810 1982 1835 2007 p.
1855 1975 1908 1998 260
1939 1973 2059 2000 Adtextis
2083 1974 2168 2009 capite

48 2009 125 2038 cendi
136 2019 217 2045 genus
230 2010 286 2038 Cic.
300 2009 333 2037 de
346 2010 422 2037 Orat.
437 2017 460 2041 3,
475 2017 509 2041 31.
581 2009 664 2035 Curas
682 2014 818 2035 attenuare
837 2007 918 2036 Ouid.
932 2008 1018 2034 Trist.
1032 2016 1061 2040 4,
1114 2008 1244 2035 crinibus.
1397 2020 1399 2023 ·

4 2054 15 2075 ,·
40 2072 43 2077 ,
63 2051 97 2077 18.
166 2045 296 2081 Inlignem
309 2051 426 2072 attenuat
438 2045 524 2077 Deus,
545 2043 662 2072 Obscura
674 2053 796 2079 promens
810 2045 904 2071 Horat.
918 2043 969 2070 Od.
984 2053 1003 2075 1,
1016 2051 1028 2075 3
1051 2063 1060 2075 ,
1151 2051 1173 2069 A
1183 2050 1205 2069 T
1215 2051 1235 2069 T
1245 2050 1323 2073 His,
1343 2041 1402 2067 i'dis.
1422 2041 1442 2067 f.
1463 2041 1476 2074 [
1483 2040 1588 2075 'Ar-325]
1626 2040 1802 2077 Crmzaifilia,
1837 2051 1880 2069 uae
1902 2045 2002 2079 regioni
2022 2053 2108 2071 nomen
2128 2045 2168 2072 ds-

5 2079 11 2090 '
50 2102 56 2108 .
111 2080 210 2109 Luctus
221 2081 304 2109 Ouid.
316 2080 350 2108 ad
362 2081 423 2108 Liu.
436 2089 495 2114 342.
564 2081 660 2107 Manus
672 2080 780 2107 Tibull.
798 2088 819 2111 1,
831 2088 860 2111 4,
873 2084 915 2111 48.
951 2053 1061 2104 Bromi·
1115 2077 1174 2111 dtffi
1185 2077 1285 2113 fertur.
1305 2112 1311 2116 Ι
1324 2078 1416 2112 Nempe
1621 2074 1641 2115 fl
1663 2086 1678 2103 2
1699 2077 1786 2104 Atthis
1798 2079 1819 2111 ε]
1843 2080 1934 2105 Attica
1948 2086 2025 2107 terra.
2064 2081 2170 2108 Lucret.

46 2117 71 2154 s.
84 2116 201 2154 praesta
214 2117 363 2145 Atteruilse.
434 2117 503 2151 Opes
522 2116 593 2142 fame
613 2115 759 2142 Absumere
778 2113 859 2140 Ouid.
873 2114 937 2138 Met.
949 2117 962 2140 8
971 2132 979 2144 ,
997 2117 1060 2144 844,
1073 2122 1101 2148 55
1116 2115 1142 2144 6,
1162 2121 1219 2146 1114
1237 2111 1347 2139 Atthide
1359 2118 1494 2140 tentantur
1507 2113 1613 2146 gressus,
1631 2116 1650 2140 i.
1663 2116 1690 2139 in
1703 2115 1793 2140 Attica
1806 2114 1921 2141 laborant
1927 2116 2038 2142 homines
2045 2116 2169 2153 frequen-

29 2162 48 2178 ἐ
62 2152 236 2187 Erilichtbone.
308 2152 435 2179 Vmbram
449 2150 552 2177 arboris
565 2150 661 2176 Catull.
673 2152 714 2181 63,
727 2157 767 2181 41,
781 2155 830 2183 pro
840 2146 988 2182 frondibus,
1000 2156 1060 2182 quae
1113 2154 1153 2174 ter
1160 2149 1285 2186 podagra.
1489 2145 1509 2186 q
1535 2157 1546 2181 3
1570 2150 1619 2175 Pro
1634 2151 1732 2176 ›nullm-e
1743 2153 1833 2176 Attica
1844 2151 1961 2178 Martial.
1978 2161 2012 2185 11,
2029 2160 2061 2186 54
2081 2153 2169 2187 Q1ale

60 2189 263 2223 brampraebene.
298 2188 325 2213 Si
338 2196 371 2213 eo
383 2185 575 2212 medicamento
589 2193 636 2218 per
642 2184 752 2219 pinnam
764 2182 866 2217 saepius
878 2191 953 2209 nares
967 2183 1060 2216 tactae,
1115 2183 1193 2210 decus
1207 2185 1311 2212 formae
1327 2184 1333 2210 !
1369 2185 1516 2212 Romanam
1534 2184 1641 2212 credere
1660 2191 1756 2212 matres
1773 2184 1879 2220 Italides
1900 2188 2019 2222 poffunt,
2045 2188 2169 2216 Atthides

32 2219 42 2249 ¹¹.
75 2223 149 2251 modi
158 2223 230 2249 vitia
245 2221 371 2256 (polypi)
385 2225 518 2247 attenuata
530 2219 629 2246 cotidie
646 2219 818 2246 emendantur
831 2217 914 2245 Scrib.
929 2227 963 2252 51.
1116 2220 1164 2247 effe
1179 2221 1260 2248 suam.
1297 2221 1338 2248 Sic
1351 2220 1408 2247 Seu.
1422 2220 1531 2256 Hippol.
1547 2222 1602 2247 106.
1639 2226 1665 2247 et
1682 2222 1762 2248 Herc.
1787 2222 1848 2249 Oct.
1868 2231 1929 2249 200.
2107 2223 2128 2262 q
2148 2235 2168 2259 4

3 2278 4 2281 ,
31 2262 109 2290 ,AT
120 2258 258 2286 TENVA‘
265 2263 286 2282 T
295 2264 347 2283 vs.
383 2255 477 2283 Partic.
513 2255 692 2289 [mammaea]
729 2256 833 2282 Praeter
846 2255 954 2290 exempla
967 2257 994 2281 in
1007 2253 1061 2291 spso
1115 2256 1233 2293 Luscinia
1237 2256 1278 2291 fic
1289 2263 1404 2289 vocatur,
1424 2259 1483 2292 quia
1498 2267 1527 2283 ex
1562 2257 1685 2289 hilomela,
1700 2257 1844 2292 Athenienfi
1851 2260 1946 2293 puella,
1961 2261 1990 2284 in
2002 2267 2069 2285 auem
2088 2266 2167 2286 muta-

27 2283 47 2317 ἴ
69 2307 87 2317 ,ι
102 2297 152 2322 iam
163 2290 283 2325 laudarit,
300 2292 395 2320 nobiles
400 2292 464 2327 fimt
475 2291 563 2318 Sortes
581 2296 730 2318 attenuatae
748 2291 808 2317 Liu.
823 2299 861 2323 21,
877 2292 909 2316 62
930 2296 954 2316 et
972 2299 1021 2323 22,
1042 2299 1060 2317 1.
1071 2298 1107 2323 60
1115 2298 1142 2318 ta
1156 2290 1197 2325 est.
1270 2292 1387 2319 Martial.
1403 2301 1423 2324 1,
1437 2301 1470 2325 54
1496 2293 1538 2318 Sic
1574 2292 1603 2319 bi
1621 2293 1763 2319 multisona
1775 2292 1863 2319 feruet
1876 2294 1946 2320 sacer
1960 2293 2070 2320 Atthide
2082 2294 2166 2323 lucus.

19 2320 38 2353 f!
69 2344 111 2366 μ’.)
130 2339 155 2356 ²5
173 2328 256 2366 vlsde,
275 2328 341 2364 q¹¹⁰d
353 2327 500 2365 „Prodigium
519 2333 590 2360 ”⁴2²2
602 2326 699 2364 fraude
719 2326 788 2362 forte
801 2326 978 2363 sacerdotum,
993 2328 1062 2361 pilu·
1114 2327 1164 2356 Sed
1177 2331 1250 2355 etiam
1261 2327 1368 2356 hirundo
1383 2327 1468 2354 Atthis
1481 2326 1515 2361 est
1528 2327 1602 2354 eidem
1618 2329 1723 2361 Poetae,
1744 2335 1827 2364 nempe
1846 2330 1943 2362 Progne
1962 2329 2109 2358 Philomelae
2123 2331 2167 2369 sb-

43 2369 59 2387 „¹
86 2371 90 2375 ’·
136 2375 156 2402 Ἰε·
180 2375 221 2392 eas
240 2367 452 2400 permutandum,
474 2369 621 2399 procurata.
694 2363 824 2403 Supfrlaq
853 2362 1063 2402 Attenuatissima
1115 2373 1175 2396 ror,
1193 2372 1215 2397 ς,
1230 2367 1260 2394 68
1296 2363 1428 2390 Hibernas
1451 2369 1570 2397 peterent
1592 2363 1672 2390 solito
1693 2373 1754 2391 cum
1773 2373 1848 2391 more
1861 2360 1970 2391 rec'elsus
1984 2364 2107 2393 Atthides
2119 2374 2165 2393 etc.

43 2393 131 2456 3³31-
149 2401 180 2428 A.
193 2401 227 2428 ad
240 2401 305 2428 Her.
319 2409 332 2433 3
351 2409 374 2427 c.
387 2409 427 2435 14.
471 2400 605 2427 Fortimae
623 2398 766 2426 familiaris
785 2407 827 2425 rei
847 2398 1063 2425 attenuanffimae
1116 2397 1137 2436 q
1158 2407 1170 2432 ς
1195 2401 1272 2448 Plane
1284 2402 1416 2439 propi-ium
1437 2397 1471 2432 est
1488 2409 1574 2425 nomen
1586 2400 1683 2440 puellae
1696 2410 1711 2426 α
1724 2400 1821 2436 Sappho
1832 2407 1930 2441 amatae
1948 2407 1988 2438 ap.
2003 2401 2084 2429 Ouid.
2099 2404 2165 2430 Her.

8 2453 12 2455 ’
49 2452 60 2462 ‘'
76 2467 88 2495 ἑ·
101 2446 256 2501 ‘aiii-v..
266 2478 325 2500 η.
361 2471 430 2499 Adu.
466 2469 688 2506 mamm...]
729 2472 772 2503 m,
786 2470 844 2497 ei..
858 2469 890 2496 a..
903 2469 974 2497 cu..
985 2470 1060 2495 01...
1070 2480 1088 2505 6
1117 2440 1202 2498 ¹⁵2¹}
1211 2435 1469 2498 ἷέἳὲἕὲἓῗῖιῗῗῗ
1483 2434 1686 2499 ἶῗΐῖξῗὲιέῗ
1702 2442 1777 2469 “n‘e’
1798 2445 1872 2463 mm·

12 2507 26 2553 ’τί
64 2506 105 2537 e.
114 2517 142 2543 53
162 2510 306 2536 Oratorurn
318 2507 453 2535 bonorum
466 2508 520 2535 duo
532 2508 592 2535 sunt
604 2516 715 2542 genera,
727 2515 812 2533 vnum
827 2511 975 2545 attenuate,
990 2505 1060 2544 pres·
1089 2486 1102 2512 ⁵
1155 2504 1296 2534 ATTicA.
1319 2506 1439 2541 ['A·t·3'1'5,
1457 2506 1577 2541 Ἀττική]
1622 2508 1701 2544 Regio
1716 2510 1804 2544 prima
1824 2509 1940 2535 Graeciae
1951 2511 2072 2545 propriae
2084 2509 2166 2542 Acte,

18 2573 20 2578 ,
54 2553 112 2578 ·ue,
129 2543 691 2607 alteriiminbiffeerbifflsslffflelgioemmm⁸
726 2542 778 2569 Hic
791 2539 915 2577 opposuit
929 2539 1059 2568 aduerbio
1105 2542 1262 2608 gpzAEtica
1276 2545 1417 2579 antiquitus
1429 2540 1545 2575 difflssab
1553 2542 1618 2569 Ac'te
1625 2543 1649 2580 s
1663 2543 1740 2577 οἷκτῇ,
1750 2544 1815 2580 quod
1820 2543 1882 2582 sere
1891 2545 2004 2572 litoralis
2022 2541 2078 2580 est&
2107 2545 2166 2573 Vid.

56 2587 195 2651 A‘Il'lfflieE’N
204 2589 257 2642 Vni&
265 2589 350 2648 Tam,
379 2615 449 2642 smis-
483 2589 519 2641 ΕΡ
540 2599 715 2655 Ιξλξπτννσις]
743 2613 817 2650 Sensu
833 2612 968 2653 ¹’‘ht'loricv·
983 2646 990 2652 ‚
1006 2612 1059 2652 Au·
1142 2586 1316 2658 ‘IA'T4T’iC‘1-:3
1337 2623 1372 2640 es.
1391 2614 1411 2640 f.
1449 2614 1518 2654 Cels.
1531 2624 1553 2647 5,
1569 2619 1604 2647 ιε,
1620 2623 1649 2655 ι9
1668 2616 1796 2642 Miscetur
1812 2614 1892 2642 ochra
1902 2635 1910 2647 ‚
1930 2623 1998 2651 quae
2018 2616 2106 2643 Attice
2119 2625 2167 2643 no-

0 2655 5 2716 }
47 2661 80 2679 ⁰
93 2646 1525 2720 2ss¹p¹3¹taffiz¹tssz13et131,33‘²¹32.¹2.³.¹K.²2‘.¹.‘.’‚.¹{¹¹t¹illii¹ss..⁶12“¹¹¹““¹'⁷0233533‘5.²s..?3553?.12535“³¹³
1681 2659 1723 2687 ³⁷²
1743 2660 1771 2678 ¹0
1792 2652 1811 2678 s·
1825 2653 1860 2678 ⁶⁶
1890 2652 2002 2679 ...m
2022 2651 2167 2688 Pht...

12 2716 15 2719 ¹
58 2728 227 2750 ATTERM
237 2729 245 2747 1
255 2718 322 2754 ιθο,
349 2720 399 2754 siue
428 2706 690 2754 ADTERMINO,
709 2726 763 2749 are.
799 2725 817 2748 i.
836 2722 999 2754 Terminare,
1018 2718 1059 2746 de·
1151 2729 1232 2750 ATT
1243 2720 1279 2749 ic
1289 2728 1341 2748 vs.
1362 2721 1421 2748 Adi.
1442 2720 1594 2756 [Ἀττικὸς]
1636 2722 1665 2748 V.
1674 2730 1699 2758 g.
1718 2721 1804 2749 Attica
1818 2722 1987 2757 Eloquentia,
2004 2725 2022 2749 i.
2031 2733 2049 2750 e.
2059 2723 2164 2751 Summa.

17 2791 22 2794 Δ
42 2760 104 2784 ire.
139 2756 238 2784 Arnob.
252 2765 265 2790 3
284 2765 308 2792 p.
324 2765 370 2793 107
390 2757 459 2784 Deos
475 2756 523 2784 filo
542 2757 723 2795 adterminatis
737 2758 864 2784 humano.
1119 2759 1177 2787 Vid.
1195 2759 1332 2786 Burmann.
1352 2757 1385 2783 ad
1403 2757 1533 2791 Quinctil.
1553 2765 1673 2792 prooem.
1687 2757 1733 2784 lib.
1750 2760 1767 2784 6
1784 2759 1823 2784 De
1838 2759 1927 2785 Attico
1940 2768 2036 2793 genere
2049 2759 2165 2792 dicendi,

13 2796 20 2816 ¹
59 2799 114 2821 AT
127 2791 248 2826 TERO,
271 2793 352 2826 tsffli,
374 2795 483 2826 tritum,
503 2794 556 2820 31⁸0·
593 2794 695 2829 [napus-
708 2792 771 2827 ἵζω]
812 2794 853 2820 Ira
871 2791 996 2818 ‘ldmfflst'r‘
1007 2789 1060 2824 fibi
1115 2795 1180 2832 quod
1191 2793 1323 2830 oppositum
1343 2791 1377 2827 est
1404 2793 1500 2820 Aliano
1518 2793 1572 2820 vid.
1593 2799 1749 2820 ASIANVS.
1787 2800 1813 2820 et
1839 2794 1969 2827 Qunffil.
1985 2803 2022 2827 12,
2042 2804 2071 2821 10
2085 2801 2165 2830 paene

12 2839 23 2852 a
54 2839 67 2856 o
78 2835 199 2865 cmpora,
216 2835 247 2856 vt
258 2831 371 2864 utrique,
386 2830 426 2855 vel
436 2830 555 2856 alterutri
568 2829 666 2866 aliquid
678 2805 787 2857 adcedam
841 2828 907 2854 Plin.
920 2836 947 2860 9,
961 2834 987 2860 51
1006 2827 1058 2852 An·
1071 2841 1103 2869 75
1113 2838 1174 2858 toto.
1216 2830 1353 2864 Elegantia
1373 2829 1441 2855 Ter.
1456 2830 1519 2855 Eun.
1534 2837 1546 2861 ς
1555 2849 1563 2862 ,
1578 2834 1608 2862 8,
1624 2831 1663 2861 63.
1700 2829 1794 2863 Fides,
1816 2833 1834 2856 i.
1847 2833 1948 2857 Sincera
1964 2830 2083 2857 Velleius
2096 2839 2119 2863 2,
2127 2839 2165 2864 23,

2 2867 23 2898 »ζ
59 2865 119 2892 illae
129 2870 244 2892 atterunt
255 2865 281 2891 se
294 2863 414 2899 scopulis.
468 2865 568 2892 Attrita
582 2865 653 2892 inter
664 2866 691 2893 se
704 2865 775 2901 ligna
789 2864 853 2892 Plin.
868 2872 889 2894 2,
903 2871 958 2899 107.
1004 2862 1055 2889 Afi-
1111 2878 1139 2902 4.
1176 2865 1250 2893 Adeo
1266 2872 1336 2893 certa
1350 2864 1593 2891 Athenienlium-in
1607 2865 1741 2891 Romanos
1758 2864 1821 2892 tides
1834 2866 1902 2898 fuit,
1924 2871 1952 2892 vt
1976 2866 2080 2900 semper
2097 2872 2123 2892 et
2135 2866 2165 2897 in

0 2900 33 2934 ιδ,
51 2910 70 2928 ¹⁵
88 2906 200 2928 atterens
220 2901 246 2927 se
263 2900 370 2935 spinetis
391 2900 466 2927 Idem
483 2910 527 2934 ιο,
541 2908 586 2936 74.
606 2903 625 2928 i.
636 2901 781 2936 Affricans.
836 2898 967 2926 Columel.
985 2907 1018 2932 ιι,
1030 2908 1056 2932 2,
1111 2903 1187 2929 omni
1204 2911 1250 2934 re,
1268 2900 1401 2936 quidquid
1422 2901 1519 2927 lincera
1541 2899 1593 2927 fide
1622 2907 1773 2935 gereretur,
1800 2901 1828 2927 id
1851 2901 1966 2927 Romani
1988 2902 2074 2927 Attica
2094 2901 2163 2935 fieri,

43 2951 46 2959 .
79 2936 107 2963 de
120 2936 231 2970 vitibus,
249 2937 292 2963 Ne
311 2942 439 2964 tumentes
458 2946 577 2972 gemmae
595 2937 749 2969 laedantur,
768 2942 794 2964 et
814 2935 886 2962 oculi
903 2940 1057 2962 atterantur.
1111 2938 1301 2974 praedicarent.
1345 2938 1448 2971 Lepos,
1470 2937 1583 2963 Hieron.
1601 2935 1634 2963 de
1647 2938 1752 2972 optimo
1764 2945 1822 2971 gen.
1838 2938 1935 2971 Interp.
1973 2937 2102 2963 Profluuii
2117 2938 2164 2964 At-

0 2987 5 3005 :
47 2971 118 3006 irssil·
130 2973 226 3007 6²0¹&
238 2982 267 3007 4,
282 2980 310 2999 ¹²·
343 2986 389 2993 -·
422 2979 468 3000 aut
480 2982 569 3000 errans
581 2972 677 3001 bucula
691 2982 784 3008 campo
819 2971 941 2998 Decutiat
957 2979 1057 3004 rorem,
1111 2975 1156 3001 tici
1177 2977 1269 3000 mentio
1291 2974 1383 3007 Veget.
1402 2971 1516 2999 Mulom.
1539 2981 1559 3005 ι,
1576 2980 1621 3007 17,
1639 2981 1677 3006 19.
1714 2976 1744 2999 ir.
1761 2981 1780 3005 ι,
1794 2977 1831 3004 38,
1844 2982 1862 3006 4
1881 2972 1908 2998 de
1922 2981 1967 3008 quo
1979 2972 2087 2999 nondum
2100 2982 2163 2999 com-

0 3014 19 3044 ,·(
67 3007 198 3042 surgentes
216 3013 309 3035 atterat
328 3007 429 3036 herbas.
499 3009 566 3036 Cels.
587 3009 616 3036 in
635 3018 755 3044 prooem.
775 3007 822 3035 lib.
838 3015 847 3033 1
877 3007 908 3033 Et
928 3006 992 3034 duce
1007 3006 1057 3034 alii
1067 3013 1165 3046 goperi
1181 3011 1283 3040 melius,
1301 3018 1373 3044 quam
1391 3008 1425 3034 acl
1442 3009 1512 3035 illum
1532 3009 1609 3034 locum
1627 3007 1760 3045 adscripsi,
1786 3014 1868 3043 nempe
1888 3009 1999 3044 intelligi
2008 3007 2092 3042 fimile
2110 3010 2162 3042 illi,

5 3040 10 3054 ⁴
43 3055 46 3068 ι
58 3042 171 3070 afistrato
183 3043 262 3070 atteri
274 3043 364 3071 cibum
376 3043 406 3070 in
417 3049 510 3072 ventre
522 3045 691 3073 contendunt.
754 3044 819 3071 Plin.
830 3048 853 3075 8,
867 3050 879 3076 5
902 3042 931 3069 de
944 3043 1056 3078 elephan-
1109 3056 1156 3082 quo
1165 3053 1212 3081 per
1221 3043 1390 3080 pestilentiam
1397 3046 1512 3071 Atticam
1524 3044 1661 3071 laboratum
1674 3043 1717 3077 effi
1731 3044 1801 3070 docet
1812 3043 1926 3077 Thucyd.
1935 3053 1958 3075 2,
1966 3052 2008 3078 49·
2081 3044 2161 3071 Stilus

0 3098 4 3103 -
44 3078 102 3110 bus,
120 3079 230 3106 Amnem
242 3079 376 3107 transituri
390 3080 517 3109 minimos
530 3082 718 3117 Ptaflmsttunf,
738 3090 771 3107 ΠΕ
793 3080 925 3106 maiffl'l'm
944 3078 1056 3114 ingressu
1111 3082 1167 3109 Cic.
1182 3081 1214 3108 de
1222 3081 1290 3108 Clar.
1300 3081 1375 3107 Orat.
1385 3082 1440 3114 167.
1495 3079 1631 3106 Subtilitas
1649 3079 1724 3106 Idem
1737 3081 1780 3115 67.
1850 3079 1951 3105 Atticus
1971 3077 2006 3111 est
2024 3079 2161 3116 Cagvzomen

0 3133 4 3152 ἰ
49 3120 151 3151 gerente
165 3113 286 3147 alueum,
302 3115 397 3143 crescat
415 3117 526 3152 gurgitis
539 3116 662 3145 altitudo.
734 3114 857 3143 Imbelles
878 3115 967 3142 atterit
984 3114 1056 3142 hasta
1114 3119 1174 3145 Titi
1195 3119 1340 3153 Pomponii,
1358 3118 1423 3152 quod
1442 3117 1529 3142 Attice
1547 3119 1636 3150 optime
1653 3117 1799 3151 loqueretur.
1844 3115 1935 3150 Nepos
1949 3114 2028 3141 Attic.
2044 3124 2073 3148 4,
2089 3124 2100 3142 1
2118 3116 2171 3144 Sic*

36 3163 38 3168 ν
56 3169 59 3173 ,
85 3159 114 3176 us
126 3151 242 3184 Propert.
254 3159 282 3183 4,
295 3159 318 3183 3,
331 3159 348 3177 2
369 3170 375 3177 .
409 3152 490 3180 Plaut.
504 3154 572 3181 Pers.
585 3162 614 3187 4,
621 3162 680 3187 92¹¹
700 3153 832 3187 Cuiquam
845 3151 953 3178 mortali
966 3150 1056 3178 libero
1110 3154 1210 3181 Graece
1229 3151 1405 3188 loquebatur,
1430 3157 1459 3178 vt
1476 3151 1586 3177 Athenis
1601 3156 1676 3177 natus
1693 3151 1837 3178 videretur.

107 3186 235 3213 atteram3
253 3185 282 3212 de
293 3192 351 3212 ante
372 3189 462 3215 atione.
496 3190 544 3216 Per
555 3191 754 3221 translationem,
767 3186 864 3214 Attrita
879 3186 955 3214 bellis
963 3186 1055 3214 Aethi·
1069 3193 1098 3222 8,-
1145 3197 1168 3216 A
1177 3196 1198 3216 T
1207 3195 1241 3215 TI
1250 3196 1266 3216 c
1277 3196 1297 3215 v
1306 3196 1322 3214 L
1332 3195 1355 3214 A
1375 3194 1480 3214 vocatur
1494 3189 1580 3215 Attici
1584 3186 1645 3223 filia
1665 3187 1721 3214 Cic.
1738 3188 1791 3213 Att.
1804 3188 1836 3218 6,
1850 3192 1870 3218 ς.

35 3214 84 3250 1-ιει
96 3221 162 3248 Pliu.
176 3224 203 3254 6,
217 3230 259 3255 29.
295 3222 336 3249 Sic
347 3221 376 3248 de
386 3221 500 3251 bellorum
509 3225 669 3252 incommodis
681 3225 772 3252 Tacit.
782 3223 849 3249 Hist.
861 3231 881 3255 1,
896 3227 936 3256 89,
950 3231 959 3250 1
977 3224 1054 3256 Qiac
1146 3233 1168 3252 A
1178 3232 1199 3252 T
1208 3231 1229 3250 T
1240 3233 1248 3251 1
1258 3231 1274 3251 C
1284 3231 1309 3251 E.
1328 3222 1398 3249 Adu.
1417 3223 1575 3257 [Ἀττικῶς]
1612 3229 1650 3255 vt,
1672 3223 1758 3249 Attice
1771 3221 1862 3256 loqui,
1882 3220 1907 3248 h.
1916 3229 1935 3247 e.
1959 3220 1996 3248 lin
2032 3230 2048 3248 a
2059 3221 2158 3250 Attica.

56 3270 61 3280 ε
109 3257 230 3284 Vindicis
245 3257 315 3284 haud
327 3257 436 3292 perinde
449 3259 553 3293 plebem
566 3260 731 3288 atti-inerant.
779 3258 878 3286 Sallust.
891 3258 920 3285 in
932 3259 1010 3286 Catil.
1027 3260 1056 3285 16
1110 3261 1166 3287 Cic.
1183 3259 1215 3287 de
1229 3260 1300 3287 Clar.
1315 3259 1389 3286 Orat.
1404 3267 1454 3292 290
1478 3259 1549 3285 Nam
1563 3259 1654 3293 liquis
1670 3267 1729 3291 eos,
1751 3258 1798 3292 qui
1812 3265 1860 3283 nec
1878 3256 1966 3295 inepte
2003 3258 2093 3290 icunt,
2112 3267 2160 3285 nec

59 3328 63 3331 .
78 3292 143 3326 ,vbi
155 3302 248 3320 eorum
260 3294 360 3320 famam
372 3299 451 3329 atque
463 3295 591 3329 pudorem
603 3297 751 3329 annuerat,
765 3294 867 3321 maiora
879 3294 931 3322 alia
943 3295 1056 3330 impera·
1108 3296 1200 3323 odiose
1209 3317 1217 3328 ‚
1237 3305 1286 3323 nec
1299 3295 1404 3330 putide,
1423 3295 1510 3321 Attice
1523 3300 1598 3329 putat
1613 3294 1700 3321 dicere
1713 3304 1719 3320 :
1747 3294 1770 3319 is
1783 3292 1855 3320 reste
1869 3292 1918 3319 nili
1931 3293 2050 3320 Atticum
2063 3293 2160 3329 probat

0 3352 1 3363 ἱ
92 3332 112 3356 ι’.
127 3327 255 3366 Postquam
268 3329 302 3355 ad
313 3328 446 3365 infamiam
464 3337 488 3357 et
500 3331 681 3367 impudicitiam
694 3342 734 3360 eor
745 3331 870 3368 adegerat.
939 3330 1056 3357 Attriue-
1109 3332 1253 3359 neminem.
1289 3331 1362 3367 Conf.
1376 3330 1414 3357 Id.
1427 3329 1458 3357 de
1473 3336 1526 3365 opt.
1543 3339 1600 3365 gen.
1614 3330 1688 3357 Orat.
1703 3338 1724 3356 c.
1737 3338 1764 3362 4.

0 3365 1 3368 ’
35 3356 168 3393 ’φ’-εικῆ
181 3365 278 3393 alteros
290 3364 390 3392 Sallust.
403 3365 466 3392 Bell.
479 3366 598 3401 Iugurth.
612 3376 657 3403 79,
678 3368 706 3395 de
723 3367 790 3394 bello.
863 3365 972 3393 Hostem
990 3372 1053 3393 atte-
1063 3377 1099 3402 90
1146 3374 1407 3395 ATTICISMVS.
1427 3365 1623 3400 [Ἀττικισμᾰς]
1657 3367 1714 3401 quis
1719 3363 1758 3398 fit
1777 3365 1924 3400 explicemus
1943 3363 2028 3391 verbis
2047 3364 2157 3399 Qiine’t.

44 3393 67 3440 λζ’
77 3401 193 3434 Flet-3,
205 3410 247 3428 22-
267 3408 291 3428 et
310 3401 400 3429 lustin·
414 3410 455 3434 41,
468 3403 512 3435 64.
582 3404 715 3432 Viriculas
733 3402 889 3439 patrimonii
904 3403 1055 3438 peregrina·
1110 3405 1136 3436 6,
1149 3413 1171 3436 3,
1186 3412 1232 3439 107
1251 3404 1314 3430 Meo
1329 3402 1432 3429 iudicio
1446 3401 1492 3428 illa
1505 3402 1541 3428 est
1554 3401 1702 3432 vrbanitas,
1721 3401 1751 3426 in
1763 3409 1815 3436 qua
1835 3399 1904 3426 nihil
1924 3399 2066 3432 absonum,
2087 3400 2157 3427 nihil

49 3441 52 3444 ⁴
79 3436 102 3466 ἰ
114 3437 270 3464 attriucrant
287 3437 420 3472 impensae
434 3437 511 3472 Apul.
527 3446 550 3464 ιι
572 3448 596 3473 p.
608 3446 665 3474 271.
737 3438 893 3470 Atteruilse,
911 3443 958 3473 pro
974 3439 1056 3466 Attri-
1110 3439 1224 3474 agreste,
1243 3438 1313 3466 nihil
1337 3438 1522 3470 inconditum,
1540 3437 1610 3464 nihil
1637 3436 1823 3471 peregrinum,
1849 3444 1936 3471 neque
1958 3436 2047 3468 sensu,
2071 3444 2156 3471 neque

33 3492 35 3497 ,
90 3472 202 3500 Tibull.
217 3482 236 3506 ι,
250 3482 277 3506 4,
292 3482 327 3507 42
349 3474 403 3499 Aut
414 3473 491 3508 operi
505 3474 616 3501 insuetas
628 3475 759 3502 atteruiffe
770 3483 878 3506 manus,
895 3474 958 3509 quod
963 3475 1056 3510 probat
1109 3475 1216 3508 verbis,
1235 3484 1321 3510 neque
1335 3483 1381 3501 ore
1395 3473 1502 3508 gestuue
1514 3472 1588 3508 pollit
1602 3471 1778 3512 deprehendi,
1798 3478 1826 3498 vt
1839 3480 1894 3499 non
1907 3478 1961 3499 tam
1975 3471 2006 3498 fit
2026 3472 2055 3497 in
2071 3471 2155 3512 fingu-

32 3501 48 3536 Ϊ·.
107 3522 140 3535 --.
153 3517 216 3545 prae
227 3511 307 3541 altera
317 3508 421 3536 [afflone
436 3510 591 3537 Attenuass'e.
1109 3511 1141 3538 lis
1164 3511 1260 3544 dictis,
1279 3519 1359 3546 qnam
1381 3510 1409 3536 in
1431 3514 1488 3536 toto
1512 3509 1602 3535 colore
1626 3508 1748 3541 dicendi,
1770 3507 1855 3543 qualis
1876 3507 1945 3543 apud
1962 3508 2076 3534 Graecos
2087 3508 2156 3533 Atti-

20 3535 99 3582 'Q
127 3551 232 3572 TERA
243 3551 265 3572 Ν
277 3553 322 3573 1-:v
332 3553 354 3572 s.
390 3544 451 3571 Adi.
506 3545 556 3577 Vt,
580 3544 701 3573 Fulmina
717 3552 866 3578 atteranea,
886 3553 952 3580 quae
969 3544 998 3572 in
1017 3545 1056 3572 in·
1073 3547 1203 3581 95cismos
1217 3547 1279 3580 ille,
1299 3545 1420 3573 redolens
1433 3544 1595 3571 Athenarum
1609 3544 1747 3578 proprium
1760 3544 1889 3578 saporem.
1922 3578 1928 3584 ·
1959 3542 2038 3582 1d31,
2053 3548 2075 3574 8,
2089 3548 2102 3572 Β
2123 3544 2155 3569 In

23 3604 26 3610 ,
44 3570 69 3607 ,ἰδ’
86 3579 180 3618 *apunt
199 3581 256 3609 Sen.
272 3582 325 3615 Qt.
339 3581 403 3608 Nat.
416 3589 441 3614 2,
456 3589 500 3614 49.
535 3580 584 3608 Sed
597 3579 630 3614 2st
641 3585 705 3609 mira
719 3580 836 3609 Jeffiom‘s
849 3583 968 3608 varietas.
1010 3581 1055 3609 At·
1108 3583 1255 3610 comoediis
1281 3582 1427 3617 elegantia,
1460 3586 1486 3607 et
1506 3579 1616 3615 quidam
1641 3579 1714 3606 velut
1737 3579 1897 3613 Ἀττυιισμός
1920 3587 2038 3605 muenlrl
2061 3578 2154 3612 potest.

20 3634 28 3648 .,
44 3607 77 3643 ‘⁴²5'
89 3628 120 3656 a.
130 3616 228 3649 uidetur
238 3618 344 3652 probare
360 3618 507 3644 Gronouius.
550 3616 608 3643 isid.
621 3622 670 3643 AT
677 3624 810 3644 TEGiAE.
1109 3620 1165 3646 Cic.
1181 3620 1235 3646 Att.
1249 3628 1277 3653 4,
1291 3627 1320 3653 17
1343 3617 1465 3644 Vestorio
1478 3615 1558 3642 dandi
1571 3615 1631 3642 sunt
1645 3615 1717 3648 dies,
1738 3621 1763 3642 et
1777 3615 1824 3643 ille
1837 3616 1946 3642 Latinus
1957 3613 2115 3647 Ἀττικισμὸς
2121 3623 2154 3641 ex

22 3673 26 3683 .
56 3659 101 3674 -’·
116 3651 194 3681 (fr-Rs
204 3659 226 3680 T
237 3660 289 3680 vs.
327 3653 420 3680 Partie.
457 3652 659 3688 [παρέτριπτος]
698 3653 754 3679 Cic.
768 3654 845 3679 Verr.
859 3660 892 3685 4,
912 3658 948 3684 94
971 3660 992 3678 c.
1011 3661 1054 3686 43,
1107 3655 1252 3682 interuallo
1264 3653 1441 3688 regustandus.
1479 3653 1546 3677 Hinc

142 3699 191 3719 ‚ro
204 3684 330 3716 Herculii.
384 3688 477 3716 metus
491 3689 547 3715 eius
561 3698 588 3715 ac
602 3694 720 3715 mentum
732 3688 821 3723 paullo
833 3686 965 3720 attritius,
982 3688 1054 3723 quod
1145 3697 1196 3718 AT
1205 3697 1226 3716 T
1236 3698 1245 3716 1
1254 3697 1271 3717 c
1280 3698 1290 3717 1
1299 3698 1311 3717 s
1321 3697 1333 3716 S
1343 3697 1361 3716 0
1371 3709 1380 3722 ,
1399 3693 1452 3714 are.
1477 3686 1490 3720 [
1498 3685 1645 3721 Ἀττικίζω]
1660 3692 1663 3695 ’
1681 3687 1796 3713 Atticum
1826 3685 1895 3712 illum
1926 3686 2024 3719 genium
2055 3683 2152 3725 habere.

121 3752 131 3759 ,,
144 3732 184 3751 -ιις
204 3731 232 3752 et
243 3724 465 3760 gratulationibus
484 3734 538 3751 non
555 3724 641 3751 solum
660 3724 687 3750 id
706 3724 845 3756 venerari,
863 3731 956 3749 verum
973 3723 1189 3753 etianuooPlaut.
1206 3727 1277 3753 Men.
1292 3725 1359 3760 prol.
1375 3733 1400 3751 12
1421 3725 1479 3750 Hoc
1493 3728 1677 3756 argumentum
1691 3722 1845 3752 Graeciss'at,
1864 3726 1950 3760 tamen
1964 3719 2029 3755 Non
2047 3720 2153 3748 Atticis-

45 3767 51 3776 '
82 3765 95 3779 Ἡ
109 3771 119 3794 s
132 3766 141 3780 *¹
162 3760 173 3787 i
189 3761 283 3788 solent.
351 3761 418 3788 Ansa
436 3761 526 3788 attrita
541 3760 637 3795 Virgil.
653 3760 706 3787 Ecl.
721 3762 753 3792 6,
767 3767 804 3794 ¹7·
877 3758 962 3794 Regio
976 3758 1052 3786 bello
1107 3763 1144 3789 sat
1157 3771 1250 3789 verum
1262 3761 1389 3788 Sicilifl'at.
1446 3757 1494 3785 Sed
1506 3757 1657 3794 simpliciter
1668 3760 1759 3785 Graece
1772 3759 1840 3792 loqui
1843 3756 1975 3795 stg’lifissfft
1987 3755 2066 3789 Apul.
2078 3757 2152 3783 Flor.

46 3785 184 3832 ,fflfflist
195 3805 218 3828 33
230 3804 271 3829 502
284 3804 309 3831 'i'-
379 3796 556 3824 Facultatibus
569 3797 667 3823 attritis
683 3793 904 3826 Sue10¹¹·G³Jb·3·
979 3795 1053 3830 Inge-
1108 3807 1132 3833 p.
1148 3800 1206 3831 362,
1220 3806 1247 3824 12
1267 3805 1277 3824 ι
1287 3798 1338 3824 'am
1353 3803 1378 3822 et
1391 3793 1503 3834 Persius,
1522 3794 1649 3834 quamuis
1663 3801 1690 3821 et
1709 3795 1762 3828 ipse
1781 3792 1884 3826 optime
1896 3791 1991 3817 Latine
2003 3791 2093 3826 pouit,
2114 3799 2151 3819 te.

45 3840 61 3846 ·’
73 3830 233 3871 ‚Quotidiano
245 3831 306 3859 actu
322 3830 419 3859 forenfi
442 3833 516 3860 velut
539 3834 630 3860 attrita
669 3847 714 3852 —
748 3836 904 3866 reparantur
922 3829 1052 3864 QuntStil.
1107 3843 1169 3860 men
1182 3833 1264 3860 hodie
1274 3832 1352 3859 nobis
1368 3840 1395 3857 ac
1414 3829 1492 3856 vobis
1505 3830 1672 3857 Atticiffablt.

122 3873 138 3895 2
261 3867 432 3895 Libidinibus
457 3869 557 3897 mutuis
582 3867 668 3895 attriti
692 3868 830 3898 Amatores
848 3867 951 3892 Petron.
975 3875 997 3893 c.
1017 3871 1052 3896 81.
1143 3877 1166 3897 A
1174 3876 1195 3895 T
1205 3876 1226 3896 'r
1236 3877 1245 3895 1
1255 3875 1276 3895 G
1285 3875 1304 3895 o
1312 3888 1321 3900 ,
1333 3868 1358 3903 s.
1380 3873 1401 3893 Α
1410 3873 1428 3892 D
1436 3873 1459 3892 'r
1468 3873 1477 3892 1
1487 3871 1509 3892 G
1519 3872 1538 3893 ο
1546 3886 1555 3899 ,
1566 3865 1622 3900 fine
1635 3873 1657 3891 Ν
1671 3875 1686 3892 a
1701 3863 1823 3891 veteribus
1830 3859 1908 3898 suzffi
1921 3869 1938 3887 v
1952 3867 2066 3897 urpatum
2074 3868 2150 3897 ,pro-

40 3939 43 3946 ¹
54 3886 209 3950 ι,’,,«ὀιιὶ.ιιιιι
228 3903 299 3930 Suet.
319 3903 436 3939 Augusto
453 3913 500 3939 40.
588 3905 684 3932 Manus
701 3905 778 3939 Prop.
793 3912 821 3937 4,
835 3910 858 3937 ς,
871 3909 912 3936 50·
982 3902 1050 3938 Opes
1061 3905 1147 3939 105bat
1161 3905 1267 3934 Nonius
1279 3912 1306 3937 2,
1321 3906 1355 3931 60
1367 3901 1593 3966 pro'IAtpiqgozvt
1605 3908 1688 3939 nempe
1700 3900 1776 3938 ipsum
1790 3898 1880 3933 Tago.
1915 3897 1934 3924 Ρ
1945 3897 2076 3925 annatim
2087 3906 2149 3959 2:023

99 3702 121 3731 'nt

73 3951 89 3979 x.
