2474 4182
63 138 149 176 1113
449 123 484 162 (3
570 122 606 161 ()
689 121 731 160 lq

96 220 113 241 C
122 221 141 241 0
150 218 196 240 NC
204 219 222 240 R
234 213 251 239 ἒ
260 218 281 238 Τ
290 219 310 238 V
319 219 342 244 S,
356 221 380 245 a,
390 221 444 240 um.
466 212 559 239 Partic.
594 209 776 245 [avusnaenyuig
793 212 1004 244 συμπεπηγμένος]
1040 210 1099 237 Cic.

60 249 141 276 Tusc.
157 258 176 282 ι,
190 257 222 281 42
251 249 352 274 Crassus
367 248 409 274 hic
423 255 449 275 et
463 255 599 274 concretus
613 249 665 272 ae'r.
737 245 791 271 Aer
806 252 943 272 concretus
959 247 987 272 in
1001 245 1099 272 nubem

26 300 27 320 ;
60 286 163 320 cogitur
176 285 230 310 cic.
244 283 275 309 dc
289 284 351 310 Nat.
366 285 445 311 Deor.
465 293 488 315 ε,
503 292 555 309 102.
626 281 699 307 Idem
713 288 739 312 2,
753 289 789 313 42.
814 281 918 308 Etenim
932 282 993 308 licet
1009 282 1100 308 videre

58 321 174 347 acutiora
187 319 309 353 ingenia,
328 326 353 346 et
373 320 404 346 ad
419 317 620 353 intelligendum
634 316 737 350 aptiora
751 325 854 349 eorum,
869 317 915 352 qui
931 323 1013 344 terras
1028 318 1099 343 inco-

59 357 111 383 lant
123 364 177 385 035,
197 356 226 381 111
240 356 339 389 quibus
353 358 398 382 a'er
411 355 440 381 lit
455 363 533 389 purus
545 362 573 379 ac
587 352 682 384 tenuis,
699 361 776 386 quam
792 353 912 386 illorum,
926 353 973 388 qui
991 360 1098 380 viantur

57 391 134 418 crasso
148 391 219 417 caelo
232 398 310 426 atque
323 397 454 418 concreto.
500 390 540 416 sic
560 387 669 413 Caelum
684 387 782 422 pingue
795 394 819 415 et
832 396 983 416 concretum
997 390 1052 416 Cic.
1066 389 1098 415 de

57 426 148 453 Diuin.
164 435 184 460 1,
202 435 252 457 130.
326 428 446 461 Corpora
478 430 580 451 terrena
611 430 785 458 concretaque
814 425 889 451 Idem
907 425 988 451 Tusc.
1013 433 1032 456 1,
1052 432 1097 458 47.

56 463 158 496 Corpus
178 469 328 489 concretum
347 471 378 488 ex
398 459 532 487 elementis
554 458 591 484 Id.
604 458 635 485 dc
649 460 710 486 Nat.
725 460 804 486 Deor.
818 469 840 493 3,
854 469 892 492 30.
964 460 1046 486 Ouid.
1066 468 1098 486 ex

58 498 142 524 Ponto
161 506 184 530 2,
204 507 236 530 11,
256 507 283 524 10
313 498 417 524 Grande
435 504 501 522 voco
514 495 639 521 meritum
654 496 789 527 lacrimas,
807 496 904 531 quibus
917 504 964 522 ora
983 495 1099 530 rigabas,

26 545 28 569 0
55 534 123 560 Cum
144 542 201 560 mea
220 540 343 560 concreto
363 533 423 559 sicca
443 530 536 556 dolore
557 530 656 557 forent.
730 532 816 558 Dolor
829 538 980 561 concretus,
999 540 1046 566 quo
1060 534 1098 557 ita

22 587 23 590 =
54 567 253 605 obstupescimus,
267 576 296 595 vt
314 578 356 595 nte
367 570 481 604 gemitum
494 566 578 599 edei-e,
592 577 635 592 nec
647 568 765 593 lacrimas
780 570 887 594 emittere
901 575 1029 603 queamus,
1044 574 1098 592 can—

54 614 126 641 quam
149 606 250 631 horrore
266 606 340 630 nimio
361 603 502 638 congelatas
523 609 547 628 et
574 610 710 628 concretas.
783 604 838 630 Cic.
859 603 892 630 de
912 602 1004 629 Diuin.
1030 611 1050 635 1,
1071 607 1097 633 18

55 642 146 673 Quuu
171 641 266 667 claram
289 639 401 673 speciem
423 644 547 664 concreto
567 637 668 664 lumine
687 639 761 666 Luna
797 639 921 671 Abdidit,
941 645 985 665 etc.
1005 641 1023 664 i.
1043 647 1099 664 cou-

20 693 23 703 =,
53 675 145 702 emero.
184 677 226 703 Sic
239 677 352 709 Propert.
365 683 392 707 4,
407 682 432 705 9,
449 682 472 707 13
493 674 592 700 Mimus
608 680 633 700 ct
648 674 701 708 ipse
716 675 774 701 suos
788 675 908 702 breuiter
920 680 1055 700 concretus
1070 674 1099 701 in

20 728 22 736 i
52 717 141 743 artus‘,
160 711 274 738 lactabat
292 717 393 736 truncas
412 710 444 735 ad
465 719 527 736 caua
541 710 610 736 buxa
629 719 730 737 manus.
802 711 848 737 Vis
863 720 893 736 ex
909 716 1013 736 terrena
1027 719 1099 736 mor-

22 770 24 773 ,
51 743 152 781 talique
174 753 264 774 natura
284 752 309 772 et
330 745 426 771 caduca
441 752 563 772 concreta
584 747 642 772 Cic.
657 746 740 772 Tusc.
757 755 777 777 1,
791 748 828 772 61.
902 746 976 779 Virg.
991 747 1056 772 Aen.
1072 749 1099 779 6,

52 787 107 816 738.
128 781 156 808 de
169 784 281 817 contagio
296 783 433 807 animorum
448 792 463 808 a
478 782 636 817 corporibus,
656 782 742 807 Multa
757 782 801 808 diu
822 787 943 808 concreta
959 781 1046 808 niudis
1060 782 1099 808 in-

20 826 25 845 e‘
51 818 167 844 otc-scere
181 817 262 844 miris.
335 817 401 844 Plin.
417 825 455 852 17,
471 825 496 844 :1
526 819 617 850 Quum
629 818 747 843 concreti
764 817 886 844 ademere
900 817 1052 850 transitum,
1070 818 1098 843 de

20 878 22 883 ,
44 853 138 890 fluuii:
147 854 290 889 congelatis.
363 853 432 880 Gell.
452 862 485 883 ιε’,
502 862 510 879 1
534 854 610 880 Mhi!
624 852 734 886 interest&
746 853 917 887 putat,cuius
934 853 962 879 in
976 862 1097 888 corpore,

51 889 176 923 cuiusque
189 896 220 914 ex
237 888 359 922 sauguine
374 895 513 915 concretus
528 888 610 915 hoino
624 895 649 914 et
663 888 775 915 coalitus
791 888 837 915 fit?
910 889 1028 915 Martial.
1043 898 1070 921 4,
1086 898 1098 921 3

24 923 25 926 ’
50 926 189 953 Concretas
202 923 279 958 pigro
293 924 397 958 frigore
412 925 481 951 ridet
495 926 589 960 Aquas.
633 923 716 950 Barba
730 930 852 950 concreta
867 925 992 958 sanguine
1015 925 1097 951 Ouid.

50 960 114 988 Met.
131 968 170 992 14,
184 968 240 986 201.
312 960 406 987 Crines
420 961 544 995 sanguine
563 960 679 986 concreti
695 960 770 994 Virg.
785 962 850 986 Aen.
867 969 888 991 ε,
904 967 965 994 277.
1041 961 1096 987 Fri·

24 1023 25 1026 Ἰ
48 1003 112 1030 gora
131 995 204 1021 Idem
219 996 315 1030 Georg.
337 1005 360 1026 2,
381 999 439 1030 376.
466 1003 495 1023 ut
515 995 613 1031 pallida
631 1005 719 1028 111015,
736 1005 795 1031 quae
808 996 913 1031 ficiunt
935 997 1097 1032 concrescere.

22 1032 25 1054 Γ
47 1030 130 1057 Labes
151 1030 380 1064 concreta,Affixa
398 1039 424 1058 et
445 1033 583 1059 inhaerens
603 1031 640 1058 Id.
661 1032 725 1058 Aen.
740 1037 763 1064 8,
784 1034 839 1066 746
856 1032 972 1058 Seruius.
1046 1032 1097 1058 Lac

22 1081 25 1085 ι
46 1073 199 1094 concretum
216 1076 275 1094 cum
296 1068 419 1102 sauguine
438 1069 538 1103 equino
554 1068 627 1102 Virg.
641 1068 738 1102 Georg.
753 1076 776 1100 3,
791 1071 849 1100 463.
922 1068 990 1094 Tac.
1006 1068 1096 1094 Germ.

24 1112 29 1129 1<
46 1111 87 1135 23,
101 1111 116 1129 2
133 1110 180 1138 pro
196 1104 267 1139 Casto
277 1107 392 1138 ponitur.
465 1105 520 1130 Nix
535 1104 639 1130 Lucrct.
653 1112 674 1135 3,
688 1112 731 1130 20.
803 1103 911 1138 Sanguis
926 1103 991 1129 l’lin.
1006 1111 1046 1135 30,
1062 1111 1095 1135 ¹3·

46 1139 139 1166 semen
153 1140 301 1166 concretius
314 1140 418 1166 Lucret.
432 1150 460 1173 4,
475 1148 542 1174 1237.
614 1139 742 1174 Squalore
755 1139 863 1165 diutino
882 1145 1002 1165 concreta
1016 1138 1096 1165 facies

47 1173 181 1208 Qiinfftil.
194 1176 312 1201 Declam.
326 1180 349 1207 8,
364 1180 376 1205 8
393 1184 416 1209 p.
433 1183 484 1209 173.
500 1176 589 1202 Burni.
662 1176 750 1201 Zonae
766 1175 848 1210 glacie
863 1180 999 1200 concretae
1020 1174 1095 1209 Virg.

47 1210 145 1245 Georg.
161 1219 182 1243 1,
197 1214 253 1243 236.
272 1211 300 1237 :le
314 1211 508 1246 Scptciitrionali
522 1219 546 1238 et
559 1212 672 1238 Brumali
683 1211 820 1246 parallelis.
893 1211 1054 1236 Concretum
1070 1217 1095 1237 et

46 1245 220 1278 Resolutum,
234 1250 362 1273 contraria
382 1247 475 1273 Claud.
490 1247 522 1273 de
534 1247 663 1280 Crystallo
677 1255 704 1281 7,
719 1252 741 1277 8.
813 1246 867 1272 Cic.
887 1245 920 1272 de
935 1246 996 1272 Nat.
1012 1247 1093 1273 Dcor.

49 1289 69 1314 1,
83 1290 115 1316 73
133 1290 157 1308 c.
173 1291 204 1317 27
234 1284 308 1316 Qiae
322 1282 360 1308 nil
375 1283 492 1309 concreti
506 1282 613 1314 habeat,
632 1282 670 1309 nil
685 1282 780 1315 solidi,
799 1281 837 1308 nil
856 1281 971 1316 expresli.
1020 1283 1094 1309 Idem

46 1317 129 1345 Tusc.
145 1327 164 1350 1,
179 1322 214 1344 60
228 1328 249 1344 c.
263 1327 293 1351 23
315 1319 439 1345 Ten-ane
460 1319 527 1351 tibi,
540 1326 585 1346 aut
604 1319 655 1345 hoc
674 1318 802 1345 nebuloso
816 1324 841 1344 et
860 1318 1005 1351 caliginoso
1019 1319 1095 1345 caelo

46 1359 92 1381 aut
110 1354 161 1380 sata
182 1360 225 1380 aut
246 1360 367 1380 concreta
388 1355 498 1382 videtur
515 1362 585 1381 tanta
604 1355 644 1381 vis
663 1355 819 1380 memoriae.
891 1354 1053 1381 Concretum
1068 1361 1094 1381 et

45 1398 204 1424 corporeum
235 1390 290 1416 Cic.
313 1390 346 1416 de
366 1391 489 1417 Vniuers.
508 1399 547 1422 23.
618 1392 698 1422 Orta‚
711 1389 856 1423 generata,
872 1396 993 1416 concreta
1018 1391 1091 1417 Idem

47 1425 129 1452 Tusc.
144 1433 167 1458 ς,
181 1428 223 1459 69.

47 1461 291 1496 copulatuni,nibil
307 1461 610 1496 coagmentatum,nihil
623 1461 719 1495 duplex
735 1461 790 1487 Cic.
799 1461 883 1488 Tusc.
897 1470 917 1493 1,
925 1469 954 1496 71
968 1472 990 1488 c.
1003 1470 1037 1497 27
1050 1472 1090 1497 pr.

46 1496 213 1524 Sentosarum
233 1506 346 1532 purgans
366 1504 486 1526 concreta
504 1499 609 1524 viarum
629 1496 845 1526 Paullin,Car1n.
866 1499 893 1530 6,
914 1506 966 1530 310.
987 1501 1006 1524 i.
1032 1502 1091 1525 vias

38 1532 151 1567 sentibus
166 1533 304 1568 impeditus.

84 1574 101 1595 C
114 1575 133 1595 O
145 1575 166 1594 N
180 1574 197 1594 C
210 1575 228 1594 R
237 1575 283 1595 ET
293 1576 312 1594 v
321 1575 348 1598 s,
366 1567 404 1594 ῦς.
424 1576 459 1595 in.
496 1567 656 1602 [σύμπηξις]
694 1567 762 1594 Idem
775 1567 841 1604 quod
852 1568 988 1595 concretio.
1025 1569 1091 1596 Plin.

45 1645 170 1664 concretu
183 1638 321 1665 albicantis
341 1639 420 1667 succi.

46 1698 49 1700 ,
78 1680 95 1700 C
109 1679 129 1700 0
140 1681 162 1700 N
172 1679 189 1700 C
201 1681 219 1700 R
230 1681 245 1701 Ε
254 1680 275 1701 Τ
284 1681 294 1701 1
304 1681 322 1700 Ο
330 1694 338 1706 ,
359 1674 428 1702 onis.
455 1674 475 1702 f.
512 1674 672 1710 [σύμπηξις]
709 1673 857 1702 coniunctio
865 1695 873 1708 ,
885 1677 999 1704 coalitus.
1035 1676 1091 1703 Cic.

41 1709 72 1742 de
87 1710 148 1737 Nat.
164 1710 244 1737 Deor.
259 1719 280 1742 1,
292 1717 320 1744 71
342 1719 363 1739 c,
377 1718 406 1743 25
434 1709 509 1737 Idem
524 1711 589 1737 facit
604 1711 632 1737 in
646 1716 738 1738 natura
753 1711 863 1737 deorum
873 1731 881 1743 ,
907 1711 970 1737 dum
990 1712 1091 1739 indiui-

42 1744 157 1771 duorum
171 1754 318 1780 corporum
332 1746 530 1772 concretionem
544 1747 621 1781 fugit.
667 1747 724 1773 Cic.
738 1747 821 1773 Tusc.
836 1755 855 1779 1,
870 1749 906 1773 66
923 1756 945 1773 c.
958 1755 993 1781 27
1014 1749 1090 1774 Mens

1123 354 1137 380 5

1117 535 1146 554 10

1119 717 1144 744 15

1114 895 1148 913 20

1116 1072 1147 1097 23

1557 125 1591 165 (2
1670 127 1707 166 ()
1790 128 1834 167 tc

1165 215 1191 237 et
1203 209 1410 244 inquietantium
1425 212 1555 247 sanguinis
1570 215 1610 242 sui
1628 216 1823 250 concubinum,
1843 221 1861 244 i.

1165 246 1222 277 dio,
1243 255 1289 281 quo
1301 245 1452 282 iiitcrfeflae
1465 254 1542 283 szt,
1556 252 1661 278 accubet.

1202 288 1276 323 CON
1286 288 1303 308 C
1315 290 1335 308 v
1346 290 1360 322 11
1371 285 1413 323 [N
1424 291 1443 308 V
1454 292 1466 309 s
1481 304 1488 316 ,
1517 285 1535 310 i.
1564 295 1598 311 m.
1636 286 1775 323 [παιᾶικοὲ]
1813 291 1877 315 Puer
1898 290 1931 316 ad
1949 293 2074 322 lihidimm
2094 301 2212 336 usurpari

1158 317 1260 353 fhlitur.
1298 318 1429 351 Qunciil.
1444 328 1463 350 1,
1480 327 1505 351 2,
1520 325 1532 349 8
1564 321 1673 349 Nosti-as
1692 325 1805 358 amicas,
1819 325 1921 352 nostros
1935 329 2097 358 concubinos
2113 322 2201 364 vide-in

1165 352 1262 378 Catull.
1277 360 1318 386 59,
1333 362 1376 385 130
2206 361 2210 365 ’

1322 389 1383 416 Neu
1403 398 1481 415 nuces
1500 390 1587 423 pueris
1611 399 1688 427 neget

1321 425 1459 452 Desertum
1479 424 1585 452 domini
1605 429 1713 456 audiens

1320 461 1490 487 concubinus
1509 470 1637 488 amorem.

1163 494 1282 533 Recurrit
1301 496 1337 521 ibi
1349 497 1460 531 Jichius.
1482 497 1556 532 Conf.
1578 498 1650 524 Seru.
1670 498 1704 524 ad
1722 501 1796 534 Virg.
1811 501 1863 528 Ecl.
1885 508 1908 536 8,
1926 513 1965 536 30.

1164 538 1212 569 qui
1231 530 1303 555 Iouis
1323 533 1485 558 concubinus
1512 533 1564 558 fuit
1585 533 1649 559 fest.
1676 535 1704 560 in
1723 537 1876 564 Catamitus.
1923 541 2094 570 Concubinus
2115 555 2212 579 procax

1164 565 1229 591 Plin.
1239 570 1262 597 8,
1278 574 1319 598 45.
1357 567 1405 594 Sed
1415 574 1495 594 tamen
1508 569 1626 595 dicuntur
1640 572 1712 595 ctiam
1728 572 1852 599 Pellicum
1867 575 1973 602 suarum
1986 580 2130 607 concubini
2137 584 2212 609 Curtv

1166 608 1204 633 10,
1220 609 1245 633 2,
1260 608 1299 635 27·
1337 603 1406 642 Adii.
1420 604 1488 630 Tac.
1505 605 1572 630 Ann.
1590 613 1623 637 13,
1638 613 1675 637 21,
1689 613 1710 638 ς.
1753 607 1810 633 Vid.
1833 615 2038 641 cimcvm'rvs
2058 624 2083 641 n.
2099 625 2123 643 2.
2206 603 2213 609 ⁵

1200 641 1278 678 CPN
1288 642 1304 662 C
1314 644 1335 662 V
1344 644 1359 664 Β
1370 646 1377 664 1
1390 646 1411 664 N
1421 646 1441 665 Α
1452 659 1459 670 ,
1483 648 1521 666 ae.
1547 640 1566 666 f.
1602 639 1761 676 [ommi-ris]
1797 645 1931 672 Dicebatur
1953 657 1995 680 ca,
2010 659 2083 684 quam
2095 656 2151 688 quis
2163 664 2213 681 non

1163 678 1250 698 mariti
1270 675 1367 705 animo,
1379 674 1427 709 fid
1449 675 1591 701 concubitus
1609 683 1707 703 tantum
1727 678 1816 713 causa,
1830 680 1885 712 Jiizc
1897 681 1985 717 stupri
2002 692 2083 712 tamen
2102 693 2205 717 crimine

1157 707 1292 744 flagitioue
1310 708 1376 735 domi
1393 709 1493 735 habi-bat
1503 731 1510 741 ,
1528 721 1584 747 arg.
1600 711 1617 737 l.
1630 722 1648 745 4
1662 713 1694 738 D.
1715 712 1747 738 de
1760 714 1842 741 adult.
1863 719 1892 742 it.
1914 718 1973 745 Tit.
1987 720 2018 745 D.
2033 721 2065 747 de
2080 710 2214 753 Concubi3

1165 744 1266 783 nis‚*et
1286 743 1302 770 l.
1318 753 1367 778 144
1380 744 1509 785 (10.νοιῶ-
1529 747 1622 779 Signis.
1650 749 1707 774 Cic.
1728 748 1759 775 de
1781 752 1855 776 Orat.
1876 760 1896 783 1,
1914 758 1952 785 ¹83
1974 764 1995 780 c.
2008 766 2053 789 40.
2080 761 2153 785 talem
2167 769 2213 797 po.

1165 782 1326 819 nitjpeciem.
1365 779 1454 820 Qud,
1469 781 1541 815 quod
1555 783 1617 814 vsu,
1630 785 1761 811 memoria
1782 792 1901 819 patrum,
1914 790 2000 821 venit,
2015 798 2043 818 vt
2061 797 2214 827 paterfami-

1166 815 1213 841 lias
1223 816 1297 855 ,0111
1310 825 1342 843 ex
1356 817 1485 851 Hispania
1497 817 1611 843 Romam
1626 820 1749 851 venisset,
1775 830 1834 847 cum
1853 831 1964 850 vxorein
1984 835 2171 862 praegnantem
2185 834 2215 860 in

1165 852 1306 891 prouincia
1324 852 1491 887 reliquisset,
1517 852 1672 887 Romaeque
1691 855 1800 882 alteram
1821 857 1932 885 duxiffet
1946 880 1954 891 ,
1980 870 2064 896 neque
2085 869 2214 896 nuncium

1165 895 1251 921 priori
1271 888 1422 920 remisisset,
1443 895 1618 924 mortuusque
1636 890 1696 915 esset
1715 890 1852 925 intestato,
1871 900 1895 920 ct
1909 904 1939 921 cx
1960 903 2072 932 Vtraque
2086 901 2156 929 filius
2169 913 2213 931 na-

1164 928 1206 948 tus
1221 924 1280 949 esset
1316 939 1361 944 ——
1399 924 1530 960 quaesitum
1543 924 1575 950 de
1590 933 1687 959 puero,
1706 925 1753 959 qui
1766 934 1796 951 ex
1812 929 1957 960 posteriore
1970 939 2045 959 natus
2059 944 2115 963 erat
2144 945 2170 965 et
2182 941 2214 967 de

1165 958 1221 984 eius
1236 965 1335 990 matre;
1372 969 1449 995 quae,
1463 960 1481 986 ii
1499 960 1680 992 iudicaretur,
1701 961 1779 987 certis
1798 963 1957 996 quibusdam
1979 969 2067 996 verbis
2094 958 2148 1000 ηοή
2166 985 2214 1002 no-

1164 994 1205 1020 vis
1222 996 1336 1029 nuptiis,
1353 995 1411 1022 fieri
1431 1005 1491 1022 cum
1508 997 1643 1030 superiore
1656 996 1821 1028 diuortium,
1843 999 1872 1023 in
1888 1002 2050 1030 concubinae
2068 991 2156 1035 i'ocum
2168 1011 2214 1037 du.

1163 1036 1282 1063 cetenis,
1304 1034 1321 1056 i.
1337 1033 1444 1066 pellicis.
1479 1033 1520 1059 Sic
1539 1036 1681 1067 accipitur,
1695 1040 1778 1067 nempe
1791 1040 1841 1068 pro
1853 1034 1942 1068 pellice
1962 1039 2028 1071 apud
2045 1041 2161 1074 Spania„
2186 1048 2215 1073 jn

1163 1065 1241 1091 Aelio
1254 1067 1327 1093 Vero
1341 1076 1361 1092 c.
1377 1076 1399 1100 ς.
1437 1068 1485 1094 sid
1507 1068 1574 1102 apud
1590 1069 1724 1095 Messalam
1745 1070 1827 1095 Corn.
1841 1069 1874 1095 de
1887 1071 1999 1104 Augusti
2018 1080 2143 1110 progenie
2154 1067 2215 1114 jim-

1157 1103 1262 1137 plicitcr
1274 1103 1400 1138 legitimae
1414 1106 1515 1139 coniugi
1533 1107 1665 1138 opponitur
1675 1124 1683 1137 ‚
1703 1110 1731 1130 vt
1746 1104 1860 1131 Hesiona
1873 1107 1964 1139 soror,
1978 1117 2044 1142 quae
2060 1120 2073 1136 a
2088 1113 2216 1143 Telamo.

2117 155 2176 180 111
2185 157 2212 192 4

1878 220 2025 256 fimpliciter
2039 236 2089 253 eum
2103 233 2144 264 qui
2157 233 2210 267 gla-

2038 507 2213 546 Ganymeden

1130 1142 1132 1145 ·
1160 1147 1194 1163 ne
1211 1138 1282 1171 turpi
1296 1140 1407 1165 seruitio
1421 1138 1570 1166 concubina
1585 1139 1640 1166 tori
1654 1140 1841 1174 tenebatur,in
1854 1142 2061 1174 matrimonium
2068 1147 2218 1185 duceretur,

1113 1253 1145 1278 30

1160 1173 1203 1200 vcl
1219 1174 1305 1199 saltim
1319 1175 1512 1201 restitueretur.

1197 1216 1302 1236 0οΝ0
1315 1217 1519 1243 VBINVLA,
1540 1219 1578 1237 ae.
1606 1211 1626 1237 f.
1657 1210 1762 1238 Cathol.

1200 1251 1217 1271 c
1228 1252 1247 1272 o
1257 1253 1278 1272 N
1288 1252 1305 1272 0
1314 1253 1335 1272 ν
1344 1253 1360 1273 Β
1369 1254 1378 1272 1
1389 1253 1410 1271 Ν
1421 1247 1442 1273 ii
1452 1253 1473 1273 T
1483 1254 1503 1272 v
1514 1254 1526 1273 s
1542 1267 1550 1279 ,
1570 1245 1609 1272 (ιε.
1636 1256 1671 1273 m.
1710 1247 1909 1284 [συνεσιασμός]
1945 1250 2027 1278 Plaut.
2048 1253 2128 1282 Poen.
2149 1257 2217 1291 prol.

1161 1289 1207 1307 102
1237 1281 1313 1308 Illam
1333 1283 1467 1309 minorem
1489 1282 1517 1308 in
1537 1283 1743 1309 concubinatum
1764 1283 1812 1310 sibi
1828 1284 1885 1311 vult
1899 1295 1987 1313 eruere
2006 1289 2083 1316 miles
2098 1292 2218 1326 quidam,

1160 1318 1190 1343 In
1204 1317 1412 1345 concubinatum
1427 1319 1489 1345 dare
1504 1319 1625 1345 sororem
1642 1319 1723 1345 Plaut.
1738 1319 1822 1346 Trin.
1837 1329 1863 1354 2,
1875 1330 1900 1354 2,
1914 1324 1959 1356 64.
2004 1325 2063 1352 Vni.
2077 1327 2146 1356 Suet.
2162 1330 2218 1357 Ne-

1160 1362 1219 1380 ron.
1236 1363 1256 1379 c.
1271 1359 1310 1383 28.
1331 1358 1360 1380 it.
1382 1355 1468 1389 Calig.
1482 1364 1503 1380 c.
1520 1363 1561 1387 24.

1196 1396 1213 1415 C
1226 1395 1245 1414 0
1256 1396 1278 1415 Ν
1287 1396 1303 1416 C
1313 1397 1333 1416 V
1343 1397 1359 1417 Β
1369 1398 1389 1416 Α
1399 1398 1420 1417 Τ
1430 1396 1450 1414 V
1462 1397 1475 1416 S
1484 1410 1491 1422 ,
1512 1389 1550 1416 sis.
1568 1399 1604 1416 111.
1632 1389 1823 1416 concubinatus.
1842 1391 1873 1420 L.
1886 1401 1899 1426 3
1911 1392 1938 1420 ff.
1952 1393 1985 1420 dt:
1998 1396 2148 1427 Concubin.
2170 1401 2219 1429 Sed

296 1426 376 1452 Nihil
395 1426 431 1453 est
449 1427 545 1454 animis
564 1425 718 1457 admistum,
739 1424 807 1450 nihil
829 1431 998 1457 conci-ctum,
1022 1426 1093 1453 nihil
1112 1430 1140 1455 33
1161 1424 1305 1450 Haloana'er
1319 1425 1537 1452 Concubinatum
1551 1432 1574 1451 et
1594 1426 1635 1452 hic
1648 1426 1766 1460 reposuit.

1195 1466 1212 1486 c
1222 1466 1241 1486 o
1251 1466 1273 1485 N
1284 1465 1301 1486 C
1313 1467 1332 1485 v
1343 1468 1358 1487 B
1369 1469 1376 1487 1
1387 1469 1408 1487 Ν
1418 1469 1438 1488 Α
1451 1469 1465 1487 L
1477 1469 1484 1488 1
1496 1468 1508 1487 s
1519 1482 1526 1494 ‚
1548 1470 1571 1487 e.
1601 1461 1661 1487 Adi.
1699 1461 1789 1489 sidon.
1804 1462 1882 1496 Epist.
1902 1472 1929 1496 9,
1947 1467 1964 1491 6
1977 1473 2042 1494 extr.

1195 1502 1211 1522 C
1221 1502 1239 1522 O
1249 1503 1271 1522 N
1280 1502 1296 1522 C
1306 1503 1326 1522 V
1335 1503 1351 1523 Β
1364 1504 1371 1522 1
1383 1504 1403 1523 v
1412 1504 1435 1522 M
1446 1520 1454 1530 ‚
1475 1497 1493 1522 i.
1521 1507 1546 1523 n.
1585 1496 1776 1530 [μεαονύκτων]
1814 1499 1856 1524 Sic
1870 1506 1966 1534 tempus
1978 1501 2099 1530 deerunt
2112 1513 2207 1534 veteres

1158 1540 1205 1567 quo
1220 1541 1300 1557 omnes
1309 1531 1370 1567 stre
1384 1533 1509 1558 culini-ent.
1547 1534 1605 1559 Alii
1617 1532 1802 1566 Intempestam
1816 1533 1923 1560 11οὸὶο111
1943 1544 2054 1564 vocant:
2074 1542 2122 1566 alii
2136 1529 2218 1570 Sileni

1159 1567 1238 1594 tium.
1275 1568 1358 1594 Plaut.
1371 1568 1502 1594 Trinum.
1517 1578 1545 1601 4,
1561 1577 1586 1599 2,
1599 1576 1638 1600 44
1659 1568 1685 1593 Si
1700 1573 1760 1594 ante
1774 1568 1861 1595 lucem
1875 1570 1915 1596 ire
1929 1572 2045 1607 occipias
2060 1584 2074 1601 a
2088 1585 2150 1604 meo
2163 1580 2217 1613 pri.

44 1609 82 1635 η,
98 1606 126 1630 16
146 1604 175 1629 In
188 1604 294 1637 plenum
308 1608 395 1629 autem
415 1603 541 1638 probatio
554 1604 590 1630 est
610 1604 721 1630 minutis
734 1604 834 1638 glebis,
847 1613 894 1631 nec
909 1604 1048 1639 rotundis,
1062 1606 1091 1632 in
1106 1613 1142 1638 40
1159 1612 1204 1630 mo
1217 1604 1343 1637 nomine,
1363 1604 1524 1630 concubium
1543 1603 1573 1629 lit
1587 1602 1690 1635 noff'fiS,
1709 1603 1783 1638 prius
1796 1613 1875 1639 quam
1894 1606 1926 1632 ad
1947 1609 2109 1642 postremum
2123 1623 2217 1648 perue-

1157 1639 1237 1666 neris.
1396 1638 1416 1676 ‘j
1438 1649 1454 1667 2
1492 1640 1594 1666 Gellius
1603 1646 1653 1674 pro
1665 1639 1818 1666 Concubitu
1831 1641 1918 1677 posuit
1929 1651 1957 1676 9,
1971 1652 2001 1670 10
2028 1647 2216 1679 Venerandum

1157 1674 1226 1702 illud
1240 1675 1365 1702 concubii
1379 1676 1469 1710 pudici
1483 1676 1621 1703 secretum.
1642 1673 1683 1708 Est
1696 1682 1776 1701 autem
1784 1680 1889 1712 proprie
1899 1678 2064 1709 Adieffiuum
2077 1693 2162 1712 nomen

1196 1717 1430 1744 CONCVB1vs,
1449 1722 1473 1744 a,
1494 1721 1548 1738 um.
1567 1710 1628 1736 Adi.
1647 1710 1739 1737 Tacit.
1747 1712 1815 1738 Ann.
1830 1721 1850 1744 1,
1866 1722 1904 1746 39.
1923 1718 1954 1741 it.
1974 1716 2035 1744 Liu.
2048 1727 2115 1752 2;‚9
2128 1706 2215 1758 etjae-

1150 1749 1213 1782 pius
1231 1747 1299 1782 apud
1318 1748 1456 1775 Valerium
1477 1748 1548 1773 Max.
1572 1744 1678 1773 Nofiem
1693 1747 1851 1782 profundam
1864 1749 1936 1786 signi
1946 1750 2005 1779 'can
2051 1755 2118 1782 Plin.
2139 1766 2182 1791 29,
2197 1760 2215 1786 6

40 1781 171 1815 segregata
184 1781 217 1807 ab
237 1782 312 1807 omni
326 1782 496 1809 concretione
508 1782 624 1808 mortali.
659 1782 733 1818 Conf.
748 1782 866 1808 Laciant.
881 1791 902 1814 1,
923 1791 944 1815 ς.
980 1783 1090 1814 Firmic,
1105 1791 1139 1817 45
1157 1783 1214 1809 Alii
1226 1789 1378 1817 excoquunt
1397 1784 1499 1817 ipsum,
1521 1788 1547 1809 et
1567 1782 1646 1808 nodie
1658 1783 1788 1810 concubia
1810 1784 1837 1810 in
1853 1785 1926 1819 plum
1947 1796 2009 1814 eum
2023 1799 2068 1816 vas
2087 1792 2214 1822 condunt.

39 1824 60 1848 1,
71 1825 91 1849 3.
115 1816 254 1852 Quidquid
274 1817 336 1844 vitii
357 1826 388 1844 ex
408 1827 489 1852 praua
508 1818 678 1844 concretione
698 1826 793 1852 corpus
808 1818 945 1846 habuerat.
1019 1821 1091 1847 Con-

40 1852 125 1879 cretio
139 1854 262 1880 sororum
276 1853 478 1880 substantiarum
493 1854 611 1882 Tei-tull.
626 1853 658 1880 de
674 1854 770 1881 Anima
783 1863 803 1882 c.
818 1862 857 1887 32.

78 1897 96 1918 c
108 1898 157 1918 ON
169 1898 186 1918 c
196 1899 215 1919 R
225 1898 299 1919 EME
309 1899 330 1918 N
340 1899 360 1918 T
370 1900 392 1919 v
401 1900 425 1919 Μ
434 1913 443 1926 ,
466 1893 485 1919 i.
506 1902 531 1921 n.
567 1893 645 1927 Apul.
665 1893 743 1928 Apol.
765 1902 789 1928 p.
803 1896 860 1926 306,
874 1895 892 1920 6
926 1895 956 1921 In
976 1903 1090 1935 corpore

38 1934 221 1954 concrementa
241 1928 311 1954 varii
331 1927 403 1955 fellis
417 1935 444 1955 et
463 1928 566 1955 turbidi
586 1928 710 1963 spiritus,
730 1935 756 1955 et
775 1929 880 1964 pinguis
892 1930 1030 1963 humoris,
1042 1940 1089 1960 no-

36 1962 136 1990 viffima
156 1964 355 1998 aegritudinum
374 1965 546 1992 incitamenta
558 1965 625 1991 sunt.
662 1963 705 1998 Est
715 1963 798 1999 fimile
811 1975 896 1993 nomen
910 1967 1090 2001 incremento,
1106 1968 1139 1995 50
1154 1962 1258 1997 praefis-

38 1998 222 2026 Decremento.

75 2040 93 2062 C
108 2041 128 2061 O
138 2043 161 2062 N
172 2042 190 2063 c
201 2043 245 2062 RE
254 2043 266 2062 s
277 2042 295 2063 C
306 2043 323 2062 F.
333 2042 355 2060 N
366 2043 387 2063 T
396 2043 405 2063 1
414 2042 452 2067 A,
480 2044 520 2062 ae.
548 2035 569 2061 f.
605 2035 713 2063 Vitruu.
729 2040 752 2069 8,
772 2045 785 2069 3
812 2036 954 2073 Diffipant,
969 2048 1038 2074 quac
1057 2047 1090 2066 ex

37 2077 167 2104 aquarum
182 2070 341 2098 subsidentia
355 2071 384 2097 in
399 2071 558 2106 corporibus
570 2077 596 2098 et
616 2072 809 2099 concrescentia
823 2073 999 2103 offenderunt.

75 2111 92 2132 C
105 2112 154 2133 ΟΝ
167 2108 391 2140 CRETl’vx's,
408 2116 438 2139 a,
460 2116 516 2133 um.
554 2107 614 2134 Adi.
659 2107 766 2136 Firmic.

46 2147 92 2170 ,c
106 2140 400 2176 oucnxmiNon,
420 2143 468 2169 ari.
503 2140 674 2177 [ὢαςᾏίλλω]

35 2177 72 2202 tis
87 2178 156 2203 velut
167 2178 321 2204 criminibus.
355 2179 437 2205 Plaut.
455 2177 512 2205 Mil.
526 2187 552 2210 2,
567 2187 589 2210 2,
604 2184 637 2212 87
669 2179 704 2203 Vt
717 2178 736 2204 si
750 2178 807 2203 illic
820 2180 1028 2205 concriminatus
1042 2180 1088 2205 siet

39 2211 164 2239 aduersus
177 2213 292 2239 militern
306 2222 379 2239 meus
394 2214 544 2240 conseruus.

72 2253 170 2275 CONc
180 2255 267 2274 R1M1
280 2255 302 2273 Ν
313 2255 336 2275 Α
346 2255 384 2275 TI
396 2257 415 2278 0
427 2269 436 2281 ,
452 2248 520 2274 onis.
539 2248 560 2276 f.
597 2249 656 2275 Vox
669 2249 724 2277 ICt.
740 2249 769 2275 in
781 2249 843 2283 Dig.
856 2247 899 2283 effi
911 2249 1015 2276 dicitur.

73 2287 92 2309 C
103 2287 123 2308 0
135 2288 158 2308 N
168 2289 186 2310 C
197 2290 216 2310 R
225 2291 233 2310 1
243 2291 256 2310 s
265 2291 280 2310 Ρ
289 2289 323 2316 O,
342 2287 395 2310 are.
431 2284 538 2311 Vitruu.
552 2289 574 2314 8,
589 2292 599 2310 1
635 2284 771 2311 Humores
790 2285 816 2311 se
834 2285 1028 2320 concrispantes
1037 2306 1046 2318 ,
1060 2291 1086 2313 et

710 2144 851 2170 Criminari
870 2145 955 2175 valde,
969 2143 1088 2179 conquilt'-
1106 2151 1136 2176 55
1154 2144 1172 2166 i·
1195 2140 1308 2173 vastari,
1322 2140 1423 2173 destrui.

1157 1819 1213 1845 Cic.
1229 1818 1261 1844 de
1276 1819 1369 1845 Diuin.
1387 1828 1406 1852 1,
1421 1827 1452 1854 57
1466 1829 1487 1845 c.
1502 1826 1536 1853 27
1556 1818 1611 1852 Qii
1626 1824 1655 1845 vt
1668 1819 1772 1846 coenati
1787 1820 1971 1856 quiescerent,
1992 1826 2122 1855 concubia
2135 1830 2215 1857 nocte

1156 1854 1243 1881 visum
1256 1855 1305 1880 esse
1320 1855 1349 1881 in
1362 1855 1472 1881 somniis
1484 1855 1520 1887 ei,
1535 1856 1583 1889 qui
1596 1860 1652 1881 erat
1666 1854 1695 1880 in
1710 1854 1838 1890 hospitio,
1852 1864 1898 1884 etc.

1194 1897 1211 1917 C
1223 1897 1243 1917 Ο
1252 1897 1275 1917 Ν
1284 1897 1301 1917 C
1310 1898 1331 1917 V
1341 1898 1356 1918 Β
1366 1898 1376 1917 1
1388 1898 1409 1917 T
1418 1892 1461 1918 ᾹΙ.
1471 1898 1480 1917 1
1489 1897 1502 1916 S
1517 1910 1524 1922 ‚
1550 1900 1572 1916 e.
1595 1889 1656 1916 Adi.
1693 1892 1738 1917 Ad
1750 1893 1904 1919 concubitum
1913 1898 2052 1929 pertinens.
2089 1899 2213 1928 Tertull,

1156 1925 1188 1952 ad
1203 1926 1316 1953 Nation.
1329 1935 1355 1960 2,
1370 1935 1401 1954 11.
1457 1927 1606 1954 Conseuius
1619 1926 1690 1952 Deus
1698 1947 1706 1959 ,
1721 1928 1769 1962 qui
1783 1929 1986 1958 consationibus*
1999 1935 2214 1965 concubitalibus

1194 2004 1212 2025 c
1223 2004 1242 2024 o
1254 2004 1276 2024 N
1289 2003 1306 2026 c
1318 2005 1339 2025 v
1348 2005 1366 2026 n
1376 2005 1411 2030 o,
1435 1999 1489 2025 ere.
1526 1997 1636 2025 Firmic.

1192 2041 1209 2061 C
1219 2042 1239 2062 Ο
1248 2041 1270 2060 Ν
1279 2040 1296 2060 C
1305 2041 1326 2060 V
1336 2041 1377 2062 LC
1386 2041 1405 2061 O
1421 2055 1429 2067 ,
1457 2039 1510 2061 are.
1550 2034 1723 2068 [συμπατὲω]
1760 2035 1828 2062 Idem
1848 2037 1914 2072 quod
1932 2037 2040 2066 Calcare
2049 2060 2056 2072 ,
2082 2040 2131 2075 tufi
2149 2043 2216 2078 quod

1156 2077 1221 2098 CON
1242 2077 1324 2106 auget.
1363 2070 1419 2098 Cic.
1434 2072 1488 2097 Att.
1504 2075 1526 2102 8,
1540 2079 1561 2097 11
1579 2070 1754 2101 Conculcari,
1770 2071 1896 2105 inquam,
1911 2074 2035 2100 miseram
2048 2076 2154 2104 Italiam
2174 2080 2214 2106 vi..

1155 2106 1231 2133 debis
1245 2106 1367 2140 proxima
1380 2107 1474 2133 aestate
1487 2106 1521 2132 ab
1536 2106 1675 2138 Vtriusque
1688 2106 1826 2139 mancipiis
1840 2115 1872 2132 ex
1884 2109 1961 2134 omni
1974 2118 2070 2144 genere
2082 2113 2202 2142 collectis

1470 2140 1584 2166 Pedibus
1605 2140 1761 2167 conculcare
1780 2141 1898 2177 aliquem
1918 2145 2000 2171 Ouid.
2013 2147 2080 2174 Met.
2097 2157 2135 2181 12,
2149 2136 2214 2185 3745

1154 2176 1269 2210 Metaph.
1288 2176 1310 2201 A
1325 2175 1476 2210 pedisequis
1496 2174 1647 2202 conculcari
1668 2175 1724 2202 Cic.
1739 2186 1788 2211 pro
1803 2178 1892 2206 Domo
1911 2189 1932 2206 c.
1952 2189 1997 2213 42.
2069 2184 2211 2214 Protcrere

1153 2217 1180 2238 et
1194 2211 1351 2249 conculcare
1369 2212 1488 2246 aliquem
1502 2212 1576 2238 Idem
1589 2220 1638 2245 pro
1651 2211 1734 2238 Flacc.
1750 2221 1787 2245 53.

1191 2253 1208 2273 0
1221 2254 1240 2274 0
1250 2255 1271 2273 Ν
1281 2254 1327 2274 cv
1336 2253 1382 2273 1.·c
1393 2254 1445 2274 AT
1455 2254 1476 2272 v
1485 2255 1514 2279 s,
1535 2255 1565 2278 a,
1584 2255 1639 2272 um.
1661 2247 1728 2272 Part.
1744 2247 1857 2283 Vulgata
1871 2249 1937 2276 Esai.
1951 2255 1988 2284 18,
2001 2260 2026 2278 2.
2039 2259 2064 2279 et
2076 2254 2139 2281 Luc.
2153 2261 2176 2289 8,
2186 2264 2209 2290 ς.

1190 2288 1208 2309 0
1220 2288 1463 2310 οΝςνιαΑτι
1475 2287 1495 2306 o
1511 2301 1520 2314 ,
1540 2282 1609 2307 onis.
1635 2281 1656 2307 f.
1692 2281 1834 2318 [ποίησις]
1872 2286 1940 2312 Plin.
1958 2291 1982 2318 8,
2003 2293 2030 2318 18
2057 2289 2209 2321 obturbata

33 2316 63 2344 in
75 2320 137 2346 aera
149 2319 297 2354 surgentes,
313 2322 331 2346 i.
349 2319 474 2346 undarum
493 2317 653 2360 instar-flexi
662 2326 739 2360 ¹atquc·
758 2320 850 2356 crispis
865 2323 978 2348 crinibus
991 2321 1088 2355 similes
1102 2324 1137 2349 60
1153 2317 1354 2344 conculcatione
1368 2326 1399 2351 Pl·
1401 2317 1441 2343 51¹⁵
1455 2325 1537 2351 aquas
1556 2317 1635 2343 alifer
1647 2322 1713 2351 P0tu
1725 2327 1779 2344 ¹¹0⁰
1790 2319 1913 2353 gaudent.

32 2362 145 2388 vapores.
217 2355 411 2388 Capillamento
424 2355 584 2389 concrispati
600 2355 718 2382 cincinni
736 2356 844 2383 Vitruu.
857 2366 886 2390 4,
902 2366 921 2384 1.
957 2358 1006 2386 Sed
1024 2359 1087 2384 Am—

34 2390 116 2416 mian.
133 2391 170 2422 16,
182 2398 216 2423 29
237 2391 308 2418 Tela
323 2391 490 2426 concrispans
501 2390 536 2424 ⁴st
552 2392 665 2418 celeriter
682 2391 796 2419 vibrans.

70 2442 88 2463 C
106 2443 126 2463 0
136 2443 163 2463 N
177 2441 196 2462 C
212 2443 231 2463 R
247 2443 268 2464 V
285 2443 303 2465 c
322 2445 331 2464 1
345 2444 364 2464 0
377 2444 397 2464 R
409 2457 418 2471 ‚
441 2437 490 2464 ari.
526 2436 717 2472 [τιμωρῶμαι]
759 2438 875 2473 Vndique
885 2457 894 2469 ‚
924 2437 1087 2471 vehementer,

36 2472 160 2499 eruciari
181 2473 285 2499 Lucret.
300 2481 323 2506 3,
340 2481 387 2508 149
422 2472 428 2474 ”

139 2509 172 2535 Et
189 2508 260 2543 quafi
273 2517 356 2544 quum
372 2508 466 2543 caput,
480 2513 525 2534 aut
538 2507 631 2534 oculus
648 2512 767 2534 tentante
781 2505 877 2532 dolore

143 2544 272 2571 Laeditur
290 2545 319 2572 in
339 2544 432 2572 nobis:
467 2552 523 2570 non
539 2543 616 2570 omni
632 2542 835 2568 concruciamur

138 2581 275 2615 Corpore,
327 2582 346 2607 i.
367 2589 416 2606 non
434 2579 547 2605 omnibus
557 2578 637 2612 Jimul
655 2575 793 2614 affligimur
811 2577 934 2605 memhris.

71 2626 89 2650 c
101 2629 178 2651 one
189 2630 238 2650 κν
249 2629 267 2650 0
278 2628 408 2648 11111111
418 2628 449 2653 s,
469 2629 493 2648 e.
528 2620 632 2655 Hygini
650 2619 693 2653 effi>
707 2621 811 2647 dicitur.

72 2663 90 2684 c
101 2664 121 2685 o
131 2664 153 2684 N
163 2663 181 2684 c
190 2664 210 2684 R
218 2665 238 2683 v
247 2662 265 2683 c
278 2663 287 2684 1
298 2663 319 2683 A
327 2662 346 2682 R
356 2663 395 2683 1v
404 2663 416 2683 s
424 2675 432 2688 ,
451 2664 465 2682 a
473 2675 480 2686 ,
498 2664 553 2682 um.
588 2656 707 2683 Firmico
723 2656 856 2683 tribuitur.

73 2698 92 2719 c
103 2698 155 2720 on
168 2698 243 2720 ch
255 2698 273 2719 c
286 2698 340 2719 1r1
351 2697 371 2718 G
382 2699 417 2724 0,
437 2693 490 2718 ὅτε.
528 2690 618 2718 Sidon.
633 2692 711 2727 Epist.
729 2694 755 2724 6,
772 2701 791 2719 ι.

73 2736 118 2758 Co
128 2738 149 2758 N
163 2737 180 2758 c
193 2737 212 2758 R
221 2738 242 2757 v
252 2737 265 2757 s
274 2736 295 2757 ‘r
304 2737 337 2763 o,
361 2734 413 2757 are.
448 2730 581 2757 Ammian.
602 2739 640 2766 17,
658 2739 675 2766 7
711 2731 863 2758 Soliditates
895 2731 1082 2761 concrustatae.

35 2766 68 2793 Et
80 2767 183 2794 Meatus
197 2765 291 2801 gelidis
304 2766 452 2801 frigoribus
468 2766 625 2794 concrustati
643 2768 717 2795 Idem
732 2776 774 2800 30,
787 2769 812 2793 6.

72 2816 89 2837 c
98 2815 117 2836 0
126 2817 148 2836 N
157 2816 174 2837 C
184 2807 255 2842 v⁹130
265 2829 275 2843 ,
299 2813 352 2836 are.
388 2816 412 2835 ct
438 2815 482 2836 co
491 2816 599 2837 NCVM
610 2817 625 2837 Β
636 2816 655 2837 0
671 2831 680 2844 ,
705 2809 809 2842 cubui,
832 2809 975 2842 cubitum,
1011 2821 1083 2838 cum-

36 2844 109 2872 bcre.
145 2843 295 2879 [συνευνοίω]
332 2846 412 2873 Simul
429 2845 531 2876 cubare,
551 2846 629 2873 Coirc.
684 2846 754 2873 Ter.
769 2846 835 2872 Hec.
856 2855 885 2879 3,
903 2855 933 2879 3,
954 2856 981 2880 33
1011 2848 1082 2874 Nam

34 2882 110 2908 aiunt
128 2887 215 2908 tecum
235 2881 291 2916 post
307 2880 410 2908 duobus
431 2881 598 2908 concubuiffe
611 2891 669 2909 eam
688 2881 829 2909 mensibus.
900 2883 957 2910 Cic.
971 2883 1003 2909 de
1017 2885 1083 2910 Fato

34 2926 66 2948 30
79 2927 101 2944 c.
116 2925 140 2950 ¹3
162 2917 233 2951 Qiia
245 2916 282 2944 ita
297 2917 381 2946 fatum
393 2916 424 2943 fit
437 2923 463 2944 et
476 2917 682 2945 concubiturum
698 2927 758 2945 cum
776 2926 860 2944 vxore
873 2918 977 2945 Laium.
1012 2920 1082 2946 Add.

34 2953 92 2980 Sen.
106 2953 199 2980 Contr.
214 2962 242 2986 4,
257 2961 292 2979 ει.
363 2952 445 2980 Ouid.
461 2953 493 2980 de
508 2954 572 2980 Arte
586 2955 644 2981 Am.
657 2963 679 2986 3,
694 2962 742 2987 522
771 2953 888 2980 Credere
908 2955 954 2982 vix
971 2957 1082 2990 possum,

34 2988 82 3015 niti
95 2994 172 3023 cogat
184 2988 290 3016 credere
302 2994 407 3023 partus,
426 2990 480 3016 Vos
493 2999 542 3024 ego
554 2999 614 3017 cum
627 2990 719 3017 vestris
733 2989 899 3016 concubuisse
913 2991 990 3018 viris.
1031 2992 1084 3018 Ti-

34 3023 100 3053 bull.
112 3032 134 3057 1,
146 3029 171 3057 8,
182 3032 210 3058 33
239 3025 274 3051 At
291 3025 380 3059 Venus
397 3025 503 3052 inuenit
522 3035 605 3060 puero
626 3025 803 3053 concumbere
821 3026 929 3053 furtim:
956 3029 1000 3055 Al.
1023 3028 1083 3055 Suc-

35 3059 168 3087 cumbere.
204 3059 272 3087 Viro
284 3060 366 3087 Ouid.
380 3061 445 3087 Met.
460 3069 498 3094 ιο,
516 3067 568 3094 338.

70 3100 147 3123 CON
159 3100 250 3122 cvm
260 3101 344 3128 T10,
363 3097 432 3122 onis.
449 3096 470 3123 f.
505 3098 604 3133 Hygin.
618 3097 723 3124 Astron.
741 3106 763 3130 2,
779 3105 816 3124 12.
832 3100 852 3124 i.
871 3098 1024 3125 concubitus.

72 3137 90 3158 C
101 3137 121 3158 0
131 3137 154 3156 N
164 3137 209 3158 CV
219 3137 236 3158 B
246 3129 256 3156 Ϊ
265 3136 286 3157 Τ
296 3137 316 3158 O
324 3138 344 3158 R
358 3151 366 3164 ,
393 3132 457 3158 oris.
482 3141 519 3159 m.
554 3133 729 3167 [συνκυιμητῇς
746 3134 807 3160 Vet.
823 3133 924 3168 Gloffi]
959 3134 1080 3162 Tertull.

52 3176 66 3194 e
81 3166 170 3194 Pudic.
181 3165 297 3193 Saluian.
312 3166 330 3193 l.
341 3175 358 3202 7
371 3176 395 3201 p.
408 3175 461 3201 231.
496 3169 574 3204 Vulg.
588 3178 599 3196 1
612 3169 736 3196 Corinth.
749 3171 777 3202 6,
792 3178 830 3195 10.

26 3269 27 3272 ,
55 3242 151 3270 aeteris
170 3241 330 3268 animalibus
344 3241 402 3269 stati
415 3252 461 3277 per
473 3248 592 3279 tempora
605 3245 668 3271 anni
688 3243 858 3277 concubitus,
873 3243 978 3272 homini
993 3255 1081 3273 omm-

51 3288 81 3306 us
96 3278 170 3305 horis
181 3277 284 3304 dierum
296 3277 478 3314 noctiumque.
549 3280 669 3307 Nefandi
682 3279 840 3307 concubitus
857 3280 916 3307 Sen.
933 3282 1024 3316 Agam.
1039 3291 1079 3315 30.

52 3315 124 3349 oui,
141 3312 268 3340 Hom-endi
287 3320 311 3339 et
328 3313 442 3348 inusitati
460 3313 532 3341 Idem
552 3316 664 3352 Hippol.
680 3324 736 3350 170.
806 3317 894 3350 Vagus
914 3317 1080 3352 concubitus,

0 3364 3 3372 r
38 3353 52 3378 '.
71 3352 226 3377 meretricius
245 3349 312 3375 Hor.
330 3349 359 3375 in
377 3350 441 3376 Arte
461 3351 532 3377 Po‘e't.
551 3357 605 3384 398.
677 3352 783 3378 Vetitus
801 3351 883 3378 Ouid.
897 3353 960 3379 Met.
975 3362 1013 3386 10,
1028 3363 1080 3387 353.

34 3421 102 3450 Celss
116 3431 137 3455 ι,
150 3430 170 3448 ι.
242 3421 344 3454 Fugere
357 3420 513 3448 concubitus
532 3422 613 3450 Ouid.
626 3424 692 3450 Met.
708 3432 746 3457 14.
760 3425 819 3453 668.
889 3424 965 3460 Virg.
979 3426 1078 3461 Georg.

35 3466 64 3491 4,
77 3462 121 3491 198
151 3457 232 3491 Qiod
246 3466 292 3483 nec
306 3456 449 3484 concubitu
463 3456 615 3492 indulgent,
638 3469 686 3486 nec
705 3467 819 3493 corpora
837 3460 925 3494 segnes
952 3462 982 3487 In
995 3462 1079 3488 Vene-

0 3498 11 3508 ¹·
33 3501 92 3521 rem
106 3492 218 3523 solmint.
238 3492 266 3519 de
278 3492 374 3528 apibur.
445 3492 502 3519 Pati
518 3494 672 3522 concubitus
691 3495 771 3522 Ouid.
786 3494 818 3521 de
832 3495 895 3522 Arte
908 3496 967 3523 Am.
980 3505 1001 3529 3,
1016 3500 1078 3524 666.

35 3529 126 3556 Petere
137 3528 218 3555 Ouid.
232 3529 296 3555 Met.
308 3537 335 3561 4,
349 3535 410 3562 207.
481 3528 598 3556 Pollutus
606 3531 711 3565 tragico
724 3530 867 3557 concubitu
882 3533 974 3560 quen.
987 3533 1037 3559 Sat.
1053 3542 1078 3566 2,

35 3572 76 3597 30.
146 3563 254 3599 Turpes
268 3564 397 3600 pecudum
416 3563 571 3592 concubitus
592 3566 667 3601 sequi
686 3567 762 3602 Virg.
777 3566 830 3593 Ecl.
842 3569 868 3599 6,
883 3575 922 3599 30.

34 3607 90 3635 ptas
109 3598 220 3626 solicitat
239 3599 393 3630 concubitus
412 3599 486 3634 Virg.
501 3600 598 3635 Georg.
615 3610 638 3634 3,
657 3610 709 3634 130.
907 3599 928 3640 ff
950 3613 966 3631 2
1001 3605 1079 3640 Apud

34 3634 156 3663 Tei-tull.
175 3633 310 3670 Scorpiace
329 3645 368 3671 pr.
385 3635 550 3662 Concubitus
572 3646 622 3667 non
639 3637 741 3663 videtur
753 3640 881 3672 pertinere
900 3638 934 3664 ad
953 3641 1078 3674 Venerem,

0 3686 3 3691 ·
47 3670 231 3706 edfimplicietr
242 3677 328 3699 notare
340 3674 552 3698 commorationem
564 3675 591 3697 in
603 3678 703 3707 corpore
716 3672 896 3700 medicamenti.
931 3675 1077 3709 Medicina,

0 3703 8 3715 ''
34 3709 132 3739 inanit,
143 3706 203 3732 etim
217 3704 327 3734 fei-roei
345 3707 441 3743 poculo
455 3708 572 3734 occurrit
582 3707 739 3744 scorpiorum
758 3716 845 3734 noxae.
880 3709 951 3737 Nam
964 3718 990 3738 et
1002 3720 1076 3746 prae-

10 3788 13 3793 ¹
34 3783 76 3804 tus
89 3776 211 3804 exhaurit
223 3782 250 3804 et
263 3776 349 3805 denuo
361 3779 451 3806 sitiunt
460 3799 469 3812 ,
486 3782 504 3806 i.
524 3783 681 3806 commoratio
700 3783 727 3804 in
739 3786 840 3814 corpore
852 3783 905 3807 vim
923 3783 994 3809 illam
1007 3782 1075 3818 ᾱζζῙὶ-

51 3814 93 3852 a't,
112 3819 143 3840 vt
157 3812 235 3840 denuo
252 3812 406 3849 bibenda-lit
421 3815 557 3842 antidotos.
593 3817 636 3842 Ita
647 3815 679 3842 de
687 3815 793 3842 Resurr.
806 3816 890 3842 carnis
906 3819 935 3843 16
947 3817 1073 3845 Gladium

0 3849 8 3862 ‘
36 3847 184 3875 latrociniis
197 3847 302 3876 ebrium
317 3849 376 3884 quis
387 3859 442 3878 non
452 3860 466 3878 a
477 3851 559 3878 domo
572 3858 638 3884 tota,
651 3850 750 3878 nedum
761 3859 776 3877 a
789 3849 928 3884 cubiculo,
941 3852 1040 3880 nedum
1057 3863 1073 3882 a

33 3883 126 3919 capitis
139 3883 178 3910 sui
191 3881 280 3912 officii>
295 3884 346 3918 (ut
358 3884 394 3914 ad
403 3889 510 3914 ceruical
519 3887 679 3924 suspendat)
692 3886 827 3920 relegarit,
841 3888 1006 3921 praesumens
1026 3889 1073 3916 sei-

33 3919 112 3953 licet,
131 3918 200 3946 nihil
213 3919 286 3947 aliud
299 3921 324 3947 se
575 3924 579 3928 “
776 3922 781 3926 ”

184 3955 207 3982 V
216 3961 236 3983 o
244 3961 272 3983 1..
306 3957 328 3984 1.

1101 2497 1133 2530 65

1094 2686 1131 2713 70
1149 2674 1241 2710 Itaque
1254 2675 1386 2702 Romulus
1399 2684 1499 2710 augur,
1520 2681 1548 2702 vt
1562 2676 1633 2711 apud
1641 2677 1754 2704 Ennium
1770 2650 1821 2711 eii,

1189 2359 1207 2378 c
1218 2359 1237 2379 o
1245 2359 1268 2378 N
1277 2359 1294 2379 c
1302 2358 1323 2377 v
1331 2359 1348 2378 L
1357 2359 1374 2379 0
1383 2353 1434 2379 XT
1443 2359 1464 2378 V
1474 2359 1486 2378 s
1494 2372 1503 2384 ,
1524 2351 1563 2379 sis.
1584 2361 1621 2378 m.
1641 2352 1718 2380 Idem.
1739 2355 1857 2382 Tertull.
1873 2356 1904 2383 de
1919 2358 2026 2386 Resurr.
2041 2369 2064 2387 c.
2077 2369 2120 2389 22.

1189 2393 1207 2414 c
1222 2393 1422 2421 ONCVLPO,
1443 2393 1496 2415 gre,
1533 2389 1590 2415 ICt.
1604 2389 1633 2415 in
1652 2389 1713 2424 Dig.

1189 2430 1206 2450 C
1216 2430 1235 2450 o
1243 2429 1266 2448 N
1276 2429 1293 2449 C
1303 2431 1324 2450 V
1333 2430 1358 2449 M
1368 2421 1389 2449 V..
1397 2431 1414 2450 L
1423 2430 1442 2450 O
1451 2444 1460 2456 ,
1479 2428 1531 2450 are.
1552 2433 1567 2450 a
1588 2425 1728 2452 Cmnulus.
1769 2426 1839 2454 Vnde

1187 2466 1205 2486 c
1215 2466 1233 2486 o
1241 2466 1264 2486 N
1273 2466 1289 2486 c
1298 2467 1318 2486 v
1327 2466 1353 2486 Μ
1361 2467 1382 2486 v
1392 2467 1408 2486 L
1418 2467 1438 2486 A
1449 2467 1470 2487 T
1480 2467 1501 2487 v
1511 2468 1532 2487 s.
1554 2460 1648 2488 Partic.
1669 2461 1790 2488 Tertull.
1802 2462 1834 2488 de
1848 2463 1908 2491 Vel.
1918 2465 1994 2502 Virg.
2012 2476 2034 2494 c.
2050 2475 2076 2504 7.

1189 2501 1207 2521 0
1217 2502 1236 2522 0
1245 2502 1353 2522 NCVM
1363 2502 1384 2522 v
1396 2502 1411 2521 L
1421 2503 1473 2523 AT
1483 2503 1492 2522 1
1502 2503 1537 2528 o,
1563 2497 1633 2523 onis.
1658 2497 1679 2524 f.
1717 2498 1858 2526 Firmicus.

1188 2532 1497 2564 COchMBo‚vid.
1521 2539 1721 2560 COchno.
1851 2555 1854 2562 .

1188 2573 1206 2594 C
1219 2572 1239 2593 Ο
1249 2574 1272 2593 Ν
1281 2573 1298 2594 C
1307 2574 1329 2592 v
1339 2575 1355 2594 Ρ
1365 2575 1373 2594 1
1384 2575 1403 2594 0
1417 2567 1498 2604 fuist}
1512 2568 1613 2595 verbum
1626 2571 1751 2596 veteribur
1767 2580 1817 2596 non
1830 2573 1998 2608 incognitum,
2011 2574 2081 2602 docet
2093 2585 2143 2604 non
2156 2588 2205 2606 mo—

1150 2601 1181 2629 do
1194 2603 1294 2630 verbum
1302 2602 1425 2639 simplex,
1439 2612 1462 2630 et
1471 2606 1639 2631 Praeteritum
1652 2606 1804 2640 Concupiui
1818 2614 1865 2634 etc.
1877 2609 1927 2644 Jltd
1938 2613 2012 2636 etiam

1188 2645 1205 2665 C
1219 2646 1238 2666 O
1249 2647 1271 2666 Ν
1279 2646 1295 2666 C
1305 2646 1326 2664 V
1335 2647 1350 2666 P
1359 2647 1369 2666 1
1378 2647 1395 2666 Ε
1404 2647 1426 2666 Ν
1436 2647 1460 2672 s,
1473 2640 1534 2666 ntis.
1553 2640 1647 2667 Partic.
1669 2642 1768 2668 Ennius
1835 2644 1891 2671 Cic.
1899 2645 1931 2671 de
1940 2646 2033 2673 Diuin.
2047 2656 2068 2680 1,
2078 2656 2127 2684 107
2139 2659 2161 2677 c.
2169 2655 2204 2685 48

1841 2689 1901 2706 cum
1915 2681 1998 2709 fratre
2013 2683 2078 2710 item
2093 2693 2202 2720 augure,

1148 2711 1278 2738 Curantes
1297 2720 1392 2745 magna
1411 2721 1471 2738 cum
1489 2721 1550 2738 cura
1559 2732 1568 2745 ,
1587 2713 1773 2748 concupientes
1793 2715 1895 2750 Regni,
1914 2717 1977 2744 dant
1996 2727 2105 2753 operam
2124 2721 2203 2748 simul

1146 2747 1275 2781 auspicio.
1310 2747 1359 2774 Sed
1374 2747 1489 2784 obfhleuic
1507 2748 1551 2775 boc
1570 2758 1625 2775 cum
1645 2750 1722 2776 Verbo

1142 2785 1231 2818 pium,
1252 2790 1276 2809 et
1292 2785 1321 2809 in
1340 2785 1417 2810 Iocum
1432 2784 1501 2811 illim
1514 2787 1593 2812 venit.

1182 2825 1199 2846 C
1210 2826 1229 2845 O
1238 2826 1261 2845 Ν
1270 2825 1287 2845 C
1300 2826 1321 2845 V
1329 2826 1344 2846 Ρ
1352 2827 1362 2846 1
1371 2826 1384 2846 s
1395 2825 1411 2845 C
1423 2826 1441 2847 o
1452 2840 1458 2851 ,
1476 2820 1567 2854 cupiui
1576 2841 1585 2853 ‚
1605 2821 1723 2856 cupitum
1731 2841 1740 2854 ‚
1761 2822 1904 2856 cupiscere.
1925 2822 2086 2859 [ἐπιθυμέω]
2121 2827 2199 2855 Valde

1146 2864 1176 2880 cu
1196 2864 1242 2881 ere.
1280 2855 1337 2881 Cic.
1352 2854 1384 2881 de
1397 2855 1455 2883 Fin.
1468 2865 1496 2889 4,
1505 2864 1529 2890 27
1559 2858 1594 2884 Vt
1613 2856 1631 2883 fi
1646 2857 1706 2892 quis
1728 2857 1908 2884 obmutescere
1928 2861 2108 2893 concupierit,
2128 2862 2199 2890 nihil

1736 2750 1782 2786 [ιω
1800 2752 1940 2788 pratfintis
1960 2758 2079 2789 temporis
2092 2757 2202 2783 Parrici-

1101 2862 1193 2891 7512

1098 3038 1130 3064 80

69 3214 86 3234 C
96 3213 116 3234 ο
126 3213 147 3232 N
157 3212 203 3233 cv
213 3204 280 3233 Bi'r
289 3213 309 3232 V
318 3213 331 3233 S
340 3226 349 3239 ,
369 3205 407 3233 1⁴¹3-
444 3216 480 3234 m·
516 3209 646 3240 [ffwwt'd'
663 3210 750 3243 strigis]
786 3209 880 3235 ΟΜΝΗ·
917 3209 983 3250 1³1}ss-
995 3219 1034 3243 10,
1049 3213 1079 3251 63
1097 3216 1127 3245 85
1143 3214 1217 3242 illam
1229 3216 1386 3250 concupiuit
1405 3216 1461 3242 Cic.
1477 3223 1525 3249 pro
1538 3214 1644 3241 Cluent.
1659 3215 1702 3240 26.

338 3930 418 3956 quam
431 3921 525 3950 illudia
539 3932 686 3953 ammarum
698 3923 889 3950 somniaturum
899 3943 907 3956 ,
919 3925 1070 3959 vrgentium
1084 3928 1180 3966 105lip.
1198 3938 1218 3963 1,
1231 3937 1250 3956 1.
1270 3935 1294 3954 et
1306 3926 1429 3955 Ambros.
1442 3928 1520 3963 Epist.
1535 3937 1557 3955 11
1578 3927 1610 3955 aud
1624 3928 1692 3954 ken.

1146 2890 1219 2917 aliud
1235 2891 1323 2925 legere
1335 2890 1438 2927 debeat.
1494 2892 1560 2918 Plin.
1575 2892 1655 2927 Epist.
1669 2902 1691 2925 3,
1704 2902 1721 2920 2
1750 2894 1879 2926 Qiamuis
1900 2895 1971 2921 enini
1994 2895 2041 2922 ista
2053 2905 2108 2923 non
2123 2907 2199 2934 appe-

1146 2932 1198 2953 tat:
1218 2932 1272 2954 tam
1285 2932 1358 2961 grate
1370 2933 1458 2954 tamen
1470 2928 1584 2963 excipit,
1602 2938 1682 2964 quam
1694 2929 1712 2955 ss
1725 2930 1899 2963 concupiscat.
1971 2931 2088 2958 Mortem
2103 2942 2199 2962 concu-

1146 2963 1246 2997 piscere
1261 2963 1319 2989 Cic.
1332 2962 1364 2989 de
1377 2963 1469 2990 Diuin.
1488 2973 1507 2996 1,
1521 2973 1545 2997 51
1564 2974 1585 2991 c.
1599 2973 1643 2998 24.
1715 2965 1750 2990 Vt
1766 2965 1906 2999 quisquam
1918 2965 2028 2992 domum
2046 2974 2092 2995 aut
2103 2970 2198 2998 villain

1148 2999 1338 3033 concupiuerat
1357 2999 1417 3026 Sall.
1440 3001 1497 3027 Cat:
1515 3009 1548 3033 51.
1619 2998 1694 3033 Qiid
1712 3000 1894 3034 concupiscas,
1922 3007 1951 3027 tu
1973 3002 2088 3030 videris:
2123 3006 2197 3041 quod

1145 3035 1347 3070 concupiueris,
1360 3041 1430 3062 certe
1444 3036 1555 3063 habebis
1576 3035 1631 3062 Cic.
1645 3034 1757 3069 Philipp.
1776 3043 1799 3068 ς,
1814 3044 1851 3068 33.
1921 3037 1973 3064 Res
1985 3047 2091 3073 magnas
2104 3048 2130 3068 et
2141 3051 2196 3069 ma-

1145 3079 1262 3106 gnopere
1277 3071 1433 3105 expetendas
1448 3072 1658 3106 concupiuerunt
1672 3070 1745 3096 Idem
1759 3071 1788 3097 in
1804 3072 1879 3098 Orat.
1892 3081 1920 3105 4.
1966 3073 2031 3100 Non
2044 3078 2196 3112 pecuniam,

1143 3115 1199 3133 non
1213 3116 1275 3142 opes
1290 3108 1438 3140 violentas,
1459 3108 1503 3134 sed
1516 3107 1652 3133 caritatem
1672 3106 1774 3133 ciuium
1788 3113 1814 3133 et
1826 3107 1940 3141 gloriam
1960 3111 2107 3145 concupisse
2119 3114 2195 3143 Idem

1145 3141 1258 3178 Philipp.
1274 3152 1294 3176 1,
1309 3152 1340 3176 29
1360 3153 1382 3170 c.
1398 3153 1432 3171 12.
1505 3142 1585 3169 Nihil
1606 3148 1658 3168 tam
1675 3140 1778 3169 efficere
1791 3143 2009 3178 concupiscebat,
2027 3156 2106 3182 qnam
2119 3151 2192 3184 quod

1146 3180 1215 3213 posse
1227 3178 1297 3206 effici
1309 3186 1451 3215 negaretur
1464 3179 1533 3205 Suet.
1550 3178 1578 3204 in
1591 3178 1674 3212 Calig.
1690 3187 1711 3204 c.
1725 3185 1766 3213 37.
1838 3179 1869 3204 In
1881 3181 2085 3210 matrimonium
2097 3184 2194 3213 ducere

1505 3250 1510 3254 ι
1773 3214 1842 3240 Hor.
1857 3215 1938 3250 Epod.
1953 3225 1976 3249 3,
1990 3226 2020 3251 19
2047 3220 2082 3246 At
2094 3220 2112 3247 fi
2127 3222 2192 3257 quid

1142 3256 1260 3286 vnquam
1274 3252 1325 3278 tale
1339 3251 1524 3285 concupiueris
1545 3250 1636 3276 locose
1649 3250 1797 3281 MaecenaS,
1815 3256 1860 3276 etc.
1916 3252 1972 3279 Cic.
1986 3263 2036 3288 pro
2049 3256 2143 3289 Qiint.
2157 3260 2191 3291 69

1141 3286 1212 3313 Sicut
1225 3293 1253 3314 tu
1267 3288 1369 3323 semper
1387 3288 1488 3314 summe
1502 3285 1656 3320 concupisti.
1727 3283 1792 3318 Pqffi
1812 3286 1879 3312 Plin.
1895 3295 1928 3321 11,
1941 3290 1959 3315 6
1994 3289 2025 3325 Id
2037 3291 2064 3317 se
2076 3292 2191 3320 facturas

1134 3323 1276 3356 consciae,
1290 3323 1364 3358 quod
1377 3322 1526 3356 concupisci
1540 3321 1622 3356 possit.

1178 3364 1195 3384 0
1205 3365 1224 3386 0
1235 3367 1256 3386 Ν
1265 3366 1311 3386 cv
1322 3366 1337 3385 Ρ
1349 3366 1358 3384 1
1368 3366 1380 3385 s
1390 3365 1406 3385 c
1416 3365 1432 3384 E
1441 3365 1464 3384 N
1473 3364 1491 3384 D
1500 3365 1520 3383 v
1529 3364 1552 3390 s,
1567 3366 1591 3389 a,
1605 3365 1660 3383 um.
1676 3355 1772 3382 Partic.
1792 3356 1861 3384 Cels.
1875 3365 1895 3390 1,
1912 3366 1932 3385 1.
1968 3359 2025 3387 Cic.
2034 3361 2106 3388 Fam.
2121 3366 2156 3395 ις,
2171 3363 2189 3388 6

0 3384 3 3405 '¹
34 3386 198 3414 Concubitus
213 3393 299 3418 neque
313 3385 393 3411 nimis
407 3387 626 3420 concupiscendus
635 3408 642 3421 ‚
663 3396 749 3422 neque
763 3387 844 3414 nimis
856 3388 1079 3423 pertimescendus
1091 3399 1128 3424 90
1142 3394 1236 3421 Honos
1250 3404 1303 3422 non
1317 3394 1398 3421 nimis
1417 3392 1645 3427 concupiscendus.

1178 3436 1196 3457 0
1208 3437 1227 3457 o
1237 3437 1258 3456 Ν
1269 3437 1286 3458 0
1299 3437 1319 3456 ν
1331 3438 1345 3457 12
1355 3429 1365 3456 i
1374 3437 1394 3456 T
1403 3436 1454 3456 vs.
1491 3429 1583 3456 Partic.
1626 3428 1676 3455 Vt,
1694 3426 1806 3466 Pecunia
1819 3430 1960 3464 concupita
1991 3431 2048 3458 Cic.
2062 3431 2143 3458 Tusc.
2157 3442 2185 3466 4,

1141 3473 1176 3498 24
1189 3474 1209 3492 e.
1225 3475 1256 3493 11.
1312 3466 1385 3493 Idem
1400 3465 1482 3491 Tusc.
1496 3473 1524 3498 4,
1540 3473 1563 3497 ¹3
1579 3473 1600 3490 c.
1614 3465 1631 3489 6
1649 3462 1772 3495 Laetitia,
1787 3469 1815 3490 vt
1827 3464 1921 3500 adepta
1933 3466 1988 3492 iam
2001 3466 2104 3501 aliquid
2116 3467 2186 3494 Con-

1141 3502 1277 3536 cupitum,
1297 3501 1438 3533 efferatur,
1458 3507 1484 3526 et
1499 3500 1599 3534 gestiat.
1666 3533 1671 3538 Ι
1720 3533 1726 3539 ·

1178 3542 1199 3563 c
1208 3544 1310 3565 och
1322 3543 1337 3562 P
1349 3538 1362 3563 1’
1371 3542 1393 3562 ‘r
1404 3543 1422 3563 ο
1433 3543 1452 3562 R
1461 3556 1470 3569 ,
1493 3536 1558 3562 oris.
1577 3544 1613 3561 m.
1642 3534 1751 3561 Firmic.
1765 3539 1788 3567 8,
1801 3543 1835 3561 22
1855 3535 1953 3571 infine,
1972 3535 2100 3563 Vicesima
2113 3546 2184 3566 nona

994 3569 1078 3595 Volu-
1092 3582 1125 3608 93
1139 3581 1196 3607 pars
1209 3573 1305 3601 Cancri
1313 3593 1321 3605 ,
1331 3572 1348 3598 si
1361 3572 1390 3598 in
1402 3571 1551 3606 horoscopo
1564 3570 1647 3598 fuerit
1659 3569 1783 3603 inuenta,
1802 3570 1925 3598 homi-nes
1937 3571 2017 3598 faciet
2027 3571 2184 3607 illiberales,

1139 3615 1165 3634 et
1177 3609 1248 3636 fures
1257 3630 1265 3642 ‚
1285 3615 1310 3635 et
1324 3616 1414 3634 rerum
1429 3607 1577 3634 alienarum
1589 3606 1782 3640 concupitores.

1175 3650 1192 3671 C
1203 3653 1252 3673 ΟΝ
1263 3651 1280 3671 C
1291 3650 1377 3671 VPIS
1387 3649 1404 3669 C
1416 3649 1433 3669 E
1443 3649 1463 3667 N
1473 3648 1494 3668 T
1506 3650 1515 3669 1
1525 3649 1544 3668 Α
1562 3662 1572 3676 ,
1602 3651 1640 3669 ae.
1667 3642 1687 3668 f.
1723 3641 1882 3675 [ἐπιθυμία]
1917 3638 1959 3673 Est
1976 3640 2095 3669 bonarum
2108 3653 2181 3681 aeque

1137 3675 1300 3708 ac'malarum
1313 3688 1394 3705 rerum
1406 3680 1535 3713 appetitio.
1571 3677 1690 3705 Tertull.
1704 3677 1736 3704 de
1749 3677 1855 3708 Anima,
1867 3675 2083 3715 Concupiscentia
2096 3680 2181 3706 oculis

1137 3715 1246 3743 arbitris
1260 3716 1352 3742 vritur.
1407 3713 1492 3740 Paullo
1504 3712 1578 3749 post,
1614 3713 1724 3749 Proprie
1739 3712 1865 3739 naturalis
1879 3712 2090 3745 concupiscentia
2102 3716 2181 3742 vnica

0 3743 2 3749 ⁸
35 3741 132 3770 bibunt
144 3740 306 3776 quidam‚·(
303 3743 406 3779 sumunt
418 3743 570 3778 antidotoiz)
582 3742 730 3770 festinando
743 3742 866 3773 tutelam;
893 3745 935 3772 sed
949 3746 1075 3774 concubi.
1082 3759 1129 3778 100
1139 3751 1175 3778 est
1194 3752 1383 3778 afimenmrum
1412 3748 1598 3783 solummodo,
1631 3758 1712 3785 quam
1736 3749 1807 3776 Deus
1829 3747 1857 3773 in
1887 3746 2039 3780 primordio
2064 3751 2180 3779 contulit

1135 3787 1203 3814 Add.
1217 3787 1254 3814 1d.
1269 3786 1302 3813 de
1310 3785 1415 3812 Resurr.
1425 3785 1503 3812 Carn.
1512 3795 1534 3812 c.
1546 3795 1589 3820 45.
1624 3787 1724 3822 Legunt
1737 3787 1809 3810 etiam
1821 3781 1887 3818 apud
1905 3781 1979 3809 Curt.
1992 3785 2052 3817 8‚6‚
2064 3790 2099 3816 ¹8.
2118 3795 2178 3813 nm..

1134 3823 1201 3850 nulla
1213 3823 1375 3857 exemplaria:
1386 3819 1435 3856 fid
1443 3819 1518 3848 lectio
1530 3825 1577 3848 vix
1590 3827 1688 3856 recepta
1701 3818 1815 3847 eruditis.
1930 3851 1937 3856 -

1169 3865 1186 3886 0
1196 3865 1216 3885 o
1228 3858 1560 3884 ch1>1scmwrivv
1570 3864 1593 3884 s.
1630 3856 1691 3883 Adi.
1726 3851 1835 3880 Tei-tul.
1848 3851 1881 3878 de
1893 3859 1982 3878 amma
1995 3856 2069 3880 016.

1171 3900 1250 3921 c0N
1263 3899 1280 3920 c
1292 3898 1497 3919 vriscmit
1509 3900 1556 3925 is,
1582 3901 1605 3919 e.
1633 3891 1694 3919 Adi.
1730 3889 1841 3916 Hieron.
1856 3887 1962 3920 Qaest.
1976 3887 2037 3917 Ebr.
2053 3890 2082 3916 in
2101 3890 2175 3916 Para-

1285 3971 1303 3999 7
1323 3963 1343 3991 Β
2096 3963 2175 3985 c⁰N-
