2474 4182
57 125 147 185 1o93
427 125 463 168 C
550 124 587 167 Ο
667 122 716 166 Μ

91 223 291 249 εοΜΡΤνε,
317 215 371 243 vid.
397 214 577 248 commis.
643 210 668 247 ‘-

95 262 113 282 c
122 262 142 282 o
151 262 175 281 M
183 261 198 280 r
207 260 228 280 v
236 258 256 279 G
267 260 289 279 N
299 257 318 278 ο
330 272 338 285 ,
364 256 417 279 are.
453 249 650 285 [ἐντιμάχαμκι
658 248 680 287 J,
706 246 856 275 Contendere
864 267 872 280 ‚
894 254 947 275 vna
975 253 1098 285 pugnare.

23 282 24 288 ἵ
63 293 115 324 Vt,
135 288 201 316 Gell.
215 297 254 321 14,
268 295 281 321 ς
303 288 392 323 anue
411 288 481 313 inter
500 294 545 312 eos
564 289 700 311 contentio
719 291 801 317 quum
822 283 927 318 longius
947 283 1099 316 duceretur,

57 336 110 354 non
123 325 264 352 arbitratus
278 333 327 358 ego
341 331 437 358 operae
447 321 561 356 pretium
575 319 632 358 effe,
641 318 733 358 eadem
745 319 808 345 haec
821 320 867 346 ista
877 319 982 360 'diutius
996 320 1099 351 audire,

57 361 193 389 clamantes
213 365 469 394 compugnantesque
488 356 549 382 illos
566 354 674 388 reliqui.
748 355 971 389 Congredientes,
991 364 1098 389 compu-
1124 359 1139 387 5

55 402 214 432 gnantesque
229 394 401 430 philosophus
414 399 440 420 et
452 391 530 418 dolor
547 389 661 422 Gell.12,
670 397 691 422 ς.
763 392 827 425 Veg.
842 391 957 418 Mulom.
972 398 1024 423 1‚i3
1032 397 1096 417 extr.

24 427 25 431 ¹
55 433 89 459 Vt
101 431 305 458 mutitudinem
319 429 409 457 morbi
421 426 561 454 herbarum
574 426 726 452 amaritudo
740 434 918 462 compugnans
927 426 1001 462 possit
1012 426 1097 461 expel-

24 480 25 491 i
56 468 119 494 lere.
137 470 155 493 i.
169 467 276 502 undique
294 473 445 502 oppugnans.

24 546 26 567 ι
55 545 176 571 RiALis,
195 537 248 564 vid.
269 539 442 564 comer-uo,

23 576 26 642 l

23 648 26 667 ¹.
55 645 122 672 ticae
136 649 331 679 compungatur.

24 767 26 824 A

22 854 26 877 l

25 1048 27 1057 »

10 3458 17 3470 Ι

25 1285 26 1293 ¹
50 1258 96 1276 mo
117 1250 206 1276 Sidon.
223 1248 301 1284 Epist.
316 1251 341 1280 6,
355 1250 380 1274 6.

24 1873 27 1878 ·
38 1855 110 1882 tiens
138 1855 234 1882 femur.

92 508 281 534 COMPVLSO,
302 502 544 529 COMPVLSATIO,
567 502 908 530 COMPVLSAMENTVM,
918 502 1097 524 COMPVLSO·

92 581 109 601 c
119 581 138 601 Ο
148 580 172 600 Μ
182 581 197 600 Ρ
206 580 225 599 v
235 580 256 600 N
266 578 286 599 G
295 578 314 599 0
322 591 331 604 ,
347 573 398 598 ere.
434 567 598 601 [κατανιίττω
606 588 614 600 ,
632 567 776 603 naras-lgm]
813 568 891 596 Simul
902 567 1021 604 velfhepe
1030 587 1038 600 ,
1057 568 1099 594 vel

54 609 205 637 vehementer
218 613 339 643 pungere.
375 603 508 631 Columel.
522 608 535 633 8
544 624 551 636 ,
565 612 596 637 14
614 604 831 639 Cauendumque‚
844 610 877 630 ne
889 610 932 631 aut
944 604 1041 630 aculeis
1055 612 1098 630 vr-

401 639 509 667 Phaedr.
523 648 545 672 3,
560 642 586 672 6,
600 648 612 672 3
634 640 723 666 Musca
737 639 768 666 ad
784 640 899 672 inulam,
914 639 998 671 Vide,
1012 648 1045 666 ne
1053 638 1099 666 do-

55 680 116 707 lone
130 680 228 706 collum
242 684 413 712 compungam
427 675 487 702 tibi.
561 676 652 702 Aciein
665 676 805 702 oculorum
817 684 994 710 compungere
1014 675 1099 701 dicun-

52 722 95 742 tur
108 717 200 742 colores
209 716 341 744 clariores,
359 715 402 747 qui
416 713 483 738 velue
496 720 539 737 aei·
546 712 714 747 perpolitum,
724 711 853 747 fulgorem
874 713 994 746 quendam
1014 714 1098 738 remit-

52 758 125 782 tunt,
145 750 304 784 offendentem
317 749 407 774 oculos.
462 747 567 774 Lucret.
584 756 610 779 2,
621 755 674 780 420
697 747 727 772 Et
741 747 788 781 qui
801 753 981 781 compungunt
996 747 1097 780 oculos,

54 787 242 820 lacrimareque
256 789 363 818 cogunt.
435 784 466 810 Et
481 791 506 815 2,
518 791 568 815 432
592 782 714 816 Denique
735 782 788 808 iam
808 782 907 808 calidos
920 784 1011 816 Ignes,
1032 783 1097 817 geli-

52 822 166 858 clamque
179 820 315 856 pruinam,
331 818 455 845 Diffimiii
467 818 570 845 dentata
584 817 664 844 modo
677 826 855 852 compungere
862 818 947 844 sensus
956 818 1094 852 Corporis-

52 857 191 893 Metaphor.
213 856 269 882 Cic.
284 856 316 881 de
327 855 402 881 Orat.
419 863 444 886 2,
459 859 499 887 158
515 863 535 880 c.
550 859 578 886 38
599 854 630 880 Et
644 852 676 879 ad
690 859 839 879 extremum
859 853 905 888 ipsi
925 854 949 879 se
969 863 1095 888 compun-

51 899 115 928 gunt
137 892 187 918 suis
210 891 393 923 acuminibus,
412 897 437 917 et
460 890 542 916 multa
556 888 705 924 quaerendo
725 889 874 922 reperiunt,
893 897 948 915 non
961 889 1043 916 modo
1055 896 1094 922 ea,
1106 893 1140 914 20

51 937 116 965 quae
131 928 183 954 iam
196 936 250 953 non
262 926 354 962 poffint
368 926 415 961 ipsi
430 926 583 957 dissoluere,
602 924 644 951 sed
659 924 757 956 etiam,
775 930 820 950 etc.
840 923 868 950 de
881 925 979 951 Stoicis.

85 969 102 990 C
113 969 132 990 0
141 970 165 989 M
177 970 191 989 Ρ
201 970 221 988 ν
231 971 252 990 Ν
263 969 281 989 c
291 970 312 989 T
322 970 342 989 v
351 969 375 995 S,
383 971 407 995 a,
420 971 474 988 um.
495 961 586 988 Partic.
628 961 678 992 Vt,
697 960 755 986 Cic.
770 959 823 985 Off.
838 968 863 992 2,
877 967 908 992 2³¹
926 969 947 987 c.
963 969 980 995 7
1000 960 1095 987 Barba·-

48 1007 108 1027 rum
126 1005 152 1025 et
170 1008 230 1025 eum
251 998 377 1033 quidem,
399 1004 427 1024 vt
448 997 572 1032 scriptum
590 995 641 1029 est,
657 994 845 1030 compunctum
860 996 930 1022 notis
944 995 1094 1029 Threiciis,

47 1034 167 1062 districto
183 1035 270 1070 gladio
285 1034 393 1061 iubebat
407 1034 517 1060 anteire.
532 1029 677 1068 i.st1'gmate
690 1037 801 1058 ’rotatum
813 1031 880 1066 apud
896 1032 1012 1060 Thracas·
1023 1032 1092 1067 filos.

48 1073 115 1098 Nam
130 1080 185 1097 mox
197 1071 247 1106 ipse
260 1078 332 1097 vocat
348 1070 506 1105 stigmatian.
750 1102 756 1107 .
1058 1102 1063 1107 μ

83 1113 128 1134 co
139 1113 162 1133 M
173 1114 246 1133 rvN
257 1112 274 1133 c
286 1112 372 1138 Tio,
393 1105 460 1132 onis.
493 1104 513 1130 f.
557 1101 682 1138 [νυγμδς]
719 1102 785 1129 Plin.
802 1111 839 1135 21,
855 1111 883 1136 19
923 1103 995 1128 Haec
1008 1107 1093 1137 potio,

47 1141 172 1169 mulieres
189 1151 220 1169 ex
233 1142 329 1169 abortu
341 1146 434 1177 purgat
447 1149 453 1165 ι
489 1140 601 1166 laterum
613 1138 831 1173 compunctiones
848 1138 938 1170 tollit,
955 1143 981 1165 et
996 1137 1094 1165 vesicae

78 1178 169 1204 lculos.

47 1186 449 1245 εδ1301111»νΝοΊὊῐιινε,
468 1221 497 1243 a,
515 1219 569 1238 um.
605 1208 666 1236 Adi.

1105 1069 1134 1095 23

708 1210 760 1243 Vc,
785 1207 1010 1244 Compunffiiorius
1041 1209 1092 1236 ser-

1103 1255 1135 1281 30

84 1291 101 1311 C
111 1292 129 1311 O
138 1292 162 1312 M
171 1292 186 1312 P
194 1283 215 1311 V
222 1291 244 1311 T
252 1292 271 1312 Ο
279 1305 288 1317 ,
304 1288 357 1311 εἶπε.
378 1281 528 1318 [λογίζομαι
538 1302 546 1315 ,
563 1279 719 1316 σνμῷηφίξω,
737 1279 831 1314 ψηφίζει,
839 1299 848 1312 ,
866 1279 1023 1315 συλλογῖζω]
1045 1282 1093 1307 Di-

25 1308 26 1352 l
47 1319 117 1354 miffii
128 1321 172 1348 illa
185 1320 316 1352 caedendi,
333 1319 478 1355 amputandi
483 1316 669 1354 significatione
689 1315 724 1342 ad
737 1317 819 1352 solam
841 1322 943 1342 mentem
968 1317 1093 1352 refertur,

25 1356 26 1386 ἓ
48 1364 121 1392 atque
139 1355 277 1390 existimare
287 1355 341 1389 Jiue
359 1354 468 1381 iudicare
480 1352 620 1394 fignificat.

25 1396 26 1419 l
48 1398 181 1427 computat
196 1400 263 1419 vxor
273 1391 383 1418 domuin
395 1389 532 1417 obduxisse
544 1388 593 1415 libi
606 1388 739 1426 scortum..
916 1423 920 1427 .
939 1424 943 1428 η
1074 1424 1079 1429 ⁸

25 1429 26 1444 ³
49 1433 86 1454 tet
100 1437 167 1455 nunc
181 1427 275 1463 aliquis
291 1435 322 1453 ex
336 1426 417 1454 altera
430 1432 516 1461 parte,
534 1429 662 1460 quantum
675 1423 772 1449 Curius
785 1428 831 1448 aut
843 1422 978 1449 Fabritius
996 1432 1026 1450 in
1046 1430 1091 1451 tri·
1101 1434 1130 1462 35

25 1466 26 1501 l
49 1463 154 1498 iimphis
166 1463 289 1495 tulerint,
310 1462 471 1497 imaginetur
491 1469 584 1488 eorum
608 1458 717 1485 fercula.

692 1351 773 1378 Plaut.
792 1351 874 1377 Merc.
890 1359 912 1383 3,
927 1360 950 1384 2,
963 1361 990 1378 12
1011 1352 1091 1379 Illum

801 1386 866 1412 Plin.
880 1395 907 1419 9,
927 1395 955 1420 35
975 1388 1092 1428 Cpmpu.

773 1459 897 1493 Inprimis
908 1465 989 1485 autem
1001 1459 1036 1486 ad
1048 1470 1092 1486 nu-

46 1508 125 1525 meros
150 1507 174 1526 ec
191 1502 311 1526 rationem
329 1498 462 1524 ducendam
470 1498 592 1532 pertinet.
633 1495 663 1521 V.
672 1503 697 1531 g.
720 1494 789 1520 Cum
802 1495 897 1520 somno
910 1495 1092 1522 valetudinem

45 1540 228 1569 computamus
248 1534 312 1560 Plin.
331 1532 413 1568 praef.
431 1541 456 1567 p.
478 1541 512 1565 4,
525 1539 543 1564 4
570 1529 654 1557 Hard.
674 1533 693 1556 i.
706 1539 755 1556 non
764 1531 825 1565 plus
831 1531 917 1566 finano
930 1531 1094 1566 impendimus

44 1573 177 1606 temporis,
196 1579 267 1605 quani
280 1568 314 1595 ad
323 1567 438 1595 tuendam
449 1566 614 1594 valetudinem
628 1564 714 1599 ncceffe
725 1564 767 1599 ‹st-
838 1565 903 1593 Plin.
913 1571 949 1599 18,
957 1570 973 1593 6
985 1567 1011 1594 Si
1019 1576 1091 1594 com-

43 1611 150 1639 putetur
163 1604 326 1640 impendium
338 1612 445 1639 operae.
886 1639 891 1642 ι

42 1646 96 1667 tem
109 1641 226 1675 praesens
234 1659 242 1672 ,
262 1645 442 1675 computarat,
460 1646 600 1673 pecuniam
614 1643 766 1672 imperarat.
838 1638 920 1665 Ouid.
934 1647 966 1664 ex
981 1639 1057 1666 Pont.
1066 1648 1089 1672 ε,

40 1681 103 1708 3,18
123 1676 157 1702 At
169 1676 270 1703 reditus
285 1677 339 1703 iam
353 1676 465 1710 quisque
477 1675 537 1700 suos
551 1678 637 1706 amat,
655 1678 681 1700 et
693 1673 742 1700 sibi
761 1672 826 1707 quid
845 1673 876 1700 fit
912 1674 998 1705 Vtile,
1016 1675 1089 1701 solli-

41 1711 100 1738 citis
132 1717 267 1746 computat
288 1711 422 1739 articulis.
458 1711 502 1738 Al.
535 1710 670 1744 Suppiitat.
741 1708 884 1735 Deliciares
903 1709 1007 1744 tegulae
1021 1719 1088 1745 quae

40 1754 134 1780 erunt,
154 1757 204 1782 pro
228 1747 300 1774 binis
321 1747 433 1781 integris
454 1745 679 1781 computabuntur
703 1744 770 1771 Cato
785 1752 832 1777 14,
845 1754 873 1778 4.
909 1745 957 1772 Sed
966 1747 1000 1772 al.
1013 1752 1088 1781 puta-

40 1782 148 1811 buntur.
220 1783 288 1810 Plin.
302 1792 343 1817 34,
357 1788 370 1813 8
387 1784 404 1809 s.
418 1790 455 1814 i9,
469 1790 502 1814 29
531 1784 598 1808 inter
601 1779 719 1813 statuas,
745 1779 885 1806 Eubolidis
903 1780 995 1815 digitis
1015 1791 1087 1809 com-
1096 1788 1130 1816 45

40 1825 142 1854 putans.
214 1819 296 1846 Plaut.
310 1818 370 1846 Mil.
384 1826 410 1851 2,
422 1826 448 1850 2,
461 1825 497 1851 49
517 1817 630 1843 Dextera
644 1815 735 1851 digitis
749 1816 880 1842 rationein
899 1823 1035 1852 computat
1049 1819 1087 1844 fe-

305 1855 447 1881 Rationem
463 1853 551 1888 operis
568 1852 627 1880 Col.
643 1860 672 1885 3,
688 1861 715 1884 1,
729 1860 752 1884 3.
823 1852 918 1880 Seneca
945 1853 976 1880 de
995 1854 1086 1880 Benef.

39 1899 68 1924 3,
84 1893 113 1918 16
141 1890 281 1926 Numquid
295 1890 348 1917 iam
361 1890 415 1917 vlla
427 1889 541 1924 repudio
554 1888 702 1920 erubescit,
722 1887 859 1922 postquam
877 1888 991 1916 illustres
1007 1899 1086 1925 quae-

39 1925 99 1953 dam
112 1935 140 1953 ac
157 1925 332 1953 nobiliffiinae
351 1926 469 1953 feminae
488 1933 543 1951 non
556 1923 702 1952 Consulum
720 1932 850 1956 numero,
869 1924 913 1951 sed
924 1926 1085 1953 maritorum

38 1971 120 1989 annos
135 1963 194 1989 suos
208 1967 370 1997 computant.
422 1961 512 1989 Facies
528 1966 573 1987 tua
586 1964 721 1995 computat
735 1967 817 1986 annos
836 1960 928 1988 quen.
937 1961 987 1988 Sat.
997 1964 1023 1995 6,
1032 1967 1084 1995 ¹98.
1095 1969 1128 1996 50

39 1998 64 2026 b.
77 2006 97 2025 e.
117 1996 237 2031 ostendit,
255 2007 327 2034 quam
333 1997 372 2031 fis
382 1998 475 2024 vetula.
552 1995 652 2023 Alludit
659 2001 723 2031 puto
735 1995 769 2021 ad
780 2005 876 2027 ,morem
894 1997 985 2034 digitis
1004 2008 1085 2024 nume-

38 2032 132 2066 randi,
150 2040 180 2060 vt
194 2043 229 2065 10,
241 2043 291 2069 249
311 2033 386 2060 Felix
400 2032 542 2064 nimirum,
557 2031 606 2066 qui
619 2036 660 2058 tot
673 2039 720 2066 per
732 2031 832 2058 saecula
847 2038 961 2060 mortem
998 2034 1084 2060 Distu-

39 2068 88 2102 lit,
105 2074 184 2104 atque
198 2069 257 2095 suos
270 2069 324 2096 iam
339 2068 430 2095 dextra
443 2073 577 2103 computat
590 2076 681 2094 annos.
756 2069 848 2103 Nempe
859 2078 973 2096 numeros
983 2069 1019 2096 ad
1030 2079 1086 2096 cen-

38 2111 91 2131 tum
103 2104 278 2139 computabant
289 2107 372 2132 variis
383 2103 411 2131 di
429 2108 520 2131 itorum
531 2112 618 2131 manus
627 2101 747 2137 sinistrae
765 2101 881 2138 gestibus.
952 2107 981 2132 A
989 2113 1086 2132 centum

38 2149 98 2166 vero
110 2143 313 2176 computationem
326 2114 513 2176 transfirebant
525 2142 553 2165 in
567 2138 690 2164 dextram.
730 2138 792 2164 Vide
806 2138 902 2164 Bedam
920 2140 988 2173 apud
1008 2141 1085 2165 Caeli·
1094 2149 1122 2174 55

41 2185 81 2202 um
87 2185 125 2208 23,
139 2185 174 2202 12.
211 2182 234 2202 ee
248 2175 365 2212 dfirrius
377 2175 484 2202 libellum
497 2175 557 2201 Nic.
572 2174 701 2208 Sniyrnaei
717 2174 768 2208 περὶ
782 2170 919 2198 damula}
935 2176 1015 2209 με’-πμ
1028 2183 1085 2200 cum

38 2211 108 2239 Beda
119 2211 232 2236 collatum
243 2220 260 2237 a
273 2210 368 2245 Poffi'na
382 2213 410 2236 in
423 2211 508 2244 spicit.
527 2209 643 2246 Euangel.
661 2207 728 2245 quod
742 2207 902 2235 recudendum
921 2211 1022 2235 curauit
1038 2211 1085 2236 Fa-

36 2245 139 2272 bricius.
175 2246 394 2280 Qiotusquisque
406 2245 497 2272 vxoris
511 2244 628 2280 optimae
641 2249 757 2272 mortem
768 2244 856 2277 timet,
869 2250 899 2271 vt
911 2253 966 2270 non
974 2253 1084 2281 compu-

37 2286 75 2308 tet
94 2281 153 2308 Sen.
174 2281 207 2308 de
238 2281 330 2308 Benef.
360 2289 389 2315 4.
459 2281 522 2308 Item
539 2280 630 2307 Nemo
644 2279 677 2306 ad
688 2278 836 2306 humanum
850 2280 1083 2317 sanguinem,pro-

352 2353 420 2378 Haec
433 2350 505 2392 dista
515 2361 540 2378 eo
547 2351 638 2388 finsu,
656 2358 686 2378 vt
697 2351 761 2379 illud
777 2351 858 2379 Ouid.
871 2353 938 2380 Met.
948 2361 969 2386 1,
982 2358 1027 2387 148
1041 2353 1084 2380 Fi-

72 2431 90 2451 c
98 2430 118 2451 ο
127 2431 151 2450 Μ
160 2431 176 2450 Ρ
184 2431 205 2450 ν
213 2429 235 2450 Τ
243 2431 266 2451 Α
273 2430 296 2450 T
304 2431 325 2451 v
333 2431 347 2452 s
353 2443 363 2457 ‚
382 2432 397 2451 a
404 2443 414 2457 ,
435 2432 489 2451 um.
505 2425 573 2451 Part.
599 2424 631 2450 In
642 2421 727 2450 literis
743 2428 927 2458 computatum
946 2422 1023 2448 Au&
1032 2422 1084 2449 Rei

36 2460 99 2495 Agr.
114 2469 139 2495 p.
153 2461 216 2495 246.
455 2468 469 2486 2
504 2459 672 2494 Computatis
703 2458 813 2484 caeteris
842 2457 968 2490 ramulis,
998 2460 1016 2484 i.
1033 2467 1084 2485 vna

36 2499 174 2536 amputatis
186 2495 258 2534 habet
270 2495 328 2524 MS.
341 2493 473 2532 lainenfir
485 2494 553 2532 apud
566 2495 671 2523 Colum.
685 2493 718 2520 de
731 2492 795 2519 Arb.
810 2499 854 2527 27,
870 2501 891 2520 a.
929 2492 977 2521 sed
993 2495 1084 2530 reliqui
1093 2495 1125 2528 65

34 2540 78 2558 am
98 2537 184 2559 utatis.

73 2541 118 2595 ἕο
127 2563 150 2594 Μ
159 2574 176 2594 r
184 2574 206 2595 v
215 2574 237 2594 'r
245 2574 268 2594 A
279 2574 300 2594 τ
308 2574 319 2594 1
330 2572 350 2593 o
360 2585 370 2598 ,
386 2565 455 2592 anis.
475 2565 497 2592 f.
532 2563 670 2599 [λογισμός
677 2583 686 2596 ,
703 2562 890 2598 συλλογισμδς]
926 2564 993 2592 Plin.
1002 2573 1041 2601 17,
1049 2574 1083 2593 22.

36 2603 186 2638 Operarum
199 2603 247 2629 ista
259 2601 426 2636 computatio
440 2600 485 2626 est.
556 2600 622 2627 Plin.
642 2608 674 2633 9,
692 2607 721 2632 33
757 2599 926 2634 Magnificam
945 2601 1010 2628 alias
1023 2610 1083 2628 coe-

37 2647 115 2671 nam,
133 2647 166 2665 ne
178 2638 234 2664 die·
247 2637 362 2672 periret,
382 2635 425 2664 sed
443 2635 628 2671 quotidianam
649 2634 769 2662 Antonio
789 2635 926 2671 apposuit,
949 2636 1084 2670 irridenti,

38 2673 318 2708 computationemque
347 2670 531 2706 expostulanti.

38 2709 267 2743 computationes,
283 2713 309 2734 et
321 2708 416 2734 venale
427 2713 531 2741 tempus
557 2706 614 2734 Sen.
627 2707 660 2734 de
672 2707 762 2734 Benef.
775 2715 802 2742 7,
811 2715 848 2734 10.
884 2709 923 2735 De
937 2708 1020 2745 usuris
1022 2717 1084 2745 pro-

28 2747 149 2781 portione
162 2746 279 2780 temporis
285 2743 421 2780 soluendis.
455 2743 523 2771 Plin.
537 2745 562 2774 6,
574 2752 601 2776 33
621 2743 778 2770 Vniuersam
791 2744 940 2771 ntnsuram
960 2754 1028 2780 quae
1040 2754 1085 2772 ve-

37 2780 78 2807 nit
94 2780 123 2806 in
135 2789 194 2807 com
215 2779 380 2813 utationem,
399 2785 447 2807 ete.
488 2779 660 2814 Computatio
674 2779 794 2806 Romana
814 2779 881 2807 Plin.
895 2785 979 2814 2‚1o8.
1023 2781 1084 2808 Sor-

28 2814 100 2843 *dida
117 2816 176 2843 Sen.
208 2825 223 2843 e
237 2814 326 2842 Benef.
339 2824 373 2849 4,
395 2823 428 2841 11.

72 2858 90 2879 c
98 2858 118 2879 ο
125 2859 175 2878 MP
183 2859 204 2877 v
213 2858 235 2879 'r
244 2858 266 2878 A
274 2858 295 2878 T
303 2858 324 2878 o
332 2858 361 2884 R,
369 2851 435 2878 oris.
459 2859 495 2878 m.
519 2850 696 2886 [συμφηφιςὴς
716 2851 776 2878 Vet.
791 2850 894 2886 Gloffi]
930 2852 988 2879 Sen.
997 2853 1042 2888 Ep.
1051 2858 1083 2888 87
1093 2848 1125 2877 75

34 2886 231 2922 Diligentiffimi
237 2892 440 2922 computatores.
475 2886 545 2915 Add.
552 2887 645 2915 Claud.
653 2888 776 2915 Maniert.
784 2886 817 2913 de
824 2887 860 2914 St.
867 2887 954 2915 Anim.
964 2897 987 2923 2,
993 2897 1020 2922 9.
1055 2890 1083 2917 P.

35 2922 195 2958 Chrysolog.
208 2923 289 2950 Sei-m.
311 2930 363 2959 ¹57.

69 2965 88 2986 C
96 2965 116 2986 0
126 2965 150 2985 Μ
161 2966 176 2986 Ρ
184 2965 206 2985 V
213 2966 236 2986 Τ
244 2966 266 2986 A
276 2965 292 2986 Β
302 2957 314 2986 f
323 2965 340 2985 L
348 2966 358 2986 1
365 2966 389 2991 S,
395 2967 417 2985 e.
425 2958 486 2986 Adi.
500 2958 622 2994 [λογις-δς]
641 2958 715 2995 Qod
722 2961 861 2994 computari
868 2957 951 3022 Kotes?
964 2967 988 2988 et
1001 2970 1082 2988 nume.

34 2996 100 3021 rari.
134 2994 200 3021 Plin.
216 3003 254 3028 19,
267 2999 280 3025 8
293 2995 312 3021 s.
327 3003 370 3028 41,
381 3003 399 3022 2.
419 2995 448 3022 de
460 2997 566 3022 caulium
576 3004 680 3032 genere,
696 2995 856 3022 Tritianuin
888 3004 920 3022 oc
939 3005 1021 3032 genus
1034 3006 1087 3027 νο(

35 3035 126 3062 catur,
145 3029 186 3057 bis
203 3030 380 3065 computabili
398 3030 553 3065 impendio,
573 3031 723 3066 taedioque.
1089 3035 1122 3062 80

71 3071 88 3092 c
97 3071 117 3092 ο
124 3071 150 3092 Μ
157 3071 173 3093 Ρ
181 3061 203 3092 v'‘
211 3072 232 3092 ‘r
241 3072 262 3092 v
272 3073 285 3093 s
293 3086 302 3098 ,
311 3066 340 3093 11.
359 3074 396 3093 111.
432 3067 596 3103 Comparatio.
629 3067 738 3094 Firmic.
748 3075 769 3099 i,
777 3074 793 3093 2
811 3066 924 3095 Animus
937 3067 992 3104 ipse
1000 3068 1080 3097 huius

36 3100 160 3127 scientiae
173 3101 304 3128 rationem
313 3121 322 3135 ,
338 3101 394 3136 ipse
407 3109 545 3138 computos
557 3102 676 3131 tradidit.
746 3101 816 3129 Ibid.
831 3102 879 3139 fiab
884 3103 963 3142 finem
976 3114 1006 3132 ca
1023 3109 1081 3139 itir,

35 3136 131 3169 Vides,
152 3142 180 3163 vt
194 3136 296 3171 primos
309 3137 436 3164 discentes
454 3144 608 3174 computos,
626 3139 725 3174 digitos
742 3137 816 3164 tarda
835 3140 979 3174 agitatione
1020 3143 1080 3169 efle-

35 3172 106 3199 &ant
119 3173 128 3198 3
198 3172 334 3207 Colligere
353 3172 432 3201 Aua.
440 3174 491 3201 Rei
504 3183 588 3210 agrar.
602 3183 628 3210 p.
641 3176 697 3207 236.
705 3181 763 3207 239.
770 3175 833 3207 246.
849 3175 893 3202 vbi
904 3180 1017 3204 neutrius
1022 3186 1079 3215 gen.

35 3207 79 3242 effi’
92 3207 201 3235 uidetur.
271 3208 407 3244 Consequi
426 3210 508 3237 Firm.
521 3219 545 3244 3,
559 3218 593 3244 ις.
663 3211 791 3238 Exercere
814 3210 854 3237 Id.
867 3219 896 3244 3,
910 3220 943 3239 12.
1090 3213 1120 3243 85

24 3251 25 3255 ¹
71 3249 385 3278 comrvruescm
405 3246 459 3272 ere.
494 3246 707 3281 [καταεῆπομαι]
749 3246 805 3272 Vna
830 3248 963 3284 pumfiw,
981 3256 1006 3276 et
1019 3255 1082 3285 pro-

22 3286 25 3293 '
46 3283 88 3307 'rie
99 3281 176 3307 Iocum
189 3279 278 3312 habet,
297 3289 369 3316 quum
390 3283 478 3308 uariae
497 3290 538 3308 res
567 3289 649 3310 mutuo
679 3280 798 3308 centaflu
823 3284 972 3320 putrescunt
995 3285 1081 3319 fimul.

52 3315 99 3343 lin.
112 3324 146 3348 13,
161 3323 185 3348 13
207 3316 347 3350 Propterea
360 3315 517 3344 arbitrarier
528 3326 573 3345 eos
584 3327 640 3345 non
653 3318 852 3352 computruisse.
908 3320 1042 3347 Columel.
1057 3328 1080 3354 ς,

34 3359 73 3384 10,
87 3359 106 3387 7
123 3351 261 3385 Qioniam
276 3357 372 3378 mutuo
383 3352 506 3379 contadiu
520 3359 565 3380 aut
576 3354 802 3389 computrescent,
821 3359 868 3382 aut
886 3356 1026 3383 vermibus
1041 3357 1081 3384 in·

34 3387 162 3415 tei-ibunt.
233 3388 311 3413 Attus
326 3388 537 3422 computrescunt
551 3389 656 3419 Lueret.
669 3398 698 3422 3,
711 3397 773 3423 344.

20 3431 26 3442 ‘
70 3426 229 3453 COMVM,
257 3422 276 3449 i.
313 3422 438 3459 [Κῶμον]
474 3424 571 3452 Ciuitas
591 3426 686 3453 Galliae
705 3425 863 3461 Cisalpinae,
881 3429 955 3454 iuxta
979 3428 1083 3454 Larium

33 3458 242 3492 laeum,Nouum
265 3458 381 3485 Comum
402 3461 545 3496 plerumque
557 3459 637 3488 dista.
671 3461 768 3488 Catull.
782 3469 826 3493 35,
839 3469 856 3488 2
882 3463 1016 3490 Veronam
1035 3472 1080 3490 ve-

34 3494 108 3526 niat,
123 3493 198 3521 Noui
210 3493 365 3530 relinquens
378 3494 459 3522 Comi
471 3495 597 3529 Moenia,
615 3497 779 3532 Lariumque
791 3497 863 3524 litus.
908 3499 989 3526 Plinii
1002 3502 1082 3526 iunio·

0 3534 1 3537 ’
33 3531 72 3556 ris
101 3531 169 3556 atria
202 3536 249 3556 etc.

70 3535 116 3592 epo
125 3571 149 3591 M
157 3548 209 3596 ν’ς,
216 3565 235 3592 i.
243 3575 279 3592 m.
294 3566 412 3601 [Kame]
449 3566 526 3598 Deus,
533 3566 726 3602 comiffiiti‘onum
737 3566 1082 3606 noHurnarumquesahatio-
1089 3577 1122 3604 95
1146 3575 1302 3601 commerita
1331 3573 1422 3601 noxia.

34 3609 91 3627 nuni
99 3599 216 3636 praeses,
232 3610 248 3628 a
259 3611 306 3638 quo
321 3602 400 3639 ipsum
419 3602 582 3630 Comiss'andi
598 3603 698 3630 verbum
716 3603 846 3631 deducunt.

35 3645 107 3669 nm,
127 3636 249 3672 Deumque
259 3636 332 3669 adeo,
343 3637 414 3674 fecit
426 3636 594 3671 Philqliraeut
606 3640 686 3675 [mag.
698 3648 722 3672 1,
734 3648 759 3666 a.

417 3711 445 3743 C
541 3712 570 3744 Ο
665 3711 697 3744 N

70 3783 152 3840 coiit
166 3785 218 3840 ⁷¹⁰·ss
235 3781 318 3806 minus
329 3787 402 3817 quam
420 3786 465 3820 eo
488 3788 514 3809 ee
535 3787 606 3809 com
625 3785 655 3808 in
670 3779 811 3818 compifieis
822 3786 874 3819 pro
890 3786 960 3811 cvm
979 3780 1080 3812 adbibe-

28 3820 454 3887 'mdloisrvii'nenrvism
502 3858 748 3881 εοΝΛτνΜ
768 3872 778 3886 .

31 3885 85 3913 uid.
118 3891 265 3913 οοΝοκ.

919 3605 989 3633 Certe
995 3605 1082 3642 perfia»

831 3860 1078 3889 οοΝΛΤνῃ

68 3928 86 3949 c
95 3927 115 3948 0
125 3927 148 3948 N
159 3928 181 3948 A
190 3928 212 3948 v
219 3927 239 3951 11,
246 3927 257 3947 1
264 3928 286 3948 ’1-
294 3928 316 3949 v
324 3928 347 3949 s.
381 3912 448 3950 Fest.
476 3924 659 3955 Conauditum
664 3944 676 3960 ,
699 3923 854 3954 coauditum
861 3942 872 3960 ,
895 3922 960 3955 ficut
985 3931 1003 3956 c
1013 3933 1033 3955 0
1042 3933 1076 3955 n·
1088 3933 1132 3961 10,-

32 3961 327 3987 ANGvs‘rA'rvm
346 3955 454 3988 dicitur.

1126 539 1155 559 10
1166 531 1277 565 abrupta
1291 540 1420 568 occupent
1433 535 1491 561 loca
1501 556 1509 569 ,
1530 545 1563 562 ne
1578 536 1679 563 ibidem
1693 541 1825 573 patiantur
1844 544 1959 572 infidias.

1128 714 1154 743 ¹3

516 1602 572 1643 Cic.
587 1601 702 1642 Philipp.
716 1610 742 1634 2,
755 1610 792 1635 94
812 1602 992 1636 Compellarat
1003 1603 1090 1639 hospi·
1101 1613 1139 1639 40

601 2670 674 2706 Qiid
692 2671 751 2698 sunt
770 2671 833 2698 istae
852 2671 980 2700 tabulae?
1017 2673 1084 2708 quid
1094 2679 1130 2706 70

1091 3398 1127 3423 90
1147 3404 1222 3422 'unam
1234 3405 1333 3424 carnem
1345 3399 1403 3422 coit.

1540 131 1575 170 c
1649 133 1685 172 o
1764 130 1808 173 N
2119 158 2217 199 ,094

1204 210 1403 253 (gorm-iiico,
1422 218 1474 242 Ere.
1510 218 1661 255 [συγχὲζω]
1696 221 1755 248 Sen.
1773 221 1802 248 in
1821 221 1898 251 Ludo
1920 225 1951 253 de
1970 236 2056 257 morte
2077 231 2182 262 Claudii
2196 243 2215 270 4

1167 245 1267 286 Vltima
1282 257 1338 275 eius
1352 258 1405 276 vox
1415 270 1424 284 ,
1443 258 1502 277 cuin
1516 255 1647 282 maiorem
1661 257 1778 284 sonitum
1794 258 1915 288 emisisset
1924 262 1970 288 illa
1984 273 2056 297 parte
2080 277 2132 302 qua
2152 270 2215 296 faci-

1165 281 1217 308 lius
1232 282 1403 318 loquebatur,
1420 287 1473 312 Vae
1486 295 1528 313 me
1543 289 1548 314 l
1568 299 1649 323 puto,
1669 293 1811 320 concacaui
1820 304 1872 321 me.
1908 297 1982 333 Coris.
1990 287 2084 334 ἰόφ-ἰι
2105 303 2205 332 Phaedr

1167 327 1196 351 4,
1212 326 1250 352 17,
1266 327 1288 345 ii
1309 320 1411 347 Totam
1424 322 1548 349 timentes
1563 334 1734 354 concacarunt
1750 330 1861 363 regiam.
2207 324 2214 332 ⁸

1203 358 1220 378 C
1232 361 1250 380 0
1261 362 1282 380 Ν
1292 361 1308 381 C
1318 363 1339 382 A
1349 363 1364 382 E
1374 364 1393 383 D
1405 363 1422 383 E
1432 364 1456 389 s,
1491 357 1604 398 Tacitus
1625 371 1698 388 vocat
1717 364 1805 400 Caejas
1817 376 1908 402 magna
1921 372 1993 404 copia
2004 369 2112 397 arbores.
2147 374 2215 402 Ann.

1165 395 1188 428 1,
1200 396 1239 421 50,
1251 398 1266 415 2
1284 391 1419 432 Romanus
1431 401 1536 432 agmine
1557 403 1670 430 propero
1684 398 1776 426 siluam
1789 401 1905 428 Caeliani
1919 403 2087 440 limitemque
2102 415 2118 433 a
2129 408 2216 435 Tibe-

1166 432 1209 450 rio
1224 432 1347 460 coeptum
1361 428 1472 461 scindit,
1493 429 1574 456 castra
1589 431 1617 456 in
1630 431 1807 468 limitelocat,
1828 437 1946 465 frontem
1965 449 1994 466 ac
2012 447 2114 475 tergum
2136 444 2206 470 vallo

1166 459 1247 486 latera
1273 463 1448 489 concaedibus
1474 466 1603 492 munitus.
1674 469 1765 503 Veget.
1781 471 1812 498 de
1829 473 1955 502 11111111,
1975 485 1997 508 3,
2010 485 2044 503 22
2062 477 2143 503 Multi
2158 462 2218 506 cuni

1167 495 1200 521 ab
1214 495 1288 522 hoste
1303 497 1454 531 discedunt,
1472 499 1490 525 {i
1503 507 1550 535 per
1563 501 1639 528 siluas
1654 502 1720 530 ituri
1733 505 1797 538 sint,
1817 510 2045 547 praemittuntqui
2058 514 2165 548 angusta
2174 516 2216 541 vel

2012 548 2043 574 Et
2057 550 2145 575 rursus
2159 550 2216 584 post

2004 591 2113 616 vocant,
2129 592 2157 612 vt
2173 587 2216 613 ad-

1838 615 1911 651 Conf.
1927 618 2059 645 Aminian.
2073 623 2111 653 16,
2127 629 2166 653 25.
2193 629 2216 648 et

1717 647 1798 682 Vtiles]
1828 649 1863 675 ad
1894 654 2021 680 Ammiun.
2055 662 2079 681 et
2107 656 2214 694 Rhodig„

1165 567 1191 593 se
1212 567 1333 601 praecisis
1360 570 1503 597 arboribus
1527 572 1584 598 vias
1605 572 1745 607 claudunt,
1766 585 1828 610 quai
1844 582 1985 608 concaedes

1165 603 1289 629 versariis
1315 604 1467 631 facultatem
1481 607 1600 634 adimant
1613 611 1795 645 persequendi.

1165 645 1194 673 ¹7
1203 658 1210 670 ‚
1236 647 1279 666 20.
1351 640 1471 668 stewech.
1509 643 1543 669 acl
1588 645 1672 680 Vegct.

1165 677 1255 710 Antiq.
1269 672 1338 700 Leti.
1346 684 1370 709 5,
1385 684 1423 710 ¹4-

1203 716 1220 736 c
1232 717 1251 737 o
1262 716 1283 736 N
1294 716 1311 737 c
1320 717 1343 737 A
1352 717 1372 738 G
1381 718 1403 738 A
1413 717 1434 737 Τ
1443 717 1465 738 V
1475 718 1501 738 M
1533 715 1650 742 catillum
1659 735 1667 749 ,
1686 717 1753 752 apud
1776 720 1880 746 Petron.
1895 723 1929 748 66
1949 727 2051 751 uexauit
2070 735 2151 752 omnes
2172 729 2214 754 In-

1162 752 1304 808 terpirerejrf
1340 747 1520 774 Concacatum
1546 754 1649 777 coniicit
1678 754 1857 781 Burmannus:
1895 764 1918 783 et
1931 758 1968 791 fit
1981 760 2064 795 sane,
2083 762 2139 788 dum
2159 766 2215 798 quir

1163 791 1204 817 qul
1235 791 1271 807 me
1282 791 1329 808 lus.

1200 816 1492 846 CONCALEFACI
1505 825 1544 852 0,
1574 822 1616 848 vel
1633 821 1754 857 eipunflo
1779 832 1812 857 Ε,
1833 831 2091 859 CONCALFACi
2104 839 2140 866 o,
2164 835 2203 861 eci

1162 852 1269 886 anum,
1287 856 1349 894 ere..
1377 854 1536 889 sesamam,
1554 856 1635 892 sig...]
1672 858 1728 883 Cic.
1745 859 1776 885 de
1791 862 1866 889 Orat.
1880 867 2023 900 2‚316c.78
2044 868 2074 893 ist
2087 854 2214 896 aitidcm'

1162 897 1246 923 quum
1262 889 1399 916 brachium
1415 891 1634 925 concalefecerit‚
1654 898 1712 919 tum
1725 895 1750 919 se
1763 893 1847 922 solere
1862 907 1986 933 pugnare.
2004 903 2029 929 h.
2043 912 2061 927 e.
2082 891 2214 941 quumsreff

1161 927 1247 961 quenti
1262 929 1399 961 agitatione
1410 929 1514 953 calorem
1528 934 1552 953 et
1565 930 1704 964 agilitatem
1718 929 1820 955 brachio
1833 937 1957 961 excitarit.
2031 937 2102 964 Non.
2123 949 2138 966 2
2170 947 2214 971 182

1161 960 1262 987 laudato
1276 964 1321 987 hoc
1334 962 1386 988 Ioco
1393 963 1499 997 subiicit
1512 965 1559 996 isla
1574 974 1581 988 :
1619 964 1675 990 Cic.
1690 964 1723 991 ad
1735 966 1841 992 Pansam
1872 968 1918 994 lib.
1933 979 1944 1001 3
1974 971 2031 998 Nos
2045 961 2213 1003 Ventidianis

1162 996 1318 1022 rumoribus
1331 997 1484 1024 calficiinur.
1529 1000 1570 1026 Sic
1582 1007 1647 1026 certe
1661 1002 1770 1028 Mereor.
1813 1003 1856 1029 Al.
1870 1004 2105 1035 Concalefecimus.

1200 1037 1245 1058 CO
1257 1037 1277 1057 N
1287 1039 1304 1058 C
1313 1039 1334 1058 Α
1343 1038 1360 1059 Χ.
1370 1040 1386 1059 E
1397 1040 1412 1059 F
1424 1036 1474 1060 ΪΟ.
1502 1033 1706 1071 [θερμαίνομαι]
1742 1035 1820 1064 Varr.
1834 1037 1866 1064 de
1879 1039 1910 1065 R.
1926 1039 1957 1065 R.
1971 1049 1994 1072 3,
2007 1050 2032 1073 9,
2052 1051 2073 1069 11
2098 1046 2214 1074 Cui-ator

1161 1072 1268 1101 oportet
1303 1075 1446 1096 circumeat
1478 1069 1573 1097 diebus
1601 1071 1762 1106 interpofitis
1780 1072 1899 1108 aliquot,
1921 1083 1951 1101 ac
1969 1083 2073 1104 vertere
2098 1088 2166 1113 oua,
2184 1088 2214 1108 vt

1161 1103 1341 1137 aequabiliter
1353 1104 1532 1132 concalcfiant.
1603 1108 1854 1136 Concalefaciuntur
1875 1111 1945 1137 Vitr.
1961 1120 1990 1144 4,
2003 1120 2029 1146 7.

1200 1146 1216 1166 c
1225 1146 1244 1166 o
1254 1145 1275 1164 N
1287 1145 1303 1166 c
1317 1147 1338 1166 A
1349 1147 1363 1165 L
1375 1147 1392 1167 E
1401 1147 1472 1168 FAC
1483 1147 1504 1167 Τ
1513 1147 1534 1167 ν
1543 1149 1567 1174 s,
1580 1150 1604 1175 a,
1618 1153 1672 1170 um.
1699 1141 1792 1171 Partic.
1823 1145 2020 1208 gstsffloeifleis]
2055 1148 2113 1175 Cic.
2131 1150 2214 1177 Tusc.

1165 1183 1190 1215 ι,
1200 1184 1230 1208 41
1243 1182 1265 1201 c.
1281 1180 1306 1205 18
1325 1176 1401 1202 Illam
1417 1185 1483 1203 vero
1497 1177 1617 1205 funditus
1635 1180 1773 1207 eliciamus
1793 1181 1820 1207 in
1841 1181 2000 1209 iuiduoruin
2021 1193 2166 1219 corporum
2179 1187 2215 1213 le-

1162 1219 1239 1237 vium
1258 1217 1284 1237 et
1303 1212 1482 1239 rotundorum
1502 1216 1731 1242 concursationem
1744 1217 1902 1250 fortuitam,
1923 1228 2001 1253 quam
2014 1225 2103 1246 tamen
2118 1222 2216 1248 Demo-

1160 1247 1242 1273 critus
1254 1248 1459 1275 concalefactam
1473 1255 1498 1275 et
1512 1250 1681 1284 spirabilem,
1702 1252 1729 1278 id
1743 1253 1780 1287 est
1792 1253 1935 1280 animalem
1948 1256 1996 1281 effe
2009 1256 2107 1283 voluit.
2144 1258 2215 1285 Con-

1164 1281 1289 1309 calefacta
1303 1292 1371 1318 aqua
1397 1284 1517 1311 Scriboni.
1532 1291 1574 1320 84.
1607 1301 1653 1307 —-
1689 1288 1799 1323 spongia
1811 1289 1850 1316 ib.

1198 1326 1215 1346 c
1224 1325 1243 1345 ο
1253 1326 1275 1345 Ν
1283 1325 1330 1359 011
1340 1328 1355 1346 i.
1364 1327 1381 1346 E
1391 1326 1407 1346 F
1417 1327 1438 1346 A
1448 1326 1464 1346 c
1474 1327 1495 1346 T
1507 1328 1526 1347 o
1536 1328 1555 1348 R
1564 1329 1572 1348 1
1582 1328 1602 1347 v
1613 1330 1666 1354 s,a‚
1675 1333 1728 1350 um.
1757 1324 1818 1351 Adi.
1857 1323 2059 1361 [θερμαντικὰ]
2095 1328 2163 1356 Plin.
2177 1338 2214 1365 31,

1162 1363 1196 1381 20
1220 1355 1266 1380 Vis
1282 1364 1307 1381 ei
1322 1355 1538 1383 concalfaetona.
1564 1358 1588 1383 h.
1603 1368 1622 1384 e.
1642 1360 1828 1395 Excalfacienr,
1837 1368 1928 1388 einata
1940 1364 2043 1389 calorem
2062 1368 2178 1391 excitare.

1197 1395 1425 1430 CONQALEO,
1445 1395 1486 1418 vel
1500 1396 1587 1428 potius
1607 1401 1887 1430 CONCALEsco,
1908 1397 1962 1430 lui,
1982 1399 2037 1425 lere
2055 1402 2095 1426 vel
2107 1400 2213 1428 lescere.

1160 1424 1306 1466 [Js'foffixij
1347 1428 1427 1453 Totus
1445 1430 1485 1454 vel
1497 1428 1621 1464 undique,
1641 1431 1706 1457 caleo
1721 1433 1762 1457 vel
1772 1432 1872 1468 calesco.
1908 1433 1990 1460 Plaut.
2006 1435 2102 1470 Amph.
2118 1445 2138 1469 i,
2151 1446 2173 1469 3,
2189 1445 2214 1470 15

1160 1462 1234 1487 Prius
1251 1461 1325 1494 abis,
1347 1471 1426 1496 quam
1439 1463 1539 1497 iectus,
1560 1464 1607 1491 vbi
1626 1466 1757 1499 cubuisti,
1775 1468 1907 1494 concaluit
1924 1469 2006 1495 locus.
2080 1473 2166 1498 Varro
2180 1473 2213 1499 R.

1161 1497 1192 1523 R.
1206 1505 1228 1529 3,
1243 1499 1284 1529 16,
1298 1502 1333 1538 38-
1345 1499 1412 1532 Apes
1448 1501 1494 1518 ⁸4-
1531 1501 1666 1534 ponendae
1682 1502 1710 1527 in
1724 1501 1788 1528 sole.
1861 1504 1938 1536 Quae
1960 1506 2032 1530 enim
2047 1505 2080 1531 sic
2093 1508 2214 1534 concalu—

1160 1537 1254 1565 erunt,
1273 1533 1414 1560 restituunt
1428 1533 1462 1560 se.
1534 1536 1593 1561 Col.
1608 1544 1634 1568 2,
1648 1545 1690 1569 ¹9>
1707 1546 1717 1563 1
1749 1538 1869 1565 Foenum
1892 1539 1966 1574 saepe
1987 1550 2047 1567 cuin
2069 1544 2215 1577 concaluit,

1160 1569 1250 1603 ignem
1263 1575 1334 1595 creat
1347 1576 1372 1596 et
1385 1570 1548 1597 incendium.
1622 1572 1689 1599 Plin.
1706 1577 1742 1605 18,
1757 1582 1788 1605 30
1803 1575 1821 1600 s.
1830 1582 1861 1609 73
1882 1576 1912 1601 111
1925 1575 2017 1602 tritico
2032 1578 2215 1606 crescuntani-

1159 1605 1254 1636 malia,
1274 1605 1403 1640 quoniam
1426 1606 1546 1640 spiffitate
1565 1607 1609 1634 sua
1627 1608 1799 1642 concalescit,
1818 1617 1843 1636 et
1857 1611 1964 1638 furfure
1990 1614 2070 1639 crasso
2093 1615 2213 1642 vestitur.

1157 1640 1266 1667 Vitruu.
1279 1643 1306 1673 6,
1320 1650 1336 1674 9
1357 1643 1396 1668 Ita
1418 1643 1490 1668 enim
1514 1643 1648 1671 frumenta
1668 1653 1723 1670 non
1741 1651 1867 1679 poterunt
1881 1646 1935 1673 cito
1955 1648 2150 1683 concalescere,
2169 1646 2218 1678 sed'

1156 1677 1245 1703 afflatu
1257 1677 1416 1712 refrigerata
1429 1678 1476 1704 diu
1489 1680 1634 1706 seruantur.
1707 1681 1830 1708 Prudent.
1845 1682 1934 1709 Perist.
1944 1691 2002 1716 i‚,·2
2023 1686 2215 1714 concalescunt

1156 1712 1275 1747 peetora.
1347 1713 1385 1740 Id.
1400 1715 1548 1748 Hamartig.
1566 1723 1612 1747 190
1633 1715 1743 1743 Viderat
1761 1717 1899 1751 argillam,
1919 1716 2089 1748 simulacrum
2107 1728 2133 1748 et
2147 1722 2214 1750 stru-

1157 1747 1221 1774 Gtile
1244 1749 1307 1775 flatu
1337 1749 1501 1776 Concaliiiffe
1524 1751 1584 1777 Dei.
1609 1754 1627 1777 i.
1641 1754 1772 1779 animalem
1785 1753 1889 1780 calorem
1902 1754 2025 1790 accepsffi.
2097 1756 2212 1785 Terent.

1156 1785 1254 1810 Heaut.
1269 1790 1295 1817 2,
1309 1793 1332 1817 3,
1346 1790 1388 1815 108
1410 1785 1489 1818 Syre,
1510 1785 1591 1819 Syre,
1611 1787 1731 1822 inquam.
1768 1789 1857 1822 Heus,
1877 1789 1959 1823 heus,
1979 1792 2050 1823 Syre.
2089 1794 2213 1821 SY.C0n-

1156 1819 1239 1846 caluit
1253 1819 1259 1845 !
1296 1820 1368 1853 Qud
1382 1821 1423 1847 vis
1439 1822 1448 1847 ἓ
1520 1822 1577 1848 Cic.
1592 1823 1675 1849 Tusc.
1689 1832 1708 1854 1,
1722 1833 1758 1858 42
1775 1835 1796 1851 c.
1813 1830 1838 1855 18
1855 1833 1919 1852 extr.
1941 1827 2064 1855 calidior
2077 1829 2113 1855 est
2128 1830 2212 1863 enim,

1154 1855 1198 1882 vel
1232 1855 1321 1890 potius
1354 1856 1493 1884 ardentior
1514 1858 1634 1890 animus,
1653 1868 1733 1894 quam
1751 1860 1788 1886 est
1811 1861 1854 1888 hic
1874 1864 1934 1894 aer,
1955 1865 2036 1897 quem·
2057 1865 2140 1891 modo
2152 1866 2212 1893 dixi

1155 1892 1263 1918 crassum
1276 1898 1355 1926 atque
1368 1900 1520 1920 concretum
1534 1903 1540 1918 :
1578 1895 1650 1929 quod
1664 1904 1695 1921 eii
1711 1905 1744 1921 eo
1759 1895 1820 1923 sciri
1833 1897 1917 1931 potest
1926 1918 1934 1930 ,
1953 1899 2017 1933 quia
2029 1909 2142 1935 corpora
2163 1911 2212 1929 no-

1154 1927 1205 1954 stra
1220 1933 1328 1954 terreno
1341 1928 1537 1964 principiorum
1551 1939 1648 1964 genere
1660 1931 1790 1964 confecta,
1798 1934 1894 1960 ardore
1908 1934 1992 1961 animi
2005 1936 2194 1965 concalescunt.

1190 1970 1444 1998 CONCALLEO‚
1465 1967 1506 1992 vel
1528 1971 1545 1992 c
1558 1973 1578 1993 0
1591 1974 1608 1991 r.
1621 1972 1797 1995 CALLESC
1810 1976 1844 2001 o,
1865 1970 1910 2002 ui,
1938 1973 1992 1997 ere.
2030 1971 2212 2008 [τυλλόομαι]

1156 1999 1224 2027 Idem
1237 1999 1303 2035 quod
1312 2000 1404 2027 Callere
1413 2021 1419 2032 ,
1442 2001 1550 2037 undique
1564 2002 1694 2028 obductum
1708 2002 1751 2036 eſje
1764 2005 1844 2031 callis.
1894 2006 1951 2032 Cic.
1969 2006 2002 2032 de
2016 2007 2079 2033 Nat.
2092 2008 2173 2034 Deor.
2189 2017 2214 2040 3,

1155 2043 1186 2068 25
1197 2044 1219 2061 c.
1235 2043 1264 2062 10
1286 2036 1411 2063 Versutos
1424 2046 1470 2064 eos
1483 2036 1605 2072 appello,
1627 2047 1742 2073 quorum
1757 2038 1881 2066 celeriter
1894 2050 1968 2066 mens
1987 2043 2106 2069 versatur
2119 2054 2124 2069 :
2161 2044 2212 2071 cal-

1152 2071 1222 2098 lidos
1236 2076 1340 2105 autem,
1358 2081 1475 2107 querum
1490 2080 1616 2107 tanquam
1629 2082 1722 2099 manus
1736 2082 1833 2108 opere,
1849 2075 1884 2101 fic
1892 2075 1993 2102 animus
2002 2077 2049 2103 vsu
2057 2079 2211 2106 concalluit.

1152 2108 1185 2132 Et
1199 2107 1252 2132 Att.
1268 2110 1339 2138 4,16
1352 2108 1414 2133 med.
1435 2109 1523 2133 Locus
1547 2108 1593 2133 ille
1614 2108 1700 2134 animi
1723 2109 1817 2143 nostri,
1831 2110 1980 2138 stomachus
2003 2113 2051 2140 vbi
2074 2114 2213 2143 habitabat

1151 2141 1230 2172 olim,
1243 2141 1396 2167 concalluit.

1186 2182 1203 2203 c
1211 2182 1230 2203 o
1240 2182 1262 2202 N
1271 2182 1287 2202 c
1296 2184 1319 2203 A
1329 2183 1355 2203 M
1370 2175 1386 2203 ἑ
1395 2183 1414 2204 R
1423 2183 1442 2204 o
1451 2196 1460 2210 ‚
1480 2179 1533 2204 ire.
1568 2178 1704 2215 [κοιμαρὸω
1712 2200 1721 2212 ,
1742 2178 1832 2215 ὅμοφὸω
1839 2184 1851 2214 ]
1888 2181 1990 2210 camera
2001 2191 2083 2221 tegere
2103 2193 2128 2212 et
2143 2188 2210 2214 clau-

1151 2211 1223 2244 dere,
1240 2218 1270 2238 vt
1281 2213 1466 2249 conformem-e.
1510 2213 1568 2240 Vid.
1583 2215 1649 2241 Plin.
1663 2223 1705 2248 34,
1719 2224 1750 2248 14
1772 2216 1802 2242 de
1813 2224 1926 2252 magnete
1945 2220 2035 2255 lapide.
2078 2223 2135 2249 isid.
2157 2231 2211 2250 CA-

1151 2252 1254 2274 MERA.
1325 2249 1400 2275 Idem
1415 2257 1447 2280 ii,
1463 2256 1499 2280 24
1536 2249 1630 2283 Specus
1654 2250 1709 2284 ipsa
1733 2259 1785 2285 qua
1804 2260 2004 2282 concameratur
2021 2256 2209 2286 architee‘tura.

1150 2283 1295 2309 Vitriiuius
1325 2291 1349 2316 3,
1367 2290 1381 2316 3
1414 2283 1558 2310 interualla
1589 2290 1636 2311 aut
1665 2287 1889 2320 concameranda‚
1909 2296 1956 2316 aut
1979 2287 2116 2321 solidanda
2137 2294 2209 2322 fistu-

36 2322 95 2352 pter
108 2316 194 2351 ipsum
207 2317 281 2343 venit
292 2322 337 2344 aut
351 2315 497 2343 admodum
510 2315 589 2351 pauci
602 2324 608 2339 ε
643 2315 732 2351 plures
746 2321 917 2350 computant,
932 2324 1013 2352 quain
1020 2317 1083 2344 ode·
1094 2316 1131 2342 60
1148 2317 1308 2345 cationibus.

20 2363 24 2367 ·
37 2358 99 2380 runt
125 2351 164 2379 id.
178 2352 224 2387 Ep.
239 2361 278 2387 ¹4·

0 2405 2 2408 -
36 2388 88 2415 lius
100 2394 160 2414 ante
173 2387 244 2414 diem
259 2388 359 2423 patrios
371 2387 485 2423 inquirit
497 2397 525 2415 in
538 2396 629 2414 annos.

1189 2359 1206 2380 c
1219 2357 1238 2379 o
1247 2359 1270 2378 Ν
1278 2359 1295 2380 c
1304 2359 1326 2379 A
1335 2359 1360 2379 M
1368 2359 1385 2379 E
1394 2360 1413 2380 R
1422 2352 1443 2379 Ᾱ
1450 2360 1471 2380 T
1480 2360 1501 2380 v
1509 2360 1565 2387 s,a‚
1584 2363 1638 2382 um.
1659 2356 1728 2384 Part.
1764 2356 1834 2385 Suet.
1848 2359 1915 2395 Aug.
1923 2370 1945 2388 c.
1954 2370 1990 2395 90
2008 2362 2040 2390 In
2053 2363 2174 2393 abditum
2182 2371 2209 2394 et

1151 2394 1364 2415 concameratum
1378 2389 1466 2416 locum
1480 2390 1506 2416 se
1519 2390 1645 2426 recipere.
1717 2392 1785 2421 Plin.
1800 2403 1841 2429 14,
1854 2404 1865 2422 1
1877 2397 1896 2422 s.
1909 2405 1922 2430 3
1950 2399 2025 2425 Vuae
2038 2400 2132 2435 pensili
2145 2411 2209 2429 con-

1149 2429 1295 2451 cameratae
1302 2424 1384 2451 nodo.
1408 2428 1427 2452 i.
1440 2435 1455 2452 a
1467 2435 1564 2453 camera
1571 2427 1712 2464 suspensae.
1816 2430 1819 2432 ⁷

1187 2467 1204 2488 c
1214 2467 1234 2488 ο
1243 2467 1266 2487 Ν
1276 2466 1293 2487 c
1306 2467 1362 2487 AM
1370 2467 1387 2487 E
1395 2467 1415 2488 R
1423 2468 1446 2488 A
1454 2468 1475 2488 T
1484 2469 1494 2488 1
1506 2468 1541 2495 ο,
1562 2464 1630 2491 onis.
1657 2465 1677 2490 f.
1714 2466 1726 2497 [
1739 2465 1898 2503 καμάρωως]
1939 2468 2051 2497 Budaeus
2062 2483 2070 2497 .·
2106 2473 2210 2501 Conca-

1148 2496 1310 2524 mei-aciones
1317 2496 1391 2533 fient,
1399 2506 1458 2533 quae
1471 2505 1575 2525 arcuato
1588 2506 1658 2536 opere
1671 2499 1793 2534 confiant.
1830 2503 1938 2531 Vitruu.
1947 2507 1974 2538 6,
1982 2514 2004 2533 11
2012 2514 2057 2542 pr.
2077 2508 2208 2537 Aedificia

1151 2541 1219 2568 quae
1234 2532 1314 2568 plano
1328 2532 1393 2567 pede
1407 2533 1591 2568 instituuntur,
1612 2535 1630 2562 fi
1644 2536 1816 2566 fundamenta
1833 2547 1927 2567 eorum
1942 2541 2012 2569 faeta
2026 2543 2137 2577 fuerint,
2157 2546 2195 2573 ita

1149 2574 1179 2595 vt
1191 2569 1219 2594 in
1233 2568 1370 2603 prioribus
1383 2568 1463 2596 libris
1478 2570 1510 2596 de
1522 2580 1602 2597 muro
1618 2578 1644 2598 et
1660 2572 1770 2600 theatris
1793 2583 1809 2601 a
1829 2574 1909 2602 nobis
1931 2577 1970 2603 est
1993 2578 2155 2614 expositum,
2171 2565 2208 2609 ad’

1149 2604 1305 2631 vetustatem
1318 2613 1348 2631 ea
1362 2611 1439 2632 erunt
1453 2605 1506 2632 fine
1519 2606 1687 2634 dubitatione
1700 2608 1784 2637 lirina.
1821 2610 1866 2637 Sin
1878 2617 1967 2639 autem
1981 2613 2101 2650 hypogea
2114 2626 2207 2645 conca-

1148 2641 1365 2675 merationesque
1379 2641 1567 2676 instituentur,
1586 2643 1757 2671 fundationes
1773 2655 1867 2673 eorum
1880 2647 1942 2675 fieri
1955 2649 2051 2677 debent
2063 2652 2206 2686 emineres,

1150 2685 1230 2712 quain
1243 2685 1310 2712 quae
1324 2677 1353 2703 in
1366 2677 1549 2712 superioribus
1568 2679 1697 2707 aedificiis
1719 2680 1869 2709 strueturae
1891 2684 1952 2711 sunt
1973 2686 2089 2714 futurae.
2145 2688 2205 2715 Nec

1150 2713 1393 2740 concamerationes
1404 2714 1500 2748 recipit
1522 2715 1591 2741 Vitr.
1605 2724 1631 2749 2,
1643 2726 1670 2750 4.
1742 2717 1812 2744 Add.
1826 2718 1867 2746 Id.
1882 2726 1906 2753 ς,
1920 2728 1957 2747 10.
2029 2722 2096 2749 Plin.
2111 2731 2152 2756 11,
2173 2732 2204 2750 10

1149 2748 1180 2775 de
1194 2749 1296 2784 apibus,
1317 2749 1428 2776 Struunt
1441 2750 1516 2777 orsae
1529 2759 1543 2777 a
1556 2752 1786 2780 concameratione
1799 2753 1880 2781 aluei.

1186 2791 1203 2812 c
1212 2790 1231 2811 o
1241 2791 1262 2810 N
1273 2790 1291 2812 c
1301 2792 1324 2812 A
1332 2792 1354 2811 N
1363 2792 1394 2812 A.
1431 2785 1589 2821 [Kotyaeoem]
1624 2788 1722 2815 Ciuitas
1737 2788 1771 2823 est
1784 2790 1964 2817 mediterranea
1978 2791 2157 2820 Cantabrorum
2173 2797 2202 2821 in

1155 2820 1338 2856 Tarraconensi
1351 2821 1486 2858 Hispania.
1525 2824 1627 2850 Ptolem.
1639 2824 1683 2851 lib.
1697 2835 1720 2851 2.
1756 2827 1840 2852 Huius
1852 2827 1946 2852 incolae

1187 2863 1204 2884 C
1213 2863 1350 2884 ONCAN
1358 2865 1378 2884 1.
1416 2858 1484 2884 Hor.
1499 2858 1588 2886 Carm.
1600 2868 1625 2893 3,
1637 2869 1666 2894 4,
1678 2868 1712 2894 34
1732 2860 1763 2888 Et
1775 2861 1873 2888 laetum
1886 2861 1985 2896 equino
1997 2862 2124 2898 sanguine
2131 2865 2203 2892 Con-

1325 2894 1365 2920 De
1384 2893 1426 2921 his
1450 2895 1506 2921 Vei.
1526 2895 1607 2922 Schol.
1621 2899 1715 2931 accipie
1727 2896 1792 2924 illud
1808 2895 1882 2931 Virg.
1896 2898 1993 2931 Georg.
2007 2907 2030 2930 3,
2046 2901 2096 2933 463
2117 2901 2149 2927 Et
2161 2901 2203 2927 lac

1794 2931 1838 2958 Sil.
1853 2941 1879 2965 3,
1891 2934 1935 2964 361
1964 2934 2124 2970 Cornipedis
2142 2936 2202 2964 fusa

1150 2901 1254 2919 eanum.

1150 2934 1303 2956 concretum
1317 2938 1377 2956 cum
1390 2930 1514 2964 sanguine
1527 2936 1602 2966 potat
1614 2932 1722 2967 equino.

1149 2965 1266 2997 satiaris,
1287 2966 1410 2992 Concane
1419 2986 1428 2999 ,
1447 2975 1524 2993 vena.

1186 3006 1204 3027 c
1216 3008 1236 3029 0
1246 3008 1292 3029 Nc
1302 2999 1324 3027 ,Αἵ
1333 3009 1348 3028 Ρ
1357 3008 1413 3035 Es,
1434 3002 1487 3029 i'tis.
1508 3002 1569 3029 Adi.
1606 3001 1683 3037 Quasi
1701 3002 1780 3037 Caput
1799 3001 1834 3028 ad
1844 3008 1928 3038 caput.
1963 3002 2019 3030 Lex
2037 3005 2089 3032 XII
2106 3006 2200 3035 Tabb..

1146 3036 1214 3072 apud
1228 3037 1331 3064 Festum
1343 3046 1400 3065 voce
1413 3038 1538 3073 Tignurn
1552 3046 1558 3062 ε
1593 3038 1717 3072 Tignuin
1730 3036 1851 3064 iun-§tum
1863 3038 1971 3065 aedibus
1979 3040 2126 3076 vineaeque
2138 3053 2202 3071 con-

1147 3081 1221 3107 capes
1233 3082 1267 3100 ne
1283 3073 1381 3100 soluito
1396 3083 1404 3106 ;
1433 3073 1566 3111 significat
1581 3074 1708 3109 Tignum,
1728 3073 1795 3109 quod
1805 3073 1840 3099 ad
1853 3074 1923 3100 aedes
1937 3078 2039 3110 pariter
2060 3084 2084 3103 et
2102 3081 2201 3106 vineam

1141 3106 1328 3145 Jicstentandam
1343 3109 1464 3144 defixum,
1484 3111 1524 3136 vel
1534 3118 1588 3136 cuni
1601 3111 1683 3143 capite
1696 3111 1761 3136 vitis
1773 3111 1884 3145 alioquin
1896 3109 2042 3144 commiffiim
2060 3110 2110 3147 est,
2132 3122 2160 3141 vt
2181 3125 2202 3142 1-

1146 3153 1177 3171 ne
1195 3146 1346 3172 alterutrius
1363 3145 1452 3172 damno
1459 3145 1526 3181 solui
1537 3153 1586 3171 non
1593 3144 1678 3180 poffit.
1727 3145 1812 3171 Multa
1829 3146 1894 3172 Scal.
1914 3145 1948 3171 ad
1959 3146 1984 3173 b.
1999 3148 2017 3173 l.
2037 3157 2099 3183 quae
2106 3151 2201 3186 prohat

1153 3179 1219 3214 Voff.
1239 3182 1345 3217 Etymol.
1362 3184 1391 3208 in
1403 3182 1520 3215 Anceps,
1539 3180 1606 3216 quod
1623 3182 1738 3217 antiquis
1744 3178 1823 3216 fuzſje
1836 3181 1952 3216 Ancapes
1958 3201 1967 3214 ,
1991 3183 2104 3221 Scaliger
2116 3196 2200 3213 manu-

1147 3223 1202 3243 erat
1214 3223 1238 3244 et
1245 3218 1395 3253 Praecapes‚
1403 3224 1427 3244 et
1433 3218 1511 3253 plura
1522 3219 1582 3242 alia.

1183 3258 1201 3279 c
1209 3260 1228 3280 o
1239 3258 1263 3279 Ν
1272 3260 1290 3280 c
1298 3260 1321 3281 A
1333 3260 1350 3280 1⁸
1361 3260 1382 3281 T
1392 3253 1405 3280 ῑ
1414 3259 1436 3279 ν
1444 3260 1465 3279 ν
1474 3259 1496 3279 s.
1533 3248 1630 3285 [Gloss‘.
1645 3251 1692 3278 Gr.
1711 3248 1769 3278 Lat.
1795 3251 2021 3290 σωαιχμσίλωτος]
2057 3257 2137 3292 vulg,
2155 3257 2197 3283 ιη.

1147 3292 1228 3323 terpr.
1243 3288 1319 3316 Tob.
1335 3297 1355 3320 1,
1366 3298 1393 3322 4.
1429 3288 1544 3315 Hieron.
1563 3288 1609 3322 Ep.
1629 3295 1684 3320 199.

1184 3330 1257 3352 CON
1267 3331 1314 3352 CA
1323 3331 1342 3352 R
1352 3332 1374 3351 Ν
1384 3331 1420 3357 0,
1441 3327 1494 3350 are.
1531 3322 1599 3350 Cum
1615 3321 1681 3358 quid
1693 3327 1848 3350 extraneum
1863 3328 1989 3352 extraneo
2008 3325 2198 3361 agglutinatur,

1148 3359 1185 3387 ita
1195 3366 1369 3388 concarnatur
1381 3365 1407 3386 et
1421 3358 1619 3386 conuisceratur
1638 3357 1759 3385 Tertull.
1773 3358 1806 3385 de
1819 3359 1906 3386 Carne
1919 3359 1984 3388 Chr.
2006 3371 2028 3388 c.
2047 3371 2089 3388 20.
2128 3365 2146 3388 i.
2167 3365 2196 3387 in

1474 3393 1690 3429 Veget.Mulom.
1703 3398 1729 3427 2,
1742 3400 1810 3428 22‚3
1829 3395 1856 3422 Si
1868 3403 1898 3423 os
1910 3405 1965 3423 non
1987 3398 2105 3431 potuerit
2124 3398 2195 3423 Con-

1148 3432 1260 3459 carnai-i.
1332 3433 1364 3458 Et
1378 3440 1433 3457 mox
1444 3429 1572 3464 intranfir.
1607 3430 1697 3456 Donec
1712 3436 1862 3463 contai-net.

1183 3473 1228 3495 co
1236 3475 1257 3495 N
1268 3473 1286 3495 c
1296 3474 1318 3495 A
1326 3474 1346 3494 r.
1355 3474 1378 3493 N
1386 3473 1408 3493 A
1416 3472 1438 3493 Τ
1447 3472 1485 3494 10
1494 3485 1503 3499 ,
1522 3465 1590 3492 onis.
1609 3465 1630 3491 f.
1667 3464 1787 3492 Tei-tull.
1809 3466 1842 3494 de
1855 3467 1965 3502 Monog.
1979 3476 1998 3494 c.
2012 3475 2038 3500 9.

1183 3508 1201 3529 c
1209 3509 1259 3530 0N
1269 3510 1286 3530 c
1294 3509 1316 3530 A
1325 3509 1337 3528 s
1349 3509 1370 3529 T
1380 3503 1394 3529 ἱ
1396 3509 1418 3529 G
1427 3509 1446 3529 ο
1459 3521 1468 3534 ‚
1510 3506 1561 3528 are.
1599 3501 1613 3535 [
1628 3501 1788 3536 ἓπανορθᾰω]
1823 3504 1917 3530 Multis
1953 3503 2034 3529 verbis
2062 3499 2195 3538 castigare.

1147 3537 1229 3565 Plaut.
1241 3539 1324 3566 Trin.
1338 3546 1359 3571 i,
1372 3546 1393 3570 1,
1406 3547 1425 3572 4
1446 3538 1518 3565 Nam
1536 3545 1586 3571 ego
1606 3537 1722 3564 amicum
1743 3536 1824 3564 hodIe
1843 3546 1933 3565 meum
1950 3536 2131 3571 concastigabo
2145 3545 2196 3572 pro

1493 3573 1524 3599 Ee
1536 3571 1631 3599 Bacch.
1643 3580 1667 3606 3,
1678 3580 1702 3606 3,
1714 3580 1752 3608 '94
1770 3574 1842 3601 Cura
1872 3578 1898 3600 et
1929 3572 2074 3607 concastiga
2107 3572 2195 3600 homi-

1144 3618 1205 3637 nem
1224 3610 1317 3645 probe.

1182 3651 1200 3673 c
1213 3653 1233 3673 ο
1247 3652 1270 3672 Ν
1283 3652 1300 3673 c
1311 3641 1364 3671 A'T
1373 3642 1421 3670 EN
1431 3649 1451 3669 0
1462 3662 1470 3676 ,
1512 3651 1547 3670 as.
1583 3643 1684 3672 Catenis
1715 3645 1813 3682 colligo.
1848 3644 1920 3672 Meta
1937 3643 1960 3669 h.
1981 3642 2196 3672 concatenantur

1145 3680 1195 3709 nbi
1209 3680 1334 3716 epistolae
1349 3678 1454 3706 nostrae
1473 3678 1596 3706 Ambros.
1608 3680 1656 3717 Ep.
1670 3688 1700 3713 23
1710 3688 1753 3717 pr.
1826 3681 1906 3707 Etiam
1947 3677 2042 3705 afflant.
2061 3687 2092 3713 3,
2107 3688 2151 3715 17,
2165 3689 2195 3711 25

1145 3717 1258 3744 Hasnata
1302 3715 1386 3750 igitur
1426 3714 1475 3741 ess‘e
1511 3721 1635 3750 oportet,
1669 3723 1700 3743 vt
1739 3715 1830 3751 poffint
1869 3714 1987 3741 inuicem
2015 3716 2193 3742 concatenari.

1087 3754 1135 3777 lou
1143 3754 1181 3780 De
1193 3754 1325 3780 elementis.

1181 3794 1198 3815 c
1207 3796 1227 3815 o
1235 3793 1259 3813 N
1267 3794 1284 3814 c
1292 3792 1343 3813 AT
1351 3792 1369 3813 E
1378 3791 1402 3811 N
1411 3786 1493 3813 Arv
1502 3789 1514 3812 s
1523 3807 1532 3820 ‚
1551 3794 1581 3818 a,
1601 3795 1656 3814 um.
1676 3786 1744 3814 Part.
1768 3782 1834 3813 Min.
1849 3782 1904 3812 rel.
1919 3790 1960 3818 17,
1971 3791 1989 3810 2
2009 3784 2143 3813 Elementa
2153 3794 2194 3811 co-

1145 3822 1280 3852 haerentia
1289 3841 1297 3855 ,
1315 3830 1432 3848 connexa
1438 3839 1448 3854 ,
1468 3826 1646 3849 concatenata.
2031 3855 2036 3860 Ι

1179 3866 1197 3886 c
1205 3865 1225 3886 ο
1233 3866 1256 3885 Ν
1263 3864 1280 3885 c
1288 3865 1310 3885 A
1318 3863 1340 3884 Τ
1348 3864 1366 3884 E
1375 3863 1398 3883 N
1407 3864 1430 3884 A
1438 3859 1460 3885 Τ
1468 3865 1478 3885 1
1488 3865 1508 3885 ο
1515 3877 1524 3891 ,
1545 3859 1613 3885 onis.
1635 3856 1656 3884 f.
1691 3855 1863 3890 Temporum
1875 3859 2102 3882 concatenationes
2122 3854 2193 3880 Ter-

1145 3894 1203 3923 ttill.
1216 3893 1294 3928 Apol.
1308 3902 1330 3919 c.
1342 3900 1371 3926 19
1389 3892 1487 3920 Mentis
1499 3893 1572 3921 Cael.
1587 3892 1676 3921 Aurei.
1691 3891 1792 3918 chi-on.
1805 3898 1829 3923 3,
1843 3897 1869 3922 2,
1883 3897 1917 3923 15.
1938 3893 1956 3916 i.
1967 3889 2121 3923 constriflio.

1177 3937 1196 3959 c
1204 3935 1309 3959 ONCA
1317 3934 1340 3958 ‘r
1349 3934 1393 3957 i-:R
1401 3933 1452 3956 vA
1460 3936 1512 3956 ‘rv
1520 3937 1549 3963 s,
1570 3938 1602 3964 a,
1617 3937 1672 3957 uni.
1691 3926 1750 3954 Adi.
1787 3927 1820 3953 ln
1840 3932 1954 3954 carmes
1972 3926 2059 3961 denfizs
2077 3920 2193 3983 redablu:

1444 3966 1462 3994 6
1479 3965 1501 3993 Y
1535 3970 1550 3993 Ι
2163 3968 2174 3983 e
