<?xml version="1.0" encoding="UTF-8"?>
<!DOCTYPE html PUBLIC "-//W3C//DTD XHTML 1.0 Transitional//EN"
    "http://www.w3.org/TR/xhtml1/DTD/xhtml1-transitional.dtd">
<html xmlns="http://www.w3.org/1999/xhtml" xml:lang="en" lang="en">
 <head>
  <title>
</title>
<meta http-equiv="Content-Type" content="text/html;charset=utf-8" />
  <meta name='ocr-system' content='tesseract 3.04.00' />
  <meta name='ocr-capabilities' content='ocr_page ocr_carea ocr_par ocr_line ocrx_word'/>
</head>
<body>
  <div class='ocr_page' id='page_1' title='image "./novuslinguaeeter01gesn_0595.png"; bbox 0 0 2474 4182; ppageno 0'>
   <div class='ocr_carea' id='block_1_1' title="bbox 41 103 2189 170">
    <p class='ocr_par' dir='ltr' id='par_1_1' title="bbox 41 103 2189 170">
     <span class='ocr_line' id='line_1_1' title="bbox 41 103 2189 170; baseline 0.001 -24"><span class='ocrx_word' id='word_1_1' title='bbox 41 116 130 161; x_wconf 68' lang='lat'>1085</span> <span class='ocrx_word' id='word_1_2' title='bbox 266 167 269 170; x_wconf 26' lang='grc' dir='ltr'>Ι</span> <span class='ocrx_word' id='word_1_3' title='bbox 418 105 454 146; x_wconf 91' lang='lat' dir='ltr'>C</span> <span class='ocrx_word' id='word_1_4' title='bbox 541 105 578 144; x_wconf 91' lang='lat' dir='ltr'>O</span> <span class='ocrx_word' id='word_1_5' title='bbox 666 103 715 143; x_wconf 89' lang='lat' dir='ltr'>M</span> <span class='ocrx_word' id='word_1_6' title='bbox 1531 106 1567 146; x_wconf 90' lang='lat' dir='ltr'><strong>C</strong></span> <span class='ocrx_word' id='word_1_7' title='bbox 1648 107 1684 147; x_wconf 91' lang='lat' dir='ltr'>O</span> <span class='ocrx_word' id='word_1_8' title='bbox 1773 107 1821 148; x_wconf 88' lang='lat' dir='ltr'>M</span> <span class='ocrx_word' id='word_1_9' title='bbox 2095 117 2189 160; x_wconf 84' lang='lat'>1086</span> 
     </span>
    </p>
   </div>
   <div class='ocr_carea' id='block_1_2' title="bbox 22 189 2187 411">
    <p class='ocr_par' dir='ltr' id='par_1_2' title="bbox 22 189 2187 411">
     <span class='ocr_line' id='line_1_2' title="bbox 77 189 2186 237; baseline 0.005 -20"><span class='ocrx_word' id='word_1_10' title='bbox 77 205 96 227; x_wconf 77' lang='lat' dir='ltr'>C</span> <span class='ocrx_word' id='word_1_11' title='bbox 109 205 128 226; x_wconf 86' lang='lat'>0</span> <span class='ocrx_word' id='word_1_12' title='bbox 139 205 164 225; x_wconf 87' lang='lat' dir='ltr'>M</span> <span class='ocrx_word' id='word_1_13' title='bbox 173 203 189 224; x_wconf 79' lang='lat' dir='ltr'>p</span> <span class='ocrx_word' id='word_1_14' title='bbox 199 201 214 224; x_wconf 58' lang='lat' dir='ltr'>&#39;L</span> <span class='ocrx_word' id='word_1_15' title='bbox 223 201 243 221; x_wconf 88' lang='lat' dir='ltr'>v</span> <span class='ocrx_word' id='word_1_16' title='bbox 252 202 287 228; x_wconf 91' lang='lat' dir='ltr'>o,</span> <span class='ocrx_word' id='word_1_17' title='bbox 322 194 376 221; x_wconf 83' lang='lat' dir='ltr'>vid.</span> <span class='ocrx_word' id='word_1_18' title='bbox 410 199 427 221; x_wconf 87' lang='lat' dir='ltr'>c</span> <span class='ocrx_word' id='word_1_19' title='bbox 439 201 458 221; x_wconf 91' lang='lat' dir='ltr'>o</span> <span class='ocrx_word' id='word_1_20' title='bbox 467 201 491 220; x_wconf 89' lang='lat' dir='ltr'>M</span> <span class='ocrx_word' id='word_1_21' title='bbox 502 200 516 220; x_wconf 76' lang='lat' dir='ltr'>r</span> <span class='ocrx_word' id='word_1_22' title='bbox 527 201 542 220; x_wconf 99' lang='lat' dir='ltr'>L</span> <span class='ocrx_word' id='word_1_23' title='bbox 552 199 573 218; x_wconf 91' lang='lat' dir='ltr'>v</span> <span class='ocrx_word' id='word_1_24' title='bbox 583 198 652 219; x_wconf 81' lang='grc' dir='ltr'>νιν</span> <span class='ocrx_word' id='word_1_25' title='bbox 662 198 696 217; x_wconf 84' lang='grc' dir='ltr'>Μ.</span> <span class='ocrx_word' id='word_1_26' title='bbox 778 225 784 229; x_wconf 21' lang='grc' dir='ltr'><strong><em>ἢ</em></strong></span> <span class='ocrx_word' id='word_1_27' title='bbox 1144 195 1171 224; x_wconf 83' lang='grc'>7,</span> <span class='ocrx_word' id='word_1_28' title='bbox 1184 193 1233 229; x_wconf 62' lang='lat'>²98</span> <span class='ocrx_word' id='word_1_29' title='bbox 1257 189 1335 216; x_wconf 82' lang='lat' dir='ltr'>Illum</span> <span class='ocrx_word' id='word_1_30' title='bbox 1349 199 1414 224; x_wconf 80' lang='lat' dir='ltr'>ego,</span> <span class='ocrx_word' id='word_1_31' title='bbox 1433 191 1479 226; x_wconf 84' lang='lat' dir='ltr'>qui</span> <span class='ocrx_word' id='word_1_32' title='bbox 1493 193 1558 220; x_wconf 86' lang='lat' dir='ltr'>diris</span> <span class='ocrx_word' id='word_1_33' title='bbox 1572 195 1637 221; x_wconf 79' lang='lat' dir='ltr'>cinis</span> <span class='ocrx_word' id='word_1_34' title='bbox 1650 195 1758 222; x_wconf 71' lang='lat' dir='ltr'>vltimun</span> <span class='ocrx_word' id='word_1_35' title='bbox 1772 193 1884 222; x_wconf 79' lang='lat' dir='ltr'>haeserit</span> <span class='ocrx_word' id='word_1_36' title='bbox 1897 198 1984 231; x_wconf 70' lang='lat' dir='ltr'>aruis,</span> <span class='ocrx_word' id='word_1_37' title='bbox 2003 202 2113 236; x_wconf 68' lang='lat' dir='ltr'>Ossaque</span> <span class='ocrx_word' id='word_1_38' title='bbox 2127 202 2186 237; x_wconf 75' lang='lat' dir='ltr'>qui·</span> 
     </span>
     <span class='ocr_line' id='line_1_3' title="bbox 22 224 2185 266; baseline 0.001 -4"><span class='ocrx_word' id='word_1_39' title='bbox 22 259 23 262; x_wconf 74' lang='grc'><strong>,</strong></span> <span class='ocrx_word' id='word_1_40' title='bbox 77 233 321 263; x_wconf 64' lang='grc' dir='ltr'><strong>ΟΟΜΡιῡΚΕΞ,</strong></span> <span class='ocrx_word' id='word_1_41' title='bbox 352 238 375 257; x_wconf 75' lang='lat' dir='ltr'>et</span> <span class='ocrx_word' id='word_1_42' title='bbox 401 230 559 264; x_wconf 78' lang='lat' dir='ltr'>Complura,</span> <span class='ocrx_word' id='word_1_43' title='bbox 588 229 628 253; x_wconf 80' lang='lat' dir='ltr'>vel</span> <span class='ocrx_word' id='word_1_44' title='bbox 647 224 822 259; x_wconf 77' lang='lat' dir='ltr'>Compluria3</span> <span class='ocrx_word' id='word_1_45' title='bbox 854 233 923 253; x_wconf 83' lang='lat' dir='ltr'>caret</span> <span class='ocrx_word' id='word_1_46' title='bbox 932 225 1077 263; x_wconf 74' lang='lat' dir='ltr'><em>singulari,</em></span> <span class='ocrx_word' id='word_1_47' title='bbox 1143 231 1212 251; x_wconf 81' lang='lat' dir='ltr'>tauri</span> <span class='ocrx_word' id='word_1_48' title='bbox 1233 225 1377 266; x_wconf 69' lang='lat' dir='ltr'>saeuusque</span> <span class='ocrx_word' id='word_1_49' title='bbox 1390 230 1535 266; x_wconf 71' lang='lat' dir='ltr'>pepercerit</span> <span class='ocrx_word' id='word_1_50' title='bbox 1548 229 1616 263; x_wconf 77' lang='lat' dir='ltr'>ignis</span> <span class='ocrx_word' id='word_1_51' title='bbox 1630 232 1809 266; x_wconf 87' lang='lat' dir='ltr'>Componam,</span> <span class='ocrx_word' id='word_1_52' title='bbox 1829 231 1968 266; x_wconf 84' lang='lat' dir='ltr'>sedemque</span> <span class='ocrx_word' id='word_1_53' title='bbox 1988 235 2064 262; x_wconf 80' lang='lat' dir='ltr'>dabo.</span> <span class='ocrx_word' id='word_1_54' title='bbox 2116 238 2185 264; x_wconf 64' lang='grc' dir='ltr'>ΛΜ.</span> 
     </span>
     <span class='ocr_line' id='line_1_4' title="bbox 22 261 2183 304; baseline 0 -9"><span class='ocrx_word' id='word_1_55' title='bbox 22 287 23 292; x_wconf 30' lang='grc' dir='ltr'>η</span> <span class='ocrx_word' id='word_1_56' title='bbox 41 271 167 304; x_wconf 47' lang='grc' dir='ltr'>[πλείονας</span> <span class='ocrx_word' id='word_1_57' title='bbox 177 267 276 301; x_wconf 69' lang='grc' dir='ltr'><strong><em>συχνοὶ]</em></strong></span> <span class='ocrx_word' id='word_1_58' title='bbox 313 268 350 292; x_wconf 80' lang='lat' dir='ltr'>De</span> <span class='ocrx_word' id='word_1_59' title='bbox 365 267 410 292; x_wconf 84' lang='lat' dir='ltr'>hoc</span> <span class='ocrx_word' id='word_1_60' title='bbox 417 269 518 301; x_wconf 77' lang='lat' dir='ltr'>pariter</span> <span class='ocrx_word' id='word_1_61' title='bbox 530 261 764 297; x_wconf 74' lang='lat' dir='ltr'>etstmplicil&#39;lures</span> <span class='ocrx_word' id='word_1_62' title='bbox 777 265 832 297; x_wconf 77' lang='lat' dir='ltr'>ogit</span> <span class='ocrx_word' id='word_1_63' title='bbox 845 263 912 288; x_wconf 84' lang='lat' dir='ltr'>Gell.</span> <span class='ocrx_word' id='word_1_64' title='bbox 922 271 944 295; x_wconf 78' lang='grc' dir='ltr'><strong>ς,</strong></span> <span class='ocrx_word' id='word_1_65' title='bbox 960 271 987 288; x_wconf 78' lang='lat'>21</span> <span class='ocrx_word' id='word_1_66' title='bbox 1005 269 1077 297; x_wconf 83' lang='lat' dir='ltr'>atque</span> <span class='ocrx_word' id='word_1_67' title='bbox 1143 261 1309 294; x_wconf 80' lang='lat' dir='ltr'>Compoutus</span> <span class='ocrx_word' id='word_1_68' title='bbox 1323 270 1388 287; x_wconf 83' lang='lat' dir='ltr'>cinis</span> <span class='ocrx_word' id='word_1_69' title='bbox 1401 263 1481 288; x_wconf 87' lang='lat' dir='ltr'>Ouid.</span> <span class='ocrx_word' id='word_1_70' title='bbox 1498 264 1561 290; x_wconf 83' lang='lat' dir='ltr'>Fast.</span> <span class='ocrx_word' id='word_1_71' title='bbox 1578 275 1598 297; x_wconf 85' lang='grc'>3,</span> <span class='ocrx_word' id='word_1_72' title='bbox 1608 274 1666 300; x_wconf 75' lang='grc' dir='ltr'>ς47.</span> <span class='ocrx_word' id='word_1_73' title='bbox 1703 269 1734 293; x_wconf 85' lang='lat' dir='ltr'>Et</span> <span class='ocrx_word' id='word_1_74' title='bbox 1748 267 1882 301; x_wconf 80' lang='lat' dir='ltr'>Couiponi</span> <span class='ocrx_word' id='word_1_75' title='bbox 1896 268 2000 294; x_wconf 67' lang='lat' dir='ltr'>tinnulo</span> <span class='ocrx_word' id='word_1_76' title='bbox 2014 271 2106 297; x_wconf 81' lang='lat' dir='ltr'>eodem</span> <span class='ocrx_word' id='word_1_77' title='bbox 2120 274 2183 300; x_wconf 67' lang='lat' dir='ltr'>Met.</span> 
     </span>
     <span class='ocr_line' id='line_1_5' title="bbox 22 293 2187 339; baseline 0 -11"><span class='ocrx_word' id='word_1_78' title='bbox 22 293 23 302; x_wconf 17' lang='grc' dir='ltr'>ἵ</span> <span class='ocrx_word' id='word_1_79' title='bbox 41 304 144 339; x_wconf 66' lang='grc' dir='ltr'><em>ρβεηᾱη</em></span> <span class='ocrx_word' id='word_1_80' title='bbox 165 302 319 336; x_wconf 86' lang='lat' dir='ltr'>Compluria</span> <span class='ocrx_word' id='word_1_81' title='bbox 339 304 411 328; x_wconf 77' lang='lat' dir='ltr'>ctiam</span> <span class='ocrx_word' id='word_1_82' title='bbox 430 298 516 333; x_wconf 70' lang='lat' dir='ltr'>dsxfffi·</span> <span class='ocrx_word' id='word_1_83' title='bbox 533 299 631 325; x_wconf 82' lang='lat' dir='ltr'>idoneos</span> <span class='ocrx_word' id='word_1_84' title='bbox 649 295 779 322; x_wconf 52' lang='lat' dir='ltr'>ausim-es:</span> <span class='ocrx_word' id='word_1_85' title='bbox 807 301 909 333; x_wconf 70' lang='lat' dir='ltr'>itemque</span> <span class='ocrx_word' id='word_1_86' title='bbox 927 298 1076 324; x_wconf 87' lang='lat' dir='ltr'>absolutum</span> <span class='ocrx_word' id='word_1_87' title='bbox 1141 304 1171 328; x_wconf 83' lang='lat'>4,</span> <span class='ocrx_word' id='word_1_88' title='bbox 1185 303 1237 329; x_wconf 82' lang='lat'><em>137-</em></span> <span class='ocrx_word' id='word_1_89' title='bbox 1281 297 1386 323; x_wconf 74' lang='lat' dir='ltr'>Videtur</span> <span class='ocrx_word' id='word_1_90' title='bbox 1398 305 1479 322; x_wconf 59' lang='lat' dir='ltr'>tomen</span> <span class='ocrx_word' id='word_1_91' title='bbox 1499 303 1572 324; x_wconf 73' lang='lat' dir='ltr'>etiam</span> <span class='ocrx_word' id='word_1_92' title='bbox 1590 301 1623 325; x_wconf 73' lang='lat' dir='ltr'>ad</span> <span class='ocrx_word' id='word_1_93' title='bbox 1635 300 1722 328; x_wconf 60' lang='lat' dir='ltr'>iccium</span> <span class='ocrx_word' id='word_1_94' title='bbox 1731 304 1864 338; x_wconf 78' lang='lat' dir='ltr'>funebrem</span> <span class='ocrx_word' id='word_1_95' title='bbox 1882 311 1906 328; x_wconf 78' lang='lat' dir='ltr'>ct</span> <span class='ocrx_word' id='word_1_96' title='bbox 1917 311 2062 338; x_wconf 81' lang='lat' dir='ltr'>apparatum</span> <span class='ocrx_word' id='word_1_97' title='bbox 2075 311 2187 339; x_wconf 76' lang='lat' dir='ltr'>priorem</span> 
     </span>
     <span class='ocr_line' id='line_1_6' title="bbox 22 329 2187 373; baseline 0 -6"><span class='ocrx_word' id='word_1_98' title='bbox 22 329 24 356; x_wconf 56' lang='grc' dir='ltr'>Ῐ</span> <span class='ocrx_word' id='word_1_99' title='bbox 40 341 101 372; x_wconf 83' lang='lat' dir='ltr'>csse,</span> <span class='ocrx_word' id='word_1_100' title='bbox 117 339 170 365; x_wconf 87' lang='lat' dir='ltr'>siue</span> <span class='ocrx_word' id='word_1_101' title='bbox 181 337 288 373; x_wconf 84' lang='lat' dir='ltr'>simplex</span> <span class='ocrx_word' id='word_1_102' title='bbox 305 338 371 371; x_wconf 78' lang='lat' dir='ltr'>(nos</span> <span class='ocrx_word' id='word_1_103' title='bbox 384 336 523 371; x_wconf 84' lang='lat' dir='ltr'>positiuum</span> <span class='ocrx_word' id='word_1_104' title='bbox 543 334 616 368; x_wconf 79' lang='lat' dir='ltr'>vulgo</span> <span class='ocrx_word' id='word_1_105' title='bbox 629 333 764 366; x_wconf 74' lang='lat' dir='ltr'>vocamus)</span> <span class='ocrx_word' id='word_1_106' title='bbox 783 342 837 358; x_wconf 90' lang='lat' dir='ltr'>non</span> <span class='ocrx_word' id='word_1_107' title='bbox 857 334 1076 368; x_wconf 88' lang='lat' dir='ltr'>comparatiuum.</span> <span class='ocrx_word' id='word_1_108' title='bbox 1101 338 1114 366; x_wconf 79' lang='grc' dir='ltr'><em>ς</em></span> <span class='ocrx_word' id='word_1_109' title='bbox 1141 330 1245 366; x_wconf 60' lang='lat' dir='ltr'>referri·</span> <span class='ocrx_word' id='word_1_110' title='bbox 1306 332 1387 358; x_wconf 82' lang='lat' dir='ltr'>Ouid.</span> <span class='ocrx_word' id='word_1_111' title='bbox 1402 334 1466 358; x_wconf 81' lang='lat' dir='ltr'>Met.</span> <span class='ocrx_word' id='word_1_112' title='bbox 1480 342 1506 365; x_wconf 81' lang='lat'>9,</span> <span class='ocrx_word' id='word_1_113' title='bbox 1520 342 1563 366; x_wconf 75' lang='lat'>503</span> <span class='ocrx_word' id='word_1_114' title='bbox 1590 337 1711 368; x_wconf 78' lang='lat' dir='ltr'>l&#39;ercam,</span> <span class='ocrx_word' id='word_1_115' title='bbox 1732 347 1842 372; x_wconf 86' lang='lat' dir='ltr'>precor,</span> <span class='ocrx_word' id='word_1_116' title='bbox 1861 344 1936 370; x_wconf 87' lang='lat' dir='ltr'>ante,</span> <span class='ocrx_word' id='word_1_117' title='bbox 1952 346 2066 373; x_wconf 80' lang='lat' dir='ltr'>toroque</span> <span class='ocrx_word' id='word_1_118' title='bbox 2081 342 2187 368; x_wconf 81' lang='lat' dir='ltr'>Mortua</span> 
     </span>
     <span class='ocr_line' id='line_1_7' title="bbox 22 366 2186 411; baseline 0 -10"><span class='ocrx_word' id='word_1_119' title='bbox 22 389 23 392; x_wconf 67' lang='lat'><em>=</em></span> <span class='ocrx_word' id='word_1_120' title='bbox 40 375 136 411; x_wconf 78' lang='lat' dir='ltr'>Etfizne</span> <span class='ocrx_word' id='word_1_121' title='bbox 150 374 306 408; x_wconf 82' lang='lat' dir='ltr'>Complures</span> <span class='ocrx_word' id='word_1_122' title='bbox 321 376 366 399; x_wconf 83' lang='lat' dir='ltr'>vix</span> <span class='ocrx_word' id='word_1_123' title='bbox 379 369 536 407; x_wconf 82' lang='lat' dir='ltr'>comparandi</span> <span class='ocrx_word' id='word_1_124' title='bbox 553 370 651 393; x_wconf 83' lang='lat' dir='ltr'>notione</span> <span class='ocrx_word' id='word_1_125' title='bbox 668 366 761 394; x_wconf 73' lang='lat' dir='ltr'>diH&#39;um</span> <span class='ocrx_word' id='word_1_126' title='bbox 774 372 889 404; x_wconf 67' lang='lat' dir='ltr'>reperies.</span> <span class='ocrx_word' id='word_1_127' title='bbox 959 369 1019 395; x_wconf 83' lang='lat' dir='ltr'>Liu-</span> <span class='ocrx_word' id='word_1_128' title='bbox 1035 377 1077 402; x_wconf 79' lang='lat'>43‚</span> <span class='ocrx_word' id='word_1_129' title='bbox 1141 367 1302 401; x_wconf 82' lang='lat' dir='ltr'>Componar,</span> <span class='ocrx_word' id='word_1_130' title='bbox 1311 368 1462 402; x_wconf 72' lang='lat' dir='ltr'>positaeque</span> <span class='ocrx_word' id='word_1_131' title='bbox 1477 369 1520 394; x_wconf 83' lang='lat' dir='ltr'>det</span> <span class='ocrx_word' id='word_1_132' title='bbox 1534 370 1617 396; x_wconf 82' lang='lat' dir='ltr'>escula</span> <span class='ocrx_word' id='word_1_133' title='bbox 1629 372 1718 398; x_wconf 75' lang='lat' dir='ltr'>frater.</span> <span class='ocrx_word' id='word_1_134' title='bbox 1768 375 1836 399; x_wconf 86' lang='lat' dir='ltr'>Tac.</span> <span class='ocrx_word' id='word_1_135' title='bbox 1852 375 1940 408; x_wconf 81' lang='lat' dir='ltr'>Agric.</span> <span class='ocrx_word' id='word_1_136' title='bbox 1954 382 1987 407; x_wconf 76' lang='lat'>43</span> <span class='ocrx_word' id='word_1_137' title='bbox 2014 375 2186 403; x_wconf 75' lang='lat' dir='ltr'>Paucioribus</span> 
     </span>
    </p>
   </div>
   <div class='ocr_carea' id='block_1_3' title="bbox 22 399 2188 551">
    <p class='ocr_par' dir='ltr' id='par_1_3' title="bbox 22 399 2188 480">
     <span class='ocr_line' id='line_1_8' title="bbox 22 399 2188 449; baseline 0.001 -15"><span class='ocrx_word' id='word_1_138' title='bbox 22 399 24 449; x_wconf 58' lang='grc' dir='ltr'>Ῑ,</span> <span class='ocrx_word' id='word_1_139' title='bbox 43 418 65 444; x_wconf 78' lang='lat'>¹5</span> <span class='ocrx_word' id='word_1_140' title='bbox 86 411 205 443; x_wconf 83' lang='lat' dir='ltr'>Anguem</span> <span class='ocrx_word' id='word_1_141' title='bbox 219 409 339 436; x_wconf 86' lang='lat' dir='ltr'>iubatum</span> <span class='ocrx_word' id='word_1_142' title='bbox 353 416 368 434; x_wconf 82' lang='lat' dir='ltr'>a</span> <span class='ocrx_word' id='word_1_143' title='bbox 381 404 559 441; x_wconf 76' lang='lat' dir='ltr'>compluribus</span> <span class='ocrx_word' id='word_1_144' title='bbox 573 403 659 429; x_wconf 88' lang='lat' dir='ltr'>visum</span> <span class='ocrx_word' id='word_1_145' title='bbox 675 404 730 430; x_wconf 81' lang='lat' dir='ltr'>csse.</span> <span class='ocrx_word' id='word_1_146' title='bbox 803 405 874 430; x_wconf 82' lang='lat' dir='ltr'>Caes.</span> <span class='ocrx_word' id='word_1_147' title='bbox 888 405 952 431; x_wconf 81' lang='lat' dir='ltr'>Bell.</span> <span class='ocrx_word' id='word_1_148' title='bbox 968 404 1036 430; x_wconf 83' lang='lat' dir='ltr'>Gall.</span> <span class='ocrx_word' id='word_1_149' title='bbox 1052 410 1076 436; x_wconf 85' lang='lat'>8,</span> <span class='ocrx_word' id='word_1_150' title='bbox 1140 407 1228 441; x_wconf 80' lang='lat' dir='ltr'>tamen</span> <span class='ocrx_word' id='word_1_151' title='bbox 1240 403 1358 429; x_wconf 79' lang='lat' dir='ltr'>lacrimis</span> <span class='ocrx_word' id='word_1_152' title='bbox 1372 403 1531 438; x_wconf 79' lang='lat' dir='ltr'>compolitus</span> <span class='ocrx_word' id='word_1_153' title='bbox 1543 413 1579 437; x_wconf 85' lang='lat' dir='ltr'>cs,</span> <span class='ocrx_word' id='word_1_154' title='bbox 1594 412 1619 431; x_wconf 85' lang='lat' dir='ltr'>ct</span> <span class='ocrx_word' id='word_1_155' title='bbox 1633 408 1769 434; x_wconf 79' lang='lat' dir='ltr'>nouissima</span> <span class='ocrx_word' id='word_1_156' title='bbox 1782 410 1809 435; x_wconf 88' lang='lat' dir='ltr'>in</span> <span class='ocrx_word' id='word_1_157' title='bbox 1823 410 1880 435; x_wconf 87' lang='lat' dir='ltr'>luce</span> <span class='ocrx_word' id='word_1_158' title='bbox 1894 410 2073 436; x_wconf 79' lang='lat' dir='ltr'>desiderauerc</span> <span class='ocrx_word' id='word_1_159' title='bbox 2086 411 2188 444; x_wconf 85' lang='lat' dir='ltr'>aliquid</span> 
     </span>
     <span class='ocr_line' id='line_1_9' title="bbox 23 437 2187 480; baseline 0.002 -13"><span class='ocrx_word' id='word_1_160' title='bbox 23 451 24 467; x_wconf 69' lang='lat' dir='ltr'>l</span> <span class='ocrx_word' id='word_1_161' title='bbox 39 451 71 480; x_wconf 72' lang='lat'>43</span> <span class='ocrx_word' id='word_1_162' title='bbox 92 445 172 479; x_wconf 75' lang='lat' dir='ltr'>de</span> <span class='ocrx_word' id='word_1_163' title='bbox 189 445 237 472; x_wconf 80' lang='lat' dir='ltr'>vbi</span> <span class='ocrx_word' id='word_1_164' title='bbox 253 444 364 475; x_wconf 75' lang='lat' dir='ltr'>accidit,</span> <span class='ocrx_word' id='word_1_165' title='bbox 384 441 529 475; x_wconf 82' lang='lat' dir='ltr'>complures</span> <span class='ocrx_word' id='word_1_166' title='bbox 549 438 664 466; x_wconf 84' lang='lat' dir='ltr'>hostium</span> <span class='ocrx_word' id='word_1_167' title='bbox 686 448 781 474; x_wconf 83' lang='lat' dir='ltr'>magno</span> <span class='ocrx_word' id='word_1_168' title='bbox 803 440 954 467; x_wconf 79' lang='lat' dir='ltr'>nostrorum</span> <span class='ocrx_word' id='word_1_169' title='bbox 974 440 1075 473; x_wconf 86' lang='lat' dir='ltr'>inipetu</span> <span class='ocrx_word' id='word_1_170' title='bbox 1141 437 1214 463; x_wconf 84' lang='lat' dir='ltr'>oculi</span> <span class='ocrx_word' id='word_1_171' title='bbox 1227 438 1274 463; x_wconf 86' lang='lat' dir='ltr'>tui.</span> <span class='ocrx_word' id='word_1_172' title='bbox 1348 440 1473 466; x_wconf 83' lang='lat' dir='ltr'>Pulninar</span> <span class='ocrx_word' id='word_1_173' title='bbox 1486 440 1566 466; x_wconf 88' lang='lat' dir='ltr'>Ouid.</span> <span class='ocrx_word' id='word_1_174' title='bbox 1582 440 1613 466; x_wconf 83' lang='lat' dir='ltr'>de</span> <span class='ocrx_word' id='word_1_175' title='bbox 1626 442 1689 467; x_wconf 83' lang='lat' dir='ltr'>Arte</span> <span class='ocrx_word' id='word_1_176' title='bbox 1705 445 1762 469; x_wconf 87' lang='lat' dir='ltr'>Am.</span> <span class='ocrx_word' id='word_1_177' title='bbox 1783 453 1805 475; x_wconf 84' lang='lat'>1,</span> <span class='ocrx_word' id='word_1_178' title='bbox 1826 447 1880 472; x_wconf 85' lang='lat'>160.</span> <span class='ocrx_word' id='word_1_179' title='bbox 1951 445 2050 472; x_wconf 76' lang='lat' dir='ltr'>Sallust.</span> <span class='ocrx_word' id='word_1_180' title='bbox 2067 446 2095 471; x_wconf 87' lang='lat' dir='ltr'>in</span> <span class='ocrx_word' id='word_1_181' title='bbox 2109 446 2187 480; x_wconf 74' lang='lat' dir='ltr'>Epist.</span> 
     </span>
    </p>

    <p class='ocr_par' dir='ltr' id='par_1_4' title="bbox 22 472 2188 551">
     <span class='ocr_line' id='line_1_10' title="bbox 38 472 2188 516; baseline 0 -9"><span class='ocrx_word' id='word_1_182' title='bbox 38 481 101 516; x_wconf 86' lang='lat' dir='ltr'>pulsi</span> <span class='ocrx_word' id='word_1_183' title='bbox 117 481 295 507; x_wconf 73' lang='lat' dir='ltr'>vulnerantur.</span> <span class='ocrx_word' id='word_1_184' title='bbox 344 479 399 505; x_wconf 90' lang='lat' dir='ltr'>Cic.</span> <span class='ocrx_word' id='word_1_185' title='bbox 413 478 486 504; x_wconf 87' lang='lat' dir='ltr'>Verr.</span> <span class='ocrx_word' id='word_1_186' title='bbox 502 483 527 506; x_wconf 92' lang='lat'>2,</span> <span class='ocrx_word' id='word_1_187' title='bbox 542 482 578 508; x_wconf 80' lang='lat'>47</span> <span class='ocrx_word' id='word_1_188' title='bbox 602 475 730 502; x_wconf 72' lang='lat' dir='ltr'>Dicebant</span> <span class='ocrx_word' id='word_1_189' title='bbox 745 475 900 510; x_wconf 73' lang='lat' dir='ltr'>scyphorum</span> <span class='ocrx_word' id='word_1_190' title='bbox 917 476 989 509; x_wconf 85' lang='lat' dir='ltr'>paria</span> <span class='ocrx_word' id='word_1_191' title='bbox 1004 484 1075 501; x_wconf 70' lang='lat' dir='ltr'>com-</span> <span class='ocrx_word' id='word_1_192' title='bbox 1141 472 1307 499; x_wconf 86' lang='lat' dir='ltr'>Mithridatis</span> <span class='ocrx_word' id='word_1_193' title='bbox 1322 475 1354 501; x_wconf 89' lang='lat' dir='ltr'>ad</span> <span class='ocrx_word' id='word_1_194' title='bbox 1367 476 1504 507; x_wconf 77' lang='lat' dir='ltr'>Arsacem,</span> <span class='ocrx_word' id='word_1_195' title='bbox 1517 476 1571 509; x_wconf 77' lang='lat' dir='ltr'>Ego</span> <span class='ocrx_word' id='word_1_196' title='bbox 1586 484 1640 501; x_wconf 86' lang='lat' dir='ltr'>non</span> <span class='ocrx_word' id='word_1_197' title='bbox 1653 478 1821 505; x_wconf 78' lang='lat' dir='ltr'>validissinuis</span> <span class='ocrx_word' id='word_1_198' title='bbox 1833 480 1948 514; x_wconf 76' lang='lat' dir='ltr'>praebeo</span> <span class='ocrx_word' id='word_1_199' title='bbox 1961 481 2120 516; x_wconf 71' lang='lat' dir='ltr'>exemplum,</span> <span class='ocrx_word' id='word_1_200' title='bbox 2134 490 2188 516; x_wconf 92' lang='lat' dir='ltr'>quo</span> 
     </span>
     <span class='ocr_line' id='line_1_11' title="bbox 22 508 2188 551; baseline 0 -8"><span class='ocrx_word' id='word_1_201' title='bbox 22 522 24 526; x_wconf 91' lang='grc'><strong>’</strong></span> <span class='ocrx_word' id='word_1_202' title='bbox 38 516 140 551; x_wconf 86' lang='lat' dir='ltr'>pluria,</span> <span class='ocrx_word' id='word_1_203' title='bbox 159 516 264 549; x_wconf 79' lang='lat' dir='ltr'>hydrias</span> <span class='ocrx_word' id='word_1_204' title='bbox 277 519 417 549; x_wconf 84' lang='lat' dir='ltr'>argenteas.</span> <span class='ocrx_word' id='word_1_205' title='bbox 461 510 615 545; x_wconf 83' lang='lat' dir='ltr'>Complures</span> <span class='ocrx_word' id='word_1_206' title='bbox 629 511 736 537; x_wconf 87' lang='lat' dir='ltr'>Graecis</span> <span class='ocrx_word' id='word_1_207' title='bbox 750 511 960 537; x_wconf 80' lang='lat' dir='ltr'>institutionibus</span> <span class='ocrx_word' id='word_1_208' title='bbox 975 510 1076 538; x_wconf 84' lang='lat' dir='ltr'>eruditi</span> <span class='ocrx_word' id='word_1_209' title='bbox 1102 508 1240 537; x_wconf 57' lang='lat' dir='ltr'>ioreffiius</span> <span class='ocrx_word' id='word_1_210' title='bbox 1254 515 1298 535; x_wconf 89' lang='lat' dir='ltr'>tua</span> <span class='ocrx_word' id='word_1_211' title='bbox 1312 519 1470 544; x_wconf 81' lang='lat' dir='ltr'>componas,</span> <span class='ocrx_word' id='word_1_212' title='bbox 1491 514 1509 536; x_wconf 84' lang='lat' dir='ltr'>i.</span> <span class='ocrx_word' id='word_1_213' title='bbox 1523 511 1630 537; x_wconf 73' lang='lat' dir='ltr'>ordines.</span> <span class='ocrx_word' id='word_1_214' title='bbox 1702 514 1743 539; x_wconf 70' lang='lat' dir='ltr'>sic</span> <span class='ocrx_word' id='word_1_215' title='bbox 1761 515 1960 549; x_wconf 79' lang='lat' dir='ltr'>Rcmpublicam</span> <span class='ocrx_word' id='word_1_216' title='bbox 1981 525 2141 551; x_wconf 83' lang='lat' dir='ltr'>componere</span> <span class='ocrx_word' id='word_1_217' title='bbox 2162 523 2188 543; x_wconf 91' lang='lat' dir='ltr'>et</span> 
     </span>
    </p>
   </div>
   <div class='ocr_carea' id='block_1_4' title="bbox 16 543 2190 729">
    <p class='ocr_par' dir='ltr' id='par_1_5' title="bbox 16 543 2190 729">
     <span class='ocr_line' id='line_1_12' title="bbox 22 543 2188 587; baseline -0.003 -12"><span class='ocrx_word' id='word_1_218' title='bbox 22 550 75 580; x_wconf 53' lang='lat' dir='ltr'>ild,</span> <span class='ocrx_word' id='word_1_219' title='bbox 89 552 120 579; x_wconf 74' lang='lat' dir='ltr'>de</span> <span class='ocrx_word' id='word_1_220' title='bbox 135 553 197 579; x_wconf 70' lang='lat' dir='ltr'>Nat,</span> <span class='ocrx_word' id='word_1_221' title='bbox 214 553 291 578; x_wconf 72' lang='lat' dir='ltr'>Deor,</span> <span class='ocrx_word' id='word_1_222' title='bbox 305 559 324 581; x_wconf 87' lang='lat'>1,</span> <span class='ocrx_word' id='word_1_223' title='bbox 338 554 359 579; x_wconf 76' lang='lat'>8.</span> <span class='ocrx_word' id='word_1_224' title='bbox 397 575 401 577; x_wconf 48' lang='lat'>.</span> <span class='ocrx_word' id='word_1_225' title='bbox 430 546 585 580; x_wconf 83' lang='lat' dir='ltr'>Complures</span> <span class='ocrx_word' id='word_1_226' title='bbox 598 547 646 572; x_wconf 85' lang='lat' dir='ltr'>alii</span> <span class='ocrx_word' id='word_1_227' title='bbox 660 547 726 573; x_wconf 88' lang='lat' dir='ltr'>Hor.</span> <span class='ocrx_word' id='word_1_228' title='bbox 740 547 821 573; x_wconf 87' lang='lat' dir='ltr'>Serm.</span> <span class='ocrx_word' id='word_1_229' title='bbox 837 555 858 579; x_wconf 87' lang='lat'>1,</span> <span class='ocrx_word' id='word_1_230' title='bbox 872 555 910 579; x_wconf 92' lang='lat'>10,</span> <span class='ocrx_word' id='word_1_231' title='bbox 926 551 966 581; x_wconf 86' lang='lat'>87.</span> <span class='ocrx_word' id='word_1_232' title='bbox 1004 547 1074 572; x_wconf 84' lang='lat' dir='ltr'>Con-</span> <span class='ocrx_word' id='word_1_233' title='bbox 1141 543 1314 576; x_wconf 85' lang='lat' dir='ltr'>constituere,</span> <span class='ocrx_word' id='word_1_234' title='bbox 1336 546 1511 578; x_wconf 62' lang='grc' dir='ltr'><strong>[συν-πρέπειν,</strong></span> <span class='ocrx_word' id='word_1_235' title='bbox 1530 549 1712 581; x_wconf 70' lang='grc' dir='ltr'>κατακοσμεῖν]</span> <span class='ocrx_word' id='word_1_236' title='bbox 1750 550 1806 575; x_wconf 85' lang='lat' dir='ltr'>Cic.</span> <span class='ocrx_word' id='word_1_237' title='bbox 1822 553 1854 576; x_wconf 80' lang='lat' dir='ltr'>de</span> <span class='ocrx_word' id='word_1_238' title='bbox 1869 552 1960 586; x_wconf 83' lang='lat' dir='ltr'>Legib.</span> <span class='ocrx_word' id='word_1_239' title='bbox 1972 561 2000 585; x_wconf 80' lang='lat'>3,</span> <span class='ocrx_word' id='word_1_240' title='bbox 2014 562 2057 586; x_wconf 76' lang='lat'>42,</span> <span class='ocrx_word' id='word_1_241' title='bbox 2113 553 2188 587; x_wconf 45' lang='grc' dir='ltr'>γῆς.</span> 
     </span>
     <span class='ocr_line' id='line_1_13' title="bbox 37 580 2190 623; baseline -0 -8"><span class='ocrx_word' id='word_1_242' title='bbox 37 587 103 614; x_wconf 88' lang='lat' dir='ltr'>sulcs</span> <span class='ocrx_word' id='word_1_243' title='bbox 123 588 268 622; x_wconf 89' lang='lat' dir='ltr'>complures</span> <span class='ocrx_word' id='word_1_244' title='bbox 290 586 318 612; x_wconf 93' lang='lat' dir='ltr'>in</span> <span class='ocrx_word' id='word_1_245' title='bbox 335 582 532 619; x_wconf 80' lang='lat' dir='ltr'>perturbatione</span> <span class='ocrx_word' id='word_1_246' title='bbox 551 582 674 616; x_wconf 85' lang='lat' dir='ltr'>Reipubl.</span> <span class='ocrx_word' id='word_1_247' title='bbox 696 583 752 609; x_wconf 86' lang='lat' dir='ltr'>Cic.</span> <span class='ocrx_word' id='word_1_248' title='bbox 768 584 839 609; x_wconf 89' lang='lat' dir='ltr'>Fam.</span> <span class='ocrx_word' id='word_1_249' title='bbox 853 591 897 615; x_wconf 89' lang='lat' dir='ltr'>io,</span> <span class='ocrx_word' id='word_1_250' title='bbox 917 585 942 609; x_wconf 92' lang='lat'>6.</span> <span class='ocrx_word' id='word_1_251' title='bbox 1012 582 1074 608; x_wconf 91' lang='lat' dir='ltr'>Dies</span> <span class='ocrx_word' id='word_1_252' title='bbox 1142 580 1240 613; x_wconf 72' lang='lat' dir='ltr'>Georg-</span> <span class='ocrx_word' id='word_1_253' title='bbox 1254 589 1281 614; x_wconf 84' lang='lat'>4,</span> <span class='ocrx_word' id='word_1_254' title='bbox 1298 586 1341 613; x_wconf 75' lang='lat'>189</span> <span class='ocrx_word' id='word_1_255' title='bbox 1367 581 1490 616; x_wconf 73' lang='lat' dir='ltr'>slejomno</span> <span class='ocrx_word' id='word_1_256' title='bbox 1505 590 1591 617; x_wconf 76' lang='lat' dir='ltr'>apum,</span> <span class='ocrx_word' id='word_1_257' title='bbox 1610 582 1666 608; x_wconf 82' lang='lat' dir='ltr'>Post</span> <span class='ocrx_word' id='word_1_258' title='bbox 1686 584 1733 609; x_wconf 78' lang='lat' dir='ltr'>vbi</span> <span class='ocrx_word' id='word_1_259' title='bbox 1753 585 1805 610; x_wconf 86' lang='lat' dir='ltr'>iam</span> <span class='ocrx_word' id='word_1_260' title='bbox 1823 585 1943 613; x_wconf 76' lang='lat' dir='ltr'>thalamis</span> <span class='ocrx_word' id='word_1_261' title='bbox 1959 588 1983 613; x_wconf 85' lang='lat' dir='ltr'>sc</span> <span class='ocrx_word' id='word_1_262' title='bbox 2004 589 2190 623; x_wconf 77' lang='lat' dir='ltr'>composuere:</span> 
     </span>
     <span class='ocr_line' id='line_1_14' title="bbox 37 614 2190 659; baseline 0 -9"><span class='ocrx_word' id='word_1_263' title='bbox 37 623 184 657; x_wconf 85' lang='lat' dir='ltr'>complures</span> <span class='ocrx_word' id='word_1_264' title='bbox 197 632 256 649; x_wconf 89' lang='lat' dir='ltr'>cum</span> <span class='ocrx_word' id='word_1_265' title='bbox 269 622 359 655; x_wconf 86' lang='lat' dir='ltr'>aliquo</span> <span class='ocrx_word' id='word_1_266' title='bbox 370 619 469 645; x_wconf 84' lang='lat' dir='ltr'>versari</span> <span class='ocrx_word' id='word_1_267' title='bbox 484 618 521 644; x_wconf 89' lang='lat' dir='ltr'>Id.</span> <span class='ocrx_word' id='word_1_268' title='bbox 537 618 607 644; x_wconf 82' lang='lat' dir='ltr'>Fam.</span> <span class='ocrx_word' id='word_1_269' title='bbox 617 626 642 650; x_wconf 87' lang='lat'>2,</span> <span class='ocrx_word' id='word_1_270' title='bbox 651 623 673 648; x_wconf 88' lang='lat'>8.</span> <span class='ocrx_word' id='word_1_271' title='bbox 730 618 926 653; x_wconf 83' lang='lat' dir='ltr'>Ambiguorum</span> <span class='ocrx_word' id='word_1_272' title='bbox 939 618 1076 652; x_wconf 88' lang='lat' dir='ltr'>complura</span> <span class='ocrx_word' id='word_1_273' title='bbox 1141 614 1236 655; x_wconf 83' lang='lat' dir='ltr'>siletur¹</span> <span class='ocrx_word' id='word_1_274' title='bbox 1267 617 1298 655; x_wconf 67' lang='lat' dir='ltr'>in</span> <span class='ocrx_word' id='word_1_275' title='bbox 1312 616 1428 642; x_wconf 67' lang='lat' dir='ltr'>noelem.</span> <span class='ocrx_word' id='word_1_276' title='bbox 1484 618 1531 644; x_wconf 86' lang='lat' dir='ltr'>Sed</span> <span class='ocrx_word' id='word_1_277' title='bbox 1546 618 1575 643; x_wconf 83' lang='lat' dir='ltr'>de</span> <span class='ocrx_word' id='word_1_278' title='bbox 1596 618 1710 644; x_wconf 69' lang='lat' dir='ltr'>accubitu</span> <span class='ocrx_word' id='word_1_279' title='bbox 1731 620 1764 645; x_wconf 79' lang='lat' dir='ltr'>ad</span> <span class='ocrx_word' id='word_1_280' title='bbox 1782 623 1884 655; x_wconf 63' lang='lat' dir='ltr'>mensam</span> <span class='ocrx_word' id='word_1_281' title='bbox 1904 623 1998 657; x_wconf 78' lang='lat' dir='ltr'>Virgil.</span> <span class='ocrx_word' id='word_1_282' title='bbox 2014 625 2077 650; x_wconf 83' lang='lat' dir='ltr'>Aen.</span> <span class='ocrx_word' id='word_1_283' title='bbox 2091 633 2116 657; x_wconf 84' lang='lat' dir='ltr'>i,</span> <span class='ocrx_word' id='word_1_284' title='bbox 2137 632 2190 659; x_wconf 84' lang='lat'>702</span> 
     </span>
     <span class='ocr_line' id='line_1_15' title="bbox 16 651 2190 695; baseline 0 -9"><span class='ocrx_word' id='word_1_285' title='bbox 16 678 19 686; x_wconf 45' lang='lat'>1</span> <span class='ocrx_word' id='word_1_286' title='bbox 38 659 139 685; x_wconf 80' lang='lat' dir='ltr'>Genera</span> <span class='ocrx_word' id='word_1_287' title='bbox 153 659 211 685; x_wconf 87' lang='lat' dir='ltr'>sunt</span> <span class='ocrx_word' id='word_1_288' title='bbox 228 657 283 684; x_wconf 91' lang='lat' dir='ltr'>Cic.</span> <span class='ocrx_word' id='word_1_289' title='bbox 295 656 326 682; x_wconf 88' lang='lat' dir='ltr'>de</span> <span class='ocrx_word' id='word_1_290' title='bbox 338 655 411 681; x_wconf 87' lang='lat' dir='ltr'>Orat.</span> <span class='ocrx_word' id='word_1_291' title='bbox 426 663 438 680; x_wconf 82' lang='lat'><em>2</em></span> <span class='ocrx_word' id='word_1_292' title='bbox 458 663 479 680; x_wconf 93' lang='lat' dir='ltr'>c.</span> <span class='ocrx_word' id='word_1_293' title='bbox 496 656 537 680; x_wconf 81' lang='lat'>26.</span> <span class='ocrx_word' id='word_1_294' title='bbox 584 653 652 681; x_wconf 72' lang='lat' dir='ltr'>Adii.</span> <span class='ocrx_word' id='word_1_295' title='bbox 669 654 738 688; x_wconf 83' lang='lat' dir='ltr'>Nep.</span> <span class='ocrx_word' id='word_1_296' title='bbox 752 662 787 686; x_wconf 82' lang='grc'>13,</span> <span class='ocrx_word' id='word_1_297' title='bbox 800 663 828 687; x_wconf 85' lang='grc'>4,</span> <span class='ocrx_word' id='word_1_298' title='bbox 842 663 866 680; x_wconf 89' lang='lat'>2.</span> <span class='ocrx_word' id='word_1_299' title='bbox 937 654 1075 680; x_wconf 76' lang='lat' dir='ltr'>Tonsores</span> <span class='ocrx_word' id='word_1_300' title='bbox 1143 651 1251 677; x_wconf 88' lang='lat' dir='ltr'>Aulaeis</span> <span class='ocrx_word' id='word_1_301' title='bbox 1264 660 1317 678; x_wconf 85' lang='lat' dir='ltr'>iam</span> <span class='ocrx_word' id='word_1_302' title='bbox 1333 653 1359 677; x_wconf 89' lang='lat' dir='ltr'>sc</span> <span class='ocrx_word' id='word_1_303' title='bbox 1372 653 1464 686; x_wconf 76' lang='lat' dir='ltr'>regina</span> <span class='ocrx_word' id='word_1_304' title='bbox 1478 653 1597 687; x_wconf 80' lang='lat' dir='ltr'>superbis</span> <span class='ocrx_word' id='word_1_305' title='bbox 1633 655 1719 680; x_wconf 79' lang='lat' dir='ltr'>Aurea</span> <span class='ocrx_word' id='word_1_306' title='bbox 1734 657 1881 688; x_wconf 79' lang='lat' dir='ltr'>composuit</span> <span class='ocrx_word' id='word_1_307' title='bbox 1897 659 2002 691; x_wconf 83' lang='lat' dir='ltr'>sponda,</span> <span class='ocrx_word' id='word_1_308' title='bbox 2021 661 2190 695; x_wconf 80' lang='lat' dir='ltr'>mediamque</span> 
     </span>
     <span class='ocr_line' id='line_1_16' title="bbox 16 686 2189 729; baseline -0 -7"><span class='ocrx_word' id='word_1_309' title='bbox 16 712 19 722; x_wconf 67' lang='lat'>.=</span> <span class='ocrx_word' id='word_1_310' title='bbox 36 693 111 720; x_wconf 77' lang='lat' dir='ltr'>simul</span> <span class='ocrx_word' id='word_1_311' title='bbox 127 694 272 729; x_wconf 87' lang='lat' dir='ltr'>complures</span> <span class='ocrx_word' id='word_1_312' title='bbox 288 691 393 717; x_wconf 88' lang='lat' dir='ltr'>Sueton.</span> <span class='ocrx_word' id='word_1_313' title='bbox 407 691 473 725; x_wconf 84' lang='lat' dir='ltr'>Aug.</span> <span class='ocrx_word' id='word_1_314' title='bbox 488 695 528 724; x_wconf 77' lang='lat'>78.</span> <span class='ocrx_word' id='word_1_315' title='bbox 602 689 714 716; x_wconf 79' lang='lat' dir='ltr'>Vulcani</span> <span class='ocrx_word' id='word_1_316' title='bbox 734 690 881 724; x_wconf 84' lang='lat' dir='ltr'>complures</span> <span class='ocrx_word' id='word_1_317' title='bbox 898 690 954 717; x_wconf 86' lang='lat' dir='ltr'>Cic.</span> <span class='ocrx_word' id='word_1_318' title='bbox 968 690 1000 716; x_wconf 87' lang='lat' dir='ltr'>de</span> <span class='ocrx_word' id='word_1_319' title='bbox 1012 690 1076 716; x_wconf 86' lang='lat' dir='ltr'>Nat.</span> <span class='ocrx_word' id='word_1_320' title='bbox 1087 699 1112 726; x_wconf 78' lang='lat'>¹3</span> <span class='ocrx_word' id='word_1_321' title='bbox 1141 686 1250 713; x_wconf 77' lang='lat' dir='ltr'>locauit.</span> <span class='ocrx_word' id='word_1_322' title='bbox 1322 688 1353 714; x_wconf 82' lang='lat' dir='ltr'>Se</span> <span class='ocrx_word' id='word_1_323' title='bbox 1366 696 1528 721; x_wconf 80' lang='lat' dir='ltr'>componere</span> <span class='ocrx_word' id='word_1_324' title='bbox 1541 689 1638 719; x_wconf 82' lang='lat' dir='ltr'>alicui,</span> <span class='ocrx_word' id='word_1_325' title='bbox 1679 692 1698 715; x_wconf 88' lang='lat' dir='ltr'>i.</span> <span class='ocrx_word' id='word_1_326' title='bbox 1726 699 1779 715; x_wconf 83' lang='lat' dir='ltr'>cum</span> <span class='ocrx_word' id='word_1_327' title='bbox 1793 693 1836 716; x_wconf 87' lang='lat' dir='ltr'>illo</span> <span class='ocrx_word' id='word_1_328' title='bbox 1850 693 1967 728; x_wconf 68' lang='lat' dir='ltr'>congredi</span> <span class='ocrx_word' id='word_1_329' title='bbox 1985 695 2029 720; x_wconf 78' lang='lat' dir='ltr'>Sil.</span> <span class='ocrx_word' id='word_1_330' title='bbox 2047 704 2084 729; x_wconf 84' lang='lat'>¹7·</span> <span class='ocrx_word' id='word_1_331' title='bbox 2156 696 2189 721; x_wconf 87' lang='lat' dir='ltr'>Se</span> 
     </span>
    </p>
   </div>
   <div class='ocr_carea' id='block_1_5' title="bbox 17 723 2191 835">
    <p class='ocr_par' dir='ltr' id='par_1_6' title="bbox 17 723 2191 835">
     <span class='ocr_line' id='line_1_17' title="bbox 37 723 2190 764; baseline 0 -8"><span class='ocrx_word' id='word_1_332' title='bbox 37 730 115 756; x_wconf 86' lang='lat' dir='ltr'>neor.</span> <span class='ocrx_word' id='word_1_333' title='bbox 130 738 152 762; x_wconf 86' lang='lat'>3,</span> <span class='ocrx_word' id='word_1_334' title='bbox 166 738 202 763; x_wconf 74' lang='lat'>55.</span> <span class='ocrx_word' id='word_1_335' title='bbox 271 726 338 753; x_wconf 84' lang='lat' dir='ltr'>Ter.</span> <span class='ocrx_word' id='word_1_336' title='bbox 352 726 457 752; x_wconf 87' lang='lat' dir='ltr'>Phorm.</span> <span class='ocrx_word' id='word_1_337' title='bbox 470 736 498 760; x_wconf 88' lang='lat'>4,</span> <span class='ocrx_word' id='word_1_338' title='bbox 512 734 534 757; x_wconf 97' lang='grc'>3,</span> <span class='ocrx_word' id='word_1_339' title='bbox 547 727 564 751; x_wconf 91' lang='lat'>6</span> <span class='ocrx_word' id='word_1_340' title='bbox 584 725 665 751; x_wconf 87' lang='lat' dir='ltr'>Noua</span> <span class='ocrx_word' id='word_1_341' title='bbox 678 725 721 751; x_wconf 90' lang='lat' dir='ltr'>hic</span> <span class='ocrx_word' id='word_1_342' title='bbox 734 725 888 759; x_wconf 89' lang='lat' dir='ltr'>compluria.</span> <span class='ocrx_word' id='word_1_343' title='bbox 930 725 978 751; x_wconf 77' lang='lat' dir='ltr'>Vbi</span> <span class='ocrx_word' id='word_1_344' title='bbox 991 726 1077 751; x_wconf 87' lang='lat' dir='ltr'>Dona·</span> <span class='ocrx_word' id='word_1_345' title='bbox 1143 731 1302 757; x_wconf 88' lang='lat' dir='ltr'>componere</span> <span class='ocrx_word' id='word_1_346' title='bbox 1316 723 1347 764; x_wconf 66' lang='lat' dir='ltr'>iti</span> <span class='ocrx_word' id='word_1_347' title='bbox 1356 723 1420 750; x_wconf 86' lang='lat' dir='ltr'>villa</span> <span class='ocrx_word' id='word_1_348' title='bbox 1435 723 1502 749; x_wconf 82' lang='lat' dir='ltr'>Plin.</span> <span class='ocrx_word' id='word_1_349' title='bbox 1510 724 1588 757; x_wconf 83' lang='lat' dir='ltr'>Epist.</span> <span class='ocrx_word' id='word_1_350' title='bbox 1598 734 1617 756; x_wconf 78' lang='grc' dir='ltr'><strong>ς,</strong></span> <span class='ocrx_word' id='word_1_351' title='bbox 1626 730 1660 757; x_wconf 77' lang='grc'>13,</span> <span class='ocrx_word' id='word_1_352' title='bbox 1672 733 1690 750; x_wconf 92' lang='grc' dir='ltr'>ι.</span> <span class='ocrx_word' id='word_1_353' title='bbox 1711 725 1744 750; x_wconf 80' lang='lat' dir='ltr'>cd</span> <span class='ocrx_word' id='word_1_354' title='bbox 1756 729 1836 751; x_wconf 71' lang='lat' dir='ltr'>vitam</span> <span class='ocrx_word' id='word_1_355' title='bbox 1844 731 1972 761; x_wconf 70' lang='lat' dir='ltr'>priuatam</span> <span class='ocrx_word' id='word_1_356' title='bbox 1986 731 2074 756; x_wconf 64' lang='lat' dir='ltr'>rcdwr.</span> <span class='ocrx_word' id='word_1_357' title='bbox 2111 731 2190 764; x_wconf 80' lang='lat' dir='ltr'>Signa</span> 
     </span>
     <span class='ocr_line' id='line_1_18' title="bbox 23 759 2190 799; baseline -0.001 -7"><span class='ocrx_word' id='word_1_358' title='bbox 23 766 94 797; x_wconf 86' lang='lat' dir='ltr'>&#39;tus,</span> <span class='ocrx_word' id='word_1_359' title='bbox 110 764 254 791; x_wconf 83' lang='lat' dir='ltr'>Secundum</span> <span class='ocrx_word' id='word_1_360' title='bbox 272 761 388 797; x_wconf 85' lang='lat' dir='ltr'>regulam</span> <span class='ocrx_word' id='word_1_361' title='bbox 408 762 536 797; x_wconf 86' lang='lat' dir='ltr'>loquutus</span> <span class='ocrx_word' id='word_1_362' title='bbox 557 761 594 787; x_wconf 85' lang='lat' dir='ltr'>cst</span> <span class='ocrx_word' id='word_1_363' title='bbox 606 761 762 787; x_wconf 84' lang='lat' dir='ltr'>Terentius.</span> <span class='ocrx_word' id='word_1_364' title='bbox 798 769 858 787; x_wconf 86' lang='lat' dir='ltr'>nam</span> <span class='ocrx_word' id='word_1_365' title='bbox 879 761 924 786; x_wconf 81' lang='lat' dir='ltr'>hoc</span> <span class='ocrx_word' id='word_1_366' title='bbox 937 761 1074 796; x_wconf 74' lang='lat' dir='ltr'>Complure,</span> <span class='ocrx_word' id='word_1_367' title='bbox 1144 767 1302 793; x_wconf 86' lang='lat' dir='ltr'>componere</span> <span class='ocrx_word' id='word_1_368' title='bbox 1317 760 1373 786; x_wconf 83' lang='lat' dir='ltr'>Cic.</span> <span class='ocrx_word' id='word_1_369' title='bbox 1390 761 1443 786; x_wconf 87' lang='lat' dir='ltr'>Att.</span> <span class='ocrx_word' id='word_1_370' title='bbox 1456 769 1484 793; x_wconf 86' lang='lat'>4,</span> <span class='ocrx_word' id='word_1_371' title='bbox 1497 768 1524 793; x_wconf 84' lang='lat'>9.</span> <span class='ocrx_word' id='word_1_372' title='bbox 1544 759 1571 784; x_wconf 80' lang='lat' dir='ltr'>de</span> <span class='ocrx_word' id='word_1_373' title='bbox 1584 760 1680 791; x_wconf 66' lang='lat' dir='ltr'>,statuis</span> <span class='ocrx_word' id='word_1_374' title='bbox 1699 761 1855 787; x_wconf 76' lang='lat' dir='ltr'>ordinandis.</span> <span class='ocrx_word' id='word_1_375' title='bbox 1927 764 2042 799; x_wconf 75' lang='lat' dir='ltr'>Templa</span> <span class='ocrx_word' id='word_1_376' title='bbox 2061 766 2190 793; x_wconf 67' lang='lat' dir='ltr'>fratribus</span> 
     </span>
     <span class='ocr_line' id='line_1_19' title="bbox 17 795 2191 835; baseline 0.002 -15"><span class='ocrx_word' id='word_1_377' title='bbox 17 811 21 820; x_wconf 43' lang='grc' dir='ltr'>,ι</span> <span class='ocrx_word' id='word_1_378' title='bbox 35 805 62 827; x_wconf 63' lang='lat' dir='ltr'>et</span> <span class='ocrx_word' id='word_1_379' title='bbox 75 801 134 827; x_wconf 58' lang='lat' dir='ltr'>haec</span> <span class='ocrx_word' id='word_1_380' title='bbox 149 800 287 834; x_wconf 78' lang='lat' dir='ltr'>Compluria</span> <span class='ocrx_word' id='word_1_381' title='bbox 307 798 415 824; x_wconf 85' lang='lat' dir='ltr'>dicitur.</span> <span class='ocrx_word' id='word_1_382' title='bbox 470 798 511 823; x_wconf 85' lang='lat' dir='ltr'>Sic</span> <span class='ocrx_word' id='word_1_383' title='bbox 532 803 648 826; x_wconf 82' lang='lat' dir='ltr'>veteres,</span> <span class='ocrx_word' id='word_1_384' title='bbox 673 796 745 830; x_wconf 89' lang='lat' dir='ltr'>quod</span> <span class='ocrx_word' id='word_1_385' title='bbox 764 796 847 822; x_wconf 88' lang='lat' dir='ltr'>nostri</span> <span class='ocrx_word' id='word_1_386' title='bbox 871 796 958 822; x_wconf 82' lang='lat' dir='ltr'>demta</span> <span class='ocrx_word' id='word_1_387' title='bbox 980 796 1077 828; x_wconf 81' lang='lat' dir='ltr'>syllaba</span> <span class='ocrx_word' id='word_1_388' title='bbox 1143 795 1205 821; x_wconf 79' lang='lat' dir='ltr'>Deis</span> <span class='ocrx_word' id='word_1_389' title='bbox 1220 795 1315 822; x_wconf 83' lang='lat' dir='ltr'>fratres</span> <span class='ocrx_word' id='word_1_390' title='bbox 1328 796 1360 822; x_wconf 90' lang='lat' dir='ltr'>de</span> <span class='ocrx_word' id='word_1_391' title='bbox 1373 802 1448 830; x_wconf 83' lang='lat' dir='ltr'>gente</span> <span class='ocrx_word' id='word_1_392' title='bbox 1460 796 1581 822; x_wconf 79' lang='lat' dir='ltr'>Deorum</span> <span class='ocrx_word' id='word_1_393' title='bbox 1596 797 1767 828; x_wconf 80' lang='lat' dir='ltr'>composuere</span> <span class='ocrx_word' id='word_1_394' title='bbox 1805 797 1886 824; x_wconf 82' lang='lat' dir='ltr'>Ouid.</span> <span class='ocrx_word' id='word_1_395' title='bbox 1901 799 1964 825; x_wconf 70' lang='lat' dir='ltr'>Fau.</span> <span class='ocrx_word' id='word_1_396' title='bbox 1981 809 1999 832; x_wconf 87' lang='grc'>1,</span> <span class='ocrx_word' id='word_1_397' title='bbox 2014 809 2075 835; x_wconf 79' lang='lat'>707.</span> <span class='ocrx_word' id='word_1_398' title='bbox 2130 803 2191 828; x_wconf 80' lang='lat' dir='ltr'>To.</span> 
     </span>
    </p>
   </div>
   <div class='ocr_carea' id='block_1_6' title="bbox 17 830 2192 1014">
    <p class='ocr_par' dir='ltr' id='par_1_7' title="bbox 17 830 2192 1014">
     <span class='ocr_line' id='line_1_20' title="bbox 17 830 2190 872; baseline 0 -9"><span class='ocrx_word' id='word_1_399' title='bbox 17 832 25 864; x_wconf 52' lang='lat' dir='ltr'>f</span> <span class='ocrx_word' id='word_1_400' title='bbox 36 837 166 872; x_wconf 77' lang='lat' dir='ltr'>Complura</span> <span class='ocrx_word' id='word_1_401' title='bbox 186 835 284 861; x_wconf 86' lang='lat' dir='ltr'>dicunt.</span> <span class='ocrx_word' id='word_1_402' title='bbox 339 834 380 861; x_wconf 76' lang='lat' dir='ltr'>Sic</span> <span class='ocrx_word' id='word_1_403' title='bbox 393 834 460 860; x_wconf 88' lang='lat' dir='ltr'>Cato</span> <span class='ocrx_word' id='word_1_404' title='bbox 475 833 618 867; x_wconf 82' lang='lat' dir='ltr'>Originum</span> <span class='ocrx_word' id='word_1_405' title='bbox 636 831 766 863; x_wconf 84' lang='lat' dir='ltr'>secundo,</span> <span class='ocrx_word' id='word_1_406' title='bbox 788 833 856 858; x_wconf 71' lang='lat' dir='ltr'>Fizna</span> <span class='ocrx_word' id='word_1_407' title='bbox 874 832 918 858; x_wconf 77' lang='lat' dir='ltr'>hoc</span> <span class='ocrx_word' id='word_1_408' title='bbox 937 833 988 858; x_wconf 89' lang='lat' dir='ltr'>loco</span> <span class='ocrx_word' id='word_1_409' title='bbox 1009 833 1077 858; x_wconf 88' lang='lat' dir='ltr'>Com·</span> <span class='ocrx_word' id='word_1_410' title='bbox 1143 839 1201 864; x_wconf 83' lang='lat' dir='ltr'>gam</span> <span class='ocrx_word' id='word_1_411' title='bbox 1217 832 1312 857; x_wconf 72' lang='lat' dir='ltr'>Horat.</span> <span class='ocrx_word' id='word_1_412' title='bbox 1326 832 1406 858; x_wconf 88' lang='lat' dir='ltr'>Serm.</span> <span class='ocrx_word' id='word_1_413' title='bbox 1421 840 1445 862; x_wconf 79' lang='lat' dir='ltr'>z,</span> <span class='ocrx_word' id='word_1_414' title='bbox 1460 840 1482 864; x_wconf 86' lang='grc'>3,</span> <span class='ocrx_word' id='word_1_415' title='bbox 1497 839 1542 866; x_wconf 81' lang='grc'><strong>77,</strong></span> <span class='ocrx_word' id='word_1_416' title='bbox 1597 830 1706 869; x_wconf 52' lang='lat' dir='ltr'>Quin&amp;</span> <span class='ocrx_word' id='word_1_417' title='bbox 1721 840 1754 863; x_wconf 89' lang='grc' dir='ltr'>ιι,</span> <span class='ocrx_word' id='word_1_418' title='bbox 1766 842 1788 864; x_wconf 87' lang='grc'>3,</span> <span class='ocrx_word' id='word_1_419' title='bbox 1804 836 1855 865; x_wconf 80' lang='lat'>156.</span> <span class='ocrx_word' id='word_1_420' title='bbox 1928 835 2016 861; x_wconf 85' lang='lat' dir='ltr'>Vitem</span> <span class='ocrx_word' id='word_1_421' title='bbox 2030 845 2190 871; x_wconf 84' lang='lat' dir='ltr'>componere</span> 
     </span>
     <span class='ocr_line' id='line_1_21' title="bbox 28 865 2191 907; baseline -0.002 -9"><span class='ocrx_word' id='word_1_422' title='bbox 28 873 125 907; x_wconf 78' lang='lat' dir='ltr'>pluria.</span> <span class='ocrx_word' id='word_1_423' title='bbox 161 870 215 897; x_wconf 89' lang='lat' dir='ltr'>Cic.</span> <span class='ocrx_word' id='word_1_424' title='bbox 228 870 257 896; x_wconf 89' lang='lat' dir='ltr'>in</span> <span class='ocrx_word' id='word_1_425' title='bbox 268 870 420 904; x_wconf 78' lang='lat' dir='ltr'>Protagora,</span> <span class='ocrx_word' id='word_1_426' title='bbox 440 868 609 904; x_wconf 73' lang='lat' dir='ltr'>confirmandi</span> <span class='ocrx_word' id='word_1_427' title='bbox 620 876 709 903; x_wconf 82' lang='lat' dir='ltr'>genera</span> <span class='ocrx_word' id='word_1_428' title='bbox 717 867 866 902; x_wconf 76' lang='lat' dir='ltr'>compluria.</span> <span class='ocrx_word' id='word_1_429' title='bbox 903 867 1001 899; x_wconf 87' lang='lat' dir='ltr'>Credo,</span> <span class='ocrx_word' id='word_1_430' title='bbox 1014 868 1078 902; x_wconf 85' lang='lat' dir='ltr'>quia</span> <span class='ocrx_word' id='word_1_431' title='bbox 1087 878 1122 896; x_wconf 83' lang='lat'>20</span> <span class='ocrx_word' id='word_1_432' title='bbox 1143 867 1172 891; x_wconf 90' lang='lat' dir='ltr'>in</span> <span class='ocrx_word' id='word_1_433' title='bbox 1188 865 1295 892; x_wconf 84' lang='lat' dir='ltr'>brachia</span> <span class='ocrx_word' id='word_1_434' title='bbox 1318 867 1450 894; x_wconf 88' lang='lat' dir='ltr'>Columel.</span> <span class='ocrx_word' id='word_1_435' title='bbox 1473 876 1502 900; x_wconf 82' lang='lat'>5,</span> <span class='ocrx_word' id='word_1_436' title='bbox 1521 875 1543 900; x_wconf 84' lang='lat'>5.</span> <span class='ocrx_word' id='word_1_437' title='bbox 1615 866 1698 892; x_wconf 81' lang='lat' dir='ltr'>Ouid.</span> <span class='ocrx_word' id='word_1_438' title='bbox 1711 867 1775 892; x_wconf 82' lang='lat' dir='ltr'>Met.</span> <span class='ocrx_word' id='word_1_439' title='bbox 1789 877 1823 899; x_wconf 81' lang='lat'>13,</span> <span class='ocrx_word' id='word_1_440' title='bbox 1838 870 1890 902; x_wconf 77' lang='lat'>767</span> <span class='ocrx_word' id='word_1_441' title='bbox 1909 869 1938 895; x_wconf 72' lang='lat' dir='ltr'>cle</span> <span class='ocrx_word' id='word_1_442' title='bbox 1952 872 2112 906; x_wconf 52' lang='lat' dir='ltr'>Polyphgm,</span> <span class='ocrx_word' id='word_1_443' title='bbox 2134 874 2191 900; x_wconf 62' lang='lat'>131„</span> 
     </span>
     <span class='ocr_line' id='line_1_22' title="bbox 24 900 2191 943; baseline 0 -9"><span class='ocrx_word' id='word_1_444' title='bbox 24 910 136 934; x_wconf 71' lang='lat' dir='ltr'>&#39;veteres</span> <span class='ocrx_word' id='word_1_445' title='bbox 148 905 198 932; x_wconf 85' lang='lat' dir='ltr'>hoc</span> <span class='ocrx_word' id='word_1_446' title='bbox 213 906 304 937; x_wconf 91' lang='lat' dir='ltr'>Plure,</span> <span class='ocrx_word' id='word_1_447' title='bbox 320 914 374 931; x_wconf 87' lang='lat' dir='ltr'>non</span> <span class='ocrx_word' id='word_1_448' title='bbox 388 905 439 931; x_wconf 90' lang='lat' dir='ltr'>hoc</span> <span class='ocrx_word' id='word_1_449' title='bbox 454 905 511 931; x_wconf 82' lang='lat' dir='ltr'>Plus</span> <span class='ocrx_word' id='word_1_450' title='bbox 526 903 652 930; x_wconf 80' lang='lat' dir='ltr'>dicebant.</span> <span class='ocrx_word' id='word_1_451' title='bbox 688 902 736 928; x_wconf 90' lang='lat' dir='ltr'>Sed</span> <span class='ocrx_word' id='word_1_452' title='bbox 749 909 836 929; x_wconf 84' lang='lat' dir='ltr'>tamen</span> <span class='ocrx_word' id='word_1_453' title='bbox 849 911 899 936; x_wconf 84' lang='lat' dir='ltr'>ego</span> <span class='ocrx_word' id='word_1_454' title='bbox 912 903 1021 937; x_wconf 88' lang='lat' dir='ltr'>quidem</span> <span class='ocrx_word' id='word_1_455' title='bbox 1035 912 1077 929; x_wconf 87' lang='lat' dir='ltr'>me</span> <span class='ocrx_word' id='word_1_456' title='bbox 1143 901 1208 927; x_wconf 89' lang='lat' dir='ltr'>libet</span> <span class='ocrx_word' id='word_1_457' title='bbox 1222 901 1350 929; x_wconf 75' lang='lat' dir='ltr'>hirsutam</span> <span class='ocrx_word' id='word_1_458' title='bbox 1371 903 1422 929; x_wconf 90' lang='lat' dir='ltr'>tibi</span> <span class='ocrx_word' id='word_1_459' title='bbox 1436 904 1503 929; x_wconf 81' lang='lat' dir='ltr'>falce</span> <span class='ocrx_word' id='word_1_460' title='bbox 1523 902 1642 929; x_wconf 82' lang='lat' dir='ltr'>recidere</span> <span class='ocrx_word' id='word_1_461' title='bbox 1654 900 1782 933; x_wconf 74' lang='lat' dir='ltr'>barbam,</span> <span class='ocrx_word' id='word_1_462' title='bbox 1815 904 1845 928; x_wconf 83' lang='lat' dir='ltr'>Et</span> <span class='ocrx_word' id='word_1_463' title='bbox 1858 905 1972 937; x_wconf 70' lang='lat' dir='ltr'>spectare</span> <span class='ocrx_word' id='word_1_464' title='bbox 1986 908 2058 933; x_wconf 74' lang='lat' dir='ltr'>t&#39;cros</span> <span class='ocrx_word' id='word_1_465' title='bbox 2072 907 2098 933; x_wconf 92' lang='lat' dir='ltr'>in</span> <span class='ocrx_word' id='word_1_466' title='bbox 2113 917 2191 943; x_wconf 89' lang='lat' dir='ltr'>aqua,</span> 
     </span>
     <span class='ocr_line' id='line_1_23' title="bbox 18 937 2191 974; baseline 0.001 -5"><span class='ocrx_word' id='word_1_467' title='bbox 18 957 20 965; x_wconf 48' lang='grc' dir='ltr'><strong>ε</strong></span> <span class='ocrx_word' id='word_1_468' title='bbox 35 941 159 973; x_wconf 85' lang='lat' dir='ltr'>sustinui,</span> <span class='ocrx_word' id='word_1_469' title='bbox 179 941 263 968; x_wconf 82' lang='lat' dir='ltr'>multa</span> <span class='ocrx_word' id='word_1_470' title='bbox 276 942 378 974; x_wconf 88' lang='lat' dir='ltr'>minui,</span> <span class='ocrx_word' id='word_1_471' title='bbox 397 940 479 967; x_wconf 88' lang='lat' dir='ltr'>multa</span> <span class='ocrx_word' id='word_1_472' title='bbox 492 939 596 971; x_wconf 82' lang='lat' dir='ltr'>sustuli,</span> <span class='ocrx_word' id='word_1_473' title='bbox 616 938 752 972; x_wconf 83' lang='lat' dir='ltr'>complura</span> <span class='ocrx_word' id='word_1_474' title='bbox 764 947 796 964; x_wconf 92' lang='lat' dir='ltr'>ne</span> <span class='ocrx_word' id='word_1_475' title='bbox 808 938 885 973; x_wconf 88' lang='lat' dir='ltr'>posui</span> <span class='ocrx_word' id='word_1_476' title='bbox 898 938 1008 973; x_wconf 87' lang='lat' dir='ltr'>quidem</span> <span class='ocrx_word' id='word_1_477' title='bbox 1021 939 1076 965; x_wconf 85' lang='lat' dir='ltr'>Cic.</span> <span class='ocrx_word' id='word_1_478' title='bbox 1142 943 1168 963; x_wconf 82' lang='lat' dir='ltr'>et</span> <span class='ocrx_word' id='word_1_479' title='bbox 1181 946 1341 971; x_wconf 84' lang='lat' dir='ltr'>componere</span> <span class='ocrx_word' id='word_1_480' title='bbox 1356 939 1452 965; x_wconf 76' lang='lat' dir='ltr'>vultus.</span> <span class='ocrx_word' id='word_1_481' title='bbox 1524 938 1605 965; x_wconf 87' lang='lat' dir='ltr'>Ouid.</span> <span class='ocrx_word' id='word_1_482' title='bbox 1619 938 1684 965; x_wconf 85' lang='lat' dir='ltr'>Fast.</span> <span class='ocrx_word' id='word_1_483' title='bbox 1700 944 1722 971; x_wconf 78' lang='grc' dir='ltr'><strong>ς,</strong></span> <span class='ocrx_word' id='word_1_484' title='bbox 1737 945 1769 969; x_wconf 84' lang='grc' dir='ltr'><strong>3ο</strong></span> <span class='ocrx_word' id='word_1_485' title='bbox 1786 937 1815 962; x_wconf 76' lang='lat' dir='ltr'>dc</span> <span class='ocrx_word' id='word_1_486' title='bbox 1829 940 1959 970; x_wconf 73' lang='lat' dir='ltr'>Maiestate</span> <span class='ocrx_word' id='word_1_487' title='bbox 1973 942 2024 973; x_wconf 71' lang='lat' dir='ltr'>dcci,</span> <span class='ocrx_word' id='word_1_488' title='bbox 2041 944 2191 971; x_wconf 82' lang='lat' dir='ltr'>Consedere</span> 
     </span>
     <span class='ocr_line' id='line_1_24' title="bbox 33 972 2192 1014; baseline 0 -15"><span class='ocrx_word' id='word_1_489' title='bbox 33 979 103 1006; x_wconf 63' lang='lat' dir='ltr'>Fam,</span> <span class='ocrx_word' id='word_1_490' title='bbox 127 979 159 1010; x_wconf 70' lang='lat'>6,</span> <span class='ocrx_word' id='word_1_491' title='bbox 179 985 205 1013; x_wconf 77' lang='lat'>7,</span> <span class='ocrx_word' id='word_1_492' title='bbox 410 975 412 978; x_wconf 82' lang='grc'>’</span> <span class='ocrx_word' id='word_1_493' title='bbox 1143 972 1219 999; x_wconf 76' lang='lat' dir='ltr'>simul</span> <span class='ocrx_word' id='word_1_494' title='bbox 1233 973 1321 1000; x_wconf 91' lang='lat' dir='ltr'>Pudor</span> <span class='ocrx_word' id='word_1_495' title='bbox 1334 980 1359 1000; x_wconf 90' lang='lat' dir='ltr'>et</span> <span class='ocrx_word' id='word_1_496' title='bbox 1372 976 1474 1006; x_wconf 85' lang='lat' dir='ltr'>Metus,</span> <span class='ocrx_word' id='word_1_497' title='bbox 1491 983 1570 1000; x_wconf 88' lang='lat' dir='ltr'>omne</span> <span class='ocrx_word' id='word_1_498' title='bbox 1584 974 1688 1001; x_wconf 84' lang='lat' dir='ltr'>videres</span> <span class='ocrx_word' id='word_1_499' title='bbox 1725 973 1835 1000; x_wconf 85' lang='lat' dir='ltr'>Numen</span> <span class='ocrx_word' id='word_1_500' title='bbox 1855 973 1887 998; x_wconf 88' lang='lat' dir='ltr'>ad</span> <span class='ocrx_word' id='word_1_501' title='bbox 1899 974 1963 1000; x_wconf 81' lang='lat' dir='ltr'>hanc</span> <span class='ocrx_word' id='word_1_502' title='bbox 1978 978 2065 1004; x_wconf 79' lang='lat' dir='ltr'>vultus</span> <span class='ocrx_word' id='word_1_503' title='bbox 2085 988 2192 1014; x_wconf 78' lang='lat' dir='ltr'>compo.</span> 
     </span>
    </p>
   </div>
   <div class='ocr_carea' id='block_1_7' title="bbox 19 1008 2194 1186">
    <p class='ocr_par' dir='ltr' id='par_1_8' title="bbox 19 1008 2194 1186">
     <span class='ocr_line' id='line_1_25' title="bbox 20 1008 2190 1045; baseline 0.001 -5"><span class='ocrx_word' id='word_1_504' title='bbox 20 1021 26 1033; x_wconf 27' lang='grc' dir='ltr'>κ’</span> <span class='ocrx_word' id='word_1_505' title='bbox 71 1018 89 1040; x_wconf 82' lang='lat' dir='ltr'>C</span> <span class='ocrx_word' id='word_1_506' title='bbox 99 1019 151 1040; x_wconf 82' lang='lat' dir='ltr'>OM</span> <span class='ocrx_word' id='word_1_507' title='bbox 161 1020 175 1039; x_wconf 77' lang='grc' dir='ltr'>Ρ</span> <span class='ocrx_word' id='word_1_508' title='bbox 185 1021 200 1039; x_wconf 96' lang='lat' dir='ltr'>L</span> <span class='ocrx_word' id='word_1_509' title='bbox 210 1021 230 1040; x_wconf 91' lang='lat' dir='ltr'>v</span> <span class='ocrx_word' id='word_1_510' title='bbox 241 1020 253 1040; x_wconf 87' lang='lat' dir='ltr'>s</span> <span class='ocrx_word' id='word_1_511' title='bbox 263 1009 309 1040; x_wconf 66' lang='lat' dir='ltr'>cx&gt;²</span> <span class='ocrx_word' id='word_1_512' title='bbox 320 1019 370 1045; x_wconf 87' lang='lat' dir='ltr'>Li,</span> <span class='ocrx_word' id='word_1_513' title='bbox 390 1020 437 1044; x_wconf 86' lang='lat' dir='ltr'>ae,</span> <span class='ocrx_word' id='word_1_514' title='bbox 459 1020 482 1038; x_wconf 89' lang='lat' dir='ltr'>a.</span> <span class='ocrx_word' id='word_1_515' title='bbox 519 1009 579 1036; x_wconf 90' lang='lat' dir='ltr'>Adi.</span> <span class='ocrx_word' id='word_1_516' title='bbox 616 1010 684 1036; x_wconf 89' lang='lat' dir='ltr'>Ter.</span> <span class='ocrx_word' id='word_1_517' title='bbox 699 1009 764 1036; x_wconf 84' lang='lat' dir='ltr'>Hec.</span> <span class='ocrx_word' id='word_1_518' title='bbox 779 1018 805 1041; x_wconf 88' lang='lat'>1,</span> <span class='ocrx_word' id='word_1_519' title='bbox 823 1017 845 1041; x_wconf 80' lang='lat'>2,</span> <span class='ocrx_word' id='word_1_520' title='bbox 859 1017 905 1036; x_wconf 84' lang='lat'>102</span> <span class='ocrx_word' id='word_1_521' title='bbox 931 1009 994 1036; x_wconf 87' lang='lat' dir='ltr'>Dies</span> <span class='ocrx_word' id='word_1_522' title='bbox 1007 1017 1077 1035; x_wconf 85' lang='lat' dir='ltr'>coni·</span> <span class='ocrx_word' id='word_1_523' title='bbox 1143 1008 1218 1034; x_wconf 73' lang='lat' dir='ltr'>suiss&#39;e</span> <span class='ocrx_word' id='word_1_524' title='bbox 1231 1010 1300 1035; x_wconf 89' lang='lat' dir='ltr'>suos.</span> <span class='ocrx_word' id='word_1_525' title='bbox 1336 1011 1380 1036; x_wconf 84' lang='lat' dir='ltr'>Al.</span> <span class='ocrx_word' id='word_1_526' title='bbox 1396 1010 1497 1036; x_wconf 85' lang='lat' dir='ltr'>Cultus.</span> <span class='ocrx_word' id='word_1_527' title='bbox 1571 1011 1680 1037; x_wconf 81' lang='lat' dir='ltr'>Vultum</span> <span class='ocrx_word' id='word_1_528' title='bbox 1696 1009 1730 1036; x_wconf 84' lang='lat' dir='ltr'>ad</span> <span class='ocrx_word' id='word_1_529' title='bbox 1745 1009 1881 1043; x_wconf 84' lang='lat' dir='ltr'>speculum</span> <span class='ocrx_word' id='word_1_530' title='bbox 1896 1017 2053 1043; x_wconf 77' lang='lat' dir='ltr'>componere</span> <span class='ocrx_word' id='word_1_531' title='bbox 2066 1014 2094 1039; x_wconf 88' lang='lat' dir='ltr'>in</span> <span class='ocrx_word' id='word_1_532' title='bbox 2107 1021 2190 1042; x_wconf 88' lang='lat' dir='ltr'>terro-</span> 
     </span>
     <span class='ocr_line' id='line_1_26' title="bbox 19 1044 2191 1084; baseline -0.001 -9"><span class='ocrx_word' id='word_1_533' title='bbox 19 1049 163 1084; x_wconf 68' lang='lat' dir='ltr'>›plusculos</span> <span class='ocrx_word' id='word_1_534' title='bbox 188 1048 255 1076; x_wconf 88' lang='lat' dir='ltr'>bene</span> <span class='ocrx_word' id='word_1_535' title='bbox 282 1047 456 1075; x_wconf 85' lang='lat' dir='ltr'>conueniebat</span> <span class='ocrx_word' id='word_1_536' title='bbox 480 1047 540 1073; x_wconf 85' lang='lat' dir='ltr'>sanc</span> <span class='ocrx_word' id='word_1_537' title='bbox 566 1047 636 1072; x_wconf 85' lang='lat' dir='ltr'>inter</span> <span class='ocrx_word' id='word_1_538' title='bbox 660 1053 710 1071; x_wconf 85' lang='lat' dir='ltr'>eas.</span> <span class='ocrx_word' id='word_1_539' title='bbox 788 1045 875 1072; x_wconf 80' lang='lat' dir='ltr'>Verba</span> <span class='ocrx_word' id='word_1_540' title='bbox 900 1045 1077 1079; x_wconf 85' lang='lat' dir='ltr'>compluscula</span> <span class='ocrx_word' id='word_1_541' title='bbox 1086 1055 1116 1081; x_wconf 82' lang='lat'>25</span> <span class='ocrx_word' id='word_1_542' title='bbox 1142 1053 1200 1070; x_wconf 84' lang='lat' dir='ltr'>rem</span> <span class='ocrx_word' id='word_1_543' title='bbox 1214 1045 1489 1080; x_wconf 76' lang='lat' dir='ltr'>Sueton.Calig.c.5o.</span> <span class='ocrx_word' id='word_1_544' title='bbox 1532 1047 1700 1080; x_wconf 83' lang='lat' dir='ltr'>Componcre</span> <span class='ocrx_word' id='word_1_545' title='bbox 1715 1045 1744 1071; x_wconf 79' lang='lat' dir='ltr'>de</span> <span class='ocrx_word' id='word_1_546' title='bbox 1756 1044 2048 1080; x_wconf 55' lang='lat' dir='ltr'>condiendisstufflio&#39;us.</span> <span class='ocrx_word' id='word_1_547' title='bbox 2086 1050 2191 1077; x_wconf 61' lang='lat' dir='ltr'>Colum„</span> 
     </span>
     <span class='ocr_line' id='line_1_27' title="bbox 34 1080 2192 1120; baseline 0.001 -15.981"><span class='ocrx_word' id='word_1_548' title='bbox 20 1084 103 1113; x_wconf 71' lang='lat' dir='ltr'>Gen,</span> <span class='ocrx_word' id='word_1_549' title='bbox 122 1093 154 1120; x_wconf 69' lang='lat'>7,</span> <span class='ocrx_word' id='word_1_550' title='bbox 176 1094 218 1111; x_wconf 68' lang='grc' dir='ltr'>ῃ,</span> <span class='ocrx_word' id='word_1_551' title='bbox 986 1080 987 1084; x_wconf 74' lang='grc'>’</span> <span class='ocrx_word' id='word_1_552' title='bbox 1144 1088 1183 1113; x_wconf 86' lang='lat' dir='ltr'>iz,</span> <span class='ocrx_word' id='word_1_553' title='bbox 1197 1088 1244 1115; x_wconf 81' lang='lat'>47,</span> <span class='ocrx_word' id='word_1_554' title='bbox 1257 1088 1275 1115; x_wconf 88' lang='lat'>7</span> <span class='ocrx_word' id='word_1_555' title='bbox 1302 1081 1399 1107; x_wconf 83' lang='lat' dir='ltr'>Eadem</span> <span class='ocrx_word' id='word_1_556' title='bbox 1420 1081 1559 1108; x_wconf 88' lang='lat' dir='ltr'>conditura</span> <span class='ocrx_word' id='word_1_557' title='bbox 1575 1082 1654 1116; x_wconf 71' lang='lat' dir='ltr'>posset</span> <span class='ocrx_word' id='word_1_558' title='bbox 1671 1082 1751 1108; x_wconf 85' lang='lat' dir='ltr'>ctiam</span> <span class='ocrx_word' id='word_1_559' title='bbox 1767 1080 1844 1108; x_wconf 75' lang='lat' dir='ltr'>oiiua</span> <span class='ocrx_word' id='word_1_560' title='bbox 1863 1081 1936 1115; x_wconf 81' lang='lat' dir='ltr'>regia</span> <span class='ocrx_word' id='word_1_561' title='bbox 1949 1083 2075 1116; x_wconf 79' lang='lat' dir='ltr'>componi</span> <span class='ocrx_word' id='word_1_562' title='bbox 2093 1085 2135 1110; x_wconf 85' lang='lat' dir='ltr'>vcl</span> <span class='ocrx_word' id='word_1_563' title='bbox 2148 1094 2192 1112; x_wconf 75' lang='lat' dir='ltr'>or-</span> 
     </span>
     <span class='ocr_line' id='line_1_28' title="bbox 24 1113 2194 1152; baseline -0 -5"><span class='ocrx_word' id='word_1_564' title='bbox 24 1113 25 1120; x_wconf 16' lang='grc' dir='ltr'>ἵ</span> <span class='ocrx_word' id='word_1_565' title='bbox 71 1127 89 1147; x_wconf 89' lang='lat' dir='ltr'>c</span> <span class='ocrx_word' id='word_1_566' title='bbox 103 1128 122 1148; x_wconf 90' lang='grc' dir='ltr'>ο</span> <span class='ocrx_word' id='word_1_567' title='bbox 132 1128 157 1147; x_wconf 85' lang='grc' dir='ltr'><strong>Μ</strong></span> <span class='ocrx_word' id='word_1_568' title='bbox 167 1127 181 1147; x_wconf 79' lang='lat' dir='ltr'>P</span> <span class='ocrx_word' id='word_1_569' title='bbox 192 1128 237 1147; x_wconf 90' lang='lat' dir='ltr'>Lv</span> <span class='ocrx_word' id='word_1_570' title='bbox 247 1128 259 1148; x_wconf 91' lang='lat' dir='ltr'>S</span> <span class='ocrx_word' id='word_1_571' title='bbox 270 1126 288 1147; x_wconf 90' lang='lat' dir='ltr'>C</span> <span class='ocrx_word' id='word_1_572' title='bbox 298 1117 385 1147; x_wconf 57' lang='grc' dir='ltr'><strong>κῗιΕ.</strong></span> <span class='ocrx_word' id='word_1_573' title='bbox 422 1117 490 1144; x_wconf 81' lang='lat' dir='ltr'>Adu.</span> <span class='ocrx_word' id='word_1_574' title='bbox 526 1116 595 1143; x_wconf 84' lang='lat' dir='ltr'>Gell.</span> <span class='ocrx_word' id='word_1_575' title='bbox 617 1123 667 1151; x_wconf 84' lang='lat'>17,</span> <span class='ocrx_word' id='word_1_576' title='bbox 687 1124 704 1143; x_wconf 81' lang='lat'>2</span> <span class='ocrx_word' id='word_1_577' title='bbox 734 1117 842 1143; x_wconf 85' lang='lat' dir='ltr'>Veteres</span> <span class='ocrx_word' id='word_1_578' title='bbox 863 1115 900 1142; x_wconf 84' lang='lat' dir='ltr'>ita</span> <span class='ocrx_word' id='word_1_579' title='bbox 919 1115 1078 1151; x_wconf 63' lang='lat' dir='ltr'>complusa-ule</span> <span class='ocrx_word' id='word_1_580' title='bbox 1144 1115 1224 1142; x_wconf 81' lang='lat' dir='ltr'>chita.</span> <span class='ocrx_word' id='word_1_581' title='bbox 1279 1117 1320 1143; x_wconf 82' lang='lat' dir='ltr'>Sic</span> <span class='ocrx_word' id='word_1_582' title='bbox 1341 1126 1378 1149; x_wconf 84' lang='lat'>12,</span> <span class='ocrx_word' id='word_1_583' title='bbox 1392 1124 1433 1150; x_wconf 74' lang='lat'>54,</span> <span class='ocrx_word' id='word_1_584' title='bbox 1448 1126 1460 1149; x_wconf 82' lang='lat'><em>3</em></span> <span class='ocrx_word' id='word_1_585' title='bbox 1490 1117 1562 1152; x_wconf 83' lang='lat' dir='ltr'>Napi</span> <span class='ocrx_word' id='word_1_586' title='bbox 1576 1126 1683 1152; x_wconf 84' lang='lat' dir='ltr'>quoque</span> <span class='ocrx_word' id='word_1_587' title='bbox 1719 1131 1764 1137; x_wconf 65' lang='lat'>»-</span> <span class='ocrx_word' id='word_1_588' title='bbox 1800 1115 1895 1143; x_wconf 84' lang='lat' dir='ltr'>codem</span> <span class='ocrx_word' id='word_1_589' title='bbox 1908 1117 1967 1143; x_wconf 89' lang='lat' dir='ltr'>iure</span> <span class='ocrx_word' id='word_1_590' title='bbox 1981 1126 2036 1152; x_wconf 83' lang='lat' dir='ltr'>quo</span> <span class='ocrx_word' id='word_1_591' title='bbox 2054 1126 2115 1152; x_wconf 90' lang='lat' dir='ltr'>rapa</span> <span class='ocrx_word' id='word_1_592' title='bbox 2132 1129 2194 1146; x_wconf 88' lang='lat' dir='ltr'>con-</span> 
     </span>
     <span class='ocr_line' id='line_1_29' title="bbox 35 1151 2194 1186; baseline -0.001 -3"><span class='ocrx_word' id='word_1_593' title='bbox 35 1156 169 1183; x_wconf 83' lang='lat' dir='ltr'>dixerunt.</span> <span class='ocrx_word' id='word_1_594' title='bbox 1145 1151 1199 1178; x_wconf 82' lang='lat' dir='ltr'>diri</span> <span class='ocrx_word' id='word_1_595' title='bbox 1217 1153 1341 1186; x_wconf 74' lang='lat' dir='ltr'>possunt:</span> <span class='ocrx_word' id='word_1_596' title='bbox 1378 1154 1422 1179; x_wconf 77' lang='lat' dir='ltr'>scd</span> <span class='ocrx_word' id='word_1_597' title='bbox 1440 1155 1602 1186; x_wconf 82' lang='lat' dir='ltr'>cui-andum,</span> <span class='ocrx_word' id='word_1_598' title='bbox 1626 1160 1654 1180; x_wconf 89' lang='lat' dir='ltr'>vt</span> <span class='ocrx_word' id='word_1_599' title='bbox 1673 1153 1736 1180; x_wconf 87' lang='lat' dir='ltr'>haec</span> <span class='ocrx_word' id='word_1_600' title='bbox 1771 1168 1817 1173; x_wconf 84' lang='lat'>-—</span> <span class='ocrx_word' id='word_1_601' title='bbox 1853 1152 1915 1179; x_wconf 87' lang='lat' dir='ltr'>dum</span> <span class='ocrx_word' id='word_1_602' title='bbox 1936 1153 1995 1179; x_wconf 83' lang='lat' dir='ltr'>sunt</span> <span class='ocrx_word' id='word_1_603' title='bbox 2013 1159 2104 1181; x_wconf 81' lang='lat' dir='ltr'>tenera</span> <span class='ocrx_word' id='word_1_604' title='bbox 2123 1164 2194 1181; x_wconf 71' lang='lat' dir='ltr'>com-</span> 
     </span>
    </p>
   </div>
   <div class='ocr_carea' id='block_1_8' title="bbox 34 1187 2193 1260">
    <p class='ocr_par' dir='ltr' id='par_1_9' title="bbox 34 1187 2193 1260">
     <span class='ocr_line' id='line_1_30' title="bbox 70 1187 2193 1222; baseline -0.001 -3"><span class='ocrx_word' id='word_1_605' title='bbox 70 1199 87 1219; x_wconf 90' lang='lat' dir='ltr'>c</span> <span class='ocrx_word' id='word_1_606' title='bbox 97 1200 116 1219; x_wconf 92' lang='lat' dir='ltr'>o</span> <span class='ocrx_word' id='word_1_607' title='bbox 126 1200 150 1219; x_wconf 85' lang='lat' dir='ltr'>M</span> <span class='ocrx_word' id='word_1_608' title='bbox 161 1199 200 1218; x_wconf 79' lang='lat' dir='ltr'>PL</span> <span class='ocrx_word' id='word_1_609' title='bbox 211 1199 230 1218; x_wconf 95' lang='lat' dir='ltr'>v</span> <span class='ocrx_word' id='word_1_610' title='bbox 240 1197 301 1218; x_wconf 63' lang='lat' dir='ltr'>niis</span> <span class='ocrx_word' id='word_1_611' title='bbox 311 1197 339 1217; x_wconf 90' lang='lat' dir='ltr'>s.</span> <span class='ocrx_word' id='word_1_612' title='bbox 375 1189 443 1216; x_wconf 80' lang='lat' dir='ltr'>Adii.</span> <span class='ocrx_word' id='word_1_613' title='bbox 480 1188 642 1222; x_wconf 57' lang='grc' dir='ltr'>[πλεονάκις]</span> <span class='ocrx_word' id='word_1_614' title='bbox 678 1187 761 1214; x_wconf 87' lang='lat' dir='ltr'>Plaut.</span> <span class='ocrx_word' id='word_1_615' title='bbox 775 1187 842 1214; x_wconf 73' lang='lat' dir='ltr'>Pei-s.</span> <span class='ocrx_word' id='word_1_616' title='bbox 855 1196 883 1221; x_wconf 80' lang='lat'>4,</span> <span class='ocrx_word' id='word_1_617' title='bbox 894 1195 917 1218; x_wconf 80' lang='lat'>3,</span> <span class='ocrx_word' id='word_1_618' title='bbox 931 1187 962 1218; x_wconf 80' lang='lat'>63</span> <span class='ocrx_word' id='word_1_619' title='bbox 983 1187 1077 1212; x_wconf 87' lang='lat' dir='ltr'>Metuo</span> <span class='ocrx_word' id='word_1_620' title='bbox 1144 1193 1285 1222; x_wconf 81' lang='lat' dir='ltr'>ponantur.</span> <span class='ocrx_word' id='word_1_621' title='bbox 1339 1188 1408 1215; x_wconf 75' lang='lat' dir='ltr'>Add.</span> <span class='ocrx_word' id='word_1_622' title='bbox 1425 1197 1460 1221; x_wconf 70' lang='grc' dir='ltr'><strong>ιε»,</strong></span> <span class='ocrx_word' id='word_1_623' title='bbox 1473 1198 1499 1221; x_wconf 84' lang='grc'>9,</span> <span class='ocrx_word' id='word_1_624' title='bbox 1512 1198 1533 1221; x_wconf 84' lang='grc'>3.</span> <span class='ocrx_word' id='word_1_625' title='bbox 1557 1198 1594 1221; x_wconf 86' lang='lat'>12,</span> <span class='ocrx_word' id='word_1_626' title='bbox 1603 1197 1641 1221; x_wconf 84' lang='lat' dir='ltr'>io,</span> <span class='ocrx_word' id='word_1_627' title='bbox 1650 1199 1671 1215; x_wconf 81' lang='lat'>2.</span> <span class='ocrx_word' id='word_1_628' title='bbox 1699 1197 1809 1221; x_wconf 78' lang='lat'>12‚13,2.</span> <span class='ocrx_word' id='word_1_629' title='bbox 1865 1189 1933 1215; x_wconf 79' lang='lat' dir='ltr'>Add.</span> <span class='ocrx_word' id='word_1_630' title='bbox 1944 1195 2154 1217; x_wconf 77' lang='lat' dir='ltr'>COMPOSITVS</span> <span class='ocrx_word' id='word_1_631' title='bbox 2170 1197 2193 1217; x_wconf 74' lang='lat' dir='ltr'>ct</span> 
     </span>
     <span class='ocr_line' id='line_1_31' title="bbox 34 1222 2193 1260; baseline -0.003 -5"><span class='ocrx_word' id='word_1_632' title='bbox 34 1227 121 1255; x_wconf 86' lang='lat' dir='ltr'>hercle</span> <span class='ocrx_word' id='word_1_633' title='bbox 136 1236 201 1254; x_wconf 84' lang='lat' dir='ltr'>vero</span> <span class='ocrx_word' id='word_1_634' title='bbox 214 1238 219 1253; x_wconf 90' lang='lat'><strong>:</strong></span> <span class='ocrx_word' id='word_1_635' title='bbox 249 1226 310 1253; x_wconf 89' lang='lat' dir='ltr'>sensi</span> <span class='ocrx_word' id='word_1_636' title='bbox 325 1234 374 1260; x_wconf 82' lang='lat' dir='ltr'>ego</span> <span class='ocrx_word' id='word_1_637' title='bbox 387 1225 440 1251; x_wconf 89' lang='lat' dir='ltr'>iam</span> <span class='ocrx_word' id='word_1_638' title='bbox 453 1224 618 1260; x_wconf 87' lang='lat' dir='ltr'>compluries.</span> <span class='ocrx_word' id='word_1_639' title='bbox 654 1224 730 1257; x_wconf 72' lang='lat' dir='ltr'>Quae</span> <span class='ocrx_word' id='word_1_640' title='bbox 745 1223 902 1257; x_wconf 86' lang='lat' dir='ltr'>compluries</span> <span class='ocrx_word' id='word_1_641' title='bbox 916 1222 944 1248; x_wconf 92' lang='lat' dir='ltr'>in</span> <span class='ocrx_word' id='word_1_642' title='bbox 958 1222 1077 1249; x_wconf 86' lang='lat' dir='ltr'>coetibus</span> <span class='ocrx_word' id='word_1_643' title='bbox 1085 1234 1116 1258; x_wconf 81' lang='lat'>30</span> <span class='ocrx_word' id='word_1_644' title='bbox 1145 1229 1359 1250; x_wconf 78' lang='lat' dir='ltr'>COMPOSlTIO.</span> <span class='ocrx_word' id='word_1_645' title='bbox 1398 1226 1451 1251; x_wconf 73' lang='lat' dir='ltr'>Iam</span> <span class='ocrx_word' id='word_1_646' title='bbox 1465 1224 1666 1258; x_wconf 65' lang='lat' dir='ltr'>Construt‘liones</span> <span class='ocrx_word' id='word_1_647' title='bbox 1687 1226 1799 1260; x_wconf 72' lang='lat' dir='ltr'>diuersos</span> <span class='ocrx_word' id='word_1_648' title='bbox 1817 1224 2004 1260; x_wconf 60' lang='lat' dir='ltr'>obstrui-bnans.</span> <span class='ocrx_word' id='word_1_649' title='bbox 2051 1227 2090 1252; x_wconf 86' lang='lat' dir='ltr'>Ad</span> <span class='ocrx_word' id='word_1_650' title='bbox 2106 1234 2193 1253; x_wconf 78' lang='lat' dir='ltr'>exem.</span> 
     </span>
    </p>
   </div>
   <div class='ocr_carea' id='block_1_9' title="bbox 33 1257 2195 1513">
    <p class='ocr_par' dir='ltr' id='par_1_10' title="bbox 33 1257 2195 1513">
     <span class='ocr_line' id='line_1_32' title="bbox 34 1257 2194 1298; baseline -0.001 -8"><span class='ocrx_word' id='word_1_651' title='bbox 34 1264 127 1298; x_wconf 87' lang='lat' dir='ltr'>populi</span> <span class='ocrx_word' id='word_1_652' title='bbox 138 1263 196 1290; x_wconf 68' lang='lat' dir='ltr'>afta</span> <span class='ocrx_word' id='word_1_653' title='bbox 210 1262 330 1297; x_wconf 65' lang='lat' dir='ltr'>die&#39;taque</span> <span class='ocrx_word' id='word_1_654' title='bbox 343 1267 416 1288; x_wconf 88' lang='lat' dir='ltr'>erant</span> <span class='ocrx_word' id='word_1_655' title='bbox 429 1260 496 1286; x_wconf 91' lang='lat' dir='ltr'>Gell.</span> <span class='ocrx_word' id='word_1_656' title='bbox 512 1269 538 1295; x_wconf 87' lang='lat'>7,</span> <span class='ocrx_word' id='word_1_657' title='bbox 550 1269 573 1292; x_wconf 82' lang='lat'>3.</span> <span class='ocrx_word' id='word_1_658' title='bbox 610 1260 693 1292; x_wconf 81' lang='lat' dir='ltr'>Cato,</span> <span class='ocrx_word' id='word_1_659' title='bbox 708 1258 887 1286; x_wconf 74' lang='lat' dir='ltr'>Contumelias</span> <span class='ocrx_word' id='word_1_660' title='bbox 902 1257 972 1284; x_wconf 86' lang='lat' dir='ltr'>mihi</span> <span class='ocrx_word' id='word_1_661' title='bbox 985 1258 1077 1285; x_wconf 81' lang='lat' dir='ltr'>dixisli</span> <span class='ocrx_word' id='word_1_662' title='bbox 1142 1259 1217 1294; x_wconf 89' lang='lat' dir='ltr'>plum</span> <span class='ocrx_word' id='word_1_663' title='bbox 1229 1260 1255 1286; x_wconf 85' lang='lat' dir='ltr'>se</span> <span class='ocrx_word' id='word_1_664' title='bbox 1269 1268 1430 1294; x_wconf 75' lang='lat' dir='ltr'>componere</span> <span class='ocrx_word' id='word_1_665' title='bbox 1445 1260 1576 1294; x_wconf 72' lang='lat' dir='ltr'>Qiine‘lil.</span> <span class='ocrx_word' id='word_1_666' title='bbox 1592 1270 1617 1293; x_wconf 85' lang='lat'>2,</span> <span class='ocrx_word' id='word_1_667' title='bbox 1630 1263 1654 1287; x_wconf 88' lang='lat'>6.</span> <span class='ocrx_word' id='word_1_668' title='bbox 1727 1261 1768 1287; x_wconf 88' lang='lat' dir='ltr'>Ad</span> <span class='ocrx_word' id='word_1_669' title='bbox 1780 1270 1889 1293; x_wconf 84' lang='lat' dir='ltr'>eorum,</span> <span class='ocrx_word' id='word_1_670' title='bbox 1909 1270 1976 1296; x_wconf 79' lang='lat' dir='ltr'>quos</span> <span class='ocrx_word' id='word_1_671' title='bbox 1990 1261 2118 1296; x_wconf 80' lang='lat' dir='ltr'>probant,</span> <span class='ocrx_word' id='word_1_672' title='bbox 2132 1263 2194 1289; x_wconf 84' lang='lat' dir='ltr'>imi-</span> 
     </span>
     <span class='ocr_line' id='line_1_33' title="bbox 33 1293 2193 1334; baseline -0.001 -8"><span class='ocrx_word' id='word_1_673' title='bbox 33 1300 202 1334; x_wconf 87' lang='lat' dir='ltr'>compluries.</span> <span class='ocrx_word' id='word_1_674' title='bbox 237 1299 291 1325; x_wconf 83' lang='lat' dir='ltr'>Alii</span> <span class='ocrx_word' id='word_1_675' title='bbox 304 1299 387 1333; x_wconf 76' lang='lat' dir='ltr'>legunt</span> <span class='ocrx_word' id='word_1_676' title='bbox 399 1297 594 1330; x_wconf 78' lang='lat' dir='ltr'>Compluriens.</span> <span class='ocrx_word' id='word_1_677' title='bbox 637 1295 696 1323; x_wconf 77' lang='lat' dir='ltr'>Vici.</span> <span class='ocrx_word' id='word_1_678' title='bbox 710 1295 777 1321; x_wconf 89' lang='lat' dir='ltr'>Gell.</span> <span class='ocrx_word' id='word_1_679' title='bbox 792 1302 814 1327; x_wconf 81' lang='grc' dir='ltr'>ς,</span> <span class='ocrx_word' id='word_1_680' title='bbox 828 1302 865 1320; x_wconf 84' lang='lat'>21.</span> <span class='ocrx_word' id='word_1_681' title='bbox 903 1293 1011 1326; x_wconf 86' lang='lat' dir='ltr'>Non.2‚</span> <span class='ocrx_word' id='word_1_682' title='bbox 1023 1303 1076 1327; x_wconf 81' lang='lat'>143.</span> <span class='ocrx_word' id='word_1_683' title='bbox 1142 1296 1272 1322; x_wconf 85' lang='lat' dir='ltr'>tationem</span> <span class='ocrx_word' id='word_1_684' title='bbox 1286 1296 1311 1321; x_wconf 88' lang='lat' dir='ltr'>se</span> <span class='ocrx_word' id='word_1_685' title='bbox 1324 1305 1484 1330; x_wconf 89' lang='lat' dir='ltr'>componere</span> <span class='ocrx_word' id='word_1_686' title='bbox 1502 1297 1539 1323; x_wconf 87' lang='lat' dir='ltr'>Id.</span> <span class='ocrx_word' id='word_1_687' title='bbox 1554 1305 1587 1329; x_wconf 88' lang='lat'>2,</span> <span class='ocrx_word' id='word_1_688' title='bbox 1602 1303 1624 1326; x_wconf 85' lang='lat'>8.</span> <span class='ocrx_word' id='word_1_689' title='bbox 1696 1297 1736 1323; x_wconf 87' lang='lat' dir='ltr'>Ad</span> <span class='ocrx_word' id='word_1_690' title='bbox 1751 1297 1930 1323; x_wconf 84' lang='lat' dir='ltr'>imitationem</span> <span class='ocrx_word' id='word_1_691' title='bbox 1946 1298 2067 1324; x_wconf 83' lang='lat' dir='ltr'>veritatis</span> <span class='ocrx_word' id='word_1_692' title='bbox 2085 1299 2111 1324; x_wconf 86' lang='lat' dir='ltr'>se</span> <span class='ocrx_word' id='word_1_693' title='bbox 2124 1308 2193 1325; x_wconf 89' lang='lat' dir='ltr'>com-</span> 
     </span>
     <span class='ocr_line' id='line_1_34' title="bbox 71 1329 2193 1368; baseline -0 -7"><span class='ocrx_word' id='word_1_694' title='bbox 71 1341 88 1361; x_wconf 92' lang='lat' dir='ltr'><strong>c</strong></span> <span class='ocrx_word' id='word_1_695' title='bbox 99 1341 119 1362; x_wconf 94' lang='lat'><em>0</em></span> <span class='ocrx_word' id='word_1_696' title='bbox 130 1341 203 1362; x_wconf 79' lang='lat' dir='ltr'>MPL</span> <span class='ocrx_word' id='word_1_697' title='bbox 213 1342 233 1360; x_wconf 94' lang='lat' dir='ltr'>v</span> <span class='ocrx_word' id='word_1_698' title='bbox 243 1341 261 1360; x_wconf 86' lang='lat' dir='ltr'>R</span> <span class='ocrx_word' id='word_1_699' title='bbox 271 1341 280 1360; x_wconf 94' lang='lat'>1</span> <span class='ocrx_word' id='word_1_700' title='bbox 290 1340 313 1360; x_wconf 84' lang='lat' dir='ltr'>M</span> <span class='ocrx_word' id='word_1_701' title='bbox 323 1341 343 1359; x_wconf 87' lang='lat' dir='ltr'>v</span> <span class='ocrx_word' id='word_1_702' title='bbox 353 1340 383 1365; x_wconf 91' lang='lat' dir='ltr'>s,</span> <span class='ocrx_word' id='word_1_703' title='bbox 401 1341 430 1364; x_wconf 90' lang='lat' dir='ltr'>a,</span> <span class='ocrx_word' id='word_1_704' title='bbox 457 1341 510 1358; x_wconf 80' lang='lat' dir='ltr'>uin.</span> <span class='ocrx_word' id='word_1_705' title='bbox 547 1331 608 1358; x_wconf 88' lang='lat' dir='ltr'>Adi.</span> <span class='ocrx_word' id='word_1_706' title='bbox 652 1330 721 1363; x_wconf 85' lang='lat' dir='ltr'>Gell.</span> <span class='ocrx_word' id='word_1_707' title='bbox 736 1339 774 1362; x_wconf 86' lang='lat'>11,</span> <span class='ocrx_word' id='word_1_708' title='bbox 797 1339 807 1356; x_wconf 88' lang='grc' dir='ltr'><strong>ι</strong></span> <span class='ocrx_word' id='word_1_709' title='bbox 834 1329 986 1364; x_wconf 70' lang='lat' dir='ltr'>Bactraque</span> <span class='ocrx_word' id='word_1_710' title='bbox 1002 1332 1032 1356; x_wconf 82' lang='lat' dir='ltr'>in</span> <span class='ocrx_word' id='word_1_711' title='bbox 1045 1339 1075 1356; x_wconf 87' lang='lat' dir='ltr'>ea</span> <span class='ocrx_word' id='word_1_712' title='bbox 1143 1340 1242 1366; x_wconf 84' lang='lat' dir='ltr'>ponere</span> <span class='ocrx_word' id='word_1_713' title='bbox 1257 1332 1388 1365; x_wconf 68' lang='lat' dir='ltr'>Qiinetil.</span> <span class='ocrx_word' id='word_1_714' title='bbox 1404 1340 1426 1365; x_wconf 83' lang='grc' dir='ltr'>ς,</span> <span class='ocrx_word' id='word_1_715' title='bbox 1443 1340 1479 1359; x_wconf 83' lang='lat'>12.</span> <span class='ocrx_word' id='word_1_716' title='bbox 1550 1333 1591 1358; x_wconf 87' lang='lat' dir='ltr'>Ad</span> <span class='ocrx_word' id='word_1_717' title='bbox 1604 1333 1785 1359; x_wconf 86' lang='lat' dir='ltr'>reuerentiam</span> <span class='ocrx_word' id='word_1_718' title='bbox 1800 1333 1906 1359; x_wconf 79' lang='lat' dir='ltr'>Senatus</span> <span class='ocrx_word' id='word_1_719' title='bbox 1920 1334 2060 1367; x_wconf 82' lang='lat' dir='ltr'>componi,</span> <span class='ocrx_word' id='word_1_720' title='bbox 2081 1333 2193 1368; x_wconf 75' lang='lat' dir='ltr'>definiu-</span> 
     </span>
     <span class='ocr_line' id='line_1_35' title="bbox 35 1366 2194 1405; baseline -0.008 -7"><span class='ocrx_word' id='word_1_721' title='bbox 35 1378 106 1398; x_wconf 78' lang='lat' dir='ltr'>tcrra</span> <span class='ocrx_word' id='word_1_722' title='bbox 120 1370 194 1405; x_wconf 83' lang='lat' dir='ltr'>gigni</span> <span class='ocrx_word' id='word_1_723' title='bbox 210 1369 331 1404; x_wconf 84' lang='lat' dir='ltr'>pascique</span> <span class='ocrx_word' id='word_1_724' title='bbox 343 1368 420 1395; x_wconf 89' lang='lat' dir='ltr'>solita</span> <span class='ocrx_word' id='word_1_725' title='bbox 436 1367 484 1394; x_wconf 86' lang='lat' dir='ltr'>sint</span> <span class='ocrx_word' id='word_1_726' title='bbox 501 1366 683 1402; x_wconf 82' lang='lat' dir='ltr'>complurima.</span> <span class='ocrx_word' id='word_1_727' title='bbox 1140 1369 1233 1393; x_wconf 77' lang='lat' dir='ltr'>latione</span> <span class='ocrx_word' id='word_1_728' title='bbox 1245 1368 1312 1393; x_wconf 89' lang='lat' dir='ltr'>Plin.</span> <span class='ocrx_word' id='word_1_729' title='bbox 1328 1368 1501 1402; x_wconf 70' lang='lat' dir='ltr'>Paneg,76‚5,</span> <span class='ocrx_word' id='word_1_730' title='bbox 1545 1370 1651 1394; x_wconf 62' lang='lat' dir='ltr'>Pom-su,-</span> <span class='ocrx_word' id='word_1_731' title='bbox 1665 1376 1687 1393; x_wconf 82' lang='lat' dir='ltr'>ct</span> <span class='ocrx_word' id='word_1_732' title='bbox 1701 1379 1753 1394; x_wconf 76' lang='lat' dir='ltr'>cum</span> <span class='ocrx_word' id='word_1_733' title='bbox 1766 1370 1895 1401; x_wconf 80' lang='lat' dir='ltr'>Ablaiiuo,</span> <span class='ocrx_word' id='word_1_734' title='bbox 1914 1369 1997 1403; x_wconf 40' lang='lat' dir='ltr'>ommi,</span> <span class='ocrx_word' id='word_1_735' title='bbox 2011 1371 2046 1396; x_wconf 87' lang='lat' dir='ltr'>Pr</span> <span class='ocrx_word' id='word_1_736' title='bbox 2048 1371 2194 1405; x_wconf 46' lang='lat' dir='ltr'>deposta-one</span> 
     </span>
     <span class='ocr_line' id='line_1_36' title="bbox 70 1402 2193 1441; baseline -0.001 -7"><span class='ocrx_word' id='word_1_737' title='bbox 70 1413 87 1434; x_wconf 86' lang='lat' dir='ltr'><strong>c</strong></span> <span class='ocrx_word' id='word_1_738' title='bbox 96 1414 115 1434; x_wconf 91' lang='lat'>0</span> <span class='ocrx_word' id='word_1_739' title='bbox 124 1414 149 1433; x_wconf 86' lang='lat' dir='ltr'>M</span> <span class='ocrx_word' id='word_1_740' title='bbox 161 1413 175 1433; x_wconf 69' lang='grc' dir='ltr'><strong><em>Ρ</em></strong></span> <span class='ocrx_word' id='word_1_741' title='bbox 186 1413 202 1432; x_wconf 89' lang='lat' dir='ltr'>L</span> <span class='ocrx_word' id='word_1_742' title='bbox 211 1413 230 1432; x_wconf 88' lang='lat' dir='ltr'>v</span> <span class='ocrx_word' id='word_1_743' title='bbox 238 1412 274 1432; x_wconf 82' lang='lat' dir='ltr'>RI</span> <span class='ocrx_word' id='word_1_744' title='bbox 284 1412 308 1431; x_wconf 85' lang='lat' dir='ltr'><strong>M</strong></span> <span class='ocrx_word' id='word_1_745' title='bbox 318 1411 337 1431; x_wconf 91' lang='lat' dir='ltr'>v</span> <span class='ocrx_word' id='word_1_746' title='bbox 346 1411 371 1431; x_wconf 88' lang='lat' dir='ltr'>M</span> <span class='ocrx_word' id='word_1_747' title='bbox 379 1424 389 1437; x_wconf 93' lang='lat'>,</span> <span class='ocrx_word' id='word_1_748' title='bbox 422 1403 476 1430; x_wconf 86' lang='lat' dir='ltr'>vid.</span> <span class='ocrx_word' id='word_1_749' title='bbox 504 1411 520 1430; x_wconf 90' lang='lat' dir='ltr'>c</span> <span class='ocrx_word' id='word_1_750' title='bbox 529 1410 548 1428; x_wconf 80' lang='lat' dir='ltr'>v</span> <span class='ocrx_word' id='word_1_751' title='bbox 560 1410 582 1428; x_wconf 76' lang='lat' dir='ltr'>:u</span> <span class='ocrx_word' id='word_1_752' title='bbox 592 1409 606 1428; x_wconf 74' lang='grc' dir='ltr'>Ρ</span> <span class='ocrx_word' id='word_1_753' title='bbox 615 1408 631 1427; x_wconf 93' lang='lat' dir='ltr'>L</span> <span class='ocrx_word' id='word_1_754' title='bbox 641 1408 661 1428; x_wconf 93' lang='lat' dir='ltr'>v</span> <span class='ocrx_word' id='word_1_755' title='bbox 669 1408 688 1427; x_wconf 81' lang='lat' dir='ltr'>R</span> <span class='ocrx_word' id='word_1_756' title='bbox 697 1407 707 1426; x_wconf 85' lang='lat'>1</span> <span class='ocrx_word' id='word_1_757' title='bbox 715 1406 740 1425; x_wconf 90' lang='lat' dir='ltr'>M</span> <span class='ocrx_word' id='word_1_758' title='bbox 748 1407 770 1427; x_wconf 93' lang='lat' dir='ltr'>v</span> <span class='ocrx_word' id='word_1_759' title='bbox 779 1407 817 1426; x_wconf 89' lang='lat' dir='ltr'>M.</span> <span class='ocrx_word' id='word_1_760' title='bbox 1083 1414 1111 1441; x_wconf 76' lang='lat'>33</span> <span class='ocrx_word' id='word_1_761' title='bbox 1142 1403 1191 1428; x_wconf 88' lang='lat' dir='ltr'>In:</span> <span class='ocrx_word' id='word_1_762' title='bbox 1217 1409 1247 1428; x_wconf 83' lang='lat' dir='ltr'>vt</span> <span class='ocrx_word' id='word_1_763' title='bbox 1260 1402 1323 1429; x_wconf 84' lang='lat' dir='ltr'>Olla</span> <span class='ocrx_word' id='word_1_764' title='bbox 1336 1412 1408 1429; x_wconf 89' lang='lat' dir='ltr'>noua</span> <span class='ocrx_word' id='word_1_765' title='bbox 1421 1412 1582 1438; x_wconf 88' lang='lat' dir='ltr'>componere</span> <span class='ocrx_word' id='word_1_766' title='bbox 1596 1403 1706 1430; x_wconf 78' lang='lat' dir='ltr'>herbam</span> <span class='ocrx_word' id='word_1_767' title='bbox 1723 1405 1842 1430; x_wconf 77' lang='lat' dir='ltr'>scribon.</span> <span class='ocrx_word' id='word_1_768' title='bbox 1856 1407 1900 1430; x_wconf 82' lang='lat'>60.</span> <span class='ocrx_word' id='word_1_769' title='bbox 1954 1405 2014 1431; x_wconf 80' lang='lat' dir='ltr'>Olla</span> <span class='ocrx_word' id='word_1_770' title='bbox 2027 1405 2104 1431; x_wconf 60' lang='lat' dir='ltr'>fictili</span> <span class='ocrx_word' id='word_1_771' title='bbox 2120 1415 2193 1433; x_wconf 84' lang='lat' dir='ltr'>com-</span> 
     </span>
     <span class='ocr_line' id='line_1_37' title="bbox 71 1435 2195 1474; baseline -0 -4"><span class='ocrx_word' id='word_1_772' title='bbox 71 1449 150 1470; x_wconf 88' lang='lat' dir='ltr'>COM</span> <span class='ocrx_word' id='word_1_773' title='bbox 160 1448 199 1469; x_wconf 84' lang='lat' dir='ltr'>PL</span> <span class='ocrx_word' id='word_1_774' title='bbox 209 1448 259 1468; x_wconf 91' lang='lat' dir='ltr'>vv</span> <span class='ocrx_word' id='word_1_775' title='bbox 269 1448 307 1467; x_wconf 82' lang='lat' dir='ltr'>lv</span> <span class='ocrx_word' id='word_1_776' title='bbox 317 1447 341 1466; x_wconf 88' lang='grc' dir='ltr'><strong>Μ</strong></span> <span class='ocrx_word' id='word_1_777' title='bbox 352 1461 361 1473; x_wconf 94' lang='grc'>,</span> <span class='ocrx_word' id='word_1_778' title='bbox 393 1439 412 1466; x_wconf 89' lang='lat' dir='ltr'>i.</span> <span class='ocrx_word' id='word_1_779' title='bbox 448 1448 474 1465; x_wconf 91' lang='lat' dir='ltr'>n.</span> <span class='ocrx_word' id='word_1_780' title='bbox 511 1437 637 1474; x_wconf 64' lang='grc' dir='ltr'><strong>[σόῤῥσιοι,</strong></span> <span class='ocrx_word' id='word_1_781' title='bbox 656 1435 758 1472; x_wconf 56' lang='lat' dir='ltr'>edgifa]</span> <span class='ocrx_word' id='word_1_782' title='bbox 795 1436 852 1468; x_wconf 79' lang='lat' dir='ltr'>Est,</span> <span class='ocrx_word' id='word_1_783' title='bbox 872 1438 956 1472; x_wconf 76' lang='lat' dir='ltr'>inquit</span> <span class='ocrx_word' id='word_1_784' title='bbox 974 1436 1072 1469; x_wconf 80' lang='lat' dir='ltr'>Festus,</span> <span class='ocrx_word' id='word_1_785' title='bbox 1141 1446 1242 1473; x_wconf 85' lang='lat' dir='ltr'>ponere</span> <span class='ocrx_word' id='word_1_786' title='bbox 1258 1438 1332 1464; x_wconf 89' lang='lat' dir='ltr'>cerui</span> <span class='ocrx_word' id='word_1_787' title='bbox 1350 1448 1450 1465; x_wconf 86' lang='lat' dir='ltr'>cornua</span> <span class='ocrx_word' id='word_1_788' title='bbox 1471 1448 1524 1466; x_wconf 81' lang='lat'>122.</span> <span class='ocrx_word' id='word_1_789' title='bbox 1597 1440 1695 1472; x_wconf 87' lang='lat' dir='ltr'>Toro,</span> <span class='ocrx_word' id='word_1_790' title='bbox 1716 1442 1745 1466; x_wconf 83' lang='lat' dir='ltr'>it.</span> <span class='ocrx_word' id='word_1_791' title='bbox 1761 1440 1885 1465; x_wconf 85' lang='lat' dir='ltr'>Tumulo</span> <span class='ocrx_word' id='word_1_792' title='bbox 1904 1449 2064 1474; x_wconf 82' lang='lat' dir='ltr'>componere</span> <span class='ocrx_word' id='word_1_793' title='bbox 2085 1444 2195 1469; x_wconf 64' lang='grc' dir='ltr'>ωαιηηις</span> 
     </span>
     <span class='ocr_line' id='line_1_38' title="bbox 35 1472 2193 1513; baseline -0 -9"><span class='ocrx_word' id='word_1_794' title='bbox 35 1479 98 1512; x_wconf 74' lang='lat' dir='ltr'>Quo</span> <span class='ocrx_word' id='word_1_795' title='bbox 110 1477 142 1505; x_wconf 87' lang='lat' dir='ltr'>de</span> <span class='ocrx_word' id='word_1_796' title='bbox 157 1476 265 1504; x_wconf 86' lang='lat' dir='ltr'>diuersis</span> <span class='ocrx_word' id='word_1_797' title='bbox 279 1476 354 1503; x_wconf 63' lang='lat' dir='ltr'>tediis</span> <span class='ocrx_word' id='word_1_798' title='bbox 366 1483 433 1510; x_wconf 88' lang='lat' dir='ltr'>aqua</span> <span class='ocrx_word' id='word_1_799' title='bbox 446 1473 570 1509; x_wconf 79' lang='lat' dir='ltr'>pluuialis</span> <span class='ocrx_word' id='word_1_800' title='bbox 583 1472 693 1498; x_wconf 88' lang='lat' dir='ltr'>confluit</span> <span class='ocrx_word' id='word_1_801' title='bbox 707 1472 736 1497; x_wconf 88' lang='lat' dir='ltr'>in</span> <span class='ocrx_word' id='word_1_802' title='bbox 748 1472 862 1498; x_wconf 88' lang='lat' dir='ltr'>eundem</span> <span class='ocrx_word' id='word_1_803' title='bbox 875 1472 973 1499; x_wconf 88' lang='lat' dir='ltr'>locum.</span> <span class='ocrx_word' id='word_1_804' title='bbox 997 1474 1073 1499; x_wconf 88' lang='lat' dir='ltr'>Varr.</span> <span class='ocrx_word' id='word_1_805' title='bbox 1139 1473 1262 1509; x_wconf 82' lang='lat' dir='ltr'>modosub</span> <span class='ocrx_word' id='word_1_806' title='bbox 1275 1474 1344 1500; x_wconf 77' lang='lat' dir='ltr'>Ossa.</span> <span class='ocrx_word' id='word_1_807' title='bbox 1502 1474 1522 1512; x_wconf 62' lang='lat' dir='ltr'>q</span> <span class='ocrx_word' id='word_1_808' title='bbox 1545 1483 1557 1500; x_wconf 87' lang='lat'><strong>2</strong></span> <span class='ocrx_word' id='word_1_809' title='bbox 1593 1476 1762 1509; x_wconf 84' lang='lat' dir='ltr'>Componere</span> <span class='ocrx_word' id='word_1_810' title='bbox 1772 1495 1780 1507; x_wconf 91' lang='lat'>,</span> <span class='ocrx_word' id='word_1_811' title='bbox 1800 1475 2007 1508; x_wconf 50' lang='grc' dir='ltr'>[συναλλάττειη</span> <span class='ocrx_word' id='word_1_812' title='bbox 2027 1477 2193 1513; x_wconf 47' lang='lat' dir='ltr'>uoci-umifico]</span> 
     </span>
    </p>
   </div>
   <div class='ocr_carea' id='block_1_10' title="bbox 31 1506 2193 1620">
    <p class='ocr_par' dir='ltr' id='par_1_11' title="bbox 31 1506 2193 1620">
     <span class='ocr_line' id='line_1_39' title="bbox 33 1506 2193 1547; baseline -0.001 -8"><span class='ocrx_word' id='word_1_813' title='bbox 33 1514 65 1539; x_wconf 91' lang='lat' dir='ltr'>de</span> <span class='ocrx_word' id='word_1_814' title='bbox 79 1514 109 1539; x_wconf 90' lang='lat' dir='ltr'>L.</span> <span class='ocrx_word' id='word_1_815' title='bbox 123 1514 152 1539; x_wconf 91' lang='lat' dir='ltr'>L.</span> <span class='ocrx_word' id='word_1_816' title='bbox 166 1523 194 1547; x_wconf 90' lang='lat'>4,</span> <span class='ocrx_word' id='word_1_817' title='bbox 208 1521 234 1545; x_wconf 84' lang='lat'>33</span> <span class='ocrx_word' id='word_1_818' title='bbox 260 1513 361 1538; x_wconf 82' lang='lat' dir='ltr'>Catium</span> <span class='ocrx_word' id='word_1_819' title='bbox 380 1510 484 1537; x_wconf 84' lang='lat' dir='ltr'>aedium</span> <span class='ocrx_word' id='word_1_820' title='bbox 503 1509 605 1535; x_wconf 64' lang='lat' dir='ltr'>dielum</span> <span class='ocrx_word' id='word_1_821' title='bbox 614 1528 622 1540; x_wconf 93' lang='lat'>‚</span> <span class='ocrx_word' id='word_1_822' title='bbox 643 1508 691 1543; x_wconf 88' lang='lat' dir='ltr'>qui</span> <span class='ocrx_word' id='word_1_823' title='bbox 711 1507 783 1534; x_wconf 82' lang='lat' dir='ltr'>locus</span> <span class='ocrx_word' id='word_1_824' title='bbox 803 1507 886 1534; x_wconf 61' lang='lat' dir='ltr'>ceditis</span> <span class='ocrx_word' id='word_1_825' title='bbox 905 1509 975 1535; x_wconf 84' lang='lat' dir='ltr'>intra</span> <span class='ocrx_word' id='word_1_826' title='bbox 989 1509 1074 1543; x_wconf 83' lang='lat' dir='ltr'>parie-</span> <span class='ocrx_word' id='word_1_827' title='bbox 1140 1508 1175 1543; x_wconf 75' lang='lat' dir='ltr'>est</span> <span class='ocrx_word' id='word_1_828' title='bbox 1188 1511 1221 1536; x_wconf 84' lang='lat' dir='ltr'>od</span> <span class='ocrx_word' id='word_1_829' title='bbox 1233 1511 1416 1545; x_wconf 77' lang='lat' dir='ltr'>aequalitatem,</span> <span class='ocrx_word' id='word_1_830' title='bbox 1424 1516 1448 1536; x_wconf 80' lang='lat' dir='ltr'>et</span> <span class='ocrx_word' id='word_1_831' title='bbox 1462 1511 1529 1536; x_wconf 81' lang='lat' dir='ltr'>velut</span> <span class='ocrx_word' id='word_1_832' title='bbox 1542 1512 1715 1546; x_wconf 74' lang='lat' dir='ltr'>aequilibrium</span> <span class='ocrx_word' id='word_1_833' title='bbox 1728 1511 1848 1546; x_wconf 74' lang='lat' dir='ltr'>redigere,</span> <span class='ocrx_word' id='word_1_834' title='bbox 1862 1511 1929 1545; x_wconf 82' lang='lat' dir='ltr'>quod</span> <span class='ocrx_word' id='word_1_835' title='bbox 1942 1520 1995 1537; x_wconf 79' lang='lat' dir='ltr'>cum</span> <span class='ocrx_word' id='word_1_836' title='bbox 2009 1511 2037 1536; x_wconf 66' lang='lat' dir='ltr'>de</span> <span class='ocrx_word' id='word_1_837' title='bbox 2046 1506 2121 1545; x_wconf 62' lang='lat' dir='ltr'>bello,</span> <span class='ocrx_word' id='word_1_838' title='bbox 2137 1523 2193 1539; x_wconf 80' lang='lat' dir='ltr'>con-</span> 
     </span>
     <span class='ocr_line' id='line_1_40' title="bbox 32 1543 2193 1584; baseline -0.002 -9"><span class='ocrx_word' id='word_1_839' title='bbox 32 1555 85 1575; x_wconf 88' lang='lat' dir='ltr'>tem</span> <span class='ocrx_word' id='word_1_840' title='bbox 104 1548 304 1583; x_wconf 82' lang='lat' dir='ltr'>relinquebatur</span> <span class='ocrx_word' id='word_1_841' title='bbox 322 1546 438 1581; x_wconf 86' lang='lat' dir='ltr'>patulus,</span> <span class='ocrx_word' id='word_1_842' title='bbox 460 1544 507 1579; x_wconf 89' lang='lat' dir='ltr'>qui</span> <span class='ocrx_word' id='word_1_843' title='bbox 526 1545 586 1571; x_wconf 76' lang='lat' dir='ltr'>esset</span> <span class='ocrx_word' id='word_1_844' title='bbox 605 1543 638 1570; x_wconf 85' lang='lat' dir='ltr'>ad</span> <span class='ocrx_word' id='word_1_845' title='bbox 658 1552 826 1569; x_wconf 87' lang='lat' dir='ltr'>communem</span> <span class='ocrx_word' id='word_1_846' title='bbox 846 1545 969 1584; x_wconf 76' lang='lat' dir='ltr'>onmium</span> <span class='ocrx_word' id='word_1_847' title='bbox 989 1545 1073 1571; x_wconf 87' lang='lat' dir='ltr'>vsum.</span> <span class='ocrx_word' id='word_1_848' title='bbox 1139 1544 1281 1579; x_wconf 80' lang='lat' dir='ltr'>trouerfiis,</span> <span class='ocrx_word' id='word_1_849' title='bbox 1301 1548 1383 1578; x_wconf 83' lang='lat' dir='ltr'>curis,</span> <span class='ocrx_word' id='word_1_850' title='bbox 1398 1545 1538 1581; x_wconf 71' lang='lat' dir='ltr'>fluclibus,</span> <span class='ocrx_word' id='word_1_851' title='bbox 1558 1547 1645 1572; x_wconf 81' lang='lat' dir='ltr'>litibus</span> <span class='ocrx_word' id='word_1_852' title='bbox 1664 1546 1775 1578; x_wconf 77' lang='lat' dir='ltr'>dicitur,</span> <span class='ocrx_word' id='word_1_853' title='bbox 1791 1546 1872 1581; x_wconf 68' lang='lat' dir='ltr'>potest</span> <span class='ocrx_word' id='word_1_854' title='bbox 1884 1549 1959 1572; x_wconf 78' lang='lat' dir='ltr'>etiam</span> <span class='ocrx_word' id='word_1_855' title='bbox 1968 1555 2015 1582; x_wconf 80' lang='lat' dir='ltr'>per</span> <span class='ocrx_word' id='word_1_856' title='bbox 2021 1546 2102 1582; x_wconf 73' lang='lat' dir='ltr'>stim-e</span> <span class='ocrx_word' id='word_1_857' title='bbox 2115 1550 2193 1583; x_wconf 64' lang='lat' dir='ltr'>capli-</span> 
     </span>
     <span class='ocr_line' id='line_1_41' title="bbox 31 1578 2192 1620; baseline 0 -10"><span class='ocrx_word' id='word_1_858' title='bbox 31 1586 62 1610; x_wconf 88' lang='lat' dir='ltr'>In</span> <span class='ocrx_word' id='word_1_859' title='bbox 74 1584 124 1611; x_wconf 86' lang='lat' dir='ltr'>hoc</span> <span class='ocrx_word' id='word_1_860' title='bbox 138 1584 208 1610; x_wconf 86' lang='lat' dir='ltr'>locus</span> <span class='ocrx_word' id='word_1_861' title='bbox 229 1582 247 1609; x_wconf 85' lang='lat' dir='ltr'>si</span> <span class='ocrx_word' id='word_1_862' title='bbox 266 1582 353 1608; x_wconf 85' lang='lat' dir='ltr'>nullus</span> <span class='ocrx_word' id='word_1_863' title='bbox 372 1580 481 1608; x_wconf 64' lang='lat' dir='ltr'>refluus</span> <span class='ocrx_word' id='word_1_864' title='bbox 496 1586 566 1612; x_wconf 85' lang='lat' dir='ltr'>erat,</span> <span class='ocrx_word' id='word_1_865' title='bbox 586 1579 633 1606; x_wconf 91' lang='lat' dir='ltr'>sub</span> <span class='ocrx_word' id='word_1_866' title='bbox 648 1579 713 1605; x_wconf 93' lang='lat' dir='ltr'>diuo</span> <span class='ocrx_word' id='word_1_867' title='bbox 732 1579 780 1613; x_wconf 89' lang='lat' dir='ltr'>qui</span> <span class='ocrx_word' id='word_1_868' title='bbox 794 1580 867 1611; x_wconf 84' lang='lat' dir='ltr'>esset,</span> <span class='ocrx_word' id='word_1_869' title='bbox 886 1579 1024 1607; x_wconf 78' lang='lat' dir='ltr'>dicebatur</span> <span class='ocrx_word' id='word_1_870' title='bbox 1037 1586 1074 1606; x_wconf 84' lang='lat' dir='ltr'>tc·</span> <span class='ocrx_word' id='word_1_871' title='bbox 1082 1595 1119 1620; x_wconf 90' lang='lat'>40</span> <span class='ocrx_word' id='word_1_872' title='bbox 1139 1585 1203 1614; x_wconf 83' lang='lat' dir='ltr'>cari,</span> <span class='ocrx_word' id='word_1_873' title='bbox 1212 1588 1250 1614; x_wconf 81' lang='lat' dir='ltr'>vt,</span> <span class='ocrx_word' id='word_1_874' title='bbox 1258 1582 1427 1616; x_wconf 87' lang='lat' dir='ltr'>Componere</span> <span class='ocrx_word' id='word_1_875' title='bbox 1435 1581 1677 1608; x_wconf 83' lang='lat' dir='ltr'>bellumAlin.Cic.</span> <span class='ocrx_word' id='word_1_876' title='bbox 1687 1583 1807 1614; x_wconf 53' lang='lat' dir='ltr'>Famae,</span> <span class='ocrx_word' id='word_1_877' title='bbox 1815 1591 1849 1614; x_wconf 85' lang='grc'>33.</span> <span class='ocrx_word' id='word_1_878' title='bbox 1889 1583 1921 1608; x_wconf 82' lang='lat' dir='ltr'>Et</span> <span class='ocrx_word' id='word_1_879' title='bbox 1929 1578 2124 1617; x_wconf 77' lang='lat' dir='ltr'>Virg.Aen.12,&#39;</span> <span class='ocrx_word' id='word_1_880' title='bbox 2136 1593 2192 1617; x_wconf 83' lang='lat'>109.</span> 
     </span>
    </p>
   </div>
   <div class='ocr_carea' id='block_1_11' title="bbox 27 1615 2195 1726">
    <p class='ocr_par' dir='ltr' id='par_1_12' title="bbox 27 1615 2195 1726">
     <span class='ocr_line' id='line_1_42' title="bbox 30 1615 2195 1655; baseline 0 -9"><span class='ocrx_word' id='word_1_881' title='bbox 30 1619 106 1646; x_wconf 82' lang='lat' dir='ltr'>studo</span> <span class='ocrx_word' id='word_1_882' title='bbox 117 1627 132 1645; x_wconf 85' lang='lat' dir='ltr'>a</span> <span class='ocrx_word' id='word_1_883' title='bbox 143 1617 278 1645; x_wconf 87' lang='lat' dir='ltr'>testudinis</span> <span class='ocrx_word' id='word_1_884' title='bbox 290 1616 462 1643; x_wconf 77' lang='lat' dir='ltr'>similitudine</span> <span class='ocrx_word' id='word_1_885' title='bbox 471 1637 479 1649; x_wconf 93' lang='lat'>,</span> <span class='ocrx_word' id='word_1_886' title='bbox 502 1622 530 1642; x_wconf 92' lang='lat' dir='ltr'>vt</span> <span class='ocrx_word' id='word_1_887' title='bbox 541 1615 578 1642; x_wconf 87' lang='lat' dir='ltr'>est</span> <span class='ocrx_word' id='word_1_888' title='bbox 592 1616 620 1641; x_wconf 88' lang='lat' dir='ltr'>in</span> <span class='ocrx_word' id='word_1_889' title='bbox 635 1616 770 1649; x_wconf 86' lang='lat' dir='ltr'>praetorio</span> <span class='ocrx_word' id='word_1_890' title='bbox 784 1615 813 1642; x_wconf 89' lang='lat' dir='ltr'>in</span> <span class='ocrx_word' id='word_1_891' title='bbox 825 1616 922 1642; x_wconf 82' lang='lat' dir='ltr'>casti-is.</span> <span class='ocrx_word' id='word_1_892' title='bbox 970 1616 998 1643; x_wconf 77' lang='lat' dir='ltr'>Si</span> <span class='ocrx_word' id='word_1_893' title='bbox 1011 1616 1073 1643; x_wconf 87' lang='lat' dir='ltr'>reli·</span> <span class='ocrx_word' id='word_1_894' title='bbox 1139 1617 1339 1644; x_wconf 87' lang='lat' dir='ltr'>Controuersias</span> <span class='ocrx_word' id='word_1_895' title='bbox 1348 1618 1421 1644; x_wconf 85' lang='lat' dir='ltr'>Caes.</span> <span class='ocrx_word' id='word_1_896' title='bbox 1430 1618 1495 1644; x_wconf 85' lang='lat' dir='ltr'>Bell.</span> <span class='ocrx_word' id='word_1_897' title='bbox 1503 1619 1565 1644; x_wconf 91' lang='lat' dir='ltr'>Ciu.</span> <span class='ocrx_word' id='word_1_898' title='bbox 1574 1627 1597 1650; x_wconf 83' lang='lat'>3,</span> <span class='ocrx_word' id='word_1_899' title='bbox 1606 1627 1661 1651; x_wconf 89' lang='lat'>109.</span> <span class='ocrx_word' id='word_1_900' title='bbox 1693 1617 1885 1651; x_wconf 78' lang='lat' dir='ltr'>Id.Acn.4,34i</span> <span class='ocrx_word' id='word_1_901' title='bbox 1911 1619 1956 1644; x_wconf 89' lang='lat' dir='ltr'>Me</span> <span class='ocrx_word' id='word_1_902' title='bbox 1964 1619 1981 1644; x_wconf 82' lang='lat' dir='ltr'>si</span> <span class='ocrx_word' id='word_1_903' title='bbox 1991 1619 2115 1646; x_wconf 79' lang='lat' dir='ltr'>satanicis</span> <span class='ocrx_word' id='word_1_904' title='bbox 2124 1626 2195 1655; x_wconf 87' lang='lat' dir='ltr'>pate-</span> 
     </span>
     <span class='ocr_line' id='line_1_43' title="bbox 29 1651 2195 1688; baseline 0.001 -7"><span class='ocrx_word' id='word_1_905' title='bbox 29 1653 100 1682; x_wconf 66' lang='lat' dir='ltr'>&amp;um</span> <span class='ocrx_word' id='word_1_906' title='bbox 114 1660 169 1681; x_wconf 89' lang='lat' dir='ltr'>erat</span> <span class='ocrx_word' id='word_1_907' title='bbox 182 1654 211 1680; x_wconf 87' lang='lat' dir='ltr'>in</span> <span class='ocrx_word' id='word_1_908' title='bbox 224 1653 329 1685; x_wconf 90' lang='lat' dir='ltr'>medio,</span> <span class='ocrx_word' id='word_1_909' title='bbox 349 1658 378 1679; x_wconf 91' lang='lat' dir='ltr'>vt</span> <span class='ocrx_word' id='word_1_910' title='bbox 391 1652 476 1681; x_wconf 85' lang='lat' dir='ltr'>lucem</span> <span class='ocrx_word' id='word_1_911' title='bbox 491 1656 608 1686; x_wconf 85' lang='lat' dir='ltr'>caperet,</span> <span class='ocrx_word' id='word_1_912' title='bbox 623 1651 760 1683; x_wconf 90' lang='lat' dir='ltr'>deorsum,</span> <span class='ocrx_word' id='word_1_913' title='bbox 775 1660 828 1686; x_wconf 91' lang='lat' dir='ltr'>quo</span> <span class='ocrx_word' id='word_1_914' title='bbox 841 1651 1003 1686; x_wconf 83' lang='lat' dir='ltr'>impluebat,</span> <span class='ocrx_word' id='word_1_915' title='bbox 1021 1653 1072 1678; x_wconf 89' lang='lat' dir='ltr'>Im·</span> <span class='ocrx_word' id='word_1_916' title='bbox 1139 1659 1232 1680; x_wconf 83' lang='lat' dir='ltr'>rentur</span> <span class='ocrx_word' id='word_1_917' title='bbox 1245 1654 1340 1680; x_wconf 88' lang='lat' dir='ltr'>ducere</span> <span class='ocrx_word' id='word_1_918' title='bbox 1350 1654 1434 1680; x_wconf 86' lang='lat' dir='ltr'>vitam</span> <span class='ocrx_word' id='word_1_919' title='bbox 1471 1654 1810 1688; x_wconf 85' lang='lat' dir='ltr'>Auspiciis,etspontemea</span> <span class='ocrx_word' id='word_1_920' title='bbox 1817 1662 1976 1688; x_wconf 83' lang='lat' dir='ltr'>componere</span> <span class='ocrx_word' id='word_1_921' title='bbox 1986 1656 2077 1681; x_wconf 89' lang='lat' dir='ltr'>Curas.</span> <span class='ocrx_word' id='word_1_922' title='bbox 2114 1657 2195 1683; x_wconf 89' lang='lat' dir='ltr'>Diem</span> 
     </span>
     <span class='ocr_line' id='line_1_44' title="bbox 27 1686 2195 1726; baseline -0 -9"><span class='ocrx_word' id='word_1_923' title='bbox 27 1690 150 1726; x_wconf 88' lang='lat' dir='ltr'>pluuium</span> <span class='ocrx_word' id='word_1_924' title='bbox 162 1689 277 1716; x_wconf 67' lang='lat' dir='ltr'>dicium:</span> <span class='ocrx_word' id='word_1_925' title='bbox 309 1694 335 1715; x_wconf 84' lang='lat' dir='ltr'>et</span> <span class='ocrx_word' id='word_1_926' title='bbox 354 1689 470 1720; x_wconf 87' lang='lat' dir='ltr'>sursum,</span> <span class='ocrx_word' id='word_1_927' title='bbox 490 1696 541 1722; x_wconf 85' lang='lat' dir='ltr'>qua</span> <span class='ocrx_word' id='word_1_928' title='bbox 554 1686 736 1721; x_wconf 88' lang='lat' dir='ltr'>compluebat,</span> <span class='ocrx_word' id='word_1_929' title='bbox 750 1687 950 1721; x_wconf 89' lang='lat' dir='ltr'>conipluuium:</span> <span class='ocrx_word' id='word_1_930' title='bbox 970 1692 1072 1713; x_wconf 76' lang='lat' dir='ltr'>virum·</span> <span class='ocrx_word' id='word_1_931' title='bbox 1137 1698 1228 1724; x_wconf 87' lang='lat' dir='ltr'>parem</span> <span class='ocrx_word' id='word_1_932' title='bbox 1243 1688 1325 1716; x_wconf 86' lang='lat' dir='ltr'>Libra</span> <span class='ocrx_word' id='word_1_933' title='bbox 1339 1689 1491 1723; x_wconf 83' lang='lat' dir='ltr'>componit,</span> <span class='ocrx_word' id='word_1_934' title='bbox 1523 1693 1542 1715; x_wconf 84' lang='lat' dir='ltr'>i.</span> <span class='ocrx_word' id='word_1_935' title='bbox 1562 1690 1685 1725; x_wconf 80' lang='lat' dir='ltr'>aequalem</span> <span class='ocrx_word' id='word_1_936' title='bbox 1693 1689 1767 1725; x_wconf 68' lang='lat' dir='ltr'>facit</span> <span class='ocrx_word' id='word_1_937' title='bbox 1779 1688 1849 1715; x_wconf 65' lang='lat' dir='ltr'>noch·</span> <span class='ocrx_word' id='word_1_938' title='bbox 1862 1700 1869 1714; x_wconf 90' lang='lat'><em>:</em></span> <span class='ocrx_word' id='word_1_939' title='bbox 1890 1689 1987 1725; x_wconf 80' lang='lat' dir='ltr'>quando</span> <span class='ocrx_word' id='word_1_940' title='bbox 2000 1693 2063 1717; x_wconf 78' lang='lat' dir='ltr'>enim</span> <span class='ocrx_word' id='word_1_941' title='bbox 2078 1692 2119 1719; x_wconf 86' lang='lat' dir='ltr'>Sol</span> <span class='ocrx_word' id='word_1_942' title='bbox 2126 1692 2159 1725; x_wconf 74' lang='lat' dir='ltr'>esi</span> <span class='ocrx_word' id='word_1_943' title='bbox 2166 1688 2195 1718; x_wconf 78' lang='lat' dir='ltr'>i&#39;n</span> 
     </span>
    </p>
   </div>
   <div class='ocr_carea' id='block_1_12' title="bbox 0 1722 2195 3972">
    <p class='ocr_par' dir='ltr' id='par_1_13' title="bbox 0 1722 2195 3972">
     <span class='ocr_line' id='line_1_45' title="bbox 29 1722 2193 1762; baseline 0 -9"><span class='ocrx_word' id='word_1_944' title='bbox 29 1736 79 1762; x_wconf 88' lang='lat' dir='ltr'>que</span> <span class='ocrx_word' id='word_1_945' title='bbox 98 1735 112 1752; x_wconf 88' lang='lat' dir='ltr'>a</span> <span class='ocrx_word' id='word_1_946' title='bbox 128 1725 227 1760; x_wconf 86' lang='lat' dir='ltr'>pluuia.</span> <span class='ocrx_word' id='word_1_947' title='bbox 282 1723 355 1759; x_wconf 85' lang='lat' dir='ltr'>Conf.</span> <span class='ocrx_word' id='word_1_948' title='bbox 376 1729 573 1751; x_wconf 76' lang='lat' dir='ltr'>1MPLVV1VM.</span> <span class='ocrx_word' id='word_1_949' title='bbox 645 1722 772 1748; x_wconf 89' lang='lat' dir='ltr'>Vitruuio</span> <span class='ocrx_word' id='word_1_950' title='bbox 786 1725 858 1748; x_wconf 82' lang='lat' dir='ltr'>etiam</span> <span class='ocrx_word' id='word_1_951' title='bbox 872 1724 898 1755; x_wconf 88' lang='lat'>6,</span> <span class='ocrx_word' id='word_1_952' title='bbox 913 1731 926 1754; x_wconf 88' lang='grc'><strong>3</strong></span> <span class='ocrx_word' id='word_1_953' title='bbox 947 1723 1073 1757; x_wconf 87' lang='lat' dir='ltr'>Complu-</span> <span class='ocrx_word' id='word_1_954' title='bbox 1139 1726 1233 1758; x_wconf 80' lang='lat' dir='ltr'>Libra,</span> <span class='ocrx_word' id='word_1_955' title='bbox 1244 1725 1282 1761; x_wconf 81' lang='lat' dir='ltr'>fit</span> <span class='ocrx_word' id='word_1_956' title='bbox 1293 1723 1474 1761; x_wconf 62' lang='lat' dir='ltr'>aequinoffium</span> <span class='ocrx_word' id='word_1_957' title='bbox 1487 1726 1636 1751; x_wconf 83' lang='lat' dir='ltr'>Autumnale</span> <span class='ocrx_word' id='word_1_958' title='bbox 1650 1725 1707 1751; x_wconf 84' lang='lat' dir='ltr'>Sen.</span> <span class='ocrx_word' id='word_1_959' title='bbox 1718 1725 1892 1758; x_wconf 82' lang='lat' dir='ltr'>Hippol.839.</span> <span class='ocrx_word' id='word_1_960' title='bbox 1949 1726 1996 1753; x_wconf 70' lang='lat' dir='ltr'>Sed</span> <span class='ocrx_word' id='word_1_961' title='bbox 2010 1727 2077 1753; x_wconf 85' lang='lat' dir='ltr'>Cum</span> <span class='ocrx_word' id='word_1_962' title='bbox 2094 1728 2193 1762; x_wconf 82' lang='lat' dir='ltr'>Virgil.</span> 
     </span>
     <span class='ocr_line' id='line_1_46' title="bbox 7 1757 2195 1797; baseline 0 -8"><span class='ocrx_word' id='word_1_963' title='bbox 7 1781 9 1784; x_wconf 86' lang='lat'>.</span> <span class='ocrx_word' id='word_1_964' title='bbox 27 1762 104 1789; x_wconf 86' lang='lat' dir='ltr'>vium</span> <span class='ocrx_word' id='word_1_965' title='bbox 121 1759 154 1795; x_wconf 82' lang='lat' dir='ltr'>est</span> <span class='ocrx_word' id='word_1_966' title='bbox 167 1771 194 1787; x_wconf 82' lang='lat' dir='ltr'>ea</span> <span class='ocrx_word' id='word_1_967' title='bbox 200 1768 266 1796; x_wconf 81' lang='lat' dir='ltr'>pars</span> <span class='ocrx_word' id='word_1_968' title='bbox 283 1760 346 1786; x_wconf 73' lang='lat' dir='ltr'>teHi</span> <span class='ocrx_word' id='word_1_969' title='bbox 365 1762 391 1786; x_wconf 81' lang='lat' dir='ltr'>in</span> <span class='ocrx_word' id='word_1_970' title='bbox 410 1759 540 1790; x_wconf 80' lang='lat' dir='ltr'>couaedio,</span> <span class='ocrx_word' id='word_1_971' title='bbox 561 1767 622 1793; x_wconf 81' lang='lat' dir='ltr'>quae</span> <span class='ocrx_word' id='word_1_972' title='bbox 631 1758 745 1792; x_wconf 77' lang='lat' dir='ltr'>pluuium</span> <span class='ocrx_word' id='word_1_973' title='bbox 760 1757 865 1784; x_wconf 80' lang='lat' dir='ltr'>deiicit:</span> <span class='ocrx_word' id='word_1_974' title='bbox 897 1767 958 1784; x_wconf 90' lang='lat' dir='ltr'>cum</span> <span class='ocrx_word' id='word_1_975' title='bbox 977 1759 1073 1785; x_wconf 80' lang='lat' dir='ltr'>iisdem</span> <span class='ocrx_word' id='word_1_976' title='bbox 1080 1768 1114 1795; x_wconf 73' lang='lat'>43</span> <span class='ocrx_word' id='word_1_977' title='bbox 1141 1762 1206 1787; x_wconf 87' lang='lat' dir='ltr'>Aen.</span> <span class='ocrx_word' id='word_1_978' title='bbox 1220 1770 1246 1793; x_wconf 83' lang='lat'>1,</span> <span class='ocrx_word' id='word_1_979' title='bbox 1263 1766 1310 1796; x_wconf 83' lang='lat'>378</span> <span class='ocrx_word' id='word_1_980' title='bbox 1343 1761 1421 1787; x_wconf 87' lang='lat' dir='ltr'>Diem</span> <span class='ocrx_word' id='word_1_981' title='bbox 1440 1761 1579 1795; x_wconf 86' lang='lat' dir='ltr'>componit</span> <span class='ocrx_word' id='word_1_982' title='bbox 1593 1761 1699 1796; x_wconf 87' lang='lat' dir='ltr'>vesper,</span> <span class='ocrx_word' id='word_1_983' title='bbox 1725 1761 1790 1787; x_wconf 81' lang='lat' dir='ltr'>illud</span> <span class='ocrx_word' id='word_1_984' title='bbox 1805 1770 1835 1786; x_wconf 82' lang='lat' dir='ltr'>ex</span> <span class='ocrx_word' id='word_1_985' title='bbox 1849 1762 1985 1796; x_wconf 76' lang='lat' dir='ltr'>Sepeliendi</span> <span class='ocrx_word' id='word_1_986' title='bbox 1994 1765 2082 1797; x_wconf 83' lang='lat' dir='ltr'>potius</span> <span class='ocrx_word' id='word_1_987' title='bbox 2095 1767 2195 1790; x_wconf 75' lang='lat' dir='ltr'>notione</span> 
     </span>
     <span class='ocr_line' id='line_1_47' title="bbox 19 1793 2194 1834; baseline 0.001 -10"><span class='ocrx_word' id='word_1_988' title='bbox 19 1798 177 1827; x_wconf 58' lang='lat' dir='ltr'>{rationibus</span> <span class='ocrx_word' id='word_1_989' title='bbox 196 1796 282 1823; x_wconf 84' lang='lat' dir='ltr'>trabes</span> <span class='ocrx_word' id='word_1_990' title='bbox 302 1802 328 1822; x_wconf 87' lang='lat' dir='ltr'>et</span> <span class='ocrx_word' id='word_1_991' title='bbox 346 1794 499 1829; x_wconf 90' lang='lat' dir='ltr'>compluuia</span> <span class='ocrx_word' id='word_1_992' title='bbox 520 1794 692 1820; x_wconf 83' lang='lat' dir='ltr'>collocantur.</span> <span class='ocrx_word' id='word_1_993' title='bbox 741 1794 863 1829; x_wconf 82' lang='lat' dir='ltr'>Loquitur</span> <span class='ocrx_word' id='word_1_994' title='bbox 882 1793 912 1820; x_wconf 74' lang='lat' dir='ltr'>de</span> <span class='ocrx_word' id='word_1_995' title='bbox 929 1801 1073 1821; x_wconf 80' lang='lat' dir='ltr'>excurrente</span> <span class='ocrx_word' id='word_1_996' title='bbox 1140 1796 1370 1831; x_wconf 76' lang='lat' dir='ltr'>interpretandum,</span> <span class='ocrx_word' id='word_1_997' title='bbox 1391 1796 1420 1823; x_wconf 81' lang='lat' dir='ltr'>de</span> <span class='ocrx_word' id='word_1_998' title='bbox 1452 1807 1483 1823; x_wconf 86' lang='lat' dir='ltr'>ua</span> <span class='ocrx_word' id='word_1_999' title='bbox 1502 1807 1527 1823; x_wconf 85' lang='lat' dir='ltr'>n.</span> <span class='ocrx_word' id='word_1_1000' title='bbox 1541 1807 1561 1823; x_wconf 82' lang='lat'>1.</span> <span class='ocrx_word' id='word_1_1001' title='bbox 1575 1797 1624 1833; x_wconf 81' lang='lat' dir='ltr'>sub</span> <span class='ocrx_word' id='word_1_1002' title='bbox 1638 1797 1706 1823; x_wconf 81' lang='lat' dir='ltr'>Ossa.</span> <span class='ocrx_word' id='word_1_1003' title='bbox 1763 1799 1874 1831; x_wconf 75' lang='lat' dir='ltr'>Denique</span> <span class='ocrx_word' id='word_1_1004' title='bbox 1889 1797 1955 1823; x_wconf 83' lang='lat' dir='ltr'>Plin.</span> <span class='ocrx_word' id='word_1_1005' title='bbox 1968 1798 2049 1832; x_wconf 75' lang='lat' dir='ltr'>Epist.</span> <span class='ocrx_word' id='word_1_1006' title='bbox 2065 1807 2095 1831; x_wconf 88' lang='lat'>2,</span> <span class='ocrx_word' id='word_1_1007' title='bbox 2115 1807 2161 1834; x_wconf 89' lang='lat'>17,</span> <span class='ocrx_word' id='word_1_1008' title='bbox 2178 1807 2194 1825; x_wconf 87' lang='lat'>2</span> 
     </span>
     <span class='ocr_line' id='line_1_48' title="bbox 45 1805 2195 1869; baseline 0.001 -9"><span class='ocrx_word' id='word_1_1009' title='bbox 45 1841 98 1860; x_wconf 78' lang='lat' dir='ltr'>arte</span> <span class='ocrx_word' id='word_1_1010' title='bbox 118 1832 194 1865; x_wconf 55' lang='lat' dir='ltr'>terli,</span> <span class='ocrx_word' id='word_1_1011' title='bbox 215 1839 239 1858; x_wconf 82' lang='lat' dir='ltr'>et</span> <span class='ocrx_word' id='word_1_1012' title='bbox 254 1831 371 1865; x_wconf 60' lang='lat' dir='ltr'>asstribus</span> <span class='ocrx_word' id='word_1_1013' title='bbox 388 1832 488 1867; x_wconf 75' lang='lat' dir='ltr'>longim-</span> <span class='ocrx_word' id='word_1_1014' title='bbox 502 1828 635 1865; x_wconf 65' lang='lat' dir='ltr'>proiectis.</span> <span class='ocrx_word' id='word_1_1015' title='bbox 677 1827 726 1856; x_wconf 77' lang='lat' dir='ltr'>Sed</span> <span class='ocrx_word' id='word_1_1016' title='bbox 738 1832 852 1865; x_wconf 69' lang='lat' dir='ltr'>proxime</span> <span class='ocrx_word' id='word_1_1017' title='bbox 870 1837 928 1856; x_wconf 82' lang='lat' dir='ltr'>ante</span> <span class='ocrx_word' id='word_1_1018' title='bbox 942 1829 1074 1857; x_wconf 80' lang='lat' dir='ltr'>Afferibus</span> <span class='ocrx_word' id='word_1_1019' title='bbox 1141 1831 1309 1866; x_wconf 83' lang='lat' dir='ltr'>Compositus</span> <span class='ocrx_word' id='word_1_1020' title='bbox 1330 1832 1387 1859; x_wconf 86' lang='lat' dir='ltr'>dies</span> <span class='ocrx_word' id='word_1_1021' title='bbox 1413 1805 1450 1866; x_wconf 56' lang='lat' dir='ltr'><em>st</em></span> <span class='ocrx_word' id='word_1_1022' title='bbox 1470 1833 1601 1859; x_wconf 75' lang='lat' dir='ltr'>ordinatus</span> <span class='ocrx_word' id='word_1_1023' title='bbox 1615 1832 1686 1865; x_wconf 80' lang='lat' dir='ltr'>bene,</span> <span class='ocrx_word' id='word_1_1024' title='bbox 1712 1838 1735 1858; x_wconf 84' lang='lat' dir='ltr'>et</span> <span class='ocrx_word' id='word_1_1025' title='bbox 1753 1835 1781 1858; x_wconf 85' lang='lat' dir='ltr'>in</span> <span class='ocrx_word' id='word_1_1026' title='bbox 1801 1832 1883 1867; x_wconf 67' lang='lat' dir='ltr'>officia</span> <span class='ocrx_word' id='word_1_1027' title='bbox 1893 1833 1943 1869; x_wconf 69' lang='lat' dir='ltr'>sica</span> <span class='ocrx_word' id='word_1_1028' title='bbox 1956 1837 2005 1859; x_wconf 79' lang='lat' dir='ltr'>iam</span> <span class='ocrx_word' id='word_1_1029' title='bbox 2017 1835 2144 1868; x_wconf 78' lang='lat' dir='ltr'>tributus,</span> <span class='ocrx_word' id='word_1_1030' title='bbox 2164 1841 2195 1862; x_wconf 74' lang='lat' dir='ltr'>vt</span> 
     </span>
     <span class='ocr_line' id='line_1_49' title="bbox 37 1864 2195 1904; baseline 0.001 -8"><span class='ocrx_word' id='word_1_1031' title='bbox 37 1869 226 1896; x_wconf 71' lang='lat' dir='ltr'>iillicidiorum</span> <span class='ocrx_word' id='word_1_1032' title='bbox 238 1868 267 1894; x_wconf 90' lang='lat' dir='ltr'>in</span> <span class='ocrx_word' id='word_1_1033' title='bbox 278 1867 396 1894; x_wconf 88' lang='lat' dir='ltr'>medium</span> <span class='ocrx_word' id='word_1_1034' title='bbox 414 1865 599 1900; x_wconf 88' lang='lat' dir='ltr'>compluuium</span> <span class='ocrx_word' id='word_1_1035' title='bbox 613 1864 739 1904; x_wconf 67' lang='lat' dir='ltr'>deieCms.</span> <span class='ocrx_word' id='word_1_1036' title='bbox 783 1866 845 1891; x_wconf 78' lang='lat' dir='ltr'>Mox</span> <span class='ocrx_word' id='word_1_1037' title='bbox 857 1865 939 1899; x_wconf 84' lang='lat' dir='ltr'>Qiod</span> <span class='ocrx_word' id='word_1_1038' title='bbox 954 1866 1074 1900; x_wconf 85' lang='lat' dir='ltr'>complu·</span> <span class='ocrx_word' id='word_1_1039' title='bbox 1140 1867 1226 1894; x_wconf 82' lang='lat' dir='ltr'>deinde</span> <span class='ocrx_word' id='word_1_1040' title='bbox 1238 1869 1322 1901; x_wconf 76' lang='lat' dir='ltr'>liceat,</span> <span class='ocrx_word' id='word_1_1041' title='bbox 1341 1868 1408 1904; x_wconf 82' lang='lat' dir='ltr'>quod</span> <span class='ocrx_word' id='word_1_1042' title='bbox 1438 1867 1531 1904; x_wconf 79' lang='lat' dir='ltr'>uperest</span> <span class='ocrx_word' id='word_1_1043' title='bbox 1549 1878 1622 1895; x_wconf 83' lang='lat' dir='ltr'>curae</span> <span class='ocrx_word' id='word_1_1044' title='bbox 1634 1872 1746 1903; x_wconf 74' lang='lat' dir='ltr'>corporis</span> <span class='ocrx_word' id='word_1_1045' title='bbox 1758 1869 1904 1904; x_wconf 76' lang='lat' dir='ltr'>impendere.</span> <span class='ocrx_word' id='word_1_1046' title='bbox 1957 1870 2109 1897; x_wconf 86' lang='lat' dir='ltr'>Discordias</span> <span class='ocrx_word' id='word_1_1047' title='bbox 2122 1880 2195 1899; x_wconf 87' lang='lat' dir='ltr'>com-</span> 
     </span>
     <span class='ocr_line' id='line_1_50' title="bbox 27 1900 2195 1940; baseline 0.001 -8"><span class='ocrx_word' id='word_1_1048' title='bbox 27 1905 72 1932; x_wconf 86' lang='lat' dir='ltr'>via</span> <span class='ocrx_word' id='word_1_1049' title='bbox 85 1914 177 1932; x_wconf 88' lang='lat' dir='ltr'>eorum</span> <span class='ocrx_word' id='word_1_1050' title='bbox 190 1903 277 1930; x_wconf 74' lang='lat' dir='ltr'>ere6’ffl</span> <span class='ocrx_word' id='word_1_1051' title='bbox 288 1912 342 1930; x_wconf 89' lang='lat' dir='ltr'>non</span> <span class='ocrx_word' id='word_1_1052' title='bbox 354 1902 457 1929; x_wconf 87' lang='lat' dir='ltr'>obstant</span> <span class='ocrx_word' id='word_1_1053' title='bbox 470 1901 617 1928; x_wconf 88' lang='lat' dir='ltr'>luminibus</span> <span class='ocrx_word' id='word_1_1054' title='bbox 630 1900 819 1928; x_wconf 79' lang='lat' dir='ltr'>tricliniorum.</span> <span class='ocrx_word' id='word_1_1055' title='bbox 892 1903 976 1928; x_wconf 86' lang='lat' dir='ltr'>Varro</span> <span class='ocrx_word' id='word_1_1056' title='bbox 997 1903 1028 1930; x_wconf 80' lang='lat' dir='ltr'>R.</span> <span class='ocrx_word' id='word_1_1057' title='bbox 1041 1903 1074 1929; x_wconf 81' lang='lat' dir='ltr'>R.</span> <span class='ocrx_word' id='word_1_1058' title='bbox 1140 1912 1240 1938; x_wconf 90' lang='lat' dir='ltr'>ponere</span> <span class='ocrx_word' id='word_1_1059' title='bbox 1258 1903 1381 1931; x_wconf 85' lang='lat' dir='ltr'>aduersus</span> <span class='ocrx_word' id='word_1_1060' title='bbox 1399 1913 1414 1931; x_wconf 81' lang='lat' dir='ltr'>a</span> <span class='ocrx_word' id='word_1_1061' title='bbox 1426 1906 1517 1940; x_wconf 88' lang='lat' dir='ltr'>iquem</span> <span class='ocrx_word' id='word_1_1062' title='bbox 1529 1905 1622 1932; x_wconf 85' lang='lat' dir='ltr'>Tacit.</span> <span class='ocrx_word' id='word_1_1063' title='bbox 1643 1904 1711 1930; x_wconf 80' lang='lat' dir='ltr'>Hist.</span> <span class='ocrx_word' id='word_1_1064' title='bbox 1727 1913 1760 1938; x_wconf 85' lang='lat'>4,</span> <span class='ocrx_word' id='word_1_1065' title='bbox 1780 1912 1819 1937; x_wconf 79' lang='lat'>50.</span> <span class='ocrx_word' id='word_1_1066' title='bbox 1891 1903 1997 1932; x_wconf 70' lang='lat' dir='ltr'>Flu&lt;9ms</span> <span class='ocrx_word' id='word_1_1067' title='bbox 2014 1912 2100 1933; x_wconf 83' lang='lat' dir='ltr'>motos</span> <span class='ocrx_word' id='word_1_1068' title='bbox 2120 1915 2195 1935; x_wconf 89' lang='lat' dir='ltr'>com-</span> 
     </span>
     <span class='ocr_line' id='line_1_51' title="bbox 28 1936 2195 1975; baseline 0 -9"><span class='ocrx_word' id='word_1_1069' title='bbox 28 1950 49 1973; x_wconf 86' lang='lat' dir='ltr'>t,</span> <span class='ocrx_word' id='word_1_1070' title='bbox 62 1949 96 1973; x_wconf 85' lang='lat'>13,</span> <span class='ocrx_word' id='word_1_1071' title='bbox 109 1949 122 1973; x_wconf 92' lang='grc'><strong>3</strong></span> <span class='ocrx_word' id='word_1_1072' title='bbox 150 1941 184 1967; x_wconf 89' lang='lat' dir='ltr'>Vt</span> <span class='ocrx_word' id='word_1_1073' title='bbox 199 1940 309 1966; x_wconf 85' lang='lat' dir='ltr'>interius</span> <span class='ocrx_word' id='word_1_1074' title='bbox 323 1938 508 1973; x_wconf 86' lang='lat' dir='ltr'>compluuium</span> <span class='ocrx_word' id='word_1_1075' title='bbox 529 1937 623 1963; x_wconf 86' lang='lat' dir='ltr'>habeat</span> <span class='ocrx_word' id='word_1_1076' title='bbox 642 1937 743 1968; x_wconf 89' lang='lat' dir='ltr'>lacum,</span> <span class='ocrx_word' id='word_1_1077' title='bbox 763 1936 810 1963; x_wconf 93' lang='lat' dir='ltr'>vbi</span> <span class='ocrx_word' id='word_1_1078' title='bbox 829 1945 898 1972; x_wconf 88' lang='lat' dir='ltr'>aqua</span> <span class='ocrx_word' id='word_1_1079' title='bbox 919 1938 1006 1970; x_wconf 83' lang='lat' dir='ltr'>saliat,</span> <span class='ocrx_word' id='word_1_1080' title='bbox 1025 1938 1074 1973; x_wconf 90' lang='lat' dir='ltr'>qui</span> <span class='ocrx_word' id='word_1_1081' title='bbox 1085 1943 1117 1970; x_wconf 72' lang='lat'>50</span> <span class='ocrx_word' id='word_1_1082' title='bbox 1140 1948 1241 1974; x_wconf 85' lang='lat' dir='ltr'>ponere</span> <span class='ocrx_word' id='word_1_1083' title='bbox 1254 1940 1329 1974; x_wconf 84' lang='lat' dir='ltr'>Virg.</span> <span class='ocrx_word' id='word_1_1084' title='bbox 1344 1941 1408 1966; x_wconf 88' lang='lat' dir='ltr'>Aen.</span> <span class='ocrx_word' id='word_1_1085' title='bbox 1423 1950 1443 1973; x_wconf 91' lang='lat' dir='ltr'>i,</span> <span class='ocrx_word' id='word_1_1086' title='bbox 1460 1949 1512 1975; x_wconf 84' lang='grc'><strong>139.</strong></span> <span class='ocrx_word' id='word_1_1087' title='bbox 1568 1941 1642 1967; x_wconf 83' lang='lat' dir='ltr'>Idem</span> <span class='ocrx_word' id='word_1_1088' title='bbox 1656 1939 1707 1966; x_wconf 87' lang='lat' dir='ltr'>Ecl.</span> <span class='ocrx_word' id='word_1_1089' title='bbox 1723 1948 1752 1972; x_wconf 88' lang='grc'>3,</span> <span class='ocrx_word' id='word_1_1090' title='bbox 1766 1946 1810 1970; x_wconf 87' lang='lat'>108</span> <span class='ocrx_word' id='word_1_1091' title='bbox 1832 1940 1906 1973; x_wconf 89' lang='lat' dir='ltr'>Non,</span> <span class='ocrx_word' id='word_1_1092' title='bbox 1919 1941 2039 1968; x_wconf 81' lang='lat' dir='ltr'>nostrum</span> <span class='ocrx_word' id='word_1_1093' title='bbox 2059 1943 2130 1970; x_wconf 76' lang='lat' dir='ltr'>inter</span> <span class='ocrx_word' id='word_1_1094' title='bbox 2144 1950 2195 1970; x_wconf 67' lang='lat' dir='ltr'>vos</span> 
     </span>
     <span class='ocr_line' id='line_1_52' title="bbox 30 1970 2195 2012; baseline 0.001 -9"><span class='ocrx_word' id='word_1_1095' title='bbox 30 1978 97 2004; x_wconf 72' lang='lat' dir='ltr'>&#39;ntra</span> <span class='ocrx_word' id='word_1_1096' title='bbox 109 1975 248 2009; x_wconf 87' lang='lat' dir='ltr'>stylobatas</span> <span class='ocrx_word' id='word_1_1097' title='bbox 269 1975 358 2010; x_wconf 64' lang='lat' dir='ltr'>(bases</span> <span class='ocrx_word' id='word_1_1098' title='bbox 370 1976 552 2005; x_wconf 83' lang='lat' dir='ltr'>columnarum,</span> <span class='ocrx_word' id='word_1_1099' title='bbox 570 1981 630 2008; x_wconf 79' lang='lat' dir='ltr'>quoe</span> <span class='ocrx_word' id='word_1_1100' title='bbox 643 1970 804 2005; x_wconf 83' lang='lat' dir='ltr'>circumstant</span> <span class='ocrx_word' id='word_1_1101' title='bbox 819 1975 1000 2009; x_wconf 84' lang='lat' dir='ltr'>compluuium)</span> <span class='ocrx_word' id='word_1_1102' title='bbox 1015 1983 1075 2000; x_wconf 89' lang='lat' dir='ltr'>cum</span> <span class='ocrx_word' id='word_1_1103' title='bbox 1139 1981 1224 2002; x_wconf 85' lang='lat' dir='ltr'>tantas</span> <span class='ocrx_word' id='word_1_1104' title='bbox 1238 1984 1398 2010; x_wconf 88' lang='lat' dir='ltr'>componere</span> <span class='ocrx_word' id='word_1_1105' title='bbox 1411 1976 1478 2003; x_wconf 85' lang='lat' dir='ltr'>lites.</span> <span class='ocrx_word' id='word_1_1106' title='bbox 1551 1977 1643 2004; x_wconf 89' lang='lat' dir='ltr'>Tacit.</span> <span class='ocrx_word' id='word_1_1107' title='bbox 1652 1977 1720 2003; x_wconf 87' lang='lat' dir='ltr'>Ann.</span> <span class='ocrx_word' id='word_1_1108' title='bbox 1731 1984 1764 2008; x_wconf 77' lang='grc' dir='ltr'><strong>ις,</strong></span> <span class='ocrx_word' id='word_1_1109' title='bbox 1779 1985 1795 2002; x_wconf 88' lang='lat'>2</span> <span class='ocrx_word' id='word_1_1110' title='bbox 1814 1976 1985 2012; x_wconf 87' lang='lat' dir='ltr'>Videbarque</span> <span class='ocrx_word' id='word_1_1111' title='bbox 2000 1984 2091 2004; x_wconf 86' lang='lat' dir='ltr'>contra</span> <span class='ocrx_word' id='word_1_1112' title='bbox 2103 1984 2195 2006; x_wconf 72' lang='lat' dir='ltr'>vetera</span> 
     </span>
     <span class='ocr_line' id='line_1_53' title="bbox 28 2008 2194 2047; baseline 0 -8"><span class='ocrx_word' id='word_1_1113' title='bbox 28 2013 118 2045; x_wconf 84' lang='lat' dir='ltr'>venit,</span> <span class='ocrx_word' id='word_1_1114' title='bbox 139 2011 169 2038; x_wconf 86' lang='lat' dir='ltr'>fit</span> <span class='ocrx_word' id='word_1_1115' title='bbox 177 2010 350 2045; x_wconf 82' lang='lat' dir='ltr'>semipisciua.</span> <span class='ocrx_word' id='word_1_1116' title='bbox 409 2010 516 2036; x_wconf 86' lang='lat' dir='ltr'>Sueton.</span> <span class='ocrx_word' id='word_1_1117' title='bbox 524 2009 552 2035; x_wconf 91' lang='lat' dir='ltr'>in</span> <span class='ocrx_word' id='word_1_1118' title='bbox 561 2008 668 2042; x_wconf 85' lang='lat' dir='ltr'>August.</span> <span class='ocrx_word' id='word_1_1119' title='bbox 677 2016 698 2034; x_wconf 90' lang='lat' dir='ltr'>c.</span> <span class='ocrx_word' id='word_1_1120' title='bbox 708 2017 740 2040; x_wconf 90' lang='lat'>92</span> <span class='ocrx_word' id='word_1_1121' title='bbox 760 2009 819 2042; x_wconf 85' lang='lat' dir='ltr'>Qia</span> <span class='ocrx_word' id='word_1_1122' title='bbox 827 2015 928 2035; x_wconf 83' lang='lat' dir='ltr'>enatam</span> <span class='ocrx_word' id='word_1_1123' title='bbox 935 2010 1005 2036; x_wconf 87' lang='lat' dir='ltr'>inter</span> <span class='ocrx_word' id='word_1_1124' title='bbox 1014 2011 1073 2036; x_wconf 88' lang='lat' dir='ltr'>iun-</span> <span class='ocrx_word' id='word_1_1125' title='bbox 1140 2012 1254 2038; x_wconf 84' lang='lat' dir='ltr'>fratrum</span> <span class='ocrx_word' id='word_1_1126' title='bbox 1268 2012 1332 2038; x_wconf 86' lang='lat' dir='ltr'>odia</span> <span class='ocrx_word' id='word_1_1127' title='bbox 1348 2018 1374 2039; x_wconf 85' lang='lat' dir='ltr'>et</span> <span class='ocrx_word' id='word_1_1128' title='bbox 1388 2012 1551 2046; x_wconf 78' lang='lat' dir='ltr'>certamina,</span> <span class='ocrx_word' id='word_1_1129' title='bbox 1570 2013 1690 2039; x_wconf 87' lang='lat' dir='ltr'>familiae</span> <span class='ocrx_word' id='word_1_1130' title='bbox 1704 2012 1808 2039; x_wconf 85' lang='lat' dir='ltr'>nostrae</span> <span class='ocrx_word' id='word_1_1131' title='bbox 1821 2013 1929 2039; x_wconf 83' lang='lat' dir='ltr'>Penates</span> <span class='ocrx_word' id='word_1_1132' title='bbox 1947 2013 1999 2038; x_wconf 88' lang='lat' dir='ltr'>rite</span> <span class='ocrx_word' id='word_1_1133' title='bbox 2012 2014 2194 2047; x_wconf 76' lang='lat' dir='ltr'>composuisse.</span> 
     </span>
     <span class='ocr_line' id='line_1_54' title="bbox 29 2044 2195 2082; baseline 0.001 -8"><span class='ocrx_word' id='word_1_1134' title='bbox 29 2049 117 2075; x_wconf 67' lang='lat' dir='ltr'>&amp;uras</span> <span class='ocrx_word' id='word_1_1135' title='bbox 135 2046 254 2081; x_wconf 89' lang='lat' dir='ltr'>lapidum</span> <span class='ocrx_word' id='word_1_1136' title='bbox 274 2053 333 2072; x_wconf 87' lang='lat' dir='ltr'>ante</span> <span class='ocrx_word' id='word_1_1137' title='bbox 353 2044 463 2072; x_wconf 88' lang='lat' dir='ltr'>domum</span> <span class='ocrx_word' id='word_1_1138' title='bbox 477 2045 549 2071; x_wconf 88' lang='lat' dir='ltr'>suam</span> <span class='ocrx_word' id='word_1_1139' title='bbox 562 2044 692 2078; x_wconf 87' lang='lat' dir='ltr'>palmam,</span> <span class='ocrx_word' id='word_1_1140' title='bbox 710 2044 739 2070; x_wconf 91' lang='lat' dir='ltr'>in</span> <span class='ocrx_word' id='word_1_1141' title='bbox 756 2044 939 2079; x_wconf 88' lang='lat' dir='ltr'>compluuium</span> <span class='ocrx_word' id='word_1_1142' title='bbox 959 2045 1073 2073; x_wconf 85' lang='lat' dir='ltr'>deorum</span> <span class='ocrx_word' id='word_1_1143' title='bbox 1140 2048 1236 2074; x_wconf 82' lang='lat' dir='ltr'>Horat.</span> <span class='ocrx_word' id='word_1_1144' title='bbox 1250 2048 1332 2074; x_wconf 87' lang='lat' dir='ltr'>Serm.</span> <span class='ocrx_word' id='word_1_1145' title='bbox 1348 2057 1369 2081; x_wconf 89' lang='grc' dir='ltr'>ι,</span> <span class='ocrx_word' id='word_1_1146' title='bbox 1387 2057 1407 2081; x_wconf 93' lang='grc' dir='ltr'>ι,</span> <span class='ocrx_word' id='word_1_1147' title='bbox 1428 2057 1474 2075; x_wconf 83' lang='lat'>102</span> <span class='ocrx_word' id='word_1_1148' title='bbox 1513 2064 1559 2069; x_wconf 97' lang='lat'>—</span> <span class='ocrx_word' id='word_1_1149' title='bbox 1594 2049 1682 2082; x_wconf 81' lang='lat' dir='ltr'>Pergis</span> <span class='ocrx_word' id='word_1_1150' title='bbox 1700 2047 1844 2082; x_wconf 81' lang='lat' dir='ltr'>pugnantia</span> <span class='ocrx_word' id='word_1_1151' title='bbox 1862 2049 1949 2074; x_wconf 89' lang='lat' dir='ltr'>secum</span> <span class='ocrx_word' id='word_1_1152' title='bbox 1985 2048 2131 2075; x_wconf 85' lang='lat' dir='ltr'>Frontibus</span> <span class='ocrx_word' id='word_1_1153' title='bbox 2149 2049 2195 2076; x_wconf 83' lang='lat' dir='ltr'>ad·</span> 
     </span>
     <span class='ocr_line' id='line_1_55' title="bbox 29 2080 2194 2119; baseline 0.001 -9"><span class='ocrx_word' id='word_1_1154' title='bbox 29 2083 166 2119; x_wconf 81' lang='lat' dir='ltr'>penatium</span> <span class='ocrx_word' id='word_1_1155' title='bbox 180 2082 320 2109; x_wconf 84' lang='lat' dir='ltr'>transtulit.</span> <span class='ocrx_word' id='word_1_1156' title='bbox 374 2082 422 2107; x_wconf 84' lang='lat' dir='ltr'>Per</span> <span class='ocrx_word' id='word_1_1157' title='bbox 439 2080 604 2116; x_wconf 77' lang='lat' dir='ltr'>metaphoram</span> <span class='ocrx_word' id='word_1_1158' title='bbox 624 2083 698 2106; x_wconf 77' lang='lat' dir='ltr'>etiam</span> <span class='ocrx_word' id='word_1_1159' title='bbox 715 2082 796 2106; x_wconf 81' lang='lat' dir='ltr'>vineis</span> <span class='ocrx_word' id='word_1_1160' title='bbox 815 2080 936 2107; x_wconf 82' lang='lat' dir='ltr'>tribuitur</span> <span class='ocrx_word' id='word_1_1161' title='bbox 948 2082 1075 2116; x_wconf 89' lang='lat' dir='ltr'>Complu-</span> <span class='ocrx_word' id='word_1_1162' title='bbox 1138 2083 1219 2109; x_wconf 85' lang='lat' dir='ltr'>versis</span> <span class='ocrx_word' id='word_1_1163' title='bbox 1232 2092 1408 2117; x_wconf 87' lang='lat' dir='ltr'>componere,</span> <span class='ocrx_word' id='word_1_1164' title='bbox 1432 2085 1458 2110; x_wconf 81' lang='lat' dir='ltr'>h.</span> <span class='ocrx_word' id='word_1_1165' title='bbox 1471 2094 1490 2110; x_wconf 83' lang='lat' dir='ltr'>e.</span> <span class='ocrx_word' id='word_1_1166' title='bbox 1511 2084 1545 2108; x_wconf 77' lang='lat' dir='ltr'>ad</span> <span class='ocrx_word' id='word_1_1167' title='bbox 1557 2083 1715 2109; x_wconf 78' lang='lat' dir='ltr'>concordiam</span> <span class='ocrx_word' id='word_1_1168' title='bbox 1727 2082 1850 2109; x_wconf 75' lang='lat' dir='ltr'>reducere.</span> <span class='ocrx_word' id='word_1_1169' title='bbox 1902 2082 1990 2109; x_wconf 85' lang='lat' dir='ltr'>Verba</span> <span class='ocrx_word' id='word_1_1170' title='bbox 2004 2085 2108 2111; x_wconf 86' lang='lat' dir='ltr'>ratione</span> <span class='ocrx_word' id='word_1_1171' title='bbox 2122 2094 2194 2113; x_wconf 90' lang='lat' dir='ltr'>com-</span> 
     </span>
     <span class='ocr_line' id='line_1_56' title="bbox 29 2116 2194 2154; baseline 0.001 -8"><span class='ocrx_word' id='word_1_1172' title='bbox 29 2120 115 2146; x_wconf 90' lang='lat' dir='ltr'>vium.</span> <span class='ocrx_word' id='word_1_1173' title='bbox 177 2117 234 2145; x_wconf 85' lang='lat' dir='ltr'>Vid.</span> <span class='ocrx_word' id='word_1_1174' title='bbox 249 2116 379 2144; x_wconf 89' lang='lat' dir='ltr'>Columel.</span> <span class='ocrx_word' id='word_1_1175' title='bbox 394 2126 422 2149; x_wconf 85' lang='lat'>4,</span> <span class='ocrx_word' id='word_1_1176' title='bbox 433 2125 478 2150; x_wconf 81' lang='lat'>24,</span> <span class='ocrx_word' id='word_1_1177' title='bbox 490 2125 529 2149; x_wconf 83' lang='lat'>¹4-</span> <span class='ocrx_word' id='word_1_1178' title='bbox 549 2122 574 2141; x_wconf 79' lang='lat' dir='ltr'>et</span> <span class='ocrx_word' id='word_1_1179' title='bbox 585 2117 626 2146; x_wconf 84' lang='lat'>26,</span> <span class='ocrx_word' id='word_1_1180' title='bbox 639 2124 661 2147; x_wconf 88' lang='grc'><strong>3.</strong></span> <span class='ocrx_word' id='word_1_1181' title='bbox 677 2121 701 2140; x_wconf 81' lang='lat' dir='ltr'>et</span> <span class='ocrx_word' id='word_1_1182' title='bbox 714 2124 770 2141; x_wconf 80' lang='lat' dir='ltr'>mox</span> <span class='ocrx_word' id='word_1_1183' title='bbox 786 2121 1054 2143; x_wconf 83' lang='lat' dir='ltr'>COMPvaiATvs.</span> <span class='ocrx_word' id='word_1_1184' title='bbox 1081 2124 1111 2149; x_wconf 80' lang='lat'>53</span> <span class='ocrx_word' id='word_1_1185' title='bbox 1138 2127 1239 2152; x_wconf 87' lang='lat' dir='ltr'>ponere</span> <span class='ocrx_word' id='word_1_1186' title='bbox 1251 2124 1277 2143; x_wconf 90' lang='lat' dir='ltr'>et</span> <span class='ocrx_word' id='word_1_1187' title='bbox 1290 2119 1369 2143; x_wconf 86' lang='lat' dir='ltr'>finire</span> <span class='ocrx_word' id='word_1_1188' title='bbox 1388 2118 1444 2143; x_wconf 89' lang='lat' dir='ltr'>Cic.</span> <span class='ocrx_word' id='word_1_1189' title='bbox 1459 2119 1487 2143; x_wconf 87' lang='lat' dir='ltr'>in</span> <span class='ocrx_word' id='word_1_1190' title='bbox 1500 2118 1576 2144; x_wconf 88' lang='lat' dir='ltr'>Orat.</span> <span class='ocrx_word' id='word_1_1191' title='bbox 1589 2121 1645 2150; x_wconf 82' lang='lat'>164.</span> <span class='ocrx_word' id='word_1_1192' title='bbox 1717 2117 1888 2153; x_wconf 87' lang='lat' dir='ltr'>Componere</span> <span class='ocrx_word' id='word_1_1193' title='bbox 1909 2125 1934 2145; x_wconf 83' lang='lat' dir='ltr'>et</span> <span class='ocrx_word' id='word_1_1194' title='bbox 1952 2120 2077 2154; x_wconf 82' lang='lat' dir='ltr'>perficere</span> <span class='ocrx_word' id='word_1_1195' title='bbox 2097 2122 2194 2149; x_wconf 83' lang='lat' dir='ltr'>callide</span> 
     </span>
     <span class='ocr_line' id='line_1_57' title="bbox 67 2150 2193 2192; baseline 0.001 -11"><span class='ocrx_word' id='word_1_1196' title='bbox 67 2160 86 2182; x_wconf 87' lang='lat' dir='ltr'>c</span> <span class='ocrx_word' id='word_1_1197' title='bbox 96 2161 115 2181; x_wconf 91' lang='grc' dir='ltr'>ο</span> <span class='ocrx_word' id='word_1_1198' title='bbox 126 2160 150 2180; x_wconf 90' lang='grc' dir='ltr'><strong><em>Μ</em></strong></span> <span class='ocrx_word' id='word_1_1199' title='bbox 163 2161 202 2180; x_wconf 83' lang='lat' dir='ltr'>PL</span> <span class='ocrx_word' id='word_1_1200' title='bbox 212 2160 233 2179; x_wconf 89' lang='lat' dir='ltr'>v</span> <span class='ocrx_word' id='word_1_1201' title='bbox 243 2159 261 2179; x_wconf 93' lang='lat' dir='ltr'>v</span> <span class='ocrx_word' id='word_1_1202' title='bbox 272 2161 281 2179; x_wconf 95' lang='lat'>1</span> <span class='ocrx_word' id='word_1_1203' title='bbox 290 2154 341 2179; x_wconf 75' lang='grc' dir='ltr'>ᾹΤ</span> <span class='ocrx_word' id='word_1_1204' title='bbox 350 2160 370 2178; x_wconf 84' lang='grc' dir='ltr'><strong><em>ν</em></strong></span> <span class='ocrx_word' id='word_1_1205' title='bbox 379 2158 408 2184; x_wconf 83' lang='lat' dir='ltr'>S,</span> <span class='ocrx_word' id='word_1_1206' title='bbox 429 2160 460 2184; x_wconf 86' lang='lat' dir='ltr'>a,</span> <span class='ocrx_word' id='word_1_1207' title='bbox 478 2160 531 2177; x_wconf 88' lang='lat' dir='ltr'>um.</span> <span class='ocrx_word' id='word_1_1208' title='bbox 568 2150 629 2176; x_wconf 87' lang='lat' dir='ltr'>Adi.</span> <span class='ocrx_word' id='word_1_1209' title='bbox 665 2150 811 2185; x_wconf 79' lang='lat' dir='ltr'>Inspcciem</span> <span class='ocrx_word' id='word_1_1210' title='bbox 828 2151 1072 2185; x_wconf 74' lang='lat' dir='ltr'>compluuiiforma-</span> <span class='ocrx_word' id='word_1_1211' title='bbox 1138 2152 1243 2186; x_wconf 87' lang='lat' dir='ltr'>aliquid</span> <span class='ocrx_word' id='word_1_1212' title='bbox 1257 2151 1295 2178; x_wconf 87' lang='lat' dir='ltr'>Id.</span> <span class='ocrx_word' id='word_1_1213' title='bbox 1309 2152 1342 2178; x_wconf 86' lang='lat' dir='ltr'>de</span> <span class='ocrx_word' id='word_1_1214' title='bbox 1354 2152 1447 2179; x_wconf 78' lang='lat' dir='ltr'>Diuin.</span> <span class='ocrx_word' id='word_1_1215' title='bbox 1461 2161 1482 2185; x_wconf 83' lang='lat'>2,</span> <span class='ocrx_word' id='word_1_1216' title='bbox 1497 2161 1548 2180; x_wconf 84' lang='lat'>110.</span> <span class='ocrx_word' id='word_1_1217' title='bbox 1619 2153 1689 2180; x_wconf 88' lang='lat' dir='ltr'>Ter.</span> <span class='ocrx_word' id='word_1_1218' title='bbox 1698 2152 1871 2188; x_wconf 80' lang='lat' dir='ltr'>Phorm.4‚3,</span> <span class='ocrx_word' id='word_1_1219' title='bbox 1885 2161 1915 2188; x_wconf 85' lang='lat'>17</span> <span class='ocrx_word' id='word_1_1220' title='bbox 1933 2156 1989 2181; x_wconf 86' lang='lat' dir='ltr'>Cur</span> <span class='ocrx_word' id='word_1_1221' title='bbox 2002 2165 2057 2182; x_wconf 89' lang='lat' dir='ltr'>non</span> <span class='ocrx_word' id='word_1_1222' title='bbox 2071 2158 2193 2192; x_wconf 86' lang='lat' dir='ltr'>inquam,</span> 
     </span>
     <span class='ocr_line' id='line_1_58' title="bbox 28 2184 2193 2227; baseline 0.001 -10"><span class='ocrx_word' id='word_1_1223' title='bbox 28 2197 80 2223; x_wconf 73' lang='lat' dir='ltr'>tus,</span> <span class='ocrx_word' id='word_1_1224' title='bbox 97 2188 195 2216; x_wconf 63' lang='lat' dir='ltr'>rediistis</span> <span class='ocrx_word' id='word_1_1225' title='bbox 205 2191 274 2215; x_wconf 77' lang='lat' dir='ltr'>circa</span> <span class='ocrx_word' id='word_1_1226' title='bbox 286 2194 391 2223; x_wconf 80' lang='lat' dir='ltr'>quatuor</span> <span class='ocrx_word' id='word_1_1227' title='bbox 403 2188 470 2214; x_wconf 82' lang='lat' dir='ltr'>velut</span> <span class='ocrx_word' id='word_1_1228' title='bbox 477 2188 589 2220; x_wconf 77' lang='lat' dir='ltr'>parietes</span> <span class='ocrx_word' id='word_1_1229' title='bbox 594 2185 690 2220; x_wconf 80' lang='lat' dir='ltr'>spatiis</span> <span class='ocrx_word' id='word_1_1230' title='bbox 702 2184 891 2220; x_wconf 81' lang='lat' dir='ltr'>quadrangulis.</span> <span class='ocrx_word' id='word_1_1231' title='bbox 932 2186 976 2217; x_wconf 79' lang='lat' dir='ltr'>Vt,</span> <span class='ocrx_word' id='word_1_1232' title='bbox 991 2186 1071 2211; x_wconf 79' lang='lat' dir='ltr'>Com·</span> <span class='ocrx_word' id='word_1_1233' title='bbox 1138 2187 1267 2214; x_wconf 87' lang='lat' dir='ltr'>Phormio</span> <span class='ocrx_word' id='word_1_1234' title='bbox 1280 2188 1369 2221; x_wconf 85' lang='lat' dir='ltr'>vides,</span> <span class='ocrx_word' id='word_1_1235' title='bbox 1390 2188 1463 2215; x_wconf 84' lang='lat' dir='ltr'>inter</span> <span class='ocrx_word' id='word_1_1236' title='bbox 1474 2197 1522 2215; x_wconf 81' lang='lat' dir='ltr'>vos</span> <span class='ocrx_word' id='word_1_1237' title='bbox 1542 2188 1576 2216; x_wconf 84' lang='lat' dir='ltr'>sic</span> <span class='ocrx_word' id='word_1_1238' title='bbox 1589 2188 1653 2216; x_wconf 87' lang='lat' dir='ltr'>haec</span> <span class='ocrx_word' id='word_1_1239' title='bbox 1666 2189 1756 2223; x_wconf 86' lang='lat' dir='ltr'>potius</span> <span class='ocrx_word' id='word_1_1240' title='bbox 1775 2198 1836 2215; x_wconf 88' lang='lat' dir='ltr'>cum</span> <span class='ocrx_word' id='word_1_1241' title='bbox 1851 2190 1920 2216; x_wconf 88' lang='lat' dir='ltr'>bona</span> <span class='ocrx_word' id='word_1_1242' title='bbox 1928 2209 1936 2221; x_wconf 91' lang='lat'>,</span> <span class='ocrx_word' id='word_1_1243' title='bbox 1954 2197 1983 2217; x_wconf 87' lang='lat' dir='ltr'>vt</span> <span class='ocrx_word' id='word_1_1244' title='bbox 1997 2200 2193 2227; x_wconf 78' lang='lat' dir='ltr'>componantur</span> 
     </span>
     <span class='ocr_line' id='line_1_59' title="bbox 28 2219 2192 2260; baseline 0.002 -9"><span class='ocrx_word' id='word_1_1245' title='bbox 28 2225 144 2260; x_wconf 85' lang='lat' dir='ltr'>pluuiata</span> <span class='ocrx_word' id='word_1_1246' title='bbox 160 2224 237 2250; x_wconf 87' lang='lat' dir='ltr'>vinea</span> <span class='ocrx_word' id='word_1_1247' title='bbox 251 2223 317 2249; x_wconf 86' lang='lat' dir='ltr'>Plin.</span> <span class='ocrx_word' id='word_1_1248' title='bbox 331 2229 369 2257; x_wconf 84' lang='lat'>17,</span> <span class='ocrx_word' id='word_1_1249' title='bbox 382 2230 417 2249; x_wconf 84' lang='lat'>21.</span> <span class='ocrx_word' id='word_1_1250' title='bbox 472 2220 659 2255; x_wconf 83' lang='lat' dir='ltr'>Compluuiata</span> <span class='ocrx_word' id='word_1_1251' title='bbox 677 2219 780 2255; x_wconf 86' lang='lat' dir='ltr'>iugatio</span> <span class='ocrx_word' id='word_1_1252' title='bbox 799 2219 933 2259; x_wconf 75' lang='lat' dir='ltr'>copiosior</span> <span class='ocrx_word' id='word_1_1253' title='bbox 945 2221 1012 2248; x_wconf 90' lang='lat' dir='ltr'>vino</span> <span class='ocrx_word' id='word_1_1254' title='bbox 1025 2221 1071 2253; x_wconf 85' lang='lat' dir='ltr'>est,</span> <span class='ocrx_word' id='word_1_1255' title='bbox 1137 2223 1239 2258; x_wconf 84' lang='lat' dir='ltr'>gratia,</span> <span class='ocrx_word' id='word_1_1256' title='bbox 1259 2233 1340 2259; x_wconf 90' lang='lat' dir='ltr'>quani</span> <span class='ocrx_word' id='word_1_1257' title='bbox 1354 2233 1414 2251; x_wconf 92' lang='lat' dir='ltr'>cum</span> <span class='ocrx_word' id='word_1_1258' title='bbox 1426 2224 1495 2251; x_wconf 84' lang='lat' dir='ltr'>mala</span> <span class='ocrx_word' id='word_1_1259' title='bbox 1509 2226 1518 2250; x_wconf 72' lang='grc' dir='ltr'>Ξ</span> <span class='ocrx_word' id='word_1_1260' title='bbox 1590 2224 1698 2250; x_wconf 85' lang='lat' dir='ltr'>Amicos</span> <span class='ocrx_word' id='word_1_1261' title='bbox 1719 2226 1824 2252; x_wconf 86' lang='lat' dir='ltr'>auersos</span> <span class='ocrx_word' id='word_1_1262' title='bbox 1853 2234 2029 2260; x_wconf 84' lang='lat' dir='ltr'>componere,</span> <span class='ocrx_word' id='word_1_1263' title='bbox 2067 2231 2085 2254; x_wconf 87' lang='lat' dir='ltr'>i.</span> <span class='ocrx_word' id='word_1_1264' title='bbox 2109 2233 2192 2256; x_wconf 76' lang='lat' dir='ltr'>iratos</span> 
     </span>
     <span class='ocr_line' id='line_1_60' title="bbox 29 2259 2190 2294; baseline 0.001 -6"><span class='ocrx_word' id='word_1_1265' title='bbox 29 2262 104 2288; x_wconf 87' lang='lat' dir='ltr'>Varr.</span> <span class='ocrx_word' id='word_1_1266' title='bbox 117 2260 149 2286; x_wconf 92' lang='lat' dir='ltr'>de</span> <span class='ocrx_word' id='word_1_1267' title='bbox 164 2259 193 2286; x_wconf 82' lang='lat' dir='ltr'>R.</span> <span class='ocrx_word' id='word_1_1268' title='bbox 208 2259 239 2286; x_wconf 88' lang='lat' dir='ltr'>R.</span> <span class='ocrx_word' id='word_1_1269' title='bbox 255 2267 275 2291; x_wconf 85' lang='lat'>1,</span> <span class='ocrx_word' id='word_1_1270' title='bbox 288 2263 312 2292; x_wconf 89' lang='lat'>8,</span> <span class='ocrx_word' id='word_1_1271' title='bbox 326 2266 347 2284; x_wconf 88' lang='lat'>2.</span> <span class='ocrx_word' id='word_1_1272' title='bbox 1137 2259 1172 2286; x_wconf 86' lang='lat' dir='ltr'>ad</span> <span class='ocrx_word' id='word_1_1273' title='bbox 1189 2259 1346 2286; x_wconf 83' lang='lat' dir='ltr'>concordiam</span> <span class='ocrx_word' id='word_1_1274' title='bbox 1364 2260 1476 2294; x_wconf 83' lang='lat' dir='ltr'>redigere</span> <span class='ocrx_word' id='word_1_1275' title='bbox 1492 2260 1587 2285; x_wconf 82' lang='lat' dir='ltr'>Horat.</span> <span class='ocrx_word' id='word_1_1276' title='bbox 1602 2259 1684 2285; x_wconf 88' lang='lat' dir='ltr'>Serm.</span> <span class='ocrx_word' id='word_1_1277' title='bbox 1697 2267 1724 2291; x_wconf 90' lang='lat'>1,</span> <span class='ocrx_word' id='word_1_1278' title='bbox 1739 2267 1767 2292; x_wconf 81' lang='grc' dir='ltr'><strong>ς,</strong></span> <span class='ocrx_word' id='word_1_1279' title='bbox 1780 2269 1820 2292; x_wconf 87' lang='lat'>29.</span> <span class='ocrx_word' id='word_1_1280' title='bbox 1891 2261 2010 2289; x_wconf 84' lang='lat' dir='ltr'>Lucilius</span> <span class='ocrx_word' id='word_1_1281' title='bbox 2026 2263 2110 2292; x_wconf 75' lang='lat' dir='ltr'>Bassus</span> <span class='ocrx_word' id='word_1_1282' title='bbox 2129 2274 2190 2293; x_wconf 86' lang='lat' dir='ltr'>cum</span> 
     </span>
     <span class='ocr_line' id='line_1_61' title="bbox 63 2290 2192 2336; baseline 0.002 -13"><span class='ocrx_word' id='word_1_1283' title='bbox 63 2303 81 2323; x_wconf 86' lang='lat' dir='ltr'>c</span> <span class='ocrx_word' id='word_1_1284' title='bbox 92 2303 142 2323; x_wconf 81' lang='lat' dir='ltr'>oiu</span> <span class='ocrx_word' id='word_1_1285' title='bbox 154 2303 168 2322; x_wconf 78' lang='lat' dir='ltr'>P</span> <span class='ocrx_word' id='word_1_1286' title='bbox 178 2302 223 2321; x_wconf 84' lang='lat' dir='ltr'>Lv</span> <span class='ocrx_word' id='word_1_1287' title='bbox 233 2301 252 2321; x_wconf 95' lang='lat' dir='ltr'>o</span> <span class='ocrx_word' id='word_1_1288' title='bbox 261 2315 269 2328; x_wconf 90' lang='lat'>‚</span> <span class='ocrx_word' id='word_1_1289' title='bbox 291 2296 344 2322; x_wconf 69' lang='lat' dir='ltr'>ere.</span> <span class='ocrx_word' id='word_1_1290' title='bbox 381 2292 487 2328; x_wconf 85' lang='lat' dir='ltr'>August.</span> <span class='ocrx_word' id='word_1_1291' title='bbox 501 2291 534 2319; x_wconf 87' lang='lat' dir='ltr'>de</span> <span class='ocrx_word' id='word_1_1292' title='bbox 547 2291 640 2319; x_wconf 82' lang='lat' dir='ltr'>Genesi</span> <span class='ocrx_word' id='word_1_1293' title='bbox 656 2296 747 2320; x_wconf 86' lang='lat' dir='ltr'>conti-a</span> <span class='ocrx_word' id='word_1_1294' title='bbox 761 2290 878 2319; x_wconf 87' lang='lat' dir='ltr'>Manich.</span> <span class='ocrx_word' id='word_1_1295' title='bbox 887 2300 908 2326; x_wconf 92' lang='lat'>1,</span> <span class='ocrx_word' id='word_1_1296' title='bbox 920 2300 950 2325; x_wconf 83' lang='lat'>23</span> <span class='ocrx_word' id='word_1_1297' title='bbox 971 2293 1072 2329; x_wconf 87' lang='lat' dir='ltr'>Aquae,</span> <span class='ocrx_word' id='word_1_1298' title='bbox 1080 2297 1115 2322; x_wconf 88' lang='lat'>60</span> <span class='ocrx_word' id='word_1_1299' title='bbox 1138 2295 1263 2329; x_wconf 85' lang='lat' dir='ltr'>expedito</span> <span class='ocrx_word' id='word_1_1300' title='bbox 1277 2294 1369 2327; x_wconf 89' lang='lat' dir='ltr'>equite</span> <span class='ocrx_word' id='word_1_1301' title='bbox 1387 2294 1419 2320; x_wconf 88' lang='lat' dir='ltr'>ad</span> <span class='ocrx_word' id='word_1_1302' title='bbox 1434 2293 1644 2328; x_wconf 85' lang='lat' dir='ltr'>componendam</span> <span class='ocrx_word' id='word_1_1303' title='bbox 1657 2296 1829 2330; x_wconf 85' lang='lat' dir='ltr'>Campaniam</span> <span class='ocrx_word' id='word_1_1304' title='bbox 1841 2296 1961 2323; x_wconf 87' lang='lat' dir='ltr'>mittitur</span> <span class='ocrx_word' id='word_1_1305' title='bbox 1975 2298 2066 2325; x_wconf 80' lang='lat' dir='ltr'>Tacit.</span> <span class='ocrx_word' id='word_1_1306' title='bbox 2078 2301 2146 2327; x_wconf 86' lang='lat' dir='ltr'>Hist.</span> <span class='ocrx_word' id='word_1_1307' title='bbox 2160 2311 2192 2336; x_wconf 83' lang='lat'>4,</span> 
     </span>
     <span class='ocr_line' id='line_1_62' title="bbox 29 2329 2190 2368; baseline 0.001 -9"><span class='ocrx_word' id='word_1_1308' title='bbox 29 2331 125 2368; x_wconf 81' lang='lat' dir='ltr'>quibus</span> <span class='ocrx_word' id='word_1_1309' title='bbox 139 2332 201 2359; x_wconf 81' lang='lat' dir='ltr'>No&#39;c‘</span> <span class='ocrx_word' id='word_1_1310' title='bbox 217 2329 426 2366; x_wconf 80' lang='lat' dir='ltr'>compluebatur.</span> <span class='ocrx_word' id='word_1_1311' title='bbox 481 2330 551 2355; x_wconf 81' lang='lat' dir='ltr'>Hinc</span> <span class='ocrx_word' id='word_1_1312' title='bbox 1138 2338 1162 2361; x_wconf 87' lang='grc'>3,</span> <span class='ocrx_word' id='word_1_1313' title='bbox 1175 2337 1195 2355; x_wconf 87' lang='grc' dir='ltr'>ι.</span> <span class='ocrx_word' id='word_1_1314' title='bbox 1219 2332 1239 2354; x_wconf 83' lang='grc' dir='ltr'>ι’.</span> <span class='ocrx_word' id='word_1_1315' title='bbox 1247 2329 1397 2363; x_wconf 81' lang='lat' dir='ltr'>pacandam.</span> <span class='ocrx_word' id='word_1_1316' title='bbox 1469 2330 1514 2356; x_wconf 86' lang='lat' dir='ltr'>Sil.</span> <span class='ocrx_word' id='word_1_1317' title='bbox 1537 2337 1576 2364; x_wconf 87' lang='lat'>17,</span> <span class='ocrx_word' id='word_1_1318' title='bbox 1596 2332 1642 2363; x_wconf 80' lang='lat'>356</span> <span class='ocrx_word' id='word_1_1319' title='bbox 1667 2331 1790 2365; x_wconf 84' lang='lat' dir='ltr'>Tempus</span> <span class='ocrx_word' id='word_1_1320' title='bbox 1809 2341 1970 2366; x_wconf 89' lang='lat' dir='ltr'>componere</span> <span class='ocrx_word' id='word_1_1321' title='bbox 1983 2335 2112 2368; x_wconf 80' lang='lat' dir='ltr'>Gentem,</span> <span class='ocrx_word' id='word_1_1322' title='bbox 2148 2337 2190 2365; x_wconf 80' lang='lat' dir='ltr'>Ad</span> 
     </span>
     <span class='ocr_line' id='line_1_63' title="bbox 63 2363 2190 2405; baseline 0.002 -11"><span class='ocrx_word' id='word_1_1323' title='bbox 63 2375 107 2395; x_wconf 92' lang='lat' dir='ltr'>co</span> <span class='ocrx_word' id='word_1_1324' title='bbox 117 2374 188 2393; x_wconf 79' lang='lat' dir='ltr'>MPL</span> <span class='ocrx_word' id='word_1_1325' title='bbox 198 2367 318 2399; x_wconf 58' lang='lat' dir='ltr'>VTvs,</span> <span class='ocrx_word' id='word_1_1326' title='bbox 337 2375 368 2398; x_wconf 88' lang='lat' dir='ltr'>a,</span> <span class='ocrx_word' id='word_1_1327' title='bbox 388 2374 442 2391; x_wconf 87' lang='lat' dir='ltr'>um.</span> <span class='ocrx_word' id='word_1_1328' title='bbox 478 2364 570 2391; x_wconf 79' lang='lat' dir='ltr'>Partic.</span> <span class='ocrx_word' id='word_1_1329' title='bbox 607 2363 713 2391; x_wconf 88' lang='lat' dir='ltr'>Solinus</span> <span class='ocrx_word' id='word_1_1330' title='bbox 725 2370 767 2396; x_wconf 79' lang='grc' dir='ltr'>ιο,</span> <span class='ocrx_word' id='word_1_1331' title='bbox 786 2364 836 2396; x_wconf 80' lang='lat' dir='ltr'>(al.</span> <span class='ocrx_word' id='word_1_1332' title='bbox 852 2367 896 2397; x_wconf 76' lang='grc' dir='ltr'>ις)</span> <span class='ocrx_word' id='word_1_1333' title='bbox 917 2363 946 2391; x_wconf 85' lang='lat' dir='ltr'>de</span> <span class='ocrx_word' id='word_1_1334' title='bbox 957 2364 1073 2401; x_wconf 84' lang='lat' dir='ltr'>gruibus,</span> <span class='ocrx_word' id='word_1_1335' title='bbox 1139 2364 1220 2390; x_wconf 77' lang='lat' dir='ltr'>finem</span> <span class='ocrx_word' id='word_1_1336' title='bbox 1232 2370 1342 2391; x_wconf 90' lang='lat' dir='ltr'>ventum</span> <span class='ocrx_word' id='word_1_1337' title='bbox 1352 2384 1360 2396; x_wconf 85' lang='lat'>‚</span> <span class='ocrx_word' id='word_1_1338' title='bbox 1378 2370 1405 2392; x_wconf 91' lang='lat' dir='ltr'>et</span> <span class='ocrx_word' id='word_1_1339' title='bbox 1423 2365 1567 2392; x_wconf 85' lang='lat' dir='ltr'>claudenda</span> <span class='ocrx_word' id='word_1_1340' title='bbox 1585 2366 1622 2392; x_wconf 88' lang='lat' dir='ltr'>est</span> <span class='ocrx_word' id='word_1_1341' title='bbox 1640 2366 1719 2393; x_wconf 87' lang='lat' dir='ltr'>ianua</span> <span class='ocrx_word' id='word_1_1342' title='bbox 1740 2367 1812 2394; x_wconf 91' lang='lat' dir='ltr'>belli.</span> <span class='ocrx_word' id='word_1_1343' title='bbox 1882 2368 1964 2395; x_wconf 85' lang='lat' dir='ltr'>Plaut.</span> <span class='ocrx_word' id='word_1_1344' title='bbox 1976 2371 2059 2397; x_wconf 88' lang='lat' dir='ltr'>Merc.</span> <span class='ocrx_word' id='word_1_1345' title='bbox 2074 2381 2097 2404; x_wconf 82' lang='grc' dir='ltr'><strong>ς,</strong></span> <span class='ocrx_word' id='word_1_1346' title='bbox 2112 2381 2134 2405; x_wconf 74' lang='lat'>2,</span> <span class='ocrx_word' id='word_1_1347' title='bbox 2150 2381 2190 2401; x_wconf 84' lang='lat'>112</span> 
     </span>
     <span class='ocr_line' id='line_1_64' title="bbox 55 2398 2191 2443; baseline 0.002 -13"><span class='ocrx_word' id='word_1_1348' title='bbox 55 2413 117 2430; x_wconf 91' lang='lat' dir='ltr'>uum</span> <span class='ocrx_word' id='word_1_1349' title='bbox 130 2410 200 2429; x_wconf 79' lang='lat' dir='ltr'>trans</span> <span class='ocrx_word' id='word_1_1350' title='bbox 212 2403 330 2429; x_wconf 85' lang='lat' dir='ltr'>medium</span> <span class='ocrx_word' id='word_1_1351' title='bbox 341 2402 446 2428; x_wconf 82' lang='lat' dir='ltr'>alueum</span> <span class='ocrx_word' id='word_1_1352' title='bbox 459 2398 603 2427; x_wconf 78' lang='lat' dir='ltr'>adueniass‘e</span> <span class='ocrx_word' id='word_1_1353' title='bbox 617 2401 642 2426; x_wconf 87' lang='lat' dir='ltr'>se</span> <span class='ocrx_word' id='word_1_1354' title='bbox 654 2400 753 2433; x_wconf 88' lang='lat' dir='ltr'>sciunt,</span> <span class='ocrx_word' id='word_1_1355' title='bbox 768 2400 954 2438; x_wconf 69' lang='lat' dir='ltr'>scrupulorum</span> <span class='ocrx_word' id='word_1_1356' title='bbox 967 2399 1070 2425; x_wconf 77' lang='lat' dir='ltr'>sai-cino</span> <span class='ocrx_word' id='word_1_1357' title='bbox 1136 2401 1228 2426; x_wconf 83' lang='lat' dir='ltr'>Pacem</span> <span class='ocrx_word' id='word_1_1358' title='bbox 1241 2401 1366 2435; x_wconf 85' lang='lat' dir='ltr'>componi</span> <span class='ocrx_word' id='word_1_1359' title='bbox 1379 2401 1445 2428; x_wconf 92' lang='lat' dir='ltr'>volo</span> <span class='ocrx_word' id='word_1_1360' title='bbox 1457 2410 1517 2428; x_wconf 84' lang='lat' dir='ltr'>meo</span> <span class='ocrx_word' id='word_1_1361' title='bbox 1531 2402 1601 2436; x_wconf 83' lang='lat' dir='ltr'>patri</span> <span class='ocrx_word' id='word_1_1362' title='bbox 1614 2410 1674 2428; x_wconf 91' lang='lat' dir='ltr'>cum</span> <span class='ocrx_word' id='word_1_1363' title='bbox 1686 2409 1778 2430; x_wconf 82' lang='lat' dir='ltr'>matre.</span> <span class='ocrx_word' id='word_1_1364' title='bbox 1817 2403 1885 2431; x_wconf 70' lang='lat' dir='ltr'>Idem</span> <span class='ocrx_word' id='word_1_1365' title='bbox 1899 2414 1955 2442; x_wconf 80' lang='lat' dir='ltr'>ergo</span> <span class='ocrx_word' id='word_1_1366' title='bbox 1968 2407 2001 2438; x_wconf 70' lang='lat' dir='ltr'>est</span> <span class='ocrx_word' id='word_1_1367' title='bbox 2014 2407 2128 2441; x_wconf 83' lang='lat' dir='ltr'>Bellum,</span> <span class='ocrx_word' id='word_1_1368' title='bbox 2134 2409 2191 2443; x_wconf 74' lang='lat' dir='ltr'>fiuo</span> 
     </span>
     <span class='ocr_line' id='line_1_65' title="bbox 45 2434 2188 2477; baseline 0.002 -11"><span class='ocrx_word' id='word_1_1369' title='bbox 45 2439 104 2466; x_wconf 79' lang='lat' dir='ltr'>edes</span> <span class='ocrx_word' id='word_1_1370' title='bbox 119 2439 232 2465; x_wconf 88' lang='lat' dir='ltr'>liberant</span> <span class='ocrx_word' id='word_1_1371' title='bbox 245 2449 252 2465; x_wconf 74' lang='grc' dir='ltr'><strong><em>ε</em></strong></span> <span class='ocrx_word' id='word_1_1372' title='bbox 285 2438 323 2464; x_wconf 90' lang='lat' dir='ltr'>ita</span> <span class='ocrx_word' id='word_1_1373' title='bbox 337 2443 430 2464; x_wconf 86' lang='lat' dir='ltr'>nautae</span> <span class='ocrx_word' id='word_1_1374' title='bbox 445 2435 635 2471; x_wconf 83' lang='lat' dir='ltr'>prodiderunt,</span> <span class='ocrx_word' id='word_1_1375' title='bbox 658 2436 788 2470; x_wconf 83' lang='lat' dir='ltr'>compluti</span> <span class='ocrx_word' id='word_1_1376' title='bbox 804 2436 879 2468; x_wconf 87' lang='lat' dir='ltr'>saepe</span> <span class='ocrx_word' id='word_1_1377' title='bbox 901 2442 934 2460; x_wconf 77' lang='lat' dir='ltr'>ex</span> <span class='ocrx_word' id='word_1_1378' title='bbox 946 2434 996 2460; x_wconf 81' lang='lat' dir='ltr'>illo</span> <span class='ocrx_word' id='word_1_1379' title='bbox 1008 2435 1069 2461; x_wconf 88' lang='lat' dir='ltr'>casu</span> <span class='ocrx_word' id='word_1_1380' title='bbox 1137 2435 1305 2462; x_wconf 85' lang='lat' dir='ltr'>Discordiam</span> <span class='ocrx_word' id='word_1_1381' title='bbox 1323 2445 1498 2471; x_wconf 87' lang='lat' dir='ltr'>componere,</span> <span class='ocrx_word' id='word_1_1382' title='bbox 1517 2445 1542 2463; x_wconf 81' lang='lat' dir='ltr'>et</span> <span class='ocrx_word' id='word_1_1383' title='bbox 1555 2446 1716 2473; x_wconf 89' lang='lat' dir='ltr'>componere</span> <span class='ocrx_word' id='word_1_1384' title='bbox 1728 2448 1834 2474; x_wconf 89' lang='lat' dir='ltr'>pacem:</span> <span class='ocrx_word' id='word_1_1385' title='bbox 1860 2440 1960 2477; x_wconf 80' lang='lat' dir='ltr'>diuersa</span> <span class='ocrx_word' id='word_1_1386' title='bbox 1973 2449 2069 2469; x_wconf 80' lang='lat' dir='ltr'>tanturn</span> <span class='ocrx_word' id='word_1_1387' title='bbox 2088 2447 2188 2472; x_wconf 68' lang='lat' dir='ltr'>relatio.</span> 
     </span>
     <span class='ocr_line' id='line_1_66' title="bbox 29 2469 2189 2516; baseline 0.009 -31"><span class='ocrx_word' id='word_1_1388' title='bbox 29 2474 114 2502; x_wconf 78' lang='lat' dir='ltr'>-mbre</span> <span class='ocrx_word' id='word_1_1389' title='bbox 126 2474 238 2501; x_wconf 79' lang='lat' dir='ltr'>saxatili.</span> <span class='ocrx_word' id='word_1_1390' title='bbox 292 2473 387 2500; x_wconf 87' lang='lat' dir='ltr'>Pallad.</span> <span class='ocrx_word' id='word_1_1391' title='bbox 401 2472 460 2499; x_wconf 67' lang='lat' dir='ltr'>oet.</span> <span class='ocrx_word' id='word_1_1392' title='bbox 475 2480 491 2505; x_wconf 92' lang='lat'><em>9</em></span> <span class='ocrx_word' id='word_1_1393' title='bbox 512 2473 610 2498; x_wconf 81' lang='lat' dir='ltr'>Lemma</span> <span class='ocrx_word' id='word_1_1394' title='bbox 624 2470 673 2511; x_wconf 72' lang='lat' dir='ltr'>est,</span> <span class='ocrx_word' id='word_1_1395' title='bbox 702 2472 730 2497; x_wconf 84' lang='lat' dir='ltr'>Si</span> <span class='ocrx_word' id='word_1_1396' title='bbox 749 2469 881 2509; x_wconf 79' lang='lat' dir='ltr'>compluta</span> <span class='ocrx_word' id='word_1_1397' title='bbox 897 2469 934 2495; x_wconf 84' lang='lat' dir='ltr'>est</span> <span class='ocrx_word' id='word_1_1398' title='bbox 946 2477 1007 2509; x_wconf 82' lang='lat' dir='ltr'>vua.</span> <span class='ocrx_word' id='word_1_1399' title='bbox 1092 2472 1125 2505; x_wconf 82' lang='grc'>65</span> <span class='ocrx_word' id='word_1_1400' title='bbox 1136 2472 1178 2499; x_wconf 87' lang='lat' dir='ltr'>Sic</span> <span class='ocrx_word' id='word_1_1401' title='bbox 1191 2472 1358 2507; x_wconf 84' lang='lat' dir='ltr'>Componcre</span> <span class='ocrx_word' id='word_1_1402' title='bbox 1371 2473 1534 2500; x_wconf 88' lang='lat' dir='ltr'>Tumultum</span> <span class='ocrx_word' id='word_1_1403' title='bbox 1554 2474 1651 2501; x_wconf 88' lang='lat' dir='ltr'>Lucan.</span> <span class='ocrx_word' id='word_1_1404' title='bbox 1667 2482 1692 2508; x_wconf 88' lang='grc' dir='ltr'>ι,</span> <span class='ocrx_word' id='word_1_1405' title='bbox 1707 2480 1762 2508; x_wconf 78' lang='lat'>298.</span> <span class='ocrx_word' id='word_1_1406' title='bbox 1804 2477 1887 2502; x_wconf 81' lang='lat' dir='ltr'>Etiam</span> <span class='ocrx_word' id='word_1_1407' title='bbox 1899 2477 2006 2513; x_wconf 74' lang='lat' dir='ltr'>absolute</span> <span class='ocrx_word' id='word_1_1408' title='bbox 2010 2481 2067 2512; x_wconf 78' lang='lat' dir='ltr'>sine</span> <span class='ocrx_word' id='word_1_1409' title='bbox 2073 2473 2189 2516; x_wconf 63' lang='lat' dir='ltr'>filistfln-</span> 
     </span>
     <span class='ocr_line' id='line_1_67' title="bbox 63 2504 2190 2550; baseline 0.004 -15"><span class='ocrx_word' id='word_1_1410' title='bbox 63 2507 349 2542; x_wconf 62' lang='lat' dir='ltr'>COMPONDfiRo,</span> <span class='ocrx_word' id='word_1_1411' title='bbox 375 2513 427 2536; x_wconf 69' lang='lat' dir='ltr'>are.</span> <span class='ocrx_word' id='word_1_1412' title='bbox 472 2507 550 2543; x_wconf 87' lang='lat' dir='ltr'>Apul.</span> <span class='ocrx_word' id='word_1_1413' title='bbox 572 2507 602 2534; x_wconf 89' lang='lat' dir='ltr'>in</span> <span class='ocrx_word' id='word_1_1414' title='bbox 619 2504 799 2540; x_wconf 85' lang='lat' dir='ltr'>Trismegisto</span> <span class='ocrx_word' id='word_1_1415' title='bbox 817 2513 842 2539; x_wconf 81' lang='lat' dir='ltr'>p.</span> <span class='ocrx_word' id='word_1_1416' title='bbox 862 2509 893 2537; x_wconf 88' lang='lat'>89</span> <span class='ocrx_word' id='word_1_1417' title='bbox 918 2505 978 2532; x_wconf 86' lang='lat' dir='ltr'>Pari</span> <span class='ocrx_word' id='word_1_1418' title='bbox 997 2505 1071 2532; x_wconf 84' lang='lat' dir='ltr'>lance</span> <span class='ocrx_word' id='word_1_1419' title='bbox 1135 2510 1188 2534; x_wconf 86' lang='lat' dir='ltr'>tiuo</span> <span class='ocrx_word' id='word_1_1420' title='bbox 1202 2507 1267 2534; x_wconf 89' lang='lat' dir='ltr'>Plin.</span> <span class='ocrx_word' id='word_1_1421' title='bbox 1275 2508 1353 2543; x_wconf 84' lang='lat' dir='ltr'>Epist.</span> <span class='ocrx_word' id='word_1_1422' title='bbox 1366 2516 1389 2542; x_wconf 82' lang='grc' dir='ltr'><strong>ς,</strong></span> <span class='ocrx_word' id='word_1_1423' title='bbox 1405 2517 1415 2535; x_wconf 91' lang='grc' dir='ltr'><strong>ι</strong></span> <span class='ocrx_word' id='word_1_1424' title='bbox 1435 2509 1586 2537; x_wconf 86' lang='lat' dir='ltr'>Coheredes</span> <span class='ocrx_word' id='word_1_1425' title='bbox 1602 2511 1655 2538; x_wconf 88' lang='lat' dir='ltr'>mci</span> <span class='ocrx_word' id='word_1_1426' title='bbox 1669 2519 1828 2547; x_wconf 85' lang='lat' dir='ltr'>componere</span> <span class='ocrx_word' id='word_1_1427' title='bbox 1843 2518 1869 2538; x_wconf 83' lang='lat' dir='ltr'>et</span> <span class='ocrx_word' id='word_1_1428' title='bbox 1881 2513 2022 2549; x_wconf 76' lang='lat' dir='ltr'>transigere</span> <span class='ocrx_word' id='word_1_1429' title='bbox 2035 2516 2190 2550; x_wconf 82' lang='lat' dir='ltr'>cupiebant,</span> 
     </span>
     <span class='ocr_line' id='line_1_68' title="bbox 41 2542 2189 2588; baseline 0.006 -22"><span class='ocrx_word' id='word_1_1430' title='bbox 41 2544 242 2582; x_wconf 63' lang='lat' dir='ltr'>omponderans,</span> <span class='ocrx_word' id='word_1_1431' title='bbox 722 2576 729 2586; x_wconf 48' lang='lat'>¹</span> <span class='ocrx_word' id='word_1_1432' title='bbox 893 2575 899 2585; x_wconf 48' lang='grc' dir='ltr'><strong><em>Ι</em></strong></span> <span class='ocrx_word' id='word_1_1433' title='bbox 910 2575 919 2584; x_wconf 30' lang='grc' dir='ltr'>ἢ</span> <span class='ocrx_word' id='word_1_1434' title='bbox 976 2576 983 2585; x_wconf 49' lang='grc'>,</span> <span class='ocrx_word' id='word_1_1435' title='bbox 1032 2576 1042 2584; x_wconf 48' lang='grc'>,</span> <span class='ocrx_word' id='word_1_1436' title='bbox 1135 2552 1192 2570; x_wconf 92' lang='lat' dir='ltr'>non</span> <span class='ocrx_word' id='word_1_1437' title='bbox 1204 2542 1351 2571; x_wconf 87' lang='lat' dir='ltr'>diffidentia</span> <span class='ocrx_word' id='word_1_1438' title='bbox 1366 2546 1471 2578; x_wconf 79' lang='lat' dir='ltr'>causae,</span> <span class='ocrx_word' id='word_1_1439' title='bbox 1487 2545 1531 2572; x_wconf 89' lang='lat' dir='ltr'>sed</span> <span class='ocrx_word' id='word_1_1440' title='bbox 1544 2552 1618 2574; x_wconf 87' lang='lat' dir='ltr'>metu</span> <span class='ocrx_word' id='word_1_1441' title='bbox 1630 2552 1799 2583; x_wconf 86' lang='lat' dir='ltr'>temporum,</span> <span class='ocrx_word' id='word_1_1442' title='bbox 1836 2551 1854 2575; x_wconf 87' lang='lat' dir='ltr'>i.</span> <span class='ocrx_word' id='word_1_1443' title='bbox 1880 2555 2008 2577; x_wconf 79' lang='lat' dir='ltr'>conuenire</span> <span class='ocrx_word' id='word_1_1444' title='bbox 2012 2551 2068 2586; x_wconf 76' lang='lat' dir='ltr'>fine</span> <span class='ocrx_word' id='word_1_1445' title='bbox 2074 2554 2189 2588; x_wconf 70' lang='lat' dir='ltr'>Ji&#39;repitu</span> 
     </span>
     <span class='ocr_line' id='line_1_69' title="bbox 3 2575 2188 2620; baseline -0.002 0"><span class='ocrx_word' id='word_1_1446' title='bbox 3 2584 7 2587; x_wconf 65' lang='lat'>.</span> <span class='ocrx_word' id='word_1_1447' title='bbox 65 2588 82 2610; x_wconf 79' lang='lat' dir='ltr'>c</span> <span class='ocrx_word' id='word_1_1448' title='bbox 94 2589 114 2610; x_wconf 94' lang='lat'>0</span> <span class='ocrx_word' id='word_1_1449' title='bbox 124 2582 200 2609; x_wconf 73' lang='grc' dir='ltr'>ΜΡό</span> <span class='ocrx_word' id='word_1_1450' title='bbox 209 2588 232 2608; x_wconf 83' lang='lat' dir='ltr'>N</span> <span class='ocrx_word' id='word_1_1451' title='bbox 242 2587 279 2613; x_wconf 77' lang='lat'>0⁵</span> <span class='ocrx_word' id='word_1_1452' title='bbox 311 2579 367 2611; x_wconf 63' lang='lat' dir='ltr'>sui’</span> <span class='ocrx_word' id='word_1_1453' title='bbox 398 2578 475 2605; x_wconf 66' lang='lat' dir='ltr'>fi‘um</span> <span class='ocrx_word' id='word_1_1454' title='bbox 489 2599 498 2612; x_wconf 78' lang='lat'><em>2</em></span> <span class='ocrx_word' id='word_1_1455' title='bbox 524 2580 597 2605; x_wconf 48' lang='lat' dir='ltr'>stre·</span> <span class='ocrx_word' id='word_1_1456' title='bbox 641 2575 808 2610; x_wconf 54' lang='lat' dir='ltr'>[WW‘QW’</span> <span class='ocrx_word' id='word_1_1457' title='bbox 826 2584 947 2611; x_wconf 61' lang='grc' dir='ltr'>σκευαζω»</span> <span class='ocrx_word' id='word_1_1458' title='bbox 965 2577 1071 2613; x_wconf 58' lang='grc' dir='ltr'>κθτῖςωυ</span> <span class='ocrx_word' id='word_1_1459' title='bbox 1136 2579 1234 2607; x_wconf 81' lang='lat' dir='ltr'>iudicii.</span> <span class='ocrx_word' id='word_1_1460' title='bbox 1307 2581 1379 2608; x_wconf 86' lang='lat' dir='ltr'>Caes.</span> <span class='ocrx_word' id='word_1_1461' title='bbox 1395 2581 1459 2608; x_wconf 84' lang='lat' dir='ltr'>Bell.</span> <span class='ocrx_word' id='word_1_1462' title='bbox 1472 2582 1532 2609; x_wconf 80' lang='lat' dir='ltr'>Ciu-</span> <span class='ocrx_word' id='word_1_1463' title='bbox 1548 2591 1571 2616; x_wconf 76' lang='lat'>3,</span> <span class='ocrx_word' id='word_1_1464' title='bbox 1585 2591 1619 2617; x_wconf 85' lang='lat'>42</span> <span class='ocrx_word' id='word_1_1465' title='bbox 1644 2583 1771 2620; x_wconf 82' lang='lat' dir='ltr'>Pompeio</span> <span class='ocrx_word' id='word_1_1466' title='bbox 1785 2585 1913 2612; x_wconf 87' lang='lat' dir='ltr'>summam</span> <span class='ocrx_word' id='word_1_1467' title='bbox 1926 2587 1975 2612; x_wconf 77' lang='lat' dir='ltr'>esse</span> <span class='ocrx_word' id='word_1_1468' title='bbox 1990 2595 2018 2613; x_wconf 88' lang='lat' dir='ltr'>ac</span> <span class='ocrx_word' id='word_1_1469' title='bbox 2032 2588 2108 2615; x_wconf 75' lang='lat' dir='ltr'>fuine</span> <span class='ocrx_word' id='word_1_1470' title='bbox 2122 2590 2188 2615; x_wconf 86' lang='lat' dir='ltr'>sem-</span> 
     </span>
     <span class='ocr_line' id='line_1_70' title="bbox 45 2611 2187 2656; baseline 0.003 -12"><span class='ocrx_word' id='word_1_1471' title='bbox 45 2613 179 2654; x_wconf 61' lang='lat' dir='ltr'>ifieffiw]</span> <span class='ocrx_word' id='word_1_1472' title='bbox 213 2613 379 2648; x_wconf 68' lang='lat' dir='ltr'>Constituere,</span> <span class='ocrx_word' id='word_1_1473' title='bbox 390 2613 467 2647; x_wconf 85' lang='lat' dir='ltr'>fimul</span> <span class='ocrx_word' id='word_1_1474' title='bbox 471 2620 563 2649; x_wconf 78' lang='lat' dir='ltr'>ponere</span> <span class='ocrx_word' id='word_1_1475' title='bbox 571 2633 579 2646; x_wconf 95' lang='lat'>‚</span> <span class='ocrx_word' id='word_1_1476' title='bbox 599 2611 684 2639; x_wconf 77' lang='lat' dir='ltr'>ordine</span> <span class='ocrx_word' id='word_1_1477' title='bbox 696 2613 823 2639; x_wconf 67' lang='lat' dir='ltr'>collocare.</span> <span class='ocrx_word' id='word_1_1478' title='bbox 877 2613 945 2640; x_wconf 86' lang='lat' dir='ltr'>Ter.</span> <span class='ocrx_word' id='word_1_1479' title='bbox 958 2614 1022 2653; x_wconf 70' lang='lat' dir='ltr'>Hec-</span> <span class='ocrx_word' id='word_1_1480' title='bbox 1042 2621 1071 2646; x_wconf 89' lang='lat'>4,</span> <span class='ocrx_word' id='word_1_1481' title='bbox 1137 2625 1184 2651; x_wconf 87' lang='lat' dir='ltr'>per</span> <span class='ocrx_word' id='word_1_1482' title='bbox 1196 2616 1372 2649; x_wconf 86' lang='lat' dir='ltr'>voluntatem,</span> <span class='ocrx_word' id='word_1_1483' title='bbox 1384 2622 1413 2644; x_wconf 92' lang='lat' dir='ltr'>vt</span> <span class='ocrx_word' id='word_1_1484' title='bbox 1426 2626 1640 2654; x_wconf 84' lang='lat' dir='ltr'>componeretur,</span> <span class='ocrx_word' id='word_1_1485' title='bbox 1647 2625 1726 2656; x_wconf 87' lang='lat' dir='ltr'>atque</span> <span class='ocrx_word' id='word_1_1486' title='bbox 1740 2621 1772 2648; x_wconf 77' lang='lat' dir='ltr'>de</span> <span class='ocrx_word' id='word_1_1487' title='bbox 1784 2621 1865 2648; x_wconf 87' lang='lat' dir='ltr'>armis</span> <span class='ocrx_word' id='word_1_1488' title='bbox 1880 2621 2067 2650; x_wconf 84' lang='lat' dir='ltr'>discederetur.</span> <span class='ocrx_word' id='word_1_1489' title='bbox 2104 2625 2187 2652; x_wconf 83' lang='lat' dir='ltr'>Plaut.</span> 
     </span>
     <span class='ocr_line' id='line_1_71' title="bbox 44 2647 2187 2693; baseline 0.002 -10"><span class='ocrx_word' id='word_1_1490' title='bbox 44 2671 53 2683; x_wconf 75' lang='lat'><em>,</em></span> <span class='ocrx_word' id='word_1_1491' title='bbox 63 2660 77 2686; x_wconf 76' lang='grc' dir='ltr'>ς</span> <span class='ocrx_word' id='word_1_1492' title='bbox 101 2653 114 2678; x_wconf 90' lang='grc' dir='ltr'>Ῑ</span> <span class='ocrx_word' id='word_1_1493' title='bbox 127 2660 190 2685; x_wconf 70' lang='lat' dir='ltr'>ergo</span> <span class='ocrx_word' id='word_1_1494' title='bbox 204 2651 292 2682; x_wconf 80' lang='lat' dir='ltr'>intro,</span> <span class='ocrx_word' id='word_1_1495' title='bbox 312 2655 339 2675; x_wconf 86' lang='lat' dir='ltr'>et</span> <span class='ocrx_word' id='word_1_1496' title='bbox 352 2657 480 2684; x_wconf 64' lang='lat' dir='ltr'>compone</span> <span class='ocrx_word' id='word_1_1497' title='bbox 488 2669 496 2682; x_wconf 65' lang='grc' dir='ltr'><em>υ</em></span> <span class='ocrx_word' id='word_1_1498' title='bbox 512 2657 579 2684; x_wconf 59' lang='lat' dir='ltr'>quae</span> <span class='ocrx_word' id='word_1_1499' title='bbox 592 2647 668 2675; x_wconf 74' lang='lat' dir='ltr'>fimul</span> <span class='ocrx_word' id='word_1_1500' title='bbox 681 2653 768 2674; x_wconf 89' lang='lat' dir='ltr'>tecum</span> <span class='ocrx_word' id='word_1_1501' title='bbox 781 2648 910 2675; x_wconf 49' lang='lat' dir='ltr'>ferantur·</span> <span class='ocrx_word' id='word_1_1502' title='bbox 953 2648 1072 2683; x_wconf 67' lang='lat' dir='ltr'>Dlhgen·</span> <span class='ocrx_word' id='word_1_1503' title='bbox 1088 2660 1124 2688; x_wconf 87' lang='lat'>70</span> <span class='ocrx_word' id='word_1_1504' title='bbox 1137 2653 1216 2680; x_wconf 69' lang='lat' dir='ltr'>Cssrc·</span> <span class='ocrx_word' id='word_1_1505' title='bbox 1230 2660 1254 2687; x_wconf 76' lang='lat'>5,</span> <span class='ocrx_word' id='word_1_1506' title='bbox 1266 2661 1287 2686; x_wconf 79' lang='lat'>3,</span> <span class='ocrx_word' id='word_1_1507' title='bbox 1302 2661 1332 2686; x_wconf 79' lang='lat'>23</span> <span class='ocrx_word' id='word_1_1508' title='bbox 1353 2653 1379 2680; x_wconf 78' lang='lat' dir='ltr'>Si</span> <span class='ocrx_word' id='word_1_1509' title='bbox 1392 2655 1494 2689; x_wconf 76' lang='lat' dir='ltr'>possum</span> <span class='ocrx_word' id='word_1_1510' title='bbox 1506 2654 1557 2683; x_wconf 89' lang='lat' dir='ltr'>hoc</span> <span class='ocrx_word' id='word_1_1511' title='bbox 1570 2655 1640 2684; x_wconf 85' lang='lat' dir='ltr'>inter</span> <span class='ocrx_word' id='word_1_1512' title='bbox 1650 2666 1698 2684; x_wconf 88' lang='lat' dir='ltr'>vos</span> <span class='ocrx_word' id='word_1_1513' title='bbox 1711 2657 1845 2684; x_wconf 87' lang='lat' dir='ltr'>Sententia</span> <span class='ocrx_word' id='word_1_1514' title='bbox 1865 2667 2034 2693; x_wconf 84' lang='lat' dir='ltr'>componere.</span> <span class='ocrx_word' id='word_1_1515' title='bbox 2107 2661 2187 2687; x_wconf 91' lang='lat' dir='ltr'>Com-</span> 
     </span>
     <span class='ocr_line' id='line_1_72' title="bbox 40 2683 2185 2728; baseline 0.004 -15"><span class='ocrx_word' id='word_1_1516' title='bbox 40 2695 70 2713; x_wconf 88' lang='lat' dir='ltr'>er</span> <span class='ocrx_word' id='word_1_1517' title='bbox 81 2695 140 2713; x_wconf 88' lang='lat' dir='ltr'>com</span> <span class='ocrx_word' id='word_1_1518' title='bbox 159 2685 255 2712; x_wconf 88' lang='lat' dir='ltr'>onebat</span> <span class='ocrx_word' id='word_1_1519' title='bbox 269 2693 339 2716; x_wconf 88' lang='lat' dir='ltr'>rem,</span> <span class='ocrx_word' id='word_1_1520' title='bbox 363 2684 539 2725; x_wconf 48' lang='lat' dir='ltr'>i..conferebat</span> <span class='ocrx_word' id='word_1_1521' title='bbox 551 2687 617 2710; x_wconf 84' lang='lat' dir='ltr'>inter</span> <span class='ocrx_word' id='word_1_1522' title='bbox 622 2684 652 2720; x_wconf 81' lang='lat' dir='ltr'>se</span> <span class='ocrx_word' id='word_1_1523' title='bbox 655 2683 774 2721; x_wconf 83' lang='lat' dir='ltr'>fingula,</span> <span class='ocrx_word' id='word_1_1524' title='bbox 792 2687 832 2725; x_wconf 73' lang='lat' dir='ltr'>vti</span> <span class='ocrx_word' id='word_1_1525' title='bbox 853 2694 938 2711; x_wconf 76' lang='lat' dir='ltr'>verum</span> <span class='ocrx_word' id='word_1_1526' title='bbox 958 2686 1072 2718; x_wconf 81' lang='lat' dir='ltr'>eliceret,</span> <span class='ocrx_word' id='word_1_1527' title='bbox 1135 2698 1205 2724; x_wconf 77' lang='lat' dir='ltr'>pone</span> <span class='ocrx_word' id='word_1_1528' title='bbox 1225 2689 1276 2716; x_wconf 87' lang='lat' dir='ltr'>hoc</span> <span class='ocrx_word' id='word_1_1529' title='bbox 1295 2690 1327 2717; x_wconf 87' lang='lat' dir='ltr'>de</span> <span class='ocrx_word' id='word_1_1530' title='bbox 1345 2696 1470 2727; x_wconf 81' lang='lat' dir='ltr'>argento,</span> <span class='ocrx_word' id='word_1_1531' title='bbox 1489 2691 1522 2719; x_wconf 89' lang='lat' dir='ltr'>de</span> <span class='ocrx_word' id='word_1_1532' title='bbox 1542 2693 1649 2728; x_wconf 88' lang='lat' dir='ltr'>reliquo</span> <span class='ocrx_word' id='word_1_1533' title='bbox 1662 2692 1757 2720; x_wconf 86' lang='lat' dir='ltr'>videro</span> <span class='ocrx_word' id='word_1_1534' title='bbox 1775 2694 1832 2720; x_wconf 89' lang='lat' dir='ltr'>Cic.</span> <span class='ocrx_word' id='word_1_1535' title='bbox 1843 2694 1920 2720; x_wconf 88' lang='lat' dir='ltr'>Verr.</span> <span class='ocrx_word' id='word_1_1536' title='bbox 1936 2703 1964 2727; x_wconf 91' lang='lat'>4,</span> <span class='ocrx_word' id='word_1_1537' title='bbox 1973 2697 2005 2726; x_wconf 82' lang='lat'>36</span> <span class='ocrx_word' id='word_1_1538' title='bbox 2017 2704 2039 2721; x_wconf 91' lang='lat' dir='ltr'>c.</span> <span class='ocrx_word' id='word_1_1539' title='bbox 2049 2697 2085 2721; x_wconf 85' lang='lat'>16.</span> <span class='ocrx_word' id='word_1_1540' title='bbox 2105 2698 2123 2721; x_wconf 87' lang='lat' dir='ltr'>i.</span> <span class='ocrx_word' id='word_1_1541' title='bbox 2132 2695 2185 2728; x_wconf 82' lang='lat' dir='ltr'>dic,</span> 
     </span>
     <span class='ocr_line' id='line_1_73' title="bbox 46 2720 2186 2766; baseline 0.002 -14"><span class='ocrx_word' id='word_1_1542' title='bbox 46 2732 59 2748; x_wconf 77' lang='grc' dir='ltr'>ι·</span> <span class='ocrx_word' id='word_1_1543' title='bbox 79 2722 134 2749; x_wconf 69' lang='lat' dir='ltr'>dein</span> <span class='ocrx_word' id='word_1_1544' title='bbox 183 2720 342 2761; x_wconf 61' lang='lat' dir='ltr'>coordlmbfl‘</span> <span class='ocrx_word' id='word_1_1545' title='bbox 361 2721 417 2748; x_wconf 85' lang='lat' dir='ltr'>Cic.</span> <span class='ocrx_word' id='word_1_1546' title='bbox 435 2720 467 2747; x_wconf 70' lang='lat' dir='ltr'>de</span> <span class='ocrx_word' id='word_1_1547' title='bbox 480 2720 550 2746; x_wconf 61' lang='lat' dir='ltr'>Clar-</span> <span class='ocrx_word' id='word_1_1548' title='bbox 564 2720 638 2761; x_wconf 49' lang='lat'>0¹2&amp;—</span> <span class='ocrx_word' id='word_1_1549' title='bbox 650 2727 710 2755; x_wconf 87' lang='lat'>227.</span> <span class='ocrx_word' id='word_1_1550' title='bbox 783 2721 877 2747; x_wconf 61' lang='lat' dir='ltr'><strong>Auem</strong></span> <span class='ocrx_word' id='word_1_1551' title='bbox 897 2729 1071 2762; x_wconf 43' lang='lat' dir='ltr'>compones&amp;</span> <span class='ocrx_word' id='word_1_1552' title='bbox 1134 2725 1250 2761; x_wconf 83' lang='lat' dir='ltr'>quomodo</span> <span class='ocrx_word' id='word_1_1553' title='bbox 1264 2730 1394 2754; x_wconf 84' lang='lat' dir='ltr'>conueniat</span> <span class='ocrx_word' id='word_1_1554' title='bbox 1407 2728 1483 2760; x_wconf 81' lang='lat' dir='ltr'>illud,</span> <span class='ocrx_word' id='word_1_1555' title='bbox 1500 2728 1566 2764; x_wconf 79' lang='lat' dir='ltr'>quod</span> <span class='ocrx_word' id='word_1_1556' title='bbox 1577 2729 1631 2755; x_wconf 83' lang='lat' dir='ltr'>dico</span> <span class='ocrx_word' id='word_1_1557' title='bbox 1646 2728 1674 2755; x_wconf 75' lang='lat' dir='ltr'>de</span> <span class='ocrx_word' id='word_1_1558' title='bbox 1684 2736 1788 2766; x_wconf 81' lang='lat' dir='ltr'>argento</span> <span class='ocrx_word' id='word_1_1559' title='bbox 1797 2740 1804 2754; x_wconf 96' lang='lat'><em>:</em></span> <span class='ocrx_word' id='word_1_1560' title='bbox 1823 2729 1908 2766; x_wconf 78' lang='lat' dir='ltr'>redige</span> <span class='ocrx_word' id='word_1_1561' title='bbox 1919 2732 1946 2754; x_wconf 84' lang='lat' dir='ltr'>in</span> <span class='ocrx_word' id='word_1_1562' title='bbox 1960 2730 2116 2758; x_wconf 80' lang='lat' dir='ltr'>concordiam</span> <span class='ocrx_word' id='word_1_1563' title='bbox 2130 2740 2186 2757; x_wconf 86' lang='lat' dir='ltr'>cum</span> 
     </span>
     <span class='ocr_line' id='line_1_74' title="bbox 47 2755 2184 2800; baseline 0.004 -16"><span class='ocrx_word' id='word_1_1564' title='bbox 47 2757 82 2784; x_wconf 85' lang='lat' dir='ltr'>id.</span> <span class='ocrx_word' id='word_1_1565' title='bbox 98 2764 203 2798; x_wconf 45' lang='lat' dir='ltr'>Acies..</span> <span class='ocrx_word' id='word_1_1566' title='bbox 217 2761 220 2765; x_wconf 92' lang='grc'><strong>’</strong></span> <span class='ocrx_word' id='word_1_1567' title='bbox 269 2757 359 2784; x_wconf 85' lang='lat' dir='ltr'>Aciem</span> <span class='ocrx_word' id='word_1_1568' title='bbox 373 2765 420 2797; x_wconf 87' lang='lat' dir='ltr'>per</span> <span class='ocrx_word' id='word_1_1569' title='bbox 432 2764 527 2798; x_wconf 78' lang='lat' dir='ltr'>cuneos</span> <span class='ocrx_word' id='word_1_1570' title='bbox 541 2756 630 2782; x_wconf 84' lang='lat' dir='ltr'>Tacit.</span> <span class='ocrx_word' id='word_1_1571' title='bbox 643 2755 733 2784; x_wconf 82' lang='lat' dir='ltr'>Germ.</span> <span class='ocrx_word' id='word_1_1572' title='bbox 748 2757 774 2782; x_wconf 93' lang='lat'>6.</span> <span class='ocrx_word' id='word_1_1573' title='bbox 821 2757 974 2797; x_wconf 34' lang='lat' dir='ltr'>&#39;Amomum</span> <span class='ocrx_word' id='word_1_1574' title='bbox 987 2766 1071 2798; x_wconf 64' lang='lat' dir='ltr'>mani·</span> <span class='ocrx_word' id='word_1_1575' title='bbox 1134 2762 1192 2795; x_wconf 77' lang='lat' dir='ltr'>his,</span> <span class='ocrx_word' id='word_1_1576' title='bbox 1210 2771 1272 2798; x_wconf 83' lang='lat' dir='ltr'>quae</span> <span class='ocrx_word' id='word_1_1577' title='bbox 1284 2767 1374 2800; x_wconf 80' lang='lat' dir='ltr'>negari</span> <span class='ocrx_word' id='word_1_1578' title='bbox 1385 2765 1451 2798; x_wconf 85' lang='lat' dir='ltr'>nullo</span> <span class='ocrx_word' id='word_1_1579' title='bbox 1464 2764 1534 2791; x_wconf 86' lang='lat' dir='ltr'>modo</span> <span class='ocrx_word' id='word_1_1580' title='bbox 1542 2763 1651 2800; x_wconf 70' lang='lat' dir='ltr'>pqffiint.</span> <span class='ocrx_word' id='word_1_1581' title='bbox 1722 2765 1839 2792; x_wconf 82' lang='lat' dir='ltr'>cic.0ff.</span> <span class='ocrx_word' id='word_1_1582' title='bbox 1849 2774 1868 2798; x_wconf 89' lang='lat' dir='ltr'>i,</span> <span class='ocrx_word' id='word_1_1583' title='bbox 1877 2773 1914 2797; x_wconf 83' lang='lat'>131</span> <span class='ocrx_word' id='word_1_1584' title='bbox 1930 2765 2032 2791; x_wconf 88' lang='lat' dir='ltr'>Cauere</span> <span class='ocrx_word' id='word_1_1585' title='bbox 2045 2765 2184 2799; x_wconf 80' lang='lat' dir='ltr'>debemus,</span> 
     </span>
     <span class='ocr_line' id='line_1_75' title="bbox 26 2791 2183 2836; baseline 0.004 -16"><span class='ocrx_word' id='word_1_1586' title='bbox 26 2810 27 2814; x_wconf 66' lang='lat'><em>=</em></span> <span class='ocrx_word' id='word_1_1587' title='bbox 65 2794 139 2820; x_wconf 79' lang='lat' dir='ltr'>latim</span> <span class='ocrx_word' id='word_1_1588' title='bbox 152 2793 247 2820; x_wconf 86' lang='lat' dir='ltr'>leniter</span> <span class='ocrx_word' id='word_1_1589' title='bbox 258 2798 446 2833; x_wconf 74' lang='lat' dir='ltr'>componitur,⁴</span> <span class='ocrx_word' id='word_1_1590' title='bbox 467 2791 520 2818; x_wconf 82' lang='lat' dir='ltr'>vid.</span> <span class='ocrx_word' id='word_1_1591' title='bbox 529 2791 578 2828; x_wconf 84' lang='lat' dir='ltr'>sub</span> <span class='ocrx_word' id='word_1_1592' title='bbox 595 2798 693 2819; x_wconf 73' lang='lat' dir='ltr'>LENIS.</span> <span class='ocrx_word' id='word_1_1593' title='bbox 753 2792 924 2833; x_wconf 38' lang='lat' dir='ltr'>&#39;Antidotum</span> <span class='ocrx_word' id='word_1_1594' title='bbox 943 2802 975 2820; x_wconf 86' lang='lat' dir='ltr'>ex</span> <span class='ocrx_word' id='word_1_1595' title='bbox 987 2802 1071 2821; x_wconf 86' lang='lat' dir='ltr'>variis</span> <span class='ocrx_word' id='word_1_1596' title='bbox 1134 2806 1169 2824; x_wconf 87' lang='lat' dir='ltr'>ne</span> <span class='ocrx_word' id='word_1_1597' title='bbox 1188 2798 1218 2824; x_wconf 89' lang='lat' dir='ltr'>in</span> <span class='ocrx_word' id='word_1_1598' title='bbox 1235 2799 1463 2833; x_wconf 85' lang='lat' dir='ltr'>perturbationem</span> <span class='ocrx_word' id='word_1_1599' title='bbox 1487 2801 1559 2835; x_wconf 89' lang='lat' dir='ltr'>prius</span> <span class='ocrx_word' id='word_1_1600' title='bbox 1580 2800 1744 2834; x_wconf 85' lang='lat' dir='ltr'>incidamus,</span> <span class='ocrx_word' id='word_1_1601' title='bbox 1768 2810 1848 2836; x_wconf 87' lang='lat' dir='ltr'>quam</span> <span class='ocrx_word' id='word_1_1602' title='bbox 1871 2800 1973 2826; x_wconf 87' lang='lat' dir='ltr'>animos</span> <span class='ocrx_word' id='word_1_1603' title='bbox 1991 2800 2094 2826; x_wconf 85' lang='lat' dir='ltr'>nostros</span> <span class='ocrx_word' id='word_1_1604' title='bbox 2111 2801 2183 2828; x_wconf 90' lang='lat' dir='ltr'>ratio</span> 
     </span>
     <span class='ocr_line' id='line_1_76' title="bbox 44 2827 2182 2874; baseline 0.001 -18"><span class='ocrx_word' id='word_1_1605' title='bbox 44 2835 54 2856; x_wconf 93' lang='lat' dir='ltr'>t</span> <span class='ocrx_word' id='word_1_1606' title='bbox 73 2829 143 2856; x_wconf 79' lang='lat' dir='ltr'>inter</span> <span class='ocrx_word' id='word_1_1607' title='bbox 160 2830 186 2855; x_wconf 85' lang='lat' dir='ltr'>se</span> <span class='ocrx_word' id='word_1_1608' title='bbox 205 2835 343 2856; x_wconf 85' lang='lat' dir='ltr'>contrariis</span> <span class='ocrx_word' id='word_1_1609' title='bbox 361 2827 498 2869; x_wconf 68' lang='lat' dir='ltr'>effeehbus</span> <span class='ocrx_word' id='word_1_1610' title='bbox 516 2836 674 2863; x_wconf 87' lang='lat' dir='ltr'>componere</span> <span class='ocrx_word' id='word_1_1611' title='bbox 704 2827 836 2869; x_wconf 54' lang='lat' dir='ltr'>Qinfitil.</span> <span class='ocrx_word' id='word_1_1612' title='bbox 853 2838 879 2861; x_wconf 87' lang='lat' dir='ltr'>i,</span> <span class='ocrx_word' id='word_1_1613' title='bbox 890 2838 932 2861; x_wconf 90' lang='lat'>10,</span> <span class='ocrx_word' id='word_1_1614' title='bbox 949 2831 967 2856; x_wconf 91' lang='lat'>6</span> <span class='ocrx_word' id='word_1_1615' title='bbox 985 2830 1069 2865; x_wconf 87' lang='lat' dir='ltr'>Argu·</span> <span class='ocrx_word' id='word_1_1616' title='bbox 1084 2841 1116 2869; x_wconf 76' lang='lat'>75</span> <span class='ocrx_word' id='word_1_1617' title='bbox 1135 2840 1285 2869; x_wconf 63' lang='lat' dir='ltr'>componat,</span> <span class='ocrx_word' id='word_1_1618' title='bbox 1340 2836 1381 2862; x_wconf 71' lang='lat' dir='ltr'>Sic</span> <span class='ocrx_word' id='word_1_1619' title='bbox 1393 2836 1481 2862; x_wconf 69' lang='lat' dir='ltr'>Prima</span> <span class='ocrx_word' id='word_1_1620' title='bbox 1494 2837 1619 2870; x_wconf 62' lang='lat' dir='ltr'>(moralis</span> <span class='ocrx_word' id='word_1_1621' title='bbox 1629 2837 1809 2874; x_wconf 67' lang='lat' dir='ltr'>philofhphsa)</span> <span class='ocrx_word' id='word_1_1622' title='bbox 1829 2836 1966 2870; x_wconf 80' lang='lat' dir='ltr'>componit</span> <span class='ocrx_word' id='word_1_1623' title='bbox 1984 2836 2104 2863; x_wconf 79' lang='lat' dir='ltr'>animum</span> <span class='ocrx_word' id='word_1_1624' title='bbox 2123 2837 2182 2864; x_wconf 76' lang='lat' dir='ltr'>sen.</span> 
     </span>
     <span class='ocr_line' id='line_1_77' title="bbox 56 2863 2183 2908; baseline 0 -8"><span class='ocrx_word' id='word_1_1625' title='bbox 56 2871 116 2892; x_wconf 54' lang='grc' dir='ltr'>ΕΗΒ</span> <span class='ocrx_word' id='word_1_1626' title='bbox 146 2864 246 2900; x_wconf 64' lang='grc' dir='ltr'><strong>ῙῖῃὲυῘῧ</strong></span> <span class='ocrx_word' id='word_1_1627' title='bbox 276 2872 336 2891; x_wconf 70' lang='lat'>⁶⁰¹⁰</span> <span class='ocrx_word' id='word_1_1628' title='bbox 365 2863 482 2905; x_wconf 50' lang='lat' dir='ltr'>fingulss,</span> <span class='ocrx_word' id='word_1_1629' title='bbox 501 2872 659 2898; x_wconf 64' lang='lat' dir='ltr'>componere</span> <span class='ocrx_word' id='word_1_1630' title='bbox 682 2863 826 2906; x_wconf 38' lang='lat' dir='ltr'>,Qussenl-</span> <span class='ocrx_word' id='word_1_1631' title='bbox 846 2872 878 2900; x_wconf 74' lang='lat'>7³</span> <span class='ocrx_word' id='word_1_1632' title='bbox 896 2873 919 2898; x_wconf 82' lang='lat'>3·</span> <span class='ocrx_word' id='word_1_1633' title='bbox 973 2866 1069 2893; x_wconf 60' lang='lat' dir='ltr'>Causas</span> <span class='ocrx_word' id='word_1_1634' title='bbox 1135 2870 1180 2904; x_wconf 78' lang='lat' dir='ltr'>Ep.</span> <span class='ocrx_word' id='word_1_1635' title='bbox 1193 2875 1234 2903; x_wconf 87' lang='lat'>89.</span> <span class='ocrx_word' id='word_1_1636' title='bbox 1288 2872 1320 2897; x_wconf 78' lang='lat' dir='ltr'>Et</span> <span class='ocrx_word' id='word_1_1637' title='bbox 1333 2871 1389 2905; x_wconf 72' lang='lat' dir='ltr'>Qui</span> <span class='ocrx_word' id='word_1_1638' title='bbox 1403 2872 1503 2898; x_wconf 87' lang='lat' dir='ltr'>rationi</span> <span class='ocrx_word' id='word_1_1639' title='bbox 1516 2872 1593 2905; x_wconf 85' lang='lat' dir='ltr'>ccffit,</span> <span class='ocrx_word' id='word_1_1640' title='bbox 1608 2872 1638 2899; x_wconf 87' lang='lat' dir='ltr'>in</span> <span class='ocrx_word' id='word_1_1641' title='bbox 1651 2879 1807 2908; x_wconf 87' lang='lat' dir='ltr'>perpetuum</span> <span class='ocrx_word' id='word_1_1642' title='bbox 1823 2871 1992 2906; x_wconf 88' lang='lat' dir='ltr'>componitur</span> <span class='ocrx_word' id='word_1_1643' title='bbox 2004 2871 2042 2898; x_wconf 81' lang='lat' dir='ltr'>Id.</span> <span class='ocrx_word' id='word_1_1644' title='bbox 2056 2872 2088 2898; x_wconf 87' lang='lat' dir='ltr'>ad</span> <span class='ocrx_word' id='word_1_1645' title='bbox 2101 2873 2183 2900; x_wconf 88' lang='lat' dir='ltr'>Helu.</span> 
     </span>
     <span class='ocr_line' id='line_1_78' title="bbox 40 2899 2183 2943; baseline 0.004 -16"><span class='ocrx_word' id='word_1_1646' title='bbox 40 2901 184 2940; x_wconf 77' lang='lat' dir='ltr'>ognoscere</span> <span class='ocrx_word' id='word_1_1647' title='bbox 195 2907 222 2927; x_wconf 86' lang='lat' dir='ltr'>et</span> <span class='ocrx_word' id='word_1_1648' title='bbox 233 2908 391 2935; x_wconf 87' lang='lat' dir='ltr'>componere</span> <span class='ocrx_word' id='word_1_1649' title='bbox 405 2901 462 2926; x_wconf 91' lang='lat' dir='ltr'>Cic.</span> <span class='ocrx_word' id='word_1_1650' title='bbox 475 2908 503 2926; x_wconf 87' lang='lat' dir='ltr'>in</span> <span class='ocrx_word' id='word_1_1651' title='bbox 515 2900 590 2927; x_wconf 88' lang='lat' dir='ltr'>Orat.</span> <span class='ocrx_word' id='word_1_1652' title='bbox 605 2908 655 2934; x_wconf 85' lang='lat'><em>¹43-</em></span> <span class='ocrx_word' id='word_1_1653' title='bbox 676 2910 694 2926; x_wconf 89' lang='lat'>1.</span> <span class='ocrx_word' id='word_1_1654' title='bbox 708 2899 822 2936; x_wconf 79' lang='lat' dir='ltr'>conferre</span> <span class='ocrx_word' id='word_1_1655' title='bbox 834 2903 901 2928; x_wconf 79' lang='lat' dir='ltr'>inter</span> <span class='ocrx_word' id='word_1_1656' title='bbox 908 2901 953 2937; x_wconf 84' lang='lat' dir='ltr'>se,</span> <span class='ocrx_word' id='word_1_1657' title='bbox 967 2908 992 2928; x_wconf 83' lang='lat' dir='ltr'>et</span> <span class='ocrx_word' id='word_1_1658' title='bbox 1003 2911 1071 2928; x_wconf 75' lang='grc' dir='ltr'><em>σοον·</em></span> <span class='ocrx_word' id='word_1_1659' title='bbox 1136 2914 1158 2932; x_wconf 92' lang='lat' dir='ltr'>c.</span> <span class='ocrx_word' id='word_1_1660' title='bbox 1172 2908 1209 2932; x_wconf 84' lang='lat'>16.</span> <span class='ocrx_word' id='word_1_1661' title='bbox 1282 2907 1411 2934; x_wconf 87' lang='lat' dir='ltr'>Animum</span> <span class='ocrx_word' id='word_1_1662' title='bbox 1429 2917 1590 2943; x_wconf 88' lang='lat' dir='ltr'>componere</span> <span class='ocrx_word' id='word_1_1663' title='bbox 1610 2908 1642 2936; x_wconf 84' lang='lat' dir='ltr'>ad</span> <span class='ocrx_word' id='word_1_1664' title='bbox 1659 2909 1764 2943; x_wconf 85' lang='lat' dir='ltr'>aliquos</span> <span class='ocrx_word' id='word_1_1665' title='bbox 1783 2908 1855 2934; x_wconf 86' lang='lat' dir='ltr'>casus</span> <span class='ocrx_word' id='word_1_1666' title='bbox 1872 2907 1960 2933; x_wconf 79' lang='lat' dir='ltr'>Valer.</span> <span class='ocrx_word' id='word_1_1667' title='bbox 1974 2907 2073 2941; x_wconf 86' lang='lat' dir='ltr'>Argon.</span> <span class='ocrx_word' id='word_1_1668' title='bbox 2089 2916 2098 2934; x_wconf 95' lang='grc' dir='ltr'><strong>ι</strong></span> <span class='ocrx_word' id='word_1_1669' title='bbox 2107 2928 2116 2940; x_wconf 94' lang='grc'>,</span> <span class='ocrx_word' id='word_1_1670' title='bbox 2129 2917 2183 2941; x_wconf 79' lang='lat'>32¹-</span> 
     </span>
     <span class='ocr_line' id='line_1_79' title="bbox 45 2935 2182 2979; baseline 0.003 -17"><span class='ocrx_word' id='word_1_1671' title='bbox 45 2939 115 2964; x_wconf 75' lang='lat' dir='ltr'>inore</span> <span class='ocrx_word' id='word_1_1672' title='bbox 119 2938 234 2973; x_wconf 75' lang='lat' dir='ltr'>singulas</span> <span class='ocrx_word' id='word_1_1673' title='bbox 240 2943 338 2973; x_wconf 80' lang='lat' dir='ltr'>partes.</span> <span class='ocrx_word' id='word_1_1674' title='bbox 395 2936 436 2963; x_wconf 86' lang='lat' dir='ltr'>Sic</span> <span class='ocrx_word' id='word_1_1675' title='bbox 450 2936 561 2963; x_wconf 83' lang='lat' dir='ltr'>Causam</span> <span class='ocrx_word' id='word_1_1676' title='bbox 577 2935 740 2963; x_wconf 85' lang='lat' dir='ltr'>considerare</span> <span class='ocrx_word' id='word_1_1677' title='bbox 757 2945 970 2972; x_wconf 84' lang='lat' dir='ltr'>componereque</span> <span class='ocrx_word' id='word_1_1678' title='bbox 984 2937 1022 2964; x_wconf 91' lang='lat' dir='ltr'>Id.</span> <span class='ocrx_word' id='word_1_1679' title='bbox 1036 2937 1070 2965; x_wconf 86' lang='lat' dir='ltr'>de</span> <span class='ocrx_word' id='word_1_1680' title='bbox 1134 2941 1201 2969; x_wconf 87' lang='lat' dir='ltr'>Cels.</span> <span class='ocrx_word' id='word_1_1681' title='bbox 1217 2950 1240 2975; x_wconf 83' lang='lat'>3,</span> <span class='ocrx_word' id='word_1_1682' title='bbox 1256 2947 1281 2972; x_wconf 85' lang='lat'>18</span> <span class='ocrx_word' id='word_1_1683' title='bbox 1304 2942 1411 2970; x_wconf 87' lang='lat' dir='ltr'>Prodest</span> <span class='ocrx_word' id='word_1_1684' title='bbox 1431 2944 1463 2971; x_wconf 85' lang='lat' dir='ltr'>ad</span> <span class='ocrx_word' id='word_1_1685' title='bbox 1483 2944 1525 2976; x_wconf 87' lang='lat' dir='ltr'>id,</span> <span class='ocrx_word' id='word_1_1686' title='bbox 1548 2950 1627 2979; x_wconf 82' lang='lat' dir='ltr'>atque</span> <span class='ocrx_word' id='word_1_1687' title='bbox 1647 2944 1727 2970; x_wconf 83' lang='lat' dir='ltr'>etiam</span> <span class='ocrx_word' id='word_1_1688' title='bbox 1745 2943 1777 2970; x_wconf 84' lang='lat' dir='ltr'>ad</span> <span class='ocrx_word' id='word_1_1689' title='bbox 1790 2944 1908 2969; x_wconf 88' lang='lat' dir='ltr'>Mentem</span> <span class='ocrx_word' id='word_1_1690' title='bbox 1924 2943 2006 2976; x_wconf 81' lang='lat' dir='ltr'>ipsam</span> <span class='ocrx_word' id='word_1_1691' title='bbox 2021 2952 2182 2978; x_wconf 83' lang='lat' dir='ltr'>componen-</span> 
     </span>
     <span class='ocr_line' id='line_1_80' title="bbox 51 2971 2182 3014; baseline 0.004 -15"><span class='ocrx_word' id='word_1_1692' title='bbox 51 2971 96 3000; x_wconf 77' lang='lat' dir='ltr'>lar.</span> <span class='ocrx_word' id='word_1_1693' title='bbox 107 2972 182 3000; x_wconf 84' lang='lat' dir='ltr'>Orat.</span> <span class='ocrx_word' id='word_1_1694' title='bbox 195 2977 236 3007; x_wconf 86' lang='lat'>87.</span> <span class='ocrx_word' id='word_1_1695' title='bbox 307 2972 424 3007; x_wconf 80' lang='lat' dir='ltr'>Capillos</span> <span class='ocrx_word' id='word_1_1696' title='bbox 439 2980 600 3007; x_wconf 88' lang='lat' dir='ltr'>componere</span> <span class='ocrx_word' id='word_1_1697' title='bbox 612 2977 637 2998; x_wconf 88' lang='lat' dir='ltr'>et</span> <span class='ocrx_word' id='word_1_1698' title='bbox 650 2971 786 3012; x_wconf 74' lang='lat' dir='ltr'>delibuere</span> <span class='ocrx_word' id='word_1_1699' title='bbox 805 2972 843 2999; x_wconf 92' lang='lat' dir='ltr'>Id.</span> <span class='ocrx_word' id='word_1_1700' title='bbox 857 2982 906 3008; x_wconf 91' lang='lat' dir='ltr'>pro</span> <span class='ocrx_word' id='word_1_1701' title='bbox 920 2973 994 3000; x_wconf 68' lang='lat' dir='ltr'>Rosc.</span> <span class='ocrx_word' id='word_1_1702' title='bbox 1008 2974 1068 3000; x_wconf 88' lang='lat' dir='ltr'>Am.</span> <span class='ocrx_word' id='word_1_1703' title='bbox 1135 2977 1197 3004; x_wconf 83' lang='lat' dir='ltr'>dam</span> <span class='ocrx_word' id='word_1_1704' title='bbox 1207 2979 1345 3005; x_wconf 83' lang='lat' dir='ltr'>crocinum</span> <span class='ocrx_word' id='word_1_1705' title='bbox 1357 2986 1520 3014; x_wconf 83' lang='lat' dir='ltr'>vnguentum</span> <span class='ocrx_word' id='word_1_1706' title='bbox 1528 3000 1537 3013; x_wconf 91' lang='lat'>,</span> <span class='ocrx_word' id='word_1_1707' title='bbox 1559 2989 1618 3006; x_wconf 86' lang='lat' dir='ltr'>cum</span> <span class='ocrx_word' id='word_1_1708' title='bbox 1631 2979 1704 3005; x_wconf 89' lang='lat' dir='ltr'>irino</span> <span class='ocrx_word' id='word_1_1709' title='bbox 1719 2979 1748 3005; x_wconf 88' lang='lat' dir='ltr'>in</span> <span class='ocrx_word' id='word_1_1710' title='bbox 1761 2983 1837 3013; x_wconf 86' lang='lat' dir='ltr'>caput</span> <span class='ocrx_word' id='word_1_1711' title='bbox 1848 2978 1937 3004; x_wconf 86' lang='lat' dir='ltr'>datum</span> <span class='ocrx_word' id='word_1_1712' title='bbox 1946 2996 1954 3010; x_wconf 89' lang='lat'>,</span> <span class='ocrx_word' id='word_1_1713' title='bbox 1977 2978 2006 3004; x_wconf 82' lang='lat' dir='ltr'>de</span> <span class='ocrx_word' id='word_1_1714' title='bbox 2014 2979 2182 3014; x_wconf 67' lang='lat' dir='ltr'>phreneticis.</span> 
     </span>
     <span class='ocr_line' id='line_1_81' title="bbox 10 3007 2182 3053; baseline 0 -13"><span class='ocrx_word' id='word_1_1715' title='bbox 10 3026 13 3030; x_wconf 91' lang='lat'>·</span> <span class='ocrx_word' id='word_1_1716' title='bbox 40 3014 76 3040; x_wconf 79' lang='lat'>3⁵-</span> <span class='ocrx_word' id='word_1_1717' title='bbox 130 3007 276 3048; x_wconf 62' lang='lat' dir='ltr'>Chffial&#39;iOS</span> <span class='ocrx_word' id='word_1_1718' title='bbox 289 3008 317 3035; x_wconf 75' lang='lat' dir='ltr'>in</span> <span class='ocrx_word' id='word_1_1719' title='bbox 329 3016 452 3034; x_wconf 64' lang='lat' dir='ltr'>numeros</span> <span class='ocrx_word' id='word_1_1720' title='bbox 464 3008 577 3043; x_wconf 70' lang='lat' dir='ltr'>legionis</span> <span class='ocrx_word' id='word_1_1721' title='bbox 590 3008 658 3048; x_wconf 59' lang='grc' dir='ltr'>Τᾶς-</span> <span class='ocrx_word' id='word_1_1722' title='bbox 674 3007 741 3034; x_wconf 77' lang='lat' dir='ltr'>Hlst-</span> <span class='ocrx_word' id='word_1_1723' title='bbox 757 3016 777 3040; x_wconf 77' lang='lat'>¹2</span> <span class='ocrx_word' id='word_1_1724' title='bbox 790 3013 831 3042; x_wconf 86' lang='lat'>87·</span> <span class='ocrx_word' id='word_1_1725' title='bbox 886 3010 982 3036; x_wconf 64' lang='lat' dir='ltr'>COmas</span> <span class='ocrx_word' id='word_1_1726' title='bbox 996 3018 1068 3036; x_wconf 72' lang='lat' dir='ltr'>com-</span> <span class='ocrx_word' id='word_1_1727' title='bbox 1085 3019 1118 3045; x_wconf 82' lang='lat'>80</span> <span class='ocrx_word' id='word_1_1728' title='bbox 1133 3014 1196 3047; x_wconf 86' lang='lat' dir='ltr'>Qio</span> <span class='ocrx_word' id='word_1_1729' title='bbox 1210 3014 1288 3048; x_wconf 65' lang='lat' dir='ltr'>paeto</span> <span class='ocrx_word' id='word_1_1730' title='bbox 1303 3023 1405 3042; x_wconf 89' lang='lat' dir='ltr'>morem</span> <span class='ocrx_word' id='word_1_1731' title='bbox 1418 3017 1502 3042; x_wconf 87' lang='lat' dir='ltr'>animi</span> <span class='ocrx_word' id='word_1_1732' title='bbox 1515 3016 1557 3043; x_wconf 89' lang='lat' dir='ltr'>tui</span> <span class='ocrx_word' id='word_1_1733' title='bbox 1567 3023 1708 3049; x_wconf 86' lang='lat' dir='ltr'>componas</span> <span class='ocrx_word' id='word_1_1734' title='bbox 1721 3016 1788 3041; x_wconf 89' lang='lat' dir='ltr'>Cato</span> <span class='ocrx_word' id='word_1_1735' title='bbox 1801 3013 1867 3040; x_wconf 84' lang='lat' dir='ltr'>Dist.</span> <span class='ocrx_word' id='word_1_1736' title='bbox 1881 3013 1964 3048; x_wconf 86' lang='lat' dir='ltr'>praef.</span> <span class='ocrx_word' id='word_1_1737' title='bbox 2125 3013 2147 3053; x_wconf 58' lang='lat' dir='ltr'>q</span> <span class='ocrx_word' id='word_1_1738' title='bbox 2166 3025 2182 3049; x_wconf 81' lang='lat'>3</span> 
     </span>
     <span class='ocr_line' id='line_1_82' title="bbox 45 3043 2181 3087; baseline 0.004 -18"><span class='ocrx_word' id='word_1_1739' title='bbox 45 3050 126 3070; x_wconf 82' lang='lat' dir='ltr'>onere</span> <span class='ocrx_word' id='word_1_1740' title='bbox 138 3043 219 3084; x_wconf 71' lang='lat' dir='ltr'>Ouid.</span> <span class='ocrx_word' id='word_1_1741' title='bbox 232 3044 307 3070; x_wconf 79' lang='lat' dir='ltr'>Rem.</span> <span class='ocrx_word' id='word_1_1742' title='bbox 321 3044 412 3070; x_wconf 90' lang='lat' dir='ltr'>Amor.</span> <span class='ocrx_word' id='word_1_1743' title='bbox 427 3045 488 3078; x_wconf 85' lang='lat'>679.</span> <span class='ocrx_word' id='word_1_1744' title='bbox 543 3043 675 3084; x_wconf 66' lang='lat' dir='ltr'>Qimffil·</span> <span class='ocrx_word' id='word_1_1745' title='bbox 691 3052 724 3074; x_wconf 67' lang='grc' dir='ltr'>Π,</span> <span class='ocrx_word' id='word_1_1746' title='bbox 736 3052 757 3075; x_wconf 78' lang='lat'>3,</span> <span class='ocrx_word' id='word_1_1747' title='bbox 771 3048 825 3077; x_wconf 87' lang='lat'>148-</span> <span class='ocrx_word' id='word_1_1748' title='bbox 886 3044 979 3071; x_wconf 74' lang='lat' dir='ltr'>Crines</span> <span class='ocrx_word' id='word_1_1749' title='bbox 997 3054 1067 3072; x_wconf 78' lang='lat' dir='ltr'>com·</span> <span class='ocrx_word' id='word_1_1750' title='bbox 1133 3050 1317 3084; x_wconf 80' lang='lat' dir='ltr'>componere,</span> <span class='ocrx_word' id='word_1_1751' title='bbox 1342 3050 1537 3087; x_wconf 67' lang='grc' dir='ltr'>[συμέρὲλλειν]</span> <span class='ocrx_word' id='word_1_1752' title='bbox 1563 3052 1718 3085; x_wconf 82' lang='lat' dir='ltr'>Comparare.</span> <span class='ocrx_word' id='word_1_1753' title='bbox 1755 3049 1852 3084; x_wconf 81' lang='lat' dir='ltr'>Virgil.</span> <span class='ocrx_word' id='word_1_1754' title='bbox 1865 3049 1918 3076; x_wconf 87' lang='lat' dir='ltr'>Ecl.</span> <span class='ocrx_word' id='word_1_1755' title='bbox 1933 3058 1959 3082; x_wconf 90' lang='grc' dir='ltr'>ι,</span> <span class='ocrx_word' id='word_1_1756' title='bbox 1974 3057 2009 3083; x_wconf 83' lang='lat'>24</span> <span class='ocrx_word' id='word_1_1757' title='bbox 2036 3050 2078 3077; x_wconf 89' lang='lat' dir='ltr'>Sic</span> <span class='ocrx_word' id='word_1_1758' title='bbox 2091 3052 2181 3086; x_wconf 79' lang='lat' dir='ltr'>paruis</span> 
     </span>
     <span class='ocr_line' id='line_1_83' title="bbox 0 3079 2180 3121; baseline 0.004 -16"><span class='ocrx_word' id='word_1_1759' title='bbox 0 3089 5 3099; x_wconf 61' lang='lat' dir='ltr'><em>v</em></span> <span class='ocrx_word' id='word_1_1760' title='bbox 45 3087 126 3106; x_wconf 85' lang='lat' dir='ltr'>onere</span> <span class='ocrx_word' id='word_1_1761' title='bbox 137 3079 212 3113; x_wconf 80' lang='lat' dir='ltr'>virg.</span> <span class='ocrx_word' id='word_1_1762' title='bbox 225 3079 322 3113; x_wconf 86' lang='lat' dir='ltr'>Georg.</span> <span class='ocrx_word' id='word_1_1763' title='bbox 334 3088 362 3112; x_wconf 82' lang='lat'>4,</span> <span class='ocrx_word' id='word_1_1764' title='bbox 376 3086 434 3114; x_wconf 80' lang='lat'>417.</span> <span class='ocrx_word' id='word_1_1765' title='bbox 487 3080 639 3120; x_wconf 78' lang='lat' dir='ltr'>Exercitum</span> <span class='ocrx_word' id='word_1_1766' title='bbox 651 3081 752 3114; x_wconf 79' lang='lat' dir='ltr'>pugnae</span> <span class='ocrx_word' id='word_1_1767' title='bbox 765 3079 836 3107; x_wconf 86' lang='lat' dir='ltr'>Tac.</span> <span class='ocrx_word' id='word_1_1768' title='bbox 848 3080 916 3107; x_wconf 87' lang='lat' dir='ltr'>Ann.</span> <span class='ocrx_word' id='word_1_1769' title='bbox 931 3090 967 3114; x_wconf 88' lang='grc'>13,</span> <span class='ocrx_word' id='word_1_1770' title='bbox 979 3091 1025 3116; x_wconf 87' lang='lat'>40.</span> <span class='ocrx_word' id='word_1_1771' title='bbox 1046 3085 1066 3109; x_wconf 91' lang='lat' dir='ltr'>i.</span> <span class='ocrx_word' id='word_1_1772' title='bbox 1132 3094 1291 3121; x_wconf 86' lang='lat' dir='ltr'>componere</span> <span class='ocrx_word' id='word_1_1773' title='bbox 1304 3096 1398 3121; x_wconf 86' lang='lat' dir='ltr'>magna</span> <span class='ocrx_word' id='word_1_1774' title='bbox 1410 3088 1536 3114; x_wconf 89' lang='lat' dir='ltr'>solebam.</span> <span class='ocrx_word' id='word_1_1775' title='bbox 1606 3085 1701 3112; x_wconf 86' lang='lat' dir='ltr'>Accius</span> <span class='ocrx_word' id='word_1_1776' title='bbox 1713 3086 1780 3121; x_wconf 82' lang='lat' dir='ltr'>apud</span> <span class='ocrx_word' id='word_1_1777' title='bbox 1791 3085 1862 3112; x_wconf 89' lang='lat' dir='ltr'>Non.</span> <span class='ocrx_word' id='word_1_1778' title='bbox 1876 3094 1898 3119; x_wconf 83' lang='lat'>3,</span> <span class='ocrx_word' id='word_1_1779' title='bbox 1913 3086 1949 3118; x_wconf 82' lang='lat'>64</span> <span class='ocrx_word' id='word_1_1780' title='bbox 1971 3085 2047 3118; x_wconf 74' lang='lat' dir='ltr'>Quid</span> <span class='ocrx_word' id='word_1_1781' title='bbox 2058 3086 2110 3120; x_wconf 85' lang='lat' dir='ltr'>est,</span> <span class='ocrx_word' id='word_1_1782' title='bbox 2130 3097 2180 3115; x_wconf 82' lang='lat' dir='ltr'>cui·</span> 
     </span>
     <span class='ocr_line' id='line_1_84' title="bbox 40 3112 2181 3157; baseline 0.005 -17"><span class='ocrx_word' id='word_1_1783' title='bbox 40 3122 168 3150; x_wconf 76' lang='lat' dir='ltr'>omparare</span> <span class='ocrx_word' id='word_1_1784' title='bbox 186 3121 210 3140; x_wconf 80' lang='lat' dir='ltr'>ee</span> <span class='ocrx_word' id='word_1_1785' title='bbox 223 3112 342 3147; x_wconf 79' lang='lat' dir='ltr'>instruere</span> <span class='ocrx_word' id='word_1_1786' title='bbox 353 3114 387 3141; x_wconf 80' lang='lat' dir='ltr'>ad</span> <span class='ocrx_word' id='word_1_1787' title='bbox 395 3121 514 3151; x_wconf 80' lang='lat' dir='ltr'>pugnam.</span> <span class='ocrx_word' id='word_1_1788' title='bbox 585 3117 640 3144; x_wconf 90' lang='lat' dir='ltr'>Cic.</span> <span class='ocrx_word' id='word_1_1789' title='bbox 655 3116 708 3142; x_wconf 90' lang='lat' dir='ltr'>Att.</span> <span class='ocrx_word' id='word_1_1790' title='bbox 726 3122 766 3148; x_wconf 77' lang='grc' dir='ltr'><strong>ις,</strong></span> <span class='ocrx_word' id='word_1_1791' title='bbox 785 3117 821 3142; x_wconf 90' lang='lat'>26</span> <span class='ocrx_word' id='word_1_1792' title='bbox 844 3116 899 3151; x_wconf 84' lang='lat' dir='ltr'>Ego</span> <span class='ocrx_word' id='word_1_1793' title='bbox 917 3117 1068 3152; x_wconf 62' lang='lat' dir='ltr'>Itineraflc</span> <span class='ocrx_word' id='word_1_1794' title='bbox 1132 3130 1292 3157; x_wconf 86' lang='lat' dir='ltr'>componere</span> <span class='ocrx_word' id='word_1_1795' title='bbox 1306 3123 1372 3150; x_wconf 78' lang='lat' dir='ltr'>auiis</span> <span class='ocrx_word' id='word_1_1796' title='bbox 1383 3123 1454 3151; x_wconf 89' lang='lat' dir='ltr'>mihi</span> <span class='ocrx_word' id='word_1_1797' title='bbox 1467 3129 1508 3155; x_wconf 87' lang='lat' dir='ltr'>te,</span> <span class='ocrx_word' id='word_1_1798' title='bbox 1526 3127 1571 3149; x_wconf 84' lang='lat' dir='ltr'>aut</span> <span class='ocrx_word' id='word_1_1799' title='bbox 1582 3130 1625 3147; x_wconf 89' lang='lat' dir='ltr'>me</span> <span class='ocrx_word' id='word_1_1800' title='bbox 1639 3121 1690 3148; x_wconf 89' lang='lat' dir='ltr'>tibi</span> <span class='ocrx_word' id='word_1_1801' title='bbox 1703 3122 1713 3148; x_wconf 79' lang='lat'>3</span> <span class='ocrx_word' id='word_1_1802' title='bbox 1783 3120 1890 3147; x_wconf 86' lang='lat' dir='ltr'>Diuinis</span> <span class='ocrx_word' id='word_1_1803' title='bbox 1903 3119 2017 3147; x_wconf 80' lang='lat' dir='ltr'>humana</span> <span class='ocrx_word' id='word_1_1804' title='bbox 2033 3122 2095 3149; x_wconf 90' lang='lat' dir='ltr'>licet</span> <span class='ocrx_word' id='word_1_1805' title='bbox 2107 3132 2181 3150; x_wconf 86' lang='lat' dir='ltr'>com-</span> 
     </span>
     <span class='ocr_line' id='line_1_85' title="bbox 0 3150 2180 3193; baseline 0.002 -12"><span class='ocrx_word' id='word_1_1806' title='bbox 0 3154 2 3162; x_wconf 94' lang='lat'>&#39;</span> <span class='ocrx_word' id='word_1_1807' title='bbox 18 3179 20 3181; x_wconf 74' lang='grc'><strong>,</strong></span> <span class='ocrx_word' id='word_1_1808' title='bbox 41 3150 243 3185; x_wconf 66' lang='grc' dir='ltr'><strong>ΟΠΙΡΟΓΙΙΕᾺἭΠ,</strong></span> <span class='ocrx_word' id='word_1_1809' title='bbox 269 3155 299 3176; x_wconf 72' lang='lat' dir='ltr'>Vt</span> <span class='ocrx_word' id='word_1_1810' title='bbox 320 3150 410 3177; x_wconf 65' lang='lat' dir='ltr'>Nonis</span> <span class='ocrx_word' id='word_1_1811' title='bbox 433 3150 564 3184; x_wconf 71' lang='lat' dir='ltr'>Qinffll·</span> <span class='ocrx_word' id='word_1_1812' title='bbox 587 3151 704 3178; x_wconf 67' lang='lat' dir='ltr'>PuteOIiS</span> <span class='ocrx_word' id='word_1_1813' title='bbox 726 3151 818 3183; x_wconf 80' lang='lat' dir='ltr'>essem,</span> <span class='ocrx_word' id='word_1_1814' title='bbox 846 3154 865 3178; x_wconf 61' lang='lat'>¹⁴-</span> <span class='ocrx_word' id='word_1_1815' title='bbox 883 3152 1066 3180; x_wconf 63' lang='grc' dir='ltr'>θνᾶίηαπεναῑη-</span> <span class='ocrx_word' id='word_1_1816' title='bbox 1132 3165 1230 3191; x_wconf 87' lang='lat' dir='ltr'>ponere</span> <span class='ocrx_word' id='word_1_1817' title='bbox 1243 3158 1341 3186; x_wconf 90' lang='lat' dir='ltr'>Auson.</span> <span class='ocrx_word' id='word_1_1818' title='bbox 1354 3159 1408 3186; x_wconf 90' lang='lat' dir='ltr'>Ecl.</span> <span class='ocrx_word' id='word_1_1819' title='bbox 1426 3168 1452 3192; x_wconf 90' lang='grc' dir='ltr'>ι,</span> <span class='ocrx_word' id='word_1_1820' title='bbox 1467 3167 1504 3185; x_wconf 88' lang='grc' dir='ltr'>ιο.</span> <span class='ocrx_word' id='word_1_1821' title='bbox 1562 3158 1592 3184; x_wconf 88' lang='lat' dir='ltr'>In</span> <span class='ocrx_word' id='word_1_1822' title='bbox 1601 3160 1695 3193; x_wconf 83' lang='lat' dir='ltr'>primis</span> <span class='ocrx_word' id='word_1_1823' title='bbox 1709 3156 1842 3191; x_wconf 77' lang='lat' dir='ltr'>Componi</span> <span class='ocrx_word' id='word_1_1824' title='bbox 1862 3155 1983 3183; x_wconf 83' lang='lat' dir='ltr'>dicuntur</span> <span class='ocrx_word' id='word_1_1825' title='bbox 1993 3157 2180 3193; x_wconf 87' lang='lat' dir='ltr'>Gladiatores,</span> 
     </span>
     <span class='ocr_line' id='line_1_86' title="bbox 0 3184 2179 3231; baseline 0.007 -24"><span class='ocrx_word' id='word_1_1826' title='bbox 0 3198 3 3207; x_wconf 49' lang='lat' dir='ltr'><em>r</em></span> <span class='ocrx_word' id='word_1_1827' title='bbox 50 3186 114 3213; x_wconf 88' lang='lat' dir='ltr'>abra</span> <span class='ocrx_word' id='word_1_1828' title='bbox 129 3184 231 3226; x_wconf 77' lang='lat' dir='ltr'>labellis</span> <span class='ocrx_word' id='word_1_1829' title='bbox 243 3193 375 3226; x_wconf 77' lang='lat' dir='ltr'>compono</span> <span class='ocrx_word' id='word_1_1830' title='bbox 387 3186 474 3212; x_wconf 91' lang='lat' dir='ltr'>Lucil.</span> <span class='ocrx_word' id='word_1_1831' title='bbox 484 3186 551 3222; x_wconf 78' lang='lat' dir='ltr'>apud</span> <span class='ocrx_word' id='word_1_1832' title='bbox 563 3187 635 3214; x_wconf 91' lang='lat' dir='ltr'>Non.</span> <span class='ocrx_word' id='word_1_1833' title='bbox 648 3196 682 3220; x_wconf 91' lang='lat'>4,</span> <span class='ocrx_word' id='word_1_1834' title='bbox 696 3188 736 3216; x_wconf 87' lang='lat'>68-</span> <span class='ocrx_word' id='word_1_1835' title='bbox 777 3187 802 3212; x_wconf 88' lang='lat' dir='ltr'><em>V</em></span> <span class='ocrx_word' id='word_1_1836' title='bbox 799 3185 836 3213; x_wconf 79' lang='lat' dir='ltr'>id·</span> <span class='ocrx_word' id='word_1_1837' title='bbox 856 3193 874 3214; x_wconf 91' lang='lat' dir='ltr'>C</span> <span class='ocrx_word' id='word_1_1838' title='bbox 887 3194 906 3214; x_wconf 94' lang='lat'><em>0</em></span> <span class='ocrx_word' id='word_1_1839' title='bbox 918 3195 944 3214; x_wconf 93' lang='grc' dir='ltr'><strong>Μ</strong></span> <span class='ocrx_word' id='word_1_1840' title='bbox 955 3195 1028 3216; x_wconf 79' lang='lat' dir='ltr'>PAR</span> <span class='ocrx_word' id='word_1_1841' title='bbox 1037 3195 1066 3216; x_wconf 92' lang='lat'>0·</span> <span class='ocrx_word' id='word_1_1842' title='bbox 1085 3195 1114 3224; x_wconf 79' lang='lat'>85</span> <span class='ocrx_word' id='word_1_1843' title='bbox 1131 3195 1151 3219; x_wconf 84' lang='lat' dir='ltr'>i.</span> <span class='ocrx_word' id='word_1_1844' title='bbox 1164 3197 1313 3229; x_wconf 83' lang='lat' dir='ltr'>comparari,</span> <span class='ocrx_word' id='word_1_1845' title='bbox 1325 3205 1379 3222; x_wconf 84' lang='lat' dir='ltr'>cum</span> <span class='ocrx_word' id='word_1_1846' title='bbox 1392 3193 1534 3231; x_wconf 80' lang='lat' dir='ltr'>aequalibus</span> <span class='ocrx_word' id='word_1_1847' title='bbox 1539 3192 1600 3229; x_wconf 82' lang='lat' dir='ltr'>sere</span> <span class='ocrx_word' id='word_1_1848' title='bbox 1612 3190 1715 3219; x_wconf 77' lang='lat' dir='ltr'>viribus&#39;</span> <span class='ocrx_word' id='word_1_1849' title='bbox 1717 3199 1832 3228; x_wconf 82' lang='lat' dir='ltr'>pugnare</span> <span class='ocrx_word' id='word_1_1850' title='bbox 1843 3194 1948 3218; x_wconf 82' lang='lat' dir='ltr'>inuicem</span> <span class='ocrx_word' id='word_1_1851' title='bbox 1961 3192 2084 3221; x_wconf 80' lang='lat' dir='ltr'>iubentur.</span> <span class='ocrx_word' id='word_1_1852' title='bbox 2121 3196 2179 3222; x_wconf 88' lang='lat' dir='ltr'>Cic.</span> 
     </span>
     <span class='ocr_line' id='line_1_87' title="bbox 22 3219 2178 3265; baseline 0.002 -17"><span class='ocrx_word' id='word_1_1853' title='bbox 22 3251 24 3255; x_wconf 85' lang='lat'>.</span> <span class='ocrx_word' id='word_1_1854' title='bbox 51 3222 176 3262; x_wconf 47' lang='lat' dir='ltr'>lpianqn</span> <span class='ocrx_word' id='word_1_1855' title='bbox 190 3221 206 3247; x_wconf 96' lang='lat' dir='ltr'>l.</span> <span class='ocrx_word' id='word_1_1856' title='bbox 224 3220 252 3247; x_wconf 83' lang='lat' dir='ltr'>Si</span> <span class='ocrx_word' id='word_1_1857' title='bbox 265 3222 361 3262; x_wconf 71' lang='lat' dir='ltr'>seruus.</span> <span class='ocrx_word' id='word_1_1858' title='bbox 381 3219 406 3258; x_wconf 89' lang='lat'>§.</span> <span class='ocrx_word' id='word_1_1859' title='bbox 426 3221 444 3247; x_wconf 89' lang='lat' dir='ltr'>si</span> <span class='ocrx_word' id='word_1_1860' title='bbox 464 3230 495 3248; x_wconf 84' lang='lat' dir='ltr'>ex</span> <span class='ocrx_word' id='word_1_1861' title='bbox 516 3221 624 3257; x_wconf 84' lang='lat' dir='ltr'>plostro.</span> <span class='ocrx_word' id='word_1_1862' title='bbox 650 3223 682 3250; x_wconf 90' lang='lat' dir='ltr'>D.</span> <span class='ocrx_word' id='word_1_1863' title='bbox 697 3222 730 3263; x_wconf 80' lang='lat' dir='ltr'>ad</span> <span class='ocrx_word' id='word_1_1864' title='bbox 741 3222 838 3262; x_wconf 68' lang='lat' dir='ltr'>Legem</span> <span class='ocrx_word' id='word_1_1865' title='bbox 851 3224 942 3258; x_wconf 89' lang='lat' dir='ltr'>Aquil.</span> <span class='ocrx_word' id='word_1_1866' title='bbox 957 3225 1067 3260; x_wconf 87' lang='lat' dir='ltr'>Aquilia</span> <span class='ocrx_word' id='word_1_1867' title='bbox 1133 3227 1166 3255; x_wconf 89' lang='lat' dir='ltr'>de</span> <span class='ocrx_word' id='word_1_1868' title='bbox 1179 3230 1241 3264; x_wconf 92' lang='lat' dir='ltr'>Opt.</span> <span class='ocrx_word' id='word_1_1869' title='bbox 1254 3239 1312 3264; x_wconf 84' lang='lat' dir='ltr'>gen.</span> <span class='ocrx_word' id='word_1_1870' title='bbox 1325 3231 1399 3258; x_wconf 88' lang='lat' dir='ltr'>Orat.</span> <span class='ocrx_word' id='word_1_1871' title='bbox 1412 3238 1442 3265; x_wconf 87' lang='lat'>17</span> <span class='ocrx_word' id='word_1_1872' title='bbox 1459 3238 1482 3256; x_wconf 90' lang='lat' dir='ltr'>c.</span> <span class='ocrx_word' id='word_1_1873' title='bbox 1496 3231 1513 3256; x_wconf 89' lang='lat'>6</span> <span class='ocrx_word' id='word_1_1874' title='bbox 1537 3230 1560 3255; x_wconf 87' lang='lat' dir='ltr'>A</span> <span class='ocrx_word' id='word_1_1875' title='bbox 1574 3237 1617 3255; x_wconf 84' lang='lat' dir='ltr'>me</span> <span class='ocrx_word' id='word_1_1876' title='bbox 1634 3234 1721 3255; x_wconf 87' lang='lat' dir='ltr'>autem</span> <span class='ocrx_word' id='word_1_1877' title='bbox 1757 3243 1803 3248; x_wconf 93' lang='lat'>—</span> <span class='ocrx_word' id='word_1_1878' title='bbox 1837 3227 2014 3262; x_wconf 86' lang='lat' dir='ltr'>gladiatorum</span> <span class='ocrx_word' id='word_1_1879' title='bbox 2033 3238 2081 3265; x_wconf 87' lang='lat' dir='ltr'>par</span> <span class='ocrx_word' id='word_1_1880' title='bbox 2099 3231 2178 3257; x_wconf 90' lang='lat' dir='ltr'>nobi.</span> 
     </span>
     <span class='ocr_line' id='line_1_88' title="bbox 43 3256 2177 3298; baseline 0.004 -14"><span class='ocrx_word' id='word_1_1881' title='bbox 43 3257 195 3285; x_wconf 79' lang='lat' dir='ltr'>lostrarium</span> <span class='ocrx_word' id='word_1_1882' title='bbox 208 3262 294 3283; x_wconf 85' lang='lat' dir='ltr'>teneri</span> <span class='ocrx_word' id='word_1_1883' title='bbox 307 3256 406 3297; x_wconf 77' lang='lat' dir='ltr'>placet,</span> <span class='ocrx_word' id='word_1_1884' title='bbox 427 3256 445 3283; x_wconf 88' lang='lat' dir='ltr'>si</span> <span class='ocrx_word' id='word_1_1885' title='bbox 463 3257 531 3284; x_wconf 86' lang='lat' dir='ltr'>male</span> <span class='ocrx_word' id='word_1_1886' title='bbox 548 3259 727 3294; x_wconf 74' lang='lat' dir='ltr'>composuerit</span> <span class='ocrx_word' id='word_1_1887' title='bbox 746 3257 860 3292; x_wconf 81' lang='lat' dir='ltr'>lapides,</span> <span class='ocrx_word' id='word_1_1888' title='bbox 877 3266 903 3286; x_wconf 90' lang='lat' dir='ltr'>et</span> <span class='ocrx_word' id='word_1_1889' title='bbox 923 3260 986 3288; x_wconf 90' lang='lat' dir='ltr'>ideo</span> <span class='ocrx_word' id='word_1_1890' title='bbox 1004 3260 1066 3296; x_wconf 81' lang='lat' dir='ltr'>lapsi</span> <span class='ocrx_word' id='word_1_1891' title='bbox 1133 3264 1253 3292; x_wconf 84' lang='lat' dir='ltr'>lissimum</span> <span class='ocrx_word' id='word_1_1892' title='bbox 1265 3266 1410 3293; x_wconf 86' lang='lat' dir='ltr'>inducitur.</span> <span class='ocrx_word' id='word_1_1893' title='bbox 1463 3264 1614 3296; x_wconf 86' lang='lat' dir='ltr'>Aeschines,</span> <span class='ocrx_word' id='word_1_1894' title='bbox 1629 3270 1753 3298; x_wconf 84' lang='lat' dir='ltr'>tanquam</span> <span class='ocrx_word' id='word_1_1895' title='bbox 1766 3263 1925 3290; x_wconf 86' lang='lat' dir='ltr'>Aeserninus</span> <span class='ocrx_word' id='word_1_1896' title='bbox 1941 3266 1981 3295; x_wconf 80' lang='lat' dir='ltr'>(vt</span> <span class='ocrx_word' id='word_1_1897' title='bbox 1993 3265 2031 3291; x_wconf 90' lang='lat' dir='ltr'>ait</span> <span class='ocrx_word' id='word_1_1898' title='bbox 2044 3266 2177 3298; x_wconf 89' lang='lat' dir='ltr'>Lucilius)</span> 
     </span>
     <span class='ocr_line' id='line_1_89' title="bbox 46 3292 2176 3337; baseline 0.004 -17"><span class='ocrx_word' id='word_1_1899' title='bbox 46 3300 83 3321; x_wconf 87' lang='lat' dir='ltr'>nt.</span> <span class='ocrx_word' id='word_1_1900' title='bbox 140 3294 220 3320; x_wconf 82' lang='lat' dir='ltr'>Latus</span> <span class='ocrx_word' id='word_1_1901' title='bbox 235 3292 311 3333; x_wconf 75' lang='lat' dir='ltr'>suum</span> <span class='ocrx_word' id='word_1_1902' title='bbox 326 3292 406 3319; x_wconf 83' lang='lat' dir='ltr'>alicui</span> <span class='ocrx_word' id='word_1_1903' title='bbox 419 3301 591 3327; x_wconf 84' lang='lat' dir='ltr'>componere,</span> <span class='ocrx_word' id='word_1_1904' title='bbox 605 3301 654 3329; x_wconf 85' lang='lat' dir='ltr'>pro</span> <span class='ocrx_word' id='word_1_1905' title='bbox 667 3293 825 3321; x_wconf 73' lang='lat' dir='ltr'>concumbere</span> <span class='ocrx_word' id='word_1_1906' title='bbox 841 3304 895 3321; x_wconf 86' lang='lat' dir='ltr'>cum</span> <span class='ocrx_word' id='word_1_1907' title='bbox 914 3299 970 3322; x_wconf 84' lang='lat' dir='ltr'>viro</span> <span class='ocrx_word' id='word_1_1908' title='bbox 989 3297 1067 3332; x_wconf 85' lang='lat' dir='ltr'>Prop.</span> <span class='ocrx_word' id='word_1_1909' title='bbox 1131 3308 1187 3327; x_wconf 88' lang='lat' dir='ltr'>non</span> <span class='ocrx_word' id='word_1_1910' title='bbox 1193 3301 1303 3337; x_wconf 85' lang='lat' dir='ltr'>spurcus</span> <span class='ocrx_word' id='word_1_1911' title='bbox 1313 3302 1396 3334; x_wconf 84' lang='lat' dir='ltr'>homo,</span> <span class='ocrx_word' id='word_1_1912' title='bbox 1415 3299 1459 3327; x_wconf 84' lang='lat' dir='ltr'>sed</span> <span class='ocrx_word' id='word_1_1913' title='bbox 1477 3299 1570 3327; x_wconf 59' lang='lat' dir='ltr'>doetus</span> <span class='ocrx_word' id='word_1_1914' title='bbox 1590 3305 1616 3326; x_wconf 88' lang='lat' dir='ltr'>et</span> <span class='ocrx_word' id='word_1_1915' title='bbox 1633 3308 1708 3332; x_wconf 84' lang='lat' dir='ltr'>acer,</span> <span class='ocrx_word' id='word_1_1916' title='bbox 1728 3299 1788 3326; x_wconf 83' lang='lat' dir='ltr'>Cum</span> <span class='ocrx_word' id='word_1_1917' title='bbox 1800 3297 1939 3326; x_wconf 70' lang='lat' dir='ltr'>Pacidiano</span> <span class='ocrx_word' id='word_1_1918' title='bbox 1956 3300 1998 3327; x_wconf 84' lang='lat' dir='ltr'>hic</span> <span class='ocrx_word' id='word_1_1919' title='bbox 2011 3304 2176 3336; x_wconf 71' lang='lat' dir='ltr'>componitur,</span> 
     </span>
     <span class='ocr_line' id='line_1_90' title="bbox 40 3327 2176 3374; baseline 0.004 -19"><span class='ocrx_word' id='word_1_1920' title='bbox 40 3349 51 3362; x_wconf 89' lang='lat'>,</span> <span class='ocrx_word' id='word_1_1921' title='bbox 64 3338 90 3363; x_wconf 78' lang='lat'>2,</span> <span class='ocrx_word' id='word_1_1922' title='bbox 103 3331 149 3364; x_wconf 90' lang='lat'>64.</span> <span class='ocrx_word' id='word_1_1923' title='bbox 204 3328 289 3355; x_wconf 82' lang='lat' dir='ltr'>Lucil.</span> <span class='ocrx_word' id='word_1_1924' title='bbox 302 3327 370 3364; x_wconf 81' lang='lat' dir='ltr'>apud</span> <span class='ocrx_word' id='word_1_1925' title='bbox 382 3328 455 3354; x_wconf 89' lang='lat' dir='ltr'>Non.</span> <span class='ocrx_word' id='word_1_1926' title='bbox 476 3338 510 3363; x_wconf 82' lang='lat'>4,</span> <span class='ocrx_word' id='word_1_1927' title='bbox 529 3331 560 3359; x_wconf 82' lang='lat'>68</span> <span class='ocrx_word' id='word_1_1928' title='bbox 587 3330 665 3357; x_wconf 86' lang='lat' dir='ltr'>Tum</span> <span class='ocrx_word' id='word_1_1929' title='bbox 685 3330 752 3356; x_wconf 87' lang='lat' dir='ltr'>latus</span> <span class='ocrx_word' id='word_1_1930' title='bbox 773 3331 910 3366; x_wconf 83' lang='lat' dir='ltr'>componit</span> <span class='ocrx_word' id='word_1_1931' title='bbox 927 3331 1020 3365; x_wconf 87' lang='lat' dir='ltr'>lateri,</span> <span class='ocrx_word' id='word_1_1932' title='bbox 1041 3339 1068 3359; x_wconf 90' lang='lat' dir='ltr'>et</span> <span class='ocrx_word' id='word_1_1933' title='bbox 1131 3339 1231 3371; x_wconf 78' lang='lat' dir='ltr'>optimu’</span> <span class='ocrx_word' id='word_1_1934' title='bbox 1244 3339 1315 3374; x_wconf 79' lang='lat' dir='ltr'>longe</span> <span class='ocrx_word' id='word_1_1935' title='bbox 1333 3336 1390 3370; x_wconf 84' lang='lat' dir='ltr'>Post</span> <span class='ocrx_word' id='word_1_1936' title='bbox 1407 3336 1518 3363; x_wconf 75' lang='lat' dir='ltr'>homines</span> <span class='ocrx_word' id='word_1_1937' title='bbox 1538 3343 1620 3362; x_wconf 76' lang='lat' dir='ltr'>natos.</span> <span class='ocrx_word' id='word_1_1938' title='bbox 1673 3333 1753 3363; x_wconf 88' lang='lat' dir='ltr'>Nihil</span> <span class='ocrx_word' id='word_1_1939' title='bbox 1771 3335 1845 3362; x_wconf 86' lang='lat' dir='ltr'>enini</span> <span class='ocrx_word' id='word_1_1940' title='bbox 1862 3335 1912 3362; x_wconf 85' lang='lat' dir='ltr'>illo</span> <span class='ocrx_word' id='word_1_1941' title='bbox 1933 3342 2040 3363; x_wconf 81' lang='lat' dir='ltr'>oratore</span> <span class='ocrx_word' id='word_1_1942' title='bbox 2058 3336 2176 3363; x_wconf 86' lang='lat' dir='ltr'>arbitror</span> 
     </span>
     <span class='ocr_line' id='line_1_91' title="bbox 57 3363 2176 3408; baseline 0.002 -16"><span class='ocrx_word' id='word_1_1943' title='bbox 57 3374 86 3392; x_wconf 90' lang='lat' dir='ltr'>m</span> <span class='ocrx_word' id='word_1_1944' title='bbox 96 3364 204 3405; x_wconf 67' lang='lat' dir='ltr'>peetore</span> <span class='ocrx_word' id='word_1_1945' title='bbox 218 3363 317 3399; x_wconf 68' lang='lat' dir='ltr'>pee‘tus.</span> <span class='ocrx_word' id='word_1_1946' title='bbox 386 3364 468 3398; x_wconf 83' lang='lat' dir='ltr'>Leges</span> <span class='ocrx_word' id='word_1_1947' title='bbox 487 3373 645 3404; x_wconf 77' lang='lat' dir='ltr'>componere</span> <span class='ocrx_word' id='word_1_1948' title='bbox 662 3366 767 3392; x_wconf 84' lang='lat' dir='ltr'>Lucret·</span> <span class='ocrx_word' id='word_1_1949' title='bbox 781 3374 815 3399; x_wconf 87' lang='lat'>4,</span> <span class='ocrx_word' id='word_1_1950' title='bbox 834 3369 900 3399; x_wconf 62' lang='lat'>963:</span> <span class='ocrx_word' id='word_1_1951' title='bbox 919 3371 938 3394; x_wconf 86' lang='lat' dir='ltr'>i.</span> <span class='ocrx_word' id='word_1_1952' title='bbox 947 3368 1067 3403; x_wconf 75' lang='lat' dir='ltr'>scribere,</span> <span class='ocrx_word' id='word_1_1953' title='bbox 1083 3379 1120 3405; x_wconf 89' lang='lat'>90</span> <span class='ocrx_word' id='word_1_1954' title='bbox 1130 3372 1242 3406; x_wconf 87' lang='lat' dir='ltr'>cogitari</span> <span class='ocrx_word' id='word_1_1955' title='bbox 1253 3375 1322 3408; x_wconf 76' lang='lat' dir='ltr'>posse</span> <span class='ocrx_word' id='word_1_1956' title='bbox 1336 3372 1464 3399; x_wconf 86' lang='lat' dir='ltr'>diuinius.</span> <span class='ocrx_word' id='word_1_1957' title='bbox 1509 3369 1690 3404; x_wconf 77' lang='lat' dir='ltr'>Demosthenem</span> <span class='ocrx_word' id='word_1_1958' title='bbox 1702 3369 1808 3397; x_wconf 70' lang='lat' dir='ltr'>indicat.</span> <span class='ocrx_word' id='word_1_1959' title='bbox 1851 3371 1977 3398; x_wconf 82' lang='lat' dir='ltr'>Caeterum</span> <span class='ocrx_word' id='word_1_1960' title='bbox 1986 3374 2086 3406; x_wconf 69' lang='lat' dir='ltr'>plenius</span> <span class='ocrx_word' id='word_1_1961' title='bbox 2097 3373 2176 3398; x_wconf 82' lang='lat' dir='ltr'>locum</span> 
     </span>
     <span class='ocr_line' id='line_1_92' title="bbox 0 3398 2174 3442; baseline 0.002 -14"><span class='ocrx_word' id='word_1_1962' title='bbox 0 3402 21 3442; x_wconf 47' lang='grc' dir='ltr'>’ᾗ</span> <span class='ocrx_word' id='word_1_1963' title='bbox 43 3409 103 3428; x_wconf 77' lang='lat' dir='ltr'>erre.</span> <span class='ocrx_word' id='word_1_1964' title='bbox 173 3401 258 3435; x_wconf 82' lang='lat' dir='ltr'>Ligna</span> <span class='ocrx_word' id='word_1_1965' title='bbox 276 3398 345 3439; x_wconf 67' lang='grc' dir='ltr'>(ἳοΙΙἶ</span> <span class='ocrx_word' id='word_1_1966' title='bbox 359 3406 384 3432; x_wconf 81' lang='lat'>5,</span> <span class='ocrx_word' id='word_1_1967' title='bbox 396 3407 418 3431; x_wconf 81' lang='grc'><strong>3.</strong></span> <span class='ocrx_word' id='word_1_1968' title='bbox 478 3400 554 3434; x_wconf 81' lang='lat' dir='ltr'>Virg.</span> <span class='ocrx_word' id='word_1_1969' title='bbox 568 3402 632 3428; x_wconf 83' lang='lat' dir='ltr'>Aen.</span> <span class='ocrx_word' id='word_1_1970' title='bbox 645 3406 668 3434; x_wconf 86' lang='lat'>8,</span> <span class='ocrx_word' id='word_1_1971' title='bbox 681 3403 733 3435; x_wconf 85' lang='lat'>486</span> <span class='ocrx_word' id='word_1_1972' title='bbox 751 3403 919 3436; x_wconf 76' lang='lat' dir='ltr'>Componens</span> <span class='ocrx_word' id='word_1_1973' title='bbox 932 3404 1067 3431; x_wconf 86' lang='lat' dir='ltr'>manibus·</span> <span class='ocrx_word' id='word_1_1974' title='bbox 1131 3408 1224 3435; x_wconf 75' lang='lat' dir='ltr'>Lucilii</span> <span class='ocrx_word' id='word_1_1975' title='bbox 1237 3409 1324 3436; x_wconf 81' lang='lat' dir='ltr'>laudat</span> <span class='ocrx_word' id='word_1_1976' title='bbox 1344 3409 1418 3435; x_wconf 90' lang='lat' dir='ltr'>Non.</span> <span class='ocrx_word' id='word_1_1977' title='bbox 1435 3416 1463 3440; x_wconf 79' lang='lat'>4,</span> <span class='ocrx_word' id='word_1_1978' title='bbox 1478 3408 1522 3440; x_wconf 84' lang='lat'>64.</span> <span class='ocrx_word' id='word_1_1979' title='bbox 1560 3408 1628 3433; x_wconf 86' lang='lat' dir='ltr'>Hinc</span> <span class='ocrx_word' id='word_1_1980' title='bbox 1641 3406 1739 3432; x_wconf 89' lang='lat' dir='ltr'>Lucan.</span> <span class='ocrx_word' id='word_1_1981' title='bbox 1751 3414 1774 3438; x_wconf 85' lang='lat'>3,</span> <span class='ocrx_word' id='word_1_1982' title='bbox 1789 3414 1832 3440; x_wconf 80' lang='lat'>195</span> <span class='ocrx_word' id='word_1_1983' title='bbox 1853 3407 1922 3434; x_wconf 89' lang='lat' dir='ltr'>Cum</span> <span class='ocrx_word' id='word_1_1984' title='bbox 1936 3408 2022 3433; x_wconf 72' lang='lat' dir='ltr'>ventis</span> <span class='ocrx_word' id='word_1_1985' title='bbox 2036 3407 2174 3441; x_wconf 83' lang='lat' dir='ltr'>pelagique</span> 
     </span>
     <span class='ocr_line' id='line_1_93' title="bbox 0 3433 2174 3477; baseline 0.001 -13"><span class='ocrx_word' id='word_1_1986' title='bbox 0 3436 12 3470; x_wconf 61' lang='grc' dir='ltr'><strong><em>Ρ</em></strong></span> <span class='ocrx_word' id='word_1_1987' title='bbox 45 3442 196 3469; x_wconf 38' lang='lat' dir='ltr'>uessmanus,</span> <span class='ocrx_word' id='word_1_1988' title='bbox 212 3442 291 3470; x_wconf 83' lang='lat' dir='ltr'>atque</span> <span class='ocrx_word' id='word_1_1989' title='bbox 305 3433 398 3475; x_wconf 59' lang='lat' dir='ltr'>oribus</span> <span class='ocrx_word' id='word_1_1990' title='bbox 409 3443 466 3465; x_wconf 81' lang='lat' dir='ltr'>ora,</span> <span class='ocrx_word' id='word_1_1991' title='bbox 485 3435 513 3462; x_wconf 89' lang='lat' dir='ltr'>de</span> <span class='ocrx_word' id='word_1_1992' title='bbox 521 3437 646 3464; x_wconf 73' lang='lat' dir='ltr'>Mezentio</span> <span class='ocrx_word' id='word_1_1993' title='bbox 659 3440 732 3464; x_wconf 76' lang='lat' dir='ltr'>vium·</span> <span class='ocrx_word' id='word_1_1994' title='bbox 743 3437 852 3464; x_wconf 77' lang='lat' dir='ltr'>homines</span> <span class='ocrx_word' id='word_1_1995' title='bbox 863 3440 984 3475; x_wconf 79' lang='lat' dir='ltr'>alligante</span> <span class='ocrx_word' id='word_1_1996' title='bbox 995 3440 1068 3467; x_wconf 75' lang='lat' dir='ltr'>cada·</span> <span class='ocrx_word' id='word_1_1997' title='bbox 1130 3442 1281 3471; x_wconf 80' lang='lat' dir='ltr'>furentibus</span> <span class='ocrx_word' id='word_1_1998' title='bbox 1292 3444 1369 3472; x_wconf 80' lang='lat' dir='ltr'>vndis</span> <span class='ocrx_word' id='word_1_1999' title='bbox 1383 3443 1532 3477; x_wconf 88' lang='lat' dir='ltr'>composuit</span> <span class='ocrx_word' id='word_1_2000' title='bbox 1544 3441 1657 3468; x_wconf 87' lang='lat' dir='ltr'>mortale</span> <span class='ocrx_word' id='word_1_2001' title='bbox 1670 3450 1759 3476; x_wconf 85' lang='lat' dir='ltr'>genus.</span> <span class='ocrx_word' id='word_1_2002' title='bbox 1831 3442 1941 3476; x_wconf 65' lang='lat' dir='ltr'>Quintil.</span> <span class='ocrx_word' id='word_1_2003' title='bbox 1955 3451 1980 3473; x_wconf 88' lang='lat'>2,</span> <span class='ocrx_word' id='word_1_2004' title='bbox 1995 3450 2032 3476; x_wconf 85' lang='lat'>17,</span> <span class='ocrx_word' id='word_1_2005' title='bbox 2045 3451 2072 3474; x_wconf 82' lang='lat'>33</span> <span class='ocrx_word' id='word_1_2006' title='bbox 2093 3443 2174 3475; x_wconf 84' lang='lat' dir='ltr'>Saepe</span> 
     </span>
     <span class='ocr_line' id='line_1_94' title="bbox 45 3471 2174 3512; baseline 0.002 -13"><span class='ocrx_word' id='word_1_2007' title='bbox 45 3471 134 3499; x_wconf 79' lang='lat' dir='ltr'>eribus.</span> <span class='ocrx_word' id='word_1_2008' title='bbox 201 3473 296 3498; x_wconf 88' lang='lat' dir='ltr'>Manus</span> <span class='ocrx_word' id='word_1_2009' title='bbox 317 3471 397 3497; x_wconf 80' lang='lat' dir='ltr'>alicui</span> <span class='ocrx_word' id='word_1_2010' title='bbox 413 3478 588 3505; x_wconf 81' lang='lat' dir='ltr'>componere,</span> <span class='ocrx_word' id='word_1_2011' title='bbox 630 3475 650 3500; x_wconf 83' lang='lat' dir='ltr'>i.</span> <span class='ocrx_word' id='word_1_2012' title='bbox 676 3482 765 3499; x_wconf 85' lang='lat' dir='ltr'>manus</span> <span class='ocrx_word' id='word_1_2013' title='bbox 778 3482 833 3499; x_wconf 87' lang='lat' dir='ltr'>cum</span> <span class='ocrx_word' id='word_1_2014' title='bbox 845 3475 928 3510; x_wconf 73' lang='lat' dir='ltr'>aliquo</span> <span class='ocrx_word' id='word_1_2015' title='bbox 941 3476 1066 3511; x_wconf 78' lang='lat' dir='ltr'>conserere</span> <span class='ocrx_word' id='word_1_2016' title='bbox 1131 3478 1288 3512; x_wconf 83' lang='lat' dir='ltr'>gladiatores</span> <span class='ocrx_word' id='word_1_2017' title='bbox 1303 3480 1351 3507; x_wconf 90' lang='lat' dir='ltr'>sub</span> <span class='ocrx_word' id='word_1_2018' title='bbox 1366 3478 1460 3505; x_wconf 86' lang='lat' dir='ltr'>eodem</span> <span class='ocrx_word' id='word_1_2019' title='bbox 1475 3478 1601 3512; x_wconf 85' lang='lat' dir='ltr'>magistro</span> <span class='ocrx_word' id='word_1_2020' title='bbox 1613 3478 1729 3510; x_wconf 79' lang='lat' dir='ltr'>eruditi,</span> <span class='ocrx_word' id='word_1_2021' title='bbox 1747 3475 1818 3505; x_wconf 76' lang='lat' dir='ltr'>inter</span> <span class='ocrx_word' id='word_1_2022' title='bbox 1837 3479 1863 3504; x_wconf 86' lang='lat' dir='ltr'>se</span> <span class='ocrx_word' id='word_1_2023' title='bbox 1879 3483 2082 3512; x_wconf 88' lang='lat' dir='ltr'>componuntur.</span> <span class='ocrx_word' id='word_1_2024' title='bbox 2139 3477 2174 3503; x_wconf 79' lang='lat' dir='ltr'>Et</span> 
     </span>
     <span class='ocr_line' id='line_1_95' title="bbox 0 3505 2173 3551; baseline 0 -13"><span class='ocrx_word' id='word_1_2025' title='bbox 0 3544 1 3547; x_wconf 13' lang='grc' dir='ltr'><strong>Ἴ</strong></span> <span class='ocrx_word' id='word_1_2026' title='bbox 38 3513 50 3534; x_wconf 65' lang='grc' dir='ltr'><strong><em>ὲ</em></strong></span> <span class='ocrx_word' id='word_1_2027' title='bbox 61 3507 178 3544; x_wconf 64' lang='lat' dir='ltr'>congredi</span> <span class='ocrx_word' id='word_1_2028' title='bbox 191 3507 238 3534; x_wconf 74' lang='lat' dir='ltr'>Sil·</span> <span class='ocrx_word' id='word_1_2029' title='bbox 251 3510 277 3539; x_wconf 76' lang='lat'>65</span> <span class='ocrx_word' id='word_1_2030' title='bbox 291 3509 350 3541; x_wconf 76' lang='lat'><strong>²4⁶·</strong></span> <span class='ocrx_word' id='word_1_2031' title='bbox 420 3505 542 3546; x_wconf 76' lang='lat' dir='ltr'>Membra</span> <span class='ocrx_word' id='word_1_2032' title='bbox 553 3506 646 3535; x_wconf 69' lang='lat' dir='ltr'>defeffa</span> <span class='ocrx_word' id='word_1_2033' title='bbox 663 3517 822 3544; x_wconf 74' lang='lat' dir='ltr'>componere</span> <span class='ocrx_word' id='word_1_2034' title='bbox 836 3509 911 3544; x_wconf 84' lang='lat' dir='ltr'>Virg.</span> <span class='ocrx_word' id='word_1_2035' title='bbox 925 3511 1023 3546; x_wconf 85' lang='lat' dir='ltr'>Georg.</span> <span class='ocrx_word' id='word_1_2036' title='bbox 1037 3521 1066 3545; x_wconf 84' lang='lat'>4,</span> <span class='ocrx_word' id='word_1_2037' title='bbox 1129 3523 1200 3546; x_wconf 82' lang='lat' dir='ltr'>mox,</span> <span class='ocrx_word' id='word_1_2038' title='bbox 1223 3516 1251 3543; x_wconf 87' lang='lat' dir='ltr'>Si</span> <span class='ocrx_word' id='word_1_2039' title='bbox 1265 3516 1323 3551; x_wconf 85' lang='lat' dir='ltr'>quis</span> <span class='ocrx_word' id='word_1_2040' title='bbox 1342 3516 1413 3541; x_wconf 86' lang='lat' dir='ltr'>casus</span> <span class='ocrx_word' id='word_1_2041' title='bbox 1433 3514 1499 3541; x_wconf 78' lang='lat' dir='ltr'>duos</span> <span class='ocrx_word' id='word_1_2042' title='bbox 1517 3514 1587 3540; x_wconf 83' lang='lat' dir='ltr'>inter</span> <span class='ocrx_word' id='word_1_2043' title='bbox 1608 3514 1633 3539; x_wconf 92' lang='lat' dir='ltr'>se</span> <span class='ocrx_word' id='word_1_2044' title='bbox 1652 3513 1738 3540; x_wconf 88' lang='lat' dir='ltr'>bonos</span> <span class='ocrx_word' id='word_1_2045' title='bbox 1757 3514 1833 3541; x_wconf 87' lang='lat' dir='ltr'>viros</span> <span class='ocrx_word' id='word_1_2046' title='bbox 1854 3513 2039 3547; x_wconf 88' lang='lat' dir='ltr'>composuerit.</span> <span class='ocrx_word' id='word_1_2047' title='bbox 2107 3512 2173 3539; x_wconf 81' lang='lat' dir='ltr'>Ecce</span> 
     </span>
     <span class='ocr_line' id='line_1_96' title="bbox 0 3541 2172 3586; baseline 0.002 -16"><span class='ocrx_word' id='word_1_2048' title='bbox 0 3555 1 3558; x_wconf 48' lang='lat'>¹</span> <span class='ocrx_word' id='word_1_2049' title='bbox 49 3547 85 3576; x_wconf 83' lang='lat'>38.</span> <span class='ocrx_word' id='word_1_2050' title='bbox 100 3543 184 3579; x_wconf 81' lang='lat' dir='ltr'>somni</span> <span class='ocrx_word' id='word_1_2051' title='bbox 195 3543 276 3580; x_wconf 79' lang='lat' dir='ltr'>causa.</span> <span class='ocrx_word' id='word_1_2052' title='bbox 313 3543 404 3569; x_wconf 82' lang='lat' dir='ltr'>Mores</span> <span class='ocrx_word' id='word_1_2053' title='bbox 420 3541 502 3568; x_wconf 87' lang='lat' dir='ltr'>Ouid.</span> <span class='ocrx_word' id='word_1_2054' title='bbox 516 3541 548 3568; x_wconf 83' lang='lat' dir='ltr'>de</span> <span class='ocrx_word' id='word_1_2055' title='bbox 561 3543 625 3570; x_wconf 85' lang='lat' dir='ltr'>Arte</span> <span class='ocrx_word' id='word_1_2056' title='bbox 638 3543 697 3570; x_wconf 86' lang='lat' dir='ltr'>Am.</span> <span class='ocrx_word' id='word_1_2057' title='bbox 710 3553 799 3579; x_wconf 85' lang='grc' dir='ltr'><strong>3,37ο.</strong></span> <span class='ocrx_word' id='word_1_2058' title='bbox 820 3544 855 3570; x_wconf 81' lang='lat' dir='ltr'>ad</span> <span class='ocrx_word' id='word_1_2059' title='bbox 866 3544 940 3572; x_wconf 78' lang='lat' dir='ltr'>decus</span> <span class='ocrx_word' id='word_1_2060' title='bbox 954 3553 977 3572; x_wconf 81' lang='lat' dir='ltr'>et</span> <span class='ocrx_word' id='word_1_2061' title='bbox 989 3557 1064 3574; x_wconf 80' lang='lat' dir='ltr'>venu-</span> <span class='ocrx_word' id='word_1_2062' title='bbox 1086 3554 1120 3581; x_wconf 77' lang='lat'>93</span> <span class='ocrx_word' id='word_1_2063' title='bbox 1130 3557 1177 3584; x_wconf 80' lang='lat' dir='ltr'>par</span> <span class='ocrx_word' id='word_1_2064' title='bbox 1188 3551 1246 3579; x_wconf 79' lang='lat' dir='ltr'>Deo</span> <span class='ocrx_word' id='word_1_2065' title='bbox 1259 3552 1379 3586; x_wconf 82' lang='lat' dir='ltr'>dignum,</span> <span class='ocrx_word' id='word_1_2066' title='bbox 1392 3550 1435 3577; x_wconf 88' lang='lat' dir='ltr'>vir</span> <span class='ocrx_word' id='word_1_2067' title='bbox 1448 3549 1527 3576; x_wconf 83' lang='lat' dir='ltr'>fortis</span> <span class='ocrx_word' id='word_1_2068' title='bbox 1541 3557 1601 3575; x_wconf 89' lang='lat' dir='ltr'>cum</span> <span class='ocrx_word' id='word_1_2069' title='bbox 1613 3549 1681 3576; x_wconf 85' lang='lat' dir='ltr'>mala</span> <span class='ocrx_word' id='word_1_2070' title='bbox 1693 3549 1802 3576; x_wconf 86' lang='lat' dir='ltr'>fortuna</span> <span class='ocrx_word' id='word_1_2071' title='bbox 1813 3549 1970 3583; x_wconf 75' lang='lat' dir='ltr'>competitus</span> <span class='ocrx_word' id='word_1_2072' title='bbox 1983 3549 2039 3574; x_wconf 87' lang='lat' dir='ltr'>Scn.</span> <span class='ocrx_word' id='word_1_2073' title='bbox 2048 3546 2080 3573; x_wconf 87' lang='lat' dir='ltr'>de</span> <span class='ocrx_word' id='word_1_2074' title='bbox 2092 3548 2172 3575; x_wconf 86' lang='lat' dir='ltr'>Prou.</span> 
     </span>
     <span class='ocr_line' id='line_1_97' title="bbox 50 3577 2172 3620; baseline -0 -9"><span class='ocrx_word' id='word_1_2075' title='bbox 50 3585 121 3605; x_wconf 66' lang='lat' dir='ltr'>‘mm-</span> <span class='ocrx_word' id='word_1_2076' title='bbox 191 3578 289 3605; x_wconf 62' lang='lat' dir='ltr'>Oculos</span> <span class='ocrx_word' id='word_1_2077' title='bbox 308 3586 483 3613; x_wconf 63' lang='lat' dir='ltr'>‘Oml’fflffire’</span> <span class='ocrx_word' id='word_1_2078' title='bbox 503 3577 621 3605; x_wconf 61' lang='lat' dir='ltr'>Claudfl&#39;e</span> <span class='ocrx_word' id='word_1_2079' title='bbox 632 3579 719 3614; x_wconf 75' lang='lat' dir='ltr'>s⁰m⁷²⁰</span> <span class='ocrx_word' id='word_1_2080' title='bbox 737 3579 824 3606; x_wconf 70' lang='lat' dir='ltr'>Valer-</span> <span class='ocrx_word' id='word_1_2081' title='bbox 843 3581 943 3616; x_wconf 70' lang='lat' dir='ltr'>ArgOU·</span> <span class='ocrx_word' id='word_1_2082' title='bbox 956 3589 983 3617; x_wconf 79' lang='lat'>7,</span> <span class='ocrx_word' id='word_1_2083' title='bbox 1002 3591 1066 3618; x_wconf 84' lang='lat'><strong>247·</strong></span> <span class='ocrx_word' id='word_1_2084' title='bbox 1130 3593 1152 3612; x_wconf 83' lang='lat' dir='ltr'>c.</span> <span class='ocrx_word' id='word_1_2085' title='bbox 1166 3594 1188 3613; x_wconf 86' lang='lat'>2.</span> <span class='ocrx_word' id='word_1_2086' title='bbox 1241 3588 1282 3615; x_wconf 87' lang='lat' dir='ltr'>Sic</span> <span class='ocrx_word' id='word_1_2087' title='bbox 1294 3586 1339 3613; x_wconf 91' lang='lat' dir='ltr'>Sil.</span> <span class='ocrx_word' id='word_1_2088' title='bbox 1355 3594 1394 3618; x_wconf 86' lang='grc' dir='ltr'>ιο,</span> <span class='ocrx_word' id='word_1_2089' title='bbox 1406 3593 1450 3620; x_wconf 87' lang='lat'>70.</span> <span class='ocrx_word' id='word_1_2090' title='bbox 1482 3591 1506 3610; x_wconf 80' lang='lat' dir='ltr'>et</span> <span class='ocrx_word' id='word_1_2091' title='bbox 1525 3585 1564 3616; x_wconf 88' lang='lat'>16,</span> <span class='ocrx_word' id='word_1_2092' title='bbox 1577 3586 1630 3618; x_wconf 75' lang='lat'>615.</span> <span class='ocrx_word' id='word_1_2093' title='bbox 1698 3582 1810 3612; x_wconf 82' lang='lat' dir='ltr'>Causam</span> <span class='ocrx_word' id='word_1_2094' title='bbox 1829 3586 1901 3611; x_wconf 84' lang='lat' dir='ltr'>suani</span> <span class='ocrx_word' id='word_1_2095' title='bbox 1919 3592 1979 3610; x_wconf 82' lang='lat' dir='ltr'>cuni</span> <span class='ocrx_word' id='word_1_2096' title='bbox 1993 3583 2067 3609; x_wconf 85' lang='lat' dir='ltr'>causa</span> <span class='ocrx_word' id='word_1_2097' title='bbox 2078 3582 2172 3610; x_wconf 87' lang='lat' dir='ltr'>aduer-</span> 
     </span>
     <span class='ocr_line' id='line_1_98' title="bbox 60 3613 2171 3657; baseline 0.002 -17"><span class='ocrx_word' id='word_1_2098' title='bbox 60 3623 78 3640; x_wconf 87' lang='grc' dir='ltr'>ιι</span> <span class='ocrx_word' id='word_1_2099' title='bbox 90 3621 150 3640; x_wconf 82' lang='lat' dir='ltr'>mea</span> <span class='ocrx_word' id='word_1_2100' title='bbox 161 3613 316 3648; x_wconf 79' lang='lat' dir='ltr'>compones,</span> <span class='ocrx_word' id='word_1_2101' title='bbox 336 3619 361 3641; x_wconf 86' lang='lat' dir='ltr'>et</span> <span class='ocrx_word' id='word_1_2102' title='bbox 374 3613 459 3646; x_wconf 88' lang='lat' dir='ltr'>dices,</span> <span class='ocrx_word' id='word_1_2103' title='bbox 479 3613 538 3640; x_wconf 81' lang='lat' dir='ltr'>Ossa</span> <span class='ocrx_word' id='word_1_2104' title='bbox 553 3614 673 3648; x_wconf 87' lang='lat' dir='ltr'>Properti</span> <span class='ocrx_word' id='word_1_2105' title='bbox 686 3615 758 3640; x_wconf 84' lang='lat' dir='ltr'>Haec</span> <span class='ocrx_word' id='word_1_2106' title='bbox 773 3621 818 3641; x_wconf 85' lang='lat' dir='ltr'>tua</span> <span class='ocrx_word' id='word_1_2107' title='bbox 833 3616 892 3642; x_wconf 82' lang='lat' dir='ltr'>sunt</span> <span class='ocrx_word' id='word_1_2108' title='bbox 904 3617 1021 3652; x_wconf 83' lang='lat' dir='ltr'>Propert.</span> <span class='ocrx_word' id='word_1_2109' title='bbox 1036 3627 1064 3652; x_wconf 84' lang='lat'>2,</span> <span class='ocrx_word' id='word_1_2110' title='bbox 1129 3621 1192 3649; x_wconf 77' lang='lat' dir='ltr'>sarii</span> <span class='ocrx_word' id='word_1_2111' title='bbox 1207 3630 1366 3657; x_wconf 88' lang='lat' dir='ltr'>componere</span> <span class='ocrx_word' id='word_1_2112' title='bbox 1380 3619 1512 3653; x_wconf 66' lang='lat' dir='ltr'>Quinctil.</span> <span class='ocrx_word' id='word_1_2113' title='bbox 1525 3627 1552 3654; x_wconf 88' lang='grc'>7,</span> <span class='ocrx_word' id='word_1_2114' title='bbox 1564 3628 1580 3646; x_wconf 89' lang='lat'>2</span> <span class='ocrx_word' id='word_1_2115' title='bbox 1600 3629 1626 3655; x_wconf 88' lang='lat' dir='ltr'>p.</span> <span class='ocrx_word' id='word_1_2116' title='bbox 1634 3621 1695 3647; x_wconf 84' lang='lat'>602.</span> <span class='ocrx_word' id='word_1_2117' title='bbox 1766 3621 1815 3648; x_wconf 86' lang='lat' dir='ltr'>Par</span> <span class='ocrx_word' id='word_1_2118' title='bbox 1828 3625 1925 3655; x_wconf 82' lang='lat' dir='ltr'>pugnat</span> <span class='ocrx_word' id='word_1_2119' title='bbox 1938 3618 1979 3644; x_wconf 82' lang='lat' dir='ltr'>vti</span> <span class='ocrx_word' id='word_1_2120' title='bbox 1991 3627 2045 3644; x_wconf 89' lang='lat' dir='ltr'>nou</span> <span class='ocrx_word' id='word_1_2121' title='bbox 2056 3618 2171 3653; x_wconf 88' lang='lat' dir='ltr'>Compo-</span> 
     </span>
     <span class='ocr_line' id='line_1_99' title="bbox 45 3648 2171 3690; baseline 0.002 -15"><span class='ocrx_word' id='word_1_2122' title='bbox 45 3659 80 3684; x_wconf 85' lang='lat'>4,</span> <span class='ocrx_word' id='word_1_2123' title='bbox 98 3656 135 3682; x_wconf 78' lang='lat'>35.</span> <span class='ocrx_word' id='word_1_2124' title='bbox 191 3649 258 3675; x_wconf 75' lang='lat' dir='ltr'>Hinc</span> <span class='ocrx_word' id='word_1_2125' title='bbox 274 3650 442 3685; x_wconf 84' lang='lat' dir='ltr'>Componere</span> <span class='ocrx_word' id='word_1_2126' title='bbox 460 3648 585 3689; x_wconf 66' lang='lat' dir='ltr'>interdum</span> <span class='ocrx_word' id='word_1_2127' title='bbox 600 3648 746 3684; x_wconf 81' lang='lat' dir='ltr'>simpliciter</span> <span class='ocrx_word' id='word_1_2128' title='bbox 762 3656 809 3685; x_wconf 84' lang='lat' dir='ltr'>pro</span> <span class='ocrx_word' id='word_1_2129' title='bbox 821 3651 952 3686; x_wconf 75' lang='lat' dir='ltr'>sepultura</span> <span class='ocrx_word' id='word_1_2130' title='bbox 969 3654 1066 3681; x_wconf 80' lang='lat' dir='ltr'>dicitur</span> <span class='ocrx_word' id='word_1_2131' title='bbox 1129 3656 1191 3684; x_wconf 75' lang='lat' dir='ltr'>situs</span> <span class='ocrx_word' id='word_1_2132' title='bbox 1203 3658 1300 3685; x_wconf 71' lang='lat' dir='ltr'>melius</span> <span class='ocrx_word' id='word_1_2133' title='bbox 1321 3666 1381 3683; x_wconf 86' lang='lat' dir='ltr'>cuni</span> <span class='ocrx_word' id='word_1_2134' title='bbox 1393 3655 1474 3682; x_wconf 88' lang='lat' dir='ltr'>Bitho</span> <span class='ocrx_word' id='word_1_2135' title='bbox 1489 3654 1615 3690; x_wconf 81' lang='lat' dir='ltr'>Bacchius</span> <span class='ocrx_word' id='word_1_2136' title='bbox 1634 3656 1729 3683; x_wconf 86' lang='lat' dir='ltr'>Horat.</span> <span class='ocrx_word' id='word_1_2137' title='bbox 1743 3657 1794 3683; x_wconf 89' lang='lat' dir='ltr'>Sat.</span> <span class='ocrx_word' id='word_1_2138' title='bbox 1804 3665 1825 3688; x_wconf 87' lang='lat'>1,</span> <span class='ocrx_word' id='word_1_2139' title='bbox 1833 3663 1859 3690; x_wconf 83' lang='lat'>7,</span> <span class='ocrx_word' id='word_1_2140' title='bbox 1868 3663 1903 3688; x_wconf 86' lang='lat'>¹9-</span> <span class='ocrx_word' id='word_1_2141' title='bbox 1973 3654 2069 3680; x_wconf 88' lang='lat' dir='ltr'>Auson.</span> <span class='ocrx_word' id='word_1_2142' title='bbox 2084 3654 2171 3688; x_wconf 85' lang='lat' dir='ltr'>Eidyl.</span> 
     </span>
     <span class='ocr_line' id='line_1_100' title="bbox 56 3684 2171 3727; baseline 0.002 -16"><span class='ocrx_word' id='word_1_2143' title='bbox 56 3691 123 3712; x_wconf 82' lang='lat' dir='ltr'>orat.</span> <span class='ocrx_word' id='word_1_2144' title='bbox 136 3684 187 3724; x_wconf 74' lang='lat' dir='ltr'>Sat.</span> <span class='ocrx_word' id='word_1_2145' title='bbox 202 3691 221 3715; x_wconf 86' lang='grc'><strong>1,</strong></span> <span class='ocrx_word' id='word_1_2146' title='bbox 233 3692 260 3717; x_wconf 89' lang='lat'>9,</span> <span class='ocrx_word' id='word_1_2147' title='bbox 274 3690 305 3715; x_wconf 78' lang='lat'>28</span> <span class='ocrx_word' id='word_1_2148' title='bbox 323 3685 402 3712; x_wconf 83' lang='lat' dir='ltr'>Haud</span> <span class='ocrx_word' id='word_1_2149' title='bbox 420 3685 488 3711; x_wconf 85' lang='lat' dir='ltr'>inihi</span> <span class='ocrx_word' id='word_1_2150' title='bbox 504 3693 644 3720; x_wconf 87' lang='lat' dir='ltr'>quisquam</span> <span class='ocrx_word' id='word_1_2151' title='bbox 652 3703 668 3725; x_wconf 30' lang='grc' dir='ltr'><strong>,ο</strong></span> <span class='ocrx_word' id='word_1_2152' title='bbox 687 3685 786 3711; x_wconf 84' lang='lat' dir='ltr'>Omnes</span> <span class='ocrx_word' id='word_1_2153' title='bbox 805 3688 951 3722; x_wconf 85' lang='lat' dir='ltr'>composui.</span> <span class='ocrx_word' id='word_1_2154' title='bbox 995 3689 1064 3716; x_wconf 83' lang='lat' dir='ltr'>Add.</span> <span class='ocrx_word' id='word_1_2155' title='bbox 1130 3699 1224 3725; x_wconf 79' lang='lat'>12,102</span> <span class='ocrx_word' id='word_1_2156' title='bbox 1252 3694 1320 3727; x_wconf 83' lang='lat' dir='ltr'>Qiis</span> <span class='ocrx_word' id='word_1_2157' title='bbox 1334 3691 1504 3725; x_wconf 86' lang='lat' dir='ltr'>Myrmilloni</span> <span class='ocrx_word' id='word_1_2158' title='bbox 1522 3692 1694 3726; x_wconf 80' lang='lat' dir='ltr'>componitur</span> <span class='ocrx_word' id='word_1_2159' title='bbox 1707 3693 1717 3719; x_wconf 76' lang='lat'>3</span> <span class='ocrx_word' id='word_1_2160' title='bbox 1742 3693 1912 3726; x_wconf 82' lang='lat' dir='ltr'>aequimanus</span> <span class='ocrx_word' id='word_1_2161' title='bbox 1924 3687 2029 3715; x_wconf 79' lang='lat' dir='ltr'>Thrax.</span> <span class='ocrx_word' id='word_1_2162' title='bbox 2101 3690 2132 3716; x_wconf 90' lang='lat' dir='ltr'>T</span> <span class='ocrx_word' id='word_1_2163' title='bbox 2134 3698 2171 3716; x_wconf 89' lang='lat' dir='ltr'>ac.</span> 
     </span>
     <span class='ocr_line' id='line_1_101' title="bbox 34 3719 2173 3763; baseline 0.002 -17"><span class='ocrx_word' id='word_1_2164' title='bbox 34 3739 36 3741; x_wconf 68' lang='lat'>.</span> <span class='ocrx_word' id='word_1_2165' title='bbox 58 3719 119 3746; x_wconf 83' lang='lat' dir='ltr'>acit.</span> <span class='ocrx_word' id='word_1_2166' title='bbox 131 3719 312 3754; x_wconf 80' lang='lat' dir='ltr'>Hist.1,47,3.</span> <span class='ocrx_word' id='word_1_2167' title='bbox 360 3722 485 3749; x_wconf 79' lang='lat' dir='ltr'>Caeterum</span> <span class='ocrx_word' id='word_1_2168' title='bbox 503 3720 536 3747; x_wconf 85' lang='lat' dir='ltr'>od</span> <span class='ocrx_word' id='word_1_2169' title='bbox 546 3721 598 3747; x_wconf 82' lang='lat' dir='ltr'>ossa</span> <span class='ocrx_word' id='word_1_2170' title='bbox 611 3727 635 3747; x_wconf 81' lang='lat' dir='ltr'>et</span> <span class='ocrx_word' id='word_1_2171' title='bbox 645 3729 746 3760; x_wconf 80' lang='lat' dir='ltr'>cineres</span> <span class='ocrx_word' id='word_1_2172' title='bbox 754 3725 858 3756; x_wconf 82' lang='lat' dir='ltr'>proprie</span> <span class='ocrx_word' id='word_1_2173' title='bbox 871 3723 976 3758; x_wconf 78' lang='lat' dir='ltr'>referri,</span> <span class='ocrx_word' id='word_1_2174' title='bbox 990 3723 1065 3758; x_wconf 68' lang='lat' dir='ltr'>olien-</span> <span class='ocrx_word' id='word_1_2175' title='bbox 1074 3735 1121 3753; x_wconf 88' lang='lat'>100</span> <span class='ocrx_word' id='word_1_2176' title='bbox 1129 3728 1198 3755; x_wconf 85' lang='lat' dir='ltr'>Ann.</span> <span class='ocrx_word' id='word_1_2177' title='bbox 1213 3737 1247 3763; x_wconf 75' lang='grc'><strong>15,</strong></span> <span class='ocrx_word' id='word_1_2178' title='bbox 1262 3737 1298 3762; x_wconf 79' lang='lat'>51,</span> <span class='ocrx_word' id='word_1_2179' title='bbox 1311 3735 1324 3761; x_wconf 75' lang='grc' dir='ltr'><strong><em>ς</em></strong></span> <span class='ocrx_word' id='word_1_2180' title='bbox 1343 3727 1433 3753; x_wconf 78' lang='lat' dir='ltr'>Accita</span> <span class='ocrx_word' id='word_1_2181' title='bbox 1446 3726 1554 3762; x_wconf 87' lang='lat' dir='ltr'>quidem</span> <span class='ocrx_word' id='word_1_2182' title='bbox 1563 3727 1714 3762; x_wconf 84' lang='lat' dir='ltr'>Epicharis,</span> <span class='ocrx_word' id='word_1_2183' title='bbox 1730 3734 1758 3753; x_wconf 87' lang='lat' dir='ltr'>et</span> <span class='ocrx_word' id='word_1_2184' title='bbox 1770 3736 1830 3753; x_wconf 89' lang='lat' dir='ltr'>cum</span> <span class='ocrx_word' id='word_1_2185' title='bbox 1843 3724 1930 3751; x_wconf 88' lang='lat' dir='ltr'>indice</span> <span class='ocrx_word' id='word_1_2186' title='bbox 1942 3724 2085 3758; x_wconf 87' lang='lat' dir='ltr'>composita</span> <span class='ocrx_word' id='word_1_2187' title='bbox 2098 3725 2173 3758; x_wconf 83' lang='lat' dir='ltr'>(con—</span> 
     </span>
     <span class='ocr_line' id='line_1_102' title="bbox 49 3754 2169 3799; baseline -0.001 -11"><span class='ocrx_word' id='word_1_2188' title='bbox 49 3757 66 3781; x_wconf 70' lang='lat' dir='ltr'>&#39;t</span> <span class='ocrx_word' id='word_1_2189' title='bbox 79 3754 202 3782; x_wconf 59' lang='lat' dir='ltr'><em>BVWFkb·</em></span> <span class='ocrx_word' id='word_1_2190' title='bbox 215 3754 352 3789; x_wconf 53' lang='lat' dir='ltr'>“frib-3³</span> <span class='ocrx_word' id='word_1_2191' title='bbox 359 3765 385 3789; x_wconf 82' lang='lat'>²2</span> <span class='ocrx_word' id='word_1_2192' title='bbox 397 3759 432 3783; x_wconf 81' lang='lat'>26</span> <span class='ocrx_word' id='word_1_2193' title='bbox 453 3757 494 3783; x_wconf 66' lang='lat' dir='ltr'>Sic</span> <span class='ocrx_word' id='word_1_2194' title='bbox 512 3765 562 3791; x_wconf 69' lang='lat' dir='ltr'>ego</span> <span class='ocrx_word' id='word_1_2195' title='bbox 579 3765 705 3791; x_wconf 69' lang='lat' dir='ltr'>compom</span> <span class='ocrx_word' id='word_1_2196' title='bbox 717 3757 807 3783; x_wconf 60' lang='lat' dir='ltr'>versus</span> <span class='ocrx_word' id='word_1_2197' title='bbox 821 3757 849 3783; x_wconf 60' lang='lat'>5¹¹</span> <span class='ocrx_word' id='word_1_2198' title='bbox 862 3760 914 3785; x_wconf 59' lang='grc' dir='ltr'>ΟΠΞ</span> <span class='ocrx_word' id='word_1_2199' title='bbox 925 3760 1024 3791; x_wconf 81' lang='lat' dir='ltr'>velim,</span> <span class='ocrx_word' id='word_1_2200' title='bbox 1043 3763 1062 3787; x_wconf 75' lang='lat'>¹⁴·</span> <span class='ocrx_word' id='word_1_2201' title='bbox 1121 3763 1245 3799; x_wconf 80' lang='lat' dir='ltr'>frontare</span> <span class='ocrx_word' id='word_1_2202' title='bbox 1256 3764 1327 3791; x_wconf 71' lang='lat' dir='ltr'>hodie</span> <span class='ocrx_word' id='word_1_2203' title='bbox 1341 3762 1406 3789; x_wconf 81' lang='lat' dir='ltr'>dicit</span> <span class='ocrx_word' id='word_1_2204' title='bbox 1419 3763 1530 3799; x_wconf 79' lang='lat' dir='ltr'>vulgus)</span> <span class='ocrx_word' id='word_1_2205' title='bbox 1547 3764 1628 3790; x_wconf 82' lang='lat' dir='ltr'>nullis</span> <span class='ocrx_word' id='word_1_2206' title='bbox 1641 3763 1749 3790; x_wconf 82' lang='lat' dir='ltr'>testibus</span> <span class='ocrx_word' id='word_1_2207' title='bbox 1767 3761 1887 3788; x_wconf 83' lang='lat' dir='ltr'>innixum</span> <span class='ocrx_word' id='word_1_2208' title='bbox 1909 3758 1988 3785; x_wconf 81' lang='lat' dir='ltr'>facile</span> <span class='ocrx_word' id='word_1_2209' title='bbox 2008 3761 2169 3787; x_wconf 87' lang='lat' dir='ltr'>confutauit.</span> 
     </span>
     <span class='ocr_line' id='line_1_103' title="bbox 0 3788 2171 3834; baseline 0.003 -18"><span class='ocrx_word' id='word_1_2210' title='bbox 0 3802 2 3830; x_wconf 71' lang='lat' dir='ltr'><strong>j</strong></span> <span class='ocrx_word' id='word_1_2211' title='bbox 41 3788 176 3823; x_wconf 76' lang='lat' dir='ltr'>ambustus,</span> <span class='ocrx_word' id='word_1_2212' title='bbox 195 3790 239 3816; x_wconf 77' lang='lat' dir='ltr'>vbi</span> <span class='ocrx_word' id='word_1_2213' title='bbox 249 3790 423 3826; x_wconf 75' lang='lat' dir='ltr'>nibilpraeter</span> <span class='ocrx_word' id='word_1_2214' title='bbox 435 3791 483 3825; x_wconf 84' lang='lat' dir='ltr'>offa</span> <span class='ocrx_word' id='word_1_2215' title='bbox 490 3792 625 3828; x_wconf 70' lang='lat' dir='ltr'>fispererit.</span> <span class='ocrx_word' id='word_1_2216' title='bbox 679 3792 774 3819; x_wconf 82' lang='lat' dir='ltr'>Catuli.</span> <span class='ocrx_word' id='word_1_2217' title='bbox 787 3794 832 3827; x_wconf 88' lang='lat'>67,</span> <span class='ocrx_word' id='word_1_2218' title='bbox 843 3798 875 3826; x_wconf 77' lang='lat'>93</span> <span class='ocrx_word' id='word_1_2219' title='bbox 895 3795 982 3828; x_wconf 71' lang='lat' dir='ltr'>Quem</span> <span class='ocrx_word' id='word_1_2220' title='bbox 995 3803 1064 3822; x_wconf 87' lang='lat' dir='ltr'>nune</span> <span class='ocrx_word' id='word_1_2221' title='bbox 1128 3800 1197 3827; x_wconf 83' lang='lat' dir='ltr'>Hinc</span> <span class='ocrx_word' id='word_1_2222' title='bbox 1207 3799 1308 3827; x_wconf 84' lang='lat' dir='ltr'>Sallust.</span> <span class='ocrx_word' id='word_1_2223' title='bbox 1322 3797 1442 3833; x_wconf 75' lang='lat' dir='ltr'>Iugurth.</span> <span class='ocrx_word' id='word_1_2224' title='bbox 1455 3803 1490 3833; x_wconf 80' lang='lat'>48</span> <span class='ocrx_word' id='word_1_2225' title='bbox 1512 3799 1639 3834; x_wconf 85' lang='lat' dir='ltr'>Iugurtha</span> <span class='ocrx_word' id='word_1_2226' title='bbox 1657 3798 1705 3825; x_wconf 82' lang='lat' dir='ltr'>vbi</span> <span class='ocrx_word' id='word_1_2227' title='bbox 1718 3797 1820 3824; x_wconf 82' lang='lat' dir='ltr'>Metelli</span> <span class='ocrx_word' id='word_1_2228' title='bbox 1840 3794 1912 3821; x_wconf 68' lang='lat' dir='ltr'>dicia</span> <span class='ocrx_word' id='word_1_2229' title='bbox 1930 3803 1991 3829; x_wconf 80' lang='lat' dir='ltr'>cum</span> <span class='ocrx_word' id='word_1_2230' title='bbox 2007 3796 2085 3822; x_wconf 59' lang='lat' dir='ltr'>saetis</span> <span class='ocrx_word' id='word_1_2231' title='bbox 2099 3803 2171 3822; x_wconf 86' lang='lat' dir='ltr'>com-</span> 
     </span>
     <span class='ocr_line' id='line_1_104' title="bbox 0 3825 2169 3871; baseline 0.002 -19"><span class='ocrx_word' id='word_1_2232' title='bbox 0 3826 14 3842; x_wconf 86' lang='grc'>·“</span> <span class='ocrx_word' id='word_1_2233' title='bbox 40 3834 82 3852; x_wconf 85' lang='lat' dir='ltr'>ain</span> <span class='ocrx_word' id='word_1_2234' title='bbox 99 3825 179 3861; x_wconf 78' lang='lat' dir='ltr'>longe</span> <span class='ocrx_word' id='word_1_2235' title='bbox 199 3833 248 3853; x_wconf 81' lang='lat' dir='ltr'>nee</span> <span class='ocrx_word' id='word_1_2236' title='bbox 264 3826 335 3853; x_wconf 84' lang='lat' dir='ltr'>inter</span> <span class='ocrx_word' id='word_1_2237' title='bbox 352 3833 416 3854; x_wconf 78' lang='lat' dir='ltr'>nota</span> <span class='ocrx_word' id='word_1_2238' title='bbox 433 3828 550 3863; x_wconf 86' lang='lat' dir='ltr'>scpulcra</span> <span class='ocrx_word' id='word_1_2239' title='bbox 575 3828 632 3855; x_wconf 86' lang='lat' dir='ltr'>Nec</span> <span class='ocrx_word' id='word_1_2240' title='bbox 650 3836 733 3863; x_wconf 86' lang='lat' dir='ltr'>prope</span> <span class='ocrx_word' id='word_1_2241' title='bbox 753 3835 877 3862; x_wconf 81' lang='lat' dir='ltr'>cognatos</span> <span class='ocrx_word' id='word_1_2242' title='bbox 890 3830 1063 3865; x_wconf 80' lang='lat' dir='ltr'>compofitum</span> <span class='ocrx_word' id='word_1_2243' title='bbox 1126 3836 1223 3870; x_wconf 82' lang='lat' dir='ltr'>posuit.</span> <span class='ocrx_word' id='word_1_2244' title='bbox 1418 3831 1440 3871; x_wconf 62' lang='lat' dir='ltr'>fl</span> <span class='ocrx_word' id='word_1_2245' title='bbox 1461 3843 1480 3868; x_wconf 81' lang='lat'>4</span> <span class='ocrx_word' id='word_1_2246' title='bbox 1516 3835 1661 3871; x_wconf 79' lang='lat' dir='ltr'>singularia</span> <span class='ocrx_word' id='word_1_2247' title='bbox 1673 3834 1736 3870; x_wconf 71' lang='lat' dir='ltr'>fiant</span> <span class='ocrx_word' id='word_1_2248' title='bbox 1751 3831 1819 3865; x_wconf 73' lang='lat' dir='ltr'>ista:</span> <span class='ocrx_word' id='word_1_2249' title='bbox 1854 3829 1955 3857; x_wconf 88' lang='lat' dir='ltr'>Sallust.</span> <span class='ocrx_word' id='word_1_2250' title='bbox 1969 3831 2037 3866; x_wconf 81' lang='lat' dir='ltr'>apud</span> <span class='ocrx_word' id='word_1_2251' title='bbox 2053 3832 2125 3858; x_wconf 86' lang='lat' dir='ltr'>Non.</span> <span class='ocrx_word' id='word_1_2252' title='bbox 2138 3837 2169 3862; x_wconf 81' lang='lat'>4,</span> 
     </span>
     <span class='ocr_line' id='line_1_105' title="bbox 44 3861 2168 3905; baseline 0.001 -18"><span class='ocrx_word' id='word_1_2253' title='bbox 44 3861 144 3894; x_wconf 70' lang='grc' dir='ltr'><strong>’πει-ες,</strong></span> <span class='ocrx_word' id='word_1_2254' title='bbox 165 3867 212 3888; x_wconf 79' lang='lat' dir='ltr'>etc.</span> <span class='ocrx_word' id='word_1_2255' title='bbox 281 3861 363 3889; x_wconf 87' lang='lat' dir='ltr'>Ouid.</span> <span class='ocrx_word' id='word_1_2256' title='bbox 382 3862 447 3889; x_wconf 75' lang='lat' dir='ltr'>Fan.</span> <span class='ocrx_word' id='word_1_2257' title='bbox 468 3871 492 3897; x_wconf 77' lang='grc' dir='ltr'><strong>ς,</strong></span> <span class='ocrx_word' id='word_1_2258' title='bbox 509 3866 563 3898; x_wconf 85' lang='lat'>426</span> <span class='ocrx_word' id='word_1_2259' title='bbox 588 3865 644 3890; x_wconf 87' lang='lat' dir='ltr'>Iam</span> <span class='ocrx_word' id='word_1_2260' title='bbox 662 3870 750 3890; x_wconf 82' lang='lat' dir='ltr'>tamen</span> <span class='ocrx_word' id='word_1_2261' title='bbox 767 3863 896 3891; x_wconf 66' lang='lat' dir='ltr'>exstineto</span> <span class='ocrx_word' id='word_1_2262' title='bbox 914 3866 1000 3893; x_wconf 85' lang='lat' dir='ltr'>cineri</span> <span class='ocrx_word' id='word_1_2263' title='bbox 1017 3867 1062 3894; x_wconf 86' lang='lat' dir='ltr'>sua</span> <span class='ocrx_word' id='word_1_2264' title='bbox 1126 3873 1158 3901; x_wconf 80' lang='lat'>68</span> <span class='ocrx_word' id='word_1_2265' title='bbox 1183 3869 1374 3905; x_wconf 69' lang='lat' dir='ltr'>SuspeEtusque</span> <span class='ocrx_word' id='word_1_2266' title='bbox 1387 3869 1456 3902; x_wconf 83' lang='lat' dir='ltr'>fuit,</span> <span class='ocrx_word' id='word_1_2267' title='bbox 1468 3870 1602 3897; x_wconf 83' lang='lat' dir='ltr'>incertum</span> <span class='ocrx_word' id='word_1_2268' title='bbox 1617 3878 1697 3900; x_wconf 88' lang='lat' dir='ltr'>vero,</span> <span class='ocrx_word' id='word_1_2269' title='bbox 1710 3877 1743 3894; x_wconf 89' lang='lat' dir='ltr'>an</span> <span class='ocrx_word' id='word_1_2270' title='bbox 1757 3876 1803 3902; x_wconf 70' lang='lat' dir='ltr'>per</span> <span class='ocrx_word' id='word_1_2271' title='bbox 1815 3865 2004 3899; x_wconf 80' lang='lat' dir='ltr'>negligentiam</span> <span class='ocrx_word' id='word_1_2272' title='bbox 2018 3867 2168 3903; x_wconf 73' lang='lat' dir='ltr'>societatem</span> 
     </span>
     <span class='ocr_line' id='line_1_106' title="bbox 29 3895 2166 3972; baseline -0 -46"><span class='ocrx_word' id='word_1_2273' title='bbox 29 3895 97 3926; x_wconf 74' lang='lat' dir='ltr'>dona</span> <span class='ocrx_word' id='word_1_2274' title='bbox 111 3895 247 3934; x_wconf 77' lang='lat' dir='ltr'>ferebant,</span> <span class='ocrx_word' id='word_1_2275' title='bbox 264 3897 462 3934; x_wconf 74' lang='lat' dir='ltr'>compositique</span> <span class='ocrx_word' id='word_1_2276' title='bbox 473 3899 641 3939; x_wconf 33' lang='lat' dir='ltr'>nepos-busta</span> <span class='ocrx_word' id='word_1_2277' title='bbox 652 3899 742 3936; x_wconf 71' lang='lat' dir='ltr'>piabat</span> <span class='ocrx_word' id='word_1_2278' title='bbox 756 3900 809 3939; x_wconf 60' lang='lat' dir='ltr'>aui.</span> <span class='ocrx_word' id='word_1_2279' title='bbox 881 3901 1062 3939; x_wconf 67' lang='lat' dir='ltr'>Valenflacc.</span> <span class='ocrx_word' id='word_1_2280' title='bbox 1072 3912 1117 3942; x_wconf 82' lang='lat'>10,-</span> <span class='ocrx_word' id='word_1_2281' title='bbox 1124 3905 1282 3943; x_wconf 71' lang='lat' dir='ltr'>praedarum</span> <span class='ocrx_word' id='word_1_2282' title='bbox 1303 3912 1372 3944; x_wconf 59' lang='lat' dir='ltr'>¹cum</span> <span class='ocrx_word' id='word_1_2283' title='bbox 1392 3904 1548 3972; x_wconf 51' lang='grc' dir='ltr'>7ἰριιὲοιὶιὲῂυε</span> <span class='ocrx_word' id='word_1_2284' title='bbox 1576 3904 1766 3942; x_wconf 69' lang='lat' dir='ltr'>composuisset.</span> <span class='ocrx_word' id='word_1_2285' title='bbox 1830 3902 1864 3930; x_wconf 73' lang='lat' dir='ltr'>Et</span> <span class='ocrx_word' id='word_1_2286' title='bbox 1879 3899 1990 3929; x_wconf 69' lang='lat' dir='ltr'>eiusdem</span> <span class='ocrx_word' id='word_1_2287' title='bbox 2005 3900 2166 3968; x_wconf 38' lang='lat' dir='ltr'>sanai-sligiguian</span> 
     </span>
     <span class='ocr_line' id='line_1_107' title="bbox 83 3950 2164 3972; baseline 0.003 -16"><span class='ocrx_word' id='word_1_2288' title='bbox 83 3953 86 3956; x_wconf 52' lang='lat'><em>⁴</em></span> <span class='ocrx_word' id='word_1_2289' title='bbox 1534 3950 1552 3972; x_wconf 49' lang='grc' dir='ltr'>β</span> <span class='ocrx_word' id='word_1_2290' title='bbox 2156 3951 2164 3962; x_wconf 72' lang='grc' dir='ltr'>Ι</span> 
     </span>
    </p>
   </div>
   <div class='ocr_carea' id='block_1_13' title="bbox 19 307 31 1845">
    <p class='ocr_par' dir='ltr' id='par_1_14' title="bbox 19 307 31 1845">
     <span class='ocr_line' id='line_1_108' title="bbox 19 307 31 1845; baseline 0 0"><span class='ocrx_word' id='word_1_2291' title='bbox 19 307 31 1845; x_wconf 95' lang='lat' dir='ltr'> </span> 
     </span>
    </p>
   </div>
   <div class='ocr_carea' id='block_1_14' title="bbox 17 1841 63 3885">
    <p class='ocr_par' dir='ltr' id='par_1_15' title="bbox 17 1841 63 3885">
     <span class='ocr_line' id='line_1_109' title="bbox 19 1841 41 1884; baseline 0 -38"><span class='ocrx_word' id='word_1_2292' title='bbox 19 1841 41 1884; x_wconf 95' lang='lat' dir='ltr'>  </span> 
     </span>
     <span class='ocr_line' id='line_1_110' title="bbox 20 1884 36 2028; baseline 0.188 -38"><span class='ocrx_word' id='word_1_2293' title='bbox 20 1884 36 2028; x_wconf 95' lang='lat' dir='ltr'>     </span> 
     </span>
     <span class='ocr_line' id='line_1_111' title="bbox 20 2028 30 2164; baseline 0 -9"><span class='ocrx_word' id='word_1_2294' title='bbox 20 2028 30 2164; x_wconf 95' lang='lat' dir='ltr'>     </span> 
     </span>
     <span class='ocr_line' id='line_1_112' title="bbox 20 2164 28 2308; baseline 0 -103"><span class='ocrx_word' id='word_1_2295' title='bbox 20 2164 28 2308; x_wconf 95' lang='lat' dir='ltr'>    </span> 
     </span>
     <span class='ocr_line' id='line_1_113' title="bbox 24 2308 27 2348; baseline 0 1834"><span class='ocrx_word' id='word_1_2296' title='bbox 24 2308 27 2348; x_wconf 95' lang='lat' dir='ltr'> </span> 
     </span>
     <span class='ocr_line' id='line_1_114' title="bbox 24 2348 52 2416; baseline 0 0"><span class='ocrx_word' id='word_1_2297' title='bbox 24 2348 52 2416; x_wconf 95' lang='lat' dir='ltr'>  </span> 
     </span>
     <span class='ocr_line' id='line_1_115' title="bbox 21 2416 45 2525; baseline 0 -9"><span class='ocrx_word' id='word_1_2298' title='bbox 21 2416 45 2525; x_wconf 95' lang='lat' dir='ltr'>     </span> 
     </span>
     <span class='ocr_line' id='line_1_116' title="bbox 21 2525 44 2675; baseline 0 -9"><span class='ocrx_word' id='word_1_2299' title='bbox 21 2525 44 2675; x_wconf 95' lang='lat' dir='ltr'>    </span> 
     </span>
     <span class='ocr_line' id='line_1_117' title="bbox 22 2675 63 2809; baseline 0 -10"><span class='ocrx_word' id='word_1_2300' title='bbox 22 2675 63 2809; x_wconf 95' lang='lat' dir='ltr'>    </span> 
     </span>
     <span class='ocr_line' id='line_1_118' title="bbox 26 2809 44 2830; baseline 0 1352"><span class='ocrx_word' id='word_1_2301' title='bbox 26 2809 44 2830; x_wconf 95' lang='lat' dir='ltr'> </span> 
     </span>
     <span class='ocr_line' id='line_1_119' title="bbox 26 2831 44 2954; baseline 0 -36"><span class='ocrx_word' id='word_1_2302' title='bbox 26 2831 44 2954; x_wconf 95' lang='lat' dir='ltr'>   </span> 
     </span>
     <span class='ocr_line' id='line_1_120' title="bbox 21 2954 53 3093; baseline 0 -33"><span class='ocrx_word' id='word_1_2303' title='bbox 21 2954 53 3093; x_wconf 95' lang='lat' dir='ltr'>    </span> 
     </span>
     <span class='ocr_line' id='line_1_121' title="bbox 26 3093 40 3132; baseline 0 1050"><span class='ocrx_word' id='word_1_2304' title='bbox 26 3093 40 3132; x_wconf 95' lang='lat' dir='ltr'> </span> 
     </span>
     <span class='ocr_line' id='line_1_122' title="bbox 24 3132 50 3236; baseline 0 0"><span class='ocrx_word' id='word_1_2305' title='bbox 24 3132 50 3236; x_wconf 95' lang='lat' dir='ltr'>   </span> 
     </span>
     <span class='ocr_line' id='line_1_123' title="bbox 20 3236 43 3316; baseline 0 -1"><span class='ocrx_word' id='word_1_2306' title='bbox 20 3236 43 3316; x_wconf 95' lang='lat' dir='ltr'>    </span> 
     </span>
     <span class='ocr_line' id='line_1_124' title="bbox 20 3316 57 3382; baseline 0.054 -2"><span class='ocrx_word' id='word_1_2307' title='bbox 20 3316 57 3382; x_wconf 95' lang='lat' dir='ltr'>   </span> 
     </span>
     <span class='ocr_line' id='line_1_125' title="bbox 17 3462 44 3496; baseline 0 0"><span class='ocrx_word' id='word_1_2308' title='bbox 17 3462 44 3496; x_wconf 95' lang='lat' dir='ltr'>  </span> 
     </span>
     <span class='ocr_line' id='line_1_126' title="bbox 17 3496 59 3642; baseline 0 -80"><span class='ocrx_word' id='word_1_2309' title='bbox 17 3496 59 3642; x_wconf 95' lang='lat' dir='ltr'>    </span> 
     </span>
     <span class='ocr_line' id='line_1_127' title="bbox 22 3642 56 3767; baseline 0 0"><span class='ocrx_word' id='word_1_2310' title='bbox 22 3642 56 3767; x_wconf 95' lang='lat' dir='ltr'>    </span> 
     </span>
     <span class='ocr_line' id='line_1_128' title="bbox 26 3767 41 3885; baseline 0 -33"><span class='ocrx_word' id='word_1_2311' title='bbox 26 3767 41 3885; x_wconf 95' lang='lat' dir='ltr'>   </span> 
     </span>
    </p>
   </div>
   <div class='ocr_carea' id='block_1_15' title="bbox 68 3987 72 3999">
    <p class='ocr_par' dir='ltr' id='par_1_16' title="bbox 68 3987 72 3999">
     <span class='ocr_line' id='line_1_129' title="bbox 68 3987 72 3999; baseline 0 0"><span class='ocrx_word' id='word_1_2312' title='bbox 68 3987 72 3999; x_wconf 89' lang='grc' dir='ltr'><strong><em>Ι</em></strong></span> 
     </span>
    </p>
   </div>
  </div>
 </body>
</html>
