2474 4182
243 154 356 193 1743
693 138 726 176 C
789 137 828 175 A
889 133 917 172 P
1817 128 1851 167 C
1934 128 1973 167 A
2053 129 2080 170 p
2361 144 2447 206 744¹

288 230 369 264 magis
380 250 387 263 ,
405 237 429 256 et
444 230 570 265 quaedam
585 228 601 255 fi
617 226 720 261 longius
733 224 824 251 abstes.
898 221 962 248 Plin.
977 219 1055 255 Epist.
1071 225 1092 250 8,
1106 228 1142 251 23,
1157 227 1168 251 3
1190 220 1275 252 Quem
1285 217 1332 243 Le·
1400 217 1502 243 «Sturam
1515 218 1636 252 capiunt,
1657 218 1673 245 si
1689 219 1759 245 intus
1773 217 1868 255 saciant
1881 215 2020 256 bombum·
2090 217 2146 246 Cic.
2160 227 2209 254 pro
2229 219 2346 247 Muracn.
2359 226 2374 254 9
2385 214 2447 258 ⁶⁴⁷4*

288 274 377 301 gatuin
390 266 531 293 Tribunus
545 266 580 291 ita
597 272 621 290 et
635 261 765 289 intellexit
780 265 804 285 et
820 257 897 292 cepit.
970 257 1117 283 Terentius
1136 255 1215 281 Andr.
1234 263 1258 285 1,
1275 262 1291 283 i,
1307 259 1333 284 55
1400 254 1487 287 Atque
1501 253 1607 280 huiusce
1625 255 1664 281 rei
1679 255 1867 281 Coniecturani
1883 252 1913 278 de
1928 259 1975 277 tuo
1989 251 2066 285 ipsius
2081 253 2164 281 studio
2173 256 2247 282 Serui
2262 247 2448 285 facillimecest
2467 275 2469 286 .

290 302 388 334 Habet,
413 304 510 337 Captus
533 301 567 327 est
584 311 589 326 2
618 297 777 333 Jiilmztellsge
799 297 907 326 Amore,
928 291 982 327 stin·
1009 292 1197 319 Pulchrum‘ine
1211 290 1333 328 flumme.
1402 289 1479 323 peris.
1552 290 1625 316 Caes.
1642 291 1705 317 Bell.
1719 291 1787 316 Gall.
1805 298 1832 323 7,
1848 297 1873 321 3,-
1895 289 1963 314 Cum
1984 288 2037 313 iani
2049 296 2080 313 ex
2094 289 2148 316 diei
2165 297 2284 326 tempore
2302 282 2463 325 cornetan-ix,

289 338 345 364 Cic.
361 347 409 372 pro
423 339 526 364 Cliicnt.
541 345 563 366 ις
585 335 710 360 Animum
731 329 905 357 adolescentis
924 328 1042 355 nonduin
1060 327 1170 353 consilio
1189 335 1215 351 ac
1231 332 1334 363 ratione
1401 333 1458 350 ram
1470 331 1587 359 caperet,
1606 325 1633 351 in
1647 326 1727 352 castra
1740 332 1904 360 peruentum.
1977 324 2046 349 Ter.
2060 324 2153 351 Heaut.
2167 334 2197 358 2,
2210 336 2238 358 3,
2252 335 2282 359 23
2307 328 2443 360 Quantum

290 373 422 400 firmatum
437 373 543 408 pellexit
557 371 589 395 iis
604 368 728 394 omnibus
741 367 819 393 rebus
830 385 837 398 ‚
856 364 952 400 quibus
967 364 1011 390 illa
1026 372 1094 390 actas
1111 363 1167 396 capi
1182 371 1209 387 ac
1225 361 1334 386 deliniri
1360 364 1373 390 5
1402 368 1434 386 ex
1449 360 1502 394 ipsa
1516 368 1544 386 re
1554 360 1743 387 Conie6turam
1755 362 1880 395 capimus.
1956 360 2048 385 Metuo
2058 379 2066 391 ,
2079 368 2111 384 ne
2125 361 2151 386 id
2165 361 2275 388 Consilii
2288 363 2435 399 ceperimus,
2466 383 2469 388 .

290 409 380 444 potest.
453 409 507 434 Cic.
524 405 601 431 Acad.
616 414 644 437 4,
659 405 693 429 66
706 413 726 428 c.
742 412 774 428 zo
794 401 921 436 Sapientis
936 407 1023 427 autem
1038 400 1101 425 hanc
1116 398 1200 424 censet
1210 395 1335 422 succulas
1402 395 1473 430 quod
1489 404 1542 421 non
1556 396 1634 422 facile
1648 397 1777 430 explicare
1794 396 1914 431 possimus
1941 395 1997 421 cic.
2018 395 2089 420 Fam.
2105 404 2151 428 14,
2171 404 2203 424 12.
2273 398 2312 424 Id.
2328 398 2379 424 Off.
2391 407 2410 432 1,
2420 395 2474 434 9l-.,

289 446 345 472 vim
362 446 409 471 else
423 444 563 470 maximam
573 460 581 472 ‚
600 440 701 465 lenoni
717 438 867 468 assentiens,
886 445 978 463 cauere
987 445 1019 461 ne
1033 431 1165 469 capiatur,
1185 442 1216 458 ne
1226 433 1333 457 fallatur
1402 442 1423 458 c.
1438 440 1450 463 3
1471 431 1588 466 Triplex
1602 431 1638 457 est
1651 431 1761 457 Consilii
1776 432 1901 467 capiundi
1914 431 2081 457 deliberatio.
2138 431 2208 457 Nam
2226 428 2448 463 honestunine»fa-i

289 481 389 507 videre.
461 480 514 504 lca
529 475 560 505 cl}
575 475 682 507 videre,
703 483 735 500 ue
752 474 791 500 sui
805 473 966 500 consultores
979 471 1115 506 capiantur
1133 469 1188 495 Cic.
1203 478 1250 502 pro
1266 469 1335 493 Mur.
1405 468 1448 494 &u
1469 466 1513 497 sit,
1532 476 1564 493 an
1588 473 1679 502 turpe,
1699 466 1850 500 dubitatur,
1871 468 1897 494 id
1918 466 1989 502 quod
2012 467 2040 492 in
2061 465 2279 493 deliberationem
2300 467 2369 496 cadit
2392 469 2445 499 stc.)
2461 479 2474 501 ti

292 526 313 543 c.
328 526 356 542 io
377 525 402 540 iu
425 523 472 548 qua
493 505 588 548 quiu'cm
596 510 712 546 formula
727 511 814 536 Graeci
822 510 945 546 ¹firmanis
959 507 1000 541 isti*
1016 506 1248 532 Μάκαι-1111110110,
1273 502 1339 538 apud
1405 506 1491 538 Itaque
1512 503 1650 529 consilium
1674 511 1765 536 capere
1784 506 1859 529 etiam
1878 502 2055 539 kin-fignificat
2075 510 2167 528 “mum
2184 501 2358 537 qmdstatuere
2372 514 2386 531 a
2401 495 2474 534 eit-ist·

292 561 351 587 qum
366 549 471 581 dalmi,
491 552 508 574 j.
523 546 714 583 capi-significat
726 546 909 577 indit-mulnet,
929 543 1096 570 conilrmuure.
1169 540 1233 574 capi
1248 539 1338 565 ‹iicun-
1357 546 1386 564 10
1404 540 1459 565 alum
1475 540 1513 564 vel
1526 539 1748 565 inti-smirmidum.
1821 539 1892 564 Caes.
1910 540 1974 565 Bell.
1988 538 2055 564 Gall.
2071 547 2099 571 4,
2114 546 2125 570 ς
2155 538 2338 564 Infirmitatem
2356 540 2394 567 Ga
2411 537 2445 569 0-1

292 595 335 613 tur
353 585 469 619 virgines
489 583 619 615 Vestales,
639 582 769 609 Flamines
791 581 895 613 Diales,
915 578 1070 609 Pontifices,
1098 577 1232 610 Augures,
1254 584 1338 609 quum
1405 585 1464 602 runi
1481 575 1598 606 veritus,
1617 574 1688 609 quod
1702 575 1761 600 sunt
1775 574 1802 599 in
1818 574 1940 600 Consiliis
1956 574 2092 609 capiundis
2108 573 2229 599 mobiles.
2300 575 2374 601 Consi
2386 575 2393 581 “
2412 586 2457 605 mm

292 621 440 649 Sacerdotes
454 626 583 646 creantur.
639 618 705 652 Capi
718 625 805 644 autem
820 618 898 650 virgo
913 622 1051 649 propterea
1065 612 1119 638 dici
1133 612 1255 643 viderur,
1276 611 1339 645 quia
1404 611 1436 637 de
1451 611 1577 636 sententia
1589 610 1700 636 alicuius
1721 610 1776 636 Cic.
1791 611 1844 635 Att.
1859 618 1882 641 3,
1896 619 1921 642 4.
1992 610 2137 637 Consilium
2157 618 2206 644 pro
2225 614 2341 643 tempore
2399 608 2411 615 ‘⁴
2438 639 2440 643 .

293 656 426 683 Pontificis
448 655 559 681 maximi
579 663 657 680 manu
675 654 816 688 prehensa,
836 653 869 679 ab
894 661 926 677 co
942 655 1062 685 parente,
1083 649 1110 674 in
1125 648 1199 674 cuius
1214 649 1340 681 potestate
1405 655 1434 673 re
1455 648 1526 672 Caes.
1543 646 1607 673 Bell.
1623 646 1691 672 Gall.
1708 654 1729 678 ς,
1766 665 1772 671 .
1810 665 1816 670 .
1889 645 1929 674 Id.
1941 646 2006 672 Bell.
2022 647 2104 672 Ciuil.
2119 655 2142 676 2,
2158 654 2190 671 20
2213 645 2239 671 Si
2259 645 2286 670 id
2303 654 2355 672 non
2371 646 2435 678 fetis,
2455 650 2457 652 ’

292 693 344 725 est,
365 692 449 718 veluti
464 691 535 717 bello
548 698 636 724 capta,
657 690 806 716 abducitur.
880 689 947 713 Haec
958 693 981 712 ct
990 687 1066 721 plura
1080 684 1148 710 Gell.
1166 693 1184 714 i,
1201 692 1235 709 12.
1289 683 1339 708 De·
1405 683 1458 713 set,
1480 682 1528 708 sibi
1542 681 1681 708 consilium
1700 687 1829 715 capturos.
1855 683 1873 706 i.
1886 681 1936 714 Jibi
1954 682 2123 717 conflatio-os,
2137 680 2320 716 prospefflcros.
2387 682 2435 719 Οἱς
2448 691 2455 709 s

293 728 383 755 suncia
397 728 474 761 virgo
489 726 598 753 Vestalis
612 727 716 758 Laetia,
736 726 763 751 in
777 725 851 750 cuius
865 723 953 749 loc-um
968 720 1094 749 Cornelia
1107 729 1138 746 ex
1153 719 1256 745 familia
1276 718 1339 743 Cos·
1360 720 1384 745 15
1406 717 1484 744 Acad.
1499 727 1527 751 4,
1565 738 1571 744 .
1609 738 1615 743 .
1652 717 1817 744 Huiusmodi
1839 717 1923 751 igitur
1946 717 2005 743 vifis
2022 718 2138 744 Consilia
2154 718 2239 751 capiet
2259 722 2284 742 et
2299 716 2402 753 agendi,
2414 727 2446 750 :t

294 765 382 790 sorum
398 770 470 797 capta
486 762 522 788 est
543 763 611 788 Tac.
626 763 691 788 Ann.
707 769 739 793 13,
754 769 794 787 22.
865 760 981 793 Capere,
1001 759 1085 792 inquit
1099 756 1157 789 le.
1176 755 1192 779 l.
1208 763 1235 787 7¹
1258 754 1289 778 D.
1305 752 1336 777 de
1406 762 1460 779 non
1493 754 1596 788 agendi.
1669 752 1815 780 Consilium
1846 752 1912 778 belli
1945 754 2091 779 renouaudi
2131 754 2203 779 Caes.
2225 751 2289 778 Bell.
2307 752 2372 779 Gall.
2387 755 2448 799 Ἅι,

293 800 368 827 verb.
384 799 468 825 fiunis.
483 807 543 824 cum
557 797 650 824 atsetihi
666 797 794 830 accipitur
809 806 814 821 τ
850 796 975 829 Accipere
990 802 1069 824 vero,
1090 798 1115 816 et
1128 791 1145 816 li
1160 790 1219 826 quis
1234 797 1287 813 non
1301 796 1340 813 ac·
1406 789 1488 815 Plaut.
1503 791 1585 816 Merc.
1600 798 1625 822 2,
1641 798 1663 821 3,
1678 798 1702 815 12
1722 789 1779 815 Nec
1793 787 1857 822 quid
1872 787 1950 814 corde
1958 798 2027 815 nunc
2036 789 2147 816 Consilii
2161 797 2253 822 capere
2268 787 2431 822 poffim,-r¹e.

292 836 361 870 cepit
377 820 520 862 vt⁰habean
555 834 672 868 Ideoque
686 842 739 858 non
752 831 857 859 videtui·
873 832 930 866 quis
945 826 1124 863 capere,quod
1138 831 1192 851 erat
1206 824 1340 850 restitutu—
1405 825 1461 851 cic.
1477 824 1553 851 Offic.
1569 834 1588 857 1,
1605 834 1634 858 59
1649 835 1661 850 c
1687 830 1711 854 18
1731 825 1801 850 Haec
1816 824 1900 858 igitur
1913 830 1938 850 et
1954 825 2017 851 talia
2031 823 2265 859 circumspicienda
2277 824 2334 850 sunt
2341 823 2368 857 iri
2380 812 2449 860 affl?

293 881 354 903 rus,
382 871 445 897 sicut
468 870 612 905 peruenisse
641 869 748 903 proprie
774 867 843 894 illud
872 867 978 895 dicitur,
992 863 1064 898 quod
1089 861 1124 886 est
1149 861 1340 886 remansurum.
1407 859 1514 893 officio,
1535 868 1560 887 et
1573 860 1742 888 Consuetudo
1756 861 1964 894 exercitatioque
1983 861 2128 895 capienda,
2146 866 2174 886 vt
2196 860 2261 886 boni
2281 859 2421 892 ratioc‘ujss'„
2442 866 2450 890 1,

292 907 380 933 Ῑιιῃσίτ
394 914 481 933 tamen
495 912 635 939 Vtramque
649 905 780 931 rationem
827 902 906 929 Paull.
922 902 950 926 in
963 900 979 925 l.
996 900 1013 924 ti
1025 897 1088 923 fidei
1096 904 1169 922 meae
1183 895 1340 929 D.delegat.
1355 904 1390 922 20
1406 905 1446 923 res
1460 895 1610 923 officiorum
1625 897 1674 922 etse
1689 896 1818 931 possimus.
1891 896 1963 931 Conf.
1978 896 2060 923 Ouid.
2076 898 2105 923 A.
2121 897 2150 922 A.
2170 904 2202 928 2,
2223 897 2281 928 346.
2375 902 2390 927 s·
2411 884 2449 942 3¹(

294 952 305 975 3
325 928 427 969 Si'fidei
440 951 513 968 meae
525 941 721 972 committatur,
741 946 768 966 vt
783 938 855 973 quod
870 937 938 963 milii
950 933 1074 961 relieium
1086 932 1168 958 suerit
1177 932 1252 966 supra
1260 940 1340 967 quani
1405 933 1491 958 Pison.
1506 941 1518 965 3
1540 932 1752 967 Magnificentius
1772 931 1808 958 est
1823 930 1928 963 dicere,
1948 932 2173 966 quemadmodum
2188 931 2336 965 gesserimus
2352 963 2355 965 ι
2378 937 2382 953 ι’
2411 930 2445 968 ’1ίρ

293 988 385 1013 capere
401 979 517 1013 possum,
537 977 584 1004 alii
597 976 730 1003 restituam
746 986 750 1001 :
788 974 855 1008 posse
869 981 910 998 ine
925 971 951 997 id
966 977 1057 1004 capere
1070 967 1176 994 constat.
1288 966 1307 1003 ‘ff
1327 975 1340 992 2
1405 968 1503 1001 latum,
1525 978 1604 1004 quani
1618 967 1843 1003 quemadmodum
1862 967 2018 1001 ceperimus.
2088 969 2224 994 Coronam
2238 976 2300 993 cum
2311 965 2364 993 1311
2417 957 2448 1033 Ἶ

292 1016 408 1041 Ablarini
421 1015 507 1050 quibus
520 1016 634 1049 iungitur
646 1013 690 1038 hoc
703 1010 809 1037 verbum.
850 1007 915 1041 Capi
928 1006 1056 1040 aliqu0‚i.
1064 1006 1156 1030 Amore
1163 1004 1268 1029 alicuius
1276 1005 1342 1038 capi.
1406 1010 1469 1030 eret.
1483 1007 1509 1037 6,
1523 1014 1567 1038 94.
1640 1006 1710 1031 Suet.
1724 1004 1788 1031 Oth.
1803 1006 1819 1029 6
1840 1003 1877 1029 Ac
1891 1002 2074 1029 deficientibus
2091 1003 2232 1030 lec'ticariis
2243 1023 2251 1036 ,
2270 1004 2330 1029 cum
2356 1015 2360 1023 ·
2373 1020 2377 1024 -
2419 990 2437 1044 ξ’
2466 999 2472 1005 “

292 1051 372 1077 Ouid.
387 1050 465 1085 Epist.
473 1059 500 1083 4,
508 1051 544 1082 64
563 1050 606 1075 Mc
621 1056 665 1074 tua
679 1048 765 1072 fornia
775 1044 858 1078 capit,
879 1049 952 1076 capta
967 1046 1074 1076 parente
1087 1040 1171 1066 soror.
1245 1039 1300 1066 Cic.
1309 1038 1341 1065 de
1407 1040 1498 1072 disset,
1516 1041 1674 1075 cursumque
1692 1040 1809 1074 cepisset,
1831 1039 1920 1064 laxato
1942 1039 2030 1065 calceo
2056 1041 2168 1072 restitit,
2187 1046 2233 1066 etc.
2300 1038 2367 1067 Liu.

293 1086 400 1113 Ainicit.
416 1095 446 1119 52
465 1087 499 1112 Vt
512 1084 772 1113 aniinaducrtant‚ne
786 1079 879 1105 callida
888 1077 1066 1104 Assentatione
1082 1075 1225 1110 capiantur.
1284 1076 1341 1101 Bel·
1359 1081 1390 1107 25
1406 1077 1429 1103 Is
1443 1082 1472 1102 vt
1485 1076 1609 1112 aninumr
1617 1077 1674 1102 eius
1687 1077 1757 1102 Cura
1770 1076 1903 1104 sacrorum
1916 1081 1942 1100 et
1950 1075 2171 1102 caerimoniarum
2187 1075 2272 1110 cepit,
2282 1073 2326 1101 ⁴ita*
2337 1083 2352 1100 r
2373 1088 2377 1095 ι
2421 1059 2445 1087 '⁵

293 1123 320 1148 lo
341 1122 397 1149 Cic.
413 1124 484 1149 Fam.
500 1129 512 1154 ς
536 1130 571 1146 io.
644 1117 719 1144 Dolis
733 1124 824 1149 capere
839 1114 957 1149 aliquem
978 1113 1053 1147 Virg.
1067 1112 1130 1138 Aen.
1148 1120 1167 1143 1,
1179 1113 1241 1145 677·
1262 1113 1278 1136 i.
1293 1112 1341 1137 Dr·
1406 1119 1452 1138 etc.
1526 1112 1665 1138 Dementia
1683 1112 1803 1138 animuin
1828 1111 1901 1144 Virg.
1917 1112 1981 1136 Aen.
1997 1119 2018 1143 ς,
2032 1113 2092 1145 465.
2163 1110 2303 1137 Dementia
2317 1118 2382 1139 inc-..3
2427 1115 2429 1120 ¹

291 1161 380 1193 cipere,
450 1143 525 1183 Doli’z
539 1155 610 1190 capi,
631 1155 720 1187 Decipi
740 1152 815 1185 Virg.
829 1152 894 1176 Aen.
908 1158 934 1182 z,
943 1151 999 1182 169.
1071 1147 1161 1174 Donis·
1169 1147 1253 1184 solent
1267 1155 1340 1181 reges
1406 1147 1481 1182 Virg.
1497 1148 1593 1182 Georg.
1608 1158 1636 1181 4,
1649 1152 1707 1182 488.
1777 1146 1944 1173 Desiderium
1958 1155 2050 1180 capere
2065 1155 2097 1173 ex
2113 1146 2205 1182 aliquo
2230 1147 2286 1173 Cic.
2306 1145 2337 1172 de
2353 1145 2380 1173 S·

291 1195 349 1220 Seii.
363 1194 390 1220 in
405 1193 475 1220 Med.
489 1197 543 1223 889.
616 1189 689 1223 Virg.
705 1188 771 1214 Aen.
788 1196 813 1219 2,
827 1191 875 1219 384
891 1184 1047 1212 Formidine
1060 1190 1149 1218 captos
1186 1183 1340 1208 sternimus.
1407 1191 1448 1216 54.
1520 1184 1588 1210 Ter.
1604 1184 1668 1209 Hec.
1686 1192 1706 1215 1,
1723 1191 1745 1215 2,
1762 1191 1792 1217 ¹4
1819 1182 1917 1217 Edepol
1932 1189 1957 1208 te
1978 1182 2142 1210 Desiderium
2156 1183 2319 1215 Athenarum
2336 1183 2379 1208 ai·
2417 1210 2420 1212 q

292 1229 392 1256 Fraude
412 1229 468 1254 Seii.
483 1226 552 1253 Med.
569 1233 640 1258 1422.
711 1223 883 1250 Humanitate
897 1222 941 1247 sua
955 1229 1034 1256 quem
1046 1228 1137 1254 capere
1159 1219 1228 1252 Nep.
1243 1226 1270 1253 7,
1283 1226 1339 1251 9‚3.
1407 1219 1545 1246 Philotion
1559 1219 1650 1254 cepisse
1665 1219 1747 1253 saepe.
1825 1218 1880 1244 Cic.
1895 1219 1923 1244 in
1937 1219 2016 1245 Catil.
2027 1227 2073 1252 1,4
2087 1227 2132 1245 c.2
2153 1219 2196 1246 Ne
2205 1218 2270 1253 quid
2278 1218 2353 1252 Resp.
2373 1222 2379 1236 ³*
2418 1244 2426 1248 Ἴ,

291 1265 394 1292 Insidiis
411 1264 495 1289 notffis
508 1262 611 1296 capiere
627 1261 730 1286 serenae
750 1258 824 1293 Virg.
840 1258 937 1291 Georg.
952 1265 970 1288 1,
985 1258 1045 1290 426.
1065 1258 1082 1281 i.
1098 1257 1264 1294 Dccipn'ris..
1292 1255 1340 1280 La·
1358 1262 1392 1288 30
1408 1256 1491 1282 menti
1507 1262 1619 1291 caperes.
1689 1254 1749 1281 Sall·
1763 1255 1819 1280 Cat.
1844 1263 1864 1279 c·
1878 1262 1920 1287 29·
1992 1254 2053 1280 Liu.
2076 1263 2105 1287 Β,
2125 1264 2143 1288 4
2158 1266 2164 1281 :
2201 1255 2315 1282 fbrmula
2327 1253 2358 1289 fi,
2421 1261 2427 1276 ·.

291 1309 360 1335 queo
375 1299 451 1326 verbi
466 1298 522 1332 capi
533 1304 606 1332 putas
619 1301 743 1330 oportere
764 1295 819 1321 Cic.
837 1302 886 1328 pro
899 1293 1006 1320 Caecin.
1019 1296 1046 1324 83
1061 1301 1083 1317 c.
1099 1299 1138 1323 29.
1212 1290 1293 1316 Ouid.
1308 1289 1340 1315 de
1409 1291 1477 1318 SCti.
1548 1292 1745 1318 Detrimentum
1760 1290 1787 1316 in
1801 1299 1829 1316 re
1843 1290 1933 1324 aliqua
1952 1289 2142 1323 Columel,1,8,
2213 1289 2291 1317 υἱεῖς,
2304 1298 2350 1324 cap
2372 1304 2377 1312 ..
2420 1301 2422 1311 l

291 1338 354 1362 Arte
370 1337 427 1361 Ani.
443 1343 464 1366 3,
481 1342 518 1365 133
550 1332 691 1359 Munditiis
704 1331 843 1365 capimur:
878 1338 925 1355 nec
939 1328 988 1355 sint
1005 1327 1057 1354 fine
1076 1327 1132 1361 lege
1146 1325 1254 1360 capilli,
1289 1325 1342 1351 Ad·
1407 1328 1498 1359 cuius,
1514 1328 1611 1354 Audire
1623 1327 1698 1353 verba
1718 1326 1794 1361 Virg.
1809 1327 1872 1352 Aen.
1886 1328 1912 1358 6,
1923 1333 1982 1361 377-
2053 1326 2135 1353 Pauu-
2149 1327 2178 1352 in
2190 1325 2207 1352 l·
2222 1325 2374 1353 interdum-⁸
2417 1331 2428 1359 ’,,

290 1378 378 1398 motae
400 1371 515 1396 formam
536 1368 666 1402 dantque,
688 1372 836 1401 negantque
855 1374 956 1391 manus.
1028 1361 1186 1389 Muneribus
1206 1361 1304 1388 Tibul.
1320 1370 1342 1394 1,
1407 1362 1482 1389 verb.
1497 1363 1599 1398 obliga
1615 1361 1753 1390 Interdum
1774 1370 1840 1396 pura
1861 1361 1996 1396 stipulatio
2017 1370 2049 1388 ex
2072 1372 2102 1389 re
2123 1363 2178 1397 ipsa
2199 1362 2395 1398 Dilationenil's
2413 1363 2415 1366 “

290 1416 315 1440 9,
329 1416 361 1433 ii.
436 1407 524 1432 Pretio
545 1404 688 1438 capiuntur
707 1403 782 1429 auari
813 1401 911 1428 Tibul.
925 1409 954 1433 3,
973 1409 993 1432 1,
1012 1406 1037 1433 7.
1108 1398 1158 1432 Spe
1170 1398 1245 1424 inani
1263 1399 1340 1431 Virg.
1407 1399 1583 1434 Disciplinam
1605 1407 1637 1425 ex
1657 1407 1685 1425 re
1709 1399 1799 1433 aliqua
1829 1397 1895 1424 Plin.
1911 1398 1939 1424 in
1951 1399 2044 1432 Paneg.
2065 1408 2086 1424 c.
2101 1401 2147 1432 46.
2220 1397 2337 1425 Diuitias
2355 1410 2379 1424 ..i
2405 1401 2415 1432 j

291 1445 353 1469 Aen.
364 1451 450 1477 ii‚49.
522 1441 613 1475 Specie
637 1438 769 1472 Qiinffil.
783 1446 816 1470 2,
830 1445 852 1469 ς.
925 1435 1072 1463 Dulcedine
1085 1433 1167 1460 Vocis
1179 1434 1238 1468 capi
1257 1433 1338 1460 Ouid.
1359 1439 1388 1465 35
1407 1443 1487 1470 quem
1507 1435 1577 1470 Nep,
1590 1443 1630 1468 25,
1642 1442 1669 1469 7,
1684 1443 1708 1460 2.
1781 1434 1975 1460 Documentum
1995 1435 2050 1461 Cic.
2065 1434 2177 1468 Philipp,
2192 1442 2256 1467 1123,
2276 1438 2291 1459 ,⁴
2320 1433 2387 1461 'nol
2400 1433 2426 1466 s:

291 1480 353 1505 Met.
369 1488 389 1511 i,
403 1486 465 1512 709.
662 1474 683 1511 ’ᾗ
705 1483 717 1507 3
740 1475 901 1500 Nominatiui
913 1481 1012 1503 rerum,
1030 1479 1091 1506 quae
1107 1478 1215 1510 capere,
1248 1472 1265 1494 i.
1284 1479 1340 1495 con·
1406 1480 1438 1497 ex
1452 1471 1544 1506 aliquo
1564 1472 1632 1497 Ter.
1647 1469 1729 1496 Andr.
1742 1479 1768 1502 4,
1783 1479 1805 1503 3,
1819 1478 1845 1502 4.
1918 1470 2047 1496 Dolorem
2060 1470 2139 1496 corde
2165 1470 2248 1496 Plaut.
2262 1469 2348 1496 ‘ri-uc.
2396 1501 2399 1503 ‚

289 1518 368 1541 tinere
380 1514 514 1549 veljpatio
522 1511 569 1547 fito
581 1512 621 1537 vel
633 1510 731 1536 viribus
745 1509 842 1545 aliquid
859 1509 977 1534 dicuutur
990 1517 998 1532 .·
1035 1507 1115 1532 Hunc
1137 1511 1207 1545 capit
1221 1505 1340 1545 'Argenti
1407 1507 1463 1534 Cic.
1477 1507 1510 1533 de
1522 1507 1592 1534 Clar.
1606 1507 1680 1533 Orat.
1697 1515 1706 1532 1
1725 1505 1861 1540 Opinione
1874 1506 1996 1532 oninium
2008 1505 2244 1541 maioremlaniino
2256 1504 2359 1540 cepido

290 1549 412 1585 splendor
433 1549 501 1575 Hor.
515 1549 597 1573 Serm.
614 1554 633 1575 i,
647 1554 675 1579 4,
690 1551 727 1575 28.
801 1546 919 1578 Propert.
935 1552 955 1576 i,
971 1552 980 1569 1
991 1563 999 1575 ,
1015 1551 1024 1568 1
1057 1541 1173 1574 Cynthia
1187 1550 1273 1576 prima
1287 1541 1339 1566 suis
1406 1543 1482 1569 Dona
1503 1543 1579 1577 Virg.
1594 1543 1658 1568 Aen.
1672 1550 1695 1574 3,
1709 1546 1766 1575 488.
1839 1541 1895 1568 Cic.
1910 1542 1937 1567 iii
1952 1542 2029 1570 Catil.
2044 1551 2067 1574 3,
2081 1544 2109 1568 16
2131 1542 2209 1568 Nunc
2224 1541 2351 1577 quoniam

291 1586 417 1612 miserum
430 1593 473 1610 nie
488 1583 558 1617 cepit
565 1580 665 1608 Ocellis
700 1579 860 1606 Conta6ium
868 1579 950 1605 nullis
959 1584 1020 1605 ante
1027 1577 1207 1611 cupidinibus.
1269 1577 1338 1602 Ter.
1406 1579 1484 1610 ritas,
1505 1577 1689 1605 sceleratisliini
1699 1599 1706 1611 ⁷
1727 1577 1987 1612 periculosiss'imique
1999 1577 2064 1604 belli
2078 1577 2196 1604 nefarios
2203 1578 2289 1604 Duces
2297 1581 2353 1612 capt

291 1623 386 1647 Heaut.
400 1629 422 1652 2,
439 1628 460 1652 3,
478 1627 501 1650 13
531 1617 575 1644 Dii
590 1616 672 1648 boni,
694 1615 759 1650 quid
780 1615 874 1642 turbae
889 1616 897 1640 3
935 1614 1018 1640 Aedes
1039 1613 1143 1639 nostrae
1164 1614 1210 1639 vix
1224 1613 1338 1647 capient,
1354 1623 1390 1648 40
1406 1621 1432 1640 et
1445 1614 1649 1649 comprehensos
1664 1613 1776 1645 tenetis,
1795 1620 1840 1638 etc.
1913 1613 1982 1640 Ter.
1996 1613 2076 1640 Andr,
2093 1624 2121 1648 4,
2137 1622 2157 1646 1,
2170 1621 2204 1648 27
2230 1613 2305 1646 Qlid
2321 1613 2332 1639 i

291 1658 352 1683 scio.
424 1656 480 1681 Cic.
495 1655 571 1679 Verr.
586 1663 615 1685 4,
632 1661 643 1684 3
664 1652 724 1678 Tot
737 1651 831 1677 domus
847 1649 1072 1684 locupletissimas,
1091 1650 1192 1675 Domus
1206 1648 1279 1674 istius
1289 1657 1340 1674 vna
1405 1650 1506 1676 mirum
1520 1650 1555 1676 est
1565 1670 1572 1682 ,
1593 1649 1611 1675 fi
1629 1649 1661 1675 de
1675 1655 1700 1675 te
1708 1649 1864 1683 Exemplum
1877 1649 1946 1683 capit
1959 1651 1968 1676 3
2009 1649 2057 1675 Vbi
2064 1650 2197 1682 Donatus,
2216 1649 2255 1675 De
2269 1655 2294 1676 te
2307 1657 2353 1675 exe

290 1693 374 1727 capiet
388 1692 398 1717 3
469 1689 525 1715 Cic.
540 1687 654 1721 Philipp.
670 1695 692 1718 2,
709 1695 751 1720 ¹¹4
768 1687 812 1713 Illi
823 1695 880 1713 eain
894 1687 1008 1720 gloriam
1022 1685 1179 1719 consequuti
1194 1686 1262 1716 sunt,
1272 1693 1339 1719 quae
1406 1687 1490 1720 capit.
1527 1693 1634 1718 Vtrum,
1655 1685 1682 1711 Si
1701 1690 1726 1710 te
1745 1685 1867 1711 imitatur
1883 1693 1888 1708 :
1924 1694 1957 1711 an
1977 1685 2003 1711 Si
2017 1685 2049 1711 de
2061 1691 2086 1712 te
2107 1685 2190 1719 exigit
2204 1694 2300 1720 poenas
2314 1686 2324 1711 3

289 1729 335 1754 vix
350 1726 432 1754 Caelo
445 1725 501 1759 capi
514 1724 582 1758 posse
595 1723 726 1749 videatur.
797 1722 948 1748 Amentiain
962 1722 1018 1748 eius
1031 1729 1122 1755 capere
1143 1729 1198 1746 11011
1217 1725 1339 1754 poterant
1406 1721 1488 1752 alibi,
1511 1723 1630 1755 Vterque
1644 1720 1762 1754 exempla
1775 1721 1803 1746 in
1815 1726 1840 1746 te
1854 1720 1939 1747 edent.
1976 1721 2024 1747 Sed
2038 1721 2150 1751 melius,
2168 1721 2214 1747 Te
2236 1721 2356 1747 imitatur
2388 1734 2424 1772 ἡ
2438 1747 2443 1766 ιη

290 1764 407 1794 Ciuitas,
427 1761 518 1792 Italia,
536 1758 676 1793 prouincia
688 1763 714 1783 et
727 1765 808 1790 regna
845 1757 902 1782 Cic.
917 1766 965 1790 pro
980 1757 1076 1783 Milon.
1093 1761 1130 1786 88.
1203 1756 1241 1782 Id.
1263 1753 1340 1794 Otiic.
1406 1757 1502 1790 pinnis.
1574 1756 1630 1782 Cic.
1645 1755 1678 1781 de
1691 1755 1799 1781 Amicit.
1814 1764 1846 1788 34
1864 1757 1950 1791 Atque
1966 1765 2057 1783 earum
2069 1766 2160 1784 rerum
2175 1757 2329 1792 Exemplum
2341 1763 2356 1782 e

292 1809 311 1831 1,
328 1807 360 1831 54
380 1799 531 1831 Sequuntur
543 1795 655 1820 fratrum
670 1791 871 1819 coniunctiones
884 1791 941 1831 post
960 1791 1198 1831 consobrinorum,
1219 1790 1341 1817 sobrino·
1356 1793 1390 1825 4‘3
1407 1792 1521 1818 litudine
1535 1790 1654 1824 capiebat
1668 1790 1784 1829 ineuntis
1798 1791 1900 1816 aetatis.
1969 1793 2124 1827 Exemplum
2138 1793 2166 1818 in
2179 1801 2208 1819 re
2215 1792 2305 1828 aliqua
2323 1792 2362 1819 Co

289 1842 402 1868 rumque
418 1843 423 1859 :
460 1832 508 1867 qui
521 1839 604 1870 quum
617 1838 669 1856 vna
684 1829 773 1855 Domo
786 1827 841 1853 iam
857 1834 915 1861 capi
927 1835 981 1852 non
995 1827 1102 1860 poslint,
1122 1826 1151 1851 in
1164 1827 1228 1852 alias
1248 1826 1342 1852 domos
1407 1838 1436 1861 4,
1451 1836 1469 1853 1.
1543 1827 1599 1853 Cic.
1616 1825 1648 1852 de
1663 1824 1756 1859 Legib.
1773 1833 1793 1856 i,
1806 1829 1819 1854 ε
1847 1825 1869 1850 A
1882 1825 1981 1858 quibus
2000 1827 2165 1862 temporibus
2185 1828 2318 1856 scribendi
2337 1835 2366 1854 ca

288 1877 412 1905 tanquam
428 1869 455 1895 in
468 1867 585 1894 colonias
599 1870 703 1892 exeunt.
742 1865 835 1898 Nempe
848 1863 912 1889 idem
925 1869 995 1893 ertit,
1016 1869 1082 1896 quos
1097 1869 1157 1886 cum
1169 1870 1221 1886 vna
1240 1862 1343 1886 Domus
1410 1862 1565 1889 Exordium.
1636 1860 1852 1894 Experimentum
1871 1860 1938 1886 Ptin,
1952 1869 1986 1892 13,
2003 1869 2025 1886 2,
2097 1864 2192 1890 Finem
2221 1865 2291 1899 capit
2323 1863 2368 1890 dis
2384 1854 2433 1885 τῶς

290 1907 344 1933 13111
363 1913 456 1939 capere
475 1912 529 1930 non
551 1901 643 1937 potest.
714 1900 834 1932 Obiicit,
854 1907 921 1925 anne
940 1897 1017 1924 Fides
1038 1896 1124 1930 capit,
1150 1902 1179 1922 vt
1199 1895 1343 1922 substantia
1407 1898 1483 1931 Virg,
1498 1898 1563 1923 Aen,
1576 1905 1615 1928 ω,
1629 1898 1684 1922 105,
1756 1894 1863 1922 fluetus
1879 1895 1979 1922 itm-nm
1993 1904 2047 1922 no„
2059 1905 2152 1931 capere
2167 1899 2196 1924 in
2215 1900 2324 1934 Ρεᾶοκ
2349 1899 2441 1926 ιυὲῃ,

290 1943 368 1968 flante
383 1940 509 1975 inspirata
516 1939 574 1965 Deo
586 1937 731 1964 cruciatum
744 1935 837 1961 sentiat
853 1936 862 1961 3
897 1933 975 1960 Prud.
991 1932 1152 1968 Apoth.783.
1223 1930 1343 1957 Liberta-
1408 1941 1432 1965 3,
1446 1941 1506 1964 299.
1578 1933 1701 1957 Formam
1714 1930 1826 1956 alicuius
1845 1930 1928 1957 P-laut.
1941 1931 2035 1966 Amph.
2057 1940 2083 1964 1,
2098 1940 2122 1964 1,
2138 1942 2186 1960 110.
2256 1935 2327 1961 Ter.
2346 1935 2412 1961 Eun·

290 1985 344 2005 tem
359 1976 492 2011 publicam
512 1973 621 2008 Qiine‘t.
635 1971 707 1999 Decl.
722 1977 777 2003 382.
802 1974 820 1997 i.
834 1968 962 2003 aestimare
974 1979 1003 1995 ex
1017 1978 1090 1999 vero,
1105 1966 1173 2002 conf.
1191 1966 1215 1993 h.
1230 1968 1342 1993 Lb'urm.
1360 1978 1392 2005 50
1410 1976 1430 2000 1,
1444 1973 1472 2000 58
1493 1968 1596 1994 Metuet
1614 1968 1731 2001 semper,
1752 1974 1831 1999 quem
1854 1965 1909 1999 ipsa
1927 1975 1996 1992 nunc
2015 1968 2084 2002 capit
2098 1968 2241 2000 Frue'tuni,
2263 1976 2312 1995 etc.
2383 1971 2424 1997 Aa

286 2021 315 2049 p.
331 2020 384 2048 75¹0.
456 2011 537 2038 Ouid.
551 2010 616 2036 Met.
638 2010 669 2040 6,
690 2009 738 2033 610
769 2006 866 2037 Ardet,
886 2012 913 2031 et
932 2007 1004 2031 Iram
1040 2004 1107 2031 Non
1121 2003 1190 2037 capit
1203 2003 1258 2037 ipsa
1270 2003 1342 2028 suani
1409 2004 1465 2030 Cic.
1481 2004 1551 2029 Fani.
1568 2010 1606 2035 10,
1620 2010 1642 2035 ς.
1714 2000 1753 2027 Id.
1770 2000 1802 2027 de
1821 2000 1922 2027 Sene&
1943 2003 1978 2028 62.
2015 2003 2131 2030 Honeste
2161 2004 2217 2031 atita
2243 2005 2422 2039 siiperior'aei

292 2050 402 2083 Progne·
474 2045 556 2073 Orbis
569 2051 595 2071 te
608 2052 664 2070 ΜΠ
678 2047 781 2076 caperet
802 2042 876 2081 {3⁰51-
891 2045 990 2074 728512·
1063 2039 1155 2078 Troia
1169 2047 1216 2064 nec
1231 2045 1256 2065 te
1271 2038 1342 2075 capit
1409 2038 1520 2080 Prndius
1546 2039 1615 2079 capit
1635 2037 1778 2077 auetoritas
1797 2042 1939 2077 extremos.
1978 2072 1984 2077 .
2010 2038 2138 2065 Ρωὲὶιιιῃ
2149 2040 2248 2067 amoris
2266 2041 2362 2067 Lucan.
2377 2047 2403 2074 7,
2417 2051 2421 2072 ς
2436 2065 2437 2069 ,

292 2084 367 2118 Vii-g.
381 2084 446 2109 Aen.
460 2090 486 2115 9,
500 2083 564 2114 644.
637 2079 679 2105 Sic
693 2077 879 2111 Concupiscis,
893 2083 960 2110 quae
974 2083 1029 2100 non
1042 2082 1112 2108 capis
1132 2075 1207 2112 Curt.
1222 2082 1250 2113 7,
1264 2079 1277 2103 g
1286 2093 1294 2106 ‚
1309 2083 1344 2106 13,
1409 2076 1465 2115 (ᾖς,
1480 2075 1511 2101 de
1525 2074 1617 2101 Duum
1630 2083 1662 2114 2,-
1671 2081 1684 2107 5
1705 2072 1835 2114 'Et-,mdesf¹
1849 2081 1881 2113 εἴ(
1896 2071 1937 2113 ¹¹3⁵
1950 2077 2030 2113 enam
2043 2073 2172 2102 Fructum
2186 2076 2260 2109 capio
2274 2075 2374 2101 laboris
2391 2083 2422 2100 m*

292 2118 506 2154 Magnitudinem
525 2116 649 2142 fortunae
667 2122 721 2139 non
736 2113 804 2147 cepit
824 2113 898 2139 Curt.
912 2119 935 2143 3,
949 2119 984 2143 13,
998 2119 1041 2137 20.
1112 2108 1255 2142 Qudquid
1270 2110 1345 2134 Mor·
1410 2119 1458 2145 qui
1472 2112 1526 2137 iam
1541 2109 1664 2144 prouecti
1673 2130 1681 2143 ,
1702 2118 1730 2135 in
1744 2108 1840 2135 nostris
1852 2107 1931 2134 libris
1944 2109 2120 2144 acquiescunt.
2190 2110 2264 2136 Idem
2277 2111 2330 2136 Att.
2345 2111 2366 2141 ἰ,
2379 2117 2391 2140 3
2403 2109 2421 2136 Ε

293 2156 379 2182 talitas
391 2162 483 2188 capere
496 2156 616 2187 poterat,
629 2149 801 2184 impleuinius
825 2145 863 2174 Id:
877 2156 904 2180 9,
917 2155 940 2179 3,
954 2155 980 2181 7.
1020 2167 1021 2170 ,
1051 2144 1088 2170 Ex
1107 2152 1162 2178 quo
1173 2143 1344 2169 manifestum
1362 2151 1392 2178 ςς
1411 2153 1494 2178 qiuim
1508 2146 1588 2178 aequi
1601 2145 1752 2176 fuissemus,
1771 2150 1859 2171 tamen
1873 2143 1959 2170 multo
1973 2144 2104 2171 maiorem
2113 2143 2243 2171 Fruehim
2253 2153 2285 2170 ex
2297 2143 2412 2179 Ρορ1111’

292 2191 328 2218 est
361 2190 511 2225 principum
540 2186 707 2221 disciplinam
739 2192 831 2219 capere
863 2183 944 2209 etiam
975 2180 1069 2214 vulgus
1094 2180 1161 2205 Plin.
1181 2180 1242 2205 Pan.
1262 2187 1283 2204 c.
1297 2180 1342 2211 46.
1410 2179 1563 2205 stiniatione
1586 2179 1636 2204 illo
1651 2179 1776 2205 damnato
1791 2180 1925 2213 cepimus,
1943 2188 2023 2213 quain
2043 2189 2076 2206 ex
2097 2180 2192 2215 ipsius,
2211 2180 2230 2206 si
2243 2179 2378 2206 absolutus

294 2226 403 2260 Quinc‘b
419 2233 442 2258 ς,
457 2233 483 2259 7,
499 2232 508 2250 1
532 2224 558 2249 Si
571 2220 802 2256 reprehensionem
815 2227 869 2245 non
882 2218 951 2253 capit
965 2217 1018 2251 ipsa
1034 2216 1153 2250 persona.
1173 2217 1191 2240 i.
1200 2213 1347 2249 reprehendi
1410 2215 1496 2250 gratia
1516 2214 1676 2248 cepissemus.
1746 2214 1818 2239 Caes.
1835 2214 1898 2240 Bell.
1914 2214 1983 2240 Gall.
1996 2221 2029 2249 7,
2043 2217 2078 2241 26
2093 2216 2218 2242 Precibus
2231 2215 2376 2250 petierunt,

292 2273 341 2289 vion
350 2260 439 2297 potest.
513 2259 586 2285 Nota
599 2257 635 2283 est
648 2256 753 2286 fabula,
774 2263 853 2289 quam
865 2254 950 2281 Marci
962 2253 1018 2279 vita
1032 2260 1086 2278 non
1098 2251 1168 2286 capit
1185 2250 1300 2284 Capitol.
1315 2250 1345 2276 in
1409 2257 1436 2277 et
1450 2258 1602 2277 communes
1617 2248 1716 2275 liberos
1731 2247 1850 2275 hostibus
1861 2249 1894 2275 ad
1908 2249 2066 2284 supplicium
2079 2250 2221 2285 dederent,
2240 2260 2307 2287 quos
2318 2250 2370 2278 ade

293 2299 365 2325 Vero
381 2303 445 2323 extr.
465 2297 483 2321 ι’.
498 2303 558 2330 quae
572 2302 620 2319 mm
634 2292 764 2319 credibilis
778 2289 812 2324 est
820 2296 925 2325 propter
937 2291 1018 2315 vitam
1032 2287 1100 2314 illius
1113 2288 1241 2322 reliquam.
1288 2286 1346 2312 Nec
1411 2286 1472 2312 dam
1486 2286 1587 2319 Fugam
1606 2291 1700 2311 natura
1712 2290 1738 2310 et
1751 2284 1852 2311 virium
1866 2284 2007 2311 infirmitas
2021 2285 2190 2320 impedirent.
2261 2287 2328 2314 Plin.
2342 2287 2381 2314 E..

294 2333 363 2368 capit
380 2330 502 2359 humanis
515 2327 659 2363 angoribus
673 2326 820 2353 excruciari
840 2324 919 2351 Prud.
933 2323 1030 2358 Apoth.
1042 2332 1069 2348 v.
1083 2324 1123 2352 86.
1144 2325 1162 2347 i.
1184 2324 1212 2346 in
1232 2330 1283 2347 eam
1297 2325 1395 2350 7107160
1411 2331 1433 2348 11
1456 2322 1537 2354 Qiod
1551 2320 1694 2355 gaudium,
1713 2326 1742 2346 vt
1764 2326 1891 2355 perpetuo
1912 2321 2029 2355 capiam,
2059 2321 2121 2348 deos
2142 2331 2201 2349 oro.
2274 2323 2335 2350 Liu.
2355 2331 2368 2350 2

295 2369 373 2396 cadit.
446 2367 513 2393 Ptin.
529 2366 621 2399 Paneg.
635 2367 664 2390 61
699 2363 810 2396 Magnus
824 2360 1064 2393 memorandusque
1085 2358 1133 2392 qui
1154 2363 1256 2383 tantum
1271 2357 1346 2382 Prae·
1411 2359 1464 2384 Aut
1477 2366 1509 2383 ex
1523 2356 1628 2383 ciuibus
1640 2356 1719 2383 vietis
1727 2356 1862 2383 Gaudium
1871 2357 1999 2383 meritum
2012 2363 2097 2389 certe,
2117 2364 2143 2392 et
2159 2358 2178 2384 si
2192 2367 2246 2384 non
2261 2357 2353 2386 honest
2377 2359 2381 2381 ἶ

295 2405 381 2432 mium
394 2403 443 2436 (de
457 2401 594 2429 consulatu
607 2399 746 2434 loquitur)
761 2397 839 2432 cepit.
916 2396 964 2423 Vbi
978 2395 1080 2429 Capere
1093 2403 1141 2419 non
1155 2392 1186 2425 est
1194 2392 1346 2427 simpliciter
1409 2394 1490 2429 piam.
1560 2391 1694 2419 Gaudium
1707 2392 1798 2418 Mente
1815 2392 1875 2420 Liu.
1891 2399 1935 2427 27,
1950 2401 1996 2426 40.
2067 2393 2134 2420 Ter.
2149 2394 2214 2420 Hec.
2229 2404 2258 2429 4,
2274 2403 2300 2428 i,
2314 2403 2347 2423 22
2359 2398 2378 2417 ’ἑ

295 2442 415 2476 Accipere
428 2439 553 2468 delatum,
568 2435 616 2472 sed
628 2442 747 2472 quatenus
760 2433 896 2468 mensuram
913 2434 965 2458 eius
977 2431 1078 2466 implere
1084 2427 1166 2467 1³⁰&st
1180 2439 1190 2457 ,·
1227 2435 1347 2464 quatenus
1410 2429 1490 2456 illum
1496 2429 1631 2455 Generum
1645 2429 1777 2463 cepimus,
1794 2431 1813 2454 i.
1825 2428 1967 2463 elegimus,
1989 2429 2115 2454 Donatus.
2186 2429 2256 2457 Ter,
2269 2428 2389 2462 Phom

296 2483 376 2512 capax
395 2473 442 2508 est,
457 2473 512 2508 flue
525 2472 618 2509 dignus
631 2471 757 2508 confidam
766 2489 774 2501 ‚
794 2472 860 2504 eique
872 2465 1070 2500 administrando
1084 2475 1138 2492 cum
1150 2463 1229 2491 laudc.
1287 2465 1346 2490 Mo·
1411 2473 1437 2499 51
1458 2465 1538 2491 Nunc
1547 2464 1638 2491 Gestus
1650 2464 1718 2490 inihi
1730 2464 1874 2499 vultusque
1887 2464 1922 2490 est
1936 2463 2075 2498 capiendus
2090 2473 2184 2491 nouus.
2254 2465 2310 2493 Cic.
2325 2465 2358 2493 de
2422 2496 2424 2499 .

299 2521 355 2538 ram
367 2514 420 2538 ‘me
441 2510 511 2544 capit
538 2509 578 2535 ira
596 2507 677 2534 Ouid.
698 2506 730 2533 de
749 2506 826 2532 Nuce
839 2514 866 2539 4.
1062 2498 1083 2539 ff
1102 2510 1120 2535 4
1144 2501 1270 2527 formulae
1282 2501 1346 2526 aliae
1361 2508 1393 2542 65
1410 2508 1441 2534 23
1462 2501 1561 2527 Nonne
1573 2500 1651 2526 facile
1663 2501 1690 2527 ei
1703 2500 1771 2532 erit,
1790 2501 1837 2535 qui
1850 2499 1886 2526 ob
1900 2509 1957 2526 eam
1971 2500 2071 2526 summa
2082 2499 2149 2533 fide,
2169 2500 2326 2534 constantia,
2341 2501 2352 2528 i
2371 2514 2374 2524 .
2390 2497 2415 2524 5².

299 2549 439 2574 elementari
451 2545 538 2572 ordine
551 2541 761 2577 Substantiuorum
773 2539 911 2577 clzspqfitae.
948 2536 1030 2565 Ouid.
1044 2537 1136 2563 Amor.
1150 2545 1243 2569 2,12,4
1258 2537 1347 2570 Qiam
1412 2545 1464 2572 que
1484 2537 1628 2570 seruatam,
1649 2536 1792 2563 maximam
1812 2536 1912 2571 ceperit
1924 2536 2047 2562 Gloriam
2061 2537 2071 2562 ζ
2142 2535 2198 2563 Εἰς,
2210 2536 2281 2564 Fam.
2292 2545 2317 2568 2,
2331 2532 2345 2570 ‘3
2361 2537 2425 2573 Qm.

298 2584 356 2614 vir,
376 2591 455 2617 quam
467 2581 566 2611 custos,
586 2588 666 2615 quam
679 2578 759 2604 ianua
773 2577 848 2603 firma
870 2579 955 2610 (quot
976 2572 1102 2605 hostesl)
1122 2572 1286 2604 Seruabunt,
1314 2580 1347 2597 ne
1411 2573 1567 2608 praesertim
1590 2571 1770 2604 confiderem,
1789 2572 1890 2599 nullam
1909 2573 1956 2598 esse
1976 2572 2113 2605 Gratiam,
2133 2570 2271 2607 quam'vel
2289 2580 2344 2598 non
2358 2570 2421 2606 cape

299 2627 351 2653 qua
365 2618 445 2653 posset
457 2616 489 2643 ab
503 2617 566 2642 Arte
580 2615 657 2649 capi,
678 2614 706 2640 de
720 2614 838 2640 Corinna.
909 2609 1060 2636 Admiratio
1074 2609 1142 2643 cepit
1155 2617 1215 2634 euni
1235 2608 1345 2640 Liu.28‚
1412 2609 1515 2636 animus
1528 2617 1603 2634 meus
1615 2608 1645 2634 iii
1656 2607 1826 2643 accipiendo,
1845 2608 1887 2635 vel
1903 2608 1931 2634 in
1945 2608 2155 2642 remunerando,
2173 2607 2377 2643 cumulandoque
2389 2605 2419 2632 ill

301 2674 307 2681 .
345 2673 353 2680 .
426 2653 482 2679 Cic.
498 2652 529 2678 A.
543 2660 552 2677 1
567 2651 597 2677 in
615 2652 691 2676 Verr.
713 2657 741 2683 52
759 2658 780 2675 c.
802 2656 831 2683 17
867 2647 957 2681 Qiare
976 2646 994 2672 si
1015 2644 1170 2672 Glabrionis
1189 2645 1270 2678 patris
1283 2643 1348 2670 Vim
1412 2645 1494 2671 strare
1508 2645 1597 2679 posset.
1669 2643 1751 2671 Plaut.
1764 2643 1882 2671 Bacchid.
1891 2653 1913 2677 3,
1921 2651 1944 2676 3,
1956 2653 1990 2678 34
2009 2644 2081 2671 Nam
2092 2644 2161 2670 olim
2173 2643 2347 2679 populi'priu's
2357 2642 2420 2669 Hon

299 2695 326 2717 et
349 2687 531 2716 Acrimoniam
555 2686 654 2720 ceperis
671 2684 703 2712 ad
725 2683 893 2712 resistendum
913 2681 1070 2709 hominibus
1094 2680 1282 2712 audacissimis,
1301 2686 1347 2706 etc.
1357 2693 1393 2720 70
1413 2690 1470 2708 rem
1485 2679 1605 2715 capiebat
1620 2679 1762 2714 suffragio,
1780 2688 1859 2714 quam
1872 2679 1992 2715 magistri
2004 2679 2151 2713 desinebat,
2171 2679 2246 2707 dieto
2257 2679 2308 2707 essev
2319 2676 2422 2707 obedi

2396 2712 2408 2719 a

300 2725 356 2753 Cic.
369 2723 402 2751 de
415 2724 484 2751 Clar.
500 2723 575 2749 Orat.
589 2726 632 2756 178
651 2721 740 2747 Nimis
755 2720 801 2746 ille
815 2719 923 2755 quidem
937 2718 1021 2744 lentus
1037 2717 1065 2743 in
1079 2716 1207 2748 dicendo,
1228 2722 1253 2742 et
1268 2724 1350 2751 paene
1414 2716 1496 2744 Ouid.
1510 2716 1596 2743 Trist.
1610 2725 1638 2750 4,
1652 2724 1692 2749 10,
1704 2723 1731 2748 33
1765 2716 1890 2750 Cepimus
1915 2722 1941 2742 et
1968 2721 2073 2743 tenerae
2097 2716 2198 2751 primos
2221 2715 2403 2755 aetatis'Hgg
2416 2728 2418 2736 ι

300 2759 432 2795 frigidus,
451 2758 494 2786 sed
507 2765 532 2784 et
545 2756 670 2788 callidus,
688 2762 713 2782 et
728 2756 756 2782 in
769 2754 896 2790 capiendo
908 2753 1070 2781 Adnersario
1094 2753 1223 2779 versutus.
1296 2753 1347 2778 Co·
1413 2752 1488 2789 Conf.
1496 2752 1566 2787 Nep.
1575 2760 1613 2786 ες,
1620 2759 1679 2786 7,2.
1728 2752 1874 2786 Imaginem
1881 2751 2037 2784 vltimifati,
2044 2753 2149 2787 penitus
2157 2760 2259 2787 capere,
2266 2753 2328 2786 ἰ.φα
2377 2763 2386 2775 ε
2400 2754 2408 2771 ὅ

302 2796 392 2823 lumel.
407 2804 436 2829 4,
450 2803 481 2829 41
499 2795 590 2820 Donec
603 2792 696 2819 vineae
710 2791 772 2818 iusti
783 2791 832 2818 sint
844 2789 952 2817 roboris
961 2809 969 2822 ,
990 2788 1074 2824 quiim
1086 2789 1189 2824 aliquot
1203 2787 1298 2814 deinde
1306 2796 1349 2815 an·
1413 2787 1655 2824 repraesentarefihi
1666 2793 1774 2814 extrema
1787 2792 1876 2814 mortis
1884 2789 1999 2823 pericula
2017 2788 2128 2822 Quin&
2142 2791 2169 2820 6,
2185 2797 2211 2821 2,
2223 2796 2260 2820 33.
2311 2786 2349 2819 Su

301 2827 342 2860 nis
357 2831 428 2867 quasi
443 2829 591 2857 iuuenilem
605 2829 725 2854 Aetatem
739 2827 871 2861 ceperint,
891 2831 957 2861 quot
971 2825 1092 2859 palmites
1106 2824 1224 2859 relinqui
1237 2823 1349 2850 debeant
1413 2833 1447 2858 42
1465 2825 1596 2858 Impetum
1607 2825 1632 2851 se
1647 2822 1738 2857 cepisse
1753 2823 1862 2856 scribit,
1881 2823 2100 2851 frumentationes
2119 2823 2237 2858 publicas
2258 2823 2286 2849 in
2301 2825 2318 2858 'p

301 2870 434 2896 incertum
448 2866 493 2893 est.
566 2864 627 2891 Liu.
641 2872 664 2897 3,
678 2870 706 2898 71
725 2864 813 2896 Qiem
827 2863 926 2897 Agrum
939 2861 1014 2887 miles
1030 2869 1078 2896 pro
1092 2860 1171 2887 virili
1183 2865 1257 2894 parte
1269 2868 1349 2886 manu
1368 2869 1400 2898 75
1415 2860 1549 2887 abolendi.
1628 2858 1808 2894 Expeditionis
1817 2859 1988 2887 Germanicae
2001 2859 2134 2894 Impetum
2148 2859 2218 2894 cepit
2237 2857 2311 2891 Ideni
2322 2857 2344 2885 C

302 2904 414 2939 cepisset.
486 2901 651 2928 Alimentum
671 2907 763 2933 capere
782 2898 903 2924 humoris
921 2897 1020 2923 dicitur
1039 2896 1115 2923 radix
1139 2895 1273 2922 Columel.
1289 2904 1312 2927 2,
1325 2904 1350 2923 2.
1416 2896 1472 2923 Cic.
1486 2897 1563 2923 Verr.
1575 2904 1600 2929 3,
1635 2914 1642 2922 .
1680 2915 1687 2922 .
1766 2895 1871 2922 Etenim
1883 2904 1937 2922 non
1956 2895 2037 2921 modo
2049 2895 2218 2922 Incominodi
2236 2893 2306 2922 nihil

302 2941 358 2968 Cic.
373 2939 404 2966 de
419 2938 477 2966 Fin.
492 2946 516 2969 2,
553 2956 560 2963 .
597 2956 603 2962 .
642 2933 696 2969 Qit
716 2942 804 2960 autem
817 2934 865 2960 etse
880 2933 994 2967 poteris,
1014 2932 1063 2958 nisi
1078 2938 1104 2958 te
1116 2932 1200 2958 Amor
1212 2931 1266 2965 ipse
1280 2939 1351 2966 cepe·
1415 2932 1460 2959 sed
1473 2932 1568 2965 etiam,
1587 2937 1633 2958 etc.
1703 2930 1836 2957 Columel.
1857 2940 1887 2962 2,
1903 2940 1932 2958 10
1954 2931 2029 2957 Prius
2045 2939 2125 2966 quam
2137 2931 2200 2958 luna
2212 2932 2331 2958 Incrern
2349 2959 2357 2966 .

303 2977 340 3004 rit
355 2977 364 3002 3
436 2975 493 3002 Cic.
507 2973 539 3000 de
546 2971 653 2999 Amicii.
663 2980 692 2998 10
713 2971 804 3005 Angor
817 2969 874 3000 iste,
888 2969 936 3002 qui
951 2977 999 3002 pro
1013 2968 1099 2994 amico
1118 2968 1192 3002 saepe
1212 2968 1353 3001 capiendus
1416 2968 1479 3003 piat.
1550 2968 1620 2994 Ter.
1634 2965 1715 2993 Andr.
1729 2975 1763 3000 4,
1780 2975 1802 2999 2,
1823 2974 1851 2993 12
1877 2967 1925 2993 Per
1939 2975 2029 2993 omnes
2043 2966 2094 2993 tibi
2109 2966 2205 2993 adjuro
2222 2966 2301 3001 dem,
2321 2971 2338 2998 n
2356 2969 2365 2983 ἡ
2388 2985 2389 2988 Ἴ
2413 2967 2416 2996 ⁴3

302 3012 348 3039 est.
420 3011 478 3037 Cic:
492 3009 606 3043 Philipp.
622 3016 644 3040 3,
658 3015 688 3040 29
708 3004 861 3041 Aliquando
874 3012 920 3039 per
931 3003 994 3031 deos
1009 3003 1174 3030 immortales
1188 3004 1213 3029 P.
1225 3006 1255 3030 C.
1269 3003 1350 3037 patri-
1415 3012 1475 3030 eam
1492 3012 1536 3029 me
1554 3003 1718 3030 deserturum
1732 3012 1738 3028 :
1772 3010 1843 3034 non,
1863 3001 1881 3029 si
1902 3001 2047 3037 capiundos
2071 3002 2140 3029 mihi
2162 3003 2242 3031 sciam
2264 3003 2322 3038 essev
2345 3004 2354 3031 ,ἲ

303 3057 349 3074 uin
357 3046 483 3073 Animum
496 3045 678 3079 virtutemque
690 3049 830 3077 capiamus.
903 3039 1012 3066 Animos
1027 3038 1352 3072 311ε111115,1;ι·ά.11111111κέ.
1367 3044 1399 3071 80
1415 3048 1508 3066 omnes
1522 3039 1651 3065 homines.
1721 3037 1790 3065 Ter.
1803 3037 1909 3064 Phorm.
1924 3046 1949 3070 2,
1960 3046 1983 3070 3,
1997 3046 2024 3070 23
2049 3038 2120 3065 Ν3111
2135 3039 2164 3065 111
2177 3038 2215 3065 ita
2234 3043 2296 3065 eum
2319 3066 2322 3067 ⁷
2342 3035 2367 3074 ᾖ

303 3084 401 3110 Lucan.
419 3091 439 3115 i,
454 3085 493 3115 185
511 3082 685 3115 Ingentesque
699 3077 798 3104 Animo
810 3081 897 3103 motus
918 3074 1071 3110 bellumque
1089 3075 1210 3101 futurum
1230 3075 1350 3109 Ceperat.
1415 3076 1484 3106 seni,
1502 3083 1638 3110 nunquam
1651 3078 1705 3100 tam
1716 3081 1810 3108 graues
1829 3073 1866 3100 ob
1882 3072 1948 3100 hanc
1966 3074 2125 3101 Inimicitias
2144 3083 2264 3110 caperem
2287 3073 2318 3101 i'n

306 3120 393 3145 Annus
407 3118 474 3144 alter
485 3116 517 3143 ab
531 3115 672 3142 vndecimo
686 3119 789 3149 ceperat
801 3121 844 3139 me
868 3111 942 3145 Virg.
957 3110 1008 3137 Ecl.
1023 3115 1048 3141 8,
1058 3118 1098 3142 39.
1169 3111 1239 3137 Ter.
1254 3111 1350 3137 Heaut.
1413 3111 1554 3138 familiam.
1626 3109 1698 3137 Caes.
1713 3109 1777 3136 Bell.
1792 3108 1860 3136 Gall.
1877 3117 1897 3142 i,
1912 3118 1921 3136 1
1941 3109 2051 3136 Initium
2068 3111 2139 3145 capit
2158 3119 2172 3137 a
2189 3110 2301 3137 flumine
2326 3112 2359 3131 “·’

306 3162 328 3185 a,
345 3163 365 3186 1,
378 3162 414 3188 94
434 3153 526 3181 Vicini
539 3151 623 3179 nostri
636 3151 680 3178 hic
693 3148 832 3184 ambigunt
846 3147 877 3174 de
891 3145 988 3174 sinibus
1001 3157 1006 3172 :
1042 3154 1085 3172 me
1099 3153 1188 3180 cepere
1203 3145 1349 3174 Arbitrum.
1413 3147 1481 3174 Add.
1495 3145 1628 3181 Qiinffll.
1642 3154 1679 3176 10,
1693 3153 1711 3177 1,
1724 3147 1769 3178 46.
1838 3145 1949 3172 Initium
1963 3154 2056 3180 capere
2070 3155 2101 3172 ex
2115 3151 2171 3173 arte
2184 3146 2283 3179 solent,
2300 3143 2359 3180 'qui‘

307 3189 362 3215 Cic.
376 3191 452 3216 Verr.
467 3196 490 3221 ς,
525 3209 531 3216 .
569 3208 577 3215 .
615 3207 621 3214 .
658 3187 740 3213 Α11113
760 3185 886 3220 capiunt,
906 3188 993 3210 totuin
1016 3181 1106 3208 soi-uni
1133 3187 1211 3216 atque
1230 3182 1350 3214 insulam,
1413 3183 1561 3210 omiserunt
1580 3180 1713 3216 Quinctil.
1727 3188 1788 3214 2,,11
1818 3190 1840 3207 r.
1913 3182 1984 3208 Caes.
1999 3181 2063 3208 Bell.
2078 3181 2148 3209 Gall.
2161 3184 2231 3216 4,26
2246 3182 2290 3209 Ne
2309 3186 2351 3210 ue,

305 3233 374 3259 quae
386 3224 422 3250 est
435 3224 508 3251 vrbis
521 3223 608 3250 maior
620 3231 694 3258 pars,
714 3221 857 3255 complent.
927 3218 999 3251 Caes.
1015 3216 1080 3244 Bell.
1093 3216 1160 3243 Gall.
1176 3224 1202 3252 7,
1215 3226 1234 3250 4
1256 3219 1350 3245 llorta-
1367 3227 1396 3257 85
1414 3218 1540 3253 prosequi
1553 3223 1712 3253 potuerunt,
1730 3224 1785 3251 quo
1815 3216 1917 3252 equites
1931 3218 2037 3244 cursum
2050 3223 2140 3244 tenere
2153 3223 2232 3253 atque
2244 3217 2303 3244 Insu
2316 3214 2318 3217 ’
2337 3227 2358 3240 ·‹

307 3265 366 3292 tur,
387 3266 415 3286 vt
429 3259 577 3286 communis
591 3257 720 3286 libertatis
734 3257 809 3283 causa
816 3256 896 3282 Arma
904 3253 1014 3289 capiant.
1032 3253 1057 3280 h.
1067 3262 1086 3279 c.
1096 3253 1187 3279 Bellum
1201 3253 1350 3289 suscipiant.
1412 3263 1468 3281 non
1481 3259 1633 3289 potuerunt.
1703 3254 1741 3279 De
1754 3252 1933 3279 Britannorum
1938 3253 2009 3289 fuga
2021 3254 2255 3289 quuitur,·capere
2269 3252 2348 3289 igitur¹

306 3294 375 3324 Add.
391 3294 427 3320 ib.
442 3303 465 3327 ς,
479 3297 520 3321 26.
540 3326 542 3328 v
594 3295 674 3322 Arma
686 3299 778 3320 contra
792 3291 903 3328 patriam
921 3289 977 3317 Cic.
991 3288 1023 3316 ad
1039 3289 1111 3315 Brut.
1124 3296 1146 3320 3.
1199 3289 1350 3324 Augurium
1413 3293 1466 3327 qui.
1538 3288 1706 3317 IntelletSIum
1719 3287 1916 3322 disciplinarum
1935 3288 2045 3322 Qun&
2062 3297 2080 3320 1,
2095 3298 2116 3322 1,
2130 3296 2164 3322 ις.
2234 3289 2276 3324 Sic
2294 3286 2357 3323 cai

306 3330 361 3359 vid.
378 3336 569 3357 AVGVRWM.
640 3330 696 3358 Cic.
710 3329 738 3356 in
751 3329 826 3357 Orat.
841 3334 888 3362 170
907 3325 999 3354 Nimis
1012 3324 1084 3351 enim
1098 3323 1251 3351 insidiarum
1266 3325 1297 3352 ad
1312 3335 1351 3353 ca·
1413 3326 1593 3360 excipiuntur.
1613 3325 1645 3352 D.
1657 3323 1689 3352 ad
1703 3323 1832 3351 Senatusc.
1853 3324 1947 3356 Syllan.
1970 3324 2025 3358 Qui
2038 3333 2103 3352 vero
2114 3323 2246 3357 ministri,
2262 3323 2305 3351 vel
2318 3332 2334 3359 p
2348 3335 2358 3352 r:

308 3365 414 3402 piendas
424 3366 505 3392 Aures
518 3364 639 3392 adhiberi
657 3364 774 3392 videtur.
846 3363 905 3389 Hoc
916 3361 984 3396 capit
999 3361 1082 3387 Aures
1121 3359 1228 3386 Phaedr.
1243 3369 1273 3393 2,
1290 3370 1311 3394 i,
1325 3363 1351 3388 6.
1415 3362 1501 3389 caedis
1515 3361 1636 3394 fuissent,
1654 3359 1748 3387 eteius
1763 3360 1854 3386 aetatis
1867 3366 1895 3386 vt
1909 3361 1949 3388 rei
1968 3360 2135 3391 Intelletfflim
2155 3368 2251 3395 capere
2267 3359 2325 3395 poss
2340 3372 2359 3384 ιι·

307 3401 367 3430 Sall.
406 3421 413 3427 .
450 3420 456 3427 .
494 3420 500 3426 .
537 3401 633 3427 Rursus
641 3407 728 3428 tamen
736 3397 911 3432 Bellumeepi.
947 3398 1049 3424 Bonum
1058 3394 1227 3430 caperecibo,
1235 3397 1352 3429 potione,
1364 3409 1400 3435 90
1416 3406 1471 3424 non
1492 3398 1575 3432 magis
1596 3397 1626 3424 iti
1643 3395 1720 3430 caede
1734 3395 1854 3427 domini,
1871 3405 1951 3430 quarn
1964 3396 1994 3422 in
2005 3396 2077 3422 nulla
2090 3395 2142 3424 alia
2155 3397 2230 3422 causa
2241 3395 2313 3430 parci
2328 3395 2355 3426 ’,ᾗ

308 3437 414 3465 aurium
423 3435 607 3468 delectatione,
615 3437 785 3468 laudatur-non
792 3432 858 3462 νεὲἶε
865 3434 920 3462 Cic.
929 3432 961 3460 de
969 3432 1026 3460 Fin.
1034 3440 1060 3464 2,
1068 3434 1112 3465 64.
1147 3430 1185 3457 Id.
1193 3431 1224 3457 de
1233 3433 1323 3459 Diuin.
1333 3442 1353 3466 i,
1415 3433 1502 3466 Liu.3,
1510 3442 1541 3459 20
1550 3433 1593 3460 Ne
1600 3440 1681 3468 quani
1688 3430 1749 3458 inde
1756 3437 1800 3458 aut
1809 3431 1925 3458 militum
1933 3432 2003 3458 Iram
2009 3439 2041 3458 ex
2049 3431 2214 3467 malignitate
2221 3431 2330 3466 praedae
2342 3444 2355 3463 ν,

309 3482 342 3506 29
357 3483 378 3500 c.
395 3474 423 3499 16
463 3471 507 3498 Ob
530 3479 587 3497 eam
608 3473 708 3498 causam
731 3472 808 3499 Rom.
827 3479 888 3506 pop.
901 3468 1086 3496 Calamitatem
1100 3467 1242 3493 maximam
1255 3469 1354 3503 cepisse.
1415 3475 1460 3496 aut
1476 3468 1610 3496 Inuidiam
1621 3466 1690 3503 apud
1707 3472 1791 3502 patres
1805 3476 1836 3493 cx
1851 3467 2118 3502 prodigalargitione
2130 3473 2250 3501 caperet,
2268 3467 2356 3497 liter·

310 3509 379 3536 Ter·
394 3507 475 3534 Andr·
491 3515 511 3539 1,
525 3515 548 3538 3,
563 3511 576 3536 8
593 3506 619 3533 Si
633 3507 756 3540 senserit,
776 3506 855 3542 perii·
890 3510 936 3532 2¹¹1
957 3503 974 3530 fi
993 3503 1102 3530 libitum
1123 3502 1221 3533 fuerit,
1242 3504 1352 3531 Causam
1416 3511 1508 3532 natum
1525 3504 1605 3531 misit.
1675 3502 1736 3529 Liu.
1751 3511 1783 3535 3,
1805 3510 1834 3538 71
1858 3503 1952 3530 Multis
1973 3502 2090 3530 itiuicem
2113 3502 2232 3529 cladibus
2252 3502 2304 3530 feffi
2344 3506 2361 3528 8⁴.
2407 3498 2412 3515 ³

310 3544 430 3579 repetita
463 3551 518 3577 quo
532 3542 605 3572 iurc,
627 3551 730 3577 quaque
748 3542 848 3569 iniuria
866 3540 1036 3576 praecipitem
1055 3547 1098 3565 ine
1118 3538 1146 3564 in
1160 3538 1298 3573 pistrinum
1311 3540 1354 3567 da·
1416 3540 1478 3576 Pop.
1501 3541 1652 3567 Romanum
1671 3546 1772 3573 cepere.
1843 3538 1926 3565 Plaut.
1946 3539 2028 3565 Mete.
2043 3548 2077 3573 4,
2090 3547 2117 3571 3,
2131 3547 2163 3571 34
2179 3538 2218 3565 De
2232 3537 2308 3572 istaes„
2350 3542 2359 3557 ι’

311 3580 360 3606 bit.
432 3578 501 3605 Ter.
516 3578 581 3604 Eun.
596 3585 622 3609 2,
635 3586 658 3610 3,
671 3586 708 3612 74
727 3578 825 3605 Cibum
839 3585 947 3604 nonnun
967 3584 1029 3602 uam
1042 3574 1127 3609 capiet
1142 3583 1201 3600 cum
1215 3582 1253 3600 ca.
1309 3577 1354 3603 Ci-
1367 3585 1400 3612 95
1415 3582 1512 3611 captus.
1585 3575 1641 3602 Cic.
1657 3582 1706 3612 pro
1719 3573 1794 3600 Rosc.
1809 3575 1885 3601 Com.
1910 3575 1974 3602 Non
1993 3574 2048 3601 fuit
2060 3575 2142 3606 causa,
2158 3579 2256 3601 curtari

311 3615 375 3642 bum
389 3623 480 3650 capere
494 3613 585 3647 digitis
598 3613 691 3639 alicnis
702 3612 811 3646 dicitur,
830 3617 872 3649 qui
887 3614 955 3639 mani
970 3621 999 3638 us
1011 3608 1045 3644 est
1058 3613 1179 3645 impotens
1198 3611 1287 3636 quen.
1302 3612 1352 3638 Sat.
1415 3620 1520 3647 caperes
1529 3631 1538 3644 ,
1558 3610 1627 3638 etad
1639 3619 1681 3637 me
1694 3609 1807 3636 venires.
1877 3610 2048 3637 Plaut.Trin.
2055 3617 2083 3642 4,
2097 3617 2125 3642 4,
2134 3617 2168 3636 20
2189 3609 2295 3645 Qianiq

314 3659 351 3682 io,
366 3660 424 3684 229.
497 3649 566 3676 Ter.
580 3649 644 3675 Eun.
658 3656 681 3681 ς,
695 3650 721 3680 6,
736 3657 745 3674 ι
763 3649 800 3674 Ex
812 3657 872 3675 mco
886 3648 1038 3683 propinquo
1048 3654 1111 3673 rure
1122 3644 1172 3672 hoc
1185 3646 1260 3680 capio
1273 3648 1353 3674 Com·
1415 3656 1457 3675 res
1476 3648 1574 3674 multos
1594 3645 1631 3674 ob
1649 3654 1707 3673 rem
1726 3654 1787 3671 cuni
1807 3654 1857 3680 ego
1882 3646 1974 3681 cepisse
1997 3644 2096 3671 censeo.
2168 3645 2236 3672 Ter.
2251 3645 2291 3672 An
2316 3661 2345 3680 2„

313 3686 396 3712 modi.
466 3683 657 3712 Conditionem
681 3683 763 3709 Plaut.
777 3684 856 3710 Stich.
875 3693 894 3716 i,
909 3692 934 3717 2,
949 3688 984 3714 81.
1056 3681 1128 3708 Caes.
1141 3680 1206 3708 Bell.
1219 3681 1286 3708 Gall.
1295 3688 1353 3715 i‚28
1417 3683 1539 3710 Tantum
1550 3681 1682 3710 Laborem
1696 3690 1787 3716 capere
1798 3681 1836 3708 ob
1849 3682 1930 3708 talem
1943 3679 2028 3707 filium
2044 3681 2052 3706 3
2124 3679 2257 3708 Laborem
2269 3679 2345 3712 inari

312 3720 414 3754 Eosqiie
434 3720 522 3755 postea
542 3720 571 3747 in
589 3728 679 3755 parem
698 3718 781 3750 iuris,
798 3718 982 3754 libertatisque
993 3716 1182 3745 Conditioneni
1204 3722 1282 3751 atque
1306 3718 1354 3753 ipsi
1415 3719 1480 3746 Hec.
1493 3727 1516 3752 3,
1529 3727 1555 3751 2,
1570 3726 1596 3751 9.
1666 3717 1798 3744 Laborem
1811 3716 1902 3743 animo
1922 3715 2004 3743 Plaut.
2017 3714 2100 3741 Trin.
2112 3723 2133 3748 1,
2148 3724 2174 3748 2,
2188 3723 2226 3749 ὃς.
2285 3713 2351 3756 52³⁶?

313 3762 385 3782 erant
394 3776 401 3788 ,
421 3762 554 3791 ceperunt.
626 3755 682 3782 Cic.
699 3753 731 3781 dc
745 3754 837 3780 Diuin.
855 3763 873 3786 i,
885 3762 927 3786 ¹3⁰
944 3756 979 3781 Vt
993 3754 1066 3780 enim
1078 3754 1145 3781 Ceos
1158 3752 1304 3786 accepimus
1311 3762 1351 3781 or·
1360 3761 1447 3788 10017
1468 3755 1508 3781 Ad
1523 3755 1650 3781 sumniam
1663 3753 1804 3780 Laetitiam
1816 3760 1919 3787 meam,
1958 3758 2018 3776 iiam
2033 3759 2064 3777 ex
2078 3757 2125 3777 tuo
2137 3751 2225 3778 reditu
2237 3757 2326 3786 capio,

311 3799 368 3818 tuni
381 3791 512 3818 caniculae
526 3791 667 3826 diligenter
678 3789 819 3824 quotannis
831 3789 915 3815 solere
922 3790 1042 3823 seruare,
1062 3787 1302 3823 Coniecturamque
1315 3798 1355 3816 ca·
1415 3789 1488 3818 illius
1500 3790 1616 3816 aduentu
1629 3789 1750 3815 cumulus
1762 3786 1868 3815 accedit.
1961 3785 1994 3812 ic.
2011 3785 2064 3812 Att.
2080 3795 2110 3820 14
2119 3807 2125 3817 ‚
2140 3789 2169 3814 16
2193 3787 2295 3814 Praeter

313 3835 374 3861 perc
384 3847 392 3859 ,
411 3832 439 3852 vt
453 3826 543 3853 scribit
556 3827 678 3853 Ponticus
690 3824 861 3857 Heraclides,
881 3824 1025 3852 salubrisne
1037 3833 1071 3852 an
1083 3823 1204 3860 pestilens
1217 3831 1299 3850 annus
1312 3825 1354 3851 fu·
1416 3835 1496 3861 quani
1509 3825 1594 3852 oculis
1607 3825 1665 3859 cepi
1677 3833 1709 3851 ex
1721 3821 1792 3850 Iusto
1804 3819 1912 3848 interitu
1927 3821 2040 3853 tyranni.
2111 3823 2180 3850 Ter.
2195 3822 2260 3851 Eun,
2274 3828 2298 3854 ς,

311 3869 386 3888 turus
399 3861 436 3887 sit.
508 3862 670 3889 Conicftura
683 3860 785 3896 capitur
793 3868 825 3886 ex
833 3865 911 3892 eo,vt
924 3860 1076 3888 inueniatur
1094 3859 1238 3892 Plin.33,4.
1289 3860 1354 3887 Var-
1416 3867 1470 3888 tani
1486 3867 1511 3888 et
1524 3869 1604 3897 quani
1617 3868 1707 3887 veram
1721 3857 1838 3885 Laudem
1852 3856 1937 3891 capiet
1951 3857 2088 3884 Parmeno.
2159 3858 2216 3885 Cic.
2230 3856 2282 3884 Off.

312 3907 343 3924 ro
355 3897 386 3924 de
400 3898 430 3923 R.
440 3897 470 3923 R.
484 3900 542 3929 3,16
560 3896 765 3924 Eximendorum
778 3896 908 3922 fanorum
917 3895 1016 3929 signum
1029 3897 1136 3923 sumunt
1145 3903 1177 3922 ex
1188 3893 1258 3930 ipsis,
1269 3903 1352 3930 quum
1415 3897 1462 3923 stri
1475 3903 1564 3924 autem
1577 3895 1744 3930 magistratus
1755 3893 1980 3926 imperatoresque
1995 3901 2026 3918 ex
2041 3892 2088 3919 hac
2101 3900 2152 3925 viia
2163 3901 2193 3920 re
2202 3892 2300 3920 maxim

310 3934 398 3968 plenas
410 3932 484 3959 aluos
497 3932 609 3965 habent,
627 3938 653 3960 et
668 3941 751 3969 quum
764 3931 824 3958 illos
836 3931 1044 3965 gerininauerint
1058 3942 1065 3959 :
1100 3939 1132 3958 ex
1144 3929 1237 3966 apibus
1254 3930 1351 3957 Conie-
1363 3940 1407 3966 ιος
1415 3940 1507 3966 capere
1520 3930 1665 3966 studebant.
1733 3928 1860 3962 Legatum
1872 3935 1965 3962 <³1³²oe
1982 3928 2074 3955 quen·
2087 3929 2137 3956 Sat.
2150 3928 2230 3962 9‚88'··
2251 3947 2256 3950 -
