2474 4182
2 707 3 711 ,
49 679 107 705 cula
121 688 179 705 cum
195 679 274 705 culeis
286 675 391 707 onusta,
409 676 490 702 doucc
505 676 719 706 exinanirentur,
739 675 865 702 sustinere
881 675 981 701 solitus.

2 840 4 854 ,1
48 820 249 856 parricidarum,
271 828 316 852 per
329 819 458 844 summum
472 819 580 845 dedecus
595 818 677 844 vitam
689 818 811 844 amittere
826 819 834 844 Ζ

3 1325 4 1346 1
46 1318 89 1344 liis
105 1317 154 1344 hoc
167 1317 249 1344 modo
262 1319 482 1360 vcnirepportet.

3 1359 4 1378 1
46 1360 70 1380 et
85 1353 198 1388 lingulae
210 1362 290 1380 vrnae
303 1354 444 1380 dabuntur.

422 95 456 135 (ἶ
550 95 587 134 Χῖ
674 93 709 134 1.

90 193 107 213 c
120 192 141 212 v
151 192 167 212 1,
176 192 239 213 σιτ
248 182 268 210 „2
279 190 322 210 LA
332 203 340 216 ‚
359 185 400 211 vel
412 191 429 211 c
439 191 458 209 v
469 190 507 211 Le
517 192 526 210 1
535 191 556 210 'r
565 190 605 210 EL
615 189 674 211 LA,
685 189 722 207 ae.
744 179 763 205 f.
783 176 882 206 Dimin.
921 181 1087 221 Plaut.Most.

53 233 81 256 4,
95 231 121 254 2,
135 230 164 255 14
185 222 207 247 ls
222 228 263 245 mc
275 220 344 246 suam
358 219 465 254 quidem
480 220 522 254 pol
536 228 553 245 ο
574 223 608 244 131
621 215 779 242 culcitulam.
852 216 992 248 Culcimla,
1005 217 1086 243 Fasu-

53 258 126 284 culus
138 255 244 291 quidam
257 255 358 290 ligneus
371 256 399 281 in
412 255 488 281 sacris
502 255 557 281 dice
577 259 642 279 atur.
657 286 662 290 .
679 250 774 290 Festus.
923 287 928 291 ⁸
989 287 994 292 θ

91 297 187 318 CVLC
199 297 205 316 ι
217 297 268 317 ΤΑ
279 297 384 323 111νς,
403 291 420 316 i.
454 299 489 316 111,
525 288 578 321 Qui
597 286 702 312 culcitas
722 286 786 312 facit
803 292 829 313 et
850 287 941 313 vendit
962 285 1085 313 Diomed.

55 338 62 355 1
76 337 99 362 p-
112 334 159 358 313·
616 356 620 360 ,
1113 327 1127 353 5

87 367 103 387 C
116 367 134 386 ν
148 366 163 385 1,
174 367 259 394 EST,
295 362 374 395 [ποῖος
388 360 441 393 ἐπ’]
476 366 523 394 pro
542 355 635 389 Qialis
656 356 691 382 est
705 376 713 389 ‚
735 357 840 383 Neutro
860 366 955 391 genere
973 357 1085 391 positum

52 405 99 432 pro
113 396 256 422 Masculino
270 407 275 422 .·
311 396 414 422 Plautus
428 392 518 427 Amph.
531 395 570 431 (1,
585 400 608 423 3,
622 396 670 423 39)
695 392 798 419 Ecastor
812 393 973 427 condignum
986 392 1085 418 donum

50 431 144 462 culcst‚
164 433 210 466 qui
224 432 322 458 donum
336 431 416 457 dedit.
486 428 591 453 Nomus
606 436 627 459 3,
641 430 680 459 56-
754 428 801 455 Sed
811 428 894 454 editur
907 428 993 459 hodie,
1011 436 1084 453 etiam

50 471 76 494 iu
106 468 206 494 'lauhun
229 474 251 494 et
273 468 378 493 Gronou.
404 463 526 497 Qffli‘st,
547 465 564 488 i.
585 465 666 498 qualis
684 461 717 495 est
731 473 738 487 :
768 470 818 497 pro
835 473 880 498 quo
898 466 1009 489 reuocari
1022 461 1087 489 :aad

52 502 148 529 Cul'est
170 504 222 529 uult
240 501 375 535 Memfim,
393 502 434 535 qui
449 496 569 530 osientlit,
589 499 702 524 Plautum
721 499 786 524 alias
796 507 887 532 quoque
903 501 1025 524 Neutrum
1038 505 1084 532 po-

44 537 120 575 smffi’
127 545 175 573 pro
187 539 236 564 alio
248 546 342 574 genere.
377 533 423 562 Sed
433 533 527 564 adhuc,
548 541 577 560 vt
589 533 706 564 dtxinms,
716 533 755 559 illi
768 541 816 559 non
829 539 986 567 temperatum
1005 531 1056 570 est.-

89 580 106 599 c
120 581 139 599 ν
150 579 165 599 ι,
177 571 193 599 ιῖ
204 580 222 599 ν
235 580 264 606 S,
281 574 320 599 vc!
338 577 355 597 c
367 575 385 595 v
396 575 412 594 L
422 575 438 594 L
448 576 463 595 Ε
473 577 490 595 ν
501 578 513 596 s
522 590 529 601 ,
550 570 567 596 i.
587 579 621 595 m.
658 568 757 601 [κσλεὸε
771 570 812 595 vel
821 567 923 602 κελεός]
965 568 1084 606 Vter—[fue

43 609 149 645 facem,
170 618 198 634 rx
209 612 274 637 cop-(0
302 604 378 634 αὕη-1.
415 604 516 637 Ἀσκᾰς,
533 605 621 636 βόειος,
634 604 705 630 doubs
719 602 811 639 ταύρω
826 605 885 630 Vet.
901 603 979 629 (iloss'.
1017 603 1083 642 Pan.

49 653 75 678 7,
90 653 121 670 20
141 644 230 670 Iunius
244 608 335 670 Vafens
348 640 446 666 meruit
460 641 487 666 in
500 641 635 667 Praetorio
647 639 704 666 diui
723 639 833 674 Augusti
855 639 992 671 centurio,
1010 637 1084 700 vghi-

1051 682 1083 699 ic.

49 724 98 749 pro
113 715 186 740 Rosc.
202 716 257 740 Am.
269 719 304 745 70
317 721 337 738 c.
352 719 381 744 25
416 713 531 738 Maiores
556 711 638 738 nostri
675 726 720 730 —
755 711 898 745 parricidas
934 725 978 730 -—
1016 709 1085 736 insui

49 750 191 777 voluerunt
205 750 231 776 in
242 747 355 773 culleum
372 747 463 778 vinos,
482 754 560 782 atque
575 747 610 774 ita
624 747 651 772 in
665 748 761 773 flumen
773 746 863 773 abiici.
938 747 968 772 Et
980 754 1011 785 30
1024 754 1046 785 c.
1064 752 1085 771 11

51 787 147 812 Vtrum
162 784 233 812 malit
247 783 362 808 ceruices
379 784 475 810 Roscio
499 784 575 814 dare,
588 791 621 808 an
637 783 737 809 insutus
756 783 783 809 in
802 782 906 808 culeum
926 782 1085 816 supplicium

903 819 995 844 quen.
1010 822 1032 849 8,
1043 824 1086 849 214

48 857 76 883 ιίε
95 859 201 886 Nerone,
222 855 303 880 Cuius
318 854 446 888 supplicio
460 863 513 881 non
527 854 617 881 debuit
629 862 678 880 vna
692 854 779 888 parari
798 853 895 885 Simia,
913 862 960 879 nec
980 853 1084 887 serpens
1095 859 1130 880 20

52 111 135 148 ¹305

1104 509 1133 529 10

1105 684 1130 711 ¹5

0 893 4 907 '¹
48 901 128 923 vnus,
147 899 191 916 nec
206 890 294 916 culeus
309 899 384 916 vnuS.
420 890 544 916 Produxit
575 899 631 925 crgo
656 892 783 924 primam,
804 891 861 924 quia
889 890 979 915 Graeci
1009 891 1084 914 etiam

47 926 142 958 κελεᾰς,
164 933 213 961 pro
234 925 330 957 κσλεᾰς,
352 926 391 952 ue!
408 929 466 961 quia
486 928 507 951 L
527 926 672 961 duplicauit.
714 925 756 951 Sic
769 924 837 958 Nep.
855 929 888 956 ¹8,
901 929 924 957 8,
938 932 955 959 7
975 923 1084 950 Culleos

46 961 191 995 comparari
206 962 283 991 iubet,
305 969 386 996 nempe
400 964 449 988 iter
456 959 578 997 faffurus
586 968 632 996 per
644 963 711 986 viam
722 969 798 996 aquae
812 964 916 995 inopem.
988 959 1084 1000 Ciczde

44 999 145 1024 Inucnt.
161 1006 185 1029 2,
201 1006 246 1030 ¹49
268 998 336 1023 Dum
349 997 452 1029 culeus,
469 997 497 1023 in
511 1005 589 1031 quem
603 995 738 1022 coniechis
752 996 781 1022 in
800 997 976 1030 profluentem
997 995 1084 1021 deter-

42 1040 130 1063 retur,
150 1038 355 1067 compararetur.

38 1069 132 1104 phoras
149 1072 292 1101 conti-ans,
311 1070 350 1094 vc!
362 1076 439 1095 urnas
450 1067 636 1105 quadragenas,
652 1076 700 1103 qua
712 1068 780 1094 nulla
793 1071 872 1094 ma1'or
884 1067 995 1102 mensura
1006 1068 1083 1102 liquo—

43 1107 89 1130 ris.
126 1104 191 1130 l’lin.
207 1113 244 1137 14,
258 1114 276 1137 4
293 1103 320 1129 dc
335 1107 407 1130 vinea
422 1105 573 1130 Palaemonis
584 1106 744 1139 grammatici
755 1105 869 1139 loquens,
895 1103 980 1136 Digna
992 1110 1083 1136 opera,

44 1148 110 1174 qnae
126 1140 153 1166 in
166 1140 294 1166 Caecubis
308 1140 455 1174 Setinisque
468 1139 536 1174 agris
551 1139 703 1174 proficeret,
722 1139 828 1174 quando
847 1145 873 1165 et
891 1139 979 1173 postea
998 1137 1084 1172 saepe-

43 1174 156 1202 nunicro
170 1176 286 1210 septenos
301 1175 388 1201 culeos
400 1175 498 1210 singula
510 1175 599 1210 iugera
608 1195 616 1207 ,
635 1174 684 1201 hoc
697 1175 733 1201 est
747 1174 886 1210 amphoras
895 1180 1014 1200 centenas
1023 1182 1086 1209 qua-

1534 94 1570 134 (3
1668 95 1704 134 x(
1793 99 1828 138 1.

1187 184 1204 204 C
1217 186 1236 206 ν
1249 186 1263 205 L
1273 186 1282 205 1
1292 188 1326 212 x,
1346 180 1402 207 i'cis.
1440 180 1524 209 Herba
1538 181 1589 215 est,
1607 192 1657 218 qua
1676 182 1739 210 trita
1759 184 1846 211 semen
1860 196 2059 218 cucumerorum
2080 201 2194 220 macera-

1150 219 1207 240 tum
1222 216 1272 241 seri
1286 216 1393 248 iubent,
1415 222 1443 242 vt
1462 217 1514 243 line
1526 219 1623 244 semine
1637 221 1773 245 nascantur
1789 220 1853 245 Ptin.
1869 230 1905 254 19,
1919 232 1939 255 ς,

1188 256 1204 275 (1
1216 256 1234 274 ν
1247 257 1260 275 L
1271 257 1295 276 M
1305 258 1321 277 Ε
1332 257 1353 276 Ν
1363 271 1371 283 ,
1392 252 1450 278 Ι11115.
1477 262 1503 278 11.
1541 252 1656 287 [ὂ’ρσφης,
1670 256 1786 290 ἔρεισμα]
1823 256 1957 291 Cognatum
1985 258 2018 292 est
2044 262 2195 288 vehementer

1150 284 1305 318 Columini,
1324 286 1389 321 quod
1399 288 1440 313 hic
1452 288 1634 322 conflandum.
1707 292 1848 326 Plerumque
1867 298 1964 324 tamen,
1984 299 2077 329 quoties
2093 300 2196 331 propri.-

1149 323 1290 355 accipitur,
1301 321 1422 356 summam
1434 321 1497 348 tec'h·
1504 330 1603 357 partem
1616 331 1687 350 notat
1696 343 1704 357 ‚
1721 326 1787 360 quod
1797 328 1884 352 culmis
1896 330 1990 362 tegitur
2006 340 2011 353 .·
2048 333 2111 365 quia
2125 341 2195 358 vete.

1149 364 1190 381 rcs
1205 355 1323 382 aedificia
1339 356 1370 383 de
1383 357 1476 383 culmis
1485 359 1668 392 contegebant,
1688 361 1713 386 id
1723 362 1758 386 est
1773 361 1852 395 paleis
1867 371 1880 388 e
1895 362 2030 395 meffibus,
2049 368 2196 401 11191111Ξο1·-

1150 391 1209 416 vius
1225 392 1258 416 ad
1271 393 1345 426 Virg.
1361 393 1412 418 Ecl.
1429 402 1448 424 1,
1461 396 1496 425 69
1515 395 1638 428 Pauperis
1653 402 1678 421 et
1693 399 1783 430 tuguri
1798 397 1947 431 congestum
1966 399 2061 433 cespite
2083 402 2196 428 culmen.

1151 426 1241 452 Altum
1270 428 1374 453 culmen
1400 429 1474 462 Virg.
1492 429 1556 454 Aen.
1577 438 1604 460 2,
1616 439 1673 462 410.

1150 461 1268 494 Propert.
1288 471 1318 495 3,
1335 465 1378 495 16,
1392 472 1413 496 3.
1485 464 1563 489 Clara
1584 466 1671 491 Valer.
1694 466 1794 500 Argon.
1816 475 1843 499 ς,
1863 471 1924 501 646.

1151 497 1266 522 Martial.
1283 507 1316 528 12,
1329 505 1369 532 73.
1442 499 1579 525 Nudatinn
1599 500 1686 532 10610,
1708 502 1760 527 vid.
1782 509 1899 529 anvs.

1151 532 1181 557 Et
1195 531 1249 557 iam
1268 533 1367 560 summa
1388 535 1479 568 procul
1501 534 1627 561 villarum
1641 537 1757 563 eulmina
1768 537 1880 564 fumant.
1953 540 2042 566 Teeta
2057 541 2200 568 domorum

1152 567 1268 593 culmina
1287 569 1441 595 conuellunt
1471 570 1545 604 Virg.
1558 571 1623 596 Aen.
1639 580 1664 604 2,
1679 574 1743 605 446.
1816 574 1929 601 Admota
1942 576 2070 603 aethereis
2084 577 2199 603 culmina

1152 601 1273 633 sedibus,
1294 604 1390 630 aedium
1409 605 1528 640 sublimia
1548 604 1661 642 fastigia
1682 607 1739 633 Sen.
1765 608 1877 642 Hippol.
1899 616 1961 640 1128.
2035 613 2114 638 Aedis
2127 612 2201 638 louis

1152 637 1275 668 culmen,
1296 638 1410 665 fulmine
1424 640 1509 667 16111111
1528 640 1588 667 Liu.
1604 650 1648 676 27,
1662 652 1689 676 4.
1763 644 1930 678 Hominum,
1951 655 1980 672 ac
1996 647 2123 680 deorum,
2143 654 2200 674 tem-

1147 674 1193 708 pla
1217 678 1240 698 et
1261 672 1345 698 domus
1363 678 1481 707 priuatae
1512 677 1588 710 Virg.
1609 678 1673 703 Aen.
1687 687 1716 710 4,
1731 680 1786 712 671.
1983 681 2003 718 ff
2024 690 2041 708 2
2078 683 2201 715 eulmen,

1153 710 1285 736 Summitas
1297 709 1402 748 alicuius
1415 713 1461 736 rei.
1488 712 1554 738 Plin.
1567 722 1593 745 9,
1608 721 1634 745 35
1651 713 1815 748 Principium
1829 722 1893 748 ergo
1908 715 2064 752 culmenque
2079 720 2202 745 omnium

1152 753 1242 771 rerum
1263 750 1341 778 pretii
1359 745 1516 777 margaritae
1536 754 1634 774 tenent.
1706 749 1826 775 Honoris
1848 750 1924 784 Apul.
1939 752 2008 779 Flor.
2023 763 2045 785 3.
2117 755 2201 780 Pasto-

1153 781 1207 807 rale
1225 779 1319 806 Claud.
1334 779 1366 805 de
1380 779 1442 805 Bell.
1456 780 1515 806 Get.
1524 790 1573 814 333.
1645 785 1742 819 Regale
1756 785 1860 811 culmen
1870 805 1878 817 ,
1895 788 1973 822 Regia
1985 787 2098 822 maiestas
2109 790 2202 816 Claud.

2107 107 2195 152 1306

1745 432 1802 457 Sen.
1816 433 1935 464 Thyeste
1947 442 2007 468 927.
2079 437 2197 463 Candida

1996 469 2070 497 Fulta
2084 471 2198 498 culmina

1972 505 2049 539 Virg.
2065 505 2116 531 Ecl.
2132 516 2156 538 1,
2171 514 2197 539 83

1153 815 1185 842 de
1200 815 1263 842 sext.
1279 816 1358 841 Cons.
1371 816 1475 841 Honor.
1491 818 1536 850 64.
1580 818 1715 846 Summum
1731 822 1804 847 Ionis
1819 821 1922 847 culmen
1940 823 1985 849 Sil.
2001 834 2022 856 3,
2038 833 2089 856 510.
2134 827 2200 852 Plin.

1155 858 1188 884 15,
1203 859 1227 883 13
1249 853 1308 878 Pars
1323 850 1385 877 haec
1399 851 1469 877 vitae
1483 850 1639 886 iampridem
1651 857 1774 887 peruenit
1793 857 1825 883 ad
1844 855 1957 883 0111111011.
2047 860 2110 887 Ruit
2122 862 2176 887 alto
2189 871 2204 888 a

1152 887 1269 914 culmine
1282 886 1373 913 Troia
1400 887 1474 922 Virg.
1487 888 1552 913 Aen.
1567 895 1591 918 2,
1604 896 1662 921 290.
1676 891 1717 915 vbi
1731 892 1783 918 uid.
1801 893 1872 919 Seru.
1910 897 1940 919 it.
1954 893 1987 919 ad
1999 894 2051 920 Ecl.
2068 905 2085 922 1.
2142 897 2201 923 Liu.

1155 929 1175 954 1,
1193 931 1224 956 34
1245 923 1324 949 Circa
1340 923 1468 949 sunimum
1484 923 1588 962 culmen
1601 922 1720 950 hominis
1733 928 1876 960 auspicium
1891 928 1976 955 feeilsc
1986 949 1993 962 ,
2014 934 2031 955 i.
2041 934 2108 957 cit-ca
2121 941 2203 968 caput.

1151 956 1172 1020 3
1195 967 1207 990 3
1244 958 1371 989 Culmen,
1387 964 1435 998 pro
1453 959 1534 985 culmo
1547 961 1601 992 Jme
1612 958 1718 995 stipula.
1752 962 1835 987 Ouid.
1850 964 1915 989 Fast.
1931 974 1958 997 4,
1973 973 2023 1000 734
2043 967 2141 994 'I‘crtia
2152 978 2203 1001 reS,

1173 1002 1236 1020 urae
1260 992 1364 1020 culmen
1387 1002 1465 1020 inane
1489 994 1575 1020 fabae.
1597 995 1622 1021 h.
1638 1005 1657 1022 e.
1684 996 1763 1022 Fabae
1776 998 1883 1030 culmus,
1902 1001 2040 1036 quisuaptc
2055 1011 2146 1030 vimara
2166 1008 2205 1030 in-

550 1029 571 1069 q
589 1040 601 1058 2
638 1031 750 1063 Culeus,
773 1032 892 1068 Mensura
913 1034 1013 1057 vicenas
1033 1039 1084 1056 am·
1108 1032 1210 1062 2501111
1224 1027 1257 1062 ist
1273 1036 1297 1055 et
1315 1038 1416 1055 vacuus.

1191 1071 1433 1097 cvmvnmvs,
1453 1074 1484 1097 a,
1503 1074 1557 1091 um.
1578 1064 1639 1091 Adi.

1153 1108 1178 1127 εἴ
1214 1107 1251 1133 ¹2⁵
1283 1108 1328 1134 49,
1359 1109 1382 1132 3·

1155 1142 1310 1164 COMINIA·

1191 1178 1208 1199 c
1221 1178 1240 1198 ν
1253 1169 1412 1204 LiuiNo,
1433 1175 1486 1198 are.
1524 1173 1603 1198 Mart.
1633 1171 1741 1206 Capella
1766 1182 1782 1206 9
1820 1184 1845 1208 p.
1866 1183 1913 1207 309
1940 1175 2019 1203 Nunc
2034 1176 2117 1212 igitur
2140 1180 2207 1207 311113

1636 1100 1641 1106 ’
1666 1101 1672 1105 Ι
1683 1066 1726 1099 Vt,
1734 1067 1802 1093 Olea
1813 1065 1941 1095 culminia
1961 1071 2092 1098 Columel.
2104 1082 2125 1105 ς,
2140 1080 2170 1107 8,
2184 1084 2204 1106 3.

1448 1101 1529 1127 Bacca
1562 1101 1690 1128 culminia
1727 1103 1801 1129 Idem
1829 1109 1866 1136 12,
1887 1112 1925 1138 52,
1946 1110 1965 1131 1.
2038 1108 2111 1142 Conj.
2126 1110 2207 1145 supra

45 1211 170 1245 dragcnas
184 1211 260 1237 musti
274 1210 376 1237 dedere.
412 1220 441 1237 ac
460 1220 492 1237 ne
511 1211 568 1246 quis
587 1210 686 1237 vietam
707 1211 736 1237 in
754 1210 804 1237 hoc
817 1209 1003 1245 antiquitatem
1015 1209 1086 1235 arbi·
1106 1222 1138 1247 30
1154 1215 1221 1243 quae
1236 1207 1354 1234 senatum
1366 1207 1469 1234 lumina
1483 1206 1570 1234 Deum
1586 1208 1703 1235 verendo
1718 1209 1868 1236 culminatis
1882 1212 1990 1238 vertice.
2022 1216 2040 1239 i.
2057 1217 2085 1239 in
2104 1216 2208 1241 culmine

45 1253 174 1280 trarctur,
197 1246 266 1273 idem
281 1248 347 1273 cato
360 1246 442 1273 denos
455 1247 543 1274 culeos
556 1247 644 1274 redire
657 1254 688 1272 ex
703 1246 839 1281 iugeribus
854 1245 963 1280 scripfit.
1006 1244 1084 1286 Cous.

45 1283 202 1318 Dalcchamp.
216 1282 250 1309 ad
262 1282 326 1308 Plin.
342 1291 382 1316 14,
396 1290 435 1314 32.
508 1284 562 1310 Nec
576 1282 647 1309 atiud
657 1282 727 1309 docet
739 1283 804 1309 Cato
821 1287 865 1316 ¹48
888 1283 992 1308 Vinum
1004 1288 1032 1307 in
1041 1281 1087 1307 do—

555 1319 620 1345 Vini
629 1319 657 1344 in
671 1318 768 1345 culleos
781 1317 895 1353 singulos
903 1317 1085 1352 quadragenae

516 1354 574 1380 Illac
601 1354 714 1388 singulae
733 1356 796 1380 enim
813 1354 969 1380 adiiciuntur
981 1359 1088 1388 propter

46 1399 82 1422 ea,
96 1399 156 1426 quae
168 1392 234 1415 inter
247 1389 392 1415 metiendum
409 1397 433 1415 ct
446 1390 646 1425 tranrferendum
652 1389 736 1425 facile
749 1395 860 1424 pereunt,
878 1395 908 1415 vt
921 1392 988 1415 ratio
995 1386 1088 1422 confla*
1107 1402 1135 1428 3>

3 1462 5 1466 .
46 1434 72 1452 re
80 1425 155 1460 pqffit
167 1425 356 1451 remeticntibus.
391 1425 514 1452 Cullet'tm
526 1424 740 1465 pro-Culleorum
753 1422 787 1456 est
807 1424 901 1450 Caton.
917 1433 949 1455 11,
963 1433 982 1450 1.

83 1466 257 1491 CVLEVM,
288 1462 557 1493 veICVLLEvm,
578 1468 596 1486 1.
632 1468 657 1485 n.
694 1459 947 1486 ExeatoneVarro
964 1457 1087 1485 deR.R.

3 1502 4 1509 ¹
48 1504 68 1528 1,
83 1504 104 1526 2,
116 1503 133 1530 7
153 1497 183 1522 In
196 1495 295 1530 singula
307 1497 397 1531 iugera
406 1516 414 1528 ,
434 1496 500 1522 dena
513 1496 583 1522 culea
595 1495 653 1521 vini
666 1494 741 1521 fiunt.

84 1537 101 1557 C
112 1537 132 1556 ν
141 1539 157 1558 L
166 1538 182 1557 Ε
191 1538 210 1557 O
219 1539 235 1558 L
244 1539 266 1559 A
274 1551 281 1563 ,
300 1535 387 1558 orum.
414 1539 438 1556 n.
457 1531 492 1564 pl.
528 1530 656 1565 [Τριβοές,
670 1530 808 1566 {rouen-plot,
822 1527 982 1566 διεταμςρῖοι,
994 1529 1087 1563 Glosst]

3 1582 5 1592 1
44 1566 108 1593 Sunt
116 1566 233 1594 Cortices
247 1576 342 1594 nucmn
356 1566 496 1598 viridium,
509 1573 524 1593 a
537 1566 713 1593 similitudine
727 1566 874 1599 culeorum,
887 1566 983 1602 quibus
996 1565 1086 1592 oleum
1095 1579 1133 1605 40

4 1670 5 1704 J
42 1673 110 1706 capit
127 1672 240 1700 culeum.

3 1710 5 1748 J
42 1707 188 1734 infundito.

44 2207 149 2235 Serm.1
176 2216 186 2223 ·
210 2218 217 2235 1
240 2228 246 2235 .

6 2231 7 2268 l
43 2250 140 2270 armata
152 2218 239 2278 'gignit
250 2246 390 2278 animalia,
405 2255 473 2280 quae
491 2246 520 2273 in
533 2256 582 2274 nos
602 2247 753 2274 denfiffimis
772 2246 939 2273 examinibus
952 2244 1082 2273 inuolant.

6 2402 7 2408 .
40 2393 70 2410 ac
87 2393 168 2412 amore
184 2386 287 2421 quodam
305 2396 385 2414 eorum
402 2391 471 2423 capti
488 2388 531 2422 ejffi‘
550 2392 578 2416 vi
594 2396 689 2416 eantur.

6 2461 8 2482 ζ
41 2462 68 2482 10
84 2456 179 2483 dicam.
214 2457 262 2485 Sed
274 2458 346 2485 Grut.
359 2459 517 2486 Canalicula.

41 2741 127 2767 Varro
144 2739 176 2767 de
189 2742 253 2769 Vita
264 2742 354 2778 Popul.
369 2743 445 2770 Rom.
464 2743 511 2771 lib.
525 2753 535 2771 1
554 2751 593 2780 ap.
607 2744 681 2772 Non.
695 2754 715 2778 1,
728 2752 777 2780 273

10 2922 11 2930 ¹
40 2919 117 2946 dulus
131 2920 172 2947 est.
180 2921 250 2949 vitae
265 2922 360 2949 colina.

10 2961 12 2978 t
41 2955 145 2988 culina)
165 2956 196 2983 fis
208 2957 295 2992 foras,
314 2959 441 2994 mastigia.

14 3386 15 3391 ¹
45 3390 156 3417 inopum
179 3383 306 3412 destinata
328 3385 481 3421 funeribus,

7 3459 16 3474 ⁴!
44 3456 164 3482 rationem
176 3455 205 3491 fi·
219 3456 302 3483 uidere
314 3465 406 3494 negat,
419 3468 464 3487 cur
477 3460 609 3489 Gutberius
627 3462 657 3489 de
670 3466 724 3490 iure
737 3467 846 3491 manium
857 3474 887 3498 2,

43 1608 88 1629 aut
100 1602 194 1629 vinum
212 1603 370 1629 continetur.
406 1601 504 1628 Festus.

81 1643 99 1664 c
113 1638 295 1671 VLEKRIS,
315 1646 339 1664 e.
377 1636 437 1663 Adi.
474 1637 630 1672 [κελειαῖος]
672 1637 722 1670 Vt,
740 1637 853 1664 Culearc
865 1636 984 1670 dolium,
1003 1632 1084 1670 Qud

296 1674 363 1699 Cato
380 1682 401 1699 c.
417 1680 453 1698 112
476 1672 529 1700 Vbi
542 1673 658 1700 hauseris
671 1673 703 1700 de
715 1674 799 1706 mari,
820 1672 850 1700 in
863 1674 967 1700 culeare
979 1672 1084 1699 dolium

259 1707 383 1735 Cullcarc
398 1707 503 1735 labrum
522 1708 594 1735 Idem
609 1717 661 1743 154.

77 1749 94 1770 c
103 1750 122 1769 V
133 1743 275 1776 LEx,‘1'cis.
289 1753 324 1770 m.
345 1745 358 1778 [
365 1742 465 1779 κώνωψ]
495 1745 646 1771 Vermiculus
653 1746 743 1776 alatus,
750 1744 830 1780 must-a
839 1746 928 1783 minor,
948 1742 1014 1783 Plin5
1025 1749 1080 1776 11,2
1092 1754 1127 1782 45

43 1778 98 1805 Vbi
120 1785 211 1806 natura
235 1786 275 1806 tot
299 1781 385 1807 sensus
407 1780 547 1807 collocauit
568 1780 596 1807 in
615 1780 721 1807 culice?
757 1795 802 1801 -—-
837 1779 884 1806 vbi
902 1778 988 1805 visum
1004 1787 1033 1805 in
1047 1788 1080 1805 eo

43 1814 190 1850 praetendit
204 1816 213 1842 ἓ
249 1815 297 1842 vbi
309 1815 439 1850 gustatum
452 1816 594 1851 applicauit
608 1817 617 1844 ζ
647 1816 695 1843 vbi
711 1815 850 1843 odoratum
864 1815 976 1841 inseruit
990 1815 999 1840 ².
1032 1814 1081 1842 vbi

43 1859 110 1883 vero
134 1851 308 1878 truculentam
329 1852 403 1878 illam
426 1857 451 1878 et
472 1853 597 1886 portione
616 1852 756 1879 maximam
779 1860 870 1878 vocem
892 1851 1083 1885 ingenerauit?

44 1895 96 1920 qua
109 1885 255 1913 subtilitate
270 1896 366 1922 pennas
378 1888 505 1914 annexuit
518 1889 526 1915 3
556 1887 736 1924 praelonganit
754 1887 850 1922 pedum
864 1893 941 1913 crura
955 1888 965 1913 3
995 1885 1083 1922 dispo-

44 1922 95 1948 suit
107 1922 222 1949 ieiunam
241 1931 363 1956 caueam,
386 1924 426 1950 uti
446 1923 558 1951 31111111ιέ
584 1924 689 1952 auidam
707 1922 854 1958 sanguinis,
875 1928 902 1949 et
920 1922 1083 1957 potiffimum
1100 1934 1132 1961 30

43 1956 170 1991 humani,
189 1957 259 1985 litim
277 1959 394 1986 accendit
409 1960 418 1986 3
444 1959 545 1987 Telum
559 1969 623 1987 vero
634 1958 807 1994 perfodiendo
820 1959 939 1993 tergori,
960 1968 1016 1994 quo
1033 1958 1083 1994 spi-

44 1993 142 2020 culauit
162 1993 293 2028 ingenio?
329 1995 415 2030 Atque
433 2001 463 2022 vt
480 1995 508 2022 in
527 1995 628 2031 capaci,
647 2003 706 2022 cum
724 1994 797 2021 cerni
810 2003 865 2022 non
880 1995 954 2030 poffit
967 1995 1083 2029 exilitas,

43 2029 81 2056 ita
93 2029 230 2064 reciproca
249 2031 395 2065 geminauit
412 2038 484 2065 arte,
504 2038 533 2059 vt
551 2030 678 2059 fodiendo
695 2031 874 2058 acuminatum
893 2031 1010 2066 pariter,
1028 2033 1083 2058 sor-

44 2064 185 2100 bendoque
197 2065 343 2093 fistulosum
356 2068 423 2094 esset.
493 2068 573 2095 Plaut.
585 2068 662 2095 Cure.
676 2074 703 2101 4,
716 2076 737 2099 2,
752 2075 783 2101 14
801 2068 836 2094 Vt
849 2068 962 2100 muscae,
975 2067 1084 2101 culices,

45 2100 192 2136 pedesque,
213 2101 381 2138 pulicesque,
407 2102 522 2131 cimices.
576 2103 706 2131 Columel.
719 2111 752 2136 11,
765 2112 789 2135 3,
802 2105 836 2130 60
858 2103 915 2137 Qui
928 2103 1022 2130 aestate
1035 2104 1084 2130 ista
1103 2111 1133 2138 ςς

44 2136 127 2169 seret,
146 2143 250 2171 caueat,
269 2147 301 2165 ne
314 2145 421 2174 propter
433 2139 556 2166 siccitates
569 2140 644 2167 culex
659 2138 743 2166 adhuc
757 2145 846 2166 tenera
858 2140 926 2166 folia
940 2148 1084 2174 prorepen-

45 2172 82 2203 tja
94 2173 236 2200 consumat.
285 2175 351 2201 Mali
364 2175 458 2201 culices
471 2184 601 2210 ranaeque
614 2175 736 2210 palustres
749 2176 881 2202 Auertunt
895 2176 1001 2201 somnos
1013 2175 1082 2201 Hor.

288 2212 388 2250 ⁴Nempe
401 2209 491 2243 Palus,
508 2217 537 2237 vt
549 2209 583 2244 est
595 2211 728 2239 Columel.
742 2219 763 2245 1,
777 2219 802 2244 5,
815 2214 842 2244 6,
862 2210 964 2237 infestis
982 2210 1081 2237 aculeis

41 2277 144 2304 01111005
158 2279 211 2314 pati
223 2280 352 2308 rotundos
365 2281 516 2308 Hadrianus
535 2282 602 2318 apud
612 2283 742 2317 Spartian.
755 2291 777 2308 c.
791 2284 828 2309 16.

39 2320 93 2340 rate
106 2320 156 2349 pro
168 2317 303 2349 Amatore,
320 2317 384 2352 quod
400 2327 454 2344 cum
458 2317 510 2352 sua
515 2317 673 2354 promuscide
679 2318 864 2355 formosorum,
881 2325 906 2344 et
909 2318 1083 2354 formosarum

39 2355 118 2375 cutem
130 2351 222 2376 cutim
229 2352 401 2385 pertundam,
421 2359 445 2378 et
457 2359 576 2388 tanquam
605 2353 690 2381 uodam
700 2352 803 2389 fiphone
809 2354 957 2389 sanguinem
972 2355 1084 2384 eliciant,

738 2389 934 2416 HaecTurneb.
954 2389 989 2415 ad
1000 2388 1083 2415 Plaut.

43 2420 101 2447 Cas.
115 2428 141 2453 2,
155 2429 178 2454 3,
190 2429 224 2448 22
243 2421 301 2449 Eho
316 2429 344 2450 tu
357 2422 437 2451 nihili
455 2433 517 2451 cana
537 2424 624 2457 culex,
639 2424 687 2451 vix
703 2428 814 2456 teneor,
832 2423 898 2458 quin
911 2433 978 2460 quae
991 2424 1085 2452 decent

1098 2462 1130 2495 65

79 2498 96 2519 c
109 2498 129 2518 v
141 2499 300 2525 menna,
319 2494 350 2519 is.
385 2502 411 2520 n.
452 2494 510 2521 Vid.
533 2500 582 2521 co
593 2500 616 2520 N
627 2498 771 2520 orEvM.

80 2533 98 2554 c
109 2534 152 2554 vi.
160 2535 170 2554 1
178 2533 195 2553 c
203 2533 224 2552 v
231 2534 248 2553 L
256 2534 277 2554 ν
286 2535 300 2556 s
307 2548 315 2559 ,
335 2528 354 2556 i.
379 2538 416 2556 m.
450 2529 554 2556 Dimin.
591 2528 671 2555 Gloff.
680 2529 774 2562 cyrill.
782 2528 930 2563 Culiculus‚
943 2529 1063 2560 κωνώπων.

76 2568 274 2596 ονιῐενΜ,
298 2570 344 2591 cv
355 2570 553 2598 LxchVM,
589 2564 681 2591 Herba.
724 2565 1014 2596 Vid.CACV13VLVM.

77 2604 95 2624 c
106 2604 259 2625 VLIGNA
268 2618 276 2630 ,
295 2608 335 2626 ae.
370 2599 391 2626 s.
427 2600 562 2634 [κυλίσκῃ
581 2601 687 2634 κυλίχνη
702 2610 731 2627 ex
742 2600 835 2636 κύλιξ]
872 2602 924 2628 Vas
938 2602 1085 2636 potorium.

40 2633 120 2666 0310,
135 2633 276 2668 Culignam
289 2634 318 2660 in
331 2635 413 2662 foeno
426 2636 527 2663 Graeco
540 2636 649 2672 ponito,
668 2643 696 2663 vt
710 2636 778 2664 bene
791 2637 871 2663 oleat.
907 2638 976 2665 Haec
988 2638 1086 2666 Festus.
1098 2638 1135 2668 70

41 2664 108 2695 Cato
123 2677 171 2702 ¹32,
186 2678 195 2696 1
213 2669 274 2696 Ioui
285 2669 371 2705 dapali
384 2672 516 2706 culignain
527 2673 587 2700 vini
598 2679 726 2707 quantum
741 2673 781 2700 vis
793 2673 937 2708 polluceto.

77 2710 94 2730 c
103 2712 122 2731 ν
134 2711 149 2730 L
160 2702 174 2731 1⁴
182 2712 204 2732 N
213 2713 251 2739 A,
270 2715 309 2733 ae.
334 2707 354 2733 f.
392 2708 561 2743 [μοιγειρεῖον]
596 2715 640 2736 co
650 2717 666 2735 L
675 2717 684 2736 1
693 2717 715 2736 N
724 2716 747 2736 A
764 2709 866 2736 videtur
877 2713 935 2736 anti
952 2712 991 2736 uis
999 2707 1087 2746 fwffi’·

798 2746 858 2779 Qia
871 2745 920 2771 fini
944 2751 964 2772 it
977 2746 1087 2781 antiqua

42 2782 68 2802 et
81 2776 186 2811 postica.
222 2778 252 2805 in
264 2779 373 2819 postica·
385 2785 458 2814 parte
476 2786 533 2807 erat
553 2781 640 2809 culina
654 2791 660 2807 :
688 2781 760 2808 dieta
779 2781 812 2808 ab
827 2790 876 2814 οο,
897 2781 1029 2817 quodibi
1042 2791 1085 2809 co-

10 2838 11 2844 ,
41 2811 130 2838 lebant
149 2813 237 2848 ignem
249 2814 452 2849 locupletiorem
465 2815 568 2843 domus.
602 2825 682 2852 quam
692 2818 795 2845 fuerint
811 2817 938 2852 angustiis
951 2819 1085 2853 pauperti-
1105 2816 1138 2845 75
1153 2819 1248 2847 Celare
1266 2821 1347 2847 Ouid.
1363 2822 1427 2847 Met.
1444 2829 1470 2853 2,
1486 2828 1527 2856 37.

42 2848 84 2874 nis
98 2847 218 2883 0036130,
238 2850 292 2885 ipsa
306 2851 416 2878 nomina
433 2851 572 2880 declarant.
625 2853 695 2880 Citat
707 2853 813 2881 Nonius
831 2856 906 2880 etiam
925 2854 971 2881 boc
985 2855 1084 2881 Varro-

42 2883 100 2916 nis,
117 2884 148 2911 Et
163 2884 213 2912 hoc
227 2886 332 2913 interest
351 2887 422 2914 inter
436 2888 578 2922 Epicurum
592 2895 618 2915 et
631 2897 760 2924 ganeones
775 2889 877 2917 nostros
886 2909 894 2922 ,
915 2890 1012 2925 quibus
1028 2899 1085 2918 mo—

413 2923 550 2959 Plantique
565 2925 680 2953 Mostell.
695 2932 738 2961 pr.
758 2926 807 2953 Exi
821 2934 836 2953 e
849 2926 939 2953 colina
958 2927 1084 2961 (Gronau.

515 2961 598 2988 Varro
606 2961 676 2988 R.R.
686 2969 706 2994 1,
715 2970 748 2994 13,
762 2970 778 2989 2
803 2963 834 2990 111
846 2962 935 2989 culina
951 2963 1026 2990 cibus
1039 2971 1083 2998 pa-

42 2996 115 3019 ratur
129 3000 158 3018 ac
167 2994 277 3028 capitur.

45 3069 86 3100 res
99 3061 173 3101 orm-ii
183 3069 303 3099 tempore
314 3067 378 3092 anni
389 3068 491 3095 morari
504 3074 608 3104 queant.
659 3069 716 3096 Cic.
730 3070 803 3097 Fam.
818 3078 852 3103 ις,
866 3075 892 3101 18
917 3070 971 3098 Vbi
984 3071 1080 3106 igitur,

46 3104 167 3137 mqtnes,
190 3099 358 3140 philosophia
380 3108 425 3129 tua
439 3104 448 3130 3
486 3110 512 3130 et
533 3104 643 3139 quidem
663 3105 692 3132 in
713 3105 802 3132 culina
822 3115 882 3141 mea
904 3107 1014 3135 molesta
1035 3107 1081 3135 est.

45 3131 163 3174 Studiosa
175 3135 281 3167 culinae„
293 3138 417 3164 iuuentus
431 3139 524 3167 Horat.
535 3141 618 3168 Serm.
630 3150 657 3173 2,
670 3149 693 3174 Ξ,
705 3146 746 3171 80-
818 3142 923 3169 Faciem
936 3143 1012 3178 nigra
1024 3144 1083 3171 vio-

45 3167 99 3194 lare
112 3169 199 3196 culina
210 3171 325 3200 Martial.
338 3181 377 3206 10,
390 3176 434 3201 66.
503 3176 526 3202 A
537 3179 633 3211 magna
644 3185 700 3203 non
713 3177 870 3212 degenerare
887 3178 974 3206 culina
987 3181 1082 3208 quen.
1104 3178 1133 3210 85

45 3203 96 3230 Sat.
111 3212 150 3238 14,
163 3213 199 3238 14.
415 3218 432 3236 2
464 3210 575 3245 Culina,
593 3214 717 3246 Latrina,
725 3212 838 3249 sec-effus.
873 3213 1008 3250 Ἀφεδρῶν,
1023 3217 1083 3243 Vet.

11 3267 15 3281 .-
45 3239 125 3266 Gloff.
160 3241 233 3277 Conf-
245 3242 324 3270 Gloss'.
334 3207 438 3272 Ififfiori.
473 3245 624 3280 'Anauon-05,
638 3249 698 3275 Vet.
714 3249 795 3276 Gloss'.
836 3251 861 3276 V
858 3249 894 3276 id.
908 3254 982 3278 etiam
996 3253 1084 3279 Varro

44 3274 77 3301 de
91 3275 120 3302 L.
136 3275 165 3302 L.
180 3286 209 3317 4,
220 3285 259 3311 25.
289 3286 312 3305 ei
325 3280 428 3307 Petron.
440 3289 454 3307 2
477 3288 502 3308 et
512 3283 548 3310 ibi
559 3283 666 3311 Erbard.
679 3291 704 3311 et
717 3285 803 3322 Heius.
818 3292 842 3312 et
855 3285 941 3313 Burm.
978 3288 1033 3314 Hoc
1047 3297 1085 3315 re-

39 3309 128 3346 speflu
149 3311 245 3340 Culina
261 3313 332 3342 dista
351 3316 467 3349 videtur,
501 3317 550 3353 uafi
568 3319 670 3352 cluina,
688 3320 732 3347 vbi
752 3321 868 3352 lauatur‚
889 3331 905 3348 a
923 3331 970 3358 quo
986 3322 1084 3351 latrina

44 3355 135 3387 quoque
154 3346 225 3375 dieta
243 3347 285 3382 est.

504 3398 571 3425 quae
592 3391 652 3419 loca
672 3391 771 3419 culinas
789 3392 936 3428 appellant,
961 3395 1084 3430 Aggenus

436 3424 513 3452 Goes.
547 3426 590 3454 Sic
603 3435 685 3454 omnes
693 3427 755 3455 libri
766 3429 842 3457 MSS.
855 3427 913 3462 ιςβε
927 3430 1023 3464 σοςΙῐο,
1041 3435 1086 3468 qui

905 3474 921 3492 ε
959 3466 1021 3494 01111
1040 3476 1085 3495 1135

45 3489 126 3517 malit.
152 3493 234 3532 ‘Forte
247 3492 326 3519 eodem
333 3497 446 3529 pertinet
457 3496 520 3524 illud
529 3496 615 3531 Festi,
633 3499 732 3526 Culina
750 3505 860 3527 vocatur
877 3475 967 3534 luciis,
987 3501 1016 3529 in
1023 3476 1086 3538 gquo

46 3525 139 3559 epulae
150 3528 280 3569 msunetre
289 3529 491 3558 comburuntur.
525 3533 625 3561 laudat
636 3534 678 3561 bic
685 3536 776 3572 Scalig.
784 3535 916 3570 versiculos
927 3546 939 3563 e
951 3537 1084 3566 cataleffis
1099 3549 1133 3576 93

46 3569 72 3595 p.
83 3566 116 3596 87
136 3561 230 3597 Neque
246 3573 274 3590 111
288 3565 403 3592 culinam
416 3572 442 3593 et
455 3566 533 3595 111ιᾶ3
545 3569 708 3604 compitalia,
722 3571 861 3607 Dapesque
873 3571 947 3600 ducis
960 3572 1085 3603 sordidas.

47 3597 149 3633 Etsane
157 3597 204 3624 huc
214 3599 318 3642 alduocat
331 3603 462 3638 Aggenum
474 3603 600 3640 Scaliger,
617 3612 642 3632 et
657 3613 729 3633 notat
746 3608 832 3642 ἵεις-ραις
849 3611 936 3635 vocari
948 3609 980 3636 ab
989 3609 1089 3644 Aristo·

41 3632 141 3668 phane,
160 3644 272 3670 καυςηριι
289 3637 320 3663 ab
334 3637 508 3671 Artemidoro,
530 3639 658 3675 vib-inas,
677 3649 758 3677 nempe
777 3644 949 3671 Romanorum.
1004 3646 1090 3673 Addit

47 3670 386 3736 ἔΐὲἳὶηνΐίΐεηὲαέἰηεπέ
394 3674 520 3737 &leigii-C
527 3683 572 3738 1οὺ
577 3685 614 3738 ξς)
621 3696 629 3708 ,
647 3685 660 3709 3
689 3678 716 3704 H
722 3678 742 3704 Ε
748 3678 771 3705 R
779 3679 801 3705 C
807 3679 830 3705 V
841 3679 880 3705 L1
913 3680 929 3706 S
937 3681 960 3707 A
966 3681 990 3708 Χ
996 3676 1019 3708 A
1027 3681 1055 3709 N
1062 3683 1088 3710 O

51 3739 314 3774 ZOTHECAM‚
347 3745 550 3773 CVLINAM
584 3748 777 3776 PECVNIA
809 3749 888 3777 SVA
923 3752 947 3778 A
978 3753 1088 3781 SOLO

50 3774 72 3801 R
79 3775 99 3801 E
107 3775 158 3803 ST
165 3776 178 3802 1
185 3776 244 3804 TV
252 3778 264 3804 1
272 3777 303 3804 T
310 3797 319 3811 ,
343 3786 388 3807 etc.
436 3783 486 3808 Hic
501 3783 605 3823 Herculi
622 3790 730 3819 propter
742 3785 815 3812 viam
826 3785 969 3814 sacrificari
974 3788 1088 3826 Jblitum.

54 3810 113 3838 Vad.
125 3811 176 3847 fich,
196 3817 268 3841 V1A
287 3814 382 3842 Facere
398 3824 505 3853 propter
517 3827 597 3846 viam.

46 3416 149 3445 Comm.
164 3419 192 3446 in
205 3420 325 3448 Frontin.
346 3431 371 3456 p.
385 3425 420 3450 60

17 3879 19 3890 γ
51 3862 53 3865 -
87 3853 354 3883 ονιικΑκινε,
372 3850 391 3877 i.
424 3861 460 3880 m.
495 3854 650 3882 Scribonius
662 3855 762 3892 Largus
774 3863 822 3889 230
841 3856 986 3887 Teruntur
1002 3868 1036 3888 ex
1053 3859 1090 3889 ci-

50 3889 112 3910 nere
128 3882 228 3917 lizinia,
244 3894 296 3921 qua
312 3885 438 3950 {minat-ii
451 3895 569 3918 Vtuntur.

196 3926 287 3950 'vol-0
326 3941 334 3950 .

1126 1402 1136 1410 ..
1155 1386 1225 1413 vidis
1250 1385 1406 1420 procumbat
1432 1385 1535 1411 culmus
1554 1386 1650 1412 aristis.

339 2995 380 3022 Sic
394 2995 528 3023 Columel.
544 3005 564 3029 1,
579 3001 604 3029 6,
616 3006 628 3029 3
648 2998 744 3032 Magna
756 3004 782 3025 et
793 2998 845 3025 alta
857 2997 944 3025 culina
959 3006 1083 3034 ponetur,
1105 3000 1137 3027 80
1153 3005 1347 3027 COMMITTO.

10 3032 13 3061 ².
43 3030 74 3054 vt
87 3031 113 3052 et
125 3029 286 3063 contignatio
299 3037 385 3058 careat
400 3031 516 3059 incendii
530 3032 661 3068 periculo,
680 3033 745 3060 etin
758 3042 789 3061 ea
807 3034 949 3061 commode
965 3034 1083 3062 familia·

519 3362 532 3386 3
569 3355 634 3382 Sunt
655 3355 684 3382 in
706 3356 866 3384 suburbanis
886 3357 945 3384 loca
963 3359 1085 3394 publica,
1107 3360 1273 3399 90Effugere
1305 3370 1418 3397 poenam
1444 3362 1537 3397 culpae
1568 3370 1624 3389 non
1648 3364 1717 3398 poss'e
1745 3363 1802 3391 Cic.
1824 3365 1896 3392 Fam.
1919 3367 1964 3398 16,
1988 3368 2027 3392 26.

633 3713 664 3739 T
671 3713 724 3740 Ro
732 3714 749 3740 1>
758 3715 784 3740 Η
793 3715 805 3740 Ι
813 3714 842 3741 Μ
849 3715 872 3741 V
879 3714 894 3742 S
926 3717 950 3743 A
957 3717 976 3744 E
983 3717 1007 3744 D
1015 3718 1034 3744 E
1041 3719 1088 3751 Μ,
1099 3726 1146 3747 100
1152 3719 1282 3747 Liberare
1297 3718 1373 3753 culpa
1385 3719 1504 3754 aliquem
1523 3721 1580 3748 Cic.
1594 3722 1648 3749 Att.
1662 3731 1686 3754 13
1694 3742 1702 3754 ,
1715 3732 1758 3750 22.

1154 1244 1280 1271 collocatis
1293 1253 1301 1268 .-
1336 1245 1378 1270 vel
1389 1262 1397 1277 ,
1409 1243 1436 1278 fi
1448 1245 1556 1270 Senatus
1571 1245 1649 1281 legere
1661 1245 1758 1277 liceret,
1774 1248 1800 1270 in
1812 1247 1917 1272 culmine
1930 1246 2064 1281 constituta
2076 1248 2144 1283 estis,
2154 1258 2211 1277 tan-

1156 1289 1228 1316 quam
1242 1280 1355 1307 Senatus.

1192 1323 1209 1343 C
1219 1322 1239 1340 ν
1249 1323 1265 1341 L
1276 1321 1300 1340 M
1309 1321 1330 1340 ν
1339 1323 1351 1342 S
1361 1332 1368 1346 ,
1388 1312 1406 1340 i.
1426 1323 1462 1341 m.
1500 1314 1641 1347 [namium
1662 1313 1775 1351 α’νθέριξ,
1791 1314 1926 1380 nixum&

1148 1351 1278 1388 frumenti
1289 1352 1398 1376 calamus
1411 1359 1426 1375 a
1437 1349 1522 1376 radice
1535 1360 1611 1385 usque
1624 1350 1658 1376 ad
1663 1351 1769 1387 spicam.
1807 1353 1882 1387 Virg.
1921 1363 1993 1389 eorg.
2009 1363 2028 1388 1,
2042 1361 2076 1383 111
2095 1357 2137 1383 Ne
2152 1367 2210 1391 gra-

1728 1388 1777 1414 Vbi
1795 1389 1922 1416 Seruius:
1959 1391 2085 1425 Culmus,
2103 1393 2210 1420 iunctio

1371 1419 1466 1448 Ibidem
1479 1429 1520 1452 321
1552 1421 1732 1457 Culmumque
1764 1423 1867 1458 leuem,
1888 1426 2048 1462 stipulasque
2080 1429 2208 1456 volantes-

1160 1456 1209 1484 Vbi
1233 1455 1360 1482 Seruius:
1397 1456 1507 1483 Culmus
1533 1456 1632 1484 dicitur
1652 1458 1706 1493 ipse
1727 1459 1868 1486 Calamus:
1906 1462 2021 1496 Stipulae
2035 1472 2118 1497 vero,
2134 1465 2210 1492 Folia

1156 1500 1223 1528 quae
1236 1490 1360 1519 ambiunt
1372 1492 1500 1519 culmum.
1554 1494 1672 1520 Cerealis
1684 1495 1788 1521 culmus
1809 1497 1885 1530 Virg.
1900 1498 1997 1533 Georg.
2012 1508 2100 1534 2‚517.
2146 1502 2211 1527 Cre-

1154 1528 1266 1563 pitantes
1279 1527 1361 1554 culmi
1375 1528 1457 1554 meffis
1481 1528 1527 1555 Sil.
1544 1538 1577 1562 13,
1589 1532 1650 1564 672.
1723 1530 1835 1564 Fragilis
1855 1533 1932 1567 Virg.
1948 1534 2046 1569 Georg.
2063 1544 2083 1567 1,
2097 1538 2141 1570 76.
2175 1538 2209 1563 al.

1154 1563 1287 1590 Calamus.
1361 1564 1521 1591 Genieulato
1542 1565 1630 1592 culmo
1650 1564 1737 1592 erecta
1757 1566 1839 1593 herba
1866 1568 1924 1594 Cic.
1939 1568 1971 1595 de
1985 1570 2085 1596 8011οἇ1.
2098 1580 2158 1603 51c.
2175 1580 2210 1605 ις.

1151 1598 1232 1626 Leuis
1257 1600 1332 1634 Virg.
1347 1600 1447 1635 Georg.
1463 1608 1482 1632 1,
1496 1608 1548 1632 321.
1620 1600 1747 1628 Pallentes
1765 1603 1826 1629 Stat.
1838 1603 1902 1630 Siln.
1915 1613 1938 1636 3,
1953 1613 1976 1638 3,
1992 1611 2044 1636 128.
2099 1607 2212 1642 Surgen-

1152 1642 1191 1662 tes
1207 1635 1235 1661 in
1251 1636 1365 1670 segetem
1387 1637 1486 1662 Lucan.
1498 1639 1525 1669 6,
1538 1644 1589 1664 110.
1688 1637 1874 1674 Romuleoque
1887 1649 1976 1667 recens
1990 1641 2118 1669 horrebat
2135 1644 2210 1678 regia

1152 1671 1242 1698 culmo
1262 1672 1339 1706 Virg.
1352 1673 1418 1698 Aen.
1433 1678 1456 1704 8,
1472 1675 1533 1706 654.
1605 1671 1715 1699 Curiam
1731 1674 1870 1701 Calabram
1885 1676 1966 1710 dicit,
1987 1687 2066 1712 quam
2079 1679 2211 1706 Romulus

1152 1713 1253 1734 texerat
1266 1707 1368 1734 culmis.
1407 1708 1523 1735 Seruius.
1596 1709 1689 1736 Homo
1704 1715 1758 1736 tam
1772 1710 1839 1737 bene
1852 1712 1941 1738 culmo
1956 1722 2036 1747 quam
2057 1723 2123 1741 auro
2144 1716 2211 1751 tegi·

1152 1749 1197 1770 tur
1216 1744 1274 1770 Sen.
1287 1744 1306 1769 Ε
1328 1763 1333 1769 .
1354 1748 1376 1773 8.

1188 1753 1414 1812 CVLMgsvs‚
1432 1786 1464 1811 a,
1485 1788 1540 1806 um.
1578 1777 1640 1806 Adi.
1678 1780 1768 1807 Sidon.
1785 1782 1873 1809 Carm.
1887 1790 1915 1816 9,
1929 1790 1964 1819 72
1981 1782 2090 1812 Madere
2109 1786 2209 1814 culmo.

1151 1815 1192 1842 sos
1207 1814 1293 1842 viridi
1306 1824 1402 1842 cruore
1416 1815 1526 1842 fratres:
1563 1816 1591 1842 cle
1600 1816 1734 1852 fratribus
1741 1817 1861 1844 Cadmeis.

1191 1857 1208 1878 C
1220 1857 1240 1877 V
1249 1858 1265 1878 L
1276 1858 1290 1878 P
1299 1858 1337 1884 A,
1357 1860 1396 1877 ae.
1434 1851 1455 1877 f.
1491 1852 1504 1885 [
1512 1852 1596 1883 αἰτία,
1607 1853 1746 1887 ἔγκλημα]
1783 1851 1825 1886 Est
1840 1854 1966 1882 aberratio
1980 1856 2098 1892 quaedam
2112 1857 2142 1884 ab
2157 1855 2209 1892 offi-

1151 1890 1205 1918 cio,
1220 1887 1269 1923 scd
1281 1894 1310 1913 vt
1318 1887 1380 1923 fere
1397 1887 1555 1923 intelligatur
1568 1890 1740 1924 ignorantiam
1758 1889 1930 1925 intercffffi,
1949 1898 2014 1918 certe
2033 1895 2211 1929 negligentiam

1153 1930 1176 1949 et
1182 1923 1325 1959 chordiam
1339 1926 1442 1959 potius,
1460 1933 1533 1959 quam
1551 1925 1612 1950 mate
1626 1924 1719 1960 agendi
1736 1926 1885 1952 voluntatem
1900 1937 1907 1951 :
1940 1930 2042 1954 interim
2063 1933 2211 1964 imputatur,

1152 1966 1177 1985 et
1191 1958 1259 1995 quast
1272 1958 1353 1985 media
1367 1957 1400 1992 est
1414 1963 1482 1985 inter
1499 1959 1579 1985 dolum
1599 1967 1622 1985 et
1641 1958 1763 1994 officium,
1783 1968 1855 1997 atque
1861 1961 2010 1999 fignificat,
2023 1962 2050 1997 fi
2062 1964 2113 2001 sas
2119 1964 2157 1999 ,111
2170 1969 2209 1992 ita

1151 1996 1236 2030 loqui,
1257 1995 1477 2030 impartibilitatem
1489 1993 1565 2031 faffl
1582 1997 1689 2022 alicuius
1706 2000 1734 2022 in
1747 2004 1846 2032 partem
1857 1998 2010 2034 sequiorem,
2032 2006 2060 2025 vt
2080 2005 2123 2036 qui
2136 2001 2210 2036 suam

1152 2031 1258 2065 culpam
1264 2031 1385 2067 fatetur,
1405 2031 1446 2057 ille
1460 2030 1569 2063 indicet,
1581 2030 1633 2065 fibi
1645 2035 1768 2067 imputari
1780 2032 1848 2068 post&
1861 2041 1961 2060 euentus
1973 2034 2108 2069 sinistros,
2126 2036 2210 2079 gradu

1152 2066 1251 2103 quidem
1264 2066 1379 2103 diuerso,
1397 2075 1459 2102 quos
1473 2068 1531 2093 ICti
1547 2067 1688 2093 nominibus
1707 2067 1791 2101 latae,
1807 2069 1892 2102 leuis,
1908 2077 1934 2095 et
1954 2070 2096 2098 leuissimae
2115 2072 2208 2107 culpae

1153 2104 1237 2138 aliquo
1252 2102 1321 2129 modo
1341 2100 1493 2139 distinguere
1503 2101 1619 2136 student.
1676 2102 1758 2130 Plaut.
1774 2103 1850 2139 Epid.
1865 2113 1885 2138 ς,
1900 2114 1923 2138 2,
1936 2108 1973 2140 64
1996 2106 2066 2133 Mihi
2087 2114 2115 2134 vt
2133 2110 2209 2143 igno-

1153 2139 1221 2169 scas,
1242 2138 1260 2165 fi
1274 2137 1341 2173 quid
1353 2137 1508 2171 imprudens
1523 2137 1598 2171 culpa
1612 2140 1720 2171 peccaui
1733 2148 1799 2166 mea.
1871 2141 1929 2168 Cic.
1942 2142 1995 2168 Off.
2012 2152 2030 2174 1,
2044 2149 2075 2176 89
2098 2144 2141 2171 Ne
2154 2153 2209 2171 ma·

1153 2173 1197 2200 ior
1209 2183 1295 2208 poena
1308 2181 1387 2206 quam
1403 2172 1478 2206 culpa
1492 2172 1536 2205 fit,
1557 2173 1712 2201 cauendum.
1784 2175 1926 2211 Qudquid
1947 2177 2025 2205 huius
2046 2179 2146 2206 factum
2161 2181 2209 2213 est,

1152 2209 1229 2243 culpa
1242 2217 1297 2234 non
1310 2207 1412 2234 factum
1427 2208 1463 2234 est
1479 2217 1538 2234 mea
1558 2209 1627 2235 Ter.
1643 2211 1709 2237 Eun.
1724 2219 1748 2244 ς,
1759 2213 1786 2243 6,
1799 2220 1837 2238 10.
1909 2211 1992 2241 Plaut.
2016 2215 2080 2242 Cist.
2095 2225 2122 2248 1,
2137 2225 2162 2249 1,
2176 2222 2209 2252 78

1151 2244 1200 2271 Sed
1214 2250 1273 2270 mea
1287 2252 1338 2278 ego
1351 2244 1427 2278 culpa
1440 2248 1466 2269 et
1480 2243 1591 2270 stultitia
1604 2246 1680 2279 peius
1693 2247 1788 2274 misera
1802 2256 1933 2276 maceror.
2006 2251 2063 2278 Cic.

1962 1322 2008 1355 qui
2027 1327 2050 1346 et
2070 1327 2209 1354 COLMVS,
2228 1329 2231 1332 “

1155 1422 1296 1456 spicarum.

1154 2315 1215 2342 iusti
1230 2313 1320 2342 oneris
1334 2314 1452 2350 impositi
1466 2320 1511 2342 tua
1528 2316 1603 2351 culpa
1616 2316 1662 2351 fit,
1683 2326 1742 2346 mea
1755 2320 1855 2354 recepti
1874 2321 1930 2348 Cic.
1944 2321 1972 2347 in
1986 2323 2061 2350 Orat.
2074 2331 2111 2357 35.
2159 2289 2209 2350 Ard-

1152 2351 1218 2378 cidit
1232 2351 1307 2386 culpa
1322 2360 1418 2378 eorum
1437 2351 1493 2378 Cic.
1507 2353 1545 2387 Q
1556 2353 1640 2380 Fratr.
1654 2363 1679 2386 2,
1693 2363 1729 2382 12.
1802 2355 1909 2390 Nemo,
1924 2357 1973 2384 nisi
1987 2359 2032 2385 sua
2048 2359 2138 2394 culpa,
2160 2359 2209 2387 diu

1152 2387 1227 2414 dolet
1247 2387 1380 2421 Qiine'til.
1394 2389 1412 2414 6
1424 2396 1545 2422 prooem.
1629 2388 1770 2417 Abstinere
1788 2392 1866 2428 culpa
1892 2393 1975 2420 Plaut.
1998 2396 2062 2422 Men
2090 2404 2113 2429 ς,
2127 2398 2153 2428 6,
2166 2405 2208 2423 20.

1153 2423 1246 2450 Abeffe
1259 2433 1274 2450 a
1286 2423 1362 2458 culpa
1376 2424 1479 2450 facinus
1494 2424 1566 2451 scitis
1580 2434 1640 2452 mea
1659 2427 1741 2453 Ouid.
1755 2427 1842 2454 Trist.
1856 2437 1877 2461 1,
1890 2437 1913 2462 2,
1927 2435 1969 2462 98.
2039 2431 2158 2458 Forenda
2171 2432 2209 2458 est

1153 2460 1278 2491 fortuna,
1295 2460 1449 2495 praesertim
1464 2469 1532 2495 quae
1549 2460 1614 2488 abfit
1627 2471 1642 2488 a
1656 2461 1732 2497 culpa
1757 2463 1814 2490 Cic.
1832 2465 1904 2492 Fam.
1919 2468 1945 2498 6,
1958 2474 1984 2492 2.
2063 2467 2207 2503 Qudquid

1153 2495 1298 2529 acciderit,
1317 2505 1332 2522 a
1346 2505 1402 2531 quo
1414 2505 1473 2523 mea
1484 2496 1561 2532 culpa
1573 2497 1656 2532 absit,
1674 2499 1766 2526 animo
1781 2499 1848 2527 forti
1859 2501 1919 2528 fero
1939 2500 1978 2528 Ib.
1994 2511 2030 2535 12,
2045 2511 2087 2530 22..
2154 2503 2208 2530 Ab·

1153 2532 1266 2560 horrere
1277 2539 1292 2560 a
1305 2532 1398 2568 culpa,
1417 2535 1436 2559 i.
1450 2540 1569 2560 remotum
1582 2532 1626 2567 effe
1639 2544 1655 2560 a
1667 2536 1740 2571 culpa
1761 2535 1819 2562 Cic.
1835 2536 1867 2563 de
1882 2538 1986 2564 Inuent.
2000 2547 2027 2571 2,
2064 2559 2070 2566 .
2108 2560 2114 2566 .
2157 2540 2209 2566 Ac-

1152 2567 1243 2596 cusare
1257 2568 1361 2604 eulpam
1378 2569 1434 2596 Cic.
1450 2577 1499 2604 pro
1514 2569 1599 2596 Plane.
1612 2578 1639 2602 9.
1747 2572 1895 2606 Amittere,
1915 2573 1969 2600 vid.
1989 2575 2014 2601 h.
2028 2583 2053 2601 υ.
2125 2576 2209 2602 Amo-

1153 2613 1233 2637 vere,
1254 2605 1318 2639 (vel
1330 2611 1359 2630 vt
1372 2607 1458 2631 Acron
1472 2611 1496 2630 et
1510 2605 1637 2632 Bentleius
1649 2607 1733 2643 legit)
1753 2608 1886 2636 Emouere
1905 2610 1973 2636 Hor.
1990 2611 2078 2638 Carm.
2091 2620 2120 2645 4,
2130 2620 2164 2645 15,
2173 2620 2208 2639 11.

1154 2642 1275 2676 Arguere
1288 2641 1408 2675 aliquem
1423 2640 1515 2675 culpae
1534 2641 1596 2667 Liu.
1615 2649 1638 2675 ς,
1676 2661 1683 2669 .
1722 2663 1729 2670 .
1768 2644 1902 2679 Affignare
1914 2646 2055 2679 fortunae,
2073 2648 2127 2675 vid.
2140 2649 2165 2675 h.
2180 2657 2207 2674 υ.

1154 2677 1311 2704 Attribuere
1325 2676 1408 2703 alicui
1443 2677 1499 2703 Cic.
1513 2678 1590 2704 Verr.
1605 2685 1627 2710 ς,
1639 2686 1688 2711 133.
1794 2681 1923 2708 Auertere
1948 2682 1978 2708 in
1999 2683 2134 2718 aliquem,
2153 2682 2208 2710 vid.

1154 2712 1179 2739 h.
1193 2721 1219 2739 v.
1329 2713 1433 2747 Augere
1444 2722 1505 2739 cum
1518 2713 1704 2748 indignatione
1727 2715 1784 2742 Cic.
1798 2716 1830 2743 de
1842 2718 1946 2745 Inuent.
1961 2727 1984 2751 2,
1998 2726 2033 2751 53.
2107 2719 2207 2746 Carere

1154 2748 1211 2775 Cic.
1226 2749 1299 2775 Fam.
1313 2750 1340 2782 6,
1356 2756 1375 2775 1.
1469 2749 1538 2776 Ter.
1552 2750 1618 2776 Hec.
1632 2759 1661 2785 4,
1675 2761 1704 2786 4,
1712 2759 1743 2785 41
1764 2752 1892 2780 Censente
1907 2753 1989 2781 vllam
2004 2754 2122 2790 reperire
2134 2756 2205 2790 posse

1153 2784 1309 2816 mulierem,
1330 2792 1398 2820 quae
1409 2790 1495 2811 careat
1509 2785 1585 2821 culpa
1599 2784 1608 2812 ἓ
1714 2787 1805 2815 Castus
1820 2798 1835 2815 a
1848 2789 1924 2825 culpa
1933 2810 1939 2822 ,
1967 2790 2019 2817 vid.
2042 2796 2059 2817 C
2068 2798 2089 2818 Α
2100 2798 2113 2818 s
2123 2799 2144 2818 T
2153 2797 2208 2818 VS.

1597 2822 1699 2850 cessant
1711 2824 1820 2858 peetora
1833 2826 1910 2861 culpa
1929 2826 1974 2853 Sil.
1990 2836 2024 2859 13,
2037 2832 2086 2859 518.
2155 2827 2208 2854 Co-

1155 2864 1266 2890 arguere
1281 2857 1385 2891 culpam
1397 2856 1550 2891 aliquorum
1567 2858 1625 2886 Cic.
1634 2859 1687 2886 Att.
1695 2868 1721 2892 9,
1733 2869 1760 2893 4.
1818 2862 1987 2889 Commereri
1999 2862 2102 2897 culpam
2122 2863 2207 2890 Plaut-

1151 2892 1228 2926 Capt.
1243 2900 1269 2924 2,
1283 2901 1306 2925 3,
1321 2901 1363 2926 43.
1388 2895 1406 2919 i.
1419 2892 1569 2927 corztraxzjffe
1582 2896 1695 2930 culpam,
1713 2896 1813 2933 ideoque
1829 2896 2016 2935 castigationem
2030 2898 2084 2932 siue
2100 2906 2207 2934 poenam

1151 2930 1321 2955 commeritum
1340 2927 1392 2963 ff.
1434 2928 1503 2956 Add.
1517 2929 1591 2957 Idem
1604 2930 1664 2956 Aul.
1677 2940 1706 2964 4,
1726 2940 1765 2963 10,
1787 2938 1810 2963 8.
1866 2935 1908 2963 Sic
1919 2934 1989 2962 Ter.
2004 2935 2069 2961 Hec.
2084 2944 2113 2968 4,
2129 2945 2158 2968 4,
2175 2943 2206 2960 10

1153 2963 1262 2992 Nullam
1282 2963 1314 2990 de
1332 2963 1374 2991 his
1392 2963 1472 2992 rebus
1491 2965 1593 3001 culpam
1613 2969 1774 2996 commeruit
1794 2974 1847 2995 tua.
1933 2970 2123 3001 Commium,
2151 2970 2205 2997 vid.

1419 3002 1561 3028 Commissa
1582 3002 1658 3037 culpa
1677 3003 1733 3030 Cic.
1748 3005 1821 3031 Fam.
1842 3007 1894 3038 16,
1915 3014 1958 3033 12.
2031 3007 2207 3041 Compescere

1150 3036 1227 3063 ferro
1242 3036 1345 3071 culpam
1357 3035 1453 3072 Vir-gil.
1467 3038 1565 3073 Georg.
1576 3046 1598 3070 3,
1612 3041 1672 3073 468.
1745 3040 1879 3068 Conferre
1891 3041 1920 3068 in
1933 3041 2047 3069 alterum
2060 3042 2130 3069 Ter.
2139 3043 2206 3069 Eun.

1151 3081 1178 3106 2,
1191 3080 1213 3105 3,
1228 3074 1273 3105 96.
1345 3073 1487 3100 Coniicere
1502 3074 1531 3100 in
1544 3074 1661 3110 aliquem
1670 3095 1679 3108 ,
1703 3075 1756 3102 vid.
1770 3076 1794 3103 h.
1808 3087 1834 3104 v.
1906 3078 2063 3105 Consortem
2084 3079 2133 3105 effe
2153 3078 2208 3104 cul·

1149 3117 1198 3144 pae
1212 3108 1294 3136 Ouid.
1303 3108 1368 3135 Fast.
1381 3117 1405 3142 3,
1418 3117 1478 3143 492.
1547 3111 1738 3139 Contaminare
1752 3113 1778 3139 se
1791 3112 1868 3148 culpa
1881 3114 1937 3140 Cic.
1951 3113 1982 3140 ad
1991 3114 2108 3141 Herenn.
2120 3123 2147 3146 2,
2160 3123 2205 3148 24.

1152 3144 1319 3172 Contrahere
1337 3145 1441 3181 aliquid
1462 3145 1539 3181 culpa
1554 3147 1614 3180 sua,
1638 3147 1693 3175 vid.
1709 3148 1733 3176 h.
1747 3158 1774 3175 υ.
1846 3149 2011 3176 Conuertere
2023 3150 2160 3178 fortunam
2176 3150 2206 3176 in

1152 3181 1256 3215 eulpam
1290 3181 1347 3209 Cic.
1361 3191 1411 3216 pro
1424 3181 1516 3209 Rabir.
1531 3183 1597 3209 Post.
1612 3192 1636 3209 2.
1709 3185 1842 3217 Damnare
1858 3184 1895 3211 ob
1908 3185 2011 3221 culpam
2030 3185 2149 3222 aliquem
2164 3186 2205 3213 Id.

1150 3216 1183 3244 de
1197 3218 1273 3244 Orat.
1289 3225 1310 3250 1,
1322 3226 1376 3251 233.
1449 3217 1583 3253 Deprensa
1597 3219 1673 3254 culpa
1684 3219 1742 3246 Sen.
1754 3219 1864 3255 Hippoi.
1878 3228 1935 3255 719.
2007 3222 2138 3250 Deriiiare
2151 3222 2206 3248 cul-

1149 3261 1211 3288 pam
1233 3254 1262 3280 in
1280 3253 1397 3289 aliquem
1418 3253 1475 3280 Cic.
1489 3255 1566 3281 Verr.
1582 3263 1611 3287 2,
1630 3264 1675 3289 49.
1747 3256 1894 3283 Dimouere
1913 3256 1946 3284 ab
1965 3257 2058 3293 aliquo
2077 3258 2152 3285 Idem
2172 3258 2206 3284 de

1140 3290 1257 3319 ·Ittuent.
1269 3298 1293 3322 2,
1307 3292 1348 3320 86.
1421 3290 1491 3316 Dare
1504 3290 1574 3317 vitio
1586 3296 1612 3317 et
1625 3291 1717 3326 culpae
1729 3291 1811 3318 alicui
1823 3293 1953 3320 summam
1966 3294 2072 3321 laudem
2084 3295 2141 3321 Cic.
2155 3301 2205 3328 pro

1151 3325 1227 3352 Rosc.
1243 3327 1332 3353 Amer.
1353 3330 1386 3359 48
1413 3335 1435 3352 c.
1455 3327 1493 3352 16.
1589 3326 1659 3353 Dare
1673 3327 1781 3354 veniam
1800 3328 1892 3363 culpae
1910 3329 1992 3356 Ouid.
2006 3330 2086 3365 Epist.
2105 3338 2132 3364 7,
2153 3336 2206 3361 105.

2132 3365 2202 3391 Ter.

1152 3398 1217 3424 Hec.
1238 3407 1270 3431 2,
1293 3406 1318 3430 1,
1337 3406 1369 3430 31
1408 3397 1474 3425 Non
1494 3406 1554 3424 mea
1572 3398 1650 3434 culpa
1666 3399 1772 3426 Euenit.
1863 3401 1987 3428 Eximere
2010 3410 2042 3428 ex
2064 3400 2139 3435 culpa
2157 3400 2204 3426 ali-

1153 3441 1232 3496 ii'i‘i'zm
1254 3434 1311 3500 ρξ’
1331 3434 1364 3461 ‘¹⁶
1385 3434 1628 3498 Ῥῖῗῖἓέέυῗῒη.
1647 3435 1987 3500 ο..11’“1ἳξξὲῗῖῗ”ἓ“ῗ“
2011 3436 2087 3471 ‘⁰¹⁹³
2103 3436 2206 3499 &2322

1155 3478 1340 3541 culp'a45mnis
1362 3506 1393 3532 in
1419 3479 1460 3533 teg
1482 3506 1551 3533 Ter.
1568 3480 1636 3533 ι1,-100.
1655 3516 1689 3540 2,
1708 3515 1733 3540 1,
1756 3517 1796 3540 32·
1828 3491 1835 3499 ·
1874 3493 1883 3506 ’
1903 3481 1997 3544 ΙΞ1131-33
2023 3507 2115 3541 culpae
2140 3507 2204 3546 Stat.

1157 3539 1223 3568 Silu.
1243 3550 1276 3575 4,
1295 3543 1327 3572 6,
1346 3549 1386 3574 91.
1493 3542 1634 3576 Impellere
1657 3543 1688 3569 in
1710 3543 1815 3579 culpam
1842 3543 1960 3579 aliquem
1984 3543 2081 3570 Catull.
2104 3550 2145 3576 15,
2168 3551 2204 3577 ις.

1155 3577 1306 3612 impingere
1318 3576 1348 3602 in
1362 3577 1498 3612 aliquem,
1512 3577 1566 3604 vid.
1582 3579 1641 3605 h.v.
1711 3580 1852 3616 Imponere
1866 3580 1975 3606 nomina
1985 3579 2100 3613 speciosa
2114 3579 2207 3615 culpae

1155 3613 1239 3640 Ouid.
1252 3613 1318 3639 Met.
1332 3618 1360 3647 7,
1374 3614 1418 3645 69.
1495 3612 1627 3640 Inclinare
1645 3613 1762 3649 culpam,
1785 3615 1838 3642 vicl.
1852 3615 1877 3642 h.
1893 3625 1919 3641 υ.
1994 3615 2093 3641 Inscius
2112 3615 2205 3650 culpae

1154 3648 1327 3684 Virgil.Aen.
1341 3656 1380 3680 12,
1393 3650 1454 3681 648.
1526 3649 1675 3677 Interuenit
1690 3651 1766 3686 culpa
1779 3651 1883 3686 leian.
1897 3651 1913 3677 l.
1927 3649 1944 3676 fi
1959 3657 2159 3684 procuratorem
2181 3649 2206 3688 §-

1153 3684 1252 3711 vltimo
1278 3683 1311 3710 D.
1325 3683 1413 3710 mand.
1425 3683 1468 3710 vel
1480 3690 1582 3712 contra.
1651 3687 1778 3714 Inuenire
1791 3687 1907 3721 aliquem
1921 3686 1950 3711 in
1962 3685 2052 3720 culpa,
2072 3687 2125 3713 vid.
2139 3687 2164 3714 h.
2177 3697 2204 3714 υ.

1828 3721 1956 3748 Liberare
1976 3722 2095 3757 aliquem
2114 3723 2206 3758 culpae

1153 3757 1202 3783 effe
1215 3755 1314 3782 dicitur
1332 3754 1393 3781 Liu.
1407 3763 1450 3789 41,
1487 3775 1495 3783 .
1532 3775 1540 3783 .
1635 3758 1722 3785 Luere
1734 3758 1839 3792 culpam
1853 3757 1899 3784 Sil.
1913 3765 1947 3789 13,
1956 3762 2006 3789 381.
2078 3758 2206 3785 Occuluit

1154 3791 1259 3826 culpam
1270 3796 1409 3825 parentum
1427 3791 1488 3818 Stat.
1504 3791 1571 3819 Silu.
1584 3801 1605 3825 3,
1626 3801 1650 3826 3,
1663 3802 1706 3826 43.
1778 3794 1852 3820 Piare
1865 3792 1969 3827 culpam
1985 3793 2082 3828 Virgil.
2096 3795 2161 3820 Aen.
2177 3800 2206 3825 2,

1157 3835 1214 3862 140.
1285 3826 1386 3853 Ponere
1397 3831 1471 3854 extra
1485 3836 1594 3855 omnem
1609 3829 1713 3863 culpam
1726 3829 1882 3864 causamque
1897 3829 1950 3855 sese
1962 3829 2019 3856 Cic.
2034 3829 2067 3856 de
2079 3828 2204 3856 Vniuers.

1156 3871 1197 3895 39.
1267 3861 1368 3889 Ponere
1385 3862 1415 3889 in
1434 3862 1511 3897 culpa
1529 3870 1556 3890 et
1572 3865 1721 3899 suspicione
1740 3864 1844 3898 aliquos
1861 3863 1936 3891 Idem
1956 3874 2006 3900 pro
2024 3865 2128 3892 Cluent.
2149 3869 2205 3897 127.

1099 3904 1148 3932 1ος
1157 3899 1188 3925 Et
1202 3897 1274 3925 Fam.
1285 3899 1312 3931 6,
1327 3905 1338 3925 1
1355 3897 1442 3926 Simus
1454 3899 1538 3933 igitur
1551 3908 1582 3927 ea
1592 3906 1698 3933 mente,
1712 3908 1793 3935 quam
1806 3900 1877 3928 ratio
1890 3906 1917 3929 et
1929 3900 2026 3929 veritas
2040 3898 2208 3934 praescribit,

1466 3936 1524 3966 80
2175 3940 2206 3961 vt

902 2282 1002 2315 Culex,
1012 2282 1084 2319 figu-
1105 2285 1141 2309 60
1154 2289 1175 2312 1,
1189 2288 1199 2306 1
1217 2279 1361 2306 0011113813
1375 2278 1494 2314 ipsorum
1507 2278 1583 2315 culpa
1595 2281 1771 2309 molestissime
1784 2283 1856 2311 ferre
1870 2284 1992 2312 homines
2004 2253 2208 2314 debeffiFratr.
