2474 4182
677 105 1050 155 EORVMQVE
1101 103 1535 145 AVCTORIBVS.

44 206 47 210 ’
60 219 198 263 propter
206 207 380 257 mitioris,
390 219 492 261 quem
502 202 660 243 illustrare
672 201 873 252 susceperat,
882 202 1076 252 spurcitiem

58 276 93 305 et
105 265 386 304 obscoenitatem.
450 263 520 299 Diu
543 271 628 307 ergo
650 258 740 308 apud
762 259 796 297 se
812 258 910 296 domi
931 255 1046 307 preffit
1065 276 1077 300 ‚

58 321 113 358 sed
129 333 196 372 qua
211 331 282 358 erat
295 319 518 362 humanitate,
537 314 687 351 ineditos
706 315 975 352 commentarios
990 305 1078 347 inul-

57 377 98 413 tis
115 376 322 426 viiii-pandos
338 373 432 410 dedit
445 400 455 417 ,
485 369 574 407 vnde
589 367 721 406 fatiam
735 369 782 407 est
797 398 808 415 ‚
837 377 874 406 vt
897 363 1021 418 quibus
1037 363 1078 410 a)

61 443 79 467 P
93 444 112 467 ε
124 443 142 467 R
158 444 181 469 o
194 445 216 468 T
234 445 256 468 T
270 445 283 468 1
297 428 384 467 fama
400 436 434 464 et
447 425 650 463 existimatio
667 436 741 461 tara
758 427 975 473 eratpropter
990 416 1079 456 mul-

58 494 91 522 ta
110 499 153 523 ex
173 488 212 524 iis
229 482 482 523 commentariis
497 478 653 527 subrepta
681 488 715 516 et
732 478 793 517 sub
809 478 918 515 alieno
934 474 1080 511 nomine

58 539 176 578 iat‘tata
192 569 203 587 ‚
232 551 248 575 s
261 552 274 575 1
289 551 306 574 1>
321 551 343 574 o
356 550 380 574 n
396 550 418 572 T
433 549 446 572 1
461 549 485 572 N
500 548 513 571 1
538 535 644 572 nostri
668 534 871 584 posthumos
895 528 1029 567 labores
1044 529 1081 564 in

57 594 168 632 lucem
181 593 331 631 ederent.
387 594 417 628 Is
430 599 501 627 erat
517 588 683 642 Pyrrhus,
701 602 796 626 Nico
807 599 872 623 tn
891 597 1024 621 Paitoi·
1034 596 1056 619 T
1066 596 1078 619 1

57 661 183 698 nepos,
209 649 267 698 qui
284 657 372 696 opus
388 645 475 683 clam
489 645 662 682 auunculo
680 640 857 690 exscripsit,
871 648 907 677 et
922 639 964 676 ad
979 635 1082 675 Fede-

58 706 163 742 ricum
186 699 396 748 maldrum,
411 699 530 737 Vrbini
545 703 681 738 Ducem
696 727 707 746 ,
733 697 790 734 cui
807 704 842 733 et
857 695 927 744 ipse
943 707 1082 731 stron-

59 770 183 794 Trnvs
206 756 414 806 inscripserat
428 785 439 803 ‚
467 756 674 793 mittendum
688 752 828 789 curauit.
898 746 1080 787 Defundlo

55 813 158 861 igitur
183 826 200 849 P
216 825 235 848 E
250 825 271 849 R
284 825 306 848 o
320 825 343 847 ‘r
359 825 381 847 T
396 824 418 847 ο
446 813 533 848 circa
551 814 589 847 A.
613 814 717 856 ¹480·
746 815 781 843 et
802 801 961 842 federico
979 806 1082 841 Duce

55 872 151 913 ¹482·
179 865 287 904 Guido
315 864 353 914 b)
387 863 501 902 Vbald.
527 862 676 902 Federici
696 860 742 898 fil.
766 857 969 898 Ludouicum
992 856 1083 895 Oda-

56 922 152 958 xium
178 922 220 959 ad
246 922 436 959 editionem
460 920 638 962 hortatur,
669 925 704 954 et
726 914 768 953 ab
792 915 921 952 eodem
942 911 1002 952 fibi
1027 916 1083 950 in-

55 976 217 1025 scriptum
231 978 367 1026 recepit.
434 976 589 1013 Proxima
611 972 720 1009 editio
744 979 922 1020 procurata
946 969 1082 1006 videtur

55 1041 132 1068 ante
154 1030 306 1081 elapsum
323 1030 460 1080 prorsus
481 1029 685 1065 decennium
703 1056 714 1074 ,
742 1029 862 1064 Venet.
888 1037 991 1073 1492.
1019 1022 1081 1061 fol.

53 1097 114 1135 per
130 1084 377 1123 Bernardinum
392 1082 429 1121 de
442 1084 538 1121 Coris
564 1083 607 1120 de
625 1083 809 1120 Cremona.
864 1080 1000 1118 Deinde
1025 1092 1084 1116 au-

55 1150 126 1178 tem
146 1141 244 1190 prelo
267 1141 329 1178 suo
355 1139 494 1177 ilibiecit
516 1135 622 1175 Aldus
643 1138 826 1175 Manutius
841 1139 946 1173 Anno
973 1145 1077 1183 1499.

56 1194 112 1233 vbi
137 1225 158 1242 ‚,
171 1195 417 1247 quamplurima
442 1193 536 1239 loca,
553 1205 639 1244 quae
660 1194 694 1230 in
719 1190 791 1229 aliis
820 1202 896 1229 ante
916 1189 1085 1239 impress'is

55 1280 78 1297 ,‚
94 1249 283 1289 incorresta
297 1249 466 1298 leguntur,
483 1248 662 1286 emendata
682 1247 747 1284 esse
762 1276 784 1295 ,‚
811 1245 1082 1297 profiteturEdi-

56 1315 122 1343 tor.
179 1307 277 1343 Tum
294 1314 409 1342 autem
424 1306 589 1354 proximo
603 1315 694 1340 anno
710 1313 809 1350 1500.
838 1301 967 1351 prodiit
981 1297 1081 1338 Paris

55 1373 117 1409 per
146 1357 256 1397 Vdalr.
284 1360 414 1413 Gering
440 1368 475 1396 et
505 1355 676 1396 Berthold.
697 1354 850 1396 Rembolt
873 1355 987 1394 socios
1021 1355 1081 1405 c).

56 1414 237 1465 Exemplar
271 1442 293 1462 ‚.
307 1428 352 1452 ex
373 1412 532 1452 vniuerfis
553 1411 834 1462 praecedentibus
860 1412 1058 1460 castigatum
1071 1439 1084 1457 ‚

58 1499 81 1517 „
96 1481 131 1508 et
145 1481 392 1519 nonnunquam
408 1483 452 1506 ex
465 1468 686 1518 originalibus
701 1467 954 1517 diligentissime
970 1463 1084 1516 perfe-

51 1550 77 1571 ‚‚
93 1521 198 1561 stum.
214 1552 238 1571 ‚‚
290 1526 377 1560 Nam
387 1553 398 1570 ,
413 1533 449 1561 vt
463 1523 498 1560 id
514 1524 652 1561 tandem
666 1536 831 1562 moneam
842 1552 853 1568 ‚
871 1525 939 1560 iam
956 1524 991 1559 in
1005 1533 1084 1559 eam

51 1579 162 1615 creuit
176 1578 464 1617 existimationem
489 1591 543 1616 res
557 1581 686 1617 Lexica
701 1609 712 1627 ,
740 1588 778 1616 vt
798 1588 931 1628 praeter
949 1575 1085 1614 labores

51 1631 261 1682 compilandi
276 1662 287 1680 ‚
311 1633 459 1671 aliorum
472 1635 587 1682 etiam,
604 1637 663 1686 qui
678 1632 875 1684 Audiorem
896 1631 1085 1684 sequeban-

51 1696 132 1735 tur,
164 1701 243 1726 cura
273 1690 309 1725 in
331 1689 556 1736 recudendo,
592 1689 801 1739 corrigendo
832 1699 867 1727 et
891 1687 1085 1738 supplendo

51 1753 276 1781 exerceretur.
347 1746 471 1796 Neque
493 1743 666 1794 dedignati
697 1744 775 1782 sunt
806 1744 991 1796 aliquando
1021 1743 1086 1781 viri

52 1796 178 1835 summi
191 1807 226 1836 et
239 1800 274 1836 in
288 1797 391 1837 literis
414 1801 587 1849 principes
609 1813 687 1838 eam
701 1799 819 1838 limam
834 1801 1086 1837 Recentiorum

51 1854 188 1891 Lexicis
211 1853 400 1892 admouere
415 1883 426 1900 ‚
459 1867 566 1905 quam
587 1855 790 1903 grauissimis
809 1865 855 1889 ex
879 1853 980 1888 omni
1002 1852 1088 1887 anti-

50 1909 178 1958 quitate
191 1906 411 1946 AuEtoribus
425 1909 558 1944 summa
579 1920 662 1944 cum
676 1907 776 1944 laude
789 1906 980 1943 admouere
1000 1903 1089 1939 sole-

51 1960 141 2000 bant.
195 1964 318 2013 Neque
341 1969 412 1998 erat
429 1974 447 1997 P
460 1974 480 1997 E
491 1974 512 1997 R
528 1974 551 1996 0
567 1974 589 1997 T
603 1974 627 1996 T
643 1974 666 1996 ν
677 1974 693 1996 s
713 1963 748 1994 in
771 1960 837 1994 hae
859 1957 968 1992 laudis
990 1963 1086 2003 parte

53 2025 240 2056 extremus.
292 2018 380 2053 Nam
399 2023 476 2050 ante
490 2014 680 2050 editionem
697 2009 930 2058 Parifiensem,
954 2009 999 2046 de
1016 2020 1084 2060 qua

52 2071 163 2109 modo
177 2097 188 2117 ‚
222 2082 241 2106 a
259 2069 377 2104 Ioanne
397 2068 550 2120 Pompeio
567 2068 734 2103 Corniano
748 2067 911 2102 Brixiano
938 2064 1085 2102 adorna-

50 2134 118 2162 tam
137 2151 148 2168 ‚
174 2124 272 2161 cuius
297 2121 468 2171 diligentia
489 2134 621 2160 errores
636 2120 766 2159 multos
787 2119 938 2166 sustulit,
956 2118 1083 2171 quibus

50 2178 219 2217 scatebant
232 2177 410 2216 Editiones
424 2177 557 2226 priores
570 2207 581 2223 ,
607 2179 667 2214 Vir
681 2176 838 2214 summus
864 2185 899 2213 et
914 2174 1000 2213 vltra
1015 2187 1083 2213 no-

52 2234 157 2272 strum
171 2234 395 2284 praeconium
411 2231 537 2282 politus
545 2229 730 2283 Polydorus
751 2229 920 2286 Virgilius
946 2260 969 2279 „
983 2229 1083 2269 libra-

53 2318 76 2338 „
89 2288 220 2326 riorum
245 2290 411 2326 incuriam
439 2286 700 2337 deprehendens
722 2316 733 2334 ‚
776 2287 942 2335 (hominis
969 2282 1085 2323 verbis

53 2374 76 2392 „
90 2345 190 2392 υτον)
225 2343 266 2380 ad
282 2346 458 2381 Perottum
480 2345 654 2392 integrum
674 2355 714 2380 ac
729 2339 1085 2380 emendatumfleeto-

53 2429 77 2448 ‚‚
94 2398 185 2437 ribus
207 2398 441 2448 praestandum
463 2399 601 2437 acceffit
620 2426 631 2444 ‚
668 2408 703 2435 et
724 2397 767 2435 ad
781 2396 958 2447 exemplar
980 2398 1016 2433 in
1029 2398 1086 2434 Bi-

54 2483 78 2502 „
91 2453 381 2492 bliothecaDucis
395 2451 516 2491 Vrbini
527 2454 560 2491 se
569 2454 679 2504 ipsum
695 2451 854 2490 contulit.
883 2481 908 2499 „
961 2455 994 2489 A
1010 2463 1084 2502 quo

55 2509 201 2558 proinde
221 2509 351 2558 prodiit
372 2509 587 2547 emendatior
608 2518 643 2546 et
657 2507 717 2546 fibi
740 2508 923 2546 restitutus.
978 2504 1086 2544 Aldus

58 2562 182 2600 deinde
197 2564 375 2600 Manutius
389 2592 400 2610 ,
432 2575 451 2600 a
467 2576 539 2615 quo
562 2577 635 2602 non
665 2562 769 2601 semel
792 2563 929 2601 videtur
945 2563 1085 2600 Cornu-

57 2618 167 2666 Copia
191 2618 279 2667 typis
300 2616 443 2655 describi
465 2647 476 2665 ‚
508 2620 545 2656 in
570 2631 608 2656 ea
629 2618 800 2665 editione,
819 2631 923 2671 quarn
945 2618 1087 2668 prodire

56 2673 146 2711 iuffit
162 2674 282 2710 Venet.
302 2684 387 2721 ¹5¹3·
416 2671 476 2710 fol.
499 2674 653 2712 editione
670 2673 775 2724 longe
790 2676 932 2712 caeteris
954 2671 1088 2722 praefe-

49 2727 160 2775 renda
181 2756 192 2774 ,
214 2738 361 2777 ‚praeter
383 2730 666 2767 Commentarios
686 2732 874 2783 recognitos
910 2737 1015 2783 atque
1041 2741 1086 2766 ex

55 2780 243 2834 Archetypo
260 2780 448 2820 emendatos
463 2811 472 2826 ,
494 2785 687 2830 *Varronem
702 2816 713 2834 ,
740 2783 867 2835 Festum
893 2794 957 2822 etc.
985 2786 1085 2833 operi

56 2835 198 2875 fitbiecit
212 2867 223 2885 ‚
248 2847 283 2874 et
297 2865 308 2883 ‚
335 2839 432 2890 quod
448 2852 521 2877 non
543 2852 663 2890 parum
680 2850 738 2879 aut
753 2840 906 2879 Vtilitatis
919 2849 977 2877 aut
992 2842 1086 2877 nito-

57 2894 104 2929 ris
130 2891 214 2930 huic
232 2893 377 2932 editioni
399 2893 562 2943 confert,
601 2897 746 2934 Nonium
765 2893 993 2943 Marcellum,
1030 2896 1088 2932 cui

59 2955 134 2985 tum
155 2949 306 2996 primum
328 2949 426 2986 tertia
445 2947 516 2988 fere
541 2962 617 3000 pars
633 2951 748 2988 addita
772 2960 843 2988 erat
859 2979 869 2994 ‚
901 2961 936 2987 et
959 2949 1088 2988 multae

57 3009 231 3050 praeterea·
242 3003 518 3052 emendationes,
545 3008 678 3057 quasin
694 3016 771 3044 ante
787 3006 952 3054 impreffis
967 3004 1087 3043 frustra

57 3055 280 3106 quaefiueris‚
304 3070 407 3108 opera
421 3068 458 3097 et
473 3059 646 3110 diligentia
663 3062 706 3099 ad
721 3074 799 3099 eam
815 3073 889 3098 rem
904 3062 980 3099 vsus
997 3062 1023 3098 I.
1035 3061 1090 3099 Iu-

57 3107 155 3148 w'ldi
170 3108 209 3159 d>
235 3112 435 3156 Veronensis
448 3144 459 3164 ‚
475 3118 588 3168 quiin
601 3115 714 3155 Gallia
730 3117 879 3154 Nonium
901 3129 983 3154 cum
1005 3118 1092 3154 anti-

1139 200 1216 250 quis
1239 196 1388 235 contulit
1408 197 1671 247 exemplaribus.

1737 197 1919 250 Polydori,
1956 203 2117 239 Cor-niani
2140 209 2175 241 et

1141 251 1224 292 Aldi
1248 251 1424 291 laboribus
1456 253 1610 290 iiieceffit
1640 258 1691 291 vir
1724 255 1939 294 doetiffimus
1978 255 2176 294 Valentinus

1142 310 1264 356 Curio,
1292 306 1602 359 Basti-1526-1532·
1630 317 1665 345 et
1682 309 1781 356 alibi,
1809 313 1868 362 qui
1884 319 2016 360 praeter
2032 324 2177 360 operam

1141 366 1178 401 in
1197 377 1214 400 ι’
1229 376 1248 399 E
1261 377 1283 399 R
1297 376 1319 399 o
1335 376 1358 398 T
1374 376 1396 398 T
1411 376 1433 399 o
1451 363 1598 399 sumtatn
1616 390 1626 408 ‚
1666 362 1779 400 socios
1804 367 1958 403 adiunxit
1980 366 2177 414 Varronem,

1142 417 1270 464 Festum
1288 427 1322 454 et
1337 416 1550 455 Marcellum.
1604 420 1708 465 Qios
1718 420 1973 458 Grammaticos
1987 451 1997 469 ,
2026 423 2178 460 Nonium

1142 475 1326 524 praecipue
1343 502 1354 518 ‚
1382 471 1558 509 illustrauit
1573 482 1608 510 et
1623 485 1668 509 ex
1688 473 1777 509 Cod.
1793 477 1900 510 veteri
1917 476 2046 525 saepius
2060 478 2178 515 emen-

1144 530 1240 566 dauit
1253 525 1361 566 Mich.
1371 528 1543 564 Bentinus.
1599 527 1732 564 Prodiit
1748 539 1830 564 vcro
1850 540 1866 563 1³
1880 542 1899 564 E
1912 541 1934 564 r<
1947 542 1969 565 o
1983 545 2004 566 T
2020 545 2042 567 T
2058 546 2070 568 1
2089 534 2179 571 Cor.

1145 584 1336 632 nu-Copia
1350 583 1500 632 saepius,
1527 595 1571 619 ne
1591 583 1627 619 in
1642 580 1778 631 lingulis
1800 584 1986 630 immorer,
2012 587 2119 624 Anno
2134 587 2177 624 sc.

1147 650 1251 688 1504.
1282 637 1381 675 Paris.
1405 639 1506 686 1506.
1534 649 1595 686 per
1621 636 1688 674 Ioh.
1706 637 1810 683 Pruſs
1829 638 2072 686 Argentinutn.
2098 654 2178 689 1521.

1144 694 1215 732 Bas
1241 696 1446 744 iterumque
1477 692 1559 729 ibid.
1590 693 1682 740 1536.
1751 695 1805 729 De
1836 692 1889 729 liis
1913 693 2182 734 Commentariis

1142 749 1237 787 istius
1253 749 1370 786 aetatis
1385 748 1549 785 homines
1572 750 1690 785 onmia
1710 750 1842 796 optima
1863 748 1984 786 sentire
2006 759 2039 786 et
2057 750 2179 790 dicere.

1144 805 1266 844 Sistarn
1280 802 1345 840 tibi
1360 832 1372 850 ‚
1404 801 1535 850 lecior,
1561 805 1688 840 iterum
1705 804 1883 840 Latomum
1899 830 1909 845 ,

1242 890 1339 921 Cornu
1365 885 1458 919 nobile
1484 889 1587 933 Copiae
1612 888 1729 919 Perotti

1242 954 1320 1000 Nonv
1334 952 1420 998 quale
1449 952 1565 983 Oleniae
1583 961 1661 997 puer
1687 951 1819 997 Capellae

1240 1018 1354 1050 Sanxit
1378 1017 1491 1062 Iupiter
1507 1040 1516 1054 ‚
1548 1016 1711 1061 intulitque
1737 1016 1812 1047 caclo
1827 1026 1838 1047 :

1242 1081 1302 1112 Aut
1325 1079 1411 1125 quale
1434 1079 1579 1111 Henculea
1603 1090 1693 1111 manu
1716 1077 1864 1122 reuulficm
1878 1104 1887 1118 ,

1244 1144 1340 1177 Aetoli
1357 1144 1450 1185 fluuii
1467 1152 1596 1188 peremit·
1619 1143 1726 1175 vulnus
1739 1168 1748 1182 ‚

1250 1208 1360 1251 Tlgymo
1384 1215 1412 1239 et
1436 1205 1556 1240 baccare
1581 1206 1713 1241 Naiadei·
1737 1206 1886 1252 replerunt
1899 1217 1910 1238 :

1242 1275 1284 1305 At
1309 1270 1426 1304 dolium
1450 1272 1627 1317 variumque
1651 1271 1863 1317 multipIexque
1877 1296 1886 1310 ‚

1243 1337 1281 1369 Et
1307 1334 1422 1368 cunc‘lis
1444 1333 1544 1381 opibus
1567 1334 1754 1381 cupediisque
1769 1357 1779 1372 ,

1243 1402 1328 1444 ‘Ques
1352 1397 1460 1443 Muſsve
1483 1397 1658 1431 Oenotrides
1682 1407 1785 1430 amant
1799 1424 1808 1437 ‚
1832 1398 1985 1442 refertum.

1243 1466 1303 1498 Hic
1326 1464 1376 1496 illc
1401 1463 1439 1506 est
1463 1461 1561 1501 liber,
1593 1463 1643 1494 illc
1667 1462 1831 1494 Martialis

1244 1530 1397 1576 Inter-pres
1411 1553 1420 1568 ‚
1452 1529 1557 1560 Latiae
1581 1527 1637 1560 illa
1660 1526 1764 1571 lingua
1788 1526 1906 1571 linguae
1921 1550 1931 1567 2

1247 1594 1343 1625 Cornu
1365 1590 1459 1625 nobile
1492 1594 1596 1639 Copiae
1619 1592 1744 1624 I’crotti.

1148 1686 1392 1737 Adiungamus
1407 1684 1591 1733 Gefiterum
1607 1698 1621 1721 .·
1647 1713 1670 1731 ,,
1685 1686 1784 1722 Haec
1796 1695 1874 1733 pars
1891 1695 1996 1735 quam
2011 1681 2196 1732 habemus,

1150 1771 1173 1790 ,‚
1189 1741 1290 1792 plena
1306 1739 1355 1778 est
1368 1739 1583 1785 Philologiae
1598 1747 1634 1775 et
1650 1739 1857 1786 eruditionis
1871 1741 1984 1776 variae
2003 1768 2014 1786 ,
2040 1752 2085 1776 ex
2102 1741 2194 1787 opti-

1149 1826 1174 1844 „
1188 1798 1254 1833 mis
1273 1793 1469 1844 quibusque
1486 1800 1647 1829 veterum
1664 1789 1856 1829 denfiffirna
1879 1792 2072 1829 testimonia
2087 1796 2194 1830 citans

1151 1847 1371 1896 „multiplici
1395 1859 1477 1883 cum
1499 1845 1540 1882 ad
1557 1857 1675 1881 rerum
1697 1855 1775 1881 tum
1790 1845 1833 1881 ad
1853 1845 2108 1883 vocabulorum
2127 1856 2195 1894 *coi

1150 1930 1173 1948 ‚,
1188 1904 1384 1948 gnitionem
1399 1900 1460 1936 vsu
1478 1913 1486 1935 :
1515 1928 1539 1946 ‚,
1591 1896 1751 1936 Ludouic.
1781 1901 1866 1935 item
1889 1900 2005 1937 Viuem
2022 1913 2036 1941 ,-
2078 1929 2102 1948 ,,
2115 1903 2192 1938 Nic.

1150 1982 1173 2001 ‚,
1190 1954 1623 2003 PerottiCornu-Copiae
1638 1982 1649 2000 ‚
1677 1953 1701 1992 fi
1724 1963 1823 1993 vacet
1845 1953 1959 2003 legere
1973 1983 1983 2001 ‚
2011 1967 2083 1992 non
2109 1968 2194 2005 poe-

1149 2038 1173 2063 „
1194 2007 1319 2046 nitebit
1353 2008 1547 2046 collocatae
1576 2010 1614 2045 in
1641 2021 1686 2047 eo
1722 2021 1858 2058 operae.
1887 2038 1910 2057 ,‚
1968 2008 2194 2050 Trithemium

1148 2077 1320 2116 quoque:
1356 2093 1380 2112 „
1396 2063 1564 2102 Nicolaus
1594 2066 1755 2102 Perottus
1777 2063 2057 2103 Saxoferratenfis
2088 2077 2123 2103 et
2145 2069 2195 2104 Si-

1148 2149 1172 2168 „
1187 2121 1355 2169 pontinus
1370 2119 1561 2170 Episcopus
1577 2149 1588 2168 ‚
1607 2121 1665 2160 ,vir
1682 2121 1717 2156 in
1735 2120 1864 2157 diuinis
1882 2120 2057 2170 scripturis
2078 2123 2194 2160 erudi-

1147 2204 1171 2223 „
1186 2175 1332 2213 tiffimus
1354 2178 1438 2213 etin
1455 2173 1682 2214 specularibus
1705 2174 1811 2213 literis
1835 2175 1919 2213 nulli
1943 2176 2006 2213 fiio
2033 2186 2194 2227 tempore

1146 2229 1361 2279 „secundus
1375 2260 1389 2278 ‚
1421 2233 1581 2280 egregius
1600 2230 1814 2279 Theologus
1830 2261 1840 2278 ‚
1873 2243 1913 2268 ac
1937 2231 2059 2269 rhetor
2088 2233 2192 2270 diser-

1146 2315 1169 2334 „
1184 2285 1350 2334 affinius,
1376 2288 1519 2335 ingenio
1535 2299 1632 2334 acer,
1659 2296 1694 2324 et
1711 2288 1779 2324 vita
1794 2286 1997 2336 praeclarus.
2054 2286 2192 2336 Scripsit

1147 2369 1170 2390 „
1184 2342 1356 2393 quaedam
1383 2340 1553 2379 luculenta
1570 2341 1734 2392 opuscula
1750 2372 1761 2389 ,
1794 2340 1922 2393 quibus
1938 2355 2070 2380 nomen
2091 2343 2193 2381 litum

1146 2397 1327 2446 „posteris
1349 2398 1554 2437 notificauit.
1621 2400 1650 2434 E
1683 2396 1808 2449 quibus
1830 2398 1936 2435 exstat
1958 2410 2048 2447 opus
2065 2397 2193 2447 insigne

1150 2481 1173 2500 ‚‚
1190 2451 1331 2489 duobus
1347 2451 1585 2490 voluminibus
1598 2453 1768 2499 diuisum,
1796 2454 1832 2489 in
1846 2455 2007 2489 Marcum
2019 2452 2193 2491 Valerium

1149 2536 1173 2556 „
1188 2507 1383 2546 Martialem
1400 2511 1545 2546 Poetam
1567 2521 1713 2546 omnem
1728 2509 1841 2545 Latini
1864 2506 2034 2545 sermonis
2057 2507 2193 2558 elegan-

1148 2592 1170 2610 ,‚
1187 2565 1289 2609 tiam,
1315 2566 1487 2601 rationem
1502 2573 1537 2601 et
1553 2559 1828 2601 enucleationem
1845 2562 2080 2613 pulcherrime
2094 2577 2194 2603 com-

1152 2646 1175 2666 ,‚
1190 2616 1346 2668 plectens
1362 2649 1373 2667 ,
1402 2619 1499 2670 quod
1515 2620 1730 2668 praenotauit
1747 2619 2092 2656 Commentariorum
2109 2622 2194 2658 Lin-

1151 2703 1174 2722 „
1190 2687 1277 2722 guae
1301 2676 1443 2713 Latinae
1468 2673 1636 2712 volumen
1652 2704 1662 2721 ‚
1705 2672 1774 2712 siue
1796 2684 1833 2711 vt
1860 2673 1967 2723 vulgo
1992 2673 2193 2725 appellatur,

1151 2758 1174 2777 „
1192 2730 1508 2779 Cornu-Copiam.
1545 2759 1567 2777 ‚‚
1632 2729 1761 2768 Eadem
1782 2727 1855 2767 fere
1880 2729 1923 2767 ad
1947 2729 2120 2778 verbum,
2155 2740 2194 2768 vt

1150 2797 1230 2821 mos
1252 2784 1325 2831 est,
1360 2785 1428 2823 Iac.
1453 2783 1541 2822 Phil.
1575 2786 1731 2839 Bergom.
1758 2783 1934 2835 Supplem.
1959 2785 2127 2824 Chronic.
2156 2795 2193 2823 et

1151 2839 1330 2878 Chronica
1365 2840 1632 2878 Chronicarum.
1718 2838 1825 2877 Rcste
1859 2842 1946 2876 item
1978 2841 2018 2877 P.
2054 2841 2166 2877 Iouius
2180 2854 2193 2877 .-

1150 2924 1173 2942 ,,
1189 2895 1403 2945 Composuit
1426 2909 1570 2948 quoque
1585 2894 1754 2933 volumen
1769 2897 2022 2934 Commentarii
2045 2897 2193 2933 nomine

1152 2976 1174 2998 ,‚
1189 2953 1225 2988 in
1255 2950 1451 2990 Martialem
1467 2981 1478 2999 ‚
1514 2954 1637 2989 Cornu
1657 2975 1672 2982 -
1689 2952 1822 3000 Copiae
1840 2980 1850 2997 ,
1887 2949 2046 2999 vsurpato
2075 2958 2192 2988 vetere

1153 3034 1176 3054 „
1192 3008 1335 3052 Graeco
1352 3005 1515 3046 lemmate
1532 3015 1769 3056 nuncupatum
1790 3035 1800 3053 ‚
1829 3004 1975 3055 perutile
1992 3005 2135 3056 quidem
2150 3018 2192 3044 ac

1155 3090 1178 3109 ‚‚
1194 3059 1242 3099 ob
1259 3062 1295 3099 id
1311 3060 1448 3101 fortaffe
1463 3063 1724 3112 sempiternum.
1757 3090 1786 3110 „t
1841 3061 2094 3108 Seinpiternum
2109 3073 2193 3110 pro-

1155 3114 1252 3155 festo
1284 3145 1295 3164 ,
1347 3131 1432 3157 cuin
1474 3132 1519 3156 ex
1558 3116 1633 3155 hoc
1674 3115 1766 3169 quasi
1806 3115 1949 3153 stamine
1987 3125 2192 3166 perpetuam

1217 3185 1240 3222 g
1269 3184 1290 3210 2
2089 3169 2194 3210 telam

52 3266 60 3280 ’
97 3270 127 3302 ⁶)
146 3286 164 3302 n
179 3268 372 3316 Properantem
387 3276 528 3317 τιμίαν-με
543 3279 595 3300 tam
610 3274 757 3311 expetitum
781 3283 809 3300 ac
828 3272 1004 3303 desideratum
1019 3284 1086 3314 opus
1101 3276 1224 3302 emittere
1240 3296 1248 3308 ,
1277 3273 1346 3302 illud
1365 3275 1446 3310 magis
1468 3284 1496 3302 ac
1513 3275 1597 3310 magis
1610 3271 1727 3302 accendit
1744 3278 1823 3309 atque
1835 3270 1993 3307 inflammat,
2009 3273 2085 3310 quod
2102 3261 2191 3301 nesc'io

135 3328 154 3342 „
170 3317 250 3346 quem
273 3308 425 3356 vilulimum
448 3309 630 3354 paedagogum
647 3325 702 3342 non
717 3314 812 3353 puduit
824 3325 926 3352 nuper,
945 3323 974 3343 vt
986 3316 1022 3343 est
1036 3317 1158 3343 omnium
1171 3316 1412 3353 impudentill'imus
1428 3331 1438 3344 ‚
1464 3314 1608 3354 plerasque
1624 3313 1764 3341 sententias
1782 3323 1796 3339 e
1813 3312 1930 3341 sacrario
1950 3315 2040 3352 pati-ui
2056 3315 2109 3341 inei
2124 3314 2191 3341 snm-

138 3368 158 3382 „
173 3356 211 3377 (δῦ
239 3350 333 3396 (hu-nc.
345 3350 620 3396 emm-humaniffime
643 3353 746 3394 semper
758 3354 883 3383 omnibus
904 3356 1052 3395 expositum
1072 3356 1147 3384 adire
1163 3356 1292 3394 frequens
1310 3355 1425 3384 discendi
1440 3356 1526 3391 gratia
1539 3354 1658 3384 solebat)
1690 3360 1816 3391 tanquam
1831 3352 1890 3381 suas
1911 3353 2039 3392 promere
2053 3374 2063 3388 ,
2088 3363 2116 3391 et
2137 3361 2191 3384 tam

137 3408 158 3423 ‚,
171 3388 313 3433 praeclaris
326 3400 442 3437 inuentis
455 3390 678 3437 impii-deutiffime
689 3394 811 3431 gloriari.
852 3394 966 3425 Nullum
981 3397 1052 3425 cuim
1066 3396 1176 3425 vltionis
1190 3407 1274 3433 genus
1284 3399 1313 3424 in
1328 3397 1396 3424 hanc
1405 3395 1524 3423 belluam
1540 3393 1736 3423 accomodatius
1743 3394 1804 3421 fore
1821 3394 1952 3428 existimo,
1961 3404 2041 3433 quam
2055 3401 2083 3421 vt
2098 3404 2191 3422 ornnes

139 3449 158 3463 ‚‚
171 3430 219 3458 hac
240 3432 329 3459 nosti-:i
350 3431 469 3459 editione
493 3430 565 3459 illius
586 3431 656 3468 furta
675 3434 719 3463 vel
747 3436 838 3475 potius
859 3434 994 3474 sacrilegia
1018 3437 1230 3473 recognoscant,
1264 3445 1291 3465 et
1314 3437 1433 3466 hominis
1457 3437 1634 3464 temeritatem
1649 3440 1670 3468 ,³
1684 3433 1767 3462 scelus
1794 3435 2071 3472 ingratitudinemque
2094 3434 2191 3462 conde-

138 3490 156 3503 „
170 3477 268 3498 mnent.
288 3492 307 3505 „
347 3471 451 3500 Deinde
466 3473 555 3511 paucis
569 3468 740 3504 interstetit:¹
781 3497 799 3510 „
821 3474 1004 3519 Neqiie'effim
1019 3478 1111 3506 recuso
1129 3499 1137 3512 ,
1156 3478 1184 3505 ‘fi
1197 3479 1235 3506 ita
1249 3488 1291 3507 res
1305 3477 1376 3506 ferat
1388 3499 1396 3510 ‚
1419 3487 1519 3516 poenas
1542 3475 1615 3502 luere
1631 3473 1664 3502 ad
1677 3474 1888 3503 honestillinium
1906 3474 2007 3503 facium
2022 3495 2030 3508 ,
2059 3481 2085 3502 et
2101 3474 2190 3506 subire

139 3526 159 3544 2,
171 3511 268 3548 optimi
283 3513 414 3540 Pontificis
429 3512 642 3551 qualemcunque
653 3513 866 3551 indignationem

907 3516 951 3546 alo
965 3539 974 3552 ‚
1001 3528 1084 3557 quain
1096 3526 1142 3547 aut
1158 3519 1225 3546 hanc
1238 3519 1364 3547 iniuriam
1380 3518 1468 3545 facere
1482 3515 1713 3544 lucubrationibus
1730 3516 1797 3549 eius,
1812 3522 1840 3543 vt
1855 3515 1955 3544 diutius
1967 3515 1995 3543 in
2017 3515 2137 3543 tenebris
2152 3517 2190 3543 ia-

139 3569 160 3584 „
170 3558 264 3585 ceant,
285 3560 331 3580 aut
345 3552 412 3580 hanc
425 3551 541 3590 gloriam
556 3552 710 3592 relinquere
724 3526 1093 3624 sordgilissimfflacdagogm
1114 3567 1143 3587 vt
1159 3557 1278 3587 aliorum
1294 3560 1405 3586 inuenta
1422 3558 1468 3585 sibi
1488 3556 1619 3585 adscribat
1633 3575 1643 3590 ,
1664 3563 1711 3584 ant
1728 3560 1768 3584 tot
1789 3555 1959 3584 eruditorum
1974 3554 2117 3584 hominum
2132 3566 2192 3594 pre·

138 3600 216 3623 „ses
230 3587 386 3626 ,desideria
401 3614 412 3626 ,
431 3600 496 3622 vota
507 3602 682 3623 contemnere
698 3618 706 3630 ,
727 3605 761 3623 ne

796 3597 864 3624 icam
876 3607 1035 3638 perpetuum
1049 3600 1200 3638 posteritati
1214 3599 1340 3627 damnum
1355 3597 1467 3626 inferre.
1489 3617 1508 3631 ‚‚

1553 3595 1648 3630 Pyrrhi
1666 3597 1773 3643 nepotis
1787 3596 1921 3633 praefatio
1934 3593 1967 3623 ad
1983 3595 2133 3624 medericum
2147 3596 2193 3624 du-

116 3630 127 3649 ‘
140 3631 206 3658 tern-
247 3630 296 3660 Ille
310 3642 389 3670 quem
402 3641 481 3663 vexat
495 3634 608 3670 Pyrrhus
617 3634 832 3674 in‘praefatione
846 3645 904 3666 erat
913 3640 1054 3668 Domitius
1067 3639 1235 3674 Calda-inus,
1248 3649 1366 3679 quocum
1381 3636 1478 3666 multas
1497 3644 1524 3666 et
1541 3635 1644 3665 seueras
1660 3637 1815 3665 inimicitias
1826 3637 1948 3665 exercuit
1963 3643 1986 3663 Ν
1995 3643 2005 3663 1
2016 3642 2034 3663 c
2047 3643 2066 3664 ο
2080 3644 2131 3665 ,ΛΑ
2144 3645 2164 3664 v
2176 3645 2190 3665 2

144 3674 163 3696 Ρ
173 3676 311 3700 EROTT
319 3681 340 3700 V
351 3681 378 3702 S·
418 3673 480 3702 Vid·
494 3674 605 3704 Eud-1¹²
620 3677 718 3705 Lexico
733 3677 846 3704 Critico.
882 3677 940 3714 by
952 3679 1044 3709 odax.
1062 3682 1094 3709 :in
1107 3681 1222 3720 praefat.
1260 3702 1280 3716 ‚‚
1301 3682 1363 3708 Hoc
1376 3688 1443 3718 opus
1460 3688 1512 3712 ego
1527 3678 1656 3716 proximis
1669 3677 1802 3705 mensibus
1822 3675 1890 3704 iuss‘u
1911 3683 1938 3704 et
1952 3675 2071 3715 auspicio
2089 3684 2137 3705 tuo
2155 3677 2193 3705 di-

127 3707 340 3753 .‚‚,ligentillimc
353 3710 497 3749 lectitans,
519 3723 545 3744 et
559 3737 568 3750 ,
588 3716 679 3754 quoad
696 3728 743 3755 per
757 3727 800 3744 mc
814 3718 874 3745 fleri
887 3716 964 3749 licuit
974 3742 984 3755 ‚
1003 3721 1245 3750 emendatissimum
1265 3720 1378 3749 reddidi.
1401 3740 1421 3753 „

1468 3720 1542 3746 Haec
1556 3718 1640 3755 igitur
1661 3720 1785 3758 princeps
1804 3724 1861 3744 erat
1876 3724 1976 3746 PERO
1987 3723 2010 3744 'r
2025 3723 2068 3745 ‘rt
2090 3717 2192 3751 editio,

197 3759 258 3779 nam
275 3760 376 3782 certum
397 3756 433 3783 est
444 3755 570 3794 prodiisse
584 3757 654 3784 intra
668 3768 730 3786 aun.
749 3764 819 3792 1482.
843 3765 870 3786 et
885 3763 955 3792 1486.
968 3760 1022 3789 ‘snb
1041 3772 1077 3790 co
1089 3761 1122 3790 sc.
1145 3763 1275 3800 temporis
1296 3758 1445 3789 interuallo
1461 3780 1471 3792 ,
1499 3768 1556 3798 quo
1572 3757 1657 3787 Gwdo
1677 3758 1824 3788 Waeahffims
1841 3757 1940 3785 Vrbini
1953 3759 2086 3785 nucarum
2107 3758 2192 3794 gellit.

143 3767 166 3781 ’1

143 3787 180 3816 '³
201 3790 256 3818 {⁸³¹⁹
269 3791 392 3829 “8⁰0⁶
406 3796 518 3835 cangius
531 3817 540 3830 ‚
561 3799 608 3835 qni
625 3798 654 3826 in
666 3799 778 3837 praefat.
796 3797 830 3827 ad
844 3797 1004 3870 Glossagiim
1021 3823 1030 3837 ‚
1049 3802 1104 3831 hoc
1119 3813 1187 3871 {gns
1199 3802 1419 3871 (ἰῖιοι-ιιιλίίῖῗρίῑῗ
1442 3799 1489 3826 sub
1501 3808 1603 3868 annum
1618 3808 1694 3836 ¹470.
1714 3798 1845 3838 publicari
1859 3798 2000 3826 existimat.

935 3876 948 3883 ..
978 3843 1031 3870 viri
1052 3853 1116 3881 prae
1157 3843 1266 3870 ntii'mi
1314 3843 1364 3870 irae.
1380 3854 1389 3868 A
1413 3839 1516 3868 att'aire
1530 3841 1540 3847 ‘
1561 3864 1567 3869 .
1585 3850 1602 3868 ι.
1618 3850 1643 3878 p.
1659 3850 1715 3876 2²5-

143 3828 184 3856 bis
204 3829 271 3860 hanc
283 3833 562 3867 Editionem‘describi
582 3837 652 3874 apud
669 3838 764 3868 Annal.
781 3839 915 3878 Typogra

962 3872 967 3879 >

2057 3806 2084 3833 e)
2108 3800 2129 3822 V
2135 3798 2191 3825 ide-

141 3868 237 3897 ‘lflffli‘
251 3873 326 3910 Ᾱῐψο
341 3880 400 3906 ¹518.
433 3879 635 3916 Praeceptorem
649 3878 723 3908 suum
744 3888 771 3909 et
787 3889 909 3908 oninium
941 3879 1055 3913 ‘inarum
1067 3884 1168 3912 artium
1181 3891 1300 3912 veterem
1321 3889 1476 3919 nouamque
1496 3879 1690 3909 bibliothecam
1710 3877 1830 3918 appellat
1845 3878 1945 3918 &alig
1965 3880 1994 3906 in
2005 3878 2118 3906 Exercn.
2136 3887 2192 3912 ¹⁹4-

147 3910 206 3939 Vid.
225 3911 329 3950 Pignor.
343 3915 459 3950 Symbol-
473 3917 579 3956 Epistol,
594 3929 620 3958 p.
631 3929 673 3949 ιο.

1785 3838 1817 3872 d)
1846 3839 1866 3866 1.
1881 3839 2013 3866 lucanum
2033 3838 2193 3871 Veronensis
2234 3850 2236 3853 ·
