2474 4182
23 139 62 176 19
375 109 597 155 ·A'L‘¹

24 224 44 240 m
57 211 132 240 habet
144 206 266 244 pluralem
275 225 283 237 ,
303 204 424 240 quamuis
438 199 599 237 singulariter
609 196 724 223 dicatur:
755 205 808 222 non
831 195 902 221 enim
914 194 949 220 est
963 193 1010 234 ali-

12 266 15 273 ·
27 251 48 276 is
77 246 122 274 nili
135 246 166 271 de
177 242 276 270 multis.
313 241 380 266 Haec
392 240 505 266 Donatus
518 234 551 261 ad
565 234 631 273 Ter.
645 230 764 272 Adcipio
774 241 802 271 4,
816 240 844 275 4,
858 240 893 264 24
921 232 1011 270 siper-1-

14 298 16 311 .
29 269 120 318 al’iquis
132 279 247 306 achitum
261 276 365 302 ostium.
403 275 442 301 Sic
453 272 532 299 Plaut.
545 267 618 302 Epid.
631 276 653 299 3,
666 276 687 299 3,
703 272 726 296 18
746 268 820 292 hxite
839 276 888 292 nuc
904 267 1009 306 aliquis.

14 321 108 354 siquae,
121 314 139 341 f.
152 314 212 347 liug-
231 320 278 348 pro
291 312 386 345 Aliqua
398 311 486 345 leg-itur
505 306 569 341 apud
587 304 687 329 Luci-et.
707 311 739 333 4,
763 306 813 336 264
854 318 860 323 .
881 319 891 323 ,
911 319 920 323 ,
943 306 1012 326 mr„

1486 107 1699 149 ALI
2035 125 2108 162 250

1065 193 1121 219 dam
1139 199 1161 218 re
1174 191 1295 232 honestam
1317 198 1471 222 reticentiam
1479 199 1591 232 pertinet
1610 195 1673 224 illud
1690 196 1747 224 Cic.
1765 197 1847 223 Tusc.
1863 206 1874 230 3
1889 207 1912 223 c.
1928 203 1953 228 18
1983 199 2010 225 Si
2029 209 2109 234 quem

1066 235 1174 269 tuorum
1189 227 1324 254 adlliehun
1339 239 1458 269 moe-rare
1471 232 1580 265 videris,
1594 247 1638 252 --
1652 233 1804 259 fasciculum
1819 232 1851 259 ad
1864 242 1937 259 nares
1945 233 2109 267 admonebis,

1068 264 1190 290 incendes
1198 264 1298 302 *odores
1311 278 1355 283 —-
1370 266 1386 303 li
1402 275 1465 291 vcro
1480 268 1591 301 Aliquid
1609 268 1705 301 etiam,
1718 275 1776 295 tum
1789 267 1863 303 plane
1881 268 1982 295 luGuun
2004 279 2112 297 omnem

1067 299 1226 325 amici-seris.
1266 298 1332 325 laud
1344 300 1444 333 aliquid
1460 301 1553 334 hoiujlle
1566 304 1696 330 Vcnereom
1704 306 1852 339 voluptatem
1862 303 1979 340 dqfignat.
2016 306 2111 332 Similis

14 365 41 382 „e
59 350 162 388 perinde
182 349 300 375 videmus
324 348 440 380 Corpore
465 348 518 368 tum
536 340 620 374 plagas
639 338 667 364 in
689 338 794 369 iioilro,
828 343 950 371 tanquam
965 336 1011 360 ali·
1032 336 1045 361 5
1066 338 1133 361 locus
1146 333 1178 367 est
1199 334 1254 361 Cic.
1268 336 1339 361 Fani.
1353 343 1379 368 9,
1394 343 1423 360 22
1444 336 1469 360 Si
1483 336 1603 369 dicimus,
1621 339 1666 364 ille
1675 346 1776 373 patrem
1784 340 1967 374 strangulauit,
1981 339 2112 367 honorem

19 386 54 416 lae
69 396 106 414 reu
136 385 264 412 Verberet
314 390 358 408 cte.
409 379 464 406 Alii
482 376 576 410 Aliqua
595 382 636 401 res
655 375 676 399 le
695 373 779 398 endum
793 380 900 408 putant,
930 374 1012 397 aiunt-

13 404 32 443 ’ἧι
51 424 72 450 Λ
94 423 206 449 vltimam
218 404 321 447 vocllrm
333 415 416 450 effelmi
435 422 479 443 om,
491 409 623 444 etianfifit
633 382 698 435 rel-fi
710 409 787 443 casim
824 408 930 443 Qu'dam
945 404 1014 431 ..socii

11 440 111 488 lendum
122 457 231 492 censi-ne,
261 456 385 488 Tanquam
398 423 485 484 afiqua
497 456 540 478 re,
557 449 583 483 iti
590 445 662 481 sexto
674 443 729 478 casu
738 462 752 481 ,q
785 444 913 470 Verberet
927 449 1014 472 autem,

13 501 69 529 rupi·
97 494 202 519 Ventus.
254 491 289 517 Ex
306 485 440 514 Lambino.
497 482 609 516 Aliquae
627 489 667 506 res
688 479 756 505 ordii·
778 482 850 504 ctiam
877 478 1013 504 Crcccltius.

1067 380 1129 432 ιῖιυιιἰ
1145 371 1302 431 ριηειιξιιιιιιι.
1360 371 1404 396 Sin
1428 369 1459 396 de
1482 372 1592 398 Aurelia
1610 374 1720 408 Aliquid
1742 383 1786 402 aut
1810 376 1915 408 Lollia,
1931 375 2017 403 honos
2040 385 2111 410 prae-

1080 416 1111 432 an
1133 415 1160 432 us
1190 415 1203 431 e
1229 426 1235 432 .

1107 451 1128 468 A
1139 449 1232 481 [μὲν
1245 448 1278 467 11.
1289 449 1296 466 1
1307 447 1346 467 ΒΕ
1357 448 1394 473 T,
1414 440 1485 467 Cael.
1502 441 1730 481 Aurel.Chron.i‚
1745 454 1772 477 4,
1786 453 1830 479 70.
1858 445 2112 481 Aliqualibetcausa.

1106 485 1170 517 A141
1181 484 1342 516 vaisrm
1354 483 1394 508 iu,
1430 478 1478 502 Pro
1492 476 1605 511 Aliquis.
1643 479 1699 503 Cic.
1715 488 1762 512 pro
1777 481 1845 507 Sext.
1858 485 1888 514 63
1909 492 1930 508 c.
1949 491 1987 515 29.
2026 483 2113 516 Atque

12 540 57 557 lm.
66 536 143 565 ΝΜΖ,
155 527 286 564 sjngulafja
293 523 446 559 praemittere
453 517 533 544 libuit.
571 518 622 542 lom
634 517 741 550 <xtemplo
752 516 865 550 vulgaris
872 514 931 549 osus·
938 520 1014 547 pona-
1030 516 1058 534 ¹0
1070 514 1115 539 ille
1130 522 1208 539 etiam
1218 533 1226 546 ,
1248 513 1265 538 li
1281 513 1442 547 aliquapiain
1469 518 1479 544 (
1492 515 1535 538 Al.
1550 512 1602 538 alia
1615 514 1755 547 quapiam)
1786 516 1814 541 vi
1833 518 2007 551 expelleretur
2020 526 2051 544 ex
2066 519 2113 544 hac

12 574 43 592 ris
87 565 155 590 Ter.
172 561 248 589 Andr.
261 570 288 593 4,
301 560 326 589 6,
350 561 374 585 ιε
401 553 482 581 Simul
502 552 618 579 arbitror
633 552 686 578 iam
700 552 747 577 cli'e
761 551 875 584 aliquem
900 550 1015 588 amicum

13 597 23 626 o¹
32 589 194 626 defensorem
214 596 247 623 ei.
281 593 366 620 Celsus
379 591 454 616 ICtus
470 589 485 614 l.
501 590 533 620 96
546 587 572 613 ff.
588 587 619 613 de
633 589 663 613 V.
679 588 701 613 S.
721 585 828 614 Praedia
841 585 953 625 dicimus
967 585 1015 624 ali-

12 623 106 663 «iorum
121 635 176 666 esse,
193 640 245 659 non
257 629 345 662 vtique
357 625 530 652 communiter
543 622 696 650 habentium
711 631 750 654 ea,
769 622 811 648 scd
825 622 866 647 vel
881 619 1015 647 alioaliud

15 659 112 727 [berne.
147 669 199 696 Cic.
217 663 350 697 de‘Legib.
368 670 380 693 3
393 671 413 688 c.
428 670 443 695 7
464 661 528 686 Puto
543 659 619 694 posi‘e,
634 667 659 685 et
673 658 780 693 quidem
793 657 910 691 aliquem
926 657 956 682 de
971 656 1017 682 tri-

1071 550 1146 579 ere,
1163 550 1241 574 facile
1256 555 1398 583 pateretur.
1442 548 1514 574 Ideni
1527 548 1609 574 Tusc.
1624 557 1636 579 3
1651 557 1671 574 c.
1686 557 1702 580 9
1736 549 1809 576 Num
1828 560 1917 578 manus
1938 553 2028 580 affe6la
2042 553 2114 580 rce'ie

1072 586 1106 611 est
1126 594 1186 611 cuin
1212 585 1240 610 in
1259 591 1363 610 tumore
1380 583 1432 610 est?
1469 590 1513 609 aut
1532 592 1596 609 nuni
1615 583 1796 618 aliquodpiam
1818 588 1964 614 membrum
1981 590 2115 616 tumidum

1072 630 1099 647 ac
1113 620 1249 655 turgidum
1269 629 1323 645 non
1337 619 1433 645 vitiose
1447 620 1471 645 se
1486 618 1583 645 habet?
1615 619 1656 645 Sic
1671 620 1776 645 Gronau.
1795 624 1837 655 qui
1848 628 1964 655 prouocat
1983 626 2016 650 at!
2030 628 2115 651 Patris

1065 658 1109 693 siti
1123 664 1210 682 notata
1227 655 1260 682 od
1280 656 1338 682 Liu.
1355 664 1401 689 41,
1416 662 1431 689 7
1452 655 1495 681 vbi
1517 658 1540 680 is
1552 655 1685 689 locumpro
1697 655 1779 681 sextio
1790 662 1881 682 tuetur.
1901 659 2016 693 Dausfius
2041 660 2115 687 aliud

33 717 42 733 ς
56 706 137 733 nobis.
170 702 241 729 Idem
253 708 300 734 pro
313 698 400 725 Cecin.
415 706 435 722 c.
449 705 476 729 19
489 695 593 730 Aliquis
610 694 642 720 de
657 694 767 721 familia.
804 692 841 718 Id.
863 692 894 718 lle
915 694 1016 718 quent.
1032 691 1056 717 15
1071 692 1216 728 quodpiam
1229 691 1306 718 dedit.
1344 692 1373 717 In
1390 691 1463 718 MSS.
1485 687 1518 723 est
1544 690 1653 724 aliquod
1668 690 1814 724 quippiam.

22 741 49 779 17
68 736 301 769 Demonstl‘atiuuln
310 742 387 768 genus
400 733 443 763 cst,
462 731 534 766 quod
548 731 676 757 tribuitur
695 730 722 756 in
737 729 847 755 alicuius
861 735 945 754 certae
960 737 1016 763 pei·-

24 782 71 807 'iiae
83 774 180 803 laudem
191 779 233 798 aut
246 769 475 804 vituperationem.
513 767 568 793 Cic.
583 776 631 801 pro
645 767 728 800 Ligar.
743 773 773 790 22
787 774 807 790 c.
823 772 840 800 7
860 764 982 798 Aliquem
994 764 1017 790 se

23 818 172 849 <iperatoren1
188 808 234 834 else
246 805 373 833 maluisse:
393 810 469 839 atque
482 803 503 829 is
517 809 603 829 tamen
617 801 728 836 Aliquis,
750 801 870 834 Ligarius
885 810 937 826 non
956 800 1017 826 fuit.

24 858 50 890 μ.
64 847 94 880 de
107 845 161 872 κ’ὶιι.
176 852 199 874 2,
212 845 244 869 62
287 841 358 867 Tres
373 840 456 874 aliqui
471 845 515 865 aut
529 844 650 874 quatuor.
685 838 751 863 Cato
766 837 795 862 lt.
806 837 835 862 R.
858 838 910 868 156,
920 845 929 862 ι
963 836 1017 861 Ali-

1110 737 1131 755 A
1141 736 1156 754 L
1167 736 1173 753 1
1185 735 1235 767 ἦν
1247 735 1255 753 1
1265 735 1277 753 s
1288 733 1365 766 QVA
1377 733 1399 752 Μ
1412 747 1419 758 ,
1445 726 1517 753 Idem
1529 726 1588 752 Liu.
1603 735 1644 760 41,
1661 734 1677 760 7
1696 726 1728 752 al.
1745 728 1761 751 6
1778 726 1811 752 al.
1825 735 1853 752 10
1874 727 1931 753 Nec
1944 729 2037 761 Lycios
2046 731 2116 758 Rho.

1073 764 1140 796 diis,
1165 773 1211 790 nee
1230 763 1298 789 vllos
1320 762 1498 797 alicuiquam,
1525 762 1572 797 qui
1591 762 1646 788 nati
1663 761 1743 788 liberi
1757 761 1821 794 sint,
1846 762 1873 788 in
1886 763 2037 790 seruitutem
2059 767 2118 793 dai-'i

1072 801 1182 834 placere.
1233 800 1274 826 Sic
1287 799 1369 824 Gi-on.
1382 807 1410 824 ex
1425 799 1497 825 MSS.
1513 804 1536 823 ct
1548 797 1654 824 Aldina.
1708 800 1790 829 Ante,
1817 801 1844 822 in
1858 799 1911 834 ipsa
1927 808 2017 834 quoque
2031 800 2116 828 lilzeu.

1075 839 1149 869 1644.
1165 844 1201 861 12.
1238 835 1295 861 Nec
1309 834 1377 861 vllos
1392 833 1490 865 alicui,
1512 842 1592 868 quam
1605 833 1652 867 qui
1665 833 1720 859 nati
1734 832 1814 859 liberi
1828 833 1884 859 sint.
1941 833 2008 860 Idem
2028 839 2119 862 (irono-

15 891 44 914 ,β
63 883 85 908 ν
102 880 166 907 folia
189 892 233 898 —-
254 878 358 912 Repetit.
412 877 496 902 Varro
520 883 545 907 1,
568 883 594 906 2,
611 878 649 903 28.
692 873 748 898 Cic.
763 873 838 897 Vcrr.
855 881 879 903 2,
895 880 938 903 129
953 881 974 897 c.
989 880 1017 903 52
1029 874 1130 898 20121'111
1152 870 1218 906 apud
1238 871 1293 897 Cic.
1313 869 1345 896 de
1364 865 1426 896 Diu.
1441 878 1457 895 2
1470 879 1491 895 c.
1507 877 1537 902 50
1556 872 1594 895 ita
1612 869 1737 905 legendum
1752 867 1793 902 effic
1812 869 1935 905 ccii-sebar,
1955 877 1978 895 et
1992 879 2029 896 mi
2042 871 2121 897 cllidis

16 918 109 946 stimant
122 923 199 942 vnum
212 913 327 947 aliquem
341 911 420 938 diem.
469 910 539 937 Idem
554 909 605 936 Off.
619 918 640 941 2,
655 916 683 940 41
699 917 718 934 c.
735 916 761 933 12
782 907 852 933 Nam
868 916 949 941 quum
963 915 1018 941 pre-

16 958 105 981 itretur
129 951 158 977 in
177 950 256 976 initio
278 947 422 974 multitudo
437 946 469 972 ab
488 947 530 978 iis,
549 945 597 980 qui
612 944 724 970 maiores
742 952 804 977 opes
824 943 969 971 habebant,
988 942 1019 968 ad

15 997 70 1020 iiim
83 987 197 1021 aliquem
211 983 397 1018 confugiebant
410 983 508 1009 virtute
521 980 695 1016 praestantem.
743 980 830 1004 Vnum
844 978 959 1012 aliquem
973 987 1019 1003 no-

15 1032 92 1051 inare
110 1022 163 1049 Cic.
185 1029 233 1056 pro
247 1020 352 1047 Cluent.
375 1024 421 1051 183.
475 1019 514 1046 Sic
533 1015 639 1050 Qiin&
651 1024 687 1047 12,
703 1023 721 1046 ι,
735 1023 759 1046 3ι
784 1016 842 1044 ,Cur
855 1023 909 1040 non
923 1014 1020 1048 aliquis

1074 911 1125 933 eius
1133 907 1223 943 filins,
1255 907 1324 940 Qiis
1350 905 1399 932 hoe
1424 904 1501 932 vobis
1521 904 1612 931 dabit?
1646 905 1822 938 Epicurusne?
1855 906 1902 939 qui
1917 912 1993 940 negat
2007 906 2121 940 aliquid-

1075 952 1157 1004 quan}
1169 943 1238 1003 Dtcos
1252 951 1298 968 nec
1313 942 1395 968 alieni
1407 949 1497 969 curare
1510 949 1557 967 nec
1568 941 1617 966 sui.
1667 940 1714 968 Sed
1727 939 1844 974 Dauifius
1856 941 2001 975 quidquam
2013 952 2032 967 e.
2046 943 2121 970 MSS.

1091 988 1104 1004 c
1124 988 1140 1004 o
1155 987 1180 1004 ui
1197 998 1202 1003 .

1076 989 1089 1005 r
1107 989 1286 1047 1ALIQVA,
1304 1013 1372 1045 [πῆ]
1393 1011 1474 1039 Intell.
1489 1015 1540 1044 via,
1562 1014 1669 1044 ratione,
1682 1017 1732 1046 ope,
1750 1010 1873 1038 machina.
1917 1011 1999 1038 Plaut.
2013 1013 2087 1047 Epid.
2104 1022 2123 1046 1,

14 1068 70 1086 cam
84 1067 147 1084 vnus
162 1064 303 1090 vtrunique
316 1054 439 1089 consequi
452 1052 538 1088 possit?
562 1052 616 1078 Cur
630 1057 717 1077 autem
732 1059 785 1076 non
800 1051 824 1076 sc
839 1051 953 1085 quisque
966 1051 1020 1083 spc-
1035 1055 1066 1081 25
1077 1059 1101 1082 2,
1118 1055 1150 1082 48
1171 1050 1269 1083 Aliqua
1288 1047 1464 1083 reperibitur:
1495 1048 1592 1083 Aliqua
1608 1056 1657 1082 ope
1679 1047 1831 1079 exsoluam,
1855 1047 2006 1074 extricabor
2025 1049 2124 1083 aliqua.

13 1090 31 1122 r:
45 1095 103 1121 sore
118 1093 193 1120 illum
206 1092 339 1127 aliquem?
362 1090 407 1119 Sed
421 1099 439 1122 i,
455 1098 488 1121 ιε,
500 1097 515 1114 2
540 1088 573 1113 Vt
586 1096 618 1113 ne
631 1087 710 1121 poffet
724 1086 830 1120 quidem
845 1085 948 1120 aliquid
964 1094 1021 1119 age-

12 1135 125 1158 rtantuni
138 1137 227 1155 vnum.
266 1127 367 1162 Aliqui,
380 1133 425 1161 pro
440 1123 586 1155 Nonnulli,
612 1130 651 1158 ap.
668 1122 733 1148 Plin.
750 1130 785 1154 ις,
799 1131 829 1154 3ο
863 1122 956 1156 Aliqui
978 1130 1021 1147 ne-

13 1172 51 1201 gat
63 1164 170 1194 eandem
185 1164 241 1190 effe.
283 1163 324 1190 Sic
338 1171 376 1192 22,
388 1170 422 1187 21.
446 1169 490 1194 24,
499 1167 522 1192 ις
541 1166 586 1185 etc.
641 1158 760 1192 Aliquis,
780 1158 905 1192 Aliquid,
923 1157 1022 1193 birsae-

33 1210 89 1237 sque
101 1203 206 1241 repetito
220 1204 350 1226 occurrunt
368 1204 406 1232 ap.
420 1196 477 1222 Liu.
485 1204 529 1228 42,
544 1203 574 1226 39
609 1194 719 1229 Aliquid
727 1194 769 1220 illi
782 1194 870 1227 regiae
883 1193 1021 1224 maiestati,

23 1260 29 1299 v.
45 1281 68 1307 7.
89 1278 112 1298 et
125 1281 158 1305 4,
173 1280 197 1298 2.
251 1270 316 1296 Plin.
330 1278 365 1301 10,
379 1276 414 1301 53.
434 1275 457 1293 ec
470 1275 496 1299 19
508 1286 514 1297 ,
534 1274 560 1301 7.
631 1301 635 1305 Ι
756 1263 777 1302 ff
795 1274 811 1292 2
831 1265 951 1300 Aliquis,
966 1272 1024 1300 pro,

15 1311 67 1370 ¹fus·
79 1311 142 1343 quis.
179 1306 234 1333 Cic.
248 1305 318 1332 Brut.
335 1314 355 1330 c.
369 1314 405 1337 44
435 1303 535 1329 Vellem
555 1299 655 1336 aliquid
668 1301 801 1333 Antonio,
828 1308 932 1335 praeter
945 1301 1023 1327 illum

31 1343 114 1375 lelluin
127 1342 238 1369 libuill'et
251 1340 367 1368 scribere.
402 1339 461 1365 Liu.
475 1347 497 1371 3,
511 1341 541 1368 68
560 1337 652 1372 Ecquis
669 1337 762 1363 retulit
774 1336 877 1371 aliquid
891 1337 923 1362 ad
933 1337 1024 1362 coniu-

32 1377 52 1405 ιιι
68 1387 92 1405 ct
110 1379 224 1410 liberos,
242 1382 342 1412 praeter
354 1374 431 1402 odia?
459 1375 499 1402 sic
511 1372 685 1404 Ptolemaide,
711 1379 755 1399 aut
768 1373 859 1407 aliquo
872 1373 1025 1407 propinquo

14 1389 31 1441 :5¹0

33 1459 50 1477 'e
65 1449 167 1482 scribo,
193 1447 272 1483 quod,
291 1447 309 1474 fi
329 1448 356 1473 in
369 1446 479 1478 alieuius
498 1454 587 1472 inaniis
601 1443 739 1476 inciderit,
760 1444 869 1470 moleste
883 1445 1023 1471 ferendum

91 1486 158 1512 Cum
175 1484 317 1515 Mescinio,
333 1483 348 1509 li
362 1483 461 1514 minus,
477 1490 534 1508 cuin
547 1479 653 1507 honesto
666 1480 757 1514 aliquo
779 1479 888 1507 homine
924 1480 963 1506 Id.
984 1482 1022 1510 16,

33 1530 59 1555 9.
95 1521 162 1547 Ter.
178 1520 255 1546 Andr.
271 1528 289 1550 ι,
303 1528 330 1551 4,
346 1527 375 1547 25
400 1517 508 1552 Aliquid
521 1517 647 1548 facerem,
672 1522 700 1541 vt
714 1517 763 1541 hoc
777 1525 809 1542 ne
821 1516 944 1542 facerem.
981 1516 1024 1542 Ne

45 1555 150 1591 quidem
163 1556 236 1582 annis
250 1554 350 1588 aliquid
363 1561 439 1589 quam
451 1554 517 1580 iram
537 1558 562 1578 et
575 1551 767 1578 limulationem
784 1552 942 1579 meditatum
958 1552 1027 1578 Tae.

17 1530 39 1634 Q-wo
16 1451 34 1512 ’.ξι-ει

20 1627 114 1661 Aquis,
134 1626 227 1658 vetuste
246 1623 400 1650 subauditur
418 1630 473 1649 ante
485 1625 615 1649 relatiuam
641 1624 714 1657 Qii,
733 1632 816 1658 quae,
835 1622 917 1658 quod.
995 1623 1027 1649 ic.

16 1660 45 1692 (J.
60 1669 81 1692 2,
96 1668 112 1694 7
136 1658 370 1694 Praeiiiittcbatque
384 1658 415 1684 de
428 1658 596 1693 stipatoribus
609 1659 661 1686 suis
669 1679 677 1691 ,
692 1659 740 1693 qui
753 1660 977 1693 perscrutarentur
990 1668 1030 1685 ar-

15 1705 62 1722 cias
74 1695 224 1726 muliebres,
260 1697 278 1721 i.
296 1693 431 1729 Quosdam,
445 1694 497 1728 flue
509 1696 622 1729 Aliquos.
664 1695 732 1721 Hor.
746 1696 827 1722 serm.
842 1704 868 1727 2,
883 1704 901 1727 1,
916 1704 925 1721 1
963 1695 1027 1721 Sunt

14 1731 87 1766 qbus
100 1731 128 1760 in
141 1731 222 1763 satyra
235 1729 325 1757 videar
338 1730 416 1756 nimis
425 1739 491 1757 acer.
544 1731 585 1757 Sic*
597 1730 705 1763 Quin&
714 1741 742 1764 4,
750 1739 775 1763 2,
789 1733 819 1763 63
840 1732 913 1763 Sunt,
928 1731 976 1765 qui
985 1730 1028 1756 ad-

14 1801 190 1830 ctlfeffionibus
206 1801 242 1828 est
253 1801 370 1836 aliquid,
391 1801 462 1835 qnod
476 1810 507 1827 ex
519 1800 623 1828 inuidia
631 1809 676 1827 etc.
852 1800 873 1840 ‘ff
898 1811 916 1835 4
935 1803 1030 1837 Aliqui

12 1845 39 1900 f.
52 1838 96 1864 Ali
116 1838 165 1864 uit.
201 1837 227 1864 Si
241 1836 358 1864 te'doior
369 1837 453 1872 aliqui
466 1838 586 1872 corporis
600 1838 687 1863 tenuit
707 1837 763 1864 Cic.
779 1839 850 1864 Fam.
865 1846 892 1873 7,
906 1847 924 1864 1.
962 1839 1031 1864 Anu-

25 1874 74 1900 t'us
87 1882 101 1900 a
114 1873 172 1909 iqui
193 1873 231 1900 Id.
245 1871 322 1899 Acad.
335 1881 354 1906 4
367 1882 388 1899 c.
403 1875 444 1900 26.
482 1874 569 1906 Qiam
583 1874 721 1907 personam
737 1874 807 1900 casus
817 1874 902 1907 aliqui
915 1880 959 1900 aut
966 1880 1032 1899 tem-

14 1919 40 1944 pi¹
54 1909 167 1944 imponit
183 1908 220 1935 Id.
235 1908 286 1935 Off.
302 1917 311 1934 1
325 1917 347 1935 c.
362 1917 398 1940 32.
448 1909 524 1935 Die‘at
544 1908 614 1935 mihi
632 1909 728 1943 quaeso
748 1909 834 1942 aliqui
853 1909 923 1934 Gell.
944 1917 976 1939 ιι,
998 1916 1031 1938 ¹3·

14 1987 131 2023 mpelprq
145 1981 208 2014 Quo
219 1979 313 2006 dicitur
334 1977 399 2018 Qii.
447 1979 529 2004 Plaut.
545 1978 605 2004 Aul.
618 1979 688 2004 Prol.
705 1986 740 2010 24
763 1979 815 2004 Aut
829 1984 886 2004 ture
899 1983 945 2003 aut
958 1978 1033 2008 vino,

13 1984 1034 2086 alciatusiiiffsfssf·..ff.1:³¹2.¹iazagi}{recensita

14 2095 29 2114 e
56 2085 140 2122 aliqui
156 2086 265 2120 gaudeo.
421 2083 442 2120 'ff
467 2093 480 2114 ς
506 2084 532 2110 Si
552 2084 665 2117 aliquis,
697 2091 744 2107 non
762 2081 856 2108 abii-50
869 2082 905 2112 τιξῖ
924 2079 1036 2115 Aliquod

15 2167 69 2184 cl-ls
83 2166 142 2184 cum
155 2157 274 2184 moribus
286 2162 312 2182 et
331 2161 423 2181 natura
438 2161 609 2187 congruamus
630 2151 686 2177 Cic.
701 2151 771 2177 Lael.
785 2160 806 2177 c.
822 2156 844 2181 8.
888 2151 915 2177 Si
931 2150 1035 2185 aliquid

17 2193 129 2221 finitatis
151 2191 240 2218 ιιειᾶυς
254 2190 284 2216 lit
298 2190 427 2216 Antonius
449 2187 486 2214 Id.
499 2187 571 2213 Fam.
591 2195 623 2218 11,
636 2195 652 2212 2
667 2192 712 2211 etc.
851 2183 872 2224 q
898 2189 915 2212 6
942 2186 1036 2221 Aliqui

33 2228 169 2262 rAliquot.
223 2227 312 2259 Qium
331 2230 388 2250 tuni
409 2222 521 2249 abeffent
539 2222 693 2257 aliquorum
706 2220 811 2248 dierum
831 2222 903 2249 viam
917 2223 972 2249 Cic.
987 2231 1036 2257 pro

12 2235 80 2296 ilie.
94 2272 116 2290 c.
129 2271 167 2296 41.
203 2263 244 2288 Ita
260 2269 340 2286 onmes
354 2259 424 2287 MSS.
438 2265 461 2285 ec
474 2258 535 2285 editi
565 2265 647 2284 racter
666 2257 778 2283 Lambin.
792 2267 864 2294 quam
872 2258 971 2294 secutae
984 2265 1037 2293 ope·

1078 1086 1135 1112 Cic.
1153 1087 1225 1111 Verr.
1240 1093 1268 1116 3,
1283 1088 1316 1118 67
1331 1094 1353 1110 c.
1368 1086 1400 1110 26
1434 1085 1549 1117 Cuperet
1568 1084 1657 1118 aliqua
1671 1083 1779 1109 euolare
1794 1081 1812 1108 fi
1833 1083 1922 1116 posset.
1960 1084 2018 1110 Liu.
2035 1088 2078 1116 26,
2093 1093 2125 1120 27

1078 1121 1159 1155 Siqui
1173 1120 1305 1146 euafill‘ent
1320 1120 1418 1154 aliqua.
1456 1120 1524 1145 Ter.
1539 1119 1644 1146 Phorni.
1660 1128 1688 1152 4,
1704 1127 1722 1150 1,
1738 1127 1766 1151 19
1795 1119 1896 1145 Vereor
1909 1127 1941 1145 ne
1957 1129 2024 1146 vxor
2036 1120 2127 1155 aliqua

1078 1157 1128 1184 hoc
1143 1157 1263 1183 resciscat
1275 1164 1342 1181 mea.
1379 1155 1453 1189 Virg.
1471 1155 1524 1181 Ecl.
1538 1164 1561 1187 3,
1583 1164 1606 1188 ι3
1627 1156 1656 1181 Et
1670 1155 1687 1181 li
1701 1164 1755 1181 non
1777 1154 1867 1188 aliqua
1892 1156 2034 1188 nocuiss‘es,
2055 1165 2126 1182 mor-

1078 1200 1139 1219 tuus
1148 1193 1216 1219 effes.
1252 1191 1378 1218 quiss'ent
1391 1190 1479 1226 aliqua
1493 1191 1602 1217 forlitan
1615 1191 1681 1216 illud
1695 1200 1760 1225 opus
1777 1189 1859 1217 Ouid.
1873 1190 1946 1217 Pont.
1955 1200 1977 1223 3,
1990 1200 2018 1224 4,
2030 1197 2068 1222 28.

1077 1266 1173 1300 Aliqua
1189 1269 1309 1298 exparte.
1346 1262 1453 1297 Apertis
1466 1263 1631 1297 aliquatenus
1644 1261 1724 1289 labris
1743 1263 1847 1288 Petron.
1868 1271 1889 1288 c.
1904 1271 1957 1288 102.
1992 1262 2128 1298 Aliquate-

1080 1310 1128 1327 nus
1143 1299 1234 1326 dolere
1250 1300 1308 1325 Seri.
1324 1299 1369 1333 Ep.
1388 1301 1434 1324 116.
1473 1299 1647 1333 Aliquatenus
1661 1297 1778 1333 proceffit
1790 1299 1880 1332 Pomp.
1895 1298 1965 1324 Mela
1978 1307 2031 1331 1,z.
2062 1300 2128 1325 Plin.

10 1210 91 1272 {quid
105 1236 133 1263 lu
150 1234 243 1270 populi
255 1235 332 1261 Rom.
347 1232 465 1264 nomini,
482 1230 665 1257 existimabant
679 1229 777 1256 deberi.
815 1231 855 1256 Sic
869 1229 1023 1263 Quinctila,
1037 1235 1068 1259 30
1114 1235 1135 1255 A
1145 1236 1160 1255 L
1171 1236 1179 1254 1
1190 1234 1299 1268 QVAT
1310 1225 1356 1253 ιὲΝ
1367 1234 1385 1252 v
1396 1234 1424 1258 s,
1446 1228 1545 1262 ζμέχρι
1568 1225 1645 1260 τινὲς]
1684 1227 1763 1262 Vsque
1775 1225 1809 1252 ad
1820 1228 1927 1261 aliquam
1938 1235 2054 1262 Partem,
2073 1226 2128 1261 stu?

14 1281 23 1299 1

12 1320 29 1335 J

1081 1345 1125 1372 27,
1141 1344 1164 1362 ιε
1184 1335 1312 1362 Canlibus
1327 1334 1447 1368 pluribus
1462 1334 1495 1360 ab
1510 1343 1561 1360 vna
1574 1334 1662 1361 radice
1676 1334 1841 1368 aliquatenus
1862 1333 2027 1360 rubentibus.
2072 1335 2128 1360 Ali-

1080 1379 1209 1407 quatenus
1223 1372 1248 1397 se
1261 1371 1431 1396 confirmauit
1456 1369 1587 1396 Columel.
1605 1379 1632 1403 4,
1647 1378 1669 1402 3,
1682 1378 1700 1402 4
1715 1372 1752 1396 De
1766 1372 1848 1396 vinea.
1905 1370 2077 1405 Aliquatenus
2090 1371 2129 1396 lur

32 1422 56 1444 ιο
74 1414 129 1441 Cic.
144 1414 214 1440 Fani.
228 1422 252 1444 1,
271 1420 303 1446 7,
324 1420 356 1444 ¹3-
410 1410 447 1437 Id.
475 1409 506 1436 ad
519 1409 609 1443 Qiint.
624 1410 664 1435 Fr.
685 1417 707 1440 3,
724 1417 732 1434 1
766 1409 843 1434 Hisce
856 1409 942 1435 literis
956 1408 1025 1434 nihil
1039 1411 1067 1437 33
1080 1408 1168 1435 cidior
1189 1406 1321 1440 Qlintffiil.
1337 1415 1374 1437 ιο,
1390 1414 1409 1435 1,
1423 1413 1467 1440 74.
1505 1406 1678 1440 Aliquatenus
1693 1414 1792 1431 nouare
1806 1414 1863 1431 rem
1875 1405 1992 1440 aliquam
2018 1406 2128 1439 Qun&

1081 1453 1103 1477 3,
1118 1453 1143 1477 9,
1161 1451 1181 1476 ς.
1222 1442 1287 1469 Idem
1305 1440 1479 1475 Quinctilii,
1494 1450 1555 1475 1,27
1571 1441 1619 1467 Sed
1633 1440 1700 1466 istud
1714 1442 1796 1475 magis
1810 1441 2067 1468 minusuevitiosuui
2085 1441 2131 1475 cst,

1081 1488 1130 1514 pro
1148 1478 1264 1514 personis
1278 1477 1431 1504 dicentium.
1484 1476 1643 1503 Defendimr
1657 1476 1729 1502 enini
1742 1477 1907 1510 aliquatenus
1926 1483 2024 1509 aetate,
2046 1477 2131 1511 digni-

1082 1522 1152 1547 tate,
1163 1513 1330 1541 autstoritate.
1365 1513 1395 1538 Et
1411 1521 1442 1544 11,
1457 1520 1479 1544 3,
1493 1520 1527 1547 72
1553 1514 1590 1538 De
1598 1512 1754 1548 superciliis,
1777 1512 1849 1538 Nam
1865 1518 1890 1537 et
1904 1512 1995 1538 oculos
2013 1513 2132 1538 formant

1083 1552 1265 1586 aliquatenus,
1285 1556 1310 1575 et
1323 1548 1409 1575 fronti
1422 1548 1561 1582 imperant.
1613 1547 1786 1581 Aliquatenus
1799 1547 1889 1581 culpae
1902 1556 1962 1573 reus
1981 1547 2017 1573 est
2053 1549 2132 1575 Caius

39 1612 44 1618 .
61 1600 146 1624 1,4‚4.
164 1587 506 1620 Add.1’laut.A111.Pi·ol.24
526 1588 734 1623 Qecmlauu'omu's
752 1597 778 1613 n.
793 1597 820 1621 4.
1014 1595 1026 1619 3
1042 1589 1114 1614 40in
1126 1588 1144 1613 l.
1165 1587 1202 1612 Ex
1214 1585 1356 1612 maleficio.
1393 1582 1416 1620 ᾗ.
1428 1584 1535 1610 vltimo.
1552 1584 1583 1609 D.
1599 1583 1631 1610 de
1643 1583 1741 1609 aeiion.
1755 1589 1780 1609 et
1793 1582 1877 1617 oblig.

1120 1630 1166 1649 AL
1176 1630 1184 1648 1
1195 1629 1214 1647 ο
1222 1629 1242 1648 v
1252 1628 1289 1653 Ο,
1308 1620 1375 1647 Adu.
1396 1622 1468 1653 [ποῖ]
1487 1619 1531 1647 Ad
1543 1621 1728 1654 velinaliquem
1744 1619 1829 1645 Iocum.
1866 1619 1934 1645 Ter.
1949 1618 2030 1644 Andr.
2040 1628 2062 1650 2,
2074 1628 2091 1649 1,
2101 1628 2135 1651 29

1084 1660 1154 1686 Dum
1169 1647 1322 1693 iii-&iciscoi-
1337 1656 1438 1690 aliquo.
1478 1657 1507 1681 FJ
1521 1655 1586 1681 Eun.
1601 1664 1628 1688 4,
1644 1663 1666 1687 3,
1679 1662 1709 1687 25
1746 1655 1827 1680 Illum
1841 1654 1934 1689 aliquo
1947 1655 2133 1681 conclusili'em.

1084 1697 1115 1721 Et
1129 1696 1224 1720 Heaut.
1234 1702 1286 1725 3,3,
1296 1701 1316 1719 11
1338 1692 1440 1726 Aliquo
1453 1691 1589 1725 profugiet
1602 1691 1756 1717 militatum.
1794 1691 1824 1716 Ει
1837 1700 1866 1723 4,
1881 1693 1907 1723 6,
1918 1698 1938 1723 ς.
1976 1691 2076 1726 Aliquo
2091 1700 2134 1717 ex-

1084 1730 1176 1757 trudar
1193 1729 1263 1755 hinc.
1321 1729 1352 1754 Et
1373 1727 1484 1761 Adelph.
1504 1735 1527 1759 3,
1546 1735 1569 1759 3,
1583 1735 1613 1766 33.
1638 1726 1726 1752 Credo
1747 1724 1890 1752 abductum
1907 1727 1936 1752 in
1957 1735 2067 1761 ganeum
2088 1727 2136 1753 ali-

15 1767 84 1793 iiam
100 1766 140 1793 his
152 1766 321 1793 euidentiam.
359 1766 452 1792 Contra
470 1775 497 1792 ea
517 1764 583 1792 ibid.
604 1767 621 1791 s.
642 1768 676 1798 69
700 1768 799 1793 Verum
820 1767 849 1793 in
867 1766 908 1793 his
922 1775 1030 1807 quoque
1040 1772 1073 1798 45
1086 1775 1157 1802 quo,
1173 1772 1221 1800 pro
1240 1766 1271 1791 In
1284 1763 1394 1798 aliquod
1408 1771 1528 1796 ganeum.
1575 1761 1680 1787 Ibidem
1694 1770 1717 1793 ς,
1736 1769 1761 1793 2,
1781 1770 1803 1786 ιι
1834 1763 1864 1787 In
1894 1763 2020 1796 angulum
2042 1763 2135 1796 aliquo

1085 1803 1187 1829 abeam.
1224 1802 1265 1828 Sic
1279 1798 1447 1832 migrandum
1469 1796 1592 1822 Rhodum
1612 1802 1657 1822 aut
1673 1796 1765 1830 aliquo
1785 1802 1916 1822 terrarum
1937 1798 2009 1823 Brut.
2023 1806 2063 1831 ap.
2078 1799 2135 1823 Cic.

1087 1840 1159 1865 Fam.
1175 1845 1206 1867 ii,
1221 1844 1245 1866 1,
1258 1843 1283 1868 7.
1321 1833 1435 1867 Abigere
1448 1832 1549 1866 aliquo.
1592 1831 1649 1857 Vid.
1670 1837 1716 1857 ΑΒ
1725 1838 1734 1856 1
1743 1837 1764 1857 G
1774 1837 1804 1857 Ο.
1840 1841 1841 1845 ’
1860 1831 1985 1858 Abiicere
1995 1833 2020 1858 se
2032 1833 2135 1868 aliquo.

1094 1872 1152 1900 Vid.
1166 1875 1366 1897 ABIlCERE.

1124 1914 1145 1933 A
1155 1913 1171 1931 L
1183 1913 1190 1931 1
1201 1911 1249 1943 ἣν
1259 1911 1277 1930 O
1287 1910 1305 1929 R
1314 1910 1326 1929 S
1337 1910 1357 1929 V
1366 1909 1390 1928 M
1399 1922 1407 1934 ‚
1430 1901 1546 1929 Nondum
1559 1900 1722 1935 obfirmatum:
1745 1901 1860 1928 sedidem
1874 1904 1941 1928 valet

15 1945 60 1983 qi.
75 1953 108 1977 13,
122 1953 160 1977 23.
235 1946 316 1970 Etiam
328 1945 447 1971 Ablati‘uo
460 1944 516 1979 casu
529 1943 624 1970 ὠτίων
666 1941 757 1976 Aliqui
767 1950 816 1977 pro
838 1943 952 1976 Aliquo:
966 1941 1034 1975 ficut
1045 1946 1076 1972 50
1126 1948 1171 1967 AL
1182 1947 1247 1978 1er
1258 1946 1305 1965 ov
1316 1945 1332 1965 E
1342 1945 1382 1964 Rs
1393 1945 1413 1963 v
1423 1945 1463 1967 M,
1482 1937 1563 1962 Plaut.
1579 1937 1635 1962 Cas.
1650 1944 1675 1967 2,
1697 1946 1725 1969 4,
1747 1941 1771 1966 18
1807 1938 1862 1970 Ego
1877 1938 1952 1963 istam
1967 1938 2019 1963 iam
2032 1937 2137 1972 aliquo-

1089 1978 1196 2004 vorsum
1216 1974 1344 2008 tragulam
1357 1972 1488 1998 decidere.

1126 2019 1148 2038 A
1156 2019 1171 2036 L
1182 2018 1191 2035 1
1201 2017 1249 2047 qv
1259 2016 1278 2035 ο
1287 2016 1299 2034 s
1310 2015 1325 2034 E
1334 2014 1350 2034 C
1360 2015 1379 2032 v
1390 2014 1402 2033 s
1411 2026 1419 2038 ,
1440 2005 1569 2034 Laudatur
1582 2004 1689 2039 leian.
1704 2004 1720 2031 l.
1735 2014 1753 2031 1.
1778 2005 1810 2031 de
1823 2006 1875 2032 Off.
1890 2007 2011 2033 procons,

1126 2052 1172 2071 AL
1183 2052 1191 2069 1
1202 2050 1249 2082 qv
1259 2049 1324 2073 OT,
1346 2043 1422 2076 [τινές
1441 2041 1511 2074 ἔνιοι]
1534 2039 1627 2066 Indecl.
1642 2042 1763 2066 incertum
1770 2049 1842 2077 quot:
1858 2041 1912 2076 fine
1925 2043 2070 2079 mscinmus,
2080 2049 2139 2078 quot

1082 2079 1147 2114 firzt,
1156 2078 1210 2113 siste
1222 2086 1352 2104 numerare
1363 2077 1429 2103 nihil
1440 2079 1556 2102 attineat.
1593 2076 1662 2102 Ter.
1671 2076 1751 2102 Andr.
1765 2085 1788 2108 3,
1800 2086 1822 2109 3,
1836 2086 1851 2103 2
1870 2077 2031 2113 Aliquotnie
2039 2079 2139 2105 adiere,

11 2094 56 2158 pil,
70 2122 107 2154 Si,
127 2122 180 2154 Ne,
201 2121 252 2153 Ne,
273 2120 340 2152 Nifi,
362 2120 428 2146 Cum
442 2126 487 2145 etc.
503 2119 668 2152 omittifhlet:
686 2117 712 2142 Si
725 2116 842 2150 aliquem
852 2115 924 2141 natffi
936 2115 1034 2146 sumus,
1048 2118 1075 2144 55
1095 2116 1142 2143 Vbi
1156 2115 1290 2145 Donatus,
1310 2113 1433 2147 Aliquot,
1451 2113 1475 2139 h.
1490 2121 1509 2138 e.
1531 2112 1588 2138 Nec
1603 2112 1699 2144 multi,
1720 2121 1766 2138 nec
1780 2113 1865 2146 pauci.
1902 2114 1970 2141 Ter.
1986 2113 2102 2148 Andr.4‚
2112 2124 2140 2147 4,

1089 2160 1120 2184 32
1140 2151 1170 2177 In
1180 2149 1311 2185 pariundo
1325 2149 1430 2183 aliquot
1442 2147 1585 2174 adfuerunt
1600 2147 1710 2174 liberae.
1747 2149 1778 2174 Et
1790 2148 1930 2182 Phormz,
1940 2159 1960 2182 1,
1975 2155 2005 2180 82
2027 2150 2140 2186 Aliquot

1090 2186 1160 2214 mihi
1174 2186 1273 2212 amicos
1284 2184 1430 2211 aduocabo.
1486 2184 1599 2218 Aliquot
1613 2184 1675 2210 anni
1690 2184 1763 2216 sunt,
1774 2193 1856 2219 quum
1865 2192 1913 2211 etc.
1938 2186 1994 2212 Cic.
2005 2187 2058 2212 Att.
2067 2195 2092 2219 9,
2108 2195 2140 2213 11.

1089 2224 1151 2250 Liu.
1167 2229 1204 2253 21,
1219 2230 1249 2248 11.
1258 2222 1332 2255 Virg.
1341 2220 1394 2247 Ecl.
1410 2229 1425 2251 1,
1438 2227 1473 2254 70
1481 2220 1539 2246 Post
1547 2219 1651 2254 aliquot
1659 2228 1716 2245 mea
1723 2228 1803 2253 regna
1811 2220 1903 2247 videm
1910 2221 2030 2248 mirabor
2039 2221 2138 2248 aristas.

1125 2266 1148 2285 A
1157 2266 1172 2285 ι,
1181 2265 1192 2284 ι
1201 2264 1250 2298 qv
1260 2264 1280 2284 o
1290 2264 1311 2283 ‘r
1322 2262 1368 2282 F'A
1376 2263 1395 2282 R
1405 2263 1415 2282 1
1424 2262 1445 2282 A
1454 2263 1488 2281 in.
1526 2257 1612 2282 Varro
1625 2255 1657 2281 de
1672 2256 1702 2281 1²..
1712 2256 1743 2281 R.
1765 2263 1782 2286 1,
1796 2264 1819 2282 2.
1856 2258 1886 2282 In
1901 2266 1933 2282 eo
1948 2265 2012 2291 agi-o
2021 2257 2140 2292 aliquot-

18 2309 32 2326 r
42 2297 208 2330 Ὀναειιὶανιαε,
225 2306 273 2323 non
285 2298 311 2358 tf
325 2305 344 2321 e.
575 2301 593 2328 7
618 2293 724 2328 Aliquis
738 2302 778 2319 ex.
814 2293 880 2320 Plin.
896 2302 931 2326 13,
948 2302 960 2326 3
979 2294 1035 2320 Ali·
1046 2294 1081 2319 60
1090 2294 1188 2321 sariam
1202 2294 1231 2319 in
1249 2292 1349 2327 fingula
1361 2292 1453 2326 iugera
1469 2291 1534 2317 dena
1555 2291 1629 2317 culea
1644 2291 1704 2317 vini
1715 2291 1790 2317 fiunt.
1833 2293 1893 2318 Vox
1907 2292 1943 2318 est
1956 2292 2086 2319 inusitata.

20 2343 39 2369 q
51 2343 78 2360 m
91 2341 122 2360 ex
137 2332 244 2368 priuatis
255 2340 287 2359 au
307 2331 405 2358 inimus
418 2329 516 2357 iuffiffe.
551 2329 653 2364 Aliquo
666 2328 748 2355 modo
769 2329 851 2355 Plaut.
872 2329 953 2356 Stich.
966 2339 995 2362 4,
1010 2338 1036 2362 2,
1129 2337 1176 2357 AL
1185 2336 1195 2355 1
1204 2336 1253 2368 qv
1262 2335 1281 2355 o
1290 2335 1312 2355 T
1322 2335 1330 2354 1
1339 2335 1356 2354 E
1365 2335 1377 2354 s
1387 2347 1395 2360 ‚
1416 2328 1486 2358 Siue,
1502 2328 1586 2353 vtalii
1593 2327 1727 2363 scribunt,
1756 2334 1778 2353 A
1788 2333 1803 2353 L
1814 2334 1822 2353 1
1833 2334 1883 2363 Qv
1893 2335 1912 2355 0
1921 2335 1942 2355 T
1951 2337 1960 2355 i
1969 2336 1985 2355 E
1994 2336 2016 2354 N
2025 2336 2047 2360 s,
2068 2327 2138 2355 Adu.

80 2369 177 2403 Aliquo
188 2367 264 2403 padio
274 2367 341 2394 Ter.
357 2365 437 2394 Andr.
458 2373 480 2398 ς,
501 2373 523 2398 3,
539 2373 572 2397 13.
616 2365 663 2392 Vbi
675 2365 808 2395 Donatus3
834 2364 935 2399 Aliquo
949 2365 1037 2399 padio,
1092 2364 1215 2400 [ἓνωὶκις]
1235 2364 1290 2390 Cic.
1304 2365 1381 2390 Verr.
1395 2374 1421 2397 4,
1436 2371 1477 2396 24.
1520 2362 1670 2397 Aliquoties
1685 2362 1717 2388 ad
1730 2362 1815 2389 socios
1828 2363 1917 2391 literae
1930 2364 1962 2390 de
1980 2364 2054 2390 istius
2071 2365 2140 2391 iniu-

49 2411 120 2438 oquo
132 2403 220 2430 inodo.
255 2403 298 2430 Ali
317 2411 350 2429 ua
362 2410 393 2428 ex
406 2407 478 2437 parte
491 2401 545 2428 Cic.
559 2400 591 2427 de
605 2401 662 2427 Fin.
676 2408 697 2433 ς,
716 2406 752 2432 38.
789 2399 862 2427 Idem
875 2409 924 2435 pro
932 2401 1037 2428 Cluent.
1091 2402 1140 2428 riis
1155 2401 1270 2427 miserat.
1306 2398 1427 2435 Cons.1d.
1443 2398 1471 2423 de
1485 2398 1547 2432 Leg.
1559 2407 1574 2425 2
1588 2407 1609 2424 c.
1624 2407 1650 2431 4.
1673 2398 1733 2424 Liu.
1743 2406 1768 2432 7,
1783 2403 1816 2428 18.

69 2439 96 2466 Si
114 2438 192 2472 modo
203 2438 286 2466 velint
298 2446 312 2465 a
323 2439 384 2473 iqua
397 2446 428 2464 ex
443 2442 515 2472 parte
529 2436 677 2464 liberaliter
690 2437 792 2463 viuere.
828 2436 942 2472 Conf.de
951 2437 1038 2462 Amic.

1130 2443 1151 2463 A
1161 2443 1177 2462 L
1186 2444 1196 2462 1
1206 2442 1254 2475 ἣν
1263 2442 1282 2461 o
1291 2442 1312 2461 v
1321 2441 1334 2461 S
1343 2441 1394 2474 qv
1404 2440 1420 2460 E
1429 2453 1437 2466 ‚
1466 2434 1583 2460 Nondum
1595 2434 1667 2460 habet
1680 2432 1804 2460 arctiorem
1816 2434 1935 2461 idoneum.

29 2484 41 2501 e
51 2483 81 2508 13.
230 2471 250 2511 ἦ
271 2479 284 2504 8
304 2474 406 2509 Aliquis
419 2483 471 2500 cum
485 2474 608 2500 Gen‘itiuo.
643 2472 709 2498 Plin.
726 2481 760 2504 ι3,
774 2481 793 2505 4
812 2472 849 2498 Ex
863 2471 965 2506 palmis,
979 2481 1038 2506 gcn-
1048 2474 1080 2505 65
1129 2479 1176 2498 AL
1186 2479 1196 2497 1
1205 2478 1221 2498 c
1231 2478 1251 2497 v
1260 2477 1276 2497 Β
1285 2478 1295 2496 1
1315 2476 1340 2496 et
1360 2477 1407 2496 AL
1419 2477 1428 2496 1
1438 2476 1454 2496 C
1463 2477 1483 2496 V
1492 2477 1514 2496 N
1523 2476 1568 2501 DE
1586 2479 1610 2506 q.
1625 2469 1650 2496 d.
1671 2469 1804 2504 Aliquubi
1815 2478 1838 2496 et
1852 2470 2015 2506 Aliquunde,
2035 2469 2144 2507 vidfisb

28 2516 38 2537 t
51 2519 74 2536 m
87 2509 216 2545 aliquibus
229 2510 309 2545 panis.
345 2509 401 2536 Cic.
415 2510 468 2535 Λα.
483 2517 517 2542 ι3,
534 2516 558 2541 ις
578 2507 752 2543 Expectabam
772 2507 888 2542 aliquem
906 2516 1038 2534 meorum.

26 2547 43 2573 Ι
51 2548 138 2572 orimit
149 2547 186 2576 itit
194 2548 298 2582 ponitur
312 2545 432 2580 Aliquid,
449 2551 488 2577 vt,
504 2545 606 2571 Interea
618 2543 721 2578 aliquid
740 2543 866 2570 acciderit
884 2542 950 2569 boni
969 2543 1038 2570 Ter.

51 2574 87 2608 dr.
103 2589 130 2615 2,
141 2589 164 2614 3,
177 2589 220 2621 24..
255 2582 297 2608 Sic
305 2581 388 2607 Plaut.
400 2582 474 2615 Capi.
487 2589 509 2612 3,
523 2590 551 2614 4,
568 2587 602 2620 54
619 2579 747 2619 PrOfCQQ
756 2579 809 2605 iam
822 2579 925 2620 aliquid
938 2587 1040 2618 pugnae

28 2625 42 2642 c
52 2616 100 2643 dit.
133 2613 241 2653 Sedcie.
253 2616 325 2643 Fam.
339 2625 365 2648 2,
380 2623 393 2648 ς
412 2616 499 2642 Graue
511 2615 548 2641 est
561 2624 633 2642 enim
645 2615 750 2642 homini
764 2615 872 2649 pudenti
892 2621 980 2649 petere
993 2615 1042 2641 ali-

1095 2514 1210 2535 ALivs
1227 2504 1283 2542 post
1300 2511 1419 2532 AL1B1.

1131 2550 1235 2575 Aris,
1252 2551 1301 2576 pro
1314 2541 1406 2574 Alius,
1432 2539 1634 2568 vid.AL1vs.

1131 2586 1153 2605 A
1163 2586 1179 2605 L
1189 2586 1198 2604 1
1208 2585 1221 2605 S
1230 2585 1255 2605 M
1264 2585 1285 2604 A
1293 2597 1301 2610 ,
1317 2577 1374 2604 atis.
1392 2586 1418 2603 n.
1436 2575 1566 2611 [ἅλισμοι]
1583 2575 1675 2604 Herba
1682 2575 1710 2602 de
1718 2585 1765 2612 qua
1778 2576 1844 2603 Plin.
1853 2584 1890 2610 25,
1900 2585 1928 2603 10
1963 2578 2031 2603 Item
2044 2577 2144 2609 alisma,

1096 2623 1176 2649 quarn
1196 2614 1243 2640 alii
1256 2613 1434 2640 Damasonion
1442 2632 1451 2644 ,
1476 2613 1524 2638 alii
1546 2613 1624 2645 lyron
1644 2612 1784 2647 appellant.
1840 2612 1916 2639 Folia
1928 2620 2003 2640 erant
2017 2613 2144 2648 plantagi-

51 2651 75 2678 «ἀ
93 2659 215 2685 magnum
227 2650 260 2677 ab
273 2659 316 2683 eo,
330 2650 429 2686 dequo
444 2651 468 2677 se
474 2649 541 2677 bene
552 2651 678 2678 meritum
690 2656 772 2686 putet.
808 2651 875 2677 Ter.
891 2650 1003 2685 Adelph.
1019 2658 1039 2683 ς,
1050 2659 1085 2687 7ο
1094 2651 1135 2677 nis
1146 2669 1153 2682 ,
1174 2649 1222 2676 nisi
1237 2649 1387 2685 angustiora
1401 2649 1495 2681 essent,
1516 2654 1543 2675 et
1555 2649 1639 2682 magis
1655 2648 1781 2674 laciniosa
1796 2655 1841 2674 etc.

29 2694 77 2720 923
97 2686 168 2713 Huic
179 2684 281 2721 aliquid
293 2685 408 2720 paullum
421 2694 482 2720 prae
494 2694 573 2712 manu
585 2685 696 2714 dederis.
750 2686 832 2713 Plaut.
848 2686 915 2713 Rud.
934 2695 959 2719 2,
973 2694 999 2721 7,
1014 2694 1037 2718 ι3

63 2720 132 2748 mihi
143 2720 245 2756 aliquid
256 2720 319 2753 loci,
337 2720 386 2748 vbi
400 2720 605 2749 condormiscam
617 2731 717 2757 parum.
767 2729 816 2758 pro
830 2724 943 2757 Aliquem
953 2723 1039 2748 locum.

56 2756 120 2792 quid
137 2757 203 2784 noui
221 2756 278 2784 Cic.
297 2756 328 2783 de
349 2757 402 2783 Pet.
429 2757 505 2783 Coris.
523 2766 544 2784 c.
559 2766 578 2784 1.
628 2757 738 2793 Aliquid
756 2757 866 2784 monstri
879 2758 953 2784 alunt
971 2758 1040 2784 Ter.

32 2793 49 2820 A
70 2801 90 2819 r.
103 2800 124 2825 1,
136 2799 158 2825 ς,
170 2799 196 2826 13
251 2791 439 2826 VbiDonatus,
459 2793 561 2828 Duplex
582 2794 757 2827 contumelia,
785 2794 991 2820 ctMONSTRI
1015 2799 1041 2819 et

61 2872 118 2890 rem
135 2862 230 2890 habesi
265 2863 374 2897 Qiine‘k.
391 2873 422 2897 2,
440 2873 468 2897 4,
491 2873 516 2891 12
540 2865 650 2899 Aliquid
661 2865 701 2892 sui
713 2866 890 2900 interponere,
910 2867 998 2901 vulgo,
1013 2864 1041 2891 de

24 2899 48 2936 s
81 2899 186 2926 ‘Contra
196 2909 223 2926 ea
235 2899 290 2926 Cic.
298 2900 352 2926 Au.
364 2908 384 2932 1,
400 2901 428 2927 16
447 2901 501 2934 Ego
512 2900 564 2927 tibi
575 2901 677 2936 aliquid
691 2901 722 2928 de
735 2902 800 2927 meis
814 2900 916 2934 scriptis
929 2903 1043 2933 mittam,

26 2942 45 2971 p
66 2934 163 2971 aliquid
168 2934 328 2971 scriptorum.
365 2936 397 2962 Et
414 2935 520 2962 Colum.
534 2945 565 2969 11,
579 2945 601 2970 3,
615 2944 646 2971 57
667 2937 784 2972 Aliquod
797 2937 891 2968 semen,
902 2939 919 2962 i.
933 2938 1044 2973 aliquan-

30 2978 51 2996 ti
64 2969 178 3006 seminis.
232 2970 297 2997 Plin.
311 2978 334 3004 ς,
348 2979 365 3004 9
379 2972 398 2998 s.
419 2980 448 2998 10
474 2972 584 3007 Aliquid
604 2978 629 2999 et
648 2973 733 3008 spatio
753 2973 838 3004 sessus,
859 2973 1043 3008 iali'quamum.

1130 2693 1152 2713 A
1161 2693 1177 2712 L
1187 2685 1199 2712 1u
1209 2693 1221 2712 S
1231 2692 1281 2713 ΟΝ
1290 2692 1311 2713 Τ
1321 2693 1330 2712 1
1342 2692 1381 2717 A,
1400 2692 1438 2711 ae.
1460 2693 1494 2710 m.
1525 2685 1631 2715 Amnis,
1658 2687 1700 2719 qui
1718 2687 1746 2710 in
1759 2683 1886 2720 Mosellam
1905 2682 2044 2710 delabitur:
2075 2683 2145 2712 hodle

1094 2719 1250 2749 contractius
1262 2721 1301 2747 die
1316 2719 1473 2755 Eltz.'apud
1488 2721 1585 2747 Auson.
1600 2719 1714 2748 Mosella
1727 2726 1780 2755 371.
1807 2719 1861 2746 vid.
1880 2720 1979 2747 Freher.

1131 2763 1298 2789 ALITER,
1323 2756 1376 2783 vid.
1397 2763 1527 2783 Ales.

1130 2800 1329 2824 ALITVRA,
1361 2791 1414 2818 vid.
1438 2798 1524 2818 ALO.

56 2827 170 2862 IQVID:
187 2827 275 2855 minus
287 2828 360 2854 enim
367 2829 436 2862 ciret,
456 2828 574 2864 Aliquod
587 2829 740 2856 monstrum.
777 2830 825 2861 Sic,
841 2829 914 2863 Qiid
921 2829 1040 2856 mulieris
1050 2837 1082 2865 75
1131 2837 1154 2856 A
1163 2836 1178 2855 L
1188 2837 1197 2855 1
1206 2836 1226 2855 v
1235 2835 1251 2855 Β
1260 2836 1284 2860 1,
1304 2835 1326 2855 A
1335 2835 1351 2854 L
1360 2836 1369 2854 1
1379 2836 1400 2854 v
1408 2835 1429 2854 N
1438 2834 1457 2854 D
1465 2834 1491 2854 E.
1527 2825 1581 2853 vid.
1589 2822 1648 2861 post
1662 2825 1749 2852 Alitei-
1767 2825 1796 2852 in
1810 2832 1832 2852 A
1842 2833 1858 2852 L
1868 2833 1907 2852 ιν
1915 2833 1937 2853 s.

1133 2872 1155 2892 A
1168 2872 1184 2891 L
1195 2871 1267 2897 ivs,
1285 2873 1309 2897 a,
1325 2863 1376 2895 ud3
1396 2872 1453 2898 gen.
1468 2863 1544 2895 alius,
1563 2861 1615 2888 dat.
1623 2861 1679 2888 alii.
1702 2868 1761 2897 pen.
1777 2861 1852 2897 prod.
1874 2860 1977 2894 [ἄλλος]
1995 2860 2050 2887 Cic.
2067 2859 2145 2888 Offic.

1098 2909 1107 2927 1
1121 2910 1143 2927 c.
1158 2909 1167 2927 1
1205 2901 1341 2933 Quantum
1354 2900 1384 2926 in
1397 2905 1512 2934 vtroque
1524 2897 1726 2933 profecerimus,
1743 2897 1869 2924 Aliorum
1881 2896 1912 2922 fit
1924 2897 2066 2922 iudicium.
2104 2897 2147 2923 Sic

1097 2936 1239 2963 Succeffere
1258 2936 1342 2970 magis
1360 2936 1409 2962 alii
1432 2934 1555 2961 homines
1574 2942 1655 2968 quarn
1677 2934 1726 2960 alii
1746 2941 1834 2959 mores
1870 2932 1938 2958 Tae.
1957 2931 2109 2963 Hist.2‚,9;,
2123 2936 2145 2963 ς.

1098 2972 1246 3000 Priscianus
1261 2974 1277 2998 6
1297 2979 1379 3007 p.717
1413 2970 1498 3001 Alius,
1509 2978 1616 3005 quoque
1629 2975 1683 2996 tam
1697 2968 1777 2995 huius
1789 2969 1864 2994 Alius
1876 2967 2023 3001 penultima
2034 2967 2147 2993 circum-

33 3006 49 3032 S
59 3005 117 3041 fere
127 3006 201 3041 Vix-g.
215 3006 278 3033 Aen.
293 3015 331 3039 ιο,
343 3012 377 3040 84
406 3007 465 3034 Nos
483 3007 586 3043 aliquid
605 3009 717 3035 Rutulos
732 3015 822 3034 contra
835 3007 937 3041 iuuisse,
954 3009 1045 3035 nefan-
1053 3011 1085 3038 80
1099 3009 1181 3040 flexa,
1208 3016 1288 3042 quain
1312 3009 1386 3040 Alli,
1417 3007 1550 3041 genitiuus
1570 3005 1708 3032 inuenitur
1726 3003 1795 3039 apud
1818 3009 1928 3029 veteres.
1965 3002 2062 3029 Caecil.
2070 3002 2100 3028 in
2111 3002 2145 3028 V.

34 3039 50 3066 d
91 3040 134 3067 est.
188 3075 194 3081 ·
228 3069 232 3071 ,
279 3039 300 3082 ff
321 3041 397 3082 9⁸13st
407 3042 519 3078 aliquid,
533 3051 581 3079 pro
597 3046 655 3070 Non
672 3044 776 3080 prorsus
794 3043 990 3070 communiendum
1002 3041 1045 3077 qli.

35 3075 52 3102 Ε
69 3075 138 3102 istud
149 3075 256 3111 quidem
267 3077 386 3113 aliquid,
404 3078 448 3106 sed
464 3087 629 3114 nequaquam
647 3080 676 3106 in
690 3080 740 3106 isto
759 3081 817 3106 sunt
832 3079 922 3106 omnia
942 3080 998 3107 Cic.
1012 3079 1045 3106 de

62 3131 72 3151 ¹.
87 3119 108 3138 c.
122 3119 144 3143 3.
196 3111 300 3139 Soleba-
312 3121 380 3140 nieas
394 3114 442 3142 ell‘e
455 3115 558 3152 aliquid
571 3121 663 3150 putare
675 3124 755 3150 nugas
777 3114 873 3141 Catull.
891 3123 910 3148 1,
922 3124 948 3148 4.
1003 3116 1045 3143 Sic

61 3146 95 3173 id.
110 3146 174 3173 Met.
188 3154 220 3178 13,
232 3155 277 3180 241
295 3148 336 3175 Est
347 3149 449 3184 aliquid
462 3149 494 3176 de
509 3157 550 3177 tot
563 3151 707 3178 Graiorum
719 3150 838 3177 millibus
846 3156 926 3177 vnum
953 3151 1046 3178 ADio-

1099 3044 1191 3071 nullius
1204 3045 1268 3070 aliae
1280 3046 1335 3075 rei,
1353 3042 1402 3077 nist
1411 3045 1537 3069 amicitiae
1551 3050 1632 3068 eorum
1643 3040 1724 3076 caufii.
1759 3040 1833 3065 Aliae
1846 3046 1895 3074 pm
1907 3039 1983 3065 Alius
1995 3037 2072 3078 dii-rit.
2092 3036 2148 3077 Ati-

1094 3080 1156 3117 sert
1167 3079 1254 3105 deinde
1267 3088 1296 3105 ex
1311 3079 1429 3105 Caesaris
1438 3079 1594 3105 Anticatone
1608 3075 1685 3102 Alius
1697 3074 1781 3106 modi,
1802 3081 1825 3100 ct
1838 3084 1868 3100 ex
1882 3075 1983 3100 Catone
1991 3073 2049 3100 Alii
2061 3073 2146 3100 modi.

1102 3116 1172 3143 Gell.
1188 3125 1214 3150 4,
1227 3124 1256 3142 10
1272 3124 1302 3141 ex
1315 3114 1395 3141 Ateio
1409 3115 1556 3149 Capitone,
1579 3112 1640 3138 Erat
1653 3111 1726 3137 enim
1737 3111 1778 3137 ius
1792 3109 1921 3140 senatori,
1943 3115 1973 3135 vt
1991 3109 2148 3136 sententiam

1102 3158 1224 3187 rogatu5‚
1245 3150 1345 3178 diceret
1357 3156 1417 3177 ante
1431 3148 1564 3185 quidquid
1577 3147 1659 3174 vellet
1677 3146 1744 3174 aliae
1756 3146 1812 3176 rei,
1839 3150 1865 3172 et
1883 3144 1970 3179 quoad
1984 3144 2073 3171 Vellet.
2109 3144 2149 3170 Id.

36 3191 54 3208 ιι
77 3191 90 3209 e
104 3181 163 3217 legi.
200 3180 272 3209 Idem
289 3183 352 3210 Fast.
365 3186 391 3218 6,
404 3192 438 3220 27
459 3185 499 3212 Est
512 3186 613 3227 aliquid
626 3187 734 3222 nuplilse
748 3186 818 3218 Ioui,
835 3186 906 3213 Iouis
914 3187 961 3214 esse
974 3188 1047 3214 soro-
1060 3191 1088 3219 83
1102 3196 1129 3222 9,
1143 3197 1161 3221 4
1196 3187 1368 3213 Emoriantur
1378 3188 1469 3213 omnia
1483 3185 1556 3217 haec,
1569 3183 1639 3210 nulli
1651 3182 1719 3209 aliae
1731 3182 1820 3208 causae
1827 3179 1952 3208 obnoxia.
1975 3180 2072 3217 Rursus
2108 3179 2148 3206 Id.

35 3227 49 3244 r
73 3238 79 3243 .
133 3215 217 3252 Affirie
228 3217 285 3244 huic
296 3218 369 3259 illud,
390 3220 453 3256 quod
470 3221 582 3262 Aliquis,
601 3225 642 3250 vel
655 3221 766 3262 Aliquid
781 3222 839 3254 ess'e,
848 3226 951 3257 ponitur
959 3229 1008 3258 pro
1023 3232 1048 3250 eo

35 3263 52 3315 Ξ
87 3250 178 3315 §filiu
191 3252 557 3323 ssxiisgi-Tailpzeigrileiht‘u‘?
567 3259 640 3320 essei·
657 3260 690 3299 1¹¹.
695 3258 804 3320 dalhquo·
810 3258 1048 3322 Ᾰιιιηιειοῐὲιρὲιςιὲ.

38 3325 54 3350 s-
66 3309 144 3351 ciliut
155 3330 211 3351 tum
224 3307 492 3361 denique³se⁸aliquid
506 3302 731 3365 i'lutiii¹·11iiiailfiiiilet.e
752 3302 939 3363 eIdexmeiiteti-3,
953 3304 978 3364 1¹3
992 3299 1049 3358 ‘Itaf

1104 3232 1143 3259 17,
1156 3230 1169 3256 ς
1206 3223 1303 3258 Neque
1318 3222 1385 3249 alius
1401 3221 1477 3249 modi
1487 3221 1531 3248 isti
1546 3220 1621 3251 sunt,
1652 3227 1732 3254 quam
1748 3216 1821 3242 euius
1835 3216 1883 3242 effe
1903 3224 1949 3243 eos
1968 3216 2046 3252 supra
2058 3215 2151 3243 docui-

1101 3268 1168 3286 mus.
1224 3260 1265 3286 Sic
1276 3258 1333 3285 Alii
1348 3258 1451 3293 generis
1464 3256 1562 3284 bestiae
1581 3255 1636 3282 Cic.
1652 3254 1688 3280 N.
1701 3254 1780 3291 Deor.
1795 3259 1811 3291 ς,
1823 3260 1845 3277 c.
1859 3256 1892 3285 48
1924 3251 1973 3278 Vbi
1983 3252 2053 3288 conf.
2076 3253 2150 3278 Grut.

1103 3295 1160 3322 Alii
1170 3294 1256 3327 modi,
1270 3294 1358 3322 vid.in
1376 3298 1590 3321 PERINIVRIVS.
1627 3290 1682 3316 Cic.
1696 3288 1727 3314 de
1741 3288 1834 3313 Dium.
1847 3295 1873 3319 2,
1887 3295 1920 3320 3ο
1934 3296 1955 3314 e.
1965 3295 1988 3320 ¹3
2025 3287 2098 3314 Sedfi
2108 3295 2149 3326 ea-

1104 3331 1164 3357 dem
1179 3330 1246 3357 hora
1264 3330 1332 3357 aliae
1350 3330 1457 3365 pecudis
1475 3329 1549 3355 iecur
1561 3325 1676 3353 nitidum
1690 3330 1768 3358 atque
1786 3322 1893 3357 plenum
1904 3323 1958 3356 est,
1981 3322 2049 3350 aliae
2063 3322 2151 3349 horri-

6 3392 10 3397 .
39 3368 56 3398 q
74 3360 125 3393 fae,
138 3367 167 3387 vt
179 3369 221 3387 me
228 3360 293 3386 velis
306 3361 354 3387 eise
370 3360 498 3396 aliquem:
525 3365 650 3399 quoniam
670 3366 717 3401 qui
731 3365 787 3397 fui,
807 3371 832 3391 et
845 3365 891 3400 qui
903 3366 951 3393 effe
964 3367 1049 3402 potui,
1060 3372 1094 3397 90
1104 3367 1168 3394 dum
1180 3372 1207 3393 et
1219 3365 1307 3399 exile,
1324 3365 1390 3401 quid
1402 3365 1439 3392 est
1452 3364 1525 3400 quod
1538 3361 1666 3389 declarari
1680 3359 1754 3394 poffit
1766 3357 1860 3386 habitu
1871 3364 1993 3386 extorum
2002 3365 2028 3385 et
2042 3358 2151 3385 colore!

41 3403 56 3420 ι,
83 3395 130 3422 else
148 3404 202 3422 non
214 3396 325 3437 pulsum..
341 3399 358 3422 i.
377 3397 449 3437 Velit
467 3398 515 3424 ess'e
535 3407 576 3426 nie
589 3410 643 3427 non
662 3402 767 3436 prorsus
788 3401 928 3428 obscurum
940 3407 965 3428 et
977 3401 1050 3429 abie-

41 3430 98 3458 ἔω.
150 3431 224 3459 Aude
243 3431 346 3467 aliquid
358 3431 485 3473 breuibus
498 3433 590 3466 Gyaris
603 3444 629 3463 et
642 3446 744 3464 carcere
759 3436 885 3471 dignum,
909 3437 936 3464 Si
947 3438 988 3465 vis
1001 3439 1049 3466 ess‘e

27 3479 32 3487 ·
52 3470 58 3479 “
76 3465 115 3493 uls
134 3467 249 3494 quenal.
265 3476 284 3500 ι,
298 3476 328 3508 73
342 3469 374 3494 al.
390 3467 500 3503 aliquid.
537 3471 578 3497 An
589 3472 732 3508 quidquam
754 3473 872 3506 stultius,
886 3481 969 3508 quam
984 3483 1050 3509 quos

46 3496 56 3524 ί
103 3509 132 3528 oe
148 3501 210 3530 ficut
221 3510 355 3538 operarios
369 3503 548 3539 barbarosque
559 3513 718 3541 contemnas,
732 3517 777 3535 eos
792 3507 895 3543 aliquid
908 3514 996 3543 putare
1004 3511 1051 3537 else

1105 3403 1181 3430 Aliae
1195 3402 1275 3437 partis
1293 3401 1354 3428 Liu.
1366 3410 1410 3436 24,
1424 3408 1468 3435 27.
1510 3398 1579 3426 Gell.
1595 3404 1631 3431 17,
1643 3404 1660 3429 9
1696 3394 1837 3435 Inscriptio
1849 3395 1903 3422 alia
1913 3414 1920 3426 ,
1940 3395 2008 3422 aliae
2022 3394 2152 3432 locum-et

1105 3447 1204 3465 nomen
1217 3444 1326 3465 teneret.
1373 3438 1413 3464 Ita
1426 3438 1510 3463 Plaut.
1525 3434 1585 3461 Mil.
1594 3441 1617 3464 3,
1632 3439 1650 3463 ι,
1660 3438 1713 3465 207
1749 3431 1806 3464 Qu
1818 3430 1867 3457 nisi
1881 3430 2031 3460 adulterio,
2053 3428 2151 3468 studio-

1107 3475 1148 3501 sus
1168 3474 1209 3501 rei
1217 3473 1306 3500 nullae
1326 3473 1396 3501 aliae
1413 3472 1450 3499 est
1468 3469 1614 3505 improbus.
1630 3501 1635 3507 .
1675 3465 1722 3493 Sed
1733 3466 1865 3501 Quinctil.
1883 3475 1910 3499 9,
1931 3486 1938 3492 .
1957 3486 1964 3492 .
2000 3466 2064 3492 Non
2079 3472 2152 3490 enim

1106 3510 1196 3537 nescio
1210 3510 1253 3536 cui
1265 3509 1314 3536 alii
1327 3509 1414 3544 prius:
1435 3516 1482 3534 nec
1495 3505 1582 3542 postea
1589 3502 1637 3530 fibi
1645 3501 1702 3535 vni,
1713 3502 1757 3529 sed
1769 3501 1893 3530 omnibus
1899 3501 2036 3538 praecipit.
2049 3498 2152 3527 Sallust.

49 3543 56 3556 ¹
72 3534 156 3564 uersos
177 3538 232 3566 Cic.
248 3539 278 3565 T
279 3539 330 3565 use.
346 3548 358 3573 ς
372 3549 393 3566 c.
408 3542 447 3572 36.
494 3540 603 3576 Aliquid
616 3542 712 3570 dicere.
758 3545 809 3570 Hic
826 3544 859 3571 ab
879 3544 991 3572 artificio
1004 3547 1051 3573 suo
1062 3553 1092 3579 93
1108 3547 1137 3573 in
1150 3545 1228 3572 Catil.
1242 3554 1269 3578 2,
1284 3554 1312 3572 10
1349 3543 1431 3571 Aliud
1453 3543 1502 3569 alii
1523 3545 1617 3567 natura
1637 3537 1688 3565 iter
1705 3537 1828 3565 ostendit.
2023 3533 2044 3573 ff
2064 3543 2077 3561 2
2098 3535 2153 3562 Iam

90 3571 196 3613 τες-εὔξῃ
214 3581 239 3601 et
252 3581 338 3602 tamen
350 3575 418 3602 dixit
432 3575 534 3616 aliquid
550 3577 606 3604 Cic.
620 3578 702 3604 Tusc.
718 3588 738 3611 1,
758 3588 788 3606 ιι.
827 3580 888 3606 Siue
900 3580 1001 3617 aliquid
1014 3581 1052 3608 di-

113 3606 181 3635 mhtl
193 3610 312 3644 prosunt3
330 3611 374 3638 seu
389 3611 508 3641 delirant.
528 3612 596 3638 nihil
610 3614 829 3642 noeentLaeiant.
850 3624 872 3648 3,
885 3622 911 3650 7.
946 3617 986 3644 Sic
997 3617 1052 3644 Ali-

79 3639 179 3702 dclssqui
190 3643 228 3671 ld.
238 3653 261 3678 3,
271 3653 314 3679 24.
381 3674 383 3676 ,
487 3647 508 3684 ff
532 3657 559 3674 ιο
587 3648 634 3676 Sed
646 3651 719 3688 etiarn
734 3649 768 3675 ad
777 3656 922 3677 contemtum
933 3652 1053 3689 refertur.

67 3694 86 3715 .·
135 3683 170 3705 at.
182 3685 193 3704 ι
205 3687 227 3706 e.
239 3687 269 3713 23
284 3680 469 3709 Gerenducaest
482 3692 540 3710 mos
552 3683 769 3717 adolescentibus,
782 3686 829 3720 qui
842 3694 897 3712 non
908 3686 1054 3721 (ji-aeciali-

69 3640 78 3666 ἱ

69 3753 175 3786 ιυιηιιιι.
207 3748 245 3776 Id.
257 3750 330 3780 om.
344 3763 365 3780 e.
380 3762 404 3787 ις
421 3754 485 3781 Νοιι
498 3755 702 3782 declamatorem
721 3755 838 3791 aliquem
856 3756 888 3784 de
898 3758 967 3786 ·ludo
979 3780 987 3793 ,
1007 3759 1053 3788 sed

68 3780 201 3824 &imin-mn
213 3790 240 3811 et
253 3787 460 3820 persefflllimum
473 3792 625 3825 quaerimus
639 3798 781 3819 oratorem.
833 3794 931 3820 Μιίιιιίι
941 3798 1014 3822 etiam
1031 3801 1054 3823 et

69 3819 94 3850 ψ
106 3816 141 3843 ad
150 3819 255 3880 suffiunt·
271 3823 371 3864 vedum
383 3835 432 3852 rem
444 3826 568 3861 perducit.
606 3828 662 3854 Cic.
679 3828 750 3854 Fam.
772 3835 793 3861 ς,
805 3830 833 3854 16
857 3828 944 3857 Minus
962 3831 1054 3859 miseri

48 3858 96 3945 apt,
117 3861 163 3887 qui
204 3859 385 3894 {temporibus
398 3860 497 3888 liberos
511 3863 663 3895 amiserunt,
680 3872 760 3898 quam
773 3863 911 3891 lieosde'm‘
917 3865 994 3900 bona,
1010 3872 1055 3894 aut

1107 3592 1124 3609 v
1138 3591 1176 3608 um
1197 3583 1305 3608 nominis
1324 3583 1423 3607 varium
1443 3576 1628 3604 declarabimus.
1682 3575 1747 3611 Ergo
1766 3574 1858 3606 Alius,
1881 3579 1929 3608 pro
1942 3571 2031 3603 Alter,
2043 3569 2154 3611 siue-Se-

1107 3617 1215 3644 cundus.
1253 3616 1308 3643 Cie.
1321 3617 1397 3643 Verr.
1410 3625 1438 3649 4,
1452 3619 1482 3643 28
1507 3612 1581 3638 Tam
1593 3615 1620 3636 te
1631 3608 1676 3636 has
1687 3609 1806 3645 phaleras
1818 3619 1834 3636 a
1847 3607 1987 3635 Philarcho
2001 3607 2154 3646 Centuripi-

1108 3652 1288 3680 no'abstuliffe
1301 3651 1431 3681 dicebant,
1455 3656 1535 3684 quam
1549 3645 1612 3673 alias
1620 3645 1685 3673 item
1697 3645 1803 3672 nobiles
1817 3645 1849 3671 ab
1862 3643 1950 3670 Aristo
1957 3643 2153 3673 Panormitano,

1109 3698 1189 3726 quam
1206 3688 1296 3715 tertias
1316 3696 1331 3714 a
1350 3686 1477 3720 Cratippo
1497 3681 1692 3715 Tyndaritano.
1750 3681 1889 3715 Propalani
1913 3678 1997 3704 alium
2016 3677 2156 3705 Neronem

25 3724 29 3727 ·
75 3719 103 3736 u·
116 3712 291 3746 quotidianam
302 3718 487 3753 loquacitatem
503 3719 555 3746 fine
567 3721 624 3752 vsu,
646 3728 730 3754 neque
744 3728 776 3746 ex
791 3721 886 3748 scholis
899 3724 1293 3761 cantilenanuoopraedicabant
1311 3724 1379 3750 Suet.
1392 3722 1453 3748 Tit.
1465 3728 1486 3745 c·
1501 3726 1518 3753 7
1554 3717 1645 3745 Alium
1658 3715 1787 3744 Liberum
1805 3722 1906 3750 patrem
1925 3712 2066 3740 aduentare
2079 3714 2154 3740 Curt.

1109 3770 1136 3795 9,
1151 3766 1174 3794 8,
1189 3768 1221 3793 ss
1267 3759 1336 3788 Add.
1351 3756 1427 3792 Apul.
1442 3754 1527 3782 Miles.
1542 3761 1555 3787 ς
1572 3762 1596 3788 p.
1611 3755 1680 3788 1637.
1732 3752 1844 3786 Suscipit
1856 3749 1924 3780 alia,
1948 3751 1967 3775 i.
1982 3750 2064 3790 'altera
2079 3750 2155 3788 Soror

1110 3797 1138 3823 de
1151 3796 1253 3822 duabus.
1294 3793 1352 3822 Vid.
1372 3791 1475 3819 Tauhm.
1489 3789 1524 3816 ad
1534 3789 1614 3817 Plaut.
1628 3790 1702 3824 Capt.
1716 3787 1785 3814 Prol.
1799 3795 1824 3813 2.
1865 3786 1907 3812 Sic
1919 3784 2006 3812 Gallia
2019 3785 2055 3812 est
2067 3792 2155 3823 omnis

1109 3831 1196 3860 diuisa
1209 3832 1237 3858 in
1251 3836 1336 3866 pai-tes
1349 3835 1415 3859 tres,
1434 3834 1548 3861 quarum
1559 3834 1639 3852 vnam
1651 3824 1772 3851 incolunt
1789 3820 1881 3854 Belgae
1892 3839 1901 3853 ,
1922 3820 2002 3848 aliam
2018 3821 2155 3856 Aquitani,

1109 3868 1217 3895 tertiam
1234 3873 1279 3893 etc.
1315 3864 1388 3892 Caes.
1400 3863 1429 3890 B.
1444 3862 1476 3888 G.
1489 3869 1508 3892 1,
1522 3869 1541 3888 1.
1580 3863 1673 3896 Nempe
1686 3859 1814 3886 ordinarie
1855 3855 1944 3888 Alter,
1973 3856 2002 3882 de
2015 3856 2105 3883 duobos
2117 3854 2154 3880 di-

70 3896 141 3923 uque
152 3888 239 3924 ants-¹³
249 3892 312 3927 ¹¹05?-
325 3896 498 3930 perdidiffent.
644 3897 666 3937 ff
690 3908 714 3926 ιι
745 3899 789 3928 Ad
808 3903 963 3935 σεμνολογίαν
980 3906 1192 3938 quan-105'ci'rur,·
1217 3902 1293 3930 Alius
1307 3901 1334 3927 de
1346 3897 1499 3934 multis,h.ye.
1513 3896 1588 3925 Alter
1597 3906 1662 3925 unus
1675 3893 1710 3929 est
1731 3903 1743 3920 e
1755 3892 1862 3923 dnoburi
1876 3891 1962 3925 Alius,
1975 3901 2006 3920 ex
2018 3892 2099 3919 tribus
2111 3895 2156 3915 Μ’

131 3930 213 3951 νοι..
248 3926 270 3953 1.

1265 3937 1279 3964 1
1305 3936 1317 3963 ᾗ
2072 3926 2155 3961 pheri·-
