2474 4182
45 221 104 263 8¹7
410 207 444 248 C
523 206 563 246 A
645 201 682 242 V
1531 209 1760 251 CAV
2113 227 2178 267 818

13 312 14 315 ,
38 301 77 328 Est
90 299 244 330 absfflqfflum,
262 296 404 324 mdiorem
417 297 518 324 causam
532 292 733 331 publicanorum
746 299 824 326 quam
839 298 991 333 exterorum
1011 291 1071 318 effe·
1137 300 1197 326 que.
1210 326 1216 331 ο
1269 290 1338 318 Tib.
1351 301 1451 334 &3417
1482 296 1534 322 Aut
1560 308 1609 333 ego
1629 301 1684 326 sum
1710 301 1825 327 causatus
1843 309 1919 334 aues,
1938 307 1982 329 aut
2004 306 2093 333 omina
2113 307 2178 335 dira.

13 325 14 331 ¹
38 336 105 363 6111111
121 333 223 370 operari
240 334 299 368 le.
314 334 331 359 l.
347 342 354 359 1
369 331 392 370 ᾗ.
407 342 426 366 4
439 333 470 358 de
484 330 580 366 public.
592 334 618 354 et
630 327 726 368 V.e&¹.g·
799 329 925 368 Pompon.
941 338 968 354 111
985 328 1000 354 l.
1014 337 1070 354 mu-
1136 325 1252 367 Martsal.
1266 338 1294 360 4,
1309 335 1325 369 7
1346 329 1395 369 bed
1410 339 1462 369 iam
1476 333 1586 371 cau-saris
1602 335 1761 371 barbamque
1775 346 1909 372 annosque
1928 337 2057 373 pilosque.
2112 344 2180 370 Tac,

14 364 16 400 Ῐῖ
35 372 92 405 lier.
107 371 137 397 D.
152 370 182 396 dc
193 370 289 404 captiu.
303 376 328 396 et
342 368 454 403 postlim.
468 365 562 393 reuers.
581 363 681 390 Mulier
695 372 721 389 m
735 372 800 397 opus
815 364 954 391 salinarum
967 364 1003 390 ob
1017 372 1070 390 ma-
1138 362 1205 389 H1st-
1220 371 1243 394 3,
1259 372 1289 395 59
1311 363 1421 390 babums
1435 365 1579 394 inhabilem
1595 370 1680 397 labori
1696 379 1720 398 et
1733 372 1857 399 audaciae
1871 373 2050 401 valetudinem
2064 378 2181 405 causaba-

14 424 16 433 ,
37 406 148 434 leficium
162 404 238 437 data,
257 412 283 431 et
313 404 407 431 deinde
434 412 449 429 a
470 399 622 428 latrunculis
641 405 745 425 exterae
764 400 848 439 gentis
865 406 954 436 capta,
973 406 999 426 et
1012 399 1070 425 iure
1138 403 1197 439 tun·
1240 434 1244 438 ²
1263 398 1369 440 leiau.
1385 400 1403 426 l.
1424 409 1453 441 11.
1465 402 1496 427 D.
1517 401 1540 438 §.
1554 412 1566 434 3
1579 404 1610 430 de
1629 407 1742 434 institor·
1761 408 1810 434 30}-
1831 412 1890 442 (14,
1902 414 1932 441 3)
1954 410 1997 436 Ne
2011 411 2069 445 quis
2083 414 2182 440 causari

15 460 17 474 1
36 441 303 469 commerciivendita
316 449 345 466 ac
358 440 487 470 redemta,
505 435 647 462 incausam
668 436 739 461 suam
761 435 866 468 recidit,
886 439 902 461 i.
915 438 1028 468 flatiani,
1047 441 1071 460 ct
1094 440 1110 466 ς
1137 434 1211 468 potiit
1237 442 1415 468 ignorantlam
1436 437 1583 464 literarum.
1656 444 1685 467 Et
1708 443 1723 469 1,
1744 453 1759 469 2
1778 444 1809 470 1)¹
1824 443 1847 481 §⁸
1868 450 1881 474 8
1895 445 1992 480 Siquis
2013 447 2182 474 cautionibus

16 485 17 512 1
34 476 195 505 conditionem
209 479 236 502 in
250 486 296 512 qua
304 479 378 511 prius
388 480 449 502 erat.
519 471 666 497 Martianus
680 472 710 497 D.
719 471 751 497 de
759 480 848 497 rerum
864 471 940 497 diuis.
951 471 966 497 Ι.
976 471 1001 497 111
1016 478 1069 496 tan·
1137 475 1177 501 (2,
1194 474 1232 501 11)
1247 471 1354 510 causari
1369 473 1547 506 tempestatem
1561 480 1586 499 et
1600 475 1655 502 vim
1670 478 1818 505 fluminum.
1892 482 1921 507 In
1954 482 2041 517 quibus
2072 483 2183 508 omnibus

35 519 104 543 tum,
125 513 153 538 In
163 512 230 538 inari
242 510 400 547 piscantibus
413 508 526 535 liberum
540 506 591 538 est,
607 507 689 533 casam
704 507 731 533 in
745 507 824 533 litore
839 516 945 541 ponere,
955 507 981 532 iu
991 514 1070 540 quam
1135 506 1275 544 excusandi
1291 508 1362 533 verbo
1375 511 1449 533 etium
1462 511 1531 535 locus
1543 516 1605 535 crat.
1678 514 1783 539 Pont‘t14,.
1797 517 1868 540 “mm
1882 526 1935 541 cum
1954 518 2092 553 “ceu-satim
2108 525 2132 544 ct
2145 522 2184 544 in-

34 549 58 575 se
71 548 207 582 recipiant.
277 548 306 574 In
317 552 425 576 tantum,
438 549 466 569 vt
478 542 527 568 soli
540 541 644 568 dommi
660 543 859 573 constituantur,
868 543 915 577 qui
928 543 966 568 ibi
981 540 1071 568 aedifi·
1129 543 1213 576 jznt‘to.
1231 542 1298 567 Gell.
1315 548 1348 573 18,
1361 553 1379 575 4
1400 544 1449 569 Ille
1462 545 1487 570 se
1502 545 1554 570 iam
1566 545 1641 579 plane
1656 546 1733 573 illudi
1750 557 1835 582 ratus,
1853 553 1991 586 negotium
2004 553 2054 580 sibi
2069 554 2116 579 esse
2123 563 2183 580 cau-

33 589 91 610 cant
106 595 111 610 ε
147 584 188 610 sed
203 582 327 617 quamdiu
340 579 487 607 aedificium
502 585 598 604 manet.
623 578 745 613 alioquin
758 579 880 605 aedificio
889 577 1069 616 dilapsb,qua-
1136 577 1206 616 satur
1219 583 1245 602 et
1257 577 1416 616 digreditur.
1488 581 1583 614 Sulpic.
1600 582 1657 607 Seu.
1673 584 1749 616 Epist.
1764 593 1786 616 3,
1801 594 1823 616 ¹3
1848 596 1876 611 fx
1888 588 1993 623 persana
2015 591 2040 616 S·
2060 591 2182 621 Martini,

14 625 20 640 ='
35 619 53 646 si
70 620 127 645 iure
141 618 297 654 postliminii
309 615 450 644 reuertitur
463 614 535 640 locus
550 615 578 640 in
591 614 728 649 pristinam
741 615 841 641 causam
855 625 860 640 z
896 621 921 639 ct
934 613 951 639 11
967 613 1032 639 alius
1042 621 1069 638 1n
1088 619 1117 636 10
1135 612 1161 638 Si
1176 612 1259 652 adhuc
1273 622 1300 638 in
1313 614 1406 640 eodem
1422 614 1513 641 labore
1549 631 1594 635 ——
1630 617 1695 644 stare
1714 628 1755 644 me
1776 622 1918 655 praecipis,
1939 633 1993 650 non
2011 626 2118 658 recusO,
2133 627 2183 652 'nec

14 646 21 664 '³
34 654 126 681 eodem
140 655 200 681 loco
211 651 403 682 aedificauerit,
424 650 481 676 eius
494 650 546 676 sict.
619 650 724 684 leian.
744 651 772 677 in
792 650 809 676 l.
831 658 840 676 1
859 650 890 676 D.
905 648 922 675 si
936 648 1071 675 exnoxali
1133 648 1296 674 fatiscentem
1318 650 1443 676 causabor
1465 658 1586 677 aetatem.
1763 655 1783 691 *j
1808 664 1818 686 3
1856 660 1904 683 pro
1929 660 2114 694 tergiuersari,
2144 662 2187 687 vel

14 673 21 728 1
34 691 107 717 causa
120 695 227 724 agatur,
247 690 277 716 In
289 687 376 714 eadem
389 686 462 712 causa
476 685 562 712 sistere
573 685 638 721 quid
652 686 681 713 sit
694 686 846 718 videamus,
868 692 893 712 et
908 692 970 719 puto
980 685 1069 711 verius
1135 693 1227 724 morae
1241 685 1342 710 causum
1357 685 1461 712 adferre
1475 687 1625 714 adhibetur.
1697 689 1771 723 Virg.
1789 691 1840 716 Ecl.
1855 701 1880 723 9,
1890 696 1918 724 56
1938 696 2184 724 Causandonostros

13 740 15 752 ι
34 726 96 758 ess'cv,
117 725 145 751 in
159 724 248 752 eadem
263 724 334 750 causa
351 730 414 748 eum
432 721 521 748 videri
542 721 643 753 sistere,
658 723 705 757 qui
737 722 769 748 ad
799 720 986 755 experiendum
1017 729 1071 746 non
1135 729 1164 746 111
1179 719 1285 755 longum
1299 721 1371 746 ducis
1385 729 1498 748 amores.
1571 723 1659 757 Papin.
1675 723 1692 749 Ι.
1706 732 1737 757 34
1753 726 1783 750 D.
1797 726 1828 751 de
1840 727 1904 753 statu
1919 730 1995 756 liber.
2015 735 2079 765 (40,
2095 738 2130 768 7)
2156 733 2184 759 Si

14 739 23 792 ,1
33 761 97 791 facit
124 761 163 787 ius
180 759 273 787 afloris
287 757 410 784 deterius.
480 758 584 792 leian.
601 759 628 784 in
642 758 658 784 l.
673 767 688 784 2
702 759 733 784 D.
748 758 780 783 de
793 763 892 791 except.
907 756 947 782 rei
963 756 1070 782 iudicat.
1136 755 1211 782 heres
1225 756 1374 783 causabitur
1387 758 1505 791 accipere
1519 760 1650 791 rationes,
1667 759 1843 787 nihilomiuus
1858 763 1970 792 liberum
1986 767 2052 793 sore.
2089 768 2186 804 Adfer.

20 797 67 828 {At
80 796 97 822 si
111 805 164 823 non
178 796 204 822 in
218 803 246 821 ea
258 794 332 820 causa
348 793 396 820 sint
415 792 520 820 tabulae
542 794 704 825 testamenti,
725 798 753 819 vt
771 798 862 819 contra
882 800 923 818 eas
938 793 1070 819 bonorum
1092 797 1118 825 ις
1136 799 1178 818 tur
1186 792 1321 821 etiamCic.
1329 801 1378 827 pro
1385 793 1605 826 QRosc.41c.14
1616 795 1760 829 Numquid
1769 798 1955 833 ca111111·c‚quin
1970 801 2002 827 ab
2015 803 2117 830 iudicio
2125 804 2185 830 abe-

34 832 146 867 poffeffio
160 831 215 858 dari
225 828 312 864 poffit,
332 836 377 856 etc.
448 829 645 863 Tryphoninus
660 830 687 855 in
703 829 719 854 l.
733 829 760 854 in
776 827 854 854 bello.
877 825 899 864 §.
915 827 932 860 si
950 827 1070 862 deporta·
1137 837 1163 853 as
1178 828 1320 862 turpiffime
1335 828 1439 855 vidiusi
1476 829 1524 856 Sed
1542 836 1667 864 ›·t·pojucre
1686 835 1740 856 viri
1759 832 1827 858 docti
1849 834 1921 860 Num
1940 838 2004 870 quid
2022 840 2111 866 causae
2131 840 2187 867 est3

16 877 20 886 1>
32 873 89 895 tum
110 868 141 894 D.
159 866 190 893 de
207 865 301 899 captiu.
322 872 347 891 et
368 865 483 900 postlim.
503 866 599 892 retici-s.
620 865 646 891 Si
661 865 826 898 deportatum
841 863 874 889 ab
890 863 973 889 insula
987 863 1071 889 hostes
1137 862 1158 925 ἒ
1179 874 1197 897 4
1225 865 1348 897 causari,
1368 872 1415 899 pro
1430 866 1605 900 Expostulare,
1626 873 1648 890 et
1658 866 1884 902 C⁰⁷¹ffussriponnnt
1897 872 2059 899 Rea-entiores,
2096 876 2185 902 Treb-

15 907 168 938 sceperunt,
186 901 318 928 redemtus
336 900 433 936 quibus
453 901 553 928 casibus
571 901 654 933 redit,
674 900 703 926 in
721 908 778 926 eam
797 900 898 925 causam
918 899 1022 931 veniet,
1042 899 1071 925 in
1157 899 1224 924 ollio
1238 909 1268 931 30
1287 900 1392 932 Tyran.
1407 907 1471 927 extr.
1490 901 1578 927 Habes
1598 901 1731 934 integrum
1748 911 1889 931 numerum
1908 906 1979 933 XXX
1997 914 2186 941 tyrannorum:
2222 920 2225 922 ’

19 920 82 974 lqua
95 938 195 964 futurus
208 937 302 969 esset‚si
317 944 404 972 captus
417 946 471 963 non
485 937 586 970 suisset,
604 935 787 970 deportabitur
807 935 897 969 igitur.
972 936 1027 960 Huc
1039 941 1072 960 et·
1137 935 1185 969 qui
1201 944 1259 961 cum
1276 936 1416 963 malcuolis
1428 936 1554 971 quidem,
1574 936 1617 962 sed
1632 936 1704 962 bono
1717 938 1807 963 animo
1827 941 1981 969 causabaris.
2021 946 2050 970 Et
2069 946 2185 974 Saluian.

23 978 79 1023 {iam
97 973 153 999 illae
172 972 285 999 ICtorum
300 973 427 1008 Jbrnmlae
441 976 585 1009 pertine-nt,
604 982 656 998 cum
678 972 766 999 seruus
779 971 890 996 alienari
904 970 998 996 dicitur
1011 979 1071 996 cum
1091 978 1127 997 20
1137 971 1168 996 de
1182 970 1251 997 Gub.
1267 972 1315 997 Dei
1331 981 1342 1004 3
1366 970 1420 1007 posi
1438 975 1497 998 init.
1527 972 1647 999 Causaris
1667 973 1765 1006 igitur,
1786 974 1850 1007 quid
1870 976 1899 1001 sit
1921 978 2000 1010 illud,
2018 980 2091 1014 quod
2107 981 2186 1009 Chri-

24 1009 71 1036 1sua
84 1007 292 1040 causal.36ff.dc
308 1008 372 1035 statu
385 1008 486 1035 liberis.
523 1009 581 1035 Cum
589 1017 630 1034 res
638 1016 696 1033 cum
710 1007 754 1032 sua
767 1007 840 1032 causa
856 1006 994 1032 transferri
1009 1006 1071 1032 clici·
1137 1006 1230 1039 stiani,
1251 1008 1297 1040 qui
1312 1009 1396 1033 Deum
1411 1009 1560 1041 credimus,
1578 1007 1704 1036 omnibus
1721 1009 1872 1036 miseriores
1889 1013 1985 1039 sumus.
2021 1016 2089 1043 Add.
2103 1017 2186 1050 Chry.

23 1031 69 1080 itur
82 1043 99 1070 Ι.
111 1045 145 1078 67
159 1043 185 1070 ff.
202 1043 234 1069 de
246 1050 329 1071 contr.
346 1051 409 1071 emt.
445 1046 514 1072 Cum
529 1045 573 1070 sua
584 1044 658 1070 causa
671 1042 759 1069 transit
773 1041 871 1068 fundus
886 1041 920 1068 l.1
937 1040 960 1078 ᾗ.
976 1042 1069 1068 Sifun-
1137 1041 1219 1076 solog.
1234 1042 1316 1068 Serm.
1333 1047 1374 1075 156
1390 1044 1437 1079 sub
1449 1044 1500 1079 fin.

24 1077 76 1112 idus
88 1079 114 1105 ff.
130 1080 161 1105 de
174 1079 275 1114 pigner.
289 1080 339 1107 361.
376 1081 443 1107 Cum
458 1081 502 1106 sua
516 1080 590 1106 causa
603 1079 672 1105 bona
683 1077 820 1104 vindicare
836 1078 853 1104 1,
872 1086 899 1112 17
913 1075 982 1114 §.ex
997 1077 1069 1103 facio
1173 1084 1189 1104 c
1199 1085 1220 1104 A
1230 1085 1301 1104 VSA
1311 1085 1361 1105 TV
1371 1086 1401 1111 S,
1420 1088 1451 1112 a,
1471 1089 1524 1106 um.
1562 1079 1702 1115 Excufizns,
1717 1087 1875 1116 praetexens.
1913 1082 2020 1110 sueton,
2034 1083 2137 1112 Neron,
2150 1096 2187 1120 49

25 1113 97 1147 iffiad
110 1115 157 1142 SC.
170 1116 294 1143 Trebell.
317 1127 320 1131 ·
369 1117 411 1143 Sic
425 1116 529 1150 leian.
545 1115 584 1141 l.1
603 1113 625 1151 §.
640 1114 704 1140 hanc
716 1113 786 1140 36110
799 1113 826 1139 ff.
847 1113 974 1148 depositi,
993 1114 1068 1152 Hauc
1135 1113 1264 1146 Pugiones
1287 1115 1377 1140 rursus
1397 1115 1535 1147 condidit,
1561 1116 1696 1149 causatus,
1719 1116 1839 1143 nondum
1859 1117 1940 1144 adesse
1959 1119 2065 1146 fatalem
2085 1121 2187 1148 horam.

25 1150 157 1184 &ationem
171 1151 256 1178 bonae
270 1151 332 1178 fidei
345 1153 408 1185 esse,
423 1151 539 1178 dubitari
553 1159 606 1176 non
619 1156 741 1184 oportet,
763 1155 788 1175 et
803 1149 864 1176 ideo
877 1156 903 1176 et
923 1147 1025 1174 fructus
1040 1157 1068 1173 in
1087 1155 1118 1180 25·
1134 1149 1202 1175 AM.
1216 1149 1288 1175 Idem
1303 1150 1386 1185 Calig.
1402 1161 1423 1177 c.
1437 1160 1477 1184 23.
1517 1151 1641 1178 Causatus
1662 1153 1755 1188 capitis
1768 1162 1854 1179 acrem
1869 1153 1989 1180 dolorem
2005 1156 2082 1189 Apul.
2098 1158 2161 1183 Met.
2176 1167 2188 1190 3

46 1186 237 1214 ancvaclionem
251 1188 361 1220 venire,
379 1194 405 1213 et
417 1195 523 1214 omnem
536 1187 637 1213 causam
650 1191 675 1212 et
690 1192 809 1220 partum,
827 1185 965 1212 dicendum
981 1183 1026 1215 est,
1036 1193 1068 1210 ne
1134 1194 1158 1219 p.
1171 1193 1218 1217 135.
1258 1186 1298 1212 Sic
1307 1186 1367 1212 Liu.
1385 1189 1426 1219 36,
1442 1196 1471 1213 10
1488 1188 1581 1222 Itaque
1595 1188 1720 1214 Hiemem
1735 1188 1831 1215 instare
1845 1189 1914 1224 apud
1927 1191 1986 1216 suos
2000 1192 2119 1218 causatus
2134 1202 2189 1224 rex,

46 1222 96 1249 uda
108 1231 148 1249 res
162 1224 259 1250 veniat.
330 1223 411 1249 Gaius
425 1222 441 1248 l.
454 1231 489 1248 20
503 1221 575 1249 ffide
590 1222 630 1248 rei
643 1221 769 1248 vindicat.
808 1221 865 1248 Nec
879 1221 949 1246 enim
962 1218 1067 1252 sufficit,
1135 1230 1216 1247 vnum
1232 1227 1333 1248 1311111111
1350 1229 1468 1249 moratus
1480 1222 1571 1255 diem,
1591 1223 1624 1249 ab
1639 1225 1736 1251 Larissa
1748 1224 1853 1251 recessit.
1926 1226 2019 1253 Tacit.
2034 1230 2101 1253 Anu.
2116 1236 2136 1261 1,
2150 1237 2188 1263 47

41 1266 120 1294 orpus
133 1259 219 1293 ipsum
235 1259 354 1291 restitui,
374 1258 416 1285 sed
435 1267 501 1292 opus
514 1257 566 1290 est,
588 1263 616 1284 vt
631 1264 655 1283 et
670 1258 743 1284 causa
757 1258 797 1284 rei
810 1256 1008 1288 restituam-‚id
1021 1256 1067 1288 est,
1135 1257 1252 1291 Negotia
1270 1258 1345 1284 varie
1370 1258 1503 1291 causatus,
1528 1260 1616 1294 primo
1636 1261 1792 1294 prudentes,
1818 1261 1881 1287 dein
1898 1262 2024 1297 vulgum,
2047 1263 2189 1290 diutissime

45 1300 55 1320 t
74 1303 153 1321 omne
173 1294 269 1321 habeat
287 1294 398 1329 petitor,
417 1293 492 1329 quod
513 1293 651 1330 habiturus
671 1294 757 1326 soret,
782 1293 800 1319 si
814 1301 847 1319 eo
858 1299 994 1326 tempore,
1014 1301 1068 1326 quo
1133 1293 1286 1327 prouincias
1306 1294 1413 1320 fefellit.
1486 1295 1562 1322 Curt.
1583 1305 1617 1328 4,
1639 1299 1683 1329 16,
1704 1302 1730 1327 18
1761 1297 1801 1323 Et·
1817 1306 1939 1332 praeceps
1960 1298 1989 1324 in
2007 1299 2189 1327 noetemxdiei

37 1329 153 1356 udicium
166 1329 358 1365 accipiebatur,
378 1329 513 1358 restitutus
528 1329 569 1356 illi
583 1329 665 1356 homo
679 1329 775 1356 fuisset.
812 1330 904 1363 Ita'que
920 1334 1008 1362 partus
1023 1337 1068 1354 an·
1082 1336 1115 1361 30
1134 1329 1258 1363 Tempus
1272 1330 1398 1357 causatus.

39 1365 100 1392 illae
113 1365 215 1392 restitui
228 1365 305 1392 debet
319 1372 363 1392 etc.
436 1364 538 1392 Paullus
554 1365 571 1391 l.
586 1374 610 1397 3¹
624 1365 651 1391 ff.
665 1365 696 1391 de
710 1364 765 1391 reb.
786 1363 855 1390 cred.
882 1365 916 1390 Vt
929 1364 986 1398 post
1000 1364 1070 1389 iudi-
1171 1371 1187 1391 C
1198 1372 1218 1391 A
1228 1372 1248 1391 v
1258 1373 1300 1392 SA
1310 1372 1331 1392 T
1341 1372 1366 1392 E.
1402 1364 1471 1392 Adu.
1509 1366 1570 1392 Cum
1587 1366 1668 1402 causa.
1704 1367 1771 1394 Plin.
1791 1369 1876 1402 praef.
1890 1370 1989 1404 operis,
2010 1371 2090 1404 Qiod
2106 1370 2123 1397 si
2138 1370 2189 1399 hoc

40 1401 96 1428 ium
111 1408 243 1436 acceptum
257 1402 330 1427 causa
342 1400 428 1427 omnis
440 1401 601 1427 restituenda
614 1401 659 1433 sit,
678 1400 779 1433 idest,
800 1408 880 1425 omne
900 1400 972 1433 quod
992 1399 1069 1426 habi·
1134 1400 1252 1426 Lucilius
1286 1416 1332 1421 —
1368 1409 1469 1435 quanto
1489 1410 1537 1428 nos
1557 1403 1704 1435 causatius,
1723 1406 1741 1429 i.
1757 1403 1859 1437 iustiore
1872 1407 1962 1441 causa,
1982 1406 2016 1433 ab
2035 1407 2127 1442 aliquo
2148 1409 2188 1434 iu.

38 1446 99 1464 ιιι-115
114 1438 173 1464 esset
186 1437 275 1469 36101,
296 1436 313 1463 11
327 1437 382 1463 litis
394 1436 577 1463 contestandae
591 1443 708 1470 tempore
720 1435 819 1461 solutus
840 1436 936 1462 fuiss'et.
992 1435 1068 1471 Conf.
1133 1435 1192 1462 dice
1205 1445 1249 1462 nos
1264 1436 1439 1462 defendimus.
1854 1462 1856 1465 ,
1935 1453 1940 1456 «

46 1493 50 1498 .
68 1481 84 1505 9
100 1476 126 1499 in
141 1480 254 1508 quantum
269 1474 407 1499 utilitatem
419 1479 443 1499 et
454 1472 483 1499 id
496 1472 560 1508 quod
571 1470 686 1504 interest,
707 1472 781 1497 causa
793 1470 941 1508 significare
960 1471 1069 1497 videtur.
1169 1479 1186 1498 C
1196 1479 1217 1498 A
1229 1479 1247 1497 ν
1257 1479 1269 1498 S
1279 1479 1300 1498 A
1310 1478 1330 1497 Τ
1340 1479 1349 1497 1
1359 1479 1378 1497 v
1388 1479 1408 1498 v
1421 1480 1452 1504 s,
1473 1481 1503 1505 a,
1524 1481 1579 1499 um.
1617 1473 1697 1499 Gloss.
1708 1474 1754 1500 Gr.
1769 1474 1825 1500 Lat.
1839 1474 2013 1511 αἰτιολογικός,
2031 1479 2187 1505 causatiuus,

69 1516 93 1541 ις
129 1509 226 1540 Causa,
241 1516 289 1544 pro
298 1508 424 1544 partibus.
481 1509 537 1535 Cic.
560 1508 587 1534 in
603 1508 687 1534 Pison.
726 1527 733 1533 .
771 1522 787 1533 .-
817 1527 823 1533 .
860 1508 925 1533 Non
938 1508 995 1533 sum
1008 1516 1068 1541 ego,
1086 1516 1114 1543 33
1133 1507 1164 1533 Et
1186 1507 1265 1547 Mart.
1289 1507 1389 1542 Capell.
1410 1515 1423 1540 5
1455 1517 1480 1542 p.
1518 1527 1526 1533 .
1564 1528 1572 1534 .
1609 1510 1783 1535 Causatiuum
1803 1510 1858 1536 litis
1879 1510 1930 1543 est,
1952 1513 2023 1546 quod
2044 1515 2189 1541 dubitatio-

32 1550 132 1578 ·ropter
144 1545 254 1571 nimiam
267 1545 371 1570 fortasse
384 1543 542 1570 constantiae
555 1543 726 1577 cupiditatem
747 1542 934 1569 Adductusad
955 1543 1067 1569 causam.
1131 1548 1192 1569 nem
1214 1543 1285 1569 facit.

36 1578 61 1604 d.
77 1579 143 1606 Phil.
160 1588 182 1612 ς,
197 1589 235 1614 44
254 1580 347 1606 Caesar
360 1585 448 1605 autem
461 1579 537 1605 annis
549 1579 640 1605 multis
653 1579 744 1605 minor
757 1586 846 1605 vetera
866 1588 913 1605 nos
933 1578 1069 1613 cupientes
1169 1586 1217 1606 CA
1229 1586 1246 1603 v
1258 1586 1270 1606 s
1280 1586 1301 1605 A
1312 1586 1333 1605 T
1344 1585 1351 1604 1
1361 1585 1396 1609 O,
1427 1578 1497 1605 onis.
1535 1578 1556 1604 f.
1593 1578 1751 1614 [πρόφασις]
1798 1582 1964 1614 Praetextus,
1989 1583 2129 1619 excusztio,
2150 1587 2190 1612 vel

4 1640 5 1645 ,
49 1616 252 1649 nrrequiescere
264 1615 377 1647 armauit
391 1623 397 1638 :
433 1622 490 1640 eam
505 1615 667 1649 Complexus
681 1614 717 1640 est
733 1615 835 1641 causam
845 1634 852 1647 ‚
873 1624 941 1649 quae
955 1615 1014 1641 esset
1026 1615 1068 1641 Se·
1132 1616 1208 1642 color.
1244 1615 1368 1641 Martian.
1381 1614 1481 1649 Capell.
1496 1622 1508 1647 ς
1530 1623 1556 1649 p.
1572 1620 1617 1648 148
1638 1615 1796 1649 Deprecatio
1810 1617 1880 1643 nihil
1895 1619 2054 1645 causationis
2068 1621 2189 1654 associat,

40 1649 109 1681 atui,
131 1659 197 1685 quae
210 1650 325 1684 populo,
346 1658 414 1684 quae
428 1649 537 1676 cunciae
551 1651 661 1683 Italiae,
685 1658 754 1685 quae
766 1651 814 1676 Dis
827 1650 952 1677 omuibus
970 1651 1068 1684 grauis-
1134 1651 1177 1677 sed
1191 1651 1219 1677 in
1234 1651 1363 1677 exorandi
1380 1650 1562 1676 humilitatem
1577 1659 1718 1685 precesque
1733 1652 1851 1686 suspirat.
2051 1654 2070 1693 ‘fi
2093 1665 2108 1682 2
2140 1659 2189 1683 Pro

13 1710 18 1715 ,
41 1693 91 1712 ma.
160 1685 220 1712 Liu.
234 1687 274 1718 36,
288 1693 301 1718 ς
326 1687 442 1721 Epirotae
460 1685 601 1720 petebant,
625 1695 658 1712 ne
672 1687 697 1712 se
710 1692 810 1712 temere
823 1686 849 1712 in
865 1687 966 1712 causam
981 1686 1068 1712 Dedu-
1078 1696 1115 1720 40
1140 1688 1209 1713 Vitio
1225 1694 1268 1713 aut
1282 1687 1369 1713 Morbo
1389 1686 1484 1713 Pallad.
1500 1695 1519 1715 1,
1535 1695 1553 1719 4
1576 1687 1602 1713 Si
1616 1687 1688 1713 saluo
1702 1688 1787 1722 capite
1802 1689 1830 1715 in
1843 1688 2014 1723 pulmonibus
2028 1699 2056 1717 ac
2070 1691 2189 1725 thorace,

40 1727 105 1753 ret,
126 1720 254 1756 expositos
268 1721 390 1748 aduersus
403 1722 509 1748 Italiam
524 1730 573 1755 pro
587 1722 662 1748 omni
675 1722 803 1754 Graecia,
818 1727 844 1748 et
864 1723 964 1756 primos
986 1723 1068 1756 impe·
1134 1729 1178 1748 aut
1194 1723 1265 1748 nulla
1278 1722 1329 1755 est,
1349 1729 1392 1748 aut
1407 1732 1465 1749 rara
1480 1722 1606 1749 causatio.
1679 1724 1747 1749 Gen.
1762 1732 1812 1756 20,
1832 1733 1840 1750 1
1865 1725 1908 1751 Ne
1925 1727 2040 1753 causatio
2053 1728 2100 1754 ista
2115 1730 2188 1763 aegri

41 1765 60 1782 ns
73 1757 256 1787 Romanorum
270 1762 435 1790 excepturos.
506 1757 562 1783 Cic.
576 1758 628 1784 Att.
644 1765 670 1792 7,
685 1766 710 1783 12
731 1757 807 1783 Tuas
823 1758 888 1783 volo
901 1758 995 1783 elicere
1009 1758 1067 1783 lite·
1133 1758 1253 1792 corporis
1268 1765 1420 1793 perpetuam
1434 1759 1602 1784 vacationem
1616 1758 1689 1785 daret
1706 1759 1787 1786 fidem
1806 1760 2025 1788 detrectantibus.
2082 1765 2189 1800 Eam-121-

35 1801 76 1825 -s,
93 1793 262 1827 maximeque
282 1792 437 1824 consilium,
456 1792 522 1826 quid
542 1801 633 1826 agam,
656 1798 702 1818 aut
729 1801 783 1826 quo
808 1801 850 1818 me
869 1793 947 1827 pac'to
968 1802 1067 1827 geram,
1134 1797 1224 1820 tionem
1244 1798 1271 1820 ob
1287 1795 1394 1821 morbum
1408 1794 1514 1820 indicat.

0 1819 1 1822 ¹
36 1828 198 1854 emittamne
213 1836 254 1854 me
267 1827 370 1862 penitus
383 1828 412 1853 111
425 1828 526 1853 causam
541 1829 550 1854 Ξ
570 1828 703 1862 (Pompeii
718 1834 741 1854 et
754 1828 881 1863 Smetus)
950 1830 988 1855 Id.
999 1829 1066 1856 Phil.
1170 1836 1186 1856 c
1197 1837 1218 1855 A
1228 1837 1247 1855 v
1259 1836 1270 1855 S
1280 1837 1300 1856 A
1311 1837 1332 1855 ‘r
1342 1836 1360 1855 R
1370 1837 1379 1855 1
1390 1837 1425 1862 x,
1447 1830 1501 1855 icis.
1539 1829 1558 1855 f.
1601 1830 1651 1861 Vt,
1671 1830 1767 1856 Omnis
1786 1830 1851 1855 mali
1869 1831 1998 1857 causatrix
2015 1833 2076 1867 Dig.
2095 1833 2143 1860 lib.
2159 1839 2188 1867 38

36 1888 39 1892 .
57 1873 76 1897 4
88 1872 110 1890 c.
123 1872 140 1889 2
161 1864 305 1891 consensus
319 1863 412 1897 Populi
426 1863 503 1888 Rom.
517 1863 565 1897 qui
577 1864 632 1890 13111
645 1863 786 1890 Descendit
801 1865 830 1890 in
850 1865 969 1897 causam,
987 1864 1004 1891 si
1020 1874 1067 1891 uos
1077 1870 1110 1896 45
1131 1870 1150 1890 t.
1168 1874 1196 1891 10
1220 1865 1236 1890 l.
1250 1875 1268 1899 4
1295 1864 1318 1902 §.
1335 1867 1360 1891 6.
1416 1865 1463 1892 Sed
1474 1863 1507 1897 est
1521 1863 1591 1890 inodo
1609 1873 1640 1889 ex
1652 1863 1868 1900 interpretatione,
1885 1870 1965 1902 nescio
1979 1877 2050 1903 quam
2070 1873 2188 1906 antiqua,

0 1913 3 1931 1
37 1899 209 1933 nguescimus
221 1899 377 1925 debilitetur
389 1898 486 1924 necesse
499 1898 544 1925 est.
615 1899 684 1925 Add.
698 1901 752 1926 Att.
767 1904 791 1932 8,
806 1909 825 1926 1.
899 1902 930 1926 Et
952 1900 1019 1926 Phil.
1035 1909 1067 1932 11,
1133 1902 1262 1926 Homerici
1274 1899 1375 1934 versus,
1397 1907 1420 1926 et
1434 1902 1504 1926 uerbi
1516 1898 1697 1932 κακομήχανος.

0 1945 2 1962 r
37 1956 39 1961 .
64 1935 101 1960 Ex
121 1944 175 1968 quo
196 1934 314 1961 iudicare
334 1933 451 1966 debetis,
478 1943 521 1960 me
538 1943 594 1960 non
612 1944 671 1961 cum
691 1935 802 1961 homine
821 1935 920 1967 solere,
943 1935 986 1961 sed
1006 1945 1067 1962 cuni
1168 1934 1432 1968 CAVSIFfCOR‚
1453 1935 1504 1975 Eri.
1540 1935 1715 1969 [προφασίζω]
1764 1935 1846 1968 Idem,
1865 1936 1929 1972 quod
1942 1938 2053 1974 Caufiiri'.
2103 1941 2186 1968 Plaut.

0 1975 4 2001 1
37 1970 93 1996 usa
105 1969 238 1996 Diuidere.
310 1969 366 1996 Cic.
379 1979 429 2005 pro
443 1970 525 1996 Marc.
541 1978 557 1996 2
571 1979 593 1995 c.
608 1978 618 1996 1
637 1970 776 2004 Angebat,
796 1980 854 1996 (11111
869 1972 1006 2004 viderem,
1027 1972 1063 1997 vi-
1133 1971 1194 1997 Aul.
1208 1980 1241 2004 4,
1258 1980 1296 2004 10,
1313 1979 1342 2004 ις
1371 1972 1440 2006 Ergo
1459 1979 1523 2006 quia
1542 1971 1598 1996 sum
1618 1978 1724 2004 tangere
1744 1972 1837 2002 ausus,
1858 1972 1928 1998 haud
1947 1974 2099 2008 causificor,
2119 1978 2187 2011 quin

42 2013 76 2031 1111
90 2005 184 2038 talem,
202 2011 259 2033 tum
272 2006 302 2032 in
313 2005 406 2038 eadem
419 2006 511 2038 causa,
531 2005 560 2031 in
574 2015 625 2040 qua
639 2014 689 2040 ego
709 2006 830 2038 fuissem,
847 2016 902 2032 non
925 2007 952 2033 111
974 2007 1066 2034 eadem
1132 2015 1190 2033 eam
1211 2016 1260 2041 ego
1279 2007 1389 2033 habeam
1411 2006 1579 2041 potissimum.
1607 2006 1631 2030 b.
1648 2014 1667 2029 c.
1688 2014 1736 2030 non
1756 2010 1852 2041 recuso,
1873 2008 1970 2043 causam
1985 2019 2032 2035 mm
2047 2011 2111 2038 dico.
2156 2015 2187 2039 fit

39 2054 40 2061 1
57 2048 71 2066 e
83 2041 199 2068 fortuna.
273 2041 313 2068 Id.
327 2041 394 2067 Phil.
409 2051 438 2075 4,
453 2049 480 2067 12
494 2050 514 2066 c.
531 2048 544 2073 ς
565 2042 714 2069 incumbite
729 2042 757 2068 in
771 2043 872 2068 causam
886 2043 1025 2076 Qui-ires,
1039 2051 1067 2069 vt
1079 2051 1110 2075 50
1132 2043 1208 2077 Apul.
1223 2044 1288 2069 Met.
1305 2051 1333 2068 10
1354 2052 1378 2075 p.
1391 2050 1444 2073 242
1464 2040 1585 2066 verbero
1603 2039 1734 2066 blaterans
1752 2047 1832 2075 atque
1849 2043 2010 2081 inconcinne
2029 2047 2186 2075 causificans.

44 2076 111 2103 citis.
147 2077 294 2112 Nunquam
318 2076 404 2103 vester
423 2077 561 2102 consensus
579 2077 667 2104 maior
685 2078 714 2104 in
730 2078 788 2105 ,vlla
807 2079 881 2105 causa
899 2079 960 2105 suit.
1036 2081 1067 2105 Et
1131 2082 1149 2104 i.
1166 2078 1281 2112 Causam,
1303 2085 1347 2115 ⁶¹¹!
1365 2084 1481 2101 venenum
1489 2081 1602 2114 peteret,
1620 2075 1756 2110 proferens
1767 2082 1793 2112 J.
1809 2076 1928 2113 effug-“ens
1938 2083 2034 2114 potius.

39 2118 70 2138 1.
84 2120 108 2144 3,
124 2120 149 2145 ις
168 2113 255 2147 Atque
269 2113 371 2139 vtinam
379 2112 433 2146 ipse
448 2113 534 2138 Varro
548 2113 687 2140 Incumbat
702 2114 730 2140 in
744 2114 855 2140 causam.
928 2115 984 2140 Cic.
995 2115 1066 2140 Fam.
1169 2118 1186 2137 c
1197 2118 1268 2137 AVS
1278 2118 1286 2136 1
1297 2117 1315 2137 D
1325 2117 1363 2151 [C
1373 2117 1421 2138 OR
1431 2131 1440 2143 ,
1460 2115 1510 2151 {sri—
1547 2110 1690 2153 GIOOE'Gr.
1705 2112 1762 2138 Lat.
1777 2111 1906 2147 δικολυγῶ,
1927 2116 2081 2144 causidicor.

55 2156 64 2173 1
83 2148 110 2174 Si
135 2147 162 2174 id
182 2149 288 2181 euenit,
309 2148 382 2183 quod
402 2147 614 2182 ingredientibus
632 2149 711 2175 nobis
726 2150 755 2175 in
776 2151 878 2175 causam
901 2149 1064 2182 propositum
1168 2152 1318 2173 CAVS111
1332 2154 1340 2172 1
1352 2153 1398 2173 cv
1410 2154 1438 2179 S,
1463 2155 1481 2173 1.
1520 2155 1555 2172 m.
1592 2146 1702 2181 [furtiuo⁹
1724 2148 1862 2183 συνήγορος]
1899 2153 1952 2186 Qu*
1970 2154 2056 2188 causus
2071 2154 2149 2186 dicit,
2166 2158 2185 2181 i.

42 2183 69 2210 nit
83 2182 200 2210 accidere
213 2184 290 2218 posse.
360 2183 440 2210 Ouid.
454 2184 518 2209 Met.
534 2192 547 2215 ς
558 2203 566 2215 ,
581 2193 617 2216 ¹5¹
642 2185 788 2210 Coniurata
807 2184 927 2217 vndique
950 2190 1066 2216 pugnant
1131 2185 1195 2218 agit,
1210 2183 1343 2208 Patronus.
1380 2182 1459 2216 Apul.
1475 2182 1553 2216 Apol.
1568 2191 1593 2217 p.
1607 2191 1663 2216 303,
1678 2192 1710 2209 20
1731 2185 1823 2219 quue
1835 2186 1915 2212 etiam
1930 2194 2055 2221 patronos
2069 2189 2187 2224 litigato-

43 2218 130 2253 gmina
141 2228 190 2253 pro
203 2220 276 2246 causa
289 2218 414 2244 meritum
427 2219 599 2252 impugnante
611 2218 751 2253 iidemque.
824 2218 881 2244 Cic.
902 2227 951 2252 pro
959 2218 1064 2253 *Ligan
1082 2224 1110 2251 55
1130 2226 1188 2244 rum
1211 2217 1353 2244 causidicos
1372 2218 1525 2250 nominari,
1551 2218 1639 2253 quod,
1659 2228 1706 2245 cur
1724 2229 1846 2255 quaeque
1863 2222 1933 2249 facia
1953 2223 2016 2256 sint,
2033 2226 2185 2259 expediant.

45 2272 49 2277 .
67 2255 122 2280 Vna
135 2255 172 2280 est
184 2254 318 2287 profectus
330 2262 389 2279 cum
399 2253 443 2286 iis,
452 2262 567 2287 quorum
580 2261 636 2280 erat
651 2263 703 2280 vna
715 2254 798 2280 causa.
868 2254 937 2280 Add.
952 2263 1001 2288 pro
1014 2255 1065 2281 De-
1130 2254 1188 2280 Cic.
1205 2253 1237 2280 de
1253 2256 1328 2280 Orat.
1344 2262 1425 2286 1,,103
1450 2264 1472 2280 c.
1488 2257 1524 2287 46
1551 2254 1616 2280 Non
1628 2255 1700 2282 enim
1714 2255 1872 2283 causidicum
1885 2259 1975 2285 nescio
1989 2269 2083 2294 quem,
2097 2271 2185 2296 neque

47 2294 64 2314 t.
79 2297 101 2314 c.
115 2297 144 2314 10
158 2298 207 2323 pro
221 2290 301 2316 Marc.
315 2298 336 2315 c.
353 2297 389 2315 10.
400 2309 406 2313 .
459 2289 517 2315 Cic.
537 2289 591 2315 Att.
612 2297 629 2324 7
639 2309 648 2322 ,
666 2299 678 2322 3
706 2290 820 2316 Causam
834 2289 917 2316 modo
932 2288 1065 2325 (tustani)
1128 2289 1362 2324 proclamatorem.
1401 2290 1481 2315 Habet
1493 2289 1591 2324 aliquid
1602 2290 1756 2316 humilitatis
1772 2292 1819 2317 hoc
1834 2302 1934 2326 nomen,
1955 2303 2020 2320 certe
2032 2306 2113 2322 minu,-
2134 2308 2185 2323 um-

22 2338 25 2342 ·
47 2332 61 2350 a
72 2324 154 2350 Causa
167 2325 324 2359 (Cuefizris)
338 2333 393 2350 non
406 2323 486 2351 habet
501 2335 507 2350 :
543 2325 661 2352 Caeteris
673 2325 753 2353 rebus
767 2324 891 2352 abundat.
949 2326 1006 2352 Cic.
1015 2335 1064 2360 pro
1077 2352 1079 2354 ,
1123 2326 1197 2361 plum
1211 2330 1243 2358 qs!
1261 2326 1302 2351 allo
1314 2325 1422 2351 Patroni
1438 2326 1479 2351 vel
1491 2325 1623 2351 Oratoris.
1662 2327 1702 2352 Sic
1715 2326 1778 2352 idem
1790 2328 1847 2353 Cic.
1858 2328 1887 2353 in
1900 2329 1973 2355 Orat.
1985 2339 2017 2362 30
2037 2340 2059 2357 c.
2075 2340 2090 2364 9
2113 2333 2185 2360 Nam

49 2368 102 2393 gar.
117 2369 148 2394 ²4
163 2359 317 2387 Veniebatis
331 2360 414 2395 igitur
428 2360 457 2386 in
470 2360 606 2394 Africam,
624 2368 670 2389 etc.
708 2362 737 2388 in
756 2370 808 2396 qua
825 2367 883 2388 erat
902 2370 950 2388 rex
971 2369 1064 2397 poten·
1129 2361 1176 2395 qui
1197 2360 1299 2392 Lysiam
1323 2361 1487 2394 sequuntur,
1510 2359 1666 2386 causidicum
1686 2362 1829 2395 quemdam
1848 2364 2011 2398 sequuntur,
2031 2376 2086 2393 non
2103 2368 2183 2396 illum

0 2400 1 2403 ’
21 2395 33 2423 i
46 2394 121 2422 limus
129 2395 141 2428 ,'
158 2395 282 2422 inimicus
296 2395 358 2423 huic
371 2396 478 2429 causae,
511 2403 556 2423 etc.
1073 2400 1109 2424 60
1127 2396 1237 2431 quidem
1253 2396 1369 2429 amplum
1383 2403 1463 2436 atque
1476 2395 1618 2429 grandem,
1635 2395 1760 2424 subtilem
1780 2406 1860 2433 atque
1875 2400 2020 2435 elegantem
2033 2409 2136 2437 tamen,
2157 2411 2184 2432 et

51 2436 68 2457 C
78 2437 101 2458 A
110 2439 131 2457 v
142 2437 156 2458 s
168 2439 189 2459 A
199 2439 218 2459 R
227 2439 237 2458 1
246 2439 304 2465 vs,
323 2441 353 2464 a,
373 2441 427 2458 um.
464 2431 525 2458 Adi.
562 2431 736 2467 [οἷπᾶμσιχος]
773 2432 803 2459 ab
816 2442 843 2459 ea
856 2432 1064 2469 Causaefignfi-
1128 2432 1176 2465 qui
1191 2431 1218 2456 in
1229 2430 1379 2457 forensibus
1394 2433 1474 2457 causls
1489 2430 1622 2465 praeclare
1635 2431 1710 2467 possit
1723 2434 1870 2462 consistere.
1923 2437 2053 2470 Qunebl.
2069 2448 2103 2469 12.
2118 2449 2139 2472 1,
2152 2448 2186 2474 25

18 2494 24 2500 ,
47 2470 109 2493 tione
125 2464 240 2500 dubium,
260 2477 331 2504 quam
349 2477 375 2494 n.
395 2476 423 2494 12
443 2469 627 2503 expiscauimus.
700 2469 822 2495 Causarii
841 2469 956 2499 milites,
974 2469 1064 2495 Morbo
1129 2467 1194 2493 Non
1208 2467 1279 2492 enim
1294 2467 1427 2493 forensem
1445 2466 1585 2502 quamdam
1601 2467 1764 2496 instituimus
1779 2479 1903 2505 operam,
1923 2481 1971 2499 nec
1990 2478 2183 2503 mercenariam

16 2532 19 2535 Α
32 2490 55 2527 t
67 2502 195 2529 debilitate
206 2502 311 2537 (stessi,
331 2504 359 2530 ob
373 2503 401 2530 id
433 2513 445 2530 e
456 2502 544 2537 ceffizre
556 2502 646 2531 coafh'.
717 2504 778 2530 Liu.
793 2506 826 2536 6,
841 2507 857 2530 6
883 2503 999 2530 Tertius
1019 2511 1063 2528 ex-
1129 2511 1239 2535 vocem,
1261 2512 1307 2529 nec
1326 2506 1371 2535 (vt
1390 2502 1569 2538 asperioribus
1582 2503 1673 2530 verbis
1687 2510 1840 2539 parcamus)
1859 2517 1914 2534 non
1932 2509 2056 2537 inutilem
2072 2512 2131 2538 sane
2150 2513 2183 2539 li-

41 2538 109 2564 ‘it-us
122 2547 154 2565 ex
166 2540 290 2566 causariis
309 2513 514 2575 senioriqffusque
535 2548 550 2566 a
569 2540 600 2567 L.
624 2539 741 2574 Qiintio
761 2539 907 2570 scribatur,
928 2539 974 2573 qui
1000 2537 1063 2565 vrbi
1127 2538 1196 2564 tium
1210 2538 1385 2571 aduocatum,
1407 2548 1486 2574 quem
1501 2539 1616 2574 denique
1630 2541 1788 2568 causidicum
1804 2542 1887 2577 vulgo
1900 2553 2010 2577 vocant3
2033 2547 2077 2573 sed
2091 2548 2183 2575 vii-um

42 2573 205 2610 enibusque
219 2575 348 2610 praesidio
367 2575 406 2602 sit.
477 2576 576 2602 Omnes
597 2575 729 2602 causarios
749 2573 957 2600 liberalitatibus
979 2574 1062 2601 suble·
1076 2572 1108 2604 65
1127 2583 1187 2600 cum
1210 2575 1312 2608 ingenii
1336 2580 1430 2601 natura
1454 2575 1642 2609 praestantem,
1670 2583 1716 2603 etc.
1792 2579 1896 2614 Pauper
1917 2581 2034 2608 Martial.
2056 2592 2101 2616 14,
2128 2593 2182 2617 ²19·

43 2620 45 2623 ¹
66 2611 88 2636 it
107 2610 233 2645 Spartian.
248 2611 404 2638 Adrianoc.
417 2619 447 2637 10
465 2611 519 2637 uid.
532 2611 568 2638 ibi
581 2612 682 2647 Cafizub.
703 2616 726 2635 et
741 2609 842 2645 Salmas
915 2609 1019 2645 leian.
1035 2611 1064 2636 in
1127 2611 1245 2644 Purpura
1261 2610 1352 2637 vendit
1367 2610 1526 2638 causidicum
1546 2612 1638 2638 quen.
1649 2619 1682 2647 7,
1704 2620 1751 2646 135.
1823 2615 1932 2642 Pusillus
1951 2618 2093 2645 causidicus
2107 2619 2182 2648 Idem

54 2643 98 2707 [Γᾷ.
111 2646 275 2680 ignominiae
289 2648 373 2673 causa.
388 2646 421 2672 D.
430 2645 462 2672 de
476 2646 518 2677 iis,
533 2647 580 2681 qui
595 2645 706 2672 infamia
726 2649 868 2678 notantur,
894 2645 936 2672 Est
955 2646 1063 2673 honesta
1128 2646 1178 2672 Sat.
1195 2655 1233 2679 10,
1249 2655 1297 2673 121.
1369 2647 1472 2673 Raucus
1492 2647 1609 2674 Martial.
1623 2658 1651 2682 4,
1669 2653 1691 2678 8.
1729 2649 1803 2686 Conf-
1816 2651 1925 2678 Sueton.
1941 2652 2034 2680 Claud.
2055 2664 2077 2681 c.
2093 2663 2126 2688 ις.

71 2690 114 2714 ιο,
127 2690 196 2716 quae
209 2681 328 2708 emeritis
340 2681 493 2715 stipendiis,
513 2681 556 2707 vel
565 2688 629 2708 ante
642 2680 675 2707 ab
687 2681 1017 2716 imperatoreindulgetur,
1025 2682 1061 2708 est
1166 2688 1183 2708 C
1194 2689 1245 2708 AV
1254 2690 1267 2709 S
1276 2691 1285 2709 1
1295 2689 1330 2710 Di
1345 2687 1362 2709 C
1374 2684 1388 2709 1’
1397 2690 1418 2708 Ν
1429 2690 1450 2709 Α
1465 2703 1473 2715 ,
1503 2692 1542 2709 ae.
1579 2684 1599 2710 f.
1648 2684 1706 2720 [Μὰ
1726 2695 1787 2718 ars,
1800 2686 1854 2720 siue
1874 2689 1970 2714 Munus
1991 2689 2180 2724 Causidicorum.

41 2728 47 2737 ·
64 2717 147 2748 saria,
165 2725 233 2752 quae
247 2722 354 2751 propter
367 2716 548 2742 valetudinem
566 2716 702 2744 laboribus
723 2717 837 2743 militiae
858 2717 946 2744 soluit.
1021 2719 1062 2744 Fe·
1128 2717 1312 2745 Cod.Theod.
1326 2718 1376 2753 leg.
1387 2718 1432 2745 vlt.
1448 2719 1479 2745 de
1493 2718 1606 2746 Cohort.
1615 2720 1698 2754 princ.
1710 2722 1810 2748 cornic.
1848 2724 1980 2750 Ammian.
1993 2734 2035 2758 30,
2049 2737 2067 2760 4
2087 2736 2112 2761 p.
2125 2730 2181 2763 647

65 2760 76 2776 e
90 2760 119 2777 ex
133 2750 198 2785 afiui
203 2752 248 2787 sui
255 2756 363 2788 persono
378 2751 455 2786 Apul.
470 2752 534 2778 Met.
548 2760 565 2778 2.
581 2762 605 2787 p.
621 2762 680 2786 144,
693 2755 722 2780 16
742 2753 831 2780 Rebar
844 2753 931 2786 enim,
953 2754 1005 2780 iam
1020 2763 1063 2780 me
1070 2759 1106 2786 70
1126 2754 1167 2780 Ad
1184 2753 1309 2781 Vltimum
1330 2754 1358 2780 id
1377 2754 1455 2781 habet
1476 2754 1634 2782 causidicina
1654 2766 1713 2783 cum
1725 2758 1835 2784 caeteris
1848 2760 2021 2787 metuendum
2036 2768 2062 2788 et
2084 2771 2180 2797 graue,

42 2798 58 2810 ι·
65 2786 120 2813 rsus
132 2788 310 2814 exanimatum
323 2797 352 2814 ae
366 2787 481 2814 debilem
496 2789 594 2815 mereri
608 2789 751 2817 causariam
763 2789 919 2815 miffionem.
993 2791 1062 2816 Hinc
1125 2790 1214 2824 quod,
1231 2798 1277 2817 etc.
1315 2791 1347 2816 Et
1361 2790 1508 2823 Symmach.
1521 2791 1600 2825 Epist.
1615 2799 1638 2825 5,
1651 2794 1680 2819 16
1700 2799 1724 2819 et
1744 2801 1784 2828 75.

1 2841 2 2846 ,
34 2824 45 2847 i
53 2820 62 2847 i
72 2826 169 2858 aegroti
180 2822 299 2850 dicuntur
312 2823 441 2857 Causarii.
484 2823 550 2850 Plin.
559 2832 598 2857 25,
607 2823 673 2860 3fin.
693 2825 778 2852 Datur
791 2825 944 2859 sanguinem
960 2827 1060 2852 exsere·
1164 2832 1180 2852 C
1194 2834 1214 2852 A
1224 2833 1244 2852 v
1255 2833 1268 2852 s
1278 2834 1288 2853 1
1297 2833 1315 2853 D
1326 2833 1335 2853 1
1347 2832 1364 2852 C
1375 2835 1398 2854 A
1409 2833 1431 2853 'r
1442 2834 1463 2854 V
1472 2833 1500 2858 S,
1528 2826 1566 2854 sis.
1604 2836 1641 2854 m.
1683 2828 1761 2856 Idem.
1798 2830 1878 2858 Gloss.
1898 2831 1948 2861 Gr.
1967 2832 2025 2860 Lat.
2045 2830 2179 2867 δικολογία,

0 2867 2 2882 ε
40 2874 43 2879 .
61 2856 136 2891 ibus,
154 2859 277 2886 causariis
291 2858 334 2886 vel
347 2859 445 2892 latere,
465 2859 508 2886 vel
522 2859 650 2886 faucibus.
670 2863 688 2886 i.
703 2861 886 2887 Laborantibus
899 2863 980 2888 morbo
996 2864 1059 2888 late·
1124 2861 1313 2888 Causidicatus.

0 2904 4 2919 1
33 2902 47 2919 r
59 2913 67 2925 ‚
87 2893 259 2930 velfaucium.
294 2895 352 2922 Sen.
361 2895 439 2930 Epist.
448 2897 480 2926 68
498 2896 639 2923 Causariae
650 2896 709 2923 sunt
721 2897 848 2923 inanimo
861 2897 951 2924 nostro
966 2903 1059 2932 partes,
1161 2903 1179 2924 C
1191 2905 1213 2924 A
1221 2905 1243 2925 V
1252 2905 1265 2925 S
1275 2905 1314 2925 1A
1322 2917 1331 2930 ,
1352 2906 1392 2924 ae.
1430 2898 1451 2925 f.
1488 2897 1616 2933 [καυσία]
1651 2890 1697 2934 Est
1709 2901 1794 2928 pileus
1807 2901 1918 2936 expoſjbs
1936 2906 2061 2939 margines
2076 2903 2178 2937 habens,

40 2941 45 2951 ι
63 2928 111 2959 bus
124 2929 272 2957 adhibenda
284 2931 386 2958 curatio
401 2930 446 2957 est.
517 2933 549 2958 Et
563 2932 622 2958 Hoc
634 2941 729 2967 corpus
743 2933 890 2959 causarium
903 2941 932 2960 ac
945 2934 1059 2960 fluidum
1073 2937 1105 2966 75
1124 2933 1158 2959 ad
1169 2934 1301 2960 arcendum
1316 2932 1424 2967 adium,
1445 2944 1491 2970 quo
1504 2933 1615 2968 meſjores
1626 2942 1741 2963 vtuntur.
1799 2937 1882 2964 Plaut.
1893 2939 1976 2965 Milit.
1991 2948 2020 2971 4,
2033 2948 2059 2971 4,
2073 2948 2108 2972 42
2129 2940 2149 2966 F
2151 2949 2178 2966 a-

40 2976 44 2985 ·
59 2964 229 3001 itui-umque,
245 2966 293 2994 nisi
308 2966 418 2994 subinde
431 2966 572 3001 impleatur
591 2968 648 2994 Sen.
662 2968 788 3002 Nat.Q¹.
803 2977 813 2994 1
827 2968 910 3003 praef.
1125 2969 1194 3000 cito,
1209 2976 1238 2996 vt
1251 2969 1341 2997 venias
1355 2969 1406 2996 huc
1419 2976 1527 2998 ornatus
1539 2977 1636 2998 ornatu
1651 2972 1816 3005 nauclerico,
1835 2973 1954 3000 Causiam
1973 2973 2070 3001 habeas
2090 2975 2177 3002 ferru-

81 3006 151 3028 AV·s
164 3009 184 3028 A
197 3008 269 3029 RIE.
305 3002 373 3030 Adu.
410 3003 501 3030 Macer
519 3003 548 3029 in
567 3003 585 3030 l.
604 3004 704 3030 milites
717 3012 818 3039 agrum.
834 3002 938 3041 §.illud
950 3005 1058 3032 constat.
1125 3006 1237 3040 gineam.
1310 3005 1372 3033 Fuit
1386 3006 1466 3033 etiam
1478 3016 1592 3041 regnum
1606 3007 1782 3034 Macedonum
1797 3008 1897 3043 insigne
1914 3009 1973 3036 Val.
1986 3011 2057 3036 Max.
2072 3018 2095 3043 5,
2111 3020 2121 3037 1
2131 3031 2139 3043 ,
2156 3022 2176 3045 4

0 3033 95 3075 1¹01}
106 3043 136 3062 re
147 3036 277 3071 militari,
298 3038 363 3065 Ideo
375 3038 446 3067 etad
462 3039 587 3074 eum‚qui
601 3040 717 3067 causarie
730 3040 817 3067 missus
832 3040 884 3073 est,
905 3041 988 3076 potest
1004 3041 1059 3068 dici
1124 3049 1188 3068 extr.
1217 3041 1451 3075 Qiemadmodum
1466 3043 1615 3077 Antigonus
1634 3049 1711 3077 caput
1724 3043 1819 3075 Pyrrhi
1834 3045 1901 3071 texit
1920 3045 2019 3078 causia,
2039 3055 2091 3081 qua
2105 3047 2176 3074 vela-

0 3085 15 3102 .«·
34 3078 50 3105 β
63 3077 162 3110 tinere,
180 3082 263 3107 quum
294 3073 360 3104 huie
393 3083 501 3110 quoque
528 3076 680 3110 praemium
710 3076 870 3112 praestatur:
905 3079 924 3103 i.
945 3077 1059 3113 mtffione
1125 3084 1181 3104 tum
1196 3084 1274 3112 caput
1288 3087 1364 3104 more
1377 3078 1555 3105 Macedonum
1571 3078 1692 3105 habebat.

34 3115 49 3132 c
73 3108 138 3132 aria,
347 3132 351 3136 .
462 3114 466 3116 “
527 3130 530 3132 ,
1079 3116 1113 3142 80
1160 3120 1178 3140 c
1186 3121 1207 3140 Α
1216 3121 1238 3140 v
1250 3120 1262 3141 s
1275 3120 1317 3140 1M
1327 3121 1347 3141 0
1355 3121 1380 3140 M
1390 3122 1411 3141 Α
1423 3122 1446 3142 N
1454 3122 1476 3142 T
1484 3123 1494 3141 1
1502 3123 1523 3142 A
1533 3135 1542 3148 ⁵
1553 3123 1602 3140 fle.
1638 3114 1658 3140 f.
1695 3115 1946 3150 [καυσιμομαντεία]
1983 3116 2084 3143 Fundus
2101 3118 2176 3145 buius

0 3157 11 3178 ι
77 3142 283 3182 Ays.⁶’tl.18,e.
296 3144 357 3172 Adi.
374 3145 616 3178 vt‚Ratiocausalis
634 3147 744 3182 August.
755 3147 786 3174 de
793 3146 885 3173 Genesi
892 3155 918 3182 7,
925 3153 996 3180 23.et
1002 3157 1029 3181 9,
1039 3157 1058 3174 1.
1123 3149 1194 3176 verbi
1205 3147 1240 3182 ql}
1255 3149 1321 3176 Plin.
1336 3152 1377 3183 36,
1394 3159 1422 3183 19
1443 3151 1461 3177 s.
1476 3159 1508 3184 34
1528 3150 1557 3176 de
1569 3151 1679 3184 Gagae,
1709 3151 1769 3176 Hoc
1787 3150 1913 3178 dicuntur
1937 3151 1977 3178 vti
1990 3153 2063 3187 Magi
2084 3154 2113 3180 in
2133 3162 2176 3187 ea,

0 3195 5 3212 ι
32 3181 53 3210 ,1
72 3177 150 3210 salia,
174 3186 337 3214 argumenta,
360 3189 420 3216 quae
441 3181 510 3218 ipsas
530 3192 612 3210 rerum
634 3184 722 3220 causas
743 3187 888 3216 rimantur,
914 3183 1002 3211 Barth.
1025 3184 1058 3211 ad
1123 3194 1203 3220 quam
1224 3192 1321 3212 vocant
1336 3186 1554 3212 Axinomantiam
1572 3186 1629 3220 (ch
1645 3186 1750 3220 omnes)
1769 3191 1795 3212 et
1812 3187 1904 3221 peruri
1923 3194 2036 3222 negant,
2055 3188 2073 3215 si
2095 3198 2174 3217 euen-

0 3220 7 3247 ‚'
42 3213 106 3240 tud.
121 3214 244 3241 Mamert.
255 3223 280 3248 p.
289 3218 352 3250 ⁴379.
544 3236 545 3239 .
653 3243 656 3246 .
1121 3227 1211 3248 turum
1226 3221 1256 3248 sit
1264 3241 1273 3255 ,
1293 3221 1366 3257 quod
1381 3222 1478 3257 aliquis
1491 3228 1573 3257 optet.
1620 3222 1660 3255 Est
1674 3223 1770 3257 quidem
1783 3221 1972 3250 Axinomantia
1985 3234 2033 3251 non
2047 3225 2174 3259 inaudita,

0 3259 8 3286 ς,
74 3256 96 3276 Α
106 3256 126 3275 ν
135 3255 177 3290 SA
186 3256 202 3277 L
213 3256 315 3278 ITER.
337 3250 404 3278 Adu.
428 3251 516 3280 'Idem
539 3253 598 3281 Vid.
612 3255 720 3289 August.
735 3254 766 3281 de
780 3253 872 3281 Genesi
887 3255 954 3288 5vlt.
968 3261 992 3281 et
1000 3257 1026 3288 6,
1035 3262 1056 3288 ς.
1122 3257 1165 3283 vbi
1177 3257 1231 3284 uid.
1269 3257 1316 3285 Sed
1334 3267 1387 3284 cum
1406 3268 1432 3284 ea
1446 3258 1480 3284 ad
1492 3258 1517 3284 h.
1531 3259 1548 3284 l.
1563 3257 1630 3284 nihil
1650 3257 1766 3284 videatur
1777 3257 1867 3292 facere
1887 3279 1897 3291 ,
1932 3260 2036 3296 Salmas.
2049 3261 2084 3287 ad
2095 3263 2173 3289 Solin-

0 3295 4 3320 1
39 3298 45 3310 1
75 3291 250 3318 AvvaA,
281 3295 319 3313 ae.
356 3286 378 3313 f.
413 3287 514 3315 Dimin.
548 3286 680 3324 [δικήδων]
712 3297 761 3326 pro
782 3292 866 3316 Parua
883 3291 964 3327 causa.
1001 3292 1056 3318 Cic.
1074 3294 1103 3324 83
1121 3302 1147 3328 p.
1163 3300 1219 3328 179,
1239 3302 1254 3320 a
1268 3294 1296 3320 B.
1318 3293 1515 3320 Causimantian
1531 3294 1550 3320 s.
1571 3293 1813 3321 Causimomantian
1818 3293 1941 3328 substitui
1953 3297 2022 3328 vult,
2035 3296 2178 3325 diuinatio-‘

0 3331 5 3336 ’
38 3324 118 3361 Opt.
130 3321 198 3348 Gen.
213 3322 288 3348 Orat.
301 3330 318 3355 9
332 3331 354 3349 c.
369 3330 381 3355 3
400 3322 449 3350 Sed
460 3325 524 3358 quia
543 3332 571 3352 et
589 3326 704 3361 priuatas
719 3326 765 3353 ille
789 3326 943 3361 plerasque,
963 3332 990 3353 et
1014 3336 1057 3354 eas
1121 3338 1174 3355 nem
1187 3337 1216 3355 ex
1227 3329 1284 3362 his,
1303 3339 1364 3366 quae
1376 3330 1567 3356 comburuntur.-
1579 3330 1650 3366 fiztis
1661 3328 1692 3355 id
1702 3332 1818 3355 conuenit
1832 3331 1931 3363 Plinio,
1943 3331 1992 3368 sed
2001 3333 2100 3360 aliunde
2112 3342 2173 3360 non-

29 3367 55 3401 i).
67 3365 79 3382 s
90 3355 164 3387 aliis,
185 3363 212 3398 et
225 3366 365 3392 paruarum
378 3366 468 3386 rerum
478 3359 590 3387 causulas
601 3362 717 3397 scripsit,
737 3361 844 3389 videtur
861 3363 909 3388 effe
928 3363 1056 3390 ieiunior.
1119 3364 1176 3391 dum
1183 3363 1316 3400 firmatum
1331 3363 1374 3398 est.
2140 3393 2142 3395 .

45 3406 55 3429 ,-
78 3411 86 3419 .
96 3392 127 3420 B.
139 3392 223 3420 Afric.
237 3402 259 3420 c.
268 3402 300 3428 54
319 3393 458 3421 Paruulam
471 3395 553 3422 modo
566 3397 698 3425 caunilam
711 3397 803 3425 nactus
815 3398 918 3425 Caesar.
937 3401 955 3425 i.
969 3405 1056 3435 oppor-
1160 3406 1177 3427 C
1189 3407 1240 3427 AV
1249 3407 1261 3427 s
1271 3408 1281 3427 1
1290 3409 1302 3428 s
1310 3421 1319 3434 ,
1340 3401 1370 3427 is.
1408 3401 1428 3427 f.
1471 3401 1594 3435 [καῦσις]
1636 3397 1715 3432 Vstio,
1719 3399 1844 3436 pingendi
1851 3410 1946 3438 genus,
1987 3402 2038 3430 uod
2052 3403 2170 3439 describe·

63 3430 141 3455 'tatem
154 3430 259 3465 exempli
264 3431 327 3465 suae
337 3429 486 3466 firceritotis
504 3431 599 3459 edendi.
1120 3446 1174 3462 mus
1193 3436 1276 3463 verbis
1289 3437 1410 3463 Vitruuii
1422 3444 1450 3470 7,
1463 3444 1480 3469 9
1506 3436 1533 3463 Si
1549 3437 1609 3470 quis
1624 3434 1750 3462 subtilior
1767 3436 1867 3470 fuerit,
1887 3443 1914 3465 et
1932 3447 1968 3465 vo
1981 3439 2050 3465 uerit
2069 3438 2169 3473 expoli-

33 3478 41 3501 :'
56 3486 57 3490 =
75 3470 218 3496 AVSOR,
238 3467 279 3492 vel
292 3465 357 3501 quod
369 3464 464 3493 rectius
485 3472 678 3502 CAVSSOR,
698 3469 748 3496 ari.
786 3469 853 3504 Dep.
889 3468 990 3505 Catfsam
1001 3476 1055 3497 tra-
1069 3482 1106 3507 90
1121 3473 1222 3498 tionem
1243 3473 1401 3500 miniaceam
1423 3472 1498 3498 suum
1518 3471 1636 3498 colorem
1649 3471 1782 3505 retinere,
1803 3480 1864 3499 cum
1886 3474 1971 3508 paries
1992 3474 2126 3508 expolitus
2142 3479 2169 3499 et

93 3501 134 3527 vel
145 3499 262 3536 adferre,
281 3507 328 3537 pro
341 3501 439 3536 diuersi:
453 3502 550 3529 Causae
555 3501 740 3540 significatione
753 3514 803 3531 non
816 3513 864 3531 uno
877 3504 946 3531 modo
962 3509 1054 3541 occipi—
1120 3507 1210 3534 aridus
1222 3508 1320 3539 fuerit,
1340 3515 1401 3535 tunc
1414 3516 1501 3534 ceram
1515 3508 1639 3534 Punicam
1657 3506 1714 3541 igni
1731 3507 1904 3542 liquefactam
1919 3510 2012 3544 paullo
2030 3509 2091 3535 oleo
2103 3515 2167 3535 tem-

101 3567 110 3576 .
120 3536 151 3563 In
164 3544 282 3573 quantum
295 3538 369 3564 causa
388 3536 437 3571 esi,
456 3541 581 3574 negotium
592 3541 632 3566 vel
643 3537 766 3576 quaestio,
785 3540 814 3566 de
826 3549 874 3576 qua
885 3541 1052 3573 contenditur,
1119 3550 1235 3578 peratam
1249 3545 1301 3571 seta
1314 3545 1428 3571 inducat.
1483 3543 1587 3570 Deinde
1599 3542 1688 3577 postea
1701 3542 1862 3571 carbonibus
1878 3546 1907 3572 in
1921 3546 2011 3572 ferreo
2024 3545 2083 3571 vase
2096 3553 2168 3571 com-

0 3583 4 3599 :
24 3579 25 3582 ’
62 3578 112 3598 an
127 3569 162 3605 est
184 3569 325 3607 δικιέξιᾶαι,
345 3575 387 3600 vel
397 3581 426 3600 vt
439 3573 545 3600 Nonius
559 3575 667 3610 explicat
679 3584 701 3607 2,
715 3581 760 3611 187
786 3576 888 3602 causam
908 3575 996 3603 dicere
1009 3578 1052 3604 vel
1117 3579 1208 3615 positis
1221 3589 1278 3607 eam
1292 3589 1379 3607 ceram
1393 3579 1512 3615 apprime
1524 3588 1584 3605 cum
1598 3579 1698 3612 pariete
1711 3579 1891 3607 calefaciendo
1905 3581 1997 3607 sudare
2011 3586 2095 3613 cogat,
2110 3579 2167 3606 siat-

24 3610 25 3613 ’
48 3616 50 3621 ‘
67 3607 80 3627 -’
97 3620 101 3628 ·
237 3610 324 3636 Vtitur
335 3608 423 3636 deinde
435 3609 476 3636 his
490 3611 606 3645 exemplis
618 3621 626 3635 .·
657 3611 756 3638 'Accius
776 3611 888 3644 Medea,
908 3611 964 3645 Qui
985 3614 1054 3647 potis
1119 3624 1171 3650 que
1185 3621 1214 3642 vt
1230 3622 1413 3652 peraequetur.
1450 3615 1539 3642 Postea
1554 3623 1614 3640 cum
1629 3614 1737 3642 candela
1751 3615 1895 3652 linteisque
1909 3617 1982 3652 puris
1995 3615 2111 3649 subigat,
2125 3616 2166 3642 vti

29 3650 32 3658 ¹
63 3653 67 3664 v
92 3641 154 3678 pelli
167 3643 324 3705 quisquam,
344 3645 393 3672 vbi
406 3645 494 3672 nullus
507 3645 544 3672 est
557 3646 679 3673 causandi
697 3646 779 3674 locus.
817 3647 943 3674 Afranius
961 3648 1053 3675 Eman-
1065 3657 1099 3683 9,·
1119 3651 1189 3685 signa
1201 3661 1350 3679 marmorea
1368 3651 1437 3677 nuda
1451 3655 1584 3676 curantur.
1616 3665 1618 3668 >
1638 3651 1711 3677 Haec
1731 3657 1820 3679 antem
1839 3654 1922 3679 καῦσις
1940 3653 2039 3678 Graece
2057 3650 2166 3678 dicitur.

0 3702 2 3708 ,
48 3681 116 3717 po,
132 3678 166 3705 Vi
185 3687 200 3705 e
211 3686 240 3707 vt
252 3680 365 3708 facunde
377 3686 469 3708 contra
490 3682 602 3708 causeris
620 3688 729 3716 patrem.
801 3683 928 3710 Pacuuius
947 3683 1052 3712 Armor.
1118 3688 1156 3713 Ita
1175 3686 1279 3715 obstans
1299 3696 1374 3714 cerae
1395 3686 1505 3713 Punicae
1523 3685 1608 3712 lorica
1623 3695 1678 3713 non
1694 3687 1810 3721 patitur,
1829 3697 1876 3714 nec
1895 3687 1971 3714 lunae
1989 3686 2166 3720 splendorem,

1 3725 6 3731 ·
65 3711 117 3740 ἐἰσ
135 3714 192 3748 Qui
209 3715 236 3742 se
255 3717 282 3742 se
298 3716 413 3744 adfinem
432 3717 481 3744 effe
495 3717 526 3744 ad
542 3716 700 3744 causandum
713 3717 823 3750 volunt,
843 3719 882 3744 De
896 3718 995 3746 virtute
1009 3719 1051 3747 his
1118 3731 1166 3749 nec
1180 3723 1242 3750 solis
1255 3723 1343 3751 radios
1356 3721 1496 3749 lambendo
1510 3721 1615 3756 eripere
1627 3731 1660 3748 ex
1673 3722 1714 3749 his
1728 3723 1905 3757 politionibus
1917 3721 2043 3748 colorem.
2078 3722 2166 3749 Eodem

27 3750 31 3754 ”
71 3783 76 3788 “
89 3749 135 3786 leg.
146 3759 197 3777 non
209 3750 251 3784 is)
269 3760 319 3787 ego
331 3753 460 3780 cernundi
473 3753 508 3780 do
521 3753 675 3788 potestatem
689 3752 831 3785 omnibus,
850 3762 910 3789 quae
923 3759 1054 3789 praeconii
1111 3758 1172 3795 fere
1187 3759 1256 3786 modo
1274 3769 1325 3786 rem
1338 3759 1416 3794 ipfizm
1434 3756 1554 3792 describit
1573 3757 1639 3785 Plin.
1653 3767 1691 3791 33,
1703 3766 1721 3793 7
1748 3760 1766 3785 s.
1779 3768 1824 3792 40.
1848 3760 1944 3784 ‚tamine
1961 3756 2082 3789 abstinet,
2102 3757 2166 3793 qnod

5 3810 8 3813 .
27 3822 30 3824 Ὗ
49 3792 51 3799 ’
66 3797 68 3800 ’
77 3783 190 3820 formula
202 3783 252 3819 est,
272 3796 319 3823 qua
335 3797 483 3822 euocantur,
520 3792 546 3815 ui
559 3788 652 3816 iudicio
664 3788 809 3816 contendere
825 3788 854 3815 de
872 3792 950 3816 armis
963 3793 1054 3818 Aiacis
1117 3795 1219 3830 Salmas.
1234 3799 1261 3821 in
1276 3796 1351 3822 Solin.
1370 3803 1395 3828 p.
1408 3795 1456 3826 164
1480 3796 1576 3820 minari
1590 3795 1646 3821 vult
1664 3797 1693 3821 in
1710 3793 1852 3826 Encaufin,
1875 3791 1938 3818 vnde
1957 3790 1991 3825 gli
2008 3792 2165 3821 Encaustum

5 3842 11 3858 v.
31 3844 36 3855 ,
178 3822 255 3849 Bonis
270 3832 328 3859 ergo
339 3823 482 3852 auctoribus
496 3799 566 3851 :sirit
584 3823 695 3859 Qun&
717 3833 756 3856 11,
773 3832 798 3855 1,
812 3832 843 3857 59
861 3823 919 3852 Nec
937 3827 1053 3854 causanti
1061 3838 1109 3856 100
1117 3837 1141 3857 et
1151 3830 1310 3858 Encaustice.
1334 3839 1359 3856 v.
1375 3839 1399 3855 υ.

0 3879 2 3896 4
25 3856 57 3885 P
70 3853 117 3882 illo
127 3855 160 3883 sic
172 3862 246 3885 tutor
257 3858 382 3887 irascatur
392 3869 508 3896 vnquam
516 3881 526 3894 ,
544 3867 573 3888 vt
586 3867 640 3887 non
654 3866 804 3887 remaneant
814 3860 913 3887 amoris
934 3861 1052 3896 vestigia.
1151 3872 1199 3894 CA
1208 3873 1226 3891 v
1239 3874 1252 3894 s
1261 3873 1281 3893 o
1290 3873 1312 3892 N
1323 3885 1332 3897 ,
1357 3871 1382 3890 et
1408 3870 1426 3890 c
1434 3870 1457 3890 A
1465 3870 1486 3890 v
1495 3870 1509 3891 s
1518 3870 1538 3892 ο
1547 3871 1570 3893 s.
1607 3864 1622 3898 [
1628 3866 1732 3899 καῦσος]
1768 3861 1857 3896 Aestus
1872 3862 1918 3898 stu
1936 3861 2022 3889 ardor.
2061 3865 2130 3889 Hinc

0 3923 3 3928 .
36 3887 62 3913 ,Ρ
72 3898 100 3916 ea
109 3891 168 3918 baec
179 3896 247 3920 ratio
265 3893 339 3921 medii
355 3899 410 3922 aeid
440 3898 592 3933 'captoribus
604 3897 750 3933 familiaris
763 3895 890 3923 admodum
898 3895 972 3932 fuit,
989 3898 1055 3934 quod
1152 3908 1170 3929 C
1187 3909 1208 3929 A
1227 3909 1249 3928 ν
1266 3909 1279 3928 s
1297 3901 1319 3928 6
1337 3907 1356 3927 1)
1374 3907 1390 3926 ε
1408 3906 1421 3926 S
1435 3919 1445 3932 ,
1485 3899 1516 3926 is.
1554 3900 1574 3927 f.
1619 3900 1705 3926 Febris
1742 3899 1839 3926 ardens.
1876 3898 1944 3924 Cels.
1982 3906 2014 3931 2,
2052 3904 2067 3929 8
2115 3899 2161 3925 Fe-

0 3949 4 3960 „
27 3920 84 3951 ’θ’-ι
93 3926 210 3964 Congius.
444 3941 457 3958 2
492 3933 618 3964 Causam,
635 3930 722 3966 idest,
743 3932 842 3967 Culpam
857 3935 884 3957 in
895 3934 999 3968 aliquem
1013 3935 1054 3961 vel
1116 3936 1192 3964 brem
1229 3943 1316 3964 autem
1344 3935 1495 3969 ardentem,
1544 3944 1626 3971 quam
1658 3933 1754 3962 Graeci
1787 3931 1896 3963 καυσώδη
1927 3940 2040 3966 vocant,
2061 3933 2161 3960 subitus

44 3958 110 3987 ‘1¹¹1‘AE
115 3961 160 4024 {ui
169 3963 302 3999 excusandi
311 3968 397 4001 gratia
411 3970 545 4001 coniicere,
562 3968 627 4004 quod
634 3966 813 4004 προφασίζειθαι
825 3966 857 4000 est
871 3971 897 3994 in
906 3969 1050 3996 Vet.Glofl‘.
1116 3971 1215 4000 horror
1235 3971 1359 3998 exsoluit·

46 3991 110 4030 ‘'l-'³3⁴
119 3997 199 4061 vPist·
211 4007 280 4062 11114,
292 4007 316 4033 13
334 4000 432 4031 Stultus
444 4008 554 4039 vta-que
569 4005 660 4032 locum
679 4004 845 4031 immeritum
861 4003 983 4032 causatur
999 4005 1050 4032 ini-
1057 4013 1101 4039 105
1153 4015 1201 4035 CA
1211 4015 1252 4036 vs
1262 4014 1282 4034 T
1292 4014 1311 4034 v
1321 4013 1362 4040 Μ,
1385 4006 1403 4033 1.
1438 4015 1466 4032 11.
1502 4005 1628 4041 [tamenin]
1669 4003 1762 4039 Vstile,
1782 4003 1846 4040 quod
1860 4002 2028 4040 ‘xurip012fl·
2063 4000 2159 4061 &¹⁴3ss

149 4040 205 4062 01..
246 4054 254 4062 .
1426 4050 1439 4074 ς
2130 4047 2144 4062 ¹⁴
