2474 4182
32 120 96 164 93.
402 99 685 145 coE
1510 106 1811 150 coE
2110 130 2186 171 932

29 198 151 229 Admau,
170 206 256 226 coena.
302 195 360 223 Vid.
374 194 422 232 sub
446 200 556 222 aneo.
628 191 716 217 Coena
731 187 891 222 aduenticia,
902 198 950 226 qua
963 195 1069 230 pfregro
1169 187 1374 232 corusca,
1394 201 1433 233 ae.
1453 194 1473 220 f.
1508 196 1610 223 Dimin.
1648 195 1804 233 [δαπνήδὶον]
1847 201 1904 228 Cic.
1920 204 2001 234 Ture.
2021 216 2045 242 ς,
2057 218 2087 242 91
2110 208 2185 244 Qiid

28 237 157 265 adueniens
170 236 293 268 excipitur
307 233 376 258 Suet.
387 230 475 258 Vitell.
484 238 506 256 c.
515 237 538 262 13
561 225 731 254 Pamofiffima
744 226 821 259 super
828 232 941 252 caeteras
950 226 1001 266 fuit
1010 234 1068 266 coe·
1134 233 1182 251 vos
1195 224 1328 265 hesterna,
1346 235 1451 262 inquit,
1462 233 1581 263 coenula,
1596 242 1650 260 non
1664 234 1830 262 intellexistis
1844 245 1885 262 nie
1900 243 2011 272 pecunia
2024 253 2077 270 non
2091 248 2187 279 eger&

4 274 5 278 ,
29 280 62 299 na
82 272 107 298 ci
125 271 182 297 data
201 268 350 296 adueffistja
370 277 385 294 a
398 267 488 294 fratre,
530 262 588 290 νεά.
613 261 649 287 ibi
672 262 790 287 Torreat.
810 268 833 288 et
853 263 942 288 Coena
962 268 1068 288 Viatica.
1134 261 1251 301 Martias
1266 270 1338 302 5379
1359 265 1441 290 Parua
1455 265 1490 290 est
1504 270 1630 300 coenula,
1652 271 1712 304 quis
1724 271 1808 305 potest
1823 276 1936 308 negare3
1994 279 2033 303 Ad
2049 282 2186 308 coenulam

29 306 186 338 Ainbulans,
217 305 270 330 vid.
299 311 320 331 A
332 310 356 330 M
367 309 471 331 BVLO.
542 297 733 330 Antelucanae,
750 297 804 323 vid.
826 305 847 325 A
857 305 908 325 NT
919 304 937 324 E
949 304 964 323 1.
975 304 995 323 v
1005 303 1022 323 c
1034 303 1069 323 A·
1135 303 1250 323 inuitare
1266 299 1385 333 aliquem
1406 300 1475 326 Suet.
1485 302 1512 326 iu
1520 304 1612 330 Claud.
1630 314 1662 331 21.
1733 308 1788 333 Cic.
1804 308 1876 334 Fam.
1892 318 1919 342 9,
1933 319 1969 344 24
1990 312 2091 340 Deinde
2106 317 2187 344 ctiam

31 349 52 369 N
62 348 111 369 VS·
184 341 290 375 Aspera,
309 339 363 366 vid·
381 345 403 366 Α
413 345 425 365 s
435 342 511 364 PER·
581 333 670 359 Coena
679 334 820 367 Auguralis
834 343 881 360 non
894 336 975 359 minus
988 334 1068 372 lauta,
1092 332 1107 358 5
1135 341 1232 375 vereor
1252 334 1332 365 (licet
1347 335 1419 375 enim
1434 345 1527 362 verum
1541 339 1645 372 dicere)
1665 343 1810 375 ne,nesci0
1825 344 1891 379 quid
1908 345 1975 372 illud
1989 348 2061 381 quod
2076 350 2176 377 solebas

27 387 98 414 quam
110 376 282 403 Pontificum:
319 375 373 402 Cic.
384 374 452 400 Fam.
468 379 495 406 7,
509 370 544 397 26
562 369 594 394 In
608 377 650 395 eas
671 369 932 410 (hee-basponditas)
953 377 1013 395 cum
1029 376 1068 394 in·
1135 366 1264 400 dediscas,
1284 377 1310 395 et
1324 370 1485 415 obli-uiscare
1497 375 1618 414 coenulas
1631 376 1726 404 facere.
2176 371 2187 388 ³

28 412 139 439 cidiss‘em
153 412 181 439 in
196 421 278 438 coena
287 409 422 445 Augurali,
438 414 484 433 etc.
513 406 648 438 Augures,
669 405 843 432 sacerdotium
861 411 996 436 ineuntes,
1015 403 1068 429 eol·
1171 409 1215 430 co
1226 412 1241 430 Ε
1252 412 1318 438 ΝΟ,
1345 415 1406 439 aui,
1426 413 1452 433 et
1474 414 1530 434 atus
1549 412 1622 442 iuni,
1646 416 1734 445 atum,
1760 418 1814 441 are.
1850 413 1983 452 [ὃαπνέω]
2020 417 2106 444 Cibum
2124 429 2187 445 com»

27 447 91 482 legis
104 456 214 475 coenam
233 447 328 475 dabant
341 446 444 474 lautam.
515 441 591 466 Varr.
610 450 632 473 3,
647 443 673 473 6,
688 443 704 467 6
737 441 838 468 Primus
852 440 900 468 hos
918 438 1068 475 (panorm)
1133 448 1227 480 munegn
1246 448 1290 467 *²¹¹²
1303 442 1468 478 vespertinum
1477 443 1583 483 flauere.
1622 446 1678 473 Cic.
1695 450 1861 482 QFi-at.2‚8
1883 452 1921 478 Eo
1934 452 1977 479 die
1992 455 2104 479 coenaui
2118 454 2188 488 apud

27 484 62 516 Q
85 483 240 510 Hortensius
253 481 380 517 Augurali
392 476 495 505 aditiali
517 485 598 503 coena
616 477 727 511 posuisse
746 477 853 504 dicitur.
909 478 1067 503 Alterutrum
1134 475 1318 515 Crassipedcm.
1374 479 1531 513 Apparatius
1545 488 1655 507 coenare
1674 484 1740 509 Plin.
1756 486 1834 521 Epist.
1849 495 1869 518 ι,
1883 496 1915 521 15.
1977 488 2056 523 Apud
2069 489 2190 523 aliquem

26 529 112 546 nomm
132 523 249 546 omittunt
262 518 321 554 fert·
333 515 407 544 MSS·
477 512 569 538 Breuis
597 514 665 539 Hffi‘·
679 513 758 547 Epist·
776 521 795 545 ¹,
809 522 846 546 ¹4,
863 519 899 545 3)·-
972 511 1066 537 Cente-
1086 513 1115 532 ¹0
1135 511 1192 551 (2¹⁶-
1208 512 1278 539 Fam·
1294 522 1314 545 ¹,
1328 522 1354 553 22
1374 519 1397 544 8-
1467 514 1536 541 Add-
1559 515 1629 549 Nep.
1642 525 1681 556 5²3,
1696 528 1729 550 12,
1744 528 1762 545 ι-
1835 522 1883 549 Sed
1903 524 1971 550 Hor.
1982 524 2061 559 Epist.
2077 533 2097 557 i,
2111 533 2139 559 7,
2153 532 2190 559 70

27 555 118 581 nal-jac
161 554 215 581 vid,
242 559 259 580 G
270 555 425 582 ENTENA
437 555 454 575 R
465 554 533 574 ivs.
606 549 687 575 Plaut.
709 550 779 575 Men.
801 557 821 581 i,
844 556 864 581 i,
885 554 915 580 25
944 546 1066 573 Cereales
1133 546 1160 572 Si
1175 555 1267 586 coenas
1283 547 1363 574 hodic
1381 558 1492 576 mecum.
1567 552 1684 578 Martial.
1701 563 1731 584 ιι,
1746 563 1772 588 35
1793 557 1926 585 Coenabit
1939 559 2025 593 belle,
2047 569 2102 586 non
2115 559 2191 587 nabi.

8 604 11 615 ι
27 575 133 616 coenas,
141 590 185 617 dat
227 590 262 616 ita
286 587 382 614 mensas
400 584 518 610 exstruit.
556 585 677 611 Cereales
692 594 800 615 coenas,
823 586 907 620 inquit
928 581 1067 614 Tan-nebus,
1134 581 1202 608 tabit
1217 584 1296 618 Aper.
1354 585 1423 611 Bene
1438 594 1550 612 coenare
1571 588 1639 613 Hor.
1653 589 1732 622 Epist.
1750 598 1770 622 i,
1786 593 1812 623 6,
1828 595 1864 625 46
1882 601 1905 620 et
1921 595 2008 622 Catul.
2030 605 2064 629 13,
2076 605 2095 623 1.
2134 596 2192 623 Cic.

2 618 3 622 ,
25 627 148 661 appellari
162 610 275 662 su’spl'cvr
294 624 411 658 opimas,
439 627 462 646 ες
475 622 573 652 [man.³
601 627 624 646 c,
638 621 841 656 ,nultisfi-‚Udjs
854 625 984 651 oneratas,
1004 616 1068 654 quod
1134 618 1217 644 Tusc.
1240 627 1262 651 ς,
1281 626 1317 654 97
1346 620 1479 661 Socratem
1498 622 1605 654 ferunt,
1633 632 1716 657 quum
1736 635 1819 660 vsque
1834 628 1866 654 ad
1887 632 2026 665 vesperum
2038 633 2191 658 contentius

26 661 164 688 CereaIIbus
172 661 325 696 populariter
349 656 442 683 blm-cut
453 658 525 692 genio
539 656 681 692 indulgm·e:
703 657 731 682 ill
743 656 807 692 quod
820 656 944 682 eMarone
959 655 1069 688 (Georg.
1133 653 1296 687 ambularet,
1322 658 1523 695 quaesitumque
1537 658 1597 684 essct
1611 667 1643 684 cx
1656 669 1705 692 eo,
1733 670 1815 694 quare
1835 663 1862 689 id
1875 665 1992 699 faceret,
2018 667 2191 702 respondisse,

4 685 6 689 ,
26 705 47 729 ¹,
61 700 125 729 338)
146 660 356 736 intelligiporqlll,
368 691 558 728 sit-scribente,
595 693 625 718 Ιιι
638 692 732 727 pi-imis
753 700 877 718 venerare
890 691 968 722 deos,
987 696 1068 724 atque
1088 694 1114 721 ῖς
1134 691 1175 723 sc,
1197 699 1252 725 quo
1265 691 1363 717 Melius
1384 699 1524 725 coenaret,
1552 694 1681 733 opsonare
1701 697 1863 724 ambulando
1878 699 1975 727 famen.
2050 704 2192 736 aniliter,

3 726 6 734 ⁸
26 741 112 759 annua
124 740 230 767 magnae
263 732 338 756 sacra
352 729 423 755 rcser
437 728 545 759 Cereri,
567 734 611 754 etc.
657 730 738 754 Etiam
753 729 828 754 Gron.
843 726 980 753 Cerealem
994 725 1068 751 abun-
1134 725 1188 752 vicl.
1214 733 1296 753 ciVi
1306 733 1433 754 LiTER.
1506 730 1582 755 Foris
1602 739 1713 757 coenare
1747 733 1863 759 Martial.
1886 744 1923 768 η,
1941 745 1977 770 ¹9-
2052 739 2191 771 Libenter,

4 780 13 790 ,ι
25 767 124 794 dantem
136 771 321 802 interpretatur.
393 765 463 790 Suet.
479 763 571 790 Claud.
593 773 615 790 c.
635 772 663 791 21
697 764 776 790 Velut
789 762 821 789 ad
839 762 953 789 subitam
969 761 1068 788 Condi·
1135 761 1188 788 vid.
1205 762 1252 798 filb
1274 769 1290 788 L
1301 769 1309 788 1
1321 768 1362 803 13ss
1371 770 1402 790 T.
1474 763 1557 789 Simul
1578 765 1635 792 Cic.
1650 767 1681 792 de
1697 768 1800 794 Inuent.
1817 777 1842 800 2,
1857 777 1895 802 14.
1967 773 2041 799 [dem
2057 775 2085 800 in
2101 775 2191 802 vatin,

4 824 9 833 ..
26 802 148 838 fiamque
167 800 302 829 coenulam
323 799 438 826 inuitare
458 800 483 826 sc
497 799 634 835 populum.
671 798 802 826 Condic'la
814 807 911 830 coena,
939 798 982 823 vbi
1001 798 1068 824 vitro
1133 806 1166 830 30
1178 798 1276 838 Cedo,
1297 808 1356 833 quis
1371 801 1627 840 vnqiiam'coenauit
1643 803 1766 829 Atratus?
1794 805 1914 832 Cocnarc
1927 816 1987 834 cum
2001 810 2095 844 aliquo
2120 812 2191 839 Hor.

11 839 49 876 lje
61 839 196 865 obtulerunt
213 839 338 863 conuiuae.
380 835 438 862 Vid.
461 841 616 863 CONDiCO.
689 835 788 867 Cynica
802 842 882 860 coena
910 834 1013 860 Petron.
1029 841 1067 866 14.
1135 834 1215 867 Epist.
1236 843 1254 866 1,
1271 842 1298 869 7,
1312 843 1356 869 70.
1413 835 1470 861 cic.
1487 844 1515 862 in
1524 836 1613 862 Vatin.
1628 845 1652 867 31
1677 839 1744 870 Qis
1760 840 1787 865 in
1809 840 1902 867 funere
1921 843 2050 871 familiari
2066 847 2193 873 coenauit

5 865 7 880 ³
24 878 44 901 i.
62 875 156 906 Eorum,
169 875 211 908 qui
222 872 307 908 mt'fi’re
329 871 455 898 vinebunt.
527 871 617 897 Coena
631 869 712 897 dubia
745 871 813 897 Ter.
828 869 933 896 Phorni.
949 878 973 899 2,
989 878 1007 895 i.
1028 873 1067 899 28.
1084 873 1118 891 20
1135 878 1195 896 cuin
1209 876 1269 905 toga
1283 870 1371 904 pulla?
1407 870 1526 897 Odorem
1539 873 1636 897 culinae
1651 880 1743 899 coenat
1757 876 1858 909 Iupiter
1876 877 1960 904 Plaut.
1976 880 2065 906 Pseud.
2080 890 2102 913 3,
2117 891 2139 914 2,
2153 890 2192 914 53.

31 908 89 937 Vid.
109 914 260 935 nvmvs.
322 906 403 934 Ebria
422 907 503 934 Plaut.
525 906 608 934 Cassn.
631 914 653 939 3,
667 908 693 938 6,
710 911 744 936 18.
764 909 782 932 i.
803 905 920 937 madida,
940 903 1067 940 percofia.
1135 906 1166 931 In
1180 906 1300 932 triclinio
1321 906 1378 933 Cic.
1395 907 1450 933 Att.
1465 915 1500 940 13,
1515 915 1555 941 50.
1734 908 1754 945 ί]
1773 918 1785 934 2
1822 913 1969 947 Accu-latmi
1985 921 2057 941 uerbo
2071 918 2129 943 huic
2147 917 2192 943 ad.

7 936 184 976 sLamiffima,
201 943 254 969 vid.
285 951 301 970 ῐ,
312 951 332 970 Α
343 951 394 970 VT
404 950 423 970 v
433 951 455 970 s.
498 943 593 977 Magna
614 943 680 970 Hor.
696 941 777 968 Serm.
792 949 817 974 2,
832 943 857 973 6,
873 949 928 974 ¹04·
990 941 1067 966 Mun-
1135 940 1232 967 imzHi:
1270 942 1396 969 Alienum
1409 951 1522 969 coenare
1542 941 1624 969 Plaut.
1640 943 1708 970 Pers.
1721 952 1748 976 4,
1761 952 1784 983 3,
1800 954 1826 977 4.
1874 949 1976 981 Aprum
1990 960 2101 978 coenare
2121 955 2192 980 Hor.

7 970 11 1007 l
22 980 69 1007 dae
83 987 179 1006 coenae
192 988 276 1014 paruo
288 979 334 1005 sub
349 979 404 1005 lare
416 987 562 1014 pauperum
586 979 653 1004 Hor.
669 978 757 1004 Carni.
772 985 795 1009 3,
809 985 853 1009 29,
867 984 899 1009 ῖς.
973 975 1066 1003 Nitida
1135 977 1216 1003 Serm.
1231 986 1256 1010 2,
1268 986 1292 1010 3,
1307 986 1357 1012 234
1379 979 1421 1005 Sic
1433 979 1500 1013 apud
1512 979 1634 1005 Senecam
1649 978 1682 1005 de
1696 979 1887 1020 Prouidentia,
1908 1002 1914 1008 .
1937 1003 1944 1009 .
1964 1004 1970 1011 ,
1995 987 2115 1013 Coenam
2132 988 2194 1015 her.

20 1021 47 1042 et
59 1014 132 1050 frugi
152 1014 218 1041 Plin.
233 1015 312 1049 Epist.
329 1024 350 1047 3,
367 1024 385 1042 i.
459 1015 528 1042 Suet.
545 1014 628 1049 Calig.
644 1022 679 1048 24
703 1013 758 1040 Alii
774 1011 894 1045 tradunt,
915 1011 1067 1038 adhibitum
1135 1011 1189 1038 bas.
1263 1015 1333 1040 Aues
1358 1015 1426 1040 Hor.
1441 1015 1491 1041 Sat.
1512 1023 1537 1045 2,
1557 1019 1581 1047 8,
1602 1021 1646 1049 27.
1718 1016 1836 1042 Martial.
1854 1025 1888 1047 12,
1904 1024 1933 1051 17
1964 1020 2064 1048 Coenat
2078 1022 2195 1056 boletos.

21 1050 259 1085 CoenaeNuptiali
271 1051 400 1078 mandasse
413 1050 445 1077 ad
454 1050 588 1082 Pisonem,
604 1056 695 1077 contra
707 1047 920 1081 accumbentem,
941 1055 987 1074 etc.
1013 1047 1066 1073 old.
1087 1050 1117 1076 25
1135 1048 1448 1084 ofli'ca,ssimen,aprum.
1485 1050 1546 1077 Olla
1560 1050 1658 1077 insulso
1671 1052 1805 1078 coenanda
1813 1051 1928 1084 Glyconi
1944 1054 2011 1080 Pers.
2028 1065 2050 1088 ς,
2064 1065 2088 1089 9,
2125 1060 2194 1085 olus

12 1086 101 1114 aetiam
116 1087 193 1121 Apul.
208 1087 273 1113 Met.
288 1089 304 1113 6
318 1096 341 1121 p.
357 1095 407 1120 195·
479 1086 594 1121 Opima,
627 1085 680 1112 vid.
712 1092 755 1112 01³
766 1091 808 1111 ΙΜ
818 1091 838 1110 v
850 1090 875 1110 s.
949 1083 1065 1117 opipara
1134 1085 1201 1111 Hor.
1216 1085 1296 1120 Epist.
1312 1094 1338 1118 2,
1353 1094 1379 1118 2,
1394 1088 1446 1115 168.
1507 1086 1610 1112 Patinas
1624 1087 1752 1114 coenabat
1768 1087 1849 1115 omasi
1863 1089 1936 1122 vilis,
1949 1096 1975 1116 et
1987 1092 2099 1125 affininae
2119 1095 2195 1120 Idem

14 1115 43 1149 rt
54 1122 214 1150 Pontificalis
233 1122 368 1149 laudantur
387 1131 415 1148 ex
429 1123 558 1148 Varrone.
629 1122 711 1148 Plaut.
726 1121 808 1147 Trin.
829 1129 853 1151 2,
867 1129 895 1153 4,
908 1121 942 1151 69
979 1119 1066 1153 Appo-
1133 1120 1213 1155 Epist.
1231 1129 1252 1154 1,
1267 1130 1300 1154 ις,
1315 1130 1356 1155 34.
1393 1123 1452 1148 Alii
1464 1123 1566 1158 legunt,
1587 1122 1709 1149 Tabulas
1723 1123 1821 1156 omasi,
1845 1127 1863 1150 i.
1874 1124 2028 1161 paroplides,
2041 1137 2107 1154 more
2119 1130 2197 1155 Grae-

20 1157 66 1185 fita
79 1157 109 1184 fit
123 1167 222 1191 coena,
242 1167 322 1193 quam
337 1157 494 1192 l'opularem
508 1162 620 1189 vocant,
640 1157 667 1183 Si
683 1157 725 1183 illi
737 1156 871 1192 congestae
885 1155 932 1180 sint
945 1155 1036 1188 epulae
1051 1163 1066 1181 a
1134 1165 1234 1189 corum,
1253 1160 1296 1193 qui
1316 1159 1417 1183 πίνακας
1436 1165 1535 1186 vocant.
1573 1158 1709 1186 Pulinenta
1728 1160 1797 1186 Hor.
1810 1160 1890 1194 Epist.
1908 1169 1929 1194 1,
1944 1168 1979 1195 ης,
1994 1167 2035 1196 48.
2075 1163 2198 1191 Sext-enti

19 1193 174 1221 clientibus:
194 1192 318 1230 posterior
332 1193 418 1228 ver-fies
431 1196 543 1228 priorem
555 1193 680 1219 declarare
693 1192 799 1219 videtur.
872 1191 938 1217 Hor.
954 1190 1032 1225 Epist.
1046 1199 1068 1223 1,
1135 1200 1247 1219 coenant
1263 1202 1277 1220 a
1291 1199 1332 1226 te,
1353 1192 1469 1227 iustine,
1488 1193 1577 1221 vocati
1596 1195 1676 1221 Lucis
1699 1195 1731 1222 ad
1744 1194 1874 1229 officium,
1883 1206 1951 1231 quac
1965 1198 2018 1224 tibi
2031 1199 2119 1232 prima
2132 1200 2197 1226 fuit.

15 1236 44 1340 Ε,
63 1237 95 1265 27
131 1230 163 1256 Et
174 1229 222 1256 nisi
234 1230 317 1256 'coena
331 1230 423 1261 Prior,
441 1229 585 1263 potiorque
597 1228 684 1263 puella
697 1229 823 1255 Sabinum
859 1226 983 1259 Detinet,
1002 1227 1066 1253 assu·
1085 1231 1117 1256 30
1135 1228 1253 1255 Martial.
1269 1231 1353 1262 11‚66.
1554 1228 1586 1271 q.
1598 1239 1610 1262 3
1650 1232 1773 1268 Figuram
1780 1233 1860 1268 finit,
1895 1233 1977 1260 Plaut.
1995 1234 2065 1260 Asin.
2088 1242 2110 1268 ς,
2125 1245 2148 1268 2,
2164 1237 2199 1266 36

28 1274 99 1293 nam.
171 1266 262 1298 Prior,
286 1266 380 1292 Melior
394 1271 418 1290 et
429 1266 536 1295 lautior,
554 1265 595 1290 vel
607 1271 705 1290 tantum
718 1271 823 1299 tempore
832 1266 922 1298 prior,
941 1263 975 1288 ad
993 1272 1065 1302 quam
1133 1264 1239 1291 Ecastor
1252 1264 1376 1292 coenabis
1391 1265 1489 1298 hodie,
1516 1272 1544 1293 vt
1562 1267 1671 1301 dignum
1685 1267 1738 1300 est,
1765 1276 1890 1302 magnum
1912 1270 2021 1296 malum.
2060 1273 2122 1297 hem
2141 1280 2199 1297 cum

36 1304 90 1327 rius
101 1304 158 1338 quis
171 1307 272 1328 vocatus
286 1299 327 1334 ist.
383 1301 500 1327 Martial.
515 1308 547 1332 ii,
562 1308 588 1333 53
621 1301 696 1333 Quae
709 1309 756 1326 nec
764 1298 842 1326 Stella
858 1298 924 1325 solet
932 1299 1001 1325 Rara
1016 1298 1065 1325 nifi
1133 1299 1229 1327 dicitur
1243 1302 1363 1328 Coenare
1377 1309 1426 1338 pro
1448 1311 1522 1328 coena
1535 1303 1647 1329 exhibere
1674 1303 1744 1329 Suet.
1758 1304 1868 1338 August.
1883 1312 1917 1338 70
1945 1306 2015 1332 Dum
2034 1315 2104 1332 noua
2118 1307 2198 1333 diuo-

37 1346 118 1364 onere
136 1345 231 1370 coena,
257 1343 303 1363 etc.
375 1336 456 1362 Κεᾶει
479 1344 577 1368 coena,
600 1337 678 1368 iusta,
711 1335 885 1371 etfhllcmnis,
915 1341 988 1370 atque
1007 1334 1066 1361 adeo
1133 1345 1194 1362 rum
1209 1344 1302 1363 coenat
1315 1337 1455 1365 adulteria.
1503 1338 1534 1364 Et
1547 1337 1580 1364 lic
1593 1338 1703 1366 Tertul.
1716 1340 1794 1374 Apol.
1809 1348 1839 1373 39
1866 1340 1930 1367 Non
1943 1348 1995 1368 tam
2012 1352 2121 1368 coenam
2136 1352 2197 1369 coe—

30 1380 103 1406 auta,
121 1382 134 1399 o
152 1376 241 1409 ipat-a:
279 1372 348 1399 Suet.
358 1372 465 1407 August.
473 1381 495 1398 c.
505 1379 542 1406 74
561 1370 874 1402 Conuiuabaturassidue,
889 1379 936 1396 nec
950 1380 1067 1405 vnquam
1134 1380 1197 1398 nare
1210 1381 1290 1406 quam
1303 1374 1479 1408 disciplinam.
1555 1375 1690 1410 Imperjbn.
1712 1376 1747 1401 Vt
1761 1383 1917 1403 coenaretur
1946 1378 2015 1404 Suet.
2029 1378 2099 1405 Tib.
2113 1388 2135 1406 c.
2149 1388 2196 1413 42.

31 1408 69 1435 usi
77 1409 115 1435 Re
143 1417 165 1435 a.
237 1407 276 1435 Id.
289 1408 366 1442 Vesp.
381 1417 402 1434 c.
416 1416 444 1441 ¹9
477 1406 679 1435 Conuiuabatur
698 1406 809 1439 assidue,
822 1412 848 1432 et
863 1407 962 1440 saepius
970 1407 1065 1433 Recta:
1085 1408 1114 1433 35
1134 1407 1285 1434 Coenatum
1300 1408 1336 1434 est
1350 1410 1420 1444 apud
1435 1408 1561 1436 Vitellios
1578 1410 1640 1436 Liu.
1655 1419 1682 1442 2,
1697 1419 1724 1443 4.
1762 1412 1836 1447 Cons.
1853 1412 1922 1447 Nep.
1936 1422 1976 1446 23,
1993 1422 2032 1447 14,
2046 1423 2064 1441 i.

39 1451 123 1480 troque
135 1445 186 1471 Ioco
199 1445 289 1472 Coena
301 1445 463 1480 intelligitur.
506 1445 610 1478 Proprie
625 1442 722 1478 quidem
749 1442 828 1468 Recta
842 1450 923 1468 coena
938 1443 1067 1477 §Portulae
1170 1449 1354 1471 COENANS
1363 1464 1372 1477 ,
1400 1446 1478 1471 antis.
1517 1446 1613 1471 Partic.
1650 1444 1780 1481 [δειπνῶν]
1816 1448 1874 1473 Cic.
1886 1451 1940 1474 Att.
1959 1457 1994 1481 15,
2007 1457 2041 1483 27
2063 1449 2196 1476 Aduenta-

29 1476 202 1517 pptfita‘erat.
237 1480 401 1506 Liberaliores
413 1482 477 1505 enim
491 1478 582 1505 diuites
595 1479 767 1515 ciuilioresque
774 1478 958 1514 salutatoribus
964 1478 1022 1514 ficis
1035 1479 1067 1504 Ie·
1134 1477 1181 1506 bat
1195 1484 1284 1506 autem
1303 1480 1407 1511 βελύσει
1425 1480 1598 1506 coenantibus
1613 1482 1699 1507 nobis.
1748 1483 1823 1509 ldeni
1835 1483 1907 1509 Fam.
1921 1486 1960 1515 16,
1972 1492 2005 1510 21.
2026 1493 2049 1510 ει
2062 1487 2118 1511 Att.
2132 1494 2158 1518 9,
2173 1491 2196 1516 8.

38 1519 133 1542 nimum
146 1518 283 1543 conuiuium
300 1515 455 1546 exhibebant,
467 1513 570 1550 sordidi
581 1520 660 1540 autem
676 1521 699 1539 et
710 1516 887 1550 maligniores,
906 1513 994 1541 reeiae
1009 1522 1067 1540 coe·
1135 1515 1195 1542 Vna
1207 1521 1347 1542 coenantes
1362 1517 1431 1542 Hor.
1447 1516 1529 1542 Serm.
1548 1525 1575 1548 2,
1589 1521 1613 1548 8,
1628 1522 1663 1546 18.

39 1559 68 1578 ae
85 1553 136 1577 loco
156 1551 298 1586 sportulam
320 1557 416 1577 rantum
432 1549 591 1585 praebebant.
663 1550 884 1583 Suet..·inDoniit.
900 1559 921 1577 c.
935 1557 952 1584 7
981 1550 1068 1576 Multa
1135 1555 1140 1571 ἵ
1172 1553 1355 1578 ΕοΕΝᾸΤν
1367 1559 1396 1583 s,
1417 1560 1440 1583 a,
1460 1561 1515 1578 um.
1544 1552 1754 1587 Partic.Depon.
1792 1551 1966 1589 [δεδειπνηκὼς]
2003 1555 2055 1590 Qu‘
2072 1559 2198 1589 coenanti,

35 1587 99 1613 tiam
117 1587 146 1613 in
165 1587 301 1613 communi
322 1594 411 1612 rerum
438 1586 486 1612 vsu
504 1585 634 1617 nouauit,
664 1585 793 1620 sportulas
814 1584 933 1620 publicas
953 1585 1066 1617 sustulit,
1081 1591 1119 1617 40
1134 1587 1339 1623 coenamsumfit.
1376 1588 1412 1614 Vt
1426 1587 1550 1622 pransuS,
1571 1594 1600 1614 vt
1614 1595 1709 1623 potus,
1730 1594 1759 1615 vt
1774 1589 1852 1622 lorus,
1868 1589 1895 1616 id
1910 1589 1946 1616 cst
1959 1591 2089 1618 Contedta
2104 1601 2198 1625 coena,

33 1628 141 1649 euocata
154 1630 295 1649 coenarum
303 1621 446 1649 Reeiarum
458 1620 658 1648 consuetudine.
723 1620 841 1648 slsu'tam't
855 1624 935 1657 igitur
948 1622 1068 1648 Neronis
1133 1625 1218 1658 inquit
1237 1623 1344 1650 Nonius
1356 1632 1381 1656 2,
1398 1631 1450 1656 195.
1507 1624 1564 1650 Cic.
1577 1625 1632 1650 Att.
1646 1633 1672 1656 2,
1687 1626 1717 1650 16
1748 1625 1869 1651 Coenato
1881 1625 1967 1658 mihi,
1986 1631 2012 1652 et
2027 1627 2079 1653 iam
2094 1628 2198 1654 dormi-

27 1656 171 1691 ›fiitutum,
201 1667 216 1684 a
239 1667 300 1694 quo,
324 1664 353 1684 vt
379 1660 418 1684 ait
445 1657 551 1683 Sueton.
564 1665 586 1682 c.
597 1658 626 1682 16
647 1655 769 1683 Publicae
783 1666 880 1683 coenae
894 1657 925 1683 ad
935 1657 1068 1691 Sportulas
1134 1660 1203 1685 tanti
1217 1660 1304 1694 pridie
1319 1659 1429 1686 Calend.
1467 1659 1553 1686 Maias
1566 1660 1679 1694 epistola
1692 1660 1728 1686 est
1742 1660 1789 1687 illa
1802 1661 1915 1688 reddita.
1952 1663 2025 1688 Idem
2040 1672 2089 1697 pro
2104 1665 2197 1691 Deiot-

30 1692 144 1720 edadiae.
213 1693 338 1721 Promissa
351 1692 387 1719 est
401 1692 480 1719 nobis
494 1692 621 1727 sportula,
635 1692 716 1718 Recta
730 1693 789 1719 data
800 1693 836 1718 est
858 1693 974 1718 Martial.
989 1698 1012 1724 8,
1026 1701 1065 1725 50.
1132 1702 1168 1720 20
1195 1695 1270 1728 Qud
1291 1696 1375 1730 igitur
1394 1696 1485 1722 causae
1506 1695 1655 1730 excogitari
1675 1696 1775 1730 potest,
1808 1706 1855 1723 cur
1884 1703 1909 1723 te
1937 1697 2039 1724 lautum
2066 1699 2198 1732 voluerit,

27 1750 33 1757 .
47 1732 129 1756 minus
137 1727 359 1766 promffem‚plus
372 1727 466 1754 datum.
536 1728 606 1754 Suet.
621 1727 720 1753 Tiber.
734 1737 754 1754 c.
768 1736 802 1761 34
820 1727 997 1754 Sollemnibus
1011 1729 1066 1762 ipse
1132 1738 1274 1757 coenatum
1286 1731 1406 1758 noluerit
1419 1731 1559 1758 occidere?
1597 1732 1627 1758 Et
1643 1732 1710 1758 Hor.
1726 1732 1807 1759 Serm.
1822 1742 1843 1765 ι,
1863 1741 1903 1766 ιο,
1918 1736 1953 1759 60
1979 1737 2058 1761 Amet
2069 1736 2198 1770 scripsisse

32 1765 105 1792 oenis
118 1763 241 1799 pridiana
259 1765 333 1798 saepe
353 1773 382 1790 ac
397 1764 492 1789 semesa
513 1763 622 1797 opsonia
637 1764 766 1797 apposuit.
839 1762 1020 1798 Philargyrius
1033 1764 1068 1790 ad
1081 1769 1116 1796 45
1132 1766 1260 1793 ducentos
1304 1767 1372 1793 Ante
1391 1767 1483 1793 cibum
1497 1767 1605 1798 versus3
1622 1767 1735 1793 totidem
1751 1775 1891 1801 coenatus,
1910 1776 1956 1796 etr.
2138 1775 2157 1808 'j
2177 1779 2196 1798 ι

43 1801 92 1835 irg.
107 1800 161 1827 Ecl.
176 1807 199 1833 ς,
214 1808 251 1835 74
270 1799 348 1832 dicit,
368 1799 420 1825 tria
433 1806 528 1833 genera
543 1798 591 1824 esl'e
607 1798 924 1838 coenarum,Sollemne,
936 1800 1066 1826 viaticum
1133 1804 1219 1830 Aliter
1240 1802 1323 1829 Plaut.
1344 1803 1461 1829 Trucul.
1483 1812 1510 1835 2,
1529 1811 1552 1835 2,
1570 1811 1607 1837 24
1631 1803 1761 1830 Mauelim
1797 1820 1842 1825 ——-
1878 1805 1985 1832 noelem
2002 1805 2032 1832 in
2043 1806 2197 1835 stramentis

30 1858 37 1864 .
55 1836 235 1863 aduenticium
255 1841 280 1862 et
302 1834 419 1870 geniale,
449 1841 494 1860 ‘'tc-
572 1833 665 1860 SUblffl
686 1843 768 1862 coena
797 1835 855 1861 Sess-
873 1835 985 1867 Thyest-
1005 1841 1065 1865 800-
1132 1837 1290 1872 pernofitare
1309 1845 1461 1873 perpetem,
1496 1840 1585 1872 Qam
1598 1844 1657 1865 tuas
1677 1846 1781 1866 centum
1794 1848 1915 1867 coenatas
1930 1841 2021 1868 nostes
2034 1842 2104 1868 mihi
2120 1843 2196 1870 dono

35 1878 87 1899 uet.
99 1870 189 1898 Claud.
202 1880 223 1897 c.
237 1879 264 1897 21
284 1870 375 1897 Subita
389 1876 414 1896 et
427 1869 549 1896 condich
565 1869 721 1903 iunguntur.
793 1871 984 1905 Tempestffla,
1008 1871 1064 1898 vid.
1131 1873 1206 1900 dari:
1227 1876 1352 1901 mulierem
1365 1873 1491 1907 rusticus,
1513 1877 1555 1910 qui
1568 1877 1606 1900 ita
1620 1882 1644 1901 et
1657 1876 1740 1911 epulas
1753 1876 1822 1902 illms
1836 1884 1860 1902 et
1872 1879 2027 1905 concubitum
2040 1882 2195 1906 contemnit:

29 1908 59 1934 ub
77 1914 100 1934 'r
108 1914 125 1934 Ε
135 1904 210 1933 1*in
220 1913 242 1933 s.
313 1905 463 1933 Terrestris
471 1926 480 1938 ,
501 1914 560 1940 quae
572 1914 600 1930 ex
614 1906 719 1931 oleribus
732 1912 832 1932 tamum
843 1914 982 1942 apparatur
995 1914 1066 1934 terra
1132 1915 1258 1936 coenatae
1272 1909 1362 1936 no&es
1372 1931 1380 1944 ,
1405 1913 1424 1937 i.
1437 1919 1511 1936 corna
1524 1918 1548 1936 et
1561 1912 1665 1937 Veneris
1682 1911 1725 1946 usic
1736 1910 1876 1938 traductae.

33 1946 100 1976 atis,
116 1943 186 1968 nulla
197 1951 270 1969 carne
281 1941 403 1968 adhibita.
457 1941 540 1967 Plaut.
556 1941 630 1975 Capt.
646 1949 667 1973 1,
680 1949 706 1974 2,
720 1943 761 1971 86.
786 1942 830 1967 vbi
845 1948 927 1969 tamen
939 1946 1066 1969 inuitatus
1081 1946 1126 1980 50¹
1168 1952 1185 1972 C
1195 1952 1214 1973 0
1224 1953 1240 1972 E
1251 1953 1302 1972 NA
1312 1953 1334 1973 Τ
1344 1953 1364 1970 ν
1374 1954 1393 1973 R
1403 1954 1412 1973 1
1422 1953 1459 1979 0,
1481 1950 1529 1972 fre,
1566 1946 1657 1981 cupere
1675 1955 1784 1973 coenare,
1822 1948 1941 1975 Maniai,
1960 1957 1995 1982 ῃ,
2010 1954 2041 1984 78
2061 1951 2195 1977 coenatu.

31 1978 49 2004 d
59 1977 228 2006 Terrestrem
241 1986 351 2004 coenam
363 1977 507 2009 cauillatur,
527 1976 568 2002 sus
581 1976 709 2003 terrestris
723 1977 804 2004 bestia
818 1977 862 2004 est.
918 1978 1064 2012 Thyestea.
1131 1981 1168 2008 rit
1186 1983 1318 2014 Vacerra,
1335 1991 1390 2008 non
1406 1981 1543 2008 cacaturit.

35 2013 96 2041 laut.
110 2013 177 2042 Rud.
192 2022 218 2046 2,
232 2015 259 2045 6,
272 2021 305 2046 23
330 2011 513 2039 Scelestiorem
533 2021 642 2038 coenam
657 2013 769 2039 coenaui
785 2019 856 2040 tuam
866 2035 874 2047 ,
892 2015 980 2048 Qiam
995 2024 1067 2049 quae.
1168 2024 1237 2044 COE
1248 2024 1270 2044 N
1282 2016 1292 2043 ἷ
1302 2023 1351 2043 ‘ro
1361 2037 1369 2049 ,
1392 2021 1447 2043 are.
1487 2018 1637 2052 Frequenter
1651 2026 1761 2045 coenare.
1786 2019 1846 2045 Cic.
1862 2020 1935 2046 Fam.
1947 2028 1975 2052 9,
1990 2027 2007 2054 7
2031 2019 2124 2055 Itaque
2138 2029 2194 2048 non

47 2049 150 2083 hyestae
165 2049 300 2083 quondam
312 2047 503 2083 anteposita-est
518 2053 543 2074 et
556 2048 664 2074 Tereo:
683 2048 770 2084 quibus
787 2057 869 2085 nempe
878 2050 935 2086 filii
947 2061 958 2077 e
977 2050 1064 2077 ‚alandi
1132 2051 1221 2079 desino
1240 2052 1310 2087 apud
1324 2052 1396 2085 istos,
1411 2053 1459 2088 qui
1472 2061 1542 2078 nunc
1561 2053 1750 2086 dominantur,
1769 2056 1913 2080 coenitare.
1974 2057 2101 2082 Varronis
2113 2058 2196 2083 laum

28 2093 72 2112 unt
91 2083 203 2121 appofiri.
275 2084 379 2111 Viatica
398 2092 494 2116 coena,
520 2086 536 2109 i.
557 2083 716 2110 Aducnticia.
787 2084 870 2112 Plaut.
888 2058 979 2122 Bac-esi).
1002 2095 1021 2119 ι,
1043 2095 1064 2119 ι,
1129 2088 1216 2114 damur
1229 2091 1256 2113 in
1277 2094 1294 2115 c
1305 2094 1350 2114 013
1361 2094 1438 2115 NAc
1448 2095 1468 2114 v
1478 2095 1495 2114 L
1506 2094 1570 2114 VM.
1625 2089 1657 2115 In
1672 2088 1782 2122 publico
1797 2091 1931 2117 coenitare
1950 2090 2021 2117 Suet.
2029 2091 2134 2118 Neron.
2147 2100 2193 2128 27.

36 2130 44 2147 i
65 2121 121 2155 Ego
134 2119 220 2147 sorori
233 2128 308 2147 meae
326 2128 435 2146 coenam
448 2118 529 2146 hodie
547 2118 608 2146 dare
622 2119 686 2145 volo
700 2120 833 2146 viaticam.
895 2123 1009 2147 Veterum
1021 2123 1064 2147 hic
1079 2128 1111 2154 ςς
1129 2123 1196 2148 Plin.
1210 2131 1248 2155 33,
1262 2131 1284 2148 ιι
1304 2124 1460 2149 Inuenimus
1474 2123 1574 2157 legatos
1587 2124 1847 2159 Carthaginiensium
1860 2126 1969 2159 dixisse,
1990 2127 2089 2153 Nullos
2101 2127 2194 2160 ¹homi·

41 2165 68 2182 οι·
79 2163 148 2187 erat,
167 2163 197 2182 vt
204 2162 308 2192 peregre
319 2155 448 2182 redeuntes
458 2157 570 2182 conuiuio
583 2158 723 2189 exciperent
735 2158 818 2180 amici.
862 2155 929 2182 Idem
951 2155 1062 2187 (Bacch.
1127 2166 1192 2183 num
1206 2157 1348 2192 benignius
1361 2159 1433 2185 inter
1445 2159 1471 2185 se
1482 2160 1586 2192 viuere,
1602 2169 1681 2194 quam
1698 2162 1840 2188 Romanos.
1878 2162 1979 2189 Eodem
1994 2163 2065 2189 enim
2079 2171 2192 2197 argento

34 2212 41 2224 ,
57 2194 81 2222 6,
93 2195 127 2226 7)
152 2191 257 2222 Saluos,
282 2193 381 2225 inquit,
407 2199 489 2224 quum
526 2198 616 2224 cregre
634 2189 759 2222 aduenis,
781 2198 863 2216 coena
882 2190 968 2217 detur.
1023 2193 1061 2217 De
1127 2193 1198 2228 apud
1211 2202 1303 2220 omnes
1318 2195 1486 2222 coenitauiffe
1499 2195 1578 2230 ipsos.
1651 2196 1708 2222 Cic.
1722 2197 1794 2223 Fam.
1809 2205 1836 2231 7,
1852 2200 1880 2223 16
1915 2198 1971 2232 Ego
1982 2198 2002 2224 fi
2017 2198 2085 2224 foris
2100 2200 2192 2226 coeni-

30 2225 116 2261 ptstola
140 2225 270 2252 Martialis
297 2229 345 2257 (12
361 2226 464 2260 praef.)
491 2199 575 2257 nexit,
611 2226 646 2251 Vt
664 2225 877 2253 familiariffimas
897 2226 966 2253 mihi
985 2235 1060 2254 aures
1128 2235 1229 2262 tarem,
1248 2231 1298 2256 Cn.
1311 2230 1429 2257 oetauio
1441 2231 1572 2256 familiari
1585 2236 1634 2256 tuo
1646 2240 1701 2257 non
1714 2232 1859 2258 deffiifl‘em.
1918 2233 2007 2259 Valer.
2022 2234 2093 2260 Max.
2107 2242 2133 2267 2,
2142 2244 2191 2268 με,

37 2269 71 2288 ias
84 2261 231 2296 exciperem
244 2260 411 2288 aduentoria.
448 2262 516 2288 Haec
533 2261 640 2287 Tui-neb.
649 2269 690 2293 30,
703 2263 745 2287 26.
895 2259 916 2299 Ἴ
936 2271 949 2295 3
986 2264 1061 2290 Prae·
1128 2266 1255 2292 Feminae
1267 2274 1328 2292 cum
1339 2267 1408 2292 viris
1421 2265 1580 2292 cubantibus
1603 2265 1719 2292 sedentes
1738 2268 1916 2295 coenitabant.
1987 2268 2057 2295 Suet.
2077 2270 2189 2305 August.

31 2295 151 2331 ositiones.
186 2296 227 2323 Ad
238 2305 348 2324 coenam
361 2297 479 2332 aliquem
491 2296 621 2323 adducere
654 2297 710 2323 Cic.
723 2297 806 2333 Tusc.
821 2305 843 2331 ς,
857 2307 885 2331 91
900 2307 922 2324 c.
936 2307 975 2331 32.
1014 2298 1062 2326 sed
1075 2302 1112 2327 60
1127 2303 1164 2335 76
1184 2301 1233 2326 Vel
1247 2306 1308 2327 ante
1321 2301 1435 2333 initum,
1460 2300 1503 2327 vel
1522 2300 1579 2335 post
1600 2300 1735 2329 dimissum
1753 2304 1913 2330 conuiuium
1934 2303 2004 2331 solus
2023 2306 2189 2341 coenitabat,

32 2334 90 2360 'rut.
104 2331 228 2359 Abduxit.
286 2333 321 2360 Vt
334 2333 403 2359 Ter.
418 2333 484 2359 Eun.
499 2340 522 2364 3,
539 2340 559 2364 i,
574 2340 604 2366 17
630 2333 675 2359 Me
690 2333 832 2360 conuiuam
848 2334 933 2360 solum
946 2334 1060 2361 abduce·
1127 2344 1211 2370 quum
1227 2335 1307 2369 pleno
1320 2336 1451 2364 conuiuio
1464 2335 1535 2362 nihil
1547 2342 1676 2371 tangeret.

34 2375 59 2395 at
73 2367 131 2395 sibi.
187 2370 218 2394 Et
230 2368 326 2395 Heaut.
341 2377 361 2400 i,
376 2377 401 2400 2,
417 2377 433 2401 9
454 2367 560 2395 Abduxi
577 2367 610 2395 ad
624 2377 741 2396 coenam.
815 2370 871 2396 Cic.
887 2371 958 2397 Fam.
976 2379 1013 2401 10,
1027 2379 1060 2404 24
1162 2377 1179 2397 c
1188 2377 1207 2397 o
1216 2377 1294 2398 ENA
1303 2377 1320 2397 C
1330 2370 1373 2398 &L
1383 2378 1437 2399 VM
1446 2392 1454 2404 ‚
1484 2371 1503 2398 i.
1527 2381 1553 2398 n.
1592 2373 1734 2408 [οἰνώγεων]
1771 2375 1851 2402 Locus
1868 2375 1903 2402 ad
1912 2376 2062 2403 coenandum
2075 2380 2103 2403 in
2112 2378 2188 2414 supe.

47 2413 61 2431 e
82 2403 114 2431 ad
135 2412 227 2430 coenas
247 2404 314 2431 itare
337 2404 441 2436 desisse,
465 2403 574 2430 moleste
592 2404 661 2431 fero.
743 2404 785 2431 Ad
804 2414 915 2432 coenam
933 2407 1062 2437 inuitare,
1124 2407 1192 2432 riori
1204 2406 1289 2433 domus
1299 2413 1384 2443 parte.
1440 2408 1528 2434 Festus
1544 2409 1693 2436 Caenacula
1714 2411 1779 2445 (per
1790 2420 1818 2437 ae
1831 2412 1868 2438 ibi
1875 2413 2020 2448 scribitur,
2047 2419 2071 2439 et
2088 2414 2133 2441 hoc
2146 2424 2189 2442 or.

40 2439 172 2467 dcoenam
183 2440 305 2473 mittere,
323 2438 443 2474 vid.ſj.‘u.
480 2441 501 2466 A
516 2448 598 2467 coena
610 2439 700 2467 redire
718 2441 831 2475 Cic.pi·o
839 2441 912 2467 Cael.
920 2449 964 2466 20.
985 2440 1060 2466 Idem
1126 2441 1183 2468 dine
1196 2442 1353 2478 collocatur)
1373 2442 1517 2477 dicuntur,
1535 2444 1567 2470 ad
1583 2453 1649 2479 quae
1665 2445 1738 2472 scalis
1751 2447 1907 2475 ascenditur.
1963 2448 2050 2475 Varro
2062 2448 2094 2475 de
2107 2450 2139 2476 L.
2153 2450 2186 2478 L.

0 2492 1 2496 =
37 2485 87 2502 am.
100 2485 138 2509 10,
151 2484 187 2510 24
217 2475 314 2509 Vides,
338 2481 368 2502 vt
381 2482 406 2502 te
423 2475 637 2511 philosophando
655 2485 781 2503 reuocare
801 2483 882 2502 coner
896 2475 928 2501 ad
948 2476 1060 2516 coenas!
1075 2477 1108 2508 65
1126 2487 1155 2511 4,
1169 2486 1195 2510 33
1210 2487 1235 2513 p.
1249 2486 1289 2512 39,
1302 2486 1320 2514 7
1353 2479 1407 2506 Vbi
1421 2480 1584 2514 coenabant,
1609 2481 1781 2509 coenaculum
1795 2483 1950 2511 vocitabant
1972 2499 2019 2505 ·-—
2045 2485 2187 2520 Postquam

39 2511 55 2538 d
69 2520 177 2538 coenam
197 2511 290 2538 venire
318 2511 358 2538 Id.
376 2512 415 2546 Q
432 2513 501 2538 Frat.
515 2520 539 2544 3,
553 2521 571 2538 1.
644 2511 685 2537 Ad
698 2519 807 2536 coenam
828 2519 926 2537 vocare
940 2511 1059 2546 aliquem
1127 2513 1156 2539 in
1167 2515 1305 2549 superiore
1324 2521 1398 2549 parte
1416 2516 1552 2543 coenitare
1571 2523 1737 2551 coeperunt,
1768 2520 1913 2554 superioris
1937 2520 2031 2547 domus
2052 2521 2187 2556 Vniuersa,

48 2567 54 2574 .
73 2548 126 2574 Ate.
146 2549 172 2581 6,
194 2556 213 2574 i.
283 2547 315 2574 In
332 2556 460 2580 coenam,
495 2548 526 2573 In
546 2556 638 2574 coenas
659 2546 785 2580 singulas,
804 2545 856 2572 vid.
882 2553 932 2573 IN.
1002 2548 1059 2574 Cic.
1126 2550 1269 2577 coenacula
1283 2550 1364 2577 diasta.
1417 2552 1479 2578 Liu.
1493 2560 1534 2585 39,
1549 2560 1580 2586 14
1598 2553 1698 2580 Consul
1713 2561 1790 2588 rogat
1805 2556 1926 2589 socrum,
1950 2563 1979 2583 vt
1992 2556 2110 2592 aliquam
2126 2566 2187 2592 par-

37 2592 86 2610 am.
106 2591 133 2616 9,
145 2591 180 2610 20
204 2583 311 2610 Tamen
326 2582 355 2608 in
368 2591 398 2609 ea
411 2591 494 2609 coena
510 2591 588 2608 cocus
601 2590 674 2607 meus
688 2588 791 2616 praeter
809 2582 849 2608 ius
864 2582 968 2609 feruens
989 2583 1059 2610 nihi}
1124 2591 1179 2612 tem
1194 2585 1303 2613 aedium
1323 2596 1434 2614 vacuam
1447 2588 1562 2621 faceret,
1590 2597 1645 2623 quo
1665 2590 1774 2625 Hispala
1798 2591 1980 2626 immigraret:
2008 2594 2185 2620 coenaculum

52 2618 103 2646 tuit
117 2618 228 2645 imitari.
300 2619 372 2644 Inter
381 2625 506 2648 coenam,
534 2616 588 2643 vid.
608 2625 618 2643 1
628 2624 680 2644 NT
689 2624 705 2643 F.
714 2624 742 2644 R.
813 2619 885 2644 Inter
897 2627 1005 2646 coenam
1020 2620 1059 2646 lu-
1124 2622 1203 2657 supei'
1217 2622 1292 2649 aedes
1308 2623 1398 2650 datum
1411 2623 1447 2650 est
1455 2643 1464 2656 ,
1490 2624 1564 2651 scalis
1577 2624 1726 2652 ferentibus
1746 2627 1775 2652 iu
1789 2628 1927 2662 publicum
1944 2627 2089 2660 obseratis,
2110 2629 2184 2656 aditu

50 2663 79 2680 re
97 2654 167 2680 Suet.
181 2654 210 2679 in
223 2652 330 2686 August.
344 2661 366 2678 c.
379 2659 417 2686 71.
451 2652 510 2678 Post
525 2661 633 2679 coenam
645 2662 755 2680 vomere
786 2654 842 2680 Cic.
857 2663 905 2689 pro
921 2656 1009 2682 Deiot.
1022 2664 1059 2682 21.
1069 2664 1105 2692 70
1123 2657 1153 2684 in
1173 2658 1248 2685 aedes
1268 2660 1354 2686 verso.
1425 2660 1535 2687 Vitruu.
1550 2669 1573 2693 2,
1587 2665 1639 2696 gp.
1653 2670 1679 2694 31
1713 2663 1745 2689 111
1757 2671 1787 2689 ea
1807 2670 1896 2690 autem
1910 2664 2044 2690 maiestate
2067 2665 2140 2691 vrbis
2156 2670 2184 2692 et

54 2697 100 2723 pei·
119 2696 228 2714 coenam
244 2694 348 2714 cantare
385 2687 454 2714 Suet.
475 2687 504 2713 in
517 2687 620 2715 Neron.
637 2698 658 2715 c.
672 2698 714 2716 22.
768 2689 842 2716 Idem
862 2692 889 2717 in
911 2691 1011 2718 Domit.
1031 2700 1060 2718 21
1124 2694 1227 2720 ciuium
1246 2694 1353 2722 infinita
1372 2695 1540 2731 frequentia,
1563 2696 1773 2725 innumerabiles
1792 2698 1972 2726 habitationes
1990 2709 2056 2734 opus
2072 2701 2125 2726 fuit
2138 2709 2183 2727 cx-

38 2723 218 2758 randebatque
231 2722 263 2750 ad
274 2723 433 2756 satietatem,
453 2729 482 2749 vt
495 2733 549 2750 non
562 2731 661 2753 temere
674 2726 751 2761 super
765 2735 873 2752 coenam
887 2733 990 2761 praeter
1003 2728 1061 2754 Ma·
1124 2729 1232 2764 plicare.
1287 2731 1358 2766 Ergo
1377 2741 1460 2766 quum
1475 2732 1595 2767 recipere
1614 2741 1670 2759 non
1684 2735 1765 2768 posset
1778 2743 1839 2762 area
1854 2736 1930 2770 plana
1947 2742 2044 2762 tantam
2059 2736 2181 2762 multitu-

42 2768 120 2786 anum
141 2759 239 2795 malum
260 2765 286 2785 et
297 2758 428 2786 modicam
447 2759 476 2786 in
496 2759 610 2795 ampulla
623 2761 804 2796 potiunculam
821 2763 943 2790 sumeret.
1001 2765 1059 2790 Non
1125 2765 1215 2793 dinem
1229 2766 1261 2793 ad
1279 2766 1453 2794 habitandum
1465 2767 1495 2795 in
1514 2768 1598 2801 vrbe,
1623 2769 1655 2796 ad
1675 2770 1807 2797 auxilium
1824 2770 1975 2798 altitudinis
1993 2771 2181 2800 aedificiorum

40 2793 171 2832 spectabat
182 2798 262 2832 igitur
274 2794 410 2831 conficetum
423 2804 508 2821 comae
515 2803 617 2832 tempus,
625 2797 789 2834 fidprandio
796 2798 975 2834 satisfaciebat
981 2799 1061 2837 fami,
1124 2810 1165 2829 res
1180 2802 1234 2837 ipsa
1255 2803 1342 2838 coEgit
1360 2803 1498 2831 deuenire.
1553 2805 1647 2840 Itaque
1667 2806 1730 2840 pilis
1742 2805 1870 2841 lapideis,
1895 2807 2033 2833 strufturis
2053 2807 2182 2841 testaceis,

44 2841 65 2858 c.
101 2831 170 2858 Suet.
178 2831 207 2857 in
215 2831 290 2866 Vesp.
299 2840 320 2858 c.
329 2839 362 2858 22
381 2831 413 2858 Et
425 2832 503 2866 super
515 2840 624 2860 coenam
631 2841 727 2867 autem,
736 2840 761 2860 et
774 2834 876 2869 semper
889 2835 952 2861 alias
966 2835 1060 2862 comis.
1077 2841 1109 2870 75
1124 2838 1271 2873 parietibus
1284 2840 1464 2866 caementiciis
1484 2839 1639 2871 altitudines
1657 2841 1803 2869 exstrue’tae
1819 2842 2063 2877 contignationibus
2078 2842 2182 2871 crebris

39 2875 96 2894 mus
127 2867 209 2894 multa
221 2866 283 2893 ioco
294 2866 458 2902 transigebat.
528 2865 549 2907 ff
564 2877 583 2902 4
610 2870 704 2897 Verba:
720 2870 846 2904 Accipere
855 2870 969 2906 aliquem
979 2880 1060 2898 coena
1124 2880 1264 2907 coaxatae,
1284 2881 1309 2901 et
1329 2875 1538 2903 coenaculorum
1557 2877 1671 2904 summas
1689 2878 1818 2905 vtilitates
1833 2879 1989 2913 perficiunt,
2009 2884 2035 2904 et
2048 2877 2181 2913 despecta-

42 2887 132 2938 e11.1l7,
139 2908 161 2934 8.
173 2902 242 2930 Suet.
250 2903 278 2929 in
285 2902 374 2930 Claud.
383 2911 436 2936 c.32
445 2903 596 2932 Adhibebat
608 2906 682 2933 omni
690 2914 786 2932 coenae
794 2906 926 2934 etliberos
932 2908 991 2934 suos
999 2917 1060 2934 cum
1123 2909 1218 2937 tiones.
1263 2911 1333 2946 Ergo
1353 2912 1486 2938 Menianis
1505 2918 1532 2939 et
1545 2913 1792 2948 contignationibus
1811 2914 1894 2941 variis
1913 2914 1969 2940 alto
1985 2914 2069 2948 spatio
2083 2915 2181 2941 ¹multi-

53 2938 105 2969 exis
117 2938 293 2974 puellulisque
305 2939 450 2966 nobilibus.
493 2941 659 2976 Anteponere
680 2951 791 2969 coenam
805 2949 855 2978 pro
867 2943 1006 2978 Apponere
1019 2946 1059 2970 vi·
1123 2946 1242 2981 plicatis,
1264 2947 1380 2982 Populus
1395 2948 1530 2975 Romanus
1548 2950 1666 2984 egregias
1680 2948 1760 2975 habet
1778 2949 1832 2976 sine
1845 2949 2022 2984 impeditione
2035 2949 2180 2977 habitatio·

42 2976 100 3010 'mnf
110 2974 179 3002 modo
191 2983 217 3001 n.
231 2982 244 3007 3
268 2978 296 3001 in
315 2974 459 3008 Thyestea.
501 2977 650 3013 Apparare,
677 2988 702 3005 υ.
717 2979 743 3005 h.
760 2988 785 3005 v.
827 2979 966 3014 Apponere
988 2980 1059 3007 Ter.
1123 2991 1177 3009 nes.
1233 2982 1289 3009 Cic.
1304 2983 1337 3010 de
1351 2984 1381 3010 L.
1396 2984 1489 3019 Agrar.
1504 2993 1530 3017 2,
1543 2988 1579 3018 96
1597 2995 1619 3012 c.
1632 2992 1660 3017 35
1687 2989 1715 3010 in
1727 2988 1909 3020 comparatione
1926 2987 2016 3012 Romae
2035 2993 2058 3012 et
2072 2987 2180 3021 Capuae,

57 3007 124 3037 orm.
134 3018 161 3043 φ,
174 3018 196 3043 ι,
207 3015 248 3041 28.
318 3011 420 3046 Capere
433 3021 448 3038 e
462 3021 529 3048 rogo
563 3014 657 3041 Catul:
668 3022 710 3049 57,
727 3023 748 3046 3.
821 3014 951 3043 Claudere
965 3025 1059 3043 coenas
1074 3017 1106 3044 80
1123 3019 1237 3045 Romam
1251 3019 1280 3045 in
1296 3019 1433 3047 montibus
1447 3020 1559 3056 positam
1579 3027 1605 3047 et
1624 3019 1807 3053 conuallibus,
1826 3021 1975 3048 coenaculis
1995 3021 2126 3048 sublatam
2140 3028 2179 3049 at-

43 3046 115 3072 'citur
126 3045 210 3078 cibus,
228 3048 271 3081 qui
281 3049 310 3072 in
321 3055 394 3074 coma
401 3046 539 3082 pqsiremus
550 3053 701 3086 apponitur,
719 3057 748 3076 vt
767 3047 866 3076 lactuca
878 3051 973 3087 Jblcbat
992 3052 1060 3087 apud
1123 3063 1176 3090 que
1189 3055 1335 3090 suspensam
1370 3069 1415 3076 --
1451 3065 1515 3092 prae
1528 3057 1572 3083 sua
1586 3057 1677 3091 Capua
1692 3056 1838 3090 planiffimo
1851 3057 1881 3084 in
1892 3057 1954 3089 loco
1967 3057 2096 3092 explicata
2130 3072 2176 3081 —-

61 3088 128 3113 ‘re-‘2
144 3078 202 3113 “ste
213 3082 330 3121 Martias
371 3082 430 3109 Vid.
457 3089 474 3110 C
486 3091 627 3113 LAVDO.
665 3087 801 3118 Coenare,
820 3085 873 3113 vid.
892 3096 918 3114 n.
931 3095 944 3120 3
963 3088 1057 3121 Thye-
1122 3090 1289 3125 irridebunt,
1308 3097 1389 3127 atque
1400 3098 1579 3120 contemnent.
1651 3091 1771 3119 Macrob.
1787 3092 1837 3119 Sat.
1856 3102 1881 3126 i,
1894 3095 1912 3119 6
1944 3093 2012 3120 Puer
2032 3092 2064 3120 de
2082 3102 2177 3121 coena.

57 3124 79 3142 ῃ,
147 3114 295 3143 Condicere
306 3126 430 3149 coenam;
455 3125 482 3146 et
500 3120 540 3147 Ad
559 3131 683 3154 coenam,
708 3122 869 3155 denuntiare,
888 3123 917 3160 se
931 3127 1058 3151 conuiuam
1123 3126 1184 3153 culo
1204 3136 1329 3163 pompam
1349 3129 1461 3163 superne
1482 3128 1530 3154 des
1544 3127 1599 3154 icit.
1671 3127 1749 3162 Apul.
1768 3129 1834 3155 Met.
1857 3137 1874 3161 9
1898 3138 1923 3163 p.
1942 3130 2000 3162 236,
2017 3136 2049 3162 39
2074 3130 2178 3165 Meque

57 3158 148 3178 iturum
160 3153 242 3192 alteri.
311 3153 380 3180 Suet.
396 3153 464 3181 Tib.
479 3164 501 3182 c.
515 3165 551 3190 42
570 3158 652 3185 Sestio
666 3158 743 3185 Gallo
759 3166 869 3185 coenam
883 3168 913 3186 ea
925 3159 983 3196 lege
997 3170 1058 3187 con·
1123 3163 1254 3199 (quuitur
1266 3163 1332 3227 dise
1344 3174 1397 3191 cum
1411 3164 1493 3197 afinus
1506 3138 1583 3199 effit)
1614 3172 1661 3198 per
1668 3164 1745 3190 scalas
1759 3164 1919 3199 complicitis
1931 3164 2044 3199 pedibus
2057 3165 2086 3191 in
2101 3166 2177 3201 supe-

0 3195 17 3207 1·
48 3187 102 3219 xit,
121 3195 154 3214 ne
168 3185 234 3222 quid
245 3195 278 3213 ex
290 3189 476 3217 consuetudine
493 3191 646 3220 immutaret
663 3201 708 3220 aut
720 3193 845 3221 demeret.
886 3195 944 3222 Viti.
966 3203 983 3224 C
993 3203 1012 3224 o
1024 3203 1058 3222 N·
1075 3201 1105 3231 85
1123 3199 1179 3225 rius
1191 3208 1286 3227 coenae
1317 3210 1363 3227 um
1377 3200 1489 3227 attracio
1501 3205 1547 3226 etc.
1617 3200 1723 3226 Sueton.
1739 3200 1845 3234 August.
1859 3207 1894 3235 45
1923 3201 1980 3236 Ipse
1993 3201 2127 3228 Circenses
2142 3208 2177 3230 ex

48 3229 121 3250 leo.
191 3221 310 3250 condire
321 3233 430 3265 coenam
441 3227 570 3255 suauitate
599 3230 681 3257 Plaut.
697 3229 788 3256 Pseud.
802 3238 823 3262 3,
837 3238 862 3263 2,
877 3239 914 3264 91.
983 3232 1058 3260 Idem
1122 3235 1270 3263 amicorum
1288 3236 1345 3263 fere
1359 3235 1574 3270 libertorumque
1593 3235 1741 3262 coenaculis
1752 3235 1893 3270 spectabat.
1965 3237 2114 3265 Coenacula
2129 3236 2175 3263 illa

58 3264 93 3293 pt.
107 3267 130 3291 3,
148 3267 167 3289 i,
180 3267 213 3292 34
243 3258 279 3284 Vt
291 3259 360 3287 mihi
371 3269 464 3288 coenas
477 3262 566 3290 decem
578 3274 639 3292 meo
653 3265 783 3292 arbitratu
801 3266 887 3299 Dent,
904 3276 988 3302 quum
1001 3278 1061 3296 cara
1120 3271 1259 3299 incolebant
1275 3275 1399 3299 tenuiores
1417 3278 1441 3298 et
1459 3274 1486 3297 in
1505 3272 1588 3298 uilini.
1667 3272 1762 3298 quen.
1781 3271 1831 3299 Sat.
1851 3281 1891 3305 ιο,
1912 3277 1938 3303 18
1979 3271 2175 3300 Lateranorum

0 3302 3 3310 ’
34 3303 121 3321 ιιιοτιῑι
139 3294 178 3322 sit.
248 3294 466 3336 Dare-comitatis
488 3300 696 3335 exquisitissimae
714 3310 821 3328 coenam
842 3302 923 3330 alicui
948 3305 1017 3332 Suet.
1031 3305 1060 3332 in
1122 3306 1222 3334 obsidet
1239 3307 1315 3335 aedes
1356 3308 1433 3335 Tota
1452 3316 1484 3333 co
1505 3315 1565 3342 ονε,
1583 3315 1658 3334 rarus
1677 3307 1752 3334 venit
1772 3307 1800 3334 in
1814 3308 1955 3335 coenacula
1973 3308 2059 3335 miles.
2095 3311 2113 3335 τ’.
2127 3306 2173 3334 Ad

44 3329 117 3357 thon.
133 3338 184 3363 c.3.
221 3329 332 3364 Dignari
345 3331 461 3367 aliquem
474 3343 568 3362 coenae
579 3336 683 3364 honore
700 3338 770 3364 Suet.
781 3337 856 3372 Vesp.
869 3347 890 3364 c.
898 3347 919 3365 2.
954 3341 1058 3369 Ducere
1122 3344 1258 3378 inquilinos
1277 3351 1301 3371 et
1316 3350 1455 3380 pauperes,
1479 3346 1523 3379 qui
1540 3346 1568 3369 in
1589 3342 1726 3376 conducto,
1742 3343 1791 3378 fi‘b
1803 3346 1894 3381 tegulis
1905 3345 2030 3371 habitant.
2101 3344 2170 3370 Hor·

131 3386 142 3400 ,
165 3368 184 3392 i·
203 3365 338 3408 Deducta)
345 3367 478 3404 perficere,
493 3371 627 3409 tranfigere
648 3374 715 3400 Hor.
731 3373 761 3400 in
774 3373 838 3400 Arte
853 3374 925 3402 Po'e't.
939 3379 990 3412 376
1071 3385 1108 3410 90
1124 3378 1202 3413 Epist.
1217 3388 1236 3411 ι,
1249 3389 1270 3413 i,
1282 3388 1317 3413 90
1339 3378 1412 3413 Qid
1426 3387 1476 3414 pau
1497 3379 1542 3405 er?
1571 3378 1660 3405 viden’
1671 3384 1701 3405 vt
1720 3384 1804 3407 mutet
1816 3379 1957 3407 coenacula
1974 3388 2019 3407 etc.
2042 3382 2061 3406 i.
2077 3378 2106 3405 de
2119 3386 2170 3404 vno

173 3402 209 3428 Vt
222 3408 306 3436 gram
319 3409 388 3430 ”ster
399 3405 498 3432 mens-'³⁵
511 3406 670 3442 symphonia
683 3409 782 3436 discors
1120 3413 1242 3442 conduao
1260 3419 1352 3452 migret
1370 3418 1397 3441 in
1414 3416 1465 3441 aliu
1485 3434 1492 3441 .
1571 3414 1679 3441 Sueton.
1700 3414 1792 3442 Vitell.
1811 3422 1830 3451 7
1859 3416 1925 3443 Satis
1945 3413 2044 3442 constat
2062 3414 2170 3440 exituro

64 3475 65 3478 Ἴ
171 3437 204 3464 Εἴ
217 3438 325 3465 crassum
337 3447 517 3474 vnguentum,
533 3447 560 3469 et
573 3443 653 3472 Sardo
666 3454 725 3472 cum
739 3445 818 3471 melle
829 3454 943 3481 papauer
1121 3450 1251 3478 viaticum
1272 3451 1397 3482 defuisse,
1421 3456 1494 3477 tanta
1513 3449 1625 3485 egestate
1641 3449 1683 3476 rei
1700 3450 1858 3486 familiaris,
1883 3458 1912 3479 vt
1931 3460 2015 3478 vxore
2028 3456 2053 3476 et
2064 3449 2170 3489 liberis,

18 3511 28 3519 Α
70 3490 73 3492 ψ
119 3491 126 3502 .
149 3495 153 3498 -
172 3473 333 3508 Offendunt,
350 3476 529 3510 poteratDuci
546 3479 609 3514 quia
620 3490 701 3508 coena
715 3481 767 3507 sine
781 3481 845 3508 istis.
1123 3495 1189 3521 quos
1213 3488 1315 3515 Romae
1338 3485 1526 3521 relinquebat,
1547 3485 1690 3513 meritorio
1710 3488 1853 3514 coenaculo
1871 3487 1986 3519 abditis,
2011 3485 2118 3512 domum
2137 3492 2169 3510 m

10 3530 11 3534 ,
24 3535 27 3542 .
75 3507 154 3536 lieu-e
167 3508 288 3537 ordinem
301 3519 398 3538 coenae
417 3512 522 3539 Peri-on.
536 3522 558 3541 c.
569 3523 610 3548 92.
669 3517 764 3544 Facere
778 3525 888 3543 coenam
914 3519 971 3546 Cic.
986 3520 1058 3548 Fam.
1121 3522 1252 3559 reliquam
1266 3528 1368 3558 partem
1387 3522 1449 3548 anni
1466 3521 1608 3548 ablocaret.
1663 3522 1704 3549 sic
1715 3522 1799 3550 Αὲὶοι·
1818 3523 1952 3550 Plautinus
1966 3520 2059 3555 Amph.
2079 3528 2103 3552 3,
2119 3528 2140 3552 1,
2152 3527 2167 3552 3

15 3558 19 3583 ἶ
53 3545 113 3584 .¹¹.⁶·
183 3545 332 3580 Impefflfer
355 3547 490 3581 Indicefes
509 3549 638 3578 Instruere
651 3552 787 3586 oleribus,
807 3553 929 3588 Largiri‚
952 3565 978 3582 v·
985 3555 1019 3590 ff.
1033 3557 1059 3585 ll.
1074 3563 1106 3589 93
1121 3559 1153 3584 In
1165 3559 1300 3594 superiore
1311 3558 1359 3593 qui
1376 3556 1470 3584 habito
1489 3556 1633 3584 coenaculo
1652 3564 1676 3584 et
1694 3558 1847 3621 caehmiffic
1866 3557 1981 3591 indit-fib
2002 3556 2116 3588 videtur,
2137 3561 2169 3582 υε

52 3578 187 3607 inisti-atur
197 3583 376 3622 coena-tribus
397 3583 542 3616 (ati-ibus)
562 3587 650 3620 pueris
669 3588 737 3615 Hor.
750 3589 832 3616 Serm.
849 3597 870 3622 1,
883 3591 910 3622 6,
925 3593 975 3617 116.
1004 3592 1059 3619 Ob-
1121 3594 1219 3622 Ennius
1232 3593 1378 3622 Caenacula
1393 3593 1508 3619 maxima
1523 3592 1606 3626 caeli,
1625 3594 1745 3630 effictam,
1767 3605 1781 3621 a
1810 3598 1878 3627 oris,
1893 3598 2071 3629 paupertatem.
2093 3591 2168 3626 Saepe

23 3630 26 3633 -
68 3634 77 3648 ‚
96 3615 205 3648 Parare,
223 3616 288 3652 mſj.
301 3619 327 3645 ll.
363 3619 546 3655 Suet.August.
558 3630 579 3648 c.
588 3629 625 3657 74
648 3623 767 3650 Coenam
779 3624 861 3652 ternis
873 3625 991 3660 ferculis,
1005 3634 1060 3660 aut,
1121 3629 1151 3656 de
1162 3629 1206 3657 hoc
1218 3640 1305 3668 genere
1319 3629 1530 3657 coenaculorum
1545 3629 1610 3655 lCti.
1630 3639 1655 3656 υ.
1668 3639 1696 3666 g.
1767 3631 1828 3665 le.
1843 3631 1872 3657 in
1884 3629 1900 3655 l.
1914 3628 1940 3654 Si
1954 3635 2027 3653 vcro.
2040 3623 2063 3663 §-
2077 3625 2125 3652 Sed
2139 3631 2167 3653 et

57 3658 103 3677 um
127 3649 357 3692 abundantissime,
382 3656 449 3682 senis
475 3656 636 3691 Praebebat,
662 3665 692 3684 vt
717 3667 772 3685 non
796 3659 882 3686 nimio
901 3661 1001 3696 sumtu,
1022 3665 1060 3691 ita
1122 3665 1141 3692 si
1161 3666 1219 3701 quis
1240 3665 1450 3693 coenaculariam
1470 3672 1603 3691 exercens.
1623 3665 1657 3692 D.
1677 3665 1709 3692 de
1727 3665 1769 3692 his
1788 3666 1835 3701 qui
1853 3665 1965 3692 deiecer.
1986 3661 2028 3688 vel
2054 3661 2165 3689 effuder.

15 3715 18 3718 ⁴
79 3693 121 3712 ma
136 3692 268 3715 comitate.
337 3690 484 3719 Producere
504 3692 618 3723 iucunde
635 3693 704 3721 Hor.
723 3694 806 3721 Serm.
821 3704 840 3726 i,
854 3703 877 3728 ς,
889 3703 933 3732 70.
1002 3700 1060 3726 Cic.
1122 3693 1204 3736 Quod
1215 3702 1235 3730 si
1246 3711 1278 3729 ex
1290 3701 1414 3728 mediano
1427 3700 1563 3727 caenaculi
1577 3700 1642 3735 quid
1656 3701 1789 3728 deieeium
1803 3700 1848 3731 sit,
1866 3699 1956 3726 verius
1973 3697 2012 3738 5st.
2024 3705 2117 3724 omnes
2127 3703 2166 3723 te-

58 3729 92 3747 m·
105 3723 175 3762 92-16
197 3722 255 3750 Nec
266 3730 354 3754 tamen
367 3737 410 3755 eas
420 3737 514 3755 coenas
527 3730 647 3764 Qiaero,
665 3735 694 3756 vt
707 3738 817 3764 magnae
836 3731 967 3767 reliquiae
980 3734 1044 3762 fiant
1053 3745 1113 3765 :too
1120 3738 1188 3764 neri.
1257 3737 1331 3765 Idem
1344 3736 1373 3763 in
1385 3736 1402 3762 l.
1417 3735 1568 3763 Saccularii.
1582 3737 1614 3763 D.
1628 3736 1660 3763 de
1673 3735 1896 3764 Extraordinariis
1906 3732 2081 3765 criminibus,
2097 3733 2165 3773 Item

11 3759 14 3766 '
36 3755 94 3782 'lod
102 3762 173 3799 frit,
196 3760 362 3799 magnificum
373 3763 403 3791 sit
415 3770 442 3792 et
460 3764 571 3792 lautum.
768 3763 790 3804 ff
808 3773 820 3800 5
857 3768 906 3794 Pro
919 3774 1060 3798 comotione
1120 3773 1168 3808 qui
1181 3774 1305 3801 diaetarii
1323 3771 1505 3807 appellantur,
1523 3771 1575 3799 hoc
1593 3772 1630 3800 est
1647 3772 1679 3805 ii,
1691 3773 1739 3807 qui
1756 3773 1784 3798 in
1797 3771 1882 3797 aliena
1902 3767 2042 3795 coenacula
2059 3770 2085 3795 sc
2098 3768 2164 3794 diri-

55 3792 182 3832 Trgclmw
193 3793 267 3833 slin-
283 3804 311 3823 η
323 3797 342 3824 s.
353 3806 368 3831 ς
386 3799 414 3826 de
427 3803 525 3838 ingenti
533 3802 654 3837 platano,
670 3801 743 3829 aliud
757 3802 908 3838 exemplum
915 3805 974 3832 Caii
987 3807 1059 3841 prin.
1120 3815 1185 3844 gunt
1198 3808 1306 3837 furandi
1319 3808 1426 3841 animo,
1445 3807 1504 3842 plus
1516 3817 1597 3843 quam
1610 3809 1683 3835 fures
1696 3806 1823 3842 puniendi
1835 3806 1901 3832 sunt.
1939 3805 1980 3832 Sic
1992 3804 2047 3845 ¹2¹¹
2065 3801 2089 3840 §.
2103 3811 2116 3836 ς
2134 3801 2163 3829 ff-

65 3835 86 3852 is
98 3834 129 3852 m
139 3827 278 3865 Veliterno
289 3840 352 3859 rure
363 3835 454 3864 mirati
468 3837 545 3863 vnius
559 3837 690 3871 tabulata,
717 3838 835 3874 laxisque
854 3848 989 3868 ramorum
1007 3848 1058 3869 tra-
1071 3852 1074 3853 ⁷
1120 3845 1153 3872 de
1167 3845 1271 3880 pignor.
1284 3843 1333 3871 aet.
1369 3844 1401 3870 In
1414 3851 1472 3870 eam
1491 3843 1616 3871 duntaxat
1628 3844 1761 3870 Summam
1778 3841 1884 3868 inuecta
1895 3847 1953 3867 mea
1969 3846 1995 3867 et
2008 3839 2080 3866 illata
2093 3845 2163 3877 tene·

10 3875 13 3878 ⁴
53 3861 102 3888 bus
119 3861 220 3891 ‘cmm
235 3867 336 3901 Paula,
355 3875 382 3897 et
400 3871 429 3898 in
448 3873 610 3913 eaepulati,
630 3883 713 3909 quum
728 3875 782 3909 ipse
794 3883 854 3909 pars
866 3875 926 3903 eliz-t
937 3877 1058 3912 vmbrae,
1119 3880 1235 3914 buntur,
1255 3880 1284 3906 in
1296 3888 1376 3914 quam
1391 3879 1563 3906 coenaculum
1576 3879 1702 3906 conduxi.
1773 3879 1821 3904 Per
1833 3874 1975 3903 coenacula
1994 3874 2102 3902 domum
2123 3872 2162 3897 di-

46 3896 363 3944 ἸῙιίηεῑεέἰῃιτι·ωιιιιίιιαιηιιι
374 3913 405 3932 ac
422 3907 567 3945 miiustqii
583 3918 676 3946 capace
686 3910 828 3945 triclinio,
848 3918 930 3947 quam
947 3920 1055 3944 coenam
1067 3917 1212 3947 tea-videre
1228 3915 1334 3952 leian.
1347 3915 1377 3941 in
1389 3914 1407 3941 1.
1428 3915 1457 3942 Si
1468 3915 1543 3943 cuius
1554 3915 1610 3946 rei.
1627 3913 1654 3953 §.
1675 3915 1746 3944 item
1756 3911 1776 3941 fi
1788 3912 1882 3941 domus
1895 3912 1928 3940 D.
1940 3910 1974 3938 de
1986 3907 2121 3938 vsufruftu
2134 3910 2161 3931 et

43 3932 162 3968 wellam
171 3933 219 3962 ille
234 3937 335 3967 mdum.
1096 3935 1112 3954 ²
1313 3952 1330 3980 6
1356 3950 1385 3980 H
1418 3958 1437 3980 ἢ
2038 3939 2158 3978 quemad.
