<?xml version="1.0" encoding="UTF-8"?>
<!DOCTYPE html PUBLIC "-//W3C//DTD XHTML 1.0 Transitional//EN"
    "http://www.w3.org/TR/xhtml1/DTD/xhtml1-transitional.dtd">
<html xmlns="http://www.w3.org/1999/xhtml" xml:lang="en" lang="en">
 <head>
  <title>
</title>
<meta http-equiv="Content-Type" content="text/html;charset=utf-8" />
  <meta name='ocr-system' content='tesseract 3.04.00' />
  <meta name='ocr-capabilities' content='ocr_page ocr_carea ocr_par ocr_line ocrx_word'/>
</head>
<body>
  <div class='ocr_page' id='page_1' title='image "./lta-11000/novuslinguaeeter01gesn/novuslinguaeeter01gesn_0473.png"; bbox 0 0 2474 4182; ppageno 0'>
   <div class='ocr_carea' id='block_1_1' title="bbox 45 131 2176 194">
    <p class='ocr_par' dir='ltr' id='par_1_1' title="bbox 45 131 2176 194">
     <span class='ocr_line' id='line_1_1' title="bbox 45 131 2176 194; baseline -0.002 -18"><span class='ocrx_word' id='word_1_1' title='bbox 45 153 96 194; x_wconf 72' lang='lat'>³41</span> <span class='ocrx_word' id='word_1_2' title='bbox 403 133 651 177; x_wconf 80' lang='lat' dir='ltr'>cEN</span> <span class='ocrx_word' id='word_1_3' title='bbox 1516 131 1773 172; x_wconf 85' lang='lat' dir='ltr'>CEN</span> <span class='ocrx_word' id='word_1_4' title='bbox 2104 148 2176 191; x_wconf 72' lang='lat'>342</span> 
     </span>
    </p>
   </div>
   <div class='ocr_carea' id='block_1_2' title="bbox 45 215 2219 261">
    <p class='ocr_par' dir='ltr' id='par_1_2' title="bbox 45 215 2219 261">
     <span class='ocr_line' id='line_1_2' title="bbox 45 215 2219 261; baseline -0.001 -4"><span class='ocrx_word' id='word_1_5' title='bbox 45 233 89 258; x_wconf 76' lang='lat' dir='ltr'>lice</span> <span class='ocrx_word' id='word_1_6' title='bbox 109 229 182 256; x_wconf 87' lang='lat' dir='ltr'>tenui</span> <span class='ocrx_word' id='word_1_7' title='bbox 198 233 224 255; x_wconf 80' lang='lat' dir='ltr'>et</span> <span class='ocrx_word' id='word_1_8' title='bbox 242 228 400 261; x_wconf 84' lang='lat' dir='ltr'>superuacua</span> <span class='ocrx_word' id='word_1_9' title='bbox 419 225 550 260; x_wconf 81' lang='lat' dir='ltr'>(inutili)</span> <span class='ocrx_word' id='word_1_10' title='bbox 568 225 642 250; x_wconf 89' lang='lat' dir='ltr'>succo</span> <span class='ocrx_word' id='word_1_11' title='bbox 661 220 767 252; x_wconf 78' lang='lat' dir='ltr'>efficax,</span> <span class='ocrx_word' id='word_1_12' title='bbox 791 225 837 245; x_wconf 84' lang='lat' dir='ltr'>etc.</span> <span class='ocrx_word' id='word_1_13' title='bbox 878 219 895 244; x_wconf 85' lang='lat' dir='ltr'>s.</span> <span class='ocrx_word' id='word_1_14' title='bbox 916 227 942 250; x_wconf 76' lang='lat'>32</span> <span class='ocrx_word' id='word_1_15' title='bbox 969 217 1068 244; x_wconf 86' lang='lat' dir='ltr'>Tertia</span> <span class='ocrx_word' id='word_1_16' title='bbox 1132 225 1184 251; x_wconf 88' lang='lat' dir='ltr'>que</span> <span class='ocrx_word' id='word_1_17' title='bbox 1198 216 1254 241; x_wconf 86' lang='lat' dir='ltr'>eius</span> <span class='ocrx_word' id='word_1_18' title='bbox 1269 215 1468 248; x_wconf 80' lang='lat' dir='ltr'>inueterati,vel</span> <span class='ocrx_word' id='word_1_19' title='bbox 1482 220 1594 253; x_wconf 80' lang='lat' dir='ltr'>genitale</span> <span class='ocrx_word' id='word_1_20' title='bbox 1609 221 1689 248; x_wconf 82' lang='lat' dir='ltr'>maris</span> <span class='ocrx_word' id='word_1_21' title='bbox 1705 220 1853 249; x_wconf 75' lang='lat' dir='ltr'>salutariter</span> <span class='ocrx_word' id='word_1_22' title='bbox 1865 222 1960 250; x_wconf 86' lang='lat' dir='ltr'>dantur</span> <span class='ocrx_word' id='word_1_23' title='bbox 1972 225 2000 252; x_wconf 87' lang='lat' dir='ltr'>in</span> <span class='ocrx_word' id='word_1_24' title='bbox 2011 227 2084 254; x_wconf 88' lang='lat' dir='ltr'>vino.</span> <span class='ocrx_word' id='word_1_25' title='bbox 2111 230 2177 256; x_wconf 79' lang='lat' dir='ltr'>Item</span> <span class='ocrx_word' id='word_1_26' title='bbox 2206 248 2219 258; x_wconf 69' lang='grc'>,</span> 
     </span>
    </p>
   </div>
   <div class='ocr_carea' id='block_1_3' title="bbox 0 289 94 3881">
    <p class='ocr_par' dir='ltr' id='par_1_3' title="bbox 0 289 94 3881">
     <span class='ocr_line' id='line_1_3' title="bbox 38 289 40 380; baseline 0 -31"><span class='ocrx_word' id='word_1_27' title='bbox 38 289 40 380; x_wconf 95' lang='lat' dir='ltr'>  </span> 
     </span>
     <span class='ocr_line' id='line_1_4' title="bbox 38 380 44 524; baseline 0 -19"><span class='ocrx_word' id='word_1_28' title='bbox 38 380 44 524; x_wconf 95' lang='lat' dir='ltr'>    </span> 
     </span>
     <span class='ocr_line' id='line_1_5' title="bbox 35 524 45 636; baseline 0 -10"><span class='ocrx_word' id='word_1_29' title='bbox 35 524 45 636; x_wconf 95' lang='lat' dir='ltr'>     </span> 
     </span>
     <span class='ocr_line' id='line_1_6' title="bbox 35 636 44 667; baseline 0 3515"><span class='ocrx_word' id='word_1_30' title='bbox 35 636 44 667; x_wconf 95' lang='lat' dir='ltr'> </span> 
     </span>
     <span class='ocr_line' id='line_1_7' title="bbox 32 744 57 841; baseline 0 -26"><span class='ocrx_word' id='word_1_31' title='bbox 32 744 57 841; x_wconf 95' lang='lat' dir='ltr'>   </span> 
     </span>
     <span class='ocr_line' id='line_1_8' title="bbox 35 853 51 922; baseline 0 0"><span class='ocrx_word' id='word_1_32' title='bbox 35 853 51 922; x_wconf 95' lang='lat' dir='ltr'>   </span> 
     </span>
     <span class='ocr_line' id='line_1_9' title="bbox 38 922 56 1022; baseline 0 0"><span class='ocrx_word' id='word_1_33' title='bbox 38 922 56 1022; x_wconf 95' lang='lat' dir='ltr'>   </span> 
     </span>
     <span class='ocr_line' id='line_1_10' title="bbox 36 1030 60 1157; baseline 0 0"><span class='ocrx_word' id='word_1_34' title='bbox 36 1030 60 1157; x_wconf 95' lang='lat' dir='ltr'>    </span> 
     </span>
     <span class='ocr_line' id='line_1_11' title="bbox 34 1159 64 1240; baseline 0.033 -1"><span class='ocrx_word' id='word_1_35' title='bbox 34 1159 64 1240; x_wconf 95' lang='lat' dir='ltr'>   </span> 
     </span>
     <span class='ocr_line' id='line_1_12' title="bbox 34 1240 56 1381; baseline 0 -73"><span class='ocrx_word' id='word_1_36' title='bbox 34 1240 56 1381; x_wconf 95' lang='lat' dir='ltr'>    </span> 
     </span>
     <span class='ocr_line' id='line_1_13' title="bbox 34 1381 58 1529; baseline 0 0"><span class='ocrx_word' id='word_1_37' title='bbox 34 1381 58 1529; x_wconf 95' lang='lat' dir='ltr'>    </span> 
     </span>
     <span class='ocr_line' id='line_1_14' title="bbox 34 1529 59 1587; baseline 0.12 -26"><span class='ocrx_word' id='word_1_38' title='bbox 34 1529 59 1587; x_wconf 95' lang='lat' dir='ltr'>   </span> 
     </span>
     <span class='ocr_line' id='line_1_15' title="bbox 34 1587 44 1706; baseline 0 -34"><span class='ocrx_word' id='word_1_39' title='bbox 34 1587 44 1706; x_wconf 95' lang='lat' dir='ltr'>    </span> 
     </span>
     <span class='ocr_line' id='line_1_16' title="bbox 0 1706 50 1777; baseline 0.06 -38"><span class='ocrx_word' id='word_1_40' title='bbox 0 1706 50 1777; x_wconf 95' lang='lat' dir='ltr'>   </span> 
     </span>
     <span class='ocr_line' id='line_1_17' title="bbox 0 1777 49 1848; baseline 0 0"><span class='ocrx_word' id='word_1_41' title='bbox 0 1777 49 1848; x_wconf 95' lang='lat' dir='ltr'>  </span> 
     </span>
     <span class='ocr_line' id='line_1_18' title="bbox 0 1848 55 1917; baseline 0 -9"><span class='ocrx_word' id='word_1_42' title='bbox 0 1848 55 1917; x_wconf 95' lang='lat' dir='ltr'>   </span> 
     </span>
     <span class='ocr_line' id='line_1_19' title="bbox 0 1917 43 1990; baseline 0 0"><span class='ocrx_word' id='word_1_43' title='bbox 0 1917 43 1990; x_wconf 95' lang='lat' dir='ltr'>  </span> 
     </span>
     <span class='ocr_line' id='line_1_20' title="bbox 0 1990 54 2100; baseline 0 -38"><span class='ocrx_word' id='word_1_44' title='bbox 0 1990 54 2100; x_wconf 95' lang='lat' dir='ltr'>     </span> 
     </span>
     <span class='ocr_line' id='line_1_21' title="bbox 0 2100 49 2170; baseline 0 -41"><span class='ocrx_word' id='word_1_45' title='bbox 0 2100 49 2170; x_wconf 95' lang='lat' dir='ltr'>   </span> 
     </span>
     <span class='ocr_line' id='line_1_22' title="bbox 0 2170 45 2272; baseline 0 -33"><span class='ocrx_word' id='word_1_46' title='bbox 0 2170 45 2272; x_wconf 95' lang='lat' dir='ltr'>   </span> 
     </span>
     <span class='ocr_line' id='line_1_23' title="bbox 0 2275 45 2384; baseline 0 -32"><span class='ocrx_word' id='word_1_47' title='bbox 0 2275 45 2384; x_wconf 95' lang='lat' dir='ltr'>   </span> 
     </span>
     <span class='ocr_line' id='line_1_24' title="bbox 0 2384 46 2417; baseline 0 -2"><span class='ocrx_word' id='word_1_48' title='bbox 0 2384 46 2417; x_wconf 95' lang='lat' dir='ltr'>  </span> 
     </span>
     <span class='ocr_line' id='line_1_25' title="bbox 0 2417 42 2562; baseline 0 -73"><span class='ocrx_word' id='word_1_49' title='bbox 0 2417 42 2562; x_wconf 95' lang='lat' dir='ltr'>    </span> 
     </span>
     <span class='ocr_line' id='line_1_26' title="bbox 0 2562 46 2667; baseline 0 -30"><span class='ocrx_word' id='word_1_50' title='bbox 0 2562 46 2667; x_wconf 95' lang='lat' dir='ltr'>   </span> 
     </span>
     <span class='ocr_line' id='line_1_27' title="bbox 0 2669 48 2809; baseline 0 -75"><span class='ocrx_word' id='word_1_51' title='bbox 0 2669 48 2809; x_wconf 95' lang='lat' dir='ltr'>   </span> 
     </span>
     <span class='ocr_line' id='line_1_28' title="bbox 34 2815 55 2925; baseline 0 -10"><span class='ocrx_word' id='word_1_52' title='bbox 34 2815 55 2925; x_wconf 95' lang='lat' dir='ltr'>   </span> 
     </span>
     <span class='ocr_line' id='line_1_29' title="bbox 35 2925 53 2996; baseline 0 -43"><span class='ocrx_word' id='word_1_53' title='bbox 35 2925 53 2996; x_wconf 95' lang='lat' dir='ltr'>  </span> 
     </span>
     <span class='ocr_line' id='line_1_30' title="bbox 0 2996 58 3134; baseline 0 -29"><span class='ocrx_word' id='word_1_54' title='bbox 0 2996 58 3134; x_wconf 95' lang='lat' dir='ltr'>    </span> 
     </span>
     <span class='ocr_line' id='line_1_31' title="bbox 0 3134 54 3323; baseline 0 -51"><span class='ocrx_word' id='word_1_55' title='bbox 0 3134 54 3323; x_wconf 95' lang='lat' dir='ltr'>     </span> 
     </span>
     <span class='ocr_line' id='line_1_32' title="bbox 0 3323 55 3381; baseline 0.018 -1"><span class='ocrx_word' id='word_1_56' title='bbox 0 3323 55 3381; x_wconf 95' lang='lat' dir='ltr'>   </span> 
     </span>
     <span class='ocr_line' id='line_1_33' title="bbox 0 3381 82 3491; baseline 0 -34"><span class='ocrx_word' id='word_1_57' title='bbox 0 3381 82 3491; x_wconf 95' lang='lat' dir='ltr'>    </span> 
     </span>
     <span class='ocr_line' id='line_1_34' title="bbox 0 3491 82 3590; baseline 0 0"><span class='ocrx_word' id='word_1_58' title='bbox 0 3491 82 3590; x_wconf 95' lang='lat' dir='ltr'>   </span> 
     </span>
     <span class='ocr_line' id='line_1_35' title="bbox 0 3590 68 3713; baseline 0 -39"><span class='ocrx_word' id='word_1_59' title='bbox 0 3590 68 3713; x_wconf 95' lang='lat' dir='ltr'>    </span> 
     </span>
     <span class='ocr_line' id='line_1_36' title="bbox 0 3713 60 3814; baseline 0 -31"><span class='ocrx_word' id='word_1_60' title='bbox 0 3713 60 3814; x_wconf 95' lang='lat' dir='ltr'>   </span> 
     </span>
     <span class='ocr_line' id='line_1_37' title="bbox 0 3814 94 3881; baseline 0.021 -2"><span class='ocrx_word' id='word_1_61' title='bbox 0 3814 94 3881; x_wconf 95' lang='lat' dir='ltr'>   </span> 
     </span>
    </p>
   </div>
   <div class='ocr_carea' id='block_1_4' title="bbox 41 253 2182 512">
    <p class='ocr_par' dir='ltr' id='par_1_4' title="bbox 45 253 1667 295">
     <span class='ocr_line' id='line_1_38' title="bbox 45 253 1667 295; baseline -0.006 -3"><span class='ocrx_word' id='word_1_62' title='bbox 45 267 69 293; x_wconf 90' lang='lat' dir='ltr'>·st</span> <span class='ocrx_word' id='word_1_63' title='bbox 81 264 231 295; x_wconf 87' lang='lat' dir='ltr'>Centauris,</span> <span class='ocrx_word' id='word_1_64' title='bbox 251 263 303 288; x_wconf 78' lang='lat' dir='ltr'>vid.</span> <span class='ocrx_word' id='word_1_65' title='bbox 317 272 372 288; x_wconf 74' lang='lat' dir='ltr'>mox</span> <span class='ocrx_word' id='word_1_66' title='bbox 386 263 411 288; x_wconf 87' lang='lat' dir='ltr'>h.</span> <span class='ocrx_word' id='word_1_67' title='bbox 427 272 453 289; x_wconf 80' lang='grc' dir='ltr'>υ.</span> <span class='ocrx_word' id='word_1_68' title='bbox 511 259 580 287; x_wconf 82' lang='lat' dir='ltr'>Add.</span> <span class='ocrx_word' id='word_1_69' title='bbox 597 258 633 284; x_wconf 87' lang='lat' dir='ltr'>ib.</span> <span class='ocrx_word' id='word_1_70' title='bbox 649 267 669 283; x_wconf 92' lang='lat' dir='ltr'>c.</span> <span class='ocrx_word' id='word_1_71' title='bbox 683 262 696 286; x_wconf 89' lang='lat'>8</span> <span class='ocrx_word' id='word_1_72' title='bbox 715 263 739 281; x_wconf 75' lang='lat' dir='ltr'>et</span> <span class='ocrx_word' id='word_1_73' title='bbox 753 258 793 286; x_wconf 84' lang='lat'>26,</span> <span class='ocrx_word' id='word_1_74' title='bbox 808 264 836 288; x_wconf 83' lang='lat'>¹4</span> <span class='ocrx_word' id='word_1_75' title='bbox 857 262 879 280; x_wconf 79' lang='lat' dir='ltr'>ct</span> <span class='ocrx_word' id='word_1_76' title='bbox 897 263 929 287; x_wconf 64' lang='grc' dir='ltr'>ις,</span> <span class='ocrx_word' id='word_1_77' title='bbox 1001 255 1068 280; x_wconf 78' lang='lat' dir='ltr'>Cen·</span> <span class='ocrx_word' id='word_1_78' title='bbox 1132 259 1234 282; x_wconf 79' lang='lat' dir='ltr'>venter,</span> <span class='ocrx_word' id='word_1_79' title='bbox 1248 260 1327 291; x_wconf 65' lang='lat' dir='ltr'>quem</span> <span class='ocrx_word' id='word_1_80' title='bbox 1342 253 1555 292; x_wconf 63' lang='lat' dir='ltr'>centipellionem</span> <span class='ocrx_word' id='word_1_81' title='bbox 1565 264 1667 284; x_wconf 76' lang='lat' dir='ltr'>vocant.</span> 
     </span>
    </p>

    <p class='ocr_par' dir='ltr' id='par_1_5' title="bbox 41 288 2179 444">
     <span class='ocr_line' id='line_1_39' title="bbox 45 288 2177 332; baseline -0.007 -4"><span class='ocrx_word' id='word_1_82' title='bbox 45 302 113 329; x_wconf 86' lang='lat' dir='ltr'>aurii</span> <span class='ocrx_word' id='word_1_83' title='bbox 130 301 215 327; x_wconf 87' lang='lat' dir='ltr'>succus</span> <span class='ocrx_word' id='word_1_84' title='bbox 233 298 352 324; x_wconf 85' lang='lat' dir='ltr'>Scribon.</span> <span class='ocrx_word' id='word_1_85' title='bbox 365 306 424 332; x_wconf 90' lang='lat'>227.</span> <span class='ocrx_word' id='word_1_86' title='bbox 497 297 555 323; x_wconf 85' lang='lat' dir='ltr'>Flos</span> <span class='ocrx_word' id='word_1_87' title='bbox 571 293 639 320; x_wconf 90' lang='lat' dir='ltr'>Ibid.</span> <span class='ocrx_word' id='word_1_88' title='bbox 711 291 816 323; x_wconf 78' lang='lat' dir='ltr'>Festus,</span> <span class='ocrx_word' id='word_1_89' title='bbox 836 290 1000 317; x_wconf 74' lang='lat' dir='ltr'>Centaurion</span> <span class='ocrx_word' id='word_1_90' title='bbox 1015 299 1067 316; x_wconf 90' lang='lat' dir='ltr'>me-</span> <span class='ocrx_word' id='word_1_91' title='bbox 1170 295 1186 314; x_wconf 72' lang='lat' dir='ltr'>(J</span> <span class='ocrx_word' id='word_1_92' title='bbox 1196 295 1212 313; x_wconf 84' lang='lat' dir='ltr'>E</span> <span class='ocrx_word' id='word_1_93' title='bbox 1222 294 1289 328; x_wconf 79' lang='lat' dir='ltr'>N&#39;ri</span> <span class='ocrx_word' id='word_1_94' title='bbox 1304 294 1318 312; x_wconf 81' lang='lat' dir='ltr'>P</span> <span class='ocrx_word' id='word_1_95' title='bbox 1330 294 1367 313; x_wconf 73' lang='lat' dir='ltr'>Es</span> <span class='ocrx_word' id='word_1_96' title='bbox 1378 307 1385 319; x_wconf 93' lang='lat'>,</span> <span class='ocrx_word' id='word_1_97' title='bbox 1404 288 1468 314; x_wconf 67' lang='grc' dir='ltr'><em>ζὼς.</em></span> <span class='ocrx_word' id='word_1_98' title='bbox 1506 291 1524 315; x_wconf 90' lang='lat' dir='ltr'>f.</span> <span class='ocrx_word' id='word_1_99' title='bbox 1561 292 1742 327; x_wconf 61' lang='grc' dir='ltr'>[ἕκατόμπνς]</span> <span class='ocrx_word' id='word_1_100' title='bbox 1779 293 1860 329; x_wconf 70' lang='lat' dir='ltr'>Piscis</span> <span class='ocrx_word' id='word_1_101' title='bbox 1875 292 1907 327; x_wconf 75' lang='lat' dir='ltr'>est</span> <span class='ocrx_word' id='word_1_102' title='bbox 1922 296 1971 320; x_wconf 72' lang='lat' dir='ltr'>also</span> <span class='ocrx_word' id='word_1_103' title='bbox 1985 299 2078 323; x_wconf 60' lang='lat' dir='ltr'>„mm-m.</span> <span class='ocrx_word' id='word_1_104' title='bbox 2090 299 2177 326; x_wconf 83' lang='lat' dir='ltr'>Scolo-</span> 
     </span>
     <span class='ocr_line' id='line_1_40' title="bbox 43 321 2178 365; baseline -0.003 -1"><span class='ocrx_word' id='word_1_105' title='bbox 43 339 203 364; x_wconf 85' lang='lat' dir='ltr'>licamentum</span> <span class='ocrx_word' id='word_1_106' title='bbox 222 343 236 360; x_wconf 79' lang='lat' dir='ltr'>a</span> <span class='ocrx_word' id='word_1_107' title='bbox 250 334 369 361; x_wconf 80' lang='lat' dir='ltr'>Chirone</span> <span class='ocrx_word' id='word_1_108' title='bbox 388 340 512 360; x_wconf 78' lang='lat' dir='ltr'>centauro</span> <span class='ocrx_word' id='word_1_109' title='bbox 529 331 678 357; x_wconf 82' lang='lat' dir='ltr'>inuentum.</span> <span class='ocrx_word' id='word_1_110' title='bbox 742 328 824 353; x_wconf 81' lang='lat' dir='ltr'>Marc.</span> <span class='ocrx_word' id='word_1_111' title='bbox 838 327 936 361; x_wconf 77' lang='lat' dir='ltr'>Empir.</span> <span class='ocrx_word' id='word_1_112' title='bbox 953 335 975 357; x_wconf 80' lang='lat'>3¹</span> <span class='ocrx_word' id='word_1_113' title='bbox 1001 326 1068 352; x_wconf 85' lang='lat' dir='ltr'>Cen·</span> <span class='ocrx_word' id='word_1_114' title='bbox 1133 323 1231 358; x_wconf 88' lang='lat' dir='ltr'>pendra</span> <span class='ocrx_word' id='word_1_115' title='bbox 1245 321 1337 348; x_wconf 56' lang='lat' dir='ltr'>dicius.</span> <span class='ocrx_word' id='word_1_116' title='bbox 1375 323 1565 358; x_wconf 85' lang='lat' dir='ltr'>Scolopendrae</span> <span class='ocrx_word' id='word_1_117' title='bbox 1579 329 1745 355; x_wconf 73' lang='lat' dir='ltr'>terrestribus</span> <span class='ocrx_word' id='word_1_118' title='bbox 1758 329 1871 362; x_wconf 85' lang='lat' dir='ltr'>similes,</span> <span class='ocrx_word' id='word_1_119' title='bbox 1891 338 1955 365; x_wconf 87' lang='lat' dir='ltr'>quas</span> <span class='ocrx_word' id='word_1_120' title='bbox 1972 332 2125 365; x_wconf 73' lang='lat' dir='ltr'>Centipedes</span> <span class='ocrx_word' id='word_1_121' title='bbox 2133 345 2178 361; x_wconf 83' lang='lat' dir='ltr'>vo.</span> 
     </span>
     <span class='ocr_line' id='line_1_41' title="bbox 44 358 2179 403; baseline -0.004 -4"><span class='ocrx_word' id='word_1_122' title='bbox 44 372 116 400; x_wconf 84' lang='lat' dir='ltr'>aurei</span> <span class='ocrx_word' id='word_1_123' title='bbox 130 370 198 398; x_wconf 87' lang='lat' dir='ltr'>succi</span> <span class='ocrx_word' id='word_1_124' title='bbox 233 385 278 389; x_wconf 91' lang='lat'>—</span> <span class='ocrx_word' id='word_1_125' title='bbox 314 371 385 396; x_wconf 89' lang='lat' dir='ltr'>Haec</span> <span class='ocrx_word' id='word_1_126' title='bbox 397 368 481 396; x_wconf 88' lang='lat' dir='ltr'>herba</span> <span class='ocrx_word' id='word_1_127' title='bbox 492 366 583 393; x_wconf 83' lang='lat' dir='ltr'>Latine</span> <span class='ocrx_word' id='word_1_128' title='bbox 597 363 632 390; x_wconf 84' lang='lat' dir='ltr'>fel</span> <span class='ocrx_word' id='word_1_129' title='bbox 646 370 732 389; x_wconf 83' lang='lat' dir='ltr'>terrae</span> <span class='ocrx_word' id='word_1_130' title='bbox 747 362 854 389; x_wconf 83' lang='lat' dir='ltr'>dicitur.</span> <span class='ocrx_word' id='word_1_131' title='bbox 909 364 1068 393; x_wconf 77' lang='lat' dir='ltr'>Centaurea,</span> <span class='ocrx_word' id='word_1_132' title='bbox 1092 365 1105 392; x_wconf 79' lang='grc' dir='ltr'><em>ς</em></span> <span class='ocrx_word' id='word_1_133' title='bbox 1133 364 1213 390; x_wconf 76' lang='lat' dir='ltr'>cant,</span> <span class='ocrx_word' id='word_1_134' title='bbox 1229 358 1309 398; x_wconf 77' lang='lat' dir='ltr'>hamo</span> <span class='ocrx_word' id='word_1_135' title='bbox 1332 358 1460 385; x_wconf 86' lang='lat' dir='ltr'>deuorato</span> <span class='ocrx_word' id='word_1_136' title='bbox 1482 362 1572 400; x_wconf 80' lang='lat' dir='ltr'>omnia</span> <span class='ocrx_word' id='word_1_137' title='bbox 1595 365 1728 391; x_wconf 73' lang='lat' dir='ltr'>interanea</span> <span class='ocrx_word' id='word_1_138' title='bbox 1741 372 1886 398; x_wconf 84' lang='lat' dir='ltr'>euomunt,</span> <span class='ocrx_word' id='word_1_139' title='bbox 1905 367 1989 393; x_wconf 80' lang='lat' dir='ltr'>donec</span> <span class='ocrx_word' id='word_1_140' title='bbox 2003 366 2109 394; x_wconf 83' lang='lat' dir='ltr'>hamum</span> <span class='ocrx_word' id='word_1_141' title='bbox 2123 379 2179 403; x_wconf 70' lang='lat' dir='ltr'>ege.</span> 
     </span>
     <span class='ocr_line' id='line_1_42' title="bbox 41 393 1691 444; baseline -0.01 -13"><span class='ocrx_word' id='word_1_142' title='bbox 41 406 210 444; x_wconf 67' lang='lat' dir='ltr'>1erfi³cundam</span> <span class='ocrx_word' id='word_1_143' title='bbox 224 406 331 432; x_wconf 65' lang='lat' dir='ltr'>vocalem</span> <span class='ocrx_word' id='word_1_144' title='bbox 346 413 378 438; x_wconf 84' lang='grc' dir='ltr'>Ε,</span> <span class='ocrx_word' id='word_1_145' title='bbox 397 408 425 431; x_wconf 81' lang='lat' dir='ltr'>in</span> <span class='ocrx_word' id='word_1_146' title='bbox 439 403 576 439; x_wconf 79' lang='lat' dir='ltr'>penultima</span> <span class='ocrx_word' id='word_1_147' title='bbox 590 406 675 425; x_wconf 83' lang='lat' dir='ltr'>amant</span> <span class='ocrx_word' id='word_1_148' title='bbox 690 401 786 425; x_wconf 59' lang='lat' dir='ltr'>Poetae.</span> <span class='ocrx_word' id='word_1_149' title='bbox 859 399 955 433; x_wconf 86' lang='lat' dir='ltr'>Virgil.</span> <span class='ocrx_word' id='word_1_150' title='bbox 970 398 1067 431; x_wconf 85' lang='lat' dir='ltr'>Georg.</span> <span class='ocrx_word' id='word_1_151' title='bbox 1132 401 1205 424; x_wconf 83' lang='lat' dir='ltr'>rant,</span> <span class='ocrx_word' id='word_1_152' title='bbox 1223 393 1318 420; x_wconf 86' lang='lat' dir='ltr'>demde</span> <span class='ocrx_word' id='word_1_153' title='bbox 1332 394 1470 435; x_wconf 60' lang='lat' dir='ltr'>resorbent</span> <span class='ocrx_word' id='word_1_154' title='bbox 1490 397 1554 422; x_wconf 84' lang='lat' dir='ltr'>Plin.</span> <span class='ocrx_word' id='word_1_155' title='bbox 1569 406 1594 429; x_wconf 74' lang='lat'>9,</span> <span class='ocrx_word' id='word_1_156' title='bbox 1609 402 1638 430; x_wconf 72' lang='lat'>63</span> <span class='ocrx_word' id='word_1_157' title='bbox 1649 407 1691 434; x_wconf 45' lang='lat' dir='ltr'>Pr.</span> 
     </span>
    </p>

    <p class='ocr_par' dir='ltr' id='par_1_6' title="bbox 41 433 2182 512">
     <span class='ocr_line' id='line_1_43' title="bbox 41 433 2181 477; baseline 0.002 -17"><span class='ocrx_word' id='word_1_158' title='bbox 41 453 57 474; x_wconf 67' lang='lat'>¹,</span> <span class='ocrx_word' id='word_1_159' title='bbox 70 450 118 477; x_wconf 86' lang='lat'>²70</span> <span class='ocrx_word' id='word_1_160' title='bbox 138 442 365 476; x_wconf 71' lang='lat' dir='ltr'>Cercropiiinique</span> <span class='ocrx_word' id='word_1_161' title='bbox 381 440 515 472; x_wconf 86' lang='lat' dir='ltr'>thymum,</span> <span class='ocrx_word' id='word_1_162' title='bbox 529 442 554 462; x_wconf 88' lang='lat' dir='ltr'>et</span> <span class='ocrx_word' id='word_1_163' title='bbox 566 443 646 470; x_wconf 84' lang='lat' dir='ltr'>graue</span> <span class='ocrx_word' id='word_1_164' title='bbox 660 435 760 461; x_wconf 82' lang='lat' dir='ltr'>olentia</span> <span class='ocrx_word' id='word_1_165' title='bbox 772 441 919 461; x_wconf 74' lang='lat' dir='ltr'>centaurea.</span> <span class='ocrx_word' id='word_1_166' title='bbox 989 433 1067 459; x_wconf 86' lang='lat' dir='ltr'>Lucr.</span> <span class='ocrx_word' id='word_1_167' title='bbox 1168 437 1210 471; x_wconf 62' lang='lat' dir='ltr'>Cli</span> <span class='ocrx_word' id='word_1_168' title='bbox 1222 437 1271 456; x_wconf 75' lang='lat' dir='ltr'>NT</span> <span class='ocrx_word' id='word_1_169' title='bbox 1281 437 1300 456; x_wconf 90' lang='lat' dir='ltr'>O</span> <span class='ocrx_word' id='word_1_170' title='bbox 1310 449 1316 460; x_wconf 89' lang='lat'>,</span> <span class='ocrx_word' id='word_1_171' title='bbox 1337 439 1406 472; x_wconf 80' lang='lat' dir='ltr'>onis.</span> <span class='ocrx_word' id='word_1_172' title='bbox 1443 440 1478 470; x_wconf 63' lang='grc' dir='ltr'>ιη.</span> <span class='ocrx_word' id='word_1_173' title='bbox 1515 433 1645 467; x_wconf 38' lang='lat' dir='ltr'>[ntiquom</span> <span class='ocrx_word' id='word_1_174' title='bbox 1659 437 1717 462; x_wconf 69' lang='lat' dir='ltr'>Vct.</span> <span class='ocrx_word' id='word_1_175' title='bbox 1731 437 1810 463; x_wconf 76' lang='lat' dir='ltr'>Closs.</span> <span class='ocrx_word' id='word_1_176' title='bbox 1824 435 1978 471; x_wconf 68' lang='grc' dir='ltr'>γναφάλιον]</span> <span class='ocrx_word' id='word_1_177' title='bbox 2018 438 2085 465; x_wconf 81' lang='lat' dir='ltr'>Vilis</span> <span class='ocrx_word' id='word_1_178' title='bbox 2101 443 2181 474; x_wconf 76' lang='lat' dir='ltr'>panni</span> 
     </span>
     <span class='ocr_line' id='line_1_44' title="bbox 41 464 2182 512; baseline -0.009 -7"><span class='ocrx_word' id='word_1_179' title='bbox 41 464 56 508; x_wconf 44' lang='lat' dir='ltr'>r,</span> <span class='ocrx_word' id='word_1_180' title='bbox 70 486 109 510; x_wconf 83' lang='lat'>¹23</span> <span class='ocrx_word' id='word_1_181' title='bbox 135 477 318 512; x_wconf 82' lang='lat' dir='ltr'>Abrotanique</span> <span class='ocrx_word' id='word_1_182' title='bbox 332 484 423 511; x_wconf 80' lang='lat' dir='ltr'>graues</span> <span class='ocrx_word' id='word_1_183' title='bbox 433 494 441 507; x_wconf 94' lang='lat'>,</span> <span class='ocrx_word' id='word_1_184' title='bbox 456 479 481 499; x_wconf 88' lang='lat' dir='ltr'>et</span> <span class='ocrx_word' id='word_1_185' title='bbox 494 471 579 498; x_wconf 84' lang='lat' dir='ltr'>tristia</span> <span class='ocrx_word' id='word_1_186' title='bbox 590 477 736 498; x_wconf 78' lang='lat' dir='ltr'>centaurea.</span> <span class='ocrx_word' id='word_1_187' title='bbox 791 472 886 496; x_wconf 89' lang='lat' dir='ltr'>Lucan.</span> <span class='ocrx_word' id='word_1_188' title='bbox 901 480 927 503; x_wconf 80' lang='lat'>9,</span> <span class='ocrx_word' id='word_1_189' title='bbox 942 474 984 502; x_wconf 84' lang='lat'>918</span> <span class='ocrx_word' id='word_1_190' title='bbox 1004 470 1066 494; x_wconf 81' lang='lat' dir='ltr'>Peu-</span> <span class='ocrx_word' id='word_1_191' title='bbox 1130 466 1238 501; x_wconf 66' lang='lat' dir='ltr'>*undique</span> <span class='ocrx_word' id='word_1_192' title='bbox 1249 466 1343 502; x_wconf 78' lang='lat' dir='ltr'>consuti</span> <span class='ocrx_word' id='word_1_193' title='bbox 1357 472 1380 491; x_wconf 81' lang='lat' dir='ltr'>ct</span> <span class='ocrx_word' id='word_1_194' title='bbox 1392 468 1561 502; x_wconf 74' lang='lat' dir='ltr'>consarcinati</span> <span class='ocrx_word' id='word_1_195' title='bbox 1574 477 1667 494; x_wconf 68' lang='lat' dir='ltr'>nomm.</span> <span class='ocrx_word' id='word_1_196' title='bbox 1703 472 1808 499; x_wconf 50' lang='lat' dir='ltr'>Sisenna</span> <span class='ocrx_word' id='word_1_197' title='bbox 1821 473 1868 500; x_wconf 44' lang='lat' dir='ltr'>fib·</span> <span class='ocrx_word' id='word_1_198' title='bbox 1882 481 1894 505; x_wconf 79' lang='lat'>3</span> <span class='ocrx_word' id='word_1_199' title='bbox 1910 473 1978 499; x_wconf 45' lang='lat' dir='ltr'>Hm·</span> <span class='ocrx_word' id='word_1_200' title='bbox 1991 473 2058 509; x_wconf 63' lang='lat' dir='ltr'>apud</span> <span class='ocrx_word' id='word_1_201' title='bbox 2069 474 2141 500; x_wconf 43' lang='lat' dir='ltr'><strong>Non·</strong></span> <span class='ocrx_word' id='word_1_202' title='bbox 2157 484 2182 506; x_wconf 53' lang='grc' dir='ltr'>Ζ,</span> 
     </span>
    </p>
   </div>
   <div class='ocr_carea' id='block_1_5' title="bbox 43 501 2182 619">
    <p class='ocr_par' dir='ltr' id='par_1_7' title="bbox 43 501 2182 619">
     <span class='ocr_line' id='line_1_45' title="bbox 44 501 2182 548; baseline -0.002 -8"><span class='ocrx_word' id='word_1_203' title='bbox 44 513 210 548; x_wconf 89' lang='lat' dir='ltr'>edanumque</span> <span class='ocrx_word' id='word_1_204' title='bbox 228 520 333 548; x_wconf 87' lang='lat' dir='ltr'>potens,</span> <span class='ocrx_word' id='word_1_205' title='bbox 354 518 379 538; x_wconf 91' lang='lat' dir='ltr'>et</span> <span class='ocrx_word' id='word_1_206' title='bbox 391 508 512 536; x_wconf 78' lang='lat' dir='ltr'>&#39;sheffala</span> <span class='ocrx_word' id='word_1_207' title='bbox 528 514 675 547; x_wconf 78' lang='lat' dir='ltr'>centaurea.</span> <span class='ocrx_word' id='word_1_208' title='bbox 732 506 779 534; x_wconf 73' lang='lat' dir='ltr'>Sed</span> <span class='ocrx_word' id='word_1_209' title='bbox 792 507 896 534; x_wconf 87' lang='lat' dir='ltr'>Lucret.</span> <span class='ocrx_word' id='word_1_210' title='bbox 910 515 936 537; x_wconf 84' lang='lat'>2,</span> <span class='ocrx_word' id='word_1_211' title='bbox 955 513 1005 538; x_wconf 90' lang='lat'>402</span> <span class='ocrx_word' id='word_1_212' title='bbox 1032 504 1066 530; x_wconf 81' lang='lat' dir='ltr'>At</span> <span class='ocrx_word' id='word_1_213' title='bbox 1135 509 1182 536; x_wconf 84' lang='lat'>177</span> <span class='ocrx_word' id='word_1_214' title='bbox 1211 503 1294 528; x_wconf 65' lang='lat' dir='ltr'>Ace-to</span> <span class='ocrx_word' id='word_1_215' title='bbox 1313 501 1467 543; x_wconf 58' lang='grc' dir='ltr'>ιιιῡᾲεξοᾷἰε</span> <span class='ocrx_word' id='word_1_216' title='bbox 1487 503 1643 529; x_wconf 83' lang='lat' dir='ltr'>centonibus</span> <span class='ocrx_word' id='word_1_217' title='bbox 1661 506 1830 540; x_wconf 78' lang='lat' dir='ltr'>integuntur,</span> <span class='ocrx_word' id='word_1_218' title='bbox 1853 518 1920 543; x_wconf 88' lang='lat' dir='ltr'>quos</span> <span class='ocrx_word' id='word_1_219' title='bbox 1948 510 2024 544; x_wconf 84' lang='lat' dir='ltr'>supra</span> <span class='ocrx_word' id='word_1_220' title='bbox 2057 516 2182 544; x_wconf 81' lang='lat' dir='ltr'>perpetua</span> 
     </span>
     <span class='ocr_line' id='line_1_46' title="bbox 43 537 2182 578; baseline -0.002 -2"><span class='ocrx_word' id='word_1_221' title='bbox 43 555 119 576; x_wconf 89' lang='lat' dir='ltr'>ontra</span> <span class='ocrx_word' id='word_1_222' title='bbox 144 555 214 576; x_wconf 83' lang='lat' dir='ltr'>terra</span> <span class='ocrx_word' id='word_1_223' title='bbox 236 548 350 575; x_wconf 73' lang='lat' dir='ltr'>absinthi</span> <span class='ocrx_word' id='word_1_224' title='bbox 371 552 476 576; x_wconf 86' lang='lat' dir='ltr'>natura,</span> <span class='ocrx_word' id='word_1_225' title='bbox 497 543 603 578; x_wconf 82' lang='lat' dir='ltr'>ferique</span> <span class='ocrx_word' id='word_1_226' title='bbox 644 544 774 570; x_wconf 77' lang='lat' dir='ltr'>Centauri</span> <span class='ocrx_word' id='word_1_227' title='bbox 794 542 875 569; x_wconf 79' lang='lat' dir='ltr'>foedo</span> <span class='ocrx_word' id='word_1_228' title='bbox 894 542 1067 576; x_wconf 81' lang='lat' dir='ltr'>pertorquent</span> <span class='ocrx_word' id='word_1_229' title='bbox 1087 549 1115 568; x_wconf 92' lang='lat'>10</span> <span class='ocrx_word' id='word_1_230' title='bbox 1134 537 1336 577; x_wconf 26' lang='lat' dir='ltr'>claffilsuspenta-</span> <span class='ocrx_word' id='word_1_231' title='bbox 1349 538 1438 578; x_wconf 62' lang='lat' dir='ltr'>cilicia</span> <span class='ocrx_word' id='word_1_232' title='bbox 1451 538 1623 573; x_wconf 86' lang='lat' dir='ltr'>obteguntur.</span> <span class='ocrx_word' id='word_1_233' title='bbox 1695 542 1766 568; x_wconf 89' lang='lat' dir='ltr'>Caes.</span> <span class='ocrx_word' id='word_1_234' title='bbox 1783 544 1846 570; x_wconf 73' lang='lat' dir='ltr'>Bell.</span> <span class='ocrx_word' id='word_1_235' title='bbox 1861 545 1943 570; x_wconf 87' lang='lat' dir='ltr'>Ciuil.</span> <span class='ocrx_word' id='word_1_236' title='bbox 1959 554 2020 577; x_wconf 78' lang='lat'>2‚10</span> <span class='ocrx_word' id='word_1_237' title='bbox 2038 546 2182 572; x_wconf 87' lang='lat' dir='ltr'>Centones-</span> 
     </span>
     <span class='ocr_line' id='line_1_47' title="bbox 46 574 2182 619; baseline 0.004 -19"><span class='ocrx_word' id='word_1_238' title='bbox 46 593 74 611; x_wconf 62' lang='lat' dir='ltr'>ra</span> <span class='ocrx_word' id='word_1_239' title='bbox 94 585 194 619; x_wconf 44' lang='lat' dir='ltr'>sapon.-</span> <span class='ocrx_word' id='word_1_240' title='bbox 1135 582 1187 608; x_wconf 90' lang='lat' dir='ltr'>que</span> <span class='ocrx_word' id='word_1_241' title='bbox 1202 574 1308 607; x_wconf 81' lang='lat' dir='ltr'>insuper</span> <span class='ocrx_word' id='word_1_242' title='bbox 1330 580 1492 605; x_wconf 79' lang='lat' dir='ltr'>lnlecerunt‚</span> <span class='ocrx_word' id='word_1_243' title='bbox 1512 584 1546 601; x_wconf 88' lang='lat' dir='ltr'>ne</span> <span class='ocrx_word' id='word_1_244' title='bbox 1566 581 1611 601; x_wconf 87' lang='lat' dir='ltr'>aut</span> <span class='ocrx_word' id='word_1_245' title='bbox 1630 575 1680 601; x_wconf 80' lang='lat' dir='ltr'>tela</span> <span class='ocrx_word' id='word_1_246' title='bbox 1700 580 1838 605; x_wconf 81' lang='lat' dir='ltr'>tormentis</span> <span class='ocrx_word' id='word_1_247' title='bbox 1855 581 1925 606; x_wconf 83' lang='lat' dir='ltr'>missa</span> <span class='ocrx_word' id='word_1_248' title='bbox 1939 579 2182 608; x_wconf 82' lang='lat' dir='ltr'>contabulationem</span> 
     </span>
    </p>
   </div>
   <div class='ocr_carea' id='block_1_6' title="bbox 29 609 2183 759">
    <p class='ocr_par' dir='ltr' id='par_1_8' title="bbox 29 609 2183 759">
     <span class='ocr_line' id='line_1_48' title="bbox 34 609 2181 651; baseline 0.005 -19"><span class='ocrx_word' id='word_1_249' title='bbox 34 633 37 638; x_wconf 64' lang='grc'>,</span> <span class='ocrx_word' id='word_1_250' title='bbox 64 626 81 647; x_wconf 73' lang='lat' dir='ltr'>c</span> <span class='ocrx_word' id='word_1_251' title='bbox 93 626 200 646; x_wconf 75' lang='lat' dir='ltr'>ENTA</span> <span class='ocrx_word' id='word_1_252' title='bbox 211 625 314 651; x_wconf 78' lang='lat' dir='ltr'>les,</span> <span class='ocrx_word' id='word_1_253' title='bbox 334 617 364 644; x_wconf 70' lang='lat' dir='ltr'>is,</span> <span class='ocrx_word' id='word_1_254' title='bbox 383 615 402 642; x_wconf 76' lang='lat' dir='ltr'>f,</span> <span class='ocrx_word' id='word_1_255' title='bbox 437 614 525 641; x_wconf 77' lang='lat' dir='ltr'>Plinio</span> <span class='ocrx_word' id='word_1_256' title='bbox 538 622 578 647; x_wconf 74' lang='lat'>25,</span> <span class='ocrx_word' id='word_1_257' title='bbox 592 617 609 640; x_wconf 85' lang='lat'>6</span> <span class='ocrx_word' id='word_1_258' title='bbox 631 615 686 646; x_wconf 71' lang='lat'>[32</span> <span class='ocrx_word' id='word_1_259' title='bbox 708 614 807 640; x_wconf 87' lang='lat' dir='ltr'>Tertia</span> <span class='ocrx_word' id='word_1_260' title='bbox 820 613 855 640; x_wconf 87' lang='lat' dir='ltr'>est</span> <span class='ocrx_word' id='word_1_261' title='bbox 863 611 1001 639; x_wconf 88' lang='lat' dir='ltr'>Centaurii</span> <span class='ocrx_word' id='word_1_262' title='bbox 1016 611 1069 646; x_wconf 84' lang='lat' dir='ltr'>spe·</span> <span class='ocrx_word' id='word_1_263' title='bbox 1136 609 1348 643; x_wconf 80' lang='lat' dir='ltr'>pert&#39;ringerent,</span> <span class='ocrx_word' id='word_1_264' title='bbox 1362 615 1411 650; x_wconf 76' lang='lat' dir='ltr'>aut</span> <span class='ocrx_word' id='word_1_265' title='bbox 1434 611 1492 636; x_wconf 67' lang='lat' dir='ltr'>stica</span> <span class='ocrx_word' id='word_1_266' title='bbox 1516 610 1545 636; x_wconf 90' lang='lat' dir='ltr'>in</span> <span class='ocrx_word' id='word_1_267' title='bbox 1565 611 1701 645; x_wconf 77' lang='lat' dir='ltr'>catapultis</span> <span class='ocrx_word' id='word_1_268' title='bbox 1717 612 1862 641; x_wconf 81' lang='lat' dir='ltr'>lateritium</span> <span class='ocrx_word' id='word_1_269' title='bbox 1875 616 2041 643; x_wconf 84' lang='lat' dir='ltr'>discuterent.</span> <span class='ocrx_word' id='word_1_270' title='bbox 2111 618 2181 645; x_wconf 74' lang='lat' dir='ltr'>Add.</span> 
     </span>
     <span class='ocr_line' id='line_1_49' title="bbox 31 644 2183 690; baseline -0.001 -8"><span class='ocrx_word' id='word_1_271' title='bbox 31 649 96 687; x_wconf 51' lang='lat' dir='ltr'>f-ies,</span> <span class='ocrx_word' id='word_1_272' title='bbox 114 660 290 690; x_wconf 80' lang='lat' dir='ltr'>cognomento</span> <span class='ocrx_word' id='word_1_273' title='bbox 303 650 444 679; x_wconf 79' lang='lat' dir='ltr'>Triorchis</span> <span class='ocrx_word' id='word_1_274' title='bbox 454 670 462 682; x_wconf 87' lang='lat'>,</span> <span class='ocrx_word' id='word_1_275' title='bbox 485 660 533 682; x_wconf 82' lang='lat' dir='ltr'>eo,</span> <span class='ocrx_word' id='word_1_276' title='bbox 555 650 628 685; x_wconf 85' lang='lat' dir='ltr'>quod</span> <span class='ocrx_word' id='word_1_277' title='bbox 650 650 698 685; x_wconf 88' lang='lat' dir='ltr'>qui</span> <span class='ocrx_word' id='word_1_278' title='bbox 718 659 778 677; x_wconf 86' lang='lat' dir='ltr'>eam</span> <span class='ocrx_word' id='word_1_279' title='bbox 798 651 880 681; x_wconf 82' lang='lat' dir='ltr'>secat,</span> <span class='ocrx_word' id='word_1_280' title='bbox 902 657 916 675; x_wconf 82' lang='lat' dir='ltr'>a</span> <span class='ocrx_word' id='word_1_281' title='bbox 930 647 1068 675; x_wconf 78' lang='lat' dir='ltr'>Triorche</span> <span class='ocrx_word' id='word_1_282' title='bbox 1136 646 1228 680; x_wconf 79' lang='lat' dir='ltr'>Veget.</span> <span class='ocrx_word' id='word_1_283' title='bbox 1242 652 1318 684; x_wconf 41' lang='lat'>4,·13.</span> <span class='ocrx_word' id='word_1_284' title='bbox 1355 651 1392 684; x_wconf 40' lang='lat' dir='ltr'>it..</span> <span class='ocrx_word' id='word_1_285' title='bbox 1402 645 1454 685; x_wconf 68' lang='lat'>¹2¹²</span> <span class='ocrx_word' id='word_1_286' title='bbox 1468 644 1530 686; x_wconf 44' lang='lat'>§.13-</span> <span class='ocrx_word' id='word_1_287' title='bbox 1541 646 1572 672; x_wconf 92' lang='lat' dir='ltr'>D.</span> <span class='ocrx_word' id='word_1_288' title='bbox 1586 646 1618 672; x_wconf 90' lang='lat' dir='ltr'>de</span> <span class='ocrx_word' id='word_1_289' title='bbox 1635 647 1764 674; x_wconf 70' lang='lat' dir='ltr'>lnllruelo</span> <span class='ocrx_word' id='word_1_290' title='bbox 1779 650 1797 675; x_wconf 89' lang='lat' dir='ltr'>s.</span> <span class='ocrx_word' id='word_1_291' title='bbox 1812 651 1933 678; x_wconf 82' lang='lat' dir='ltr'>Instrum.</span> <span class='ocrx_word' id='word_1_292' title='bbox 1944 653 1993 686; x_wconf 80' lang='lat' dir='ltr'>leg.</span> <span class='ocrx_word' id='word_1_293' title='bbox 2014 652 2131 680; x_wconf 78' lang='lat' dir='ltr'>vbiinter</span> <span class='ocrx_word' id='word_1_294' title='bbox 2146 662 2183 686; x_wconf 78' lang='lat' dir='ltr'>ca,</span> 
     </span>
     <span class='ocr_line' id='line_1_50' title="bbox 29 680 2182 725; baseline 0.007 -24"><span class='ocrx_word' id='word_1_295' title='bbox 29 691 184 725; x_wconf 50' lang='lat' dir='ltr'>,ccipitrum</span> <span class='ocrx_word' id='word_1_296' title='bbox 197 697 291 725; x_wconf 56' lang='lat' dir='ltr'>genere</span> <span class='ocrx_word' id='word_1_297' title='bbox 302 687 398 714; x_wconf 57' lang='lat' dir='ltr'>dicatu,-</span> <span class='ocrx_word' id='word_1_298' title='bbox 411 686 572 721; x_wconf 51' lang='lat' dir='ltr'>impugnari·</span> <span class='ocrx_word' id='word_1_299' title='bbox 1116 690 1119 695; x_wconf 56' lang='lat'><strong>&gt;</strong></span> <span class='ocrx_word' id='word_1_300' title='bbox 1136 691 1196 718; x_wconf 81' lang='lat' dir='ltr'>quae</span> <span class='ocrx_word' id='word_1_301' title='bbox 1214 680 1395 723; x_wconf 80' lang='lat' dir='ltr'>restinguendi</span> <span class='ocrx_word' id='word_1_302' title='bbox 1408 681 1533 723; x_wconf 70' lang='lat' dir='ltr'>⁴incendu</span> <span class='ocrx_word' id='word_1_303' title='bbox 1547 683 1622 709; x_wconf 88' lang='lat' dir='ltr'>causa</span> <span class='ocrx_word' id='word_1_304' title='bbox 1636 689 1771 721; x_wconf 80' lang='lat' dir='ltr'>parantur,</span> <span class='ocrx_word' id='word_1_305' title='bbox 1785 686 1865 720; x_wconf 74' lang='lat' dir='ltr'>refert</span> <span class='ocrx_word' id='word_1_306' title='bbox 1878 687 2013 720; x_wconf 77' lang='lat' dir='ltr'>leianns.</span> <span class='ocrx_word' id='word_1_307' title='bbox 2050 688 2098 715; x_wconf 80' lang='lat' dir='ltr'>Sed</span> <span class='ocrx_word' id='word_1_308' title='bbox 2109 687 2182 722; x_wconf 73' lang='lat' dir='ltr'>vesti-</span> 
     </span>
     <span class='ocr_line' id='line_1_51' title="bbox 32 716 2183 759; baseline 0.007 -24"><span class='ocrx_word' id='word_1_309' title='bbox 32 725 35 735; x_wconf 69' lang='grc' dir='ltr'>ι</span> <span class='ocrx_word' id='word_1_310' title='bbox 65 732 195 753; x_wconf 81' lang='lat' dir='ltr'>CENTA</span> <span class='ocrx_word' id='word_1_311' title='bbox 206 732 253 752; x_wconf 65' lang='lat' dir='ltr'>VR</span> <span class='ocrx_word' id='word_1_312' title='bbox 264 732 286 756; x_wconf 51' lang='grc' dir='ltr'>Ι,</span> <span class='ocrx_word' id='word_1_313' title='bbox 305 731 390 750; x_wconf 68' lang='lat' dir='ltr'>orum,</span> <span class='ocrx_word' id='word_1_314' title='bbox 429 732 464 748; x_wconf 81' lang='lat' dir='ltr'>m,</span> <span class='ocrx_word' id='word_1_315' title='bbox 502 723 537 758; x_wconf 79' lang='lat' dir='ltr'>pl,</span> <span class='ocrx_word' id='word_1_316' title='bbox 575 722 626 757; x_wconf 74' lang='lat' dir='ltr'>Qi</span> <span class='ocrx_word' id='word_1_317' title='bbox 639 729 662 748; x_wconf 77' lang='lat' dir='ltr'>et</span> <span class='ocrx_word' id='word_1_318' title='bbox 675 718 888 756; x_wconf 83' lang='lat' dir='ltr'>Hippocentauri</span> <span class='ocrx_word' id='word_1_319' title='bbox 912 718 1070 754; x_wconf 71' lang='grc' dir='ltr'>[Κένταυροι]</span> <span class='ocrx_word' id='word_1_320' title='bbox 1091 727 1116 754; x_wconf 75' lang='lat'>¹5</span> <span class='ocrx_word' id='word_1_321' title='bbox 1136 724 1242 743; x_wconf 75' lang='lat' dir='ltr'>mentum</span> <span class='ocrx_word' id='word_1_322' title='bbox 1260 716 1432 751; x_wconf 74' lang='lat' dir='ltr'>etiamfirulle</span> <span class='ocrx_word' id='word_1_323' title='bbox 1447 716 1619 752; x_wconf 71' lang='lat' dir='ltr'>praestabant.</span> <span class='ocrx_word' id='word_1_324' title='bbox 1693 720 1759 745; x_wconf 82' lang='lat' dir='ltr'>Cato</span> <span class='ocrx_word' id='word_1_325' title='bbox 1775 721 1804 746; x_wconf 84' lang='lat' dir='ltr'>R.</span> <span class='ocrx_word' id='word_1_326' title='bbox 1820 721 1850 747; x_wconf 66' lang='lat' dir='ltr'>R.</span> <span class='ocrx_word' id='word_1_327' title='bbox 1865 730 1890 753; x_wconf 86' lang='lat'>2,</span> <span class='ocrx_word' id='word_1_328' title='bbox 1906 731 1917 754; x_wconf 82' lang='lat'>3</span> <span class='ocrx_word' id='word_1_329' title='bbox 1938 725 2005 751; x_wconf 89' lang='lat' dir='ltr'>Cum</span> <span class='ocrx_word' id='word_1_330' title='bbox 2019 725 2183 759; x_wconf 76' lang='lat' dir='ltr'>tempestates</span> 
     </span>
    </p>
   </div>
   <div class='ocr_carea' id='block_1_7' title="bbox 10 751 2189 1580">
    <p class='ocr_par' dir='ltr' id='par_1_9' title="bbox 10 751 2184 1079">
     <span class='ocr_line' id='line_1_52' title="bbox 10 751 2183 797; baseline -0 -9"><span class='ocrx_word' id='word_1_331' title='bbox 10 758 13 761; x_wconf 37' lang='lat'>¹</span> <span class='ocrx_word' id='word_1_332' title='bbox 57 761 168 795; x_wconf 62' lang='lat' dir='ltr'>heslaliae</span> <span class='ocrx_word' id='word_1_333' title='bbox 177 761 271 797; x_wconf 78' lang='lat' dir='ltr'>populi.</span> <span class='ocrx_word' id='word_1_334' title='bbox 322 758 465 792; x_wconf 78' lang='lat' dir='ltr'>Plin.7,56</span> <span class='ocrx_word' id='word_1_335' title='bbox 484 759 600 793; x_wconf 84' lang='lat' dir='ltr'>Pugnare</span> <span class='ocrx_word' id='word_1_336' title='bbox 615 767 646 784; x_wconf 82' lang='lat' dir='ltr'>ex</span> <span class='ocrx_word' id='word_1_337' title='bbox 660 767 730 792; x_wconf 80' lang='lat' dir='ltr'>equo</span> <span class='ocrx_word' id='word_1_338' title='bbox 745 757 871 784; x_wconf 79' lang='lat' dir='ltr'>inuenill&#39;e</span> <span class='ocrx_word' id='word_1_339' title='bbox 885 755 975 781; x_wconf 82' lang='lat' dir='ltr'>dicunt</span> <span class='ocrx_word' id='word_1_340' title='bbox 983 754 1070 780; x_wconf 90' lang='lat' dir='ltr'>Thes·</span> <span class='ocrx_word' id='word_1_341' title='bbox 1137 753 1244 793; x_wconf 76' lang='lat' dir='ltr'>pluuiae</span> <span class='ocrx_word' id='word_1_342' title='bbox 1261 751 1364 779; x_wconf 83' lang='lat' dir='ltr'>fuerint</span> <span class='ocrx_word' id='word_1_343' title='bbox 1400 766 1453 772; x_wconf 92' lang='lat'>-—-</span> <span class='ocrx_word' id='word_1_344' title='bbox 1491 753 1623 793; x_wconf 75' lang='lat' dir='ltr'>Centone·</span> <span class='ocrx_word' id='word_1_345' title='bbox 1643 755 1795 781; x_wconf 89' lang='lat' dir='ltr'>cuculiones</span> <span class='ocrx_word' id='word_1_346' title='bbox 1818 756 1949 784; x_wconf 86' lang='lat' dir='ltr'>familiam</span> <span class='ocrx_word' id='word_1_347' title='bbox 1970 761 2114 794; x_wconf 78' lang='lat' dir='ltr'>oportuiss&#39;e</span> <span class='ocrx_word' id='word_1_348' title='bbox 2133 760 2183 787; x_wconf 85' lang='lat' dir='ltr'>fibi</span> 
     </span>
     <span class='ocr_line' id='line_1_53' title="bbox 55 789 2182 832; baseline -0 -8"><span class='ocrx_word' id='word_1_349' title='bbox 55 791 107 828; x_wconf 78' lang='lat' dir='ltr'>los,</span> <span class='ocrx_word' id='word_1_350' title='bbox 123 798 170 832; x_wconf 87' lang='lat' dir='ltr'>qui</span> <span class='ocrx_word' id='word_1_351' title='bbox 183 793 307 824; x_wconf 81' lang='lat' dir='ltr'>Centauri</span> <span class='ocrx_word' id='word_1_352' title='bbox 323 794 448 828; x_wconf 83' lang='lat' dir='ltr'>appellati</span> <span class='ocrx_word' id='word_1_353' title='bbox 464 795 538 827; x_wconf 78' lang='lat' dir='ltr'>sum,</span> <span class='ocrx_word' id='word_1_354' title='bbox 562 794 708 820; x_wconf 78' lang='lat' dir='ltr'>habitantes</span> <span class='ocrx_word' id='word_1_355' title='bbox 726 792 867 819; x_wconf 67' lang='lat' dir='ltr'>seeundum</span> <span class='ocrx_word' id='word_1_356' title='bbox 882 790 983 817; x_wconf 81' lang='lat' dir='ltr'>Pelium</span> <span class='ocrx_word' id='word_1_357' title='bbox 997 799 1072 828; x_wconf 75' lang='lat' dir='ltr'>mon·</span> <span class='ocrx_word' id='word_1_358' title='bbox 1138 790 1244 815; x_wconf 81' lang='lat' dir='ltr'>sarcire.</span> <span class='ocrx_word' id='word_1_359' title='bbox 1315 789 1388 828; x_wconf 32' lang='lat' dir='ltr'>*Ere</span> <span class='ocrx_word' id='word_1_360' title='bbox 1404 796 1435 821; x_wconf 76' lang='lat'>39</span> <span class='ocrx_word' id='word_1_361' title='bbox 1456 789 1571 821; x_wconf 78' lang='lat' dir='ltr'>Quoties</span> <span class='ocrx_word' id='word_1_362' title='bbox 1591 790 1687 824; x_wconf 85' lang='lat' dir='ltr'>cuique</span> <span class='ocrx_word' id='word_1_363' title='bbox 1707 791 1824 817; x_wconf 87' lang='lat' dir='ltr'>tunicam</span> <span class='ocrx_word' id='word_1_364' title='bbox 1844 799 1888 819; x_wconf 87' lang='lat' dir='ltr'>aut</span> <span class='ocrx_word' id='word_1_365' title='bbox 1900 794 1988 828; x_wconf 77' lang='lat' dir='ltr'>sagum</span> <span class='ocrx_word' id='word_1_366' title='bbox 2000 795 2090 829; x_wconf 89' lang='lat' dir='ltr'>dabis,</span> <span class='ocrx_word' id='word_1_367' title='bbox 2109 797 2182 831; x_wconf 84' lang='lat' dir='ltr'>prius</span> 
     </span>
     <span class='ocr_line' id='line_1_54' title="bbox 54 823 2182 866; baseline 0.001 -11"><span class='ocrx_word' id='word_1_368' title='bbox 54 842 88 859; x_wconf 77' lang='lat' dir='ltr'>m,</span> <span class='ocrx_word' id='word_1_369' title='bbox 129 834 210 860; x_wconf 67' lang='lat' dir='ltr'>Talem</span> <span class='ocrx_word' id='word_1_370' title='bbox 223 839 279 866; x_wconf 78' lang='lat' dir='ltr'>ergo</span> <span class='ocrx_word' id='word_1_371' title='bbox 292 833 410 866; x_wconf 70' lang='lat' dir='ltr'>equitem,</span> <span class='ocrx_word' id='word_1_372' title='bbox 423 834 465 866; x_wconf 86' lang='lat' dir='ltr'>qui</span> <span class='ocrx_word' id='word_1_373' title='bbox 474 834 583 866; x_wconf 79' lang='lat' dir='ltr'>primum</span> <span class='ocrx_word' id='word_1_374' title='bbox 597 830 733 865; x_wconf 64' lang='lat' dir='ltr'>conspicati</span> <span class='ocrx_word' id='word_1_375' title='bbox 745 828 832 862; x_wconf 70' lang='lat' dir='ltr'>estem,</span> <span class='ocrx_word' id='word_1_376' title='bbox 846 825 1071 861; x_wconf 63' lang='lat' dir='ltr'>videntia-Jinxiſje</span> <span class='ocrx_word' id='word_1_377' title='bbox 1136 831 1256 851; x_wconf 85' lang='lat' dir='ltr'>veterem</span> <span class='ocrx_word' id='word_1_378' title='bbox 1269 830 1398 858; x_wconf 68' lang='lat' dir='ltr'>accitum,</span> <span class='ocrx_word' id='word_1_379' title='bbox 1416 823 1486 850; x_wconf 89' lang='lat' dir='ltr'>vnde</span> <span class='ocrx_word' id='word_1_380' title='bbox 1501 825 1634 851; x_wconf 86' lang='lat' dir='ltr'>Centoncs</span> <span class='ocrx_word' id='word_1_381' title='bbox 1649 825 1720 852; x_wconf 84' lang='lat' dir='ltr'>fiant.</span> <span class='ocrx_word' id='word_1_382' title='bbox 1792 827 1912 854; x_wconf 79' lang='lat' dir='ltr'>Lucilius</span> <span class='ocrx_word' id='word_1_383' title='bbox 1935 838 1973 864; x_wconf 79' lang='lat' dir='ltr'>ap.</span> <span class='ocrx_word' id='word_1_384' title='bbox 1995 831 2067 857; x_wconf 86' lang='lat' dir='ltr'>Non.</span> <span class='ocrx_word' id='word_1_385' title='bbox 2089 841 2119 864; x_wconf 86' lang='lat'>2,</span> <span class='ocrx_word' id='word_1_386' title='bbox 2140 838 2182 862; x_wconf 78' lang='lat'>818</span> 
     </span>
     <span class='ocr_line' id='line_1_55' title="bbox 51 861 2183 902; baseline 0 -8"><span class='ocrx_word' id='word_1_387' title='bbox 51 866 157 901; x_wconf 82' lang='lat' dir='ltr'>onstrum</span> <span class='ocrx_word' id='word_1_388' title='bbox 170 866 360 902; x_wconf 59' lang='lat' dir='ltr'>biformefiipra</span> <span class='ocrx_word' id='word_1_389' title='bbox 375 867 494 892; x_wconf 68' lang='lat' dir='ltr'>hominem</span> <span class='ocrx_word' id='word_1_390' title='bbox 510 867 584 902; x_wconf 78' lang='lat' dir='ltr'>infra</span> <span class='ocrx_word' id='word_1_391' title='bbox 597 875 694 901; x_wconf 76' lang='lat' dir='ltr'>equum,</span> <span class='ocrx_word' id='word_1_392' title='bbox 716 865 769 895; x_wconf 87' lang='lat' dir='ltr'>ita,</span> <span class='ocrx_word' id='word_1_393' title='bbox 791 869 819 889; x_wconf 87' lang='lat' dir='ltr'>vt</span> <span class='ocrx_word' id='word_1_394' title='bbox 833 864 979 889; x_wconf 77' lang='lat' dir='ltr'>Centaurus</span> <span class='ocrx_word' id='word_1_395' title='bbox 1000 861 1068 887; x_wconf 86' lang='lat' dir='ltr'>nihil</span> <span class='ocrx_word' id='word_1_396' title='bbox 1136 861 1330 887; x_wconf 85' lang='lat' dir='ltr'>Sarcinatorem</span> <span class='ocrx_word' id='word_1_397' title='bbox 1350 861 1398 886; x_wconf 77' lang='lat' dir='ltr'>esse</span> <span class='ocrx_word' id='word_1_398' title='bbox 1419 861 1568 893; x_wconf 88' lang='lat' dir='ltr'>summum,</span> <span class='ocrx_word' id='word_1_399' title='bbox 1592 861 1668 886; x_wconf 83' lang='lat' dir='ltr'>sucre</span> <span class='ocrx_word' id='word_1_400' title='bbox 1691 868 1830 890; x_wconf 78' lang='lat' dir='ltr'>centonem</span> <span class='ocrx_word' id='word_1_401' title='bbox 1850 865 1960 898; x_wconf 86' lang='lat' dir='ltr'>optime.</span> <span class='ocrx_word' id='word_1_402' title='bbox 2029 868 2183 894; x_wconf 84' lang='lat' dir='ltr'>Sarciuntur</span> 
     </span>
     <span class='ocr_line' id='line_1_56' title="bbox 32 896 2183 937; baseline -0 -7"><span class='ocrx_word' id='word_1_403' title='bbox 32 903 98 930; x_wconf 59' lang='lat' dir='ltr'>*liud</span> <span class='ocrx_word' id='word_1_404' title='bbox 112 903 154 933; x_wconf 82' lang='lat' dir='ltr'>lit,</span> <span class='ocrx_word' id='word_1_405' title='bbox 172 910 249 937; x_wconf 81' lang='lat' dir='ltr'>quam</span> <span class='ocrx_word' id='word_1_406' title='bbox 264 902 347 928; x_wconf 86' lang='lat' dir='ltr'>homo</span> <span class='ocrx_word' id='word_1_407' title='bbox 367 902 418 928; x_wconf 82' lang='lat' dir='ltr'>line</span> <span class='ocrx_word' id='word_1_408' title='bbox 438 902 564 936; x_wconf 87' lang='lat' dir='ltr'>pedibus,</span> <span class='ocrx_word' id='word_1_409' title='bbox 585 908 610 928; x_wconf 91' lang='lat' dir='ltr'>et</span> <span class='ocrx_word' id='word_1_410' title='bbox 628 909 710 936; x_wconf 87' lang='lat' dir='ltr'>equus</span> <span class='ocrx_word' id='word_1_411' title='bbox 731 899 783 926; x_wconf 86' lang='lat' dir='ltr'>sine</span> <span class='ocrx_word' id='word_1_412' title='bbox 803 899 896 933; x_wconf 86' lang='lat' dir='ltr'>capite.</span> <span class='ocrx_word' id='word_1_413' title='bbox 951 897 1068 930; x_wconf 75' lang='lat' dir='ltr'>Qiidam</span> <span class='ocrx_word' id='word_1_414' title='bbox 1086 903 1120 922; x_wconf 85' lang='lat'>20</span> <span class='ocrx_word' id='word_1_415' title='bbox 1136 905 1193 931; x_wconf 69' lang='lat' dir='ltr'>crgo</span> <span class='ocrx_word' id='word_1_416' title='bbox 1207 903 1229 922; x_wconf 77' lang='lat' dir='ltr'>et</span> <span class='ocrx_word' id='word_1_417' title='bbox 1243 897 1405 922; x_wconf 85' lang='lat' dir='ltr'>consuuntur</span> <span class='ocrx_word' id='word_1_418' title='bbox 1419 902 1558 928; x_wconf 80' lang='lat' dir='ltr'>centones,</span> <span class='ocrx_word' id='word_1_419' title='bbox 1578 899 1621 932; x_wconf 86' lang='lat' dir='ltr'>qui</span> <span class='ocrx_word' id='word_1_420' title='bbox 1632 896 1712 932; x_wconf 72' lang='lat' dir='ltr'>ipsum</span> <span class='ocrx_word' id='word_1_421' title='bbox 1726 902 1800 924; x_wconf 77' lang='lat' dir='ltr'>ctiam</span> <span class='ocrx_word' id='word_1_422' title='bbox 1813 909 1896 926; x_wconf 73' lang='lat' dir='ltr'>nomen</span> <span class='ocrx_word' id='word_1_423' title='bbox 1912 910 1923 926; x_wconf 79' lang='lat' dir='ltr'>e</span> <span class='ocrx_word' id='word_1_424' title='bbox 1936 902 2028 928; x_wconf 75' lang='lat' dir='ltr'>Graeco</span> <span class='ocrx_word' id='word_1_425' title='bbox 2041 905 2125 929; x_wconf 65' lang='grc' dir='ltr'><strong><em>κεντεῖν</em></strong></span> <span class='ocrx_word' id='word_1_426' title='bbox 2140 905 2183 930; x_wconf 75' lang='lat' dir='ltr'>ha-</span> 
     </span>
     <span class='ocr_line' id='line_1_57' title="bbox 34 931 2183 975; baseline -0.001 -10"><span class='ocrx_word' id='word_1_427' title='bbox 34 955 37 968; x_wconf 78' lang='grc'>;</span> <span class='ocrx_word' id='word_1_428' title='bbox 58 948 88 965; x_wconf 91' lang='lat' dir='ltr'>co</span> <span class='ocrx_word' id='word_1_429' title='bbox 101 938 168 966; x_wconf 84' lang='lat' dir='ltr'>dixit</span> <span class='ocrx_word' id='word_1_430' title='bbox 180 939 208 964; x_wconf 89' lang='lat' dir='ltr'>in</span> <span class='ocrx_word' id='word_1_431' title='bbox 224 944 317 964; x_wconf 87' lang='lat' dir='ltr'>natura</span> <span class='ocrx_word' id='word_1_432' title='bbox 330 939 458 965; x_wconf 86' lang='lat' dir='ltr'>Centauri</span> <span class='ocrx_word' id='word_1_433' title='bbox 471 947 568 973; x_wconf 88' lang='lat' dir='ltr'>equum</span> <span class='ocrx_word' id='word_1_434' title='bbox 581 936 700 963; x_wconf 66' lang='lat' dir='ltr'>eruolare</span> <span class='ocrx_word' id='word_1_435' title='bbox 715 935 869 966; x_wconf 87' lang='lat' dir='ltr'>hominem,</span> <span class='ocrx_word' id='word_1_436' title='bbox 891 940 916 960; x_wconf 86' lang='lat' dir='ltr'>ct</span> <span class='ocrx_word' id='word_1_437' title='bbox 930 933 1069 959; x_wconf 84' lang='lat' dir='ltr'>hominem</span> <span class='ocrx_word' id='word_1_438' title='bbox 1135 931 1188 958; x_wconf 65' lang='lat' dir='ltr'>bere</span> <span class='ocrx_word' id='word_1_439' title='bbox 1210 932 1344 965; x_wconf 71' lang='lat' dir='ltr'>videntur,</span> <span class='ocrx_word' id='word_1_440' title='bbox 1366 932 1431 972; x_wconf 63' lang='lat' dir='ltr'>quod</span> <span class='ocrx_word' id='word_1_441' title='bbox 1460 933 1560 959; x_wconf 80' lang='lat' dir='ltr'>uerbum</span> <span class='ocrx_word' id='word_1_442' title='bbox 1585 932 1620 959; x_wconf 79' lang='lat' dir='ltr'>ad</span> <span class='ocrx_word' id='word_1_443' title='bbox 1640 940 1713 967; x_wconf 78' lang='lat' dir='ltr'>opera</span> <span class='ocrx_word' id='word_1_444' title='bbox 1733 938 1855 967; x_wconf 70' lang='lat' dir='ltr'>pertinet,</span> <span class='ocrx_word' id='word_1_445' title='bbox 1873 945 1933 971; x_wconf 81' lang='lat' dir='ltr'>quae</span> <span class='ocrx_word' id='word_1_446' title='bbox 1955 946 2000 963; x_wconf 81' lang='lat' dir='ltr'>acu</span> <span class='ocrx_word' id='word_1_447' title='bbox 2016 945 2183 975; x_wconf 65' lang='lat' dir='ltr'>pce-agamur.</span> 
     </span>
     <span class='ocr_line' id='line_1_58' title="bbox 33 966 2184 1010; baseline -0 -11"><span class='ocrx_word' id='word_1_448' title='bbox 33 996 36 999; x_wconf 84' lang='grc'><em>.</em></span> <span class='ocrx_word' id='word_1_449' title='bbox 56 983 112 1001; x_wconf 88' lang='lat' dir='ltr'>care</span> <span class='ocrx_word' id='word_1_450' title='bbox 124 983 230 1009; x_wconf 85' lang='lat' dir='ltr'>equum.</span> <span class='ocrx_word' id='word_1_451' title='bbox 275 973 315 1007; x_wconf 65' lang='lat' dir='ltr'>[5st</span> <span class='ocrx_word' id='word_1_452' title='bbox 331 983 413 1009; x_wconf 45' lang='lat' dir='ltr'>nampc</span> <span class='ocrx_word' id='word_1_453' title='bbox 427 974 493 1010; x_wconf 85' lang='lat' dir='ltr'>apud</span> <span class='ocrx_word' id='word_1_454' title='bbox 505 973 619 1001; x_wconf 82' lang='lat' dir='ltr'>Eustath.</span> <span class='ocrx_word' id='word_1_455' title='bbox 635 973 662 998; x_wconf 89' lang='lat' dir='ltr'>in</span> <span class='ocrx_word' id='word_1_456' title='bbox 679 974 717 997; x_wconf 87' lang='grc' dir='ltr'>Ιλ.</span> <span class='ocrx_word' id='word_1_457' title='bbox 732 982 765 1003; x_wconf 74' lang='grc' dir='ltr'>οι,</span> <span class='ocrx_word' id='word_1_458' title='bbox 779 976 824 1000; x_wconf 77' lang='lat'>268</span> <span class='ocrx_word' id='word_1_459' title='bbox 842 980 866 1004; x_wconf 90' lang='lat' dir='ltr'>p.</span> <span class='ocrx_word' id='word_1_460' title='bbox 880 972 926 1004; x_wconf 88' lang='lat'>76,</span> <span class='ocrx_word' id='word_1_461' title='bbox 940 977 972 1001; x_wconf 78' lang='lat'>4²</span> <span class='ocrx_word' id='word_1_462' title='bbox 983 968 1070 994; x_wconf 70' lang='grc' dir='ltr'>Ἵππος</span> <span class='ocrx_word' id='word_1_463' title='bbox 1137 969 1221 1002; x_wconf 69' lang='lat' dir='ltr'>Qcare</span> <span class='ocrx_word' id='word_1_464' title='bbox 1241 968 1325 1008; x_wconf 67' lang='lat' dir='ltr'>Plaut.</span> <span class='ocrx_word' id='word_1_465' title='bbox 1347 968 1423 1002; x_wconf 82' lang='lat' dir='ltr'>Epid.</span> <span class='ocrx_word' id='word_1_466' title='bbox 1444 977 1466 1000; x_wconf 81' lang='lat'>3,</span> <span class='ocrx_word' id='word_1_467' title='bbox 1485 979 1513 1003; x_wconf 86' lang='lat'>4,</span> <span class='ocrx_word' id='word_1_468' title='bbox 1529 977 1557 1001; x_wconf 86' lang='lat'>19</span> <span class='ocrx_word' id='word_1_469' title='bbox 1578 966 1644 995; x_wconf 59' lang='lat' dir='ltr'>reste</span> <span class='ocrx_word' id='word_1_470' title='bbox 1656 970 1706 1004; x_wconf 74' lang='lat' dir='ltr'>legi</span> <span class='ocrx_word' id='word_1_471' title='bbox 1719 969 1784 994; x_wconf 77' lang='lat' dir='ltr'>iubet</span> <span class='ocrx_word' id='word_1_472' title='bbox 1799 971 1951 1004; x_wconf 76' lang='lat' dir='ltr'>Gronouius,</span> <span class='ocrx_word' id='word_1_473' title='bbox 1972 973 2046 1006; x_wconf 75' lang='lat' dir='ltr'>Qun</span> <span class='ocrx_word' id='word_1_474' title='bbox 2059 980 2086 999; x_wconf 88' lang='lat' dir='ltr'>tu</span> <span class='ocrx_word' id='word_1_475' title='bbox 2102 975 2184 1001; x_wconf 83' lang='lat' dir='ltr'>alium</span> 
     </span>
     <span class='ocr_line' id='line_1_59' title="bbox 34 1005 2184 1047; baseline 0.003 -18"><span class='ocrx_word' id='word_1_476' title='bbox 34 1005 35 1011; x_wconf 66' lang='lat'>¹</span> <span class='ocrx_word' id='word_1_477' title='bbox 61 1011 180 1043; x_wconf 53' lang='grc' dir='ltr'>Μόνη-α.</span> <span class='ocrx_word' id='word_1_478' title='bbox 195 1007 282 1044; x_wconf 46' lang='lat' dir='ltr'>galea,</span> <span class='ocrx_word' id='word_1_479' title='bbox 301 1009 387 1041; x_wconf 54' lang='grc' dir='ltr'>βασι-ἂς</span> <span class='ocrx_word' id='word_1_480' title='bbox 404 1009 427 1036; x_wconf 68' lang='grc' dir='ltr'>δ’</span> <span class='ocrx_word' id='word_1_481' title='bbox 437 1008 595 1045; x_wconf 49' lang='lat' dir='ltr'>&amp;norisium</span> <span class='ocrx_word' id='word_1_482' title='bbox 607 1010 684 1034; x_wconf 62' lang='grc' dir='ltr'><em>ἵππον.</em></span> <span class='ocrx_word' id='word_1_483' title='bbox 723 1008 825 1033; x_wconf 70' lang='lat' dir='ltr'>Fuerint</span> <span class='ocrx_word' id='word_1_484' title='bbox 839 1016 896 1042; x_wconf 72' lang='lat' dir='ltr'>crgo</span> <span class='ocrx_word' id='word_1_485' title='bbox 908 1007 990 1040; x_wconf 74' lang='lat' dir='ltr'>primi</span> <span class='ocrx_word' id='word_1_486' title='bbox 1003 1006 1067 1032; x_wconf 89' lang='lat' dir='ltr'>Cen·</span> <span class='ocrx_word' id='word_1_487' title='bbox 1137 1011 1261 1038; x_wconf 77' lang='lat' dir='ltr'>quaeras,</span> <span class='ocrx_word' id='word_1_488' title='bbox 1281 1013 1327 1043; x_wconf 79' lang='lat' dir='ltr'>cui</span> <span class='ocrx_word' id='word_1_489' title='bbox 1341 1010 1465 1030; x_wconf 84' lang='lat' dir='ltr'>centones</span> <span class='ocrx_word' id='word_1_490' title='bbox 1479 1005 1591 1037; x_wconf 85' lang='lat' dir='ltr'>sarcias,</span> <span class='ocrx_word' id='word_1_491' title='bbox 1608 1011 1657 1040; x_wconf 81' lang='lat' dir='ltr'>pro</span> <span class='ocrx_word' id='word_1_492' title='bbox 1669 1005 1773 1042; x_wconf 85' lang='lat' dir='ltr'>vulgato</span> <span class='ocrx_word' id='word_1_493' title='bbox 1786 1005 1892 1031; x_wconf 88' lang='lat' dir='ltr'>sarcias.</span> <span class='ocrx_word' id='word_1_494' title='bbox 1965 1010 2004 1039; x_wconf 75' lang='lat' dir='ltr'>Est</span> <span class='ocrx_word' id='word_1_495' title='bbox 2024 1017 2103 1035; x_wconf 80' lang='lat' dir='ltr'>autem</span> <span class='ocrx_word' id='word_1_496' title='bbox 2117 1011 2184 1047; x_wconf 74' lang='lat' dir='ltr'>Cen-</span> 
     </span>
     <span class='ocr_line' id='line_1_60' title="bbox 36 1034 2184 1079; baseline 0.001 -9"><span class='ocrx_word' id='word_1_497' title='bbox 36 1063 37 1070; x_wconf 59' lang='grc'>,</span> <span class='ocrx_word' id='word_1_498' title='bbox 51 1034 91 1072; x_wconf 69' lang='lat' dir='ltr'>nii</span> <span class='ocrx_word' id='word_1_499' title='bbox 105 1046 207 1071; x_wconf 71' lang='grc' dir='ltr'>κέντονες</span> <span class='ocrx_word' id='word_1_500' title='bbox 226 1046 300 1071; x_wconf 69' lang='grc' dir='ltr'><strong><em>ἵππων</em></strong></span> <span class='ocrx_word' id='word_1_501' title='bbox 310 1066 317 1077; x_wconf 94' lang='grc'>,</span> <span class='ocrx_word' id='word_1_502' title='bbox 339 1052 367 1071; x_wconf 73' lang='lat' dir='ltr'>vt</span> <span class='ocrx_word' id='word_1_503' title='bbox 381 1050 419 1071; x_wconf 80' lang='lat' dir='ltr'>ait</span> <span class='ocrx_word' id='word_1_504' title='bbox 435 1047 553 1072; x_wconf 70' lang='lat' dir='ltr'>Homerus</span> <span class='ocrx_word' id='word_1_505' title='bbox 568 1046 605 1070; x_wconf 85' lang='grc' dir='ltr'>Ιλ.</span> <span class='ocrx_word' id='word_1_506' title='bbox 617 1055 642 1076; x_wconf 73' lang='grc' dir='ltr'>ε,</span> <span class='ocrx_word' id='word_1_507' title='bbox 662 1051 716 1069; x_wconf 87' lang='lat'>102.</span> <span class='ocrx_word' id='word_1_508' title='bbox 768 1044 857 1069; x_wconf 68' lang='lat' dir='ltr'>Poetae</span> <span class='ocrx_word' id='word_1_509' title='bbox 877 1041 963 1067; x_wconf 67' lang='lat' dir='ltr'>demde</span> <span class='ocrx_word' id='word_1_510' title='bbox 979 1044 1070 1077; x_wconf 75' lang='lat' dir='ltr'>imagi-</span> <span class='ocrx_word' id='word_1_511' title='bbox 1135 1046 1211 1065; x_wconf 87' lang='lat' dir='ltr'>tones</span> <span class='ocrx_word' id='word_1_512' title='bbox 1224 1040 1336 1071; x_wconf 82' lang='lat' dir='ltr'>sarcire,</span> <span class='ocrx_word' id='word_1_513' title='bbox 1356 1040 1380 1065; x_wconf 82' lang='lat' dir='ltr'>h.</span> <span class='ocrx_word' id='word_1_514' title='bbox 1395 1042 1411 1065; x_wconf 85' lang='lat' dir='ltr'>l.</span> <span class='ocrx_word' id='word_1_515' title='bbox 1422 1040 1674 1076; x_wconf 77' lang='lat' dir='ltr'>prouerbialifigura</span> <span class='ocrx_word' id='word_1_516' title='bbox 1686 1042 1794 1076; x_wconf 78' lang='lat' dir='ltr'>gloriari</span> <span class='ocrx_word' id='word_1_517' title='bbox 1807 1041 1835 1066; x_wconf 72' lang='lat' dir='ltr'>de</span> <span class='ocrx_word' id='word_1_518' title='bbox 1843 1041 1872 1076; x_wconf 71' lang='lat' dir='ltr'><em>st</em></span> <span class='ocrx_word' id='word_1_519' title='bbox 1886 1048 1909 1066; x_wconf 75' lang='lat' dir='ltr'>ct</span> <span class='ocrx_word' id='word_1_520' title='bbox 1921 1041 2033 1075; x_wconf 59' lang='lat' dir='ltr'>iactare,</span> <span class='ocrx_word' id='word_1_521' title='bbox 2051 1054 2110 1079; x_wconf 80' lang='lat' dir='ltr'>quae</span> <span class='ocrx_word' id='word_1_522' title='bbox 2124 1047 2184 1072; x_wconf 83' lang='lat' dir='ltr'>male</span> 
     </span>
    </p>

    <p class='ocr_par' dir='ltr' id='par_1_10' title="bbox 20 1072 2189 1580">
     <span class='ocr_line' id='line_1_61' title="bbox 87 1072 2185 1117; baseline 0.005 -22"><span class='ocrx_word' id='word_1_523' title='bbox 87 1081 151 1107; x_wconf 64' lang='lat' dir='ltr'>ham.</span> <span class='ocrx_word' id='word_1_524' title='bbox 163 1072 246 1117; x_wconf 51' lang='lat' dir='ltr'>fimu-</span> <span class='ocrx_word' id='word_1_525' title='bbox 267 1085 349 1107; x_wconf 47' lang='lat' dir='ltr'>mmm.</span> <span class='ocrx_word' id='word_1_526' title='bbox 362 1091 412 1107; x_wconf 55' lang='lat' dir='ltr'>mm</span> <span class='ocrx_word' id='word_1_527' title='bbox 433 1084 574 1107; x_wconf 53' lang='lat' dir='ltr'>commemjs</span> <span class='ocrx_word' id='word_1_528' title='bbox 592 1080 784 1115; x_wconf 53' lang='lat' dir='ltr'>interpam-unt.</span> <span class='ocrx_word' id='word_1_529' title='bbox 858 1077 954 1110; x_wconf 84' lang='lat' dir='ltr'>Virgil.</span> <span class='ocrx_word' id='word_1_530' title='bbox 971 1077 1068 1110; x_wconf 85' lang='lat' dir='ltr'>Georg.</span> <span class='ocrx_word' id='word_1_531' title='bbox 1087 1079 1118 1105; x_wconf 82' lang='lat'>23</span> <span class='ocrx_word' id='word_1_532' title='bbox 1134 1075 1290 1100; x_wconf 60' lang='lat' dir='ltr'>cohaereant.</span> <span class='ocrx_word' id='word_1_533' title='bbox 1333 1074 1392 1101; x_wconf 62' lang='lat' dir='ltr'>Viti.</span> <span class='ocrx_word' id='word_1_534' title='bbox 1407 1085 1467 1110; x_wconf 75' lang='lat' dir='ltr'>quae</span> <span class='ocrx_word' id='word_1_535' title='bbox 1481 1076 1588 1102; x_wconf 77' lang='lat' dir='ltr'>dicemus</span> <span class='ocrx_word' id='word_1_536' title='bbox 1600 1086 1625 1102; x_wconf 90' lang='lat' dir='ltr'>n.</span> <span class='ocrx_word' id='word_1_537' title='bbox 1641 1085 1667 1103; x_wconf 93' lang='lat'>2.</span> <span class='ocrx_word' id='word_1_538' title='bbox 1737 1078 1791 1103; x_wconf 86' lang='lat' dir='ltr'>Iam</span> <span class='ocrx_word' id='word_1_539' title='bbox 1804 1078 1933 1103; x_wconf 74' lang='lat' dir='ltr'>audiamus</span> <span class='ocrx_word' id='word_1_540' title='bbox 1946 1077 2078 1105; x_wconf 70' lang='lat' dir='ltr'>Columel.</span> <span class='ocrx_word' id='word_1_541' title='bbox 2093 1088 2112 1112; x_wconf 85' lang='lat'>1,</span> <span class='ocrx_word' id='word_1_542' title='bbox 2125 1086 2137 1110; x_wconf 81' lang='lat'>8</span> <span class='ocrx_word' id='word_1_543' title='bbox 2147 1101 2154 1112; x_wconf 91' lang='lat'>‚</span> <span class='ocrx_word' id='word_1_544' title='bbox 2169 1090 2185 1113; x_wconf 87' lang='lat'>9</span> 
     </span>
     <span class='ocr_line' id='line_1_62' title="bbox 60 1110 2186 1151; baseline -0 -9"><span class='ocrx_word' id='word_1_545' title='bbox 60 1124 96 1149; x_wconf 79' lang='lat'>115</span> <span class='ocrx_word' id='word_1_546' title='bbox 121 1117 204 1143; x_wconf 79' lang='lat' dir='ltr'>Frena</span> <span class='ocrx_word' id='word_1_547' title='bbox 220 1117 381 1143; x_wconf 75' lang='lat' dir='ltr'>Pelethronii</span> <span class='ocrx_word' id='word_1_548' title='bbox 395 1118 522 1151; x_wconf 79' lang='lat' dir='ltr'>Lapithae</span> <span class='ocrx_word' id='word_1_549' title='bbox 539 1124 670 1151; x_wconf 77' lang='lat' dir='ltr'>gyrosque</span> <span class='ocrx_word' id='word_1_550' title='bbox 690 1114 818 1141; x_wconf 86' lang='lat' dir='ltr'>dederunt</span> <span class='ocrx_word' id='word_1_551' title='bbox 840 1113 959 1147; x_wconf 80' lang='lat' dir='ltr'>Impositi</span> <span class='ocrx_word' id='word_1_552' title='bbox 980 1112 1069 1143; x_wconf 88' lang='lat' dir='ltr'>dorso,</span> <span class='ocrx_word' id='word_1_553' title='bbox 1136 1110 1243 1137; x_wconf 88' lang='lat' dir='ltr'>Cultam</span> <span class='ocrx_word' id='word_1_554' title='bbox 1259 1110 1436 1145; x_wconf 83' lang='lat' dir='ltr'>vestitamque</span> <span class='ocrx_word' id='word_1_555' title='bbox 1451 1112 1582 1138; x_wconf 85' lang='lat' dir='ltr'>familiam</span> <span class='ocrx_word' id='word_1_556' title='bbox 1602 1112 1685 1146; x_wconf 82' lang='lat' dir='ltr'>magis</span> <span class='ocrx_word' id='word_1_557' title='bbox 1704 1112 1824 1145; x_wconf 82' lang='lat' dir='ltr'>Vtiliter,</span> <span class='ocrx_word' id='word_1_558' title='bbox 1846 1122 1926 1148; x_wconf 87' lang='lat' dir='ltr'>quam</span> <span class='ocrx_word' id='word_1_559' title='bbox 1949 1113 2060 1140; x_wconf 83' lang='lat' dir='ltr'>delicate</span> <span class='ocrx_word' id='word_1_560' title='bbox 2081 1115 2186 1148; x_wconf 85' lang='lat' dir='ltr'>habeat,</span> 
     </span>
     <span class='ocr_line' id='line_1_63' title="bbox 34 1146 2187 1188; baseline -0 -10"><span class='ocrx_word' id='word_1_561' title='bbox 34 1146 100 1187; x_wconf 39' lang='grc' dir='ltr'>*ηυξ</span> <span class='ocrx_word' id='word_1_562' title='bbox 120 1153 237 1188; x_wconf 82' lang='lat' dir='ltr'>equitem</span> <span class='ocrx_word' id='word_1_563' title='bbox 260 1153 374 1179; x_wconf 80' lang='lat' dir='ltr'>docuere</span> <span class='ocrx_word' id='word_1_564' title='bbox 394 1153 440 1179; x_wconf 92' lang='lat' dir='ltr'>sub</span> <span class='ocrx_word' id='word_1_565' title='bbox 460 1153 540 1178; x_wconf 77' lang='lat' dir='ltr'>armis</span> <span class='ocrx_word' id='word_1_566' title='bbox 570 1152 697 1178; x_wconf 83' lang='lat' dir='ltr'>Insultare</span> <span class='ocrx_word' id='word_1_567' title='bbox 716 1150 782 1177; x_wconf 87' lang='lat' dir='ltr'>solo.</span> <span class='ocrx_word' id='word_1_568' title='bbox 857 1149 974 1176; x_wconf 88' lang='lat' dir='ltr'>Seruius:</span> <span class='ocrx_word' id='word_1_569' title='bbox 996 1147 1067 1173; x_wconf 81' lang='lat' dir='ltr'>Pele-</span> <span class='ocrx_word' id='word_1_570' title='bbox 1135 1147 1322 1187; x_wconf 78' lang='lat' dir='ltr'>munitamque</span> <span class='ocrx_word' id='word_1_571' title='bbox 1343 1146 1489 1187; x_wconf 78' lang='lat' dir='ltr'>diligenter</span> <span class='ocrx_word' id='word_1_572' title='bbox 1508 1157 1522 1174; x_wconf 89' lang='lat' dir='ltr'>a</span> <span class='ocrx_word' id='word_1_573' title='bbox 1542 1154 1639 1180; x_wconf 86' lang='lat' dir='ltr'>vento,</span> <span class='ocrx_word' id='word_1_574' title='bbox 1659 1148 1777 1182; x_wconf 86' lang='lat' dir='ltr'>frigore,</span> <span class='ocrx_word' id='word_1_575' title='bbox 1802 1149 1947 1184; x_wconf 87' lang='lat' dir='ltr'>pluuiaque</span> <span class='ocrx_word' id='word_1_576' title='bbox 1965 1160 1969 1175; x_wconf 84' lang='lat' dir='ltr'>z</span> <span class='ocrx_word' id='word_1_577' title='bbox 2007 1159 2073 1184; x_wconf 84' lang='lat' dir='ltr'>quae</span> <span class='ocrx_word' id='word_1_578' title='bbox 2094 1151 2187 1178; x_wconf 68' lang='lat' dir='ltr'>cunGta</span> 
     </span>
     <span class='ocr_line' id='line_1_64' title="bbox 65 1182 2187 1222; baseline -0 -9"><span class='ocrx_word' id='word_1_579' title='bbox 65 1187 158 1214; x_wconf 87' lang='lat' dir='ltr'>onium</span> <span class='ocrx_word' id='word_1_580' title='bbox 172 1189 299 1222; x_wconf 79' lang='lat' dir='ltr'>oppidum</span> <span class='ocrx_word' id='word_1_581' title='bbox 314 1189 349 1214; x_wconf 81' lang='lat' dir='ltr'>est</span> <span class='ocrx_word' id='word_1_582' title='bbox 362 1188 520 1220; x_wconf 76' lang='lat' dir='ltr'>Theslaliae,</span> <span class='ocrx_word' id='word_1_583' title='bbox 534 1187 582 1213; x_wconf 88' lang='lat' dir='ltr'>vbi</span> <span class='ocrx_word' id='word_1_584' title='bbox 596 1189 713 1222; x_wconf 82' lang='lat' dir='ltr'>primum</span> <span class='ocrx_word' id='word_1_585' title='bbox 726 1186 920 1213; x_wconf 88' lang='lat' dir='ltr'>domandorum</span> <span class='ocrx_word' id='word_1_586' title='bbox 934 1192 1068 1217; x_wconf 87' lang='lat' dir='ltr'>equorum</span> <span class='ocrx_word' id='word_1_587' title='bbox 1135 1182 1316 1216; x_wconf 86' lang='lat' dir='ltr'>prohibentur</span> <span class='ocrx_word' id='word_1_588' title='bbox 1330 1183 1446 1217; x_wconf 83' lang='lat' dir='ltr'>pellibus</span> <span class='ocrx_word' id='word_1_589' title='bbox 1459 1184 1597 1210; x_wconf 81' lang='lat' dir='ltr'>manicatis</span> <span class='ocrx_word' id='word_1_590' title='bbox 1607 1204 1614 1215; x_wconf 93' lang='lat'>,</span> <span class='ocrx_word' id='word_1_591' title='bbox 1634 1184 1792 1211; x_wconf 86' lang='lat' dir='ltr'>centonibus</span> <span class='ocrx_word' id='word_1_592' title='bbox 1805 1185 1933 1211; x_wconf 65' lang='lat' dir='ltr'>confeetis</span> <span class='ocrx_word' id='word_1_593' title='bbox 1942 1205 1951 1217; x_wconf 86' lang='lat'>,</span> <span class='ocrx_word' id='word_1_594' title='bbox 1968 1186 2010 1212; x_wconf 86' lang='lat' dir='ltr'>vel</span> <span class='ocrx_word' id='word_1_595' title='bbox 2021 1186 2086 1220; x_wconf 87' lang='lat' dir='ltr'>sagis</span> <span class='ocrx_word' id='word_1_596' title='bbox 2100 1186 2187 1212; x_wconf 84' lang='lat' dir='ltr'>cucul-</span> 
     </span>
     <span class='ocr_line' id='line_1_65' title="bbox 52 1219 2188 1258; baseline -0.001 -8"><span class='ocrx_word' id='word_1_597' title='bbox 52 1231 139 1258; x_wconf 87' lang='lat' dir='ltr'>pertus</span> <span class='ocrx_word' id='word_1_598' title='bbox 152 1225 188 1250; x_wconf 79' lang='lat' dir='ltr'>cst</span> <span class='ocrx_word' id='word_1_599' title='bbox 203 1225 269 1250; x_wconf 79' lang='lat' dir='ltr'>vsus.</span> <span class='ocrx_word' id='word_1_600' title='bbox 308 1225 377 1251; x_wconf 86' lang='lat' dir='ltr'>Nam</span> <span class='ocrx_word' id='word_1_601' title='bbox 392 1233 450 1250; x_wconf 87' lang='lat' dir='ltr'>cum</span> <span class='ocrx_word' id='word_1_602' title='bbox 465 1223 574 1258; x_wconf 86' lang='lat' dir='ltr'>quidam</span> <span class='ocrx_word' id='word_1_603' title='bbox 586 1222 727 1250; x_wconf 76' lang='lat' dir='ltr'>Theffalus</span> <span class='ocrx_word' id='word_1_604' title='bbox 740 1231 802 1255; x_wconf 86' lang='lat' dir='ltr'>rex,</span> <span class='ocrx_word' id='word_1_605' title='bbox 822 1221 907 1248; x_wconf 81' lang='lat' dir='ltr'>bobus</span> <span class='ocrx_word' id='word_1_606' title='bbox 921 1219 1009 1246; x_wconf 87' lang='lat' dir='ltr'>oestro</span> <span class='ocrx_word' id='word_1_607' title='bbox 1025 1228 1067 1245; x_wconf 86' lang='lat' dir='ltr'>ex·</span> <span class='ocrx_word' id='word_1_608' title='bbox 1134 1219 1176 1244; x_wconf 79' lang='lat' dir='ltr'>lis.</span> <span class='ocrx_word' id='word_1_609' title='bbox 1255 1219 1319 1254; x_wconf 82' lang='lat' dir='ltr'>Vsus</span> <span class='ocrx_word' id='word_1_610' title='bbox 1332 1225 1474 1245; x_wconf 86' lang='lat' dir='ltr'>centonum</span> <span class='ocrx_word' id='word_1_611' title='bbox 1489 1223 1562 1245; x_wconf 70' lang='lat' dir='ltr'>ctiam</span> <span class='ocrx_word' id='word_1_612' title='bbox 1577 1223 1603 1245; x_wconf 80' lang='lat' dir='ltr'>in</span> <span class='ocrx_word' id='word_1_613' title='bbox 1613 1220 1714 1256; x_wconf 80' lang='lat' dir='ltr'>piscatu</span> <span class='ocrx_word' id='word_1_614' title='bbox 1733 1220 1799 1252; x_wconf 80' lang='lat' dir='ltr'>Plin.</span> <span class='ocrx_word' id='word_1_615' title='bbox 1815 1229 1841 1254; x_wconf 86' lang='lat'>9,</span> <span class='ocrx_word' id='word_1_616' title='bbox 1856 1229 1886 1254; x_wconf 76' lang='lat'>59</span> <span class='ocrx_word' id='word_1_617' title='bbox 1905 1222 1922 1247; x_wconf 92' lang='lat' dir='ltr'>s.</span> <span class='ocrx_word' id='word_1_618' title='bbox 1937 1227 1965 1253; x_wconf 75' lang='lat'>85</span> <span class='ocrx_word' id='word_1_619' title='bbox 1986 1221 2020 1248; x_wconf 81' lang='lat' dir='ltr'>ad</span> <span class='ocrx_word' id='word_1_620' title='bbox 2031 1222 2188 1257; x_wconf 71' lang='lat' dir='ltr'>excipiendos</span> 
     </span>
     <span class='ocr_line' id='line_1_66' title="bbox 55 1254 2189 1293; baseline -0.001 -7"><span class='ocrx_word' id='word_1_621' title='bbox 55 1260 140 1291; x_wconf 76' lang='lat' dir='ltr'>itatis,</span> <span class='ocrx_word' id='word_1_622' title='bbox 164 1261 286 1287; x_wconf 76' lang='lat' dir='ltr'>satellites</span> <span class='ocrx_word' id='word_1_623' title='bbox 305 1261 362 1286; x_wconf 89' lang='lat' dir='ltr'>suos</span> <span class='ocrx_word' id='word_1_624' title='bbox 383 1260 414 1286; x_wconf 86' lang='lat' dir='ltr'>ad</span> <span class='ocrx_word' id='word_1_625' title='bbox 435 1269 479 1286; x_wconf 87' lang='lat' dir='ltr'>eos</span> <span class='ocrx_word' id='word_1_626' title='bbox 497 1259 660 1286; x_wconf 80' lang='lat' dir='ltr'>reuocandos</span> <span class='ocrx_word' id='word_1_627' title='bbox 679 1259 719 1285; x_wconf 82' lang='lat' dir='ltr'>ire</span> <span class='ocrx_word' id='word_1_628' title='bbox 737 1258 855 1290; x_wconf 69' lang='lat' dir='ltr'>iuffifset,</span> <span class='ocrx_word' id='word_1_629' title='bbox 873 1256 969 1290; x_wconf 86' lang='lat' dir='ltr'>illique</span> <span class='ocrx_word' id='word_1_630' title='bbox 989 1256 1066 1281; x_wconf 86' lang='lat' dir='ltr'>cursu</span> <span class='ocrx_word' id='word_1_631' title='bbox 1088 1265 1120 1288; x_wconf 79' lang='lat'>30</span> <span class='ocrx_word' id='word_1_632' title='bbox 1130 1255 1219 1290; x_wconf 68' lang='lat' dir='ltr'>pisces.</span> <span class='ocrx_word' id='word_1_633' title='bbox 1270 1257 1320 1282; x_wconf 87' lang='lat' dir='ltr'>Pro</span> <span class='ocrx_word' id='word_1_634' title='bbox 1332 1254 1543 1291; x_wconf 67' lang='lat' dir='ltr'>tapetibiissuiffi</span> <span class='ocrx_word' id='word_1_635' title='bbox 1557 1255 1675 1282; x_wconf 72' lang='lat' dir='ltr'>videntur</span> <span class='ocrx_word' id='word_1_636' title='bbox 1689 1257 1822 1283; x_wconf 86' lang='lat' dir='ltr'>Centones</span> <span class='ocrx_word' id='word_1_637' title='bbox 1832 1257 2015 1293; x_wconf 70' lang='lat' dir='ltr'>infor-uicibus</span> <span class='ocrx_word' id='word_1_638' title='bbox 2028 1258 2189 1284; x_wconf 76' lang='lat' dir='ltr'>diobolarium</span> 
     </span>
     <span class='ocr_line' id='line_1_67' title="bbox 59 1291 2189 1330; baseline -0.001 -8"><span class='ocrx_word' id='word_1_639' title='bbox 59 1305 75 1322; x_wconf 89' lang='lat' dir='ltr'>n</span> <span class='ocrx_word' id='word_1_640' title='bbox 95 1295 258 1328; x_wconf 79' lang='lat' dir='ltr'>sufficereut,</span> <span class='ocrx_word' id='word_1_641' title='bbox 274 1297 443 1322; x_wconf 56' lang='lat' dir='ltr'>ascenderunt</span> <span class='ocrx_word' id='word_1_642' title='bbox 461 1305 557 1330; x_wconf 86' lang='lat' dir='ltr'>equos,</span> <span class='ocrx_word' id='word_1_643' title='bbox 577 1302 602 1321; x_wconf 92' lang='lat' dir='ltr'>et</span> <span class='ocrx_word' id='word_1_644' title='bbox 617 1304 710 1321; x_wconf 88' lang='lat' dir='ltr'>eorum</span> <span class='ocrx_word' id='word_1_645' title='bbox 724 1294 865 1320; x_wconf 88' lang='lat' dir='ltr'>velocitate</span> <span class='ocrx_word' id='word_1_646' title='bbox 880 1292 962 1318; x_wconf 88' lang='lat' dir='ltr'>boues</span> <span class='ocrx_word' id='word_1_647' title='bbox 977 1291 1069 1324; x_wconf 85' lang='lat' dir='ltr'>secuti,</span> <span class='ocrx_word' id='word_1_648' title='bbox 1132 1292 1255 1325; x_wconf 80' lang='lat' dir='ltr'>luparum.</span> <span class='ocrx_word' id='word_1_649' title='bbox 1328 1291 1562 1323; x_wconf 85' lang='lat' dir='ltr'>quen.Sat.6‚121</span> <span class='ocrx_word' id='word_1_650' title='bbox 1581 1293 1694 1318; x_wconf 86' lang='lat' dir='ltr'>Intrauit</span> <span class='ocrx_word' id='word_1_651' title='bbox 1707 1292 1823 1319; x_wconf 85' lang='lat' dir='ltr'>calidum</span> <span class='ocrx_word' id='word_1_652' title='bbox 1837 1293 1922 1320; x_wconf 89' lang='lat' dir='ltr'>veteri</span> <span class='ocrx_word' id='word_1_653' title='bbox 1940 1300 2051 1320; x_wconf 81' lang='lat' dir='ltr'>centone</span> <span class='ocrx_word' id='word_1_654' title='bbox 2070 1294 2189 1328; x_wconf 82' lang='lat' dir='ltr'>lupanar.</span> 
     </span>
     <span class='ocr_line' id='line_1_68' title="bbox 57 1327 2188 1365; baseline -0 -7"><span class='ocrx_word' id='word_1_655' title='bbox 57 1341 67 1358; x_wconf 87' lang='lat' dir='ltr'>s</span> <span class='ocrx_word' id='word_1_656' title='bbox 80 1331 193 1358; x_wconf 85' lang='lat' dir='ltr'>stimulis</span> <span class='ocrx_word' id='word_1_657' title='bbox 205 1333 235 1359; x_wconf 87' lang='lat' dir='ltr'>ad</span> <span class='ocrx_word' id='word_1_658' title='bbox 249 1334 316 1358; x_wconf 81' lang='lat' dir='ltr'>tecta</span> <span class='ocrx_word' id='word_1_659' title='bbox 329 1337 496 1358; x_wconf 85' lang='lat' dir='ltr'>rcuocarunt.</span> <span class='ocrx_word' id='word_1_660' title='bbox 533 1331 580 1358; x_wconf 86' lang='lat' dir='ltr'>Sed</span> <span class='ocrx_word' id='word_1_661' title='bbox 595 1331 623 1357; x_wconf 91' lang='lat' dir='ltr'>hi</span> <span class='ocrx_word' id='word_1_662' title='bbox 636 1330 699 1360; x_wconf 84' lang='lat' dir='ltr'>visi,</span> <span class='ocrx_word' id='word_1_663' title='bbox 713 1337 757 1357; x_wconf 89' lang='lat' dir='ltr'>aut</span> <span class='ocrx_word' id='word_1_664' title='bbox 771 1339 830 1356; x_wconf 84' lang='lat' dir='ltr'>cum</span> <span class='ocrx_word' id='word_1_665' title='bbox 842 1329 913 1355; x_wconf 86' lang='lat' dir='ltr'>irent</span> <span class='ocrx_word' id='word_1_666' title='bbox 927 1327 1068 1360; x_wconf 81' lang='lat' dir='ltr'>velociter,</span> <span class='ocrx_word' id='word_1_667' title='bbox 1135 1328 1269 1353; x_wconf 80' lang='lat' dir='ltr'>Centones</span> <span class='ocrx_word' id='word_1_668' title='bbox 1294 1327 1369 1362; x_wconf 85' lang='lat' dir='ltr'>equis</span> <span class='ocrx_word' id='word_1_669' title='bbox 1392 1334 1418 1353; x_wconf 87' lang='lat' dir='ltr'>et</span> <span class='ocrx_word' id='word_1_670' title='bbox 1438 1327 1519 1353; x_wconf 89' lang='lat' dir='ltr'>mulis</span> <span class='ocrx_word' id='word_1_671' title='bbox 1543 1327 1674 1362; x_wconf 77' lang='lat' dir='ltr'>asinisque</span> <span class='ocrx_word' id='word_1_672' title='bbox 1696 1328 1871 1363; x_wconf 87' lang='lat' dir='ltr'>imponuntur</span> <span class='ocrx_word' id='word_1_673' title='bbox 1894 1329 1940 1355; x_wconf 88' lang='lat' dir='ltr'>sub</span> <span class='ocrx_word' id='word_1_674' title='bbox 1952 1329 2021 1356; x_wconf 70' lang='lat' dir='ltr'>sellis</span> <span class='ocrx_word' id='word_1_675' title='bbox 2035 1336 2079 1356; x_wconf 84' lang='lat' dir='ltr'>aut</span> <span class='ocrx_word' id='word_1_676' title='bbox 2093 1330 2188 1365; x_wconf 80' lang='lat' dir='ltr'>sagmis</span> 
     </span>
     <span class='ocr_line' id='line_1_69' title="bbox 57 1362 2188 1402; baseline -0.001 -8"><span class='ocrx_word' id='word_1_677' title='bbox 57 1375 67 1394; x_wconf 91' lang='lat' dir='ltr'>t</span> <span class='ocrx_word' id='word_1_678' title='bbox 80 1377 139 1394; x_wconf 85' lang='lat' dir='ltr'>cum</span> <span class='ocrx_word' id='word_1_679' title='bbox 152 1376 243 1394; x_wconf 87' lang='lat' dir='ltr'>eorum</span> <span class='ocrx_word' id='word_1_680' title='bbox 257 1368 318 1402; x_wconf 88' lang='lat' dir='ltr'>equi</span> <span class='ocrx_word' id='word_1_681' title='bbox 332 1368 400 1394; x_wconf 81' lang='lat' dir='ltr'>circa</span> <span class='ocrx_word' id='word_1_682' title='bbox 415 1369 513 1394; x_wconf 87' lang='lat' dir='ltr'>flumen</span> <span class='ocrx_word' id='word_1_683' title='bbox 525 1369 629 1394; x_wconf 87' lang='lat' dir='ltr'>Peneon</span> <span class='ocrx_word' id='word_1_684' title='bbox 649 1372 769 1401; x_wconf 84' lang='lat' dir='ltr'>potarent</span> <span class='ocrx_word' id='word_1_685' title='bbox 790 1364 919 1400; x_wconf 82' lang='lat' dir='ltr'>capitibus</span> <span class='ocrx_word' id='word_1_686' title='bbox 934 1363 1069 1390; x_wconf 87' lang='lat' dir='ltr'>inclinatis</span> <span class='ocrx_word' id='word_1_687' title='bbox 1135 1364 1199 1397; x_wconf 86' lang='lat' dir='ltr'>Veg.</span> <span class='ocrx_word' id='word_1_688' title='bbox 1214 1362 1328 1389; x_wconf 90' lang='lat' dir='ltr'>Mulom.</span> <span class='ocrx_word' id='word_1_689' title='bbox 1339 1371 1411 1395; x_wconf 78' lang='lat'>2,59.</span> <span class='ocrx_word' id='word_1_690' title='bbox 1610 1362 1631 1400; x_wconf 58' lang='lat' dir='ltr'><strong>ff</strong></span> <span class='ocrx_word' id='word_1_691' title='bbox 1655 1373 1670 1390; x_wconf 84' lang='lat'>2</span> <span class='ocrx_word' id='word_1_692' title='bbox 1707 1365 1793 1391; x_wconf 87' lang='lat' dir='ltr'>Cento</span> <span class='ocrx_word' id='word_1_693' title='bbox 1806 1368 1926 1391; x_wconf 79' lang='lat' dir='ltr'>carminis</span> <span class='ocrx_word' id='word_1_694' title='bbox 1939 1375 2026 1402; x_wconf 80' lang='lat' dir='ltr'>genus,</span> <span class='ocrx_word' id='word_1_695' title='bbox 2040 1366 2067 1392; x_wconf 77' lang='lat' dir='ltr'>de</span> <span class='ocrx_word' id='word_1_696' title='bbox 2082 1375 2127 1402; x_wconf 88' lang='lat' dir='ltr'>quo</span> <span class='ocrx_word' id='word_1_697' title='bbox 2135 1367 2188 1392; x_wconf 85' lang='lat' dir='ltr'>Au-</span> 
     </span>
     <span class='ocr_line' id='line_1_70' title="bbox 20 1398 2189 1437; baseline -0 -7"><span class='ocrx_word' id='word_1_698' title='bbox 20 1427 27 1431; x_wconf 41' lang='lat'>..</span> <span class='ocrx_word' id='word_1_699' title='bbox 52 1413 111 1430; x_wconf 87' lang='lat' dir='ltr'>cum</span> <span class='ocrx_word' id='word_1_700' title='bbox 126 1403 229 1430; x_wconf 85' lang='lat' dir='ltr'>fabulae</span> <span class='ocrx_word' id='word_1_701' title='bbox 243 1403 387 1436; x_wconf 87' lang='lat' dir='ltr'>dederunt,</span> <span class='ocrx_word' id='word_1_702' title='bbox 403 1410 431 1429; x_wconf 91' lang='lat' dir='ltr'>vt</span> <span class='ocrx_word' id='word_1_703' title='bbox 445 1404 561 1430; x_wconf 76' lang='lat' dir='ltr'>centauri</span> <span class='ocrx_word' id='word_1_704' title='bbox 581 1404 629 1430; x_wconf 86' lang='lat' dir='ltr'>esse</span> <span class='ocrx_word' id='word_1_705' title='bbox 645 1402 829 1433; x_wconf 78' lang='lat' dir='ltr'>crederentur,</span> <span class='ocrx_word' id='word_1_706' title='bbox 851 1400 900 1435; x_wconf 91' lang='lat' dir='ltr'>qui</span> <span class='ocrx_word' id='word_1_707' title='bbox 920 1399 987 1425; x_wconf 62' lang='lat' dir='ltr'>dieii</span> <span class='ocrx_word' id='word_1_708' title='bbox 1008 1399 1067 1426; x_wconf 90' lang='lat' dir='ltr'>sunt</span> <span class='ocrx_word' id='word_1_709' title='bbox 1134 1399 1224 1424; x_wconf 88' lang='lat' dir='ltr'>sonius</span> <span class='ocrx_word' id='word_1_710' title='bbox 1243 1402 1270 1423; x_wconf 83' lang='lat' dir='ltr'>in</span> <span class='ocrx_word' id='word_1_711' title='bbox 1284 1398 1396 1432; x_wconf 83' lang='lat' dir='ltr'>epistola</span> <span class='ocrx_word' id='word_1_712' title='bbox 1412 1399 1527 1425; x_wconf 81' lang='lat' dir='ltr'>Centoni</span> <span class='ocrx_word' id='word_1_713' title='bbox 1543 1399 1589 1425; x_wconf 85' lang='lat' dir='ltr'>suo</span> <span class='ocrx_word' id='word_1_714' title='bbox 1602 1400 1718 1434; x_wconf 87' lang='lat' dir='ltr'>nuptiali</span> <span class='ocrx_word' id='word_1_715' title='bbox 1726 1400 1859 1435; x_wconf 75' lang='lat' dir='ltr'>praemiffiz</span> <span class='ocrx_word' id='word_1_716' title='bbox 1874 1410 1949 1435; x_wconf 78' lang='lat' dir='ltr'>p.5o1</span> <span class='ocrx_word' id='word_1_717' title='bbox 1970 1402 2056 1428; x_wconf 88' lang='lat' dir='ltr'>Cento</span> <span class='ocrx_word' id='word_1_718' title='bbox 2073 1401 2139 1437; x_wconf 90' lang='lat' dir='ltr'>quid</span> <span class='ocrx_word' id='word_1_719' title='bbox 2158 1401 2189 1428; x_wconf 86' lang='lat' dir='ltr'>fit</span> 
     </span>
     <span class='ocr_line' id='line_1_71' title="bbox 47 1433 2189 1473; baseline -0.002 -8"><span class='ocrx_word' id='word_1_720' title='bbox 47 1439 150 1466; x_wconf 86' lang='lat' dir='ltr'>entauri</span> <span class='ocrx_word' id='word_1_721' title='bbox 165 1439 213 1465; x_wconf 77' lang='grc' dir='ltr'>οέπιὶ</span> <span class='ocrx_word' id='word_1_722' title='bbox 231 1440 263 1465; x_wconf 67' lang='grc' dir='ltr'>τί</span> <span class='ocrx_word' id='word_1_723' title='bbox 283 1441 368 1472; x_wconf 57' lang='lat' dir='ltr'>xcv-riv</span> <span class='ocrx_word' id='word_1_724' title='bbox 388 1443 506 1471; x_wconf 75' lang='grc' dir='ltr'><strong><em>(κεντεῖν)</em></strong></span> <span class='ocrx_word' id='word_1_725' title='bbox 526 1438 569 1465; x_wconf 65' lang='lat' dir='ltr'>nis</span> <span class='ocrx_word' id='word_1_726' title='bbox 582 1438 677 1471; x_wconf 59' lang='grc' dir='ltr'><em>ταύρω.</em></span> <span class='ocrx_word' id='word_1_727' title='bbox 749 1437 825 1463; x_wconf 92' lang='lat' dir='ltr'>Oros.</span> <span class='ocrx_word' id='word_1_728' title='bbox 843 1445 862 1468; x_wconf 94' lang='lat'>1,</span> <span class='ocrx_word' id='word_1_729' title='bbox 877 1445 901 1468; x_wconf 82' lang='lat'>13</span> <span class='ocrx_word' id='word_1_730' title='bbox 927 1435 1067 1462; x_wconf 72' lang='lat' dir='ltr'>Thessalos</span> <span class='ocrx_word' id='word_1_731' title='bbox 1088 1445 1117 1471; x_wconf 76' lang='lat'>35</span> <span class='ocrx_word' id='word_1_732' title='bbox 1134 1433 1280 1473; x_wconf 79' lang='lat' dir='ltr'>absoluam.</span> <span class='ocrx_word' id='word_1_733' title='bbox 1319 1435 1408 1467; x_wconf 81' lang='lat' dir='ltr'>Variis</span> <span class='ocrx_word' id='word_1_734' title='bbox 1422 1435 1454 1460; x_wconf 90' lang='lat' dir='ltr'>de</span> <span class='ocrx_word' id='word_1_735' title='bbox 1468 1435 1533 1461; x_wconf 87' lang='lat' dir='ltr'>locis</span> <span class='ocrx_word' id='word_1_736' title='bbox 1548 1435 1717 1470; x_wconf 79' lang='lat' dir='ltr'>sensibusque</span> <span class='ocrx_word' id='word_1_737' title='bbox 1732 1436 1841 1462; x_wconf 77' lang='lat' dir='ltr'>diuersis</span> <span class='ocrx_word' id='word_1_738' title='bbox 1855 1437 1983 1471; x_wconf 84' lang='lat' dir='ltr'>quaedam</span> <span class='ocrx_word' id='word_1_739' title='bbox 1991 1438 2115 1465; x_wconf 83' lang='lat' dir='ltr'>carminis</span> <span class='ocrx_word' id='word_1_740' title='bbox 2123 1437 2189 1464; x_wconf 85' lang='lat' dir='ltr'>stru-</span> 
     </span>
     <span class='ocr_line' id='line_1_72' title="bbox 58 1468 2189 1510; baseline -0.001 -8"><span class='ocrx_word' id='word_1_741' title='bbox 58 1475 191 1509; x_wconf 78' lang='lat' dir='ltr'>laephatus</span> <span class='ocrx_word' id='word_1_742' title='bbox 204 1475 292 1510; x_wconf 87' lang='lat' dir='ltr'>prodit</span> <span class='ocrx_word' id='word_1_743' title='bbox 308 1475 372 1510; x_wconf 71' lang='lat' dir='ltr'>ipsa·</span> <span class='ocrx_word' id='word_1_744' title='bbox 385 1484 400 1502; x_wconf 88' lang='lat' dir='ltr'>a</span> <span class='ocrx_word' id='word_1_745' title='bbox 413 1475 532 1510; x_wconf 81' lang='lat' dir='ltr'>Lapithis</span> <span class='ocrx_word' id='word_1_746' title='bbox 546 1475 659 1501; x_wconf 71' lang='lat' dir='ltr'>credito·</span> <span class='ocrx_word' id='word_1_747' title='bbox 674 1472 813 1507; x_wconf 60' lang='lat' dir='ltr'>diffiiosque</span> <span class='ocrx_word' id='word_1_748' title='bbox 827 1472 902 1499; x_wconf 81' lang='lat' dir='ltr'>fuitse</span> <span class='ocrx_word' id='word_1_749' title='bbox 911 1473 1068 1503; x_wconf 82' lang='lat' dir='ltr'>Centauros,</span> <span class='ocrx_word' id='word_1_750' title='bbox 1134 1469 1209 1496; x_wconf 70' lang='lat' dir='ltr'>c‘tura</span> <span class='ocrx_word' id='word_1_751' title='bbox 1223 1468 1369 1501; x_wconf 83' lang='lat' dir='ltr'>solidatur,</span> <span class='ocrx_word' id='word_1_752' title='bbox 1387 1470 1415 1495; x_wconf 89' lang='lat' dir='ltr'>in</span> <span class='ocrx_word' id='word_1_753' title='bbox 1428 1479 1511 1496; x_wconf 84' lang='lat' dir='ltr'>vnum</span> <span class='ocrx_word' id='word_1_754' title='bbox 1529 1472 1634 1497; x_wconf 89' lang='lat' dir='ltr'>versum</span> <span class='ocrx_word' id='word_1_755' title='bbox 1648 1477 1677 1497; x_wconf 91' lang='lat' dir='ltr'>vt</span> <span class='ocrx_word' id='word_1_756' title='bbox 1690 1473 1782 1498; x_wconf 87' lang='lat' dir='ltr'>co&#39;c&#39;ant</span> <span class='ocrx_word' id='word_1_757' title='bbox 1795 1473 1859 1498; x_wconf 86' lang='lat' dir='ltr'>caefi</span> <span class='ocrx_word' id='word_1_758' title='bbox 1872 1472 1935 1504; x_wconf 87' lang='lat' dir='ltr'>duo,</span> <span class='ocrx_word' id='word_1_759' title='bbox 1957 1479 2002 1499; x_wconf 89' lang='lat' dir='ltr'>aut</span> <span class='ocrx_word' id='word_1_760' title='bbox 2016 1482 2082 1500; x_wconf 89' lang='lat' dir='ltr'>vnus</span> <span class='ocrx_word' id='word_1_761' title='bbox 2104 1479 2129 1500; x_wconf 88' lang='lat' dir='ltr'>et</span> <span class='ocrx_word' id='word_1_762' title='bbox 2152 1474 2189 1500; x_wconf 87' lang='lat' dir='ltr'>se-</span> 
     </span>
     <span class='ocr_line' id='line_1_73' title="bbox 64 1505 2189 1546; baseline -0.001 -9"><span class='ocrx_word' id='word_1_763' title='bbox 64 1531 72 1543; x_wconf 92' lang='lat'>,</span> <span class='ocrx_word' id='word_1_764' title='bbox 91 1510 162 1546; x_wconf 84' lang='lat' dir='ltr'>quod</span> <span class='ocrx_word' id='word_1_765' title='bbox 176 1511 349 1538; x_wconf 74' lang='lat' dir='ltr'>discurrentes</span> <span class='ocrx_word' id='word_1_766' title='bbox 362 1511 390 1538; x_wconf 77' lang='lat' dir='ltr'>in</span> <span class='ocrx_word' id='word_1_767' title='bbox 404 1511 474 1538; x_wconf 86' lang='lat' dir='ltr'>bello</span> <span class='ocrx_word' id='word_1_768' title='bbox 493 1511 595 1545; x_wconf 85' lang='lat' dir='ltr'>equites</span> <span class='ocrx_word' id='word_1_769' title='bbox 617 1509 701 1536; x_wconf 88' lang='lat' dir='ltr'>veluti</span> <span class='ocrx_word' id='word_1_770' title='bbox 718 1517 799 1535; x_wconf 87' lang='lat' dir='ltr'>vnum</span> <span class='ocrx_word' id='word_1_771' title='bbox 820 1517 914 1543; x_wconf 87' lang='lat' dir='ltr'>corpus</span> <span class='ocrx_word' id='word_1_772' title='bbox 934 1516 1067 1542; x_wconf 84' lang='lat' dir='ltr'>equorum</span> <span class='ocrx_word' id='word_1_773' title='bbox 1134 1514 1216 1540; x_wconf 82' lang='lat' dir='ltr'>quens</span> <span class='ocrx_word' id='word_1_774' title='bbox 1231 1514 1291 1531; x_wconf 85' lang='lat' dir='ltr'>cum</span> <span class='ocrx_word' id='word_1_775' title='bbox 1304 1505 1405 1532; x_wconf 87' lang='lat' dir='ltr'>medio.</span> <span class='ocrx_word' id='word_1_776' title='bbox 1460 1506 1531 1532; x_wconf 87' lang='lat' dir='ltr'>Nam</span> <span class='ocrx_word' id='word_1_777' title='bbox 1539 1506 1605 1533; x_wconf 85' lang='lat' dir='ltr'>duos</span> <span class='ocrx_word' id='word_1_778' title='bbox 1614 1506 1726 1533; x_wconf 67' lang='lat' dir='ltr'>iunctim</span> <span class='ocrx_word' id='word_1_779' title='bbox 1742 1507 1846 1539; x_wconf 86' lang='lat' dir='ltr'>locare,</span> <span class='ocrx_word' id='word_1_780' title='bbox 1865 1508 1986 1542; x_wconf 86' lang='lat' dir='ltr'>ineptum</span> <span class='ocrx_word' id='word_1_781' title='bbox 2000 1509 2036 1534; x_wconf 88' lang='lat' dir='ltr'>est</span> <span class='ocrx_word' id='word_1_782' title='bbox 2050 1519 2057 1539; x_wconf 78' lang='lat'>3</span> <span class='ocrx_word' id='word_1_783' title='bbox 2094 1515 2119 1535; x_wconf 92' lang='lat' dir='ltr'>et</span> <span class='ocrx_word' id='word_1_784' title='bbox 2136 1514 2189 1536; x_wconf 85' lang='lat' dir='ltr'>tres</span> 
     </span>
     <span class='ocr_line' id='line_1_74' title="bbox 60 1541 2189 1580; baseline -0 -8"><span class='ocrx_word' id='word_1_785' title='bbox 60 1547 200 1573; x_wconf 88' lang='lat' dir='ltr'>hominum</span> <span class='ocrx_word' id='word_1_786' title='bbox 214 1547 376 1574; x_wconf 87' lang='lat' dir='ltr'>viderentur.</span> <span class='ocrx_word' id='word_1_787' title='bbox 417 1547 612 1573; x_wconf 86' lang='lat' dir='ltr'>Centaurorum</span> <span class='ocrx_word' id='word_1_788' title='bbox 624 1549 652 1571; x_wconf 85' lang='lat' dir='ltr'>in</span> <span class='ocrx_word' id='word_1_789' title='bbox 666 1548 762 1580; x_wconf 75' lang='lat' dir='ltr'>nuptiis</span> <span class='ocrx_word' id='word_1_790' title='bbox 776 1545 887 1571; x_wconf 76' lang='lat' dir='ltr'>Pirithoi</span> <span class='ocrx_word' id='word_1_791' title='bbox 903 1550 926 1570; x_wconf 79' lang='lat' dir='ltr'>et</span> <span class='ocrx_word' id='word_1_792' title='bbox 940 1543 1068 1578; x_wconf 73' lang='lat' dir='ltr'>Hippoda-</span> <span class='ocrx_word' id='word_1_793' title='bbox 1133 1550 1186 1568; x_wconf 84' lang='lat' dir='ltr'>vna</span> <span class='ocrx_word' id='word_1_794' title='bbox 1201 1541 1285 1573; x_wconf 82' lang='lat' dir='ltr'>serie,</span> <span class='ocrx_word' id='word_1_795' title='bbox 1305 1550 1395 1567; x_wconf 85' lang='lat' dir='ltr'>merae</span> <span class='ocrx_word' id='word_1_796' title='bbox 1410 1550 1505 1575; x_wconf 83' lang='lat' dir='ltr'>nugae.</span> <span class='ocrx_word' id='word_1_797' title='bbox 1576 1542 1696 1568; x_wconf 86' lang='lat' dir='ltr'>Tertull.</span> <span class='ocrx_word' id='word_1_798' title='bbox 1712 1542 1744 1568; x_wconf 89' lang='lat' dir='ltr'>de</span> <span class='ocrx_word' id='word_1_799' title='bbox 1758 1543 1871 1569; x_wconf 80' lang='lat' dir='ltr'>Praescr.</span> <span class='ocrx_word' id='word_1_800' title='bbox 1885 1551 1916 1575; x_wconf 85' lang='lat'>39</span> <span class='ocrx_word' id='word_1_801' title='bbox 1957 1543 2039 1570; x_wconf 79' lang='lat' dir='ltr'>Vides</span> <span class='ocrx_word' id='word_1_802' title='bbox 2062 1543 2142 1571; x_wconf 90' lang='lat' dir='ltr'>hodie</span> <span class='ocrx_word' id='word_1_803' title='bbox 2157 1553 2189 1571; x_wconf 88' lang='lat' dir='ltr'>ex</span> 
     </span>
    </p>
   </div>
   <div class='ocr_carea' id='block_1_8' title="bbox 0 1491 2192 1725">
    <p class='ocr_par' dir='ltr' id='par_1_11' title="bbox 0 1491 2192 1725">
     <span class='ocr_line' id='line_1_75' title="bbox 1 1491 3 1506; baseline 0 0"><span class='ocrx_word' id='word_1_804' title='bbox 1 1491 3 1506; x_wconf 89' lang='lat' dir='ltr'>l</span> 
     </span>
     <span class='ocr_line' id='line_1_76' title="bbox 0 1514 4 1540; baseline 0 0"><span class='ocrx_word' id='word_1_805' title='bbox 0 1514 4 1540; x_wconf 85' lang='lat' dir='ltr'>l</span> 
     </span>
     <span class='ocr_line' id='line_1_77' title="bbox 0 1559 2191 1618; baseline 0 -12"><span class='ocrx_word' id='word_1_806' title='bbox 0 1559 7 1613; x_wconf 55' lang='lat' dir='ltr'>l</span> <span class='ocrx_word' id='word_1_807' title='bbox 44 1590 69 1606; x_wconf 70' lang='lat' dir='ltr'>cs</span> <span class='ocrx_word' id='word_1_808' title='bbox 81 1581 249 1618; x_wconf 66' lang='lat' dir='ltr'>insolentiam,</span> <span class='ocrx_word' id='word_1_809' title='bbox 269 1590 292 1608; x_wconf 81' lang='lat' dir='ltr'>et</span> <span class='ocrx_word' id='word_1_810' title='bbox 300 1583 398 1617; x_wconf 82' lang='lat' dir='ltr'>praelia</span> <span class='ocrx_word' id='word_1_811' title='bbox 411 1592 463 1608; x_wconf 81' lang='lat' dir='ltr'>cum</span> <span class='ocrx_word' id='word_1_812' title='bbox 477 1582 594 1617; x_wconf 74' lang='lat' dir='ltr'>Lapithis</span> <span class='ocrx_word' id='word_1_813' title='bbox 613 1581 670 1607; x_wconf 80' lang='lat' dir='ltr'>inde</span> <span class='ocrx_word' id='word_1_814' title='bbox 687 1588 757 1612; x_wconf 82' lang='lat' dir='ltr'>orta,</span> <span class='ocrx_word' id='word_1_815' title='bbox 777 1580 894 1617; x_wconf 73' lang='lat' dir='ltr'>describit</span> <span class='ocrx_word' id='word_1_816' title='bbox 908 1580 990 1607; x_wconf 85' lang='lat' dir='ltr'>Ouid.</span> <span class='ocrx_word' id='word_1_817' title='bbox 1002 1581 1067 1606; x_wconf 92' lang='lat' dir='ltr'>Met.</span> <span class='ocrx_word' id='word_1_818' title='bbox 1132 1577 1252 1611; x_wconf 86' lang='lat' dir='ltr'>Virgilio</span> <span class='ocrx_word' id='word_1_819' title='bbox 1266 1576 1384 1603; x_wconf 83' lang='lat' dir='ltr'>fabulam</span> <span class='ocrx_word' id='word_1_820' title='bbox 1399 1577 1427 1602; x_wconf 86' lang='lat' dir='ltr'>in</span> <span class='ocrx_word' id='word_1_821' title='bbox 1441 1583 1527 1603; x_wconf 87' lang='lat' dir='ltr'>totum</span> <span class='ocrx_word' id='word_1_822' title='bbox 1543 1577 1623 1603; x_wconf 86' lang='lat' dir='ltr'>aliam</span> <span class='ocrx_word' id='word_1_823' title='bbox 1640 1579 1784 1612; x_wconf 87' lang='lat' dir='ltr'>componi,</span> <span class='ocrx_word' id='word_1_824' title='bbox 1802 1579 1914 1606; x_wconf 86' lang='lat' dir='ltr'>materia</span> <span class='ocrx_word' id='word_1_825' title='bbox 1928 1579 2071 1606; x_wconf 83' lang='lat' dir='ltr'>secundum</span> <span class='ocrx_word' id='word_1_826' title='bbox 2090 1580 2191 1612; x_wconf 89' lang='lat' dir='ltr'>versus,</span> 
     </span>
     <span class='ocr_line' id='line_1_78' title="bbox 0 1612 2192 1659; baseline -0 -16"><span class='ocrx_word' id='word_1_827' title='bbox 0 1629 13 1659; x_wconf 58' lang='lat' dir='ltr'>D*</span> <span class='ocrx_word' id='word_1_828' title='bbox 56 1637 64 1649; x_wconf 97' lang='lat'>,</span> <span class='ocrx_word' id='word_1_829' title='bbox 86 1625 129 1643; x_wconf 80' lang='lat'>210</span> <span class='ocrx_word' id='word_1_830' title='bbox 150 1619 205 1652; x_wconf 89' lang='lat' dir='ltr'>sqq.</span> <span class='ocrx_word' id='word_1_831' title='bbox 236 1618 300 1643; x_wconf 80' lang='lat' dir='ltr'>vnde</span> <span class='ocrx_word' id='word_1_832' title='bbox 320 1621 420 1643; x_wconf 84' lang='lat' dir='ltr'>nomina</span> <span class='ocrx_word' id='word_1_833' title='bbox 440 1617 552 1648; x_wconf 80' lang='lat' dir='ltr'>illorum,</span> <span class='ocrx_word' id='word_1_834' title='bbox 575 1625 599 1644; x_wconf 80' lang='lat' dir='ltr'>et</span> <span class='ocrx_word' id='word_1_835' title='bbox 617 1617 734 1653; x_wconf 75' lang='lat' dir='ltr'>quaedam</span> <span class='ocrx_word' id='word_1_836' title='bbox 752 1620 874 1653; x_wconf 70' lang='lat' dir='ltr'>imagines</span> <span class='ocrx_word' id='word_1_837' title='bbox 888 1619 944 1651; x_wconf 80' lang='lat' dir='ltr'>peti</span> <span class='ocrx_word' id='word_1_838' title='bbox 958 1614 1067 1651; x_wconf 79' lang='lat' dir='ltr'>possunt.</span> <span class='ocrx_word' id='word_1_839' title='bbox 1078 1623 1116 1648; x_wconf 89' lang='lat'>40</span> <span class='ocrx_word' id='word_1_840' title='bbox 1133 1613 1251 1640; x_wconf 83' lang='lat' dir='ltr'>versibus</span> <span class='ocrx_word' id='word_1_841' title='bbox 1271 1612 1416 1639; x_wconf 82' lang='lat' dir='ltr'>secundum</span> <span class='ocrx_word' id='word_1_842' title='bbox 1437 1613 1577 1640; x_wconf 83' lang='lat' dir='ltr'>materiam</span> <span class='ocrx_word' id='word_1_843' title='bbox 1598 1614 1771 1641; x_wconf 73' lang='lat' dir='ltr'>concinnatis·</span> <span class='ocrx_word' id='word_1_844' title='bbox 1844 1615 1966 1650; x_wconf 88' lang='lat' dir='ltr'>Denique</span> <span class='ocrx_word' id='word_1_845' title='bbox 1986 1616 2111 1642; x_wconf 84' lang='lat' dir='ltr'>Holidius</span> <span class='ocrx_word' id='word_1_846' title='bbox 2124 1616 2192 1642; x_wconf 84' lang='lat' dir='ltr'>Geta</span> 
     </span>
     <span class='ocr_line' id='line_1_79' title="bbox 0 1648 2191 1688; baseline 0 -10"><span class='ocrx_word' id='word_1_847' title='bbox 0 1662 15 1682; x_wconf 84' lang='grc' dir='ltr'>ι·</span> <span class='ocrx_word' id='word_1_848' title='bbox 44 1652 62 1678; x_wconf 81' lang='lat' dir='ltr'>d</span> <span class='ocrx_word' id='word_1_849' title='bbox 73 1653 119 1678; x_wconf 78' lang='lat' dir='ltr'>has</span> <span class='ocrx_word' id='word_1_850' title='bbox 137 1655 237 1688; x_wconf 77' lang='lat' dir='ltr'>nuptias</span> <span class='ocrx_word' id='word_1_851' title='bbox 255 1653 357 1688; x_wconf 69' lang='lat' dir='ltr'>respicit</span> <span class='ocrx_word' id='word_1_852' title='bbox 370 1653 465 1687; x_wconf 85' lang='lat' dir='ltr'>Virgil.</span> <span class='ocrx_word' id='word_1_853' title='bbox 480 1654 577 1687; x_wconf 82' lang='lat' dir='ltr'>Georg.</span> <span class='ocrx_word' id='word_1_854' title='bbox 593 1662 621 1686; x_wconf 82' lang='lat'>2,</span> <span class='ocrx_word' id='word_1_855' title='bbox 642 1661 689 1686; x_wconf 74' lang='lat'>455</span> <span class='ocrx_word' id='word_1_856' title='bbox 711 1652 739 1678; x_wconf 79' lang='lat' dir='ltr'>de</span> <span class='ocrx_word' id='word_1_857' title='bbox 757 1653 867 1682; x_wconf 85' lang='lat' dir='ltr'>Baccho,</span> <span class='ocrx_word' id='word_1_858' title='bbox 887 1656 904 1678; x_wconf 86' lang='lat' dir='ltr'>i.</span> <span class='ocrx_word' id='word_1_859' title='bbox 919 1655 995 1684; x_wconf 83' lang='lat' dir='ltr'>vino,</span> <span class='ocrx_word' id='word_1_860' title='bbox 1019 1651 1069 1677; x_wconf 84' lang='lat' dir='ltr'>Ille</span> <span class='ocrx_word' id='word_1_861' title='bbox 1133 1649 1257 1676; x_wconf 79' lang='lat' dir='ltr'>Medeam</span> <span class='ocrx_word' id='word_1_862' title='bbox 1270 1648 1456 1683; x_wconf 80' lang='lat' dir='ltr'>Tragoediam</span> <span class='ocrx_word' id='word_1_863' title='bbox 1470 1658 1502 1675; x_wconf 86' lang='lat' dir='ltr'>ex</span> <span class='ocrx_word' id='word_1_864' title='bbox 1515 1649 1634 1683; x_wconf 85' lang='lat' dir='ltr'>Virgilio</span> <span class='ocrx_word' id='word_1_865' title='bbox 1649 1650 1794 1684; x_wconf 84' lang='lat' dir='ltr'>plenissime</span> <span class='ocrx_word' id='word_1_866' title='bbox 1811 1651 1922 1677; x_wconf 84' lang='lat' dir='ltr'>exsuxit.</span> <span class='ocrx_word' id='word_1_867' title='bbox 1995 1652 2072 1678; x_wconf 85' lang='lat' dir='ltr'>Meus</span> <span class='ocrx_word' id='word_1_868' title='bbox 2080 1651 2191 1687; x_wconf 87' lang='lat' dir='ltr'>quidam</span> 
     </span>
     <span class='ocr_line' id='line_1_80' title="bbox 0 1685 2191 1725; baseline 0 -11"><span class='ocrx_word' id='word_1_869' title='bbox 0 1688 21 1725; x_wconf 58' lang='grc' dir='ltr'>β</span> <span class='ocrx_word' id='word_1_870' title='bbox 49 1694 134 1714; x_wconf 84' lang='lat' dir='ltr'>rentes</span> <span class='ocrx_word' id='word_1_871' title='bbox 145 1689 292 1715; x_wconf 81' lang='lat' dir='ltr'>Centauros</span> <span class='ocrx_word' id='word_1_872' title='bbox 309 1689 363 1715; x_wconf 86' lang='lat' dir='ltr'>leto</span> <span class='ocrx_word' id='word_1_873' title='bbox 395 1689 516 1721; x_wconf 86' lang='lat' dir='ltr'>domuit,</span> <span class='ocrx_word' id='word_1_874' title='bbox 539 1689 745 1723; x_wconf 83' lang='lat' dir='ltr'>Rhoetumque,</span> <span class='ocrx_word' id='word_1_875' title='bbox 765 1688 947 1723; x_wconf 84' lang='lat' dir='ltr'>Pholumque,</span> <span class='ocrx_word' id='word_1_876' title='bbox 967 1688 998 1713; x_wconf 87' lang='lat' dir='ltr'>Et</span> <span class='ocrx_word' id='word_1_877' title='bbox 1012 1696 1066 1713; x_wconf 88' lang='lat' dir='ltr'>ma·</span> <span class='ocrx_word' id='word_1_878' title='bbox 1134 1686 1300 1720; x_wconf 84' lang='lat' dir='ltr'>propinquus</span> <span class='ocrx_word' id='word_1_879' title='bbox 1313 1694 1345 1711; x_wconf 86' lang='lat' dir='ltr'>ex</span> <span class='ocrx_word' id='word_1_880' title='bbox 1359 1685 1454 1711; x_wconf 85' lang='lat' dir='ltr'>eodem</span> <span class='ocrx_word' id='word_1_881' title='bbox 1469 1686 1550 1711; x_wconf 67' lang='lat' dir='ltr'>Poeta</span> <span class='ocrx_word' id='word_1_882' title='bbox 1565 1687 1636 1712; x_wconf 78' lang='lat' dir='ltr'>inter</span> <span class='ocrx_word' id='word_1_883' title='bbox 1649 1692 1751 1713; x_wconf 88' lang='lat' dir='ltr'>caetera</span> <span class='ocrx_word' id='word_1_884' title='bbox 1766 1686 1820 1713; x_wconf 89' lang='lat' dir='ltr'>stili</span> <span class='ocrx_word' id='word_1_885' title='bbox 1835 1687 1875 1713; x_wconf 86' lang='lat' dir='ltr'>sui</span> <span class='ocrx_word' id='word_1_886' title='bbox 1890 1687 1946 1713; x_wconf 90' lang='lat' dir='ltr'>otia</span> <span class='ocrx_word' id='word_1_887' title='bbox 1965 1687 2086 1722; x_wconf 82' lang='lat' dir='ltr'>pinacem</span> <span class='ocrx_word' id='word_1_888' title='bbox 2106 1688 2191 1715; x_wconf 87' lang='lat' dir='ltr'>Cebe-</span> 
     </span>
    </p>
   </div>
   <div class='ocr_carea' id='block_1_9' title="bbox 10 1721 2192 2400">
    <p class='ocr_par' dir='ltr' id='par_1_12' title="bbox 10 1721 2192 2081">
     <span class='ocr_line' id='line_1_81' title="bbox 52 1721 2191 1759; baseline 0 -9"><span class='ocrx_word' id='word_1_889' title='bbox 52 1732 69 1750; x_wconf 93' lang='lat' dir='ltr'>o</span> <span class='ocrx_word' id='word_1_890' title='bbox 84 1723 214 1756; x_wconf 79' lang='lat' dir='ltr'>Hylaeum</span> <span class='ocrx_word' id='word_1_891' title='bbox 227 1723 346 1759; x_wconf 79' lang='lat' dir='ltr'>Lapithis</span> <span class='ocrx_word' id='word_1_892' title='bbox 359 1724 469 1751; x_wconf 85' lang='lat' dir='ltr'>Cratere</span> <span class='ocrx_word' id='word_1_893' title='bbox 482 1725 637 1750; x_wconf 83' lang='lat' dir='ltr'>minantem.</span> <span class='ocrx_word' id='word_1_894' title='bbox 694 1724 766 1751; x_wconf 87' lang='lat' dir='ltr'>Idem</span> <span class='ocrx_word' id='word_1_895' title='bbox 781 1725 877 1757; x_wconf 86' lang='lat' dir='ltr'>Georg.</span> <span class='ocrx_word' id='word_1_896' title='bbox 893 1726 919 1755; x_wconf 89' lang='lat'>6,</span> <span class='ocrx_word' id='word_1_897' title='bbox 934 1725 980 1752; x_wconf 82' lang='lat'>286</span> <span class='ocrx_word' id='word_1_898' title='bbox 1000 1724 1066 1749; x_wconf 86' lang='lat' dir='ltr'>Cen·</span> <span class='ocrx_word' id='word_1_899' title='bbox 1133 1722 1167 1747; x_wconf 90' lang='lat' dir='ltr'>tis</span> <span class='ocrx_word' id='word_1_900' title='bbox 1181 1721 1319 1755; x_wconf 81' lang='lat' dir='ltr'>explicuit.</span> <span class='ocrx_word' id='word_1_901' title='bbox 1391 1722 1640 1748; x_wconf 83' lang='lat' dir='ltr'>Homerocentones</span> <span class='ocrx_word' id='word_1_902' title='bbox 1654 1723 1734 1749; x_wconf 88' lang='lat' dir='ltr'>etiam</span> <span class='ocrx_word' id='word_1_903' title='bbox 1750 1724 1842 1750; x_wconf 85' lang='lat' dir='ltr'>vocari</span> <span class='ocrx_word' id='word_1_904' title='bbox 1861 1723 1961 1755; x_wconf 86' lang='lat' dir='ltr'>solent,</span> <span class='ocrx_word' id='word_1_905' title='bbox 1979 1724 2027 1758; x_wconf 90' lang='lat' dir='ltr'>qui</span> <span class='ocrx_word' id='word_1_906' title='bbox 2045 1723 2077 1750; x_wconf 88' lang='lat' dir='ltr'>de</span> <span class='ocrx_word' id='word_1_907' title='bbox 2096 1724 2191 1750; x_wconf 83' lang='lat' dir='ltr'>carmi-</span> 
     </span>
     <span class='ocr_line' id='line_1_82' title="bbox 46 1756 2191 1795; baseline 0 -10"><span class='ocrx_word' id='word_1_908' title='bbox 46 1759 90 1786; x_wconf 88' lang='lat' dir='ltr'>uri</span> <span class='ocrx_word' id='word_1_909' title='bbox 102 1760 131 1786; x_wconf 90' lang='lat' dir='ltr'>in</span> <span class='ocrx_word' id='word_1_910' title='bbox 153 1760 259 1787; x_wconf 85' lang='lat' dir='ltr'>foribus</span> <span class='ocrx_word' id='word_1_911' title='bbox 284 1759 432 1793; x_wconf 86' lang='lat' dir='ltr'>stabulant,</span> <span class='ocrx_word' id='word_1_912' title='bbox 452 1760 605 1795; x_wconf 83' lang='lat' dir='ltr'>Scyllaeque</span> <span class='ocrx_word' id='word_1_913' title='bbox 620 1760 766 1786; x_wconf 83' lang='lat' dir='ltr'>biformes:</span> <span class='ocrx_word' id='word_1_914' title='bbox 791 1760 834 1785; x_wconf 80' lang='lat' dir='ltr'>vbi</span> <span class='ocrx_word' id='word_1_915' title='bbox 847 1760 968 1789; x_wconf 83' lang='lat' dir='ltr'>Seruius,</span> <span class='ocrx_word' id='word_1_916' title='bbox 987 1759 1066 1784; x_wconf 80' lang='lat' dir='ltr'>Ixion</span> <span class='ocrx_word' id='word_1_917' title='bbox 1132 1756 1211 1783; x_wconf 85' lang='lat' dir='ltr'>nibus</span> <span class='ocrx_word' id='word_1_918' title='bbox 1234 1756 1351 1784; x_wconf 88' lang='lat' dir='ltr'>Homeri</span> <span class='ocrx_word' id='word_1_919' title='bbox 1375 1757 1484 1792; x_wconf 86' lang='lat' dir='ltr'>propria</span> <span class='ocrx_word' id='word_1_920' title='bbox 1510 1766 1592 1791; x_wconf 88' lang='lat' dir='ltr'>opera</span> <span class='ocrx_word' id='word_1_921' title='bbox 1616 1767 1691 1784; x_wconf 86' lang='lat' dir='ltr'>more</span> <span class='ocrx_word' id='word_1_922' title='bbox 1716 1759 1881 1786; x_wconf 79' lang='lat' dir='ltr'>centonario</span> <span class='ocrx_word' id='word_1_923' title='bbox 1901 1768 1934 1785; x_wconf 82' lang='lat' dir='ltr'>ex</span> <span class='ocrx_word' id='word_1_924' title='bbox 1946 1760 2038 1786; x_wconf 82' lang='lat' dir='ltr'>inultis</span> <span class='ocrx_word' id='word_1_925' title='bbox 2053 1759 2191 1786; x_wconf 88' lang='lat' dir='ltr'>hincinde</span> 
     </span>
     <span class='ocr_line' id='line_1_83' title="bbox 53 1792 2192 1830; baseline -0 -8"><span class='ocrx_word' id='word_1_926' title='bbox 53 1795 90 1822; x_wconf 88' lang='lat' dir='ltr'>im</span> <span class='ocrx_word' id='word_1_927' title='bbox 100 1802 214 1823; x_wconf 84' lang='lat' dir='ltr'>amatam</span> <span class='ocrx_word' id='word_1_928' title='bbox 234 1797 362 1822; x_wconf 83' lang='lat' dir='ltr'>Iunonem</span> <span class='ocrx_word' id='word_1_929' title='bbox 382 1796 413 1822; x_wconf 88' lang='lat' dir='ltr'>de</span> <span class='ocrx_word' id='word_1_930' title='bbox 426 1795 515 1830; x_wconf 88' lang='lat' dir='ltr'>stupro</span> <span class='ocrx_word' id='word_1_931' title='bbox 529 1796 717 1830; x_wconf 88' lang='lat' dir='ltr'>interpellauit.</span> <span class='ocrx_word' id='word_1_932' title='bbox 755 1795 803 1821; x_wconf 91' lang='lat' dir='ltr'>Illa</span> <span class='ocrx_word' id='word_1_933' title='bbox 818 1795 931 1820; x_wconf 74' lang='lat' dir='ltr'>confessa</span> <span class='ocrx_word' id='word_1_934' title='bbox 942 1794 1001 1820; x_wconf 89' lang='lat' dir='ltr'>Ioui</span> <span class='ocrx_word' id='word_1_935' title='bbox 1014 1794 1065 1820; x_wconf 86' lang='lat' dir='ltr'>est:</span> <span class='ocrx_word' id='word_1_936' title='bbox 1083 1798 1117 1824; x_wconf 79' lang='lat'>45</span> <span class='ocrx_word' id='word_1_937' title='bbox 1131 1792 1283 1827; x_wconf 83' lang='lat' dir='ltr'>compositis</span> <span class='ocrx_word' id='word_1_938' title='bbox 1297 1793 1326 1818; x_wconf 91' lang='lat' dir='ltr'>in</span> <span class='ocrx_word' id='word_1_939' title='bbox 1341 1802 1424 1819; x_wconf 87' lang='lat' dir='ltr'>vnum</span> <span class='ocrx_word' id='word_1_940' title='bbox 1438 1793 1553 1819; x_wconf 87' lang='lat' dir='ltr'>sarciunt</span> <span class='ocrx_word' id='word_1_941' title='bbox 1566 1802 1671 1828; x_wconf 74' lang='lat' dir='ltr'>corpus.</span> <span class='ocrx_word' id='word_1_942' title='bbox 1744 1795 1866 1821; x_wconf 86' lang='lat' dir='ltr'>Sarciunt</span> <span class='ocrx_word' id='word_1_943' title='bbox 1879 1797 1989 1830; x_wconf 84' lang='lat' dir='ltr'>inquam,</span> <span class='ocrx_word' id='word_1_944' title='bbox 2003 1804 2052 1821; x_wconf 85' lang='lat' dir='ltr'>non</span> <span class='ocrx_word' id='word_1_945' title='bbox 2064 1795 2192 1828; x_wconf 88' lang='lat' dir='ltr'>farciunt,</span> 
     </span>
     <span class='ocr_line' id='line_1_84' title="bbox 57 1828 2191 1867; baseline 0 -10"><span class='ocrx_word' id='word_1_946' title='bbox 57 1840 89 1857; x_wconf 85' lang='lat' dir='ltr'>ex</span> <span class='ocrx_word' id='word_1_947' title='bbox 102 1832 160 1858; x_wconf 89' lang='lat' dir='ltr'>eius</span> <span class='ocrx_word' id='word_1_948' title='bbox 173 1831 310 1858; x_wconf 88' lang='lat' dir='ltr'>voluntate</span> <span class='ocrx_word' id='word_1_949' title='bbox 324 1831 421 1857; x_wconf 88' lang='lat' dir='ltr'>nubem</span> <span class='ocrx_word' id='word_1_950' title='bbox 434 1832 461 1857; x_wconf 91' lang='lat' dir='ltr'>in</span> <span class='ocrx_word' id='word_1_951' title='bbox 475 1832 546 1857; x_wconf 89' lang='lat' dir='ltr'>suam</span> <span class='ocrx_word' id='word_1_952' title='bbox 557 1831 674 1857; x_wconf 88' lang='lat' dir='ltr'>formam</span> <span class='ocrx_word' id='word_1_953' title='bbox 689 1831 843 1857; x_wconf 89' lang='lat' dir='ltr'>conuersam</span> <span class='ocrx_word' id='word_1_954' title='bbox 852 1831 941 1857; x_wconf 79' lang='lat' dir='ltr'>Ixioni</span> <span class='ocrx_word' id='word_1_955' title='bbox 955 1830 1066 1864; x_wconf 88' lang='lat' dir='ltr'>obtulit,</span> <span class='ocrx_word' id='word_1_956' title='bbox 1131 1829 1198 1865; x_wconf 83' lang='lat' dir='ltr'>quod</span> <span class='ocrx_word' id='word_1_957' title='bbox 1211 1838 1240 1854; x_wconf 78' lang='lat' dir='ltr'>ex</span> <span class='ocrx_word' id='word_1_958' title='bbox 1254 1831 1305 1854; x_wconf 68' lang='lat' dir='ltr'>loco</span> <span class='ocrx_word' id='word_1_959' title='bbox 1319 1828 1422 1860; x_wconf 77' lang='lat' dir='ltr'>Plauti,</span> <span class='ocrx_word' id='word_1_960' title='bbox 1439 1838 1510 1864; x_wconf 80' lang='lat' dir='ltr'>quem</span> <span class='ocrx_word' id='word_1_961' title='bbox 1523 1829 1698 1855; x_wconf 74' lang='lat' dir='ltr'>emendandum</span> <span class='ocrx_word' id='word_1_962' title='bbox 1704 1830 1791 1864; x_wconf 80' lang='lat' dir='ltr'>paullo</span> <span class='ocrx_word' id='word_1_963' title='bbox 1804 1837 1862 1856; x_wconf 78' lang='lat' dir='ltr'>ante</span> <span class='ocrx_word' id='word_1_964' title='bbox 1874 1829 1994 1862; x_wconf 80' lang='lat' dir='ltr'>diximus,</span> <span class='ocrx_word' id='word_1_965' title='bbox 2009 1831 2056 1857; x_wconf 85' lang='lat' dir='ltr'>huc</span> <span class='ocrx_word' id='word_1_966' title='bbox 2068 1831 2191 1867; x_wconf 80' lang='lat' dir='ltr'>infercire</span> 
     </span>
     <span class='ocr_line' id='line_1_85' title="bbox 56 1861 2191 1900; baseline -0 -6"><span class='ocrx_word' id='word_1_967' title='bbox 56 1867 88 1892; x_wconf 79' lang='lat' dir='ltr'>de</span> <span class='ocrx_word' id='word_1_968' title='bbox 107 1867 229 1894; x_wconf 87' lang='lat' dir='ltr'>seruntur</span> <span class='ocrx_word' id='word_1_969' title='bbox 249 1868 303 1893; x_wconf 84' lang='lat' dir='ltr'>nati</span> <span class='ocrx_word' id='word_1_970' title='bbox 320 1868 368 1893; x_wconf 79' lang='lat' dir='ltr'>effe</span> <span class='ocrx_word' id='word_1_971' title='bbox 387 1866 523 1893; x_wconf 85' lang='lat' dir='ltr'>Centauri.</span> <span class='ocrx_word' id='word_1_972' title='bbox 585 1867 711 1893; x_wconf 69' lang='lat' dir='ltr'>Caeterum</span> <span class='ocrx_word' id='word_1_973' title='bbox 731 1867 896 1899; x_wconf 82' lang='lat' dir='ltr'>Centauros,</span> <span class='ocrx_word' id='word_1_974' title='bbox 920 1866 1015 1898; x_wconf 86' lang='lat' dir='ltr'>Scyllas</span> <span class='ocrx_word' id='word_1_975' title='bbox 1040 1872 1066 1893; x_wconf 90' lang='lat' dir='ltr'>et</span> <span class='ocrx_word' id='word_1_976' title='bbox 1130 1867 1173 1891; x_wconf 86' lang='lat' dir='ltr'>vir</span> <span class='ocrx_word' id='word_1_977' title='bbox 1189 1861 1277 1890; x_wconf 59' lang='lat' dir='ltr'>doc-&#39;lus</span> <span class='ocrx_word' id='word_1_978' title='bbox 1289 1864 1433 1890; x_wconf 73' lang='lat' dir='ltr'>conabatur.</span> <span class='ocrx_word' id='word_1_979' title='bbox 1507 1865 1605 1890; x_wconf 71' lang='lat' dir='ltr'>firmat</span> <span class='ocrx_word' id='word_1_980' title='bbox 1625 1864 1683 1891; x_wconf 84' lang='lat' dir='ltr'>Ifid·</span> <span class='ocrx_word' id='word_1_981' title='bbox 1698 1873 1716 1895; x_wconf 90' lang='lat'>1,</span> <span class='ocrx_word' id='word_1_982' title='bbox 1731 1869 1759 1897; x_wconf 79' lang='lat'>38</span> <span class='ocrx_word' id='word_1_983' title='bbox 1797 1867 1930 1892; x_wconf 84' lang='lat' dir='ltr'>Centones</span> <span class='ocrx_word' id='word_1_984' title='bbox 1949 1866 2017 1900; x_wconf 87' lang='lat' dir='ltr'>apud</span> <span class='ocrx_word' id='word_1_985' title='bbox 2031 1867 2191 1894; x_wconf 84' lang='lat' dir='ltr'>Grammati—</span> 
     </span>
     <span class='ocr_line' id='line_1_86' title="bbox 57 1898 2191 1939; baseline 0 -10"><span class='ocrx_word' id='word_1_986' title='bbox 57 1902 161 1930; x_wconf 87' lang='lat' dir='ltr'>rbereas</span> <span class='ocrx_word' id='word_1_987' title='bbox 173 1912 266 1929; x_wconf 87' lang='lat' dir='ltr'>canum</span> <span class='ocrx_word' id='word_1_988' title='bbox 282 1903 361 1928; x_wconf 86' lang='lat' dir='ltr'>facies</span> <span class='ocrx_word' id='word_1_989' title='bbox 374 1902 441 1937; x_wconf 82' lang='lat' dir='ltr'>apud</span> <span class='ocrx_word' id='word_1_990' title='bbox 450 1902 550 1938; x_wconf 71' lang='lat' dir='ltr'>inferos</span> <span class='ocrx_word' id='word_1_991' title='bbox 561 1905 692 1939; x_wconf 69' lang='lat' dir='ltr'>coniungit</span> <span class='ocrx_word' id='word_1_992' title='bbox 705 1905 779 1928; x_wconf 77' lang='lat' dir='ltr'>etiam</span> <span class='ocrx_word' id='word_1_993' title='bbox 795 1904 899 1929; x_wconf 84' lang='lat' dir='ltr'>Lucret.</span> <span class='ocrx_word' id='word_1_994' title='bbox 913 1911 941 1935; x_wconf 84' lang='lat'>4,</span> <span class='ocrx_word' id='word_1_995' title='bbox 957 1904 1007 1936; x_wconf 77' lang='lat'>736</span> <span class='ocrx_word' id='word_1_996' title='bbox 1021 1909 1067 1936; x_wconf 82' lang='lat' dir='ltr'>po-</span> <span class='ocrx_word' id='word_1_997' title='bbox 1133 1909 1176 1926; x_wconf 90' lang='lat' dir='ltr'>cos</span> <span class='ocrx_word' id='word_1_998' title='bbox 1190 1900 1283 1926; x_wconf 85' lang='lat' dir='ltr'>vocari</span> <span class='ocrx_word' id='word_1_999' title='bbox 1297 1900 1397 1932; x_wconf 90' lang='lat' dir='ltr'>solent,</span> <span class='ocrx_word' id='word_1_1000' title='bbox 1416 1899 1463 1934; x_wconf 91' lang='lat' dir='ltr'>qui</span> <span class='ocrx_word' id='word_1_1001' title='bbox 1476 1898 1508 1926; x_wconf 88' lang='lat' dir='ltr'>de</span> <span class='ocrx_word' id='word_1_1002' title='bbox 1521 1899 1685 1926; x_wconf 85' lang='lat' dir='ltr'>carminibus</span> <span class='ocrx_word' id='word_1_1003' title='bbox 1699 1901 1817 1927; x_wconf 90' lang='lat' dir='ltr'>Homeri</span> <span class='ocrx_word' id='word_1_1004' title='bbox 1831 1901 1876 1928; x_wconf 89' lang='lat' dir='ltr'>vel</span> <span class='ocrx_word' id='word_1_1005' title='bbox 1897 1901 2009 1936; x_wconf 78' lang='lat' dir='ltr'>Virgilii</span> <span class='ocrx_word' id='word_1_1006' title='bbox 2029 1902 2061 1928; x_wconf 83' lang='lat' dir='ltr'>ad</span> <span class='ocrx_word' id='word_1_1007' title='bbox 2081 1903 2191 1937; x_wconf 89' lang='lat' dir='ltr'>propria</span> 
     </span>
     <span class='ocr_line' id='line_1_87' title="bbox 43 1935 2191 1974; baseline 0.001 -11"><span class='ocrx_word' id='word_1_1008' title='bbox 43 1941 102 1973; x_wconf 78' lang='lat' dir='ltr'>&#39;tque</span> <span class='ocrx_word' id='word_1_1009' title='bbox 115 1938 208 1974; x_wconf 76' lang='lat' dir='ltr'>eafere</span> <span class='ocrx_word' id='word_1_1010' title='bbox 220 1941 333 1971; x_wconf 72' lang='lat' dir='ltr'>ratione,</span> <span class='ocrx_word' id='word_1_1011' title='bbox 352 1945 382 1964; x_wconf 80' lang='lat' dir='ltr'>vt</span> <span class='ocrx_word' id='word_1_1012' title='bbox 396 1938 555 1965; x_wconf 80' lang='lat' dir='ltr'>Chimaerae</span> <span class='ocrx_word' id='word_1_1013' title='bbox 568 1941 663 1964; x_wconf 69' lang='lat' dir='ltr'>nomine</span> <span class='ocrx_word' id='word_1_1014' title='bbox 680 1944 786 1964; x_wconf 73' lang='lat' dir='ltr'>utamur</span> <span class='ocrx_word' id='word_1_1015' title='bbox 805 1940 865 1968; x_wconf 86' lang='lat' dir='ltr'>alii,</span> <span class='ocrx_word' id='word_1_1016' title='bbox 886 1948 940 1963; x_wconf 85' lang='lat' dir='ltr'>cum</span> <span class='ocrx_word' id='word_1_1017' title='bbox 956 1939 1067 1972; x_wconf 74' lang='lat' dir='ltr'>phanta-</span> <span class='ocrx_word' id='word_1_1018' title='bbox 1133 1945 1213 1970; x_wconf 86' lang='lat' dir='ltr'>opera</span> <span class='ocrx_word' id='word_1_1019' title='bbox 1222 1955 1230 1967; x_wconf 94' lang='lat'><strong>‚</strong></span> <span class='ocrx_word' id='word_1_1020' title='bbox 1245 1944 1322 1961; x_wconf 77' lang='lat' dir='ltr'>more</span> <span class='ocrx_word' id='word_1_1021' title='bbox 1334 1935 1505 1966; x_wconf 81' lang='lat' dir='ltr'>centonario,</span> <span class='ocrx_word' id='word_1_1022' title='bbox 1524 1944 1555 1961; x_wconf 86' lang='lat' dir='ltr'>ex</span> <span class='ocrx_word' id='word_1_1023' title='bbox 1569 1935 1660 1962; x_wconf 90' lang='lat' dir='ltr'>multis</span> <span class='ocrx_word' id='word_1_1024' title='bbox 1673 1935 1735 1962; x_wconf 92' lang='lat' dir='ltr'>hinc</span> <span class='ocrx_word' id='word_1_1025' title='bbox 1749 1937 1812 1963; x_wconf 89' lang='lat' dir='ltr'>inde</span> <span class='ocrx_word' id='word_1_1026' title='bbox 1825 1937 1976 1971; x_wconf 85' lang='lat' dir='ltr'>compositis</span> <span class='ocrx_word' id='word_1_1027' title='bbox 1997 1938 2026 1964; x_wconf 89' lang='lat' dir='ltr'>in</span> <span class='ocrx_word' id='word_1_1028' title='bbox 2040 1947 2122 1965; x_wconf 91' lang='lat' dir='ltr'>vnum</span> <span class='ocrx_word' id='word_1_1029' title='bbox 2130 1939 2191 1973; x_wconf 55' lang='grc' dir='ltr'>,βαν-</span> 
     </span>
     <span class='ocr_line' id='line_1_88' title="bbox 52 1971 2191 2010; baseline -0.001 -10"><span class='ocrx_word' id='word_1_1030' title='bbox 52 1983 63 1999; x_wconf 82' lang='lat' dir='ltr'>e</span> <span class='ocrx_word' id='word_1_1031' title='bbox 81 1973 190 2000; x_wconf 81' lang='lat' dir='ltr'>ludibria</span> <span class='ocrx_word' id='word_1_1032' title='bbox 209 1973 333 2000; x_wconf 80' lang='lat' dir='ltr'>indicant.</span> <span class='ocrx_word' id='word_1_1033' title='bbox 386 1974 460 2010; x_wconf 76' lang='lat' dir='ltr'>Cons-</span> <span class='ocrx_word' id='word_1_1034' title='bbox 474 1974 580 2000; x_wconf 85' lang='lat' dir='ltr'>Lucret.</span> <span class='ocrx_word' id='word_1_1035' title='bbox 594 1983 622 2008; x_wconf 89' lang='lat'>4,</span> <span class='ocrx_word' id='word_1_1036' title='bbox 638 1981 698 2008; x_wconf 79' lang='lat'>743.</span> <span class='ocrx_word' id='word_1_1037' title='bbox 733 1977 764 1999; x_wconf 84' lang='lat' dir='ltr'>it.</span> <span class='ocrx_word' id='word_1_1038' title='bbox 779 1981 802 2007; x_wconf 83' lang='grc' dir='ltr'>ς,</span> <span class='ocrx_word' id='word_1_1039' title='bbox 817 1976 876 2008; x_wconf 83' lang='lat'>876.</span> <span class='ocrx_word' id='word_1_1040' title='bbox 913 1976 943 1999; x_wconf 86' lang='lat' dir='ltr'>it.</span> <span class='ocrx_word' id='word_1_1041' title='bbox 961 1978 1007 2005; x_wconf 88' lang='lat'>889</span> <span class='ocrx_word' id='word_1_1042' title='bbox 1028 1974 1066 2008; x_wconf 87' lang='lat' dir='ltr'>sq.</span> <span class='ocrx_word' id='word_1_1043' title='bbox 1084 1976 1116 2001; x_wconf 74' lang='lat'>50</span> <span class='ocrx_word' id='word_1_1044' title='bbox 1131 1975 1235 1998; x_wconf 79' lang='lat' dir='ltr'>ciuntur</span> <span class='ocrx_word' id='word_1_1045' title='bbox 1248 1980 1343 2005; x_wconf 89' lang='lat' dir='ltr'>corpus</span> <span class='ocrx_word' id='word_1_1046' title='bbox 1357 1971 1389 1997; x_wconf 92' lang='lat' dir='ltr'>ad</span> <span class='ocrx_word' id='word_1_1047' title='bbox 1403 1971 1558 1998; x_wconf 85' lang='lat' dir='ltr'>facultatem</span> <span class='ocrx_word' id='word_1_1048' title='bbox 1573 1971 1701 2005; x_wconf 87' lang='lat' dir='ltr'>cuiusque</span> <span class='ocrx_word' id='word_1_1049' title='bbox 1715 1973 1852 1999; x_wconf 87' lang='lat' dir='ltr'>materiae.</span> <span class='ocrx_word' id='word_1_1050' title='bbox 1906 1974 2049 2008; x_wconf 73' lang='lat' dir='ltr'>Exemplum</span> <span class='ocrx_word' id='word_1_1051' title='bbox 2059 1974 2191 2009; x_wconf 78' lang='lat' dir='ltr'>praestan.</span> 
     </span>
     <span class='ocr_line' id='line_1_89' title="bbox 10 2006 2192 2044; baseline 0.001 -9"><span class='ocrx_word' id='word_1_1052' title='bbox 10 2019 12 2023; x_wconf 68' lang='grc'>’</span> <span class='ocrx_word' id='word_1_1053' title='bbox 42 2009 74 2035; x_wconf 87' lang='lat' dir='ltr'>ic.</span> <span class='ocrx_word' id='word_1_1054' title='bbox 94 2009 126 2036; x_wconf 89' lang='lat' dir='ltr'>de</span> <span class='ocrx_word' id='word_1_1055' title='bbox 136 2010 235 2037; x_wconf 43' lang='lat' dir='ltr'>*Natun</span> <span class='ocrx_word' id='word_1_1056' title='bbox 252 2010 332 2036; x_wconf 86' lang='lat' dir='ltr'>Deor.</span> <span class='ocrx_word' id='word_1_1057' title='bbox 346 2018 358 2041; x_wconf 82' lang='lat'><em>3</em></span> <span class='ocrx_word' id='word_1_1058' title='bbox 379 2018 401 2035; x_wconf 86' lang='lat' dir='ltr'>c.</span> <span class='ocrx_word' id='word_1_1059' title='bbox 416 2018 449 2036; x_wconf 89' lang='lat'>20</span> <span class='ocrx_word' id='word_1_1060' title='bbox 477 2008 601 2036; x_wconf 89' lang='lat' dir='ltr'>Nubium</span> <span class='ocrx_word' id='word_1_1061' title='bbox 614 2018 666 2035; x_wconf 82' lang='lat' dir='ltr'>vna</span> <span class='ocrx_word' id='word_1_1062' title='bbox 684 2009 765 2036; x_wconf 86' lang='lat' dir='ltr'>etiam</span> <span class='ocrx_word' id='word_1_1063' title='bbox 778 2010 925 2036; x_wconf 86' lang='lat' dir='ltr'>Centauros</span> <span class='ocrx_word' id='word_1_1064' title='bbox 939 2009 1066 2044; x_wconf 63' lang='lat' dir='ltr'>peperisse</span> <span class='ocrx_word' id='word_1_1065' title='bbox 1132 2006 1249 2042; x_wconf 77' lang='lat' dir='ltr'>tiffimum</span> <span class='ocrx_word' id='word_1_1066' title='bbox 1259 2007 1360 2041; x_wconf 77' lang='lat' dir='ltr'>praebet</span> <span class='ocrx_word' id='word_1_1067' title='bbox 1373 2006 1490 2033; x_wconf 81' lang='lat' dir='ltr'>laudatus</span> <span class='ocrx_word' id='word_1_1068' title='bbox 1503 2006 1572 2032; x_wconf 78' lang='lat' dir='ltr'>modo</span> <span class='ocrx_word' id='word_1_1069' title='bbox 1588 2007 1675 2031; x_wconf 90' lang='lat' dir='ltr'>Cento</span> <span class='ocrx_word' id='word_1_1070' title='bbox 1687 2006 1809 2032; x_wconf 88' lang='lat' dir='ltr'>Ausonii.</span> <span class='ocrx_word' id='word_1_1071' title='bbox 1881 2008 1919 2033; x_wconf 81' lang='lat' dir='ltr'>De</span> <span class='ocrx_word' id='word_1_1072' title='bbox 1937 2009 1998 2034; x_wconf 84' lang='lat' dir='ltr'>aliis</span> <span class='ocrx_word' id='word_1_1073' title='bbox 2011 2010 2154 2037; x_wconf 77' lang='lat' dir='ltr'>Homericis</span> <span class='ocrx_word' id='word_1_1074' title='bbox 2167 2017 2192 2036; x_wconf 79' lang='lat' dir='ltr'>et</span> 
     </span>
     <span class='ocr_line' id='line_1_90' title="bbox 12 2041 1915 2081; baseline -0.002 -9"><span class='ocrx_word' id='word_1_1075' title='bbox 12 2063 15 2070; x_wconf 56' lang='lat' dir='ltr'><em>s</em></span> <span class='ocrx_word' id='word_1_1076' title='bbox 46 2045 124 2072; x_wconf 78' lang='lat' dir='ltr'>citur.</span> <span class='ocrx_word' id='word_1_1077' title='bbox 193 2045 358 2072; x_wconf 86' lang='lat' dir='ltr'>Bimembres</span> <span class='ocrx_word' id='word_1_1078' title='bbox 377 2048 451 2071; x_wconf 76' lang='lat' dir='ltr'>etiam</span> <span class='ocrx_word' id='word_1_1079' title='bbox 463 2045 545 2072; x_wconf 91' lang='lat' dir='ltr'>Ouid.</span> <span class='ocrx_word' id='word_1_1080' title='bbox 559 2045 623 2071; x_wconf 86' lang='lat' dir='ltr'>Met.</span> <span class='ocrx_word' id='word_1_1081' title='bbox 640 2054 674 2077; x_wconf 79' lang='lat'>12,</span> <span class='ocrx_word' id='word_1_1082' title='bbox 688 2054 750 2078; x_wconf 87' lang='lat'>240.</span> <span class='ocrx_word' id='word_1_1083' title='bbox 823 2046 955 2072; x_wconf 85' lang='lat' dir='ltr'>Bisormes</span> <span class='ocrx_word' id='word_1_1084' title='bbox 970 2045 1066 2079; x_wconf 82' lang='lat' dir='ltr'>Virgil.</span> <span class='ocrx_word' id='word_1_1085' title='bbox 1138 2044 1294 2079; x_wconf 78' lang='lat' dir='ltr'>Virgilianis</span> <span class='ocrx_word' id='word_1_1086' title='bbox 1307 2042 1429 2081; x_wconf 47' lang='lat' dir='ltr'>videndus</span> <span class='ocrx_word' id='word_1_1087' title='bbox 1441 2045 1469 2066; x_wconf 83' lang='lat' dir='ltr'>in</span> <span class='ocrx_word' id='word_1_1088' title='bbox 1483 2048 1589 2080; x_wconf 68' lang='lat' dir='ltr'>utraque</span> <span class='ocrx_word' id='word_1_1089' title='bbox 1605 2041 1760 2067; x_wconf 78' lang='lat' dir='ltr'>Bibliotheca</span> <span class='ocrx_word' id='word_1_1090' title='bbox 1776 2042 1915 2069; x_wconf 67' lang='lat' dir='ltr'>Fabricius.</span> 
     </span>
    </p>

    <p class='ocr_par' dir='ltr' id='par_1_13' title="bbox 14 2076 2192 2366">
     <span class='ocr_line' id='line_1_91' title="bbox 14 2076 2192 2116; baseline 0 -9"><span class='ocrx_word' id='word_1_1091' title='bbox 14 2096 15 2100; x_wconf 68' lang='lat'><em>=</em></span> <span class='ocrx_word' id='word_1_1092' title='bbox 56 2090 81 2107; x_wconf 86' lang='lat' dir='ltr'>n.</span> <span class='ocrx_word' id='word_1_1093' title='bbox 95 2084 123 2114; x_wconf 92' lang='lat'>6,</span> <span class='ocrx_word' id='word_1_1094' title='bbox 138 2083 188 2111; x_wconf 86' lang='lat'>286</span> <span class='ocrx_word' id='word_1_1095' title='bbox 258 2080 437 2115; x_wconf 84' lang='lat' dir='ltr'>Nubigenae,</span> <span class='ocrx_word' id='word_1_1096' title='bbox 454 2086 480 2106; x_wconf 88' lang='lat' dir='ltr'>et</span> <span class='ocrx_word' id='word_1_1097' title='bbox 493 2080 656 2108; x_wconf 80' lang='lat' dir='ltr'>Bimembres</span> <span class='ocrx_word' id='word_1_1098' title='bbox 670 2081 743 2108; x_wconf 88' lang='lat' dir='ltr'>Idem</span> <span class='ocrx_word' id='word_1_1099' title='bbox 757 2082 821 2108; x_wconf 79' lang='lat' dir='ltr'>Aen.</span> <span class='ocrx_word' id='word_1_1100' title='bbox 837 2087 860 2114; x_wconf 88' lang='lat'>8,</span> <span class='ocrx_word' id='word_1_1101' title='bbox 874 2090 928 2113; x_wconf 80' lang='lat'>293.</span> <span class='ocrx_word' id='word_1_1102' title='bbox 982 2081 1066 2108; x_wconf 87' lang='lat' dir='ltr'>Ouid.</span> <span class='ocrx_word' id='word_1_1103' title='bbox 1170 2086 1187 2105; x_wconf 89' lang='lat' dir='ltr'>C</span> <span class='ocrx_word' id='word_1_1104' title='bbox 1196 2086 1212 2104; x_wconf 85' lang='lat' dir='ltr'><em>E</em></span> <span class='ocrx_word' id='word_1_1105' title='bbox 1221 2085 1272 2103; x_wconf 89' lang='grc' dir='ltr'>ΝΤ</span> <span class='ocrx_word' id='word_1_1106' title='bbox 1282 2084 1303 2102; x_wconf 88' lang='lat' dir='ltr'>V</span> <span class='ocrx_word' id='word_1_1107' title='bbox 1313 2083 1334 2100; x_wconf 85' lang='lat' dir='ltr'>N</span> <span class='ocrx_word' id='word_1_1108' title='bbox 1345 2083 1362 2102; x_wconf 89' lang='lat' dir='ltr'>C</span> <span class='ocrx_word' id='word_1_1109' title='bbox 1371 2083 1391 2115; x_wconf 62' lang='lat' dir='ltr'>Y</span> <span class='ocrx_word' id='word_1_1110' title='bbox 1401 2083 1419 2115; x_wconf 77' lang='lat' dir='ltr'>L.</span> <span class='ocrx_word' id='word_1_1111' title='bbox 1429 2081 1449 2099; x_wconf 95' lang='lat' dir='ltr'>V</span> <span class='ocrx_word' id='word_1_1112' title='bbox 1460 2083 1488 2109; x_wconf 86' lang='lat' dir='ltr'>S,</span> <span class='ocrx_word' id='word_1_1113' title='bbox 1510 2084 1528 2102; x_wconf 84' lang='grc' dir='ltr'>ι.</span> <span class='ocrx_word' id='word_1_1114' title='bbox 1551 2085 1587 2116; x_wconf 80' lang='lat' dir='ltr'>rn.</span> <span class='ocrx_word' id='word_1_1115' title='bbox 1596 2111 1601 2116; x_wconf 36' lang='lat'>¹</span> <span class='ocrx_word' id='word_1_1116' title='bbox 1611 2076 1744 2104; x_wconf 76' lang='lat' dir='ltr'>Diminut.</span> <span class='ocrx_word' id='word_1_1117' title='bbox 1781 2077 1946 2114; x_wconf 67' lang='grc' dir='ltr'>[κεντρώνιον]</span> <span class='ocrx_word' id='word_1_1118' title='bbox 1983 2078 2045 2106; x_wconf 89' lang='lat' dir='ltr'>Liu.</span> <span class='ocrx_word' id='word_1_1119' title='bbox 2059 2087 2086 2114; x_wconf 88' lang='lat'>7,</span> <span class='ocrx_word' id='word_1_1120' title='bbox 2097 2089 2116 2114; x_wconf 78' lang='lat'>4</span> <span class='ocrx_word' id='word_1_1121' title='bbox 2131 2081 2192 2108; x_wconf 87' lang='lat' dir='ltr'>Mu-</span> 
     </span>
     <span class='ocr_line' id='line_1_92' title="bbox 49 2109 2190 2153; baseline 0 -10"><span class='ocrx_word' id='word_1_1122' title='bbox 49 2124 82 2143; x_wconf 88' lang='lat' dir='ltr'>et.</span> <span class='ocrx_word' id='word_1_1123' title='bbox 96 2125 134 2148; x_wconf 84' lang='lat'>12,</span> <span class='ocrx_word' id='word_1_1124' title='bbox 148 2125 192 2148; x_wconf 84' lang='lat'>219</span> <span class='ocrx_word' id='word_1_1125' title='bbox 213 2116 359 2143; x_wconf 83' lang='lat' dir='ltr'>Saeuorum</span> <span class='ocrx_word' id='word_1_1126' title='bbox 374 2116 516 2142; x_wconf 80' lang='lat' dir='ltr'>saeuissime</span> <span class='ocrx_word' id='word_1_1127' title='bbox 530 2118 734 2143; x_wconf 79' lang='lat' dir='ltr'>Centaurorum.</span> <span class='ocrx_word' id='word_1_1128' title='bbox 806 2118 945 2148; x_wconf 79' lang='lat' dir='ltr'>Semiferi,</span> <span class='ocrx_word' id='word_1_1129' title='bbox 964 2120 981 2142; x_wconf 87' lang='lat' dir='ltr'>i.</span> <span class='ocrx_word' id='word_1_1130' title='bbox 993 2119 1067 2144; x_wconf 80' lang='lat' dir='ltr'>Semi·</span> <span class='ocrx_word' id='word_1_1131' title='bbox 1132 2114 1165 2139; x_wconf 85' lang='lat' dir='ltr'>lis</span> <span class='ocrx_word' id='word_1_1132' title='bbox 1178 2113 1256 2137; x_wconf 83' lang='lat' dir='ltr'>strata</span> <span class='ocrx_word' id='word_1_1133' title='bbox 1282 2110 1388 2150; x_wconf 77' lang='lat' dir='ltr'>detrahi</span> <span class='ocrx_word' id='word_1_1134' title='bbox 1411 2109 1505 2137; x_wconf 77' lang='lat' dir='ltr'>iubet:</span> <span class='ocrx_word' id='word_1_1135' title='bbox 1544 2110 1670 2146; x_wconf 76' lang='lat' dir='ltr'>binisque</span> <span class='ocrx_word' id='word_1_1136' title='bbox 1692 2118 1795 2153; x_wconf 82' lang='lat' dir='ltr'>tanturn</span> <span class='ocrx_word' id='word_1_1137' title='bbox 1821 2114 1985 2141; x_wconf 85' lang='lat' dir='ltr'>centunculis</span> <span class='ocrx_word' id='word_1_1138' title='bbox 2007 2115 2126 2149; x_wconf 64' lang='lat' dir='ltr'>relictis,</span> <span class='ocrx_word' id='word_1_1139' title='bbox 2144 2124 2190 2144; x_wconf 82' lang='lat' dir='ltr'>etc.</span> 
     </span>
     <span class='ocr_line' id='line_1_93' title="bbox 42 2146 2190 2184; baseline 0 -6"><span class='ocrx_word' id='word_1_1140' title='bbox 42 2156 72 2179; x_wconf 72' lang='lat' dir='ltr'>ui</span> <span class='ocrx_word' id='word_1_1141' title='bbox 90 2153 188 2178; x_wconf 86' lang='lat' dir='ltr'>Lucan.</span> <span class='ocrx_word' id='word_1_1142' title='bbox 205 2154 236 2183; x_wconf 90' lang='lat'>6,</span> <span class='ocrx_word' id='word_1_1143' title='bbox 255 2155 309 2184; x_wconf 81' lang='lat'>386.</span> <span class='ocrx_word' id='word_1_1144' title='bbox 380 2152 574 2178; x_wconf 87' lang='lat' dir='ltr'>Semihomines</span> <span class='ocrx_word' id='word_1_1145' title='bbox 593 2153 674 2178; x_wconf 86' lang='lat' dir='ltr'>Ouid.</span> <span class='ocrx_word' id='word_1_1146' title='bbox 688 2154 752 2178; x_wconf 91' lang='lat' dir='ltr'>Met.</span> <span class='ocrx_word' id='word_1_1147' title='bbox 773 2161 813 2184; x_wconf 87' lang='lat'>12,</span> <span class='ocrx_word' id='word_1_1148' title='bbox 835 2155 888 2184; x_wconf 84' lang='lat'>536.</span> <span class='ocrx_word' id='word_1_1149' title='bbox 961 2152 1066 2177; x_wconf 87' lang='lat' dir='ltr'>Truces</span> <span class='ocrx_word' id='word_1_1150' title='bbox 1087 2149 1115 2175; x_wconf 76' lang='lat'>55</span> <span class='ocrx_word' id='word_1_1151' title='bbox 1132 2149 1164 2174; x_wconf 76' lang='lat' dir='ltr'>Ec</span> <span class='ocrx_word' id='word_1_1152' title='bbox 1178 2146 1255 2181; x_wconf 91' lang='lat' dir='ltr'>Apul.</span> <span class='ocrx_word' id='word_1_1153' title='bbox 1270 2146 1358 2181; x_wconf 66' lang='lat' dir='ltr'>Miles}</span> <span class='ocrx_word' id='word_1_1154' title='bbox 1375 2156 1384 2173; x_wconf 96' lang='lat'>1</span> <span class='ocrx_word' id='word_1_1155' title='bbox 1400 2156 1425 2181; x_wconf 91' lang='lat' dir='ltr'>p.</span> <span class='ocrx_word' id='word_1_1156' title='bbox 1441 2156 1499 2180; x_wconf 86' lang='lat'>104,</span> <span class='ocrx_word' id='word_1_1157' title='bbox 1508 2156 1538 2181; x_wconf 85' lang='lat'>41</span> <span class='ocrx_word' id='word_1_1158' title='bbox 1556 2148 1587 2174; x_wconf 84' lang='lat' dir='ltr'>Et</span> <span class='ocrx_word' id='word_1_1159' title='bbox 1599 2157 1660 2174; x_wconf 90' lang='lat' dir='ltr'>cum</span> <span class='ocrx_word' id='word_1_1160' title='bbox 1674 2149 1765 2182; x_wconf 78' lang='grc' dir='ltr'>(1ιᾶ0,</span> <span class='ocrx_word' id='word_1_1161' title='bbox 1783 2150 1860 2178; x_wconf 88' lang='lat' dir='ltr'>sutili</span> <span class='ocrx_word' id='word_1_1162' title='bbox 1873 2151 2033 2178; x_wconf 86' lang='lat' dir='ltr'>centunculo</span> <span class='ocrx_word' id='word_1_1163' title='bbox 2046 2151 2143 2179; x_wconf 84' lang='lat' dir='ltr'>faciem</span> <span class='ocrx_word' id='word_1_1164' title='bbox 2151 2154 2190 2179; x_wconf 87' lang='lat' dir='ltr'>su-</span> 
     </span>
     <span class='ocr_line' id='line_1_94' title="bbox 42 2182 2191 2224; baseline 0 -9"><span class='ocrx_word' id='word_1_1165' title='bbox 42 2198 74 2215; x_wconf 85' lang='lat' dir='ltr'>:n.</span> <span class='ocrx_word' id='word_1_1166' title='bbox 87 2189 166 2215; x_wconf 87' lang='lat' dir='ltr'>Herc.</span> <span class='ocrx_word' id='word_1_1167' title='bbox 183 2187 236 2213; x_wconf 87' lang='lat' dir='ltr'>fur.</span> <span class='ocrx_word' id='word_1_1168' title='bbox 251 2193 310 2222; x_wconf 82' lang='lat'>778.</span> <span class='ocrx_word' id='word_1_1169' title='bbox 367 2187 439 2223; x_wconf 84' lang='lat' dir='ltr'>Conf.</span> <span class='ocrx_word' id='word_1_1170' title='bbox 461 2195 482 2213; x_wconf 79' lang='lat' dir='ltr'>H</span> <span class='ocrx_word' id='word_1_1171' title='bbox 492 2195 501 2213; x_wconf 91' lang='lat'>1</span> <span class='ocrx_word' id='word_1_1172' title='bbox 510 2195 525 2213; x_wconf 87' lang='lat' dir='ltr'>P</span> <span class='ocrx_word' id='word_1_1173' title='bbox 535 2195 550 2214; x_wconf 87' lang='lat' dir='ltr'>P</span> <span class='ocrx_word' id='word_1_1174' title='bbox 559 2194 578 2214; x_wconf 92' lang='grc' dir='ltr'>ο</span> <span class='ocrx_word' id='word_1_1175' title='bbox 587 2194 604 2214; x_wconf 89' lang='lat' dir='ltr'>c</span> <span class='ocrx_word' id='word_1_1176' title='bbox 613 2195 630 2213; x_wconf 81' lang='lat' dir='ltr'><em>E</em></span> <span class='ocrx_word' id='word_1_1177' title='bbox 640 2194 662 2213; x_wconf 80' lang='grc' dir='ltr'>Ν</span> <span class='ocrx_word' id='word_1_1178' title='bbox 671 2194 723 2214; x_wconf 79' lang='grc' dir='ltr'>ΤΑ</span> <span class='ocrx_word' id='word_1_1179' title='bbox 732 2194 779 2213; x_wconf 78' lang='lat' dir='ltr'>VR</span> <span class='ocrx_word' id='word_1_1180' title='bbox 789 2194 809 2212; x_wconf 89' lang='lat' dir='ltr'>v</span> <span class='ocrx_word' id='word_1_1181' title='bbox 818 2193 846 2218; x_wconf 93' lang='lat' dir='ltr'>s,</span> <span class='ocrx_word' id='word_1_1182' title='bbox 868 2186 934 2221; x_wconf 84' lang='lat' dir='ltr'>quod</span> <span class='ocrx_word' id='word_1_1183' title='bbox 947 2185 1009 2211; x_wconf 64' lang='lat' dir='ltr'>idem</span> <span class='ocrx_word' id='word_1_1184' title='bbox 1022 2184 1064 2218; x_wconf 76' lang='lat' dir='ltr'>est.</span> <span class='ocrx_word' id='word_1_1185' title='bbox 1132 2192 1174 2209; x_wconf 84' lang='lat' dir='ltr'>am</span> <span class='ocrx_word' id='word_1_1186' title='bbox 1189 2182 1360 2217; x_wconf 85' lang='lat' dir='ltr'>punicantem</span> <span class='ocrx_word' id='word_1_1187' title='bbox 1380 2192 1450 2223; x_wconf 66' lang='lat' dir='ltr'>prae¹</span> <span class='ocrx_word' id='word_1_1188' title='bbox 1461 2183 1583 2218; x_wconf 88' lang='lat' dir='ltr'>pudore,</span> <span class='ocrx_word' id='word_1_1189' title='bbox 1603 2184 1717 2211; x_wconf 82' lang='lat' dir='ltr'>obtexit.</span> <span class='ocrx_word' id='word_1_1190' title='bbox 1917 2184 1938 2224; x_wconf 59' lang='lat' dir='ltr'><strong>ff</strong></span> <span class='ocrx_word' id='word_1_1191' title='bbox 1956 2186 1979 2213; x_wconf 46' lang='lat'>2*</span> <span class='ocrx_word' id='word_1_1192' title='bbox 2010 2188 2191 2216; x_wconf 79' lang='lat' dir='ltr'>Centunculus</span> 
     </span>
     <span class='ocr_line' id='line_1_95' title="bbox 60 2217 2191 2258; baseline 0 -8"><span class='ocrx_word' id='word_1_1193' title='bbox 60 2232 73 2250; x_wconf 87' lang='lat'>2</span> <span class='ocrx_word' id='word_1_1194' title='bbox 109 2225 255 2251; x_wconf 86' lang='lat' dir='ltr'>Centaurus</span> <span class='ocrx_word' id='word_1_1195' title='bbox 275 2221 309 2255; x_wconf 71' lang='lat' dir='ltr'>2st</span> <span class='ocrx_word' id='word_1_1196' title='bbox 327 2223 402 2249; x_wconf 83' lang='lat' dir='ltr'>Sidus</span> <span class='ocrx_word' id='word_1_1197' title='bbox 420 2221 526 2254; x_wconf 79' lang='lat' dir='ltr'>australe</span> <span class='ocrx_word' id='word_1_1198' title='bbox 544 2222 612 2257; x_wconf 82' lang='lat' dir='ltr'>apud</span> <span class='ocrx_word' id='word_1_1199' title='bbox 622 2222 728 2248; x_wconf 85' lang='lat' dir='ltr'>Vitruu.</span> <span class='ocrx_word' id='word_1_1200' title='bbox 741 2230 767 2254; x_wconf 85' lang='lat'>9,</span> <span class='ocrx_word' id='word_1_1201' title='bbox 782 2230 807 2256; x_wconf 88' lang='lat'>7.</span> <span class='ocrx_word' id='word_1_1202' title='bbox 881 2221 1016 2249; x_wconf 83' lang='lat' dir='ltr'>Columel.</span> <span class='ocrx_word' id='word_1_1203' title='bbox 1034 2230 1065 2252; x_wconf 91' lang='lat'>11,</span> <span class='ocrx_word' id='word_1_1204' title='bbox 1132 2218 1231 2251; x_wconf 84' lang='lat' dir='ltr'>herba,</span> <span class='ocrx_word' id='word_1_1205' title='bbox 1254 2227 1333 2253; x_wconf 89' lang='lat' dir='ltr'>quam</span> <span class='ocrx_word' id='word_1_1206' title='bbox 1357 2219 1453 2245; x_wconf 82' lang='lat' dir='ltr'>Graeci</span> <span class='ocrx_word' id='word_1_1207' title='bbox 1474 2217 1619 2253; x_wconf 65' lang='grc' dir='ltr'>γναφικλίδα</span> <span class='ocrx_word' id='word_1_1208' title='bbox 1642 2220 1734 2247; x_wconf 89' lang='lat' dir='ltr'>dicunt</span> <span class='ocrx_word' id='word_1_1209' title='bbox 1761 2219 1882 2248; x_wconf 88' lang='lat' dir='ltr'>Scribon.</span> <span class='ocrx_word' id='word_1_1210' title='bbox 1897 2230 1946 2249; x_wconf 85' lang='lat'>121.</span> <span class='ocrx_word' id='word_1_1211' title='bbox 2018 2223 2086 2250; x_wconf 87' lang='lat' dir='ltr'>Plin.</span> <span class='ocrx_word' id='word_1_1212' title='bbox 2100 2233 2143 2258; x_wconf 84' lang='lat'>24,</span> <span class='ocrx_word' id='word_1_1213' title='bbox 2164 2232 2191 2257; x_wconf 80' lang='grc' dir='ltr'>ις</span> 
     </span>
     <span class='ocr_line' id='line_1_96' title="bbox 59 2254 2191 2295; baseline 0.002 -12"><span class='ocrx_word' id='word_1_1214' title='bbox 59 2266 99 2290; x_wconf 80' lang='lat'>39.</span> <span class='ocrx_word' id='word_1_1215' title='bbox 137 2257 296 2293; x_wconf 61' lang='lat' dir='ltr'>Describitur</span> <span class='ocrx_word' id='word_1_1216' title='bbox 314 2258 413 2291; x_wconf 79' lang='lat' dir='ltr'>Hygin.</span> <span class='ocrx_word' id='word_1_1217' title='bbox 428 2258 531 2283; x_wconf 86' lang='lat' dir='ltr'>Astron.</span> <span class='ocrx_word' id='word_1_1218' title='bbox 539 2266 560 2290; x_wconf 82' lang='lat'>3,</span> <span class='ocrx_word' id='word_1_1219' title='bbox 568 2265 609 2292; x_wconf 75' lang='lat'>37.</span> <span class='ocrx_word' id='word_1_1220' title='bbox 807 2254 828 2294; x_wconf 56' lang='lat' dir='ltr'><strong>ff</strong></span> <span class='ocrx_word' id='word_1_1221' title='bbox 852 2265 865 2289; x_wconf 81' lang='lat'><em>3</em></span> <span class='ocrx_word' id='word_1_1222' title='bbox 901 2258 1067 2290; x_wconf 88' lang='lat' dir='ltr'>Centaurus,</span> <span class='ocrx_word' id='word_1_1223' title='bbox 1129 2254 1192 2281; x_wconf 90' lang='lat' dir='ltr'>Itali</span> <span class='ocrx_word' id='word_1_1224' title='bbox 1223 2255 1411 2281; x_wconf 88' lang='lat' dir='ltr'>centunculum</span> <span class='ocrx_word' id='word_1_1225' title='bbox 1442 2261 1539 2282; x_wconf 88' lang='lat' dir='ltr'>vocant</span> <span class='ocrx_word' id='word_1_1226' title='bbox 1569 2256 1690 2283; x_wconf 87' lang='lat' dir='ltr'>rostratis</span> <span class='ocrx_word' id='word_1_1227' title='bbox 1723 2257 1800 2283; x_wconf 87' lang='lat' dir='ltr'>foliis</span> <span class='ocrx_word' id='word_1_1228' title='bbox 1825 2257 1858 2284; x_wconf 87' lang='lat' dir='ltr'>ad</span> <span class='ocrx_word' id='word_1_1229' title='bbox 1891 2257 2094 2286; x_wconf 83' lang='lat' dir='ltr'>similitudinem</span> <span class='ocrx_word' id='word_1_1230' title='bbox 2121 2261 2191 2295; x_wconf 88' lang='lat' dir='ltr'>capi-</span> 
     </span>
     <span class='ocr_line' id='line_1_97' title="bbox 45 2291 2190 2328; baseline 0.001 -8"><span class='ocrx_word' id='word_1_1231' title='bbox 45 2296 114 2320; x_wconf 75' lang='lat' dir='ltr'>&#39;omen</span> <span class='ocrx_word' id='word_1_1232' title='bbox 126 2295 198 2325; x_wconf 83' lang='lat' dir='ltr'>auis,</span> <span class='ocrx_word' id='word_1_1233' title='bbox 218 2292 286 2328; x_wconf 75' lang='lat' dir='ltr'>apud</span> <span class='ocrx_word' id='word_1_1234' title='bbox 299 2293 372 2327; x_wconf 86' lang='lat' dir='ltr'>Virg.</span> <span class='ocrx_word' id='word_1_1235' title='bbox 380 2294 444 2319; x_wconf 81' lang='lat' dir='ltr'>Aen.</span> <span class='ocrx_word' id='word_1_1236' title='bbox 459 2300 483 2326; x_wconf 80' lang='grc' dir='ltr'>ς,</span> <span class='ocrx_word' id='word_1_1237' title='bbox 498 2301 544 2320; x_wconf 85' lang='lat'>122</span> <span class='ocrx_word' id='word_1_1238' title='bbox 567 2294 704 2320; x_wconf 84' lang='lat' dir='ltr'>Centauro</span> <span class='ocrx_word' id='word_1_1239' title='bbox 718 2292 859 2320; x_wconf 87' lang='lat' dir='ltr'>inuehitur</span> <span class='ocrx_word' id='word_1_1240' title='bbox 871 2302 975 2328; x_wconf 88' lang='lat' dir='ltr'>magna.</span> <span class='ocrx_word' id='word_1_1241' title='bbox 1014 2295 1066 2320; x_wconf 90' lang='lat' dir='ltr'>No·</span> <span class='ocrx_word' id='word_1_1242' title='bbox 1130 2291 1163 2317; x_wconf 84' lang='lat' dir='ltr'>tis</span> <span class='ocrx_word' id='word_1_1243' title='bbox 1198 2291 1357 2325; x_wconf 71' lang='lat' dir='ltr'>penularum</span> <span class='ocrx_word' id='word_1_1244' title='bbox 1388 2291 1520 2318; x_wconf 86' lang='lat' dir='ltr'>iacentem</span> <span class='ocrx_word' id='word_1_1245' title='bbox 1546 2291 1576 2318; x_wconf 90' lang='lat' dir='ltr'>in</span> <span class='ocrx_word' id='word_1_1246' title='bbox 1598 2293 1678 2319; x_wconf 84' lang='lat' dir='ltr'>aruis.</span> <span class='ocrx_word' id='word_1_1247' title='bbox 1752 2293 1849 2319; x_wconf 85' lang='lat' dir='ltr'>Graeci</span> <span class='ocrx_word' id='word_1_1248' title='bbox 1879 2299 1970 2321; x_wconf 86' lang='lat' dir='ltr'>autem</span> <span class='ocrx_word' id='word_1_1249' title='bbox 2003 2295 2190 2322; x_wconf 79' lang='lat' dir='ltr'>clematidem.</span> 
     </span>
     <span class='ocr_line' id='line_1_98' title="bbox 43 2323 1676 2366; baseline -0.003 -10"><span class='ocrx_word' id='word_1_1250' title='bbox 43 2339 69 2356; x_wconf 78' lang='lat' dir='ltr'>m</span> <span class='ocrx_word' id='word_1_1251' title='bbox 80 2328 147 2356; x_wconf 83' lang='lat' dir='ltr'>baud</span> <span class='ocrx_word' id='word_1_1252' title='bbox 156 2327 227 2355; x_wconf 81' lang='lat' dir='ltr'>dubie</span> <span class='ocrx_word' id='word_1_1253' title='bbox 240 2328 270 2354; x_wconf 89' lang='lat' dir='ltr'>ab</span> <span class='ocrx_word' id='word_1_1254' title='bbox 283 2328 384 2365; x_wconf 70' lang='lat' dir='ltr'>insigni.</span> <span class='ocrx_word' id='word_1_1255' title='bbox 1086 2323 1121 2348; x_wconf 80' lang='lat'>60</span> <span class='ocrx_word' id='word_1_1256' title='bbox 1130 2326 1198 2354; x_wconf 78' lang='lat' dir='ltr'>Add.</span> <span class='ocrx_word' id='word_1_1257' title='bbox 1212 2326 1251 2353; x_wconf 90' lang='lat' dir='ltr'>Id.</span> <span class='ocrx_word' id='word_1_1258' title='bbox 1269 2328 1314 2358; x_wconf 88' lang='lat'>26,</span> <span class='ocrx_word' id='word_1_1259' title='bbox 1334 2335 1367 2352; x_wconf 78' lang='grc' dir='ltr'>ιι.</span> <span class='ocrx_word' id='word_1_1260' title='bbox 1670 2361 1676 2366; x_wconf 25' lang='grc' dir='ltr'><strong>ᾖ</strong></span> 
     </span>
    </p>

    <p class='ocr_par' dir='ltr' id='par_1_14' title="bbox 53 2361 2190 2400">
     <span class='ocr_line' id='line_1_99' title="bbox 53 2361 2190 2400; baseline 0.002 -11"><span class='ocrx_word' id='word_1_1261' title='bbox 53 2370 71 2391; x_wconf 89' lang='lat' dir='ltr'>c</span> <span class='ocrx_word' id='word_1_1262' title='bbox 81 2371 98 2392; x_wconf 81' lang='lat' dir='ltr'>E</span> <span class='ocrx_word' id='word_1_1263' title='bbox 106 2370 128 2390; x_wconf 82' lang='lat' dir='ltr'>N</span> <span class='ocrx_word' id='word_1_1264' title='bbox 137 2371 217 2391; x_wconf 61' lang='lat' dir='ltr'>&#39;rav</span> <span class='ocrx_word' id='word_1_1265' title='bbox 226 2371 246 2391; x_wconf 83' lang='lat' dir='ltr'>R</span> <span class='ocrx_word' id='word_1_1266' title='bbox 256 2365 303 2391; x_wconf 76' lang='grc' dir='ltr'>ιξν</span> <span class='ocrx_word' id='word_1_1267' title='bbox 312 2371 325 2391; x_wconf 91' lang='lat' dir='ltr'>s</span> <span class='ocrx_word' id='word_1_1268' title='bbox 334 2384 342 2397; x_wconf 92' lang='lat'>,</span> <span class='ocrx_word' id='word_1_1269' title='bbox 359 2373 374 2391; x_wconf 82' lang='lat' dir='ltr'>a</span> <span class='ocrx_word' id='word_1_1270' title='bbox 382 2385 391 2397; x_wconf 86' lang='lat'>‚</span> <span class='ocrx_word' id='word_1_1271' title='bbox 409 2373 464 2391; x_wconf 90' lang='lat' dir='ltr'>um.</span> <span class='ocrx_word' id='word_1_1272' title='bbox 500 2364 560 2391; x_wconf 87' lang='lat' dir='ltr'>Adi.</span> <span class='ocrx_word' id='word_1_1273' title='bbox 598 2363 787 2400; x_wconf 71' lang='grc' dir='ltr'>[Κενταύρεως]</span> <span class='ocrx_word' id='word_1_1274' title='bbox 830 2365 879 2397; x_wconf 82' lang='lat' dir='ltr'>Vt,</span> <span class='ocrx_word' id='word_1_1275' title='bbox 897 2365 966 2391; x_wconf 84' lang='lat' dir='ltr'>Hor.</span> <span class='ocrx_word' id='word_1_1276' title='bbox 974 2366 1063 2392; x_wconf 84' lang='lat' dir='ltr'>Carm.</span> <span class='ocrx_word' id='word_1_1277' title='bbox 1166 2369 1183 2389; x_wconf 85' lang='lat' dir='ltr'>c</span> <span class='ocrx_word' id='word_1_1278' title='bbox 1193 2369 1209 2388; x_wconf 82' lang='lat' dir='ltr'>E</span> <span class='ocrx_word' id='word_1_1279' title='bbox 1220 2369 1242 2388; x_wconf 83' lang='lat' dir='ltr'>N</span> <span class='ocrx_word' id='word_1_1280' title='bbox 1250 2368 1271 2387; x_wconf 82' lang='lat' dir='ltr'>T</span> <span class='ocrx_word' id='word_1_1281' title='bbox 1280 2368 1300 2388; x_wconf 90' lang='grc' dir='ltr'>ο</span> <span class='ocrx_word' id='word_1_1282' title='bbox 1310 2368 1331 2386; x_wconf 81' lang='lat' dir='ltr'>N</span> <span class='ocrx_word' id='word_1_1283' title='bbox 1341 2369 1364 2387; x_wconf 90' lang='lat' dir='ltr'>A</span> <span class='ocrx_word' id='word_1_1284' title='bbox 1373 2368 1392 2388; x_wconf 79' lang='lat' dir='ltr'>R</span> <span class='ocrx_word' id='word_1_1285' title='bbox 1401 2369 1411 2387; x_wconf 92' lang='lat'>1</span> <span class='ocrx_word' id='word_1_1286' title='bbox 1420 2368 1441 2387; x_wconf 84' lang='lat' dir='ltr'>v</span> <span class='ocrx_word' id='word_1_1287' title='bbox 1451 2368 1464 2388; x_wconf 81' lang='lat' dir='ltr'>s</span> <span class='ocrx_word' id='word_1_1288' title='bbox 1477 2381 1485 2394; x_wconf 92' lang='lat'>,</span> <span class='ocrx_word' id='word_1_1289' title='bbox 1505 2369 1530 2393; x_wconf 89' lang='lat' dir='ltr'>a,</span> <span class='ocrx_word' id='word_1_1290' title='bbox 1551 2369 1606 2388; x_wconf 89' lang='lat' dir='ltr'>um.</span> <span class='ocrx_word' id='word_1_1291' title='bbox 1625 2361 1687 2388; x_wconf 83' lang='lat' dir='ltr'>Adi.</span> <span class='ocrx_word' id='word_1_1292' title='bbox 1722 2369 1769 2396; x_wconf 82' lang='lat' dir='ltr'>vt,</span> <span class='ocrx_word' id='word_1_1293' title='bbox 1787 2363 1866 2390; x_wconf 88' lang='lat' dir='ltr'>More</span> <span class='ocrx_word' id='word_1_1294' title='bbox 1877 2364 2034 2392; x_wconf 82' lang='lat' dir='ltr'>centonario</span> <span class='ocrx_word' id='word_1_1295' title='bbox 2042 2364 2153 2393; x_wconf 84' lang='lat' dir='ltr'>vidimus</span> <span class='ocrx_word' id='word_1_1296' title='bbox 2160 2375 2190 2393; x_wconf 81' lang='lat' dir='ltr'>ex</span> 
     </span>
    </p>
   </div>
   <div class='ocr_carea' id='block_1_10' title="bbox 34 2396 2190 2544">
    <p class='ocr_par' dir='ltr' id='par_1_15' title="bbox 34 2396 2190 2544">
     <span class='ocr_line' id='line_1_100' title="bbox 50 2396 2188 2436; baseline 0.001 -10"><span class='ocrx_word' id='word_1_1297' title='bbox 50 2405 87 2433; x_wconf 88' lang='lat'>18,</span> <span class='ocrx_word' id='word_1_1298' title='bbox 99 2405 113 2430; x_wconf 86' lang='lat'>8</span> <span class='ocrx_word' id='word_1_1299' title='bbox 133 2401 167 2426; x_wconf 87' lang='lat' dir='ltr'>At</span> <span class='ocrx_word' id='word_1_1300' title='bbox 183 2401 288 2434; x_wconf 87' lang='lat' dir='ltr'>nequis</span> <span class='ocrx_word' id='word_1_1301' title='bbox 301 2400 403 2427; x_wconf 89' lang='lat' dir='ltr'>modici</span> <span class='ocrx_word' id='word_1_1302' title='bbox 415 2399 544 2427; x_wconf 86' lang='lat' dir='ltr'>transiliat.</span> <span class='ocrx_word' id='word_1_1303' title='bbox 563 2409 674 2427; x_wconf 84' lang='lat' dir='ltr'>munera</span> <span class='ocrx_word' id='word_1_1304' title='bbox 687 2397 781 2427; x_wconf 83' lang='lat' dir='ltr'>Liberi</span> <span class='ocrx_word' id='word_1_1305' title='bbox 801 2400 951 2427; x_wconf 85' lang='lat' dir='ltr'>Centaurea</span> <span class='ocrx_word' id='word_1_1306' title='bbox 971 2406 1065 2427; x_wconf 88' lang='lat' dir='ltr'>mouet</span> <span class='ocrx_word' id='word_1_1307' title='bbox 1130 2397 1251 2424; x_wconf 87' lang='lat' dir='ltr'>Tertull.</span> <span class='ocrx_word' id='word_1_1308' title='bbox 1272 2396 1305 2422; x_wconf 73' lang='lat' dir='ltr'>de</span> <span class='ocrx_word' id='word_1_1309' title='bbox 1327 2397 1539 2436; x_wconf 35' lang='lat' dir='ltr'>praescript-¹39·</span> <span class='ocrx_word' id='word_1_1310' title='bbox 1575 2404 1600 2423; x_wconf 57' lang='grc' dir='ltr'>Εἰ</span> <span class='ocrx_word' id='word_1_1311' title='bbox 1622 2397 1726 2424; x_wconf 76' lang='lat' dir='ltr'>Ifidoro</span> <span class='ocrx_word' id='word_1_1312' title='bbox 1742 2407 1763 2431; x_wconf 78' lang='grc' dir='ltr'>Ι,</span> <span class='ocrx_word' id='word_1_1313' title='bbox 1780 2404 1818 2431; x_wconf 80' lang='grc'>38-</span> <span class='ocrx_word' id='word_1_1314' title='bbox 1848 2402 1867 2426; x_wconf 83' lang='lat' dir='ltr'>i·</span> <span class='ocrx_word' id='word_1_1315' title='bbox 1891 2401 1924 2427; x_wconf 82' lang='lat' dir='ltr'>In</span> <span class='ocrx_word' id='word_1_1316' title='bbox 1948 2400 2045 2427; x_wconf 87' lang='lat' dir='ltr'>modum</span> <span class='ocrx_word' id='word_1_1317' title='bbox 2066 2405 2188 2429; x_wconf 81' lang='lat' dir='ltr'>centonis.</span> 
     </span>
     <span class='ocr_line' id='line_1_101' title="bbox 43 2430 2190 2472; baseline 0.001 -9"><span class='ocrx_word' id='word_1_1318' title='bbox 43 2444 78 2463; x_wconf 80' lang='lat' dir='ltr'>tm</span> <span class='ocrx_word' id='word_1_1319' title='bbox 90 2435 211 2471; x_wconf 78' lang='lat' dir='ltr'>Lapithis</span> <span class='ocrx_word' id='word_1_1320' title='bbox 224 2437 281 2462; x_wconf 78' lang='lat' dir='ltr'>rixa</span> <span class='ocrx_word' id='word_1_1321' title='bbox 293 2437 370 2471; x_wconf 88' lang='lat' dir='ltr'>super</span> <span class='ocrx_word' id='word_1_1322' title='bbox 383 2445 459 2463; x_wconf 88' lang='lat' dir='ltr'>mero</span> <span class='ocrx_word' id='word_1_1323' title='bbox 472 2436 617 2463; x_wconf 85' lang='lat' dir='ltr'>Debellata.</span> <span class='ocrx_word' id='word_1_1324' title='bbox 1130 2430 1175 2468; x_wconf 53' lang='grc' dir='ltr'>ἦν.</span> <span class='ocrx_word' id='word_1_1325' title='bbox 1189 2430 1343 2464; x_wconf 80' lang='lat' dir='ltr'>Substantiue</span> <span class='ocrx_word' id='word_1_1326' title='bbox 1350 2433 1508 2459; x_wconf 83' lang='lat' dir='ltr'>Centonarii</span> <span class='ocrx_word' id='word_1_1327' title='bbox 1521 2431 1588 2459; x_wconf 65' lang='lat' dir='ltr'>dieb·</span> <span class='ocrx_word' id='word_1_1328' title='bbox 1594 2433 1722 2467; x_wconf 84' lang='lat' dir='ltr'>videntur,</span> <span class='ocrx_word' id='word_1_1329' title='bbox 1738 2437 1781 2470; x_wconf 82' lang='lat' dir='ltr'>qui</span> <span class='ocrx_word' id='word_1_1330' title='bbox 1788 2435 2048 2472; x_wconf 71' lang='lat' dir='ltr'>Centonescorficiunt</span> <span class='ocrx_word' id='word_1_1331' title='bbox 2054 2439 2116 2465; x_wconf 82' lang='lat' dir='ltr'>inre</span> <span class='ocrx_word' id='word_1_1332' title='bbox 2123 2440 2190 2465; x_wconf 87' lang='lat' dir='ltr'>mili-</span> 
     </span>
     <span class='ocr_line' id='line_1_102' title="bbox 34 2466 2189 2508; baseline 0 -9"><span class='ocrx_word' id='word_1_1333' title='bbox 34 2488 35 2491; x_wconf 68' lang='lat'><em>=</em></span> <span class='ocrx_word' id='word_1_1334' title='bbox 52 2479 184 2499; x_wconf 81' lang='lat' dir='ltr'>CENTA</span> <span class='ocrx_word' id='word_1_1335' title='bbox 193 2478 214 2497; x_wconf 88' lang='lat' dir='ltr'>v</span> <span class='ocrx_word' id='word_1_1336' title='bbox 223 2478 241 2498; x_wconf 84' lang='lat' dir='ltr'>R</span> <span class='ocrx_word' id='word_1_1337' title='bbox 253 2469 288 2500; x_wconf 76' lang='lat' dir='ltr'>i&#39;c</span> <span class='ocrx_word' id='word_1_1338' title='bbox 297 2479 349 2499; x_wconf 83' lang='lat' dir='ltr'>vs.</span> <span class='ocrx_word' id='word_1_1339' title='bbox 387 2472 447 2499; x_wconf 87' lang='lat' dir='ltr'>Adi.</span> <span class='ocrx_word' id='word_1_1340' title='bbox 483 2473 496 2507; x_wconf 94' lang='lat'>[</span> <span class='ocrx_word' id='word_1_1341' title='bbox 504 2471 678 2508; x_wconf 71' lang='grc' dir='ltr'>Κενταυρικᾶς]</span> <span class='ocrx_word' id='word_1_1342' title='bbox 714 2472 809 2500; x_wconf 85' lang='lat' dir='ltr'>Lustra</span> <span class='ocrx_word' id='word_1_1343' title='bbox 821 2471 982 2499; x_wconf 84' lang='lat' dir='ltr'>Centaurica</span> <span class='ocrx_word' id='word_1_1344' title='bbox 999 2471 1067 2506; x_wconf 81' lang='lat' dir='ltr'>apud</span> <span class='ocrx_word' id='word_1_1345' title='bbox 1130 2475 1191 2498; x_wconf 66' lang='lat' dir='ltr'>tart,</span> <span class='ocrx_word' id='word_1_1346' title='bbox 1208 2475 1236 2493; x_wconf 79' lang='lat' dir='ltr'>vt</span> <span class='ocrx_word' id='word_1_1347' title='bbox 1251 2467 1370 2499; x_wconf 79' lang='lat' dir='ltr'>vidimus,</span> <span class='ocrx_word' id='word_1_1348' title='bbox 1387 2469 1422 2494; x_wconf 84' lang='lat' dir='ltr'>ad</span> <span class='ocrx_word' id='word_1_1349' title='bbox 1435 2466 1609 2505; x_wconf 74' lang='lat' dir='ltr'>restinguenda</span> <span class='ocrx_word' id='word_1_1350' title='bbox 1621 2471 1679 2495; x_wconf 79' lang='lat' dir='ltr'>item</span> <span class='ocrx_word' id='word_1_1351' title='bbox 1693 2470 1809 2496; x_wconf 80' lang='lat' dir='ltr'>incendia</span> <span class='ocrx_word' id='word_1_1352' title='bbox 1824 2470 1978 2505; x_wconf 64' lang='lat' dir='ltr'>necqffarios.</span> <span class='ocrx_word' id='word_1_1353' title='bbox 2014 2475 2111 2500; x_wconf 85' lang='lat' dir='ltr'>Horum</span> <span class='ocrx_word' id='word_1_1354' title='bbox 2120 2474 2189 2501; x_wconf 80' lang='lat' dir='ltr'>colle-</span> 
     </span>
     <span class='ocr_line' id='line_1_103' title="bbox 45 2503 2188 2544; baseline 0.001 -10"><span class='ocrx_word' id='word_1_1355' title='bbox 45 2514 79 2534; x_wconf 89' lang='lat' dir='ltr'>at.</span> <span class='ocrx_word' id='word_1_1356' title='bbox 93 2507 179 2534; x_wconf 78' lang='lat' dir='ltr'>Achil.</span> <span class='ocrx_word' id='word_1_1357' title='bbox 194 2516 214 2540; x_wconf 88' lang='lat'>1,</span> <span class='ocrx_word' id='word_1_1358' title='bbox 226 2510 276 2534; x_wconf 86' lang='lat'>266</span> <span class='ocrx_word' id='word_1_1359' title='bbox 291 2507 388 2543; x_wconf 73' lang='lat' dir='ltr'>siluae,</span> <span class='ocrx_word' id='word_1_1360' title='bbox 409 2512 437 2534; x_wconf 86' lang='lat' dir='ltr'>in</span> <span class='ocrx_word' id='word_1_1361' title='bbox 448 2509 536 2544; x_wconf 82' lang='lat' dir='ltr'>quibus</span> <span class='ocrx_word' id='word_1_1362' title='bbox 549 2509 665 2535; x_wconf 83' lang='lat' dir='ltr'>habitant</span> <span class='ocrx_word' id='word_1_1363' title='bbox 675 2509 802 2534; x_wconf 83' lang='lat' dir='ltr'>Centauri.</span> <span class='ocrx_word' id='word_1_1364' title='bbox 1086 2505 1116 2536; x_wconf 67' lang='grc' dir='ltr'>ὃς</span> <span class='ocrx_word' id='word_1_1365' title='bbox 1130 2506 1174 2540; x_wconf 66' lang='lat' dir='ltr'>gia</span> <span class='ocrx_word' id='word_1_1366' title='bbox 1183 2503 1272 2538; x_wconf 66' lang='lat' dir='ltr'>paffim</span> <span class='ocrx_word' id='word_1_1367' title='bbox 1285 2511 1460 2530; x_wconf 72' lang='lat' dir='ltr'>memorantur.</span> <span class='ocrx_word' id='word_1_1368' title='bbox 1533 2506 1593 2531; x_wconf 86' lang='lat' dir='ltr'>Vet.</span> <span class='ocrx_word' id='word_1_1369' title='bbox 1606 2506 1727 2541; x_wconf 89' lang='lat' dir='ltr'>Inscript.</span> <span class='ocrx_word' id='word_1_1370' title='bbox 1738 2506 1807 2541; x_wconf 83' lang='lat' dir='ltr'>apud</span> <span class='ocrx_word' id='word_1_1371' title='bbox 1819 2508 1891 2542; x_wconf 75' lang='lat' dir='ltr'>Spon.</span> <span class='ocrx_word' id='word_1_1372' title='bbox 1904 2508 2011 2544; x_wconf 68' lang='lat' dir='ltr'>Misi-cll.</span> <span class='ocrx_word' id='word_1_1373' title='bbox 2026 2509 2125 2536; x_wconf 83' lang='lat' dir='ltr'>Erudit.</span> <span class='ocrx_word' id='word_1_1374' title='bbox 2133 2514 2188 2536; x_wconf 90' lang='lat' dir='ltr'>An-</span> 
     </span>
    </p>
   </div>
   <div class='ocr_carea' id='block_1_11' title="bbox 14 2539 2188 4008">
    <p class='ocr_par' dir='ltr' id='par_1_16' title="bbox 44 2539 2188 2972">
     <span class='ocr_line' id='line_1_104' title="bbox 53 2539 2187 2579; baseline 0.003 -12"><span class='ocrx_word' id='word_1_1375' title='bbox 53 2549 71 2571; x_wconf 86' lang='lat' dir='ltr'>c</span> <span class='ocrx_word' id='word_1_1376' title='bbox 81 2550 189 2571; x_wconf 81' lang='lat' dir='ltr'>ENTA</span> <span class='ocrx_word' id='word_1_1377' title='bbox 199 2550 220 2569; x_wconf 92' lang='lat' dir='ltr'>v</span> <span class='ocrx_word' id='word_1_1378' title='bbox 231 2550 344 2571; x_wconf 79' lang='lat' dir='ltr'>ROMA</span> <span class='ocrx_word' id='word_1_1379' title='bbox 354 2551 371 2571; x_wconf 87' lang='lat' dir='ltr'>c</span> <span class='ocrx_word' id='word_1_1380' title='bbox 382 2551 454 2571; x_wconf 79' lang='lat' dir='ltr'>1-11A</span> <span class='ocrx_word' id='word_1_1381' title='bbox 469 2564 477 2577; x_wconf 88' lang='lat'><strong>‚</strong></span> <span class='ocrx_word' id='word_1_1382' title='bbox 507 2553 547 2571; x_wconf 85' lang='lat' dir='ltr'>ae.</span> <span class='ocrx_word' id='word_1_1383' title='bbox 584 2545 604 2571; x_wconf 85' lang='lat' dir='ltr'>f.</span> <span class='ocrx_word' id='word_1_1384' title='bbox 643 2546 732 2579; x_wconf 77' lang='lat' dir='ltr'>Pugna</span> <span class='ocrx_word' id='word_1_1385' title='bbox 751 2553 804 2569; x_wconf 87' lang='lat' dir='ltr'>cum</span> <span class='ocrx_word' id='word_1_1386' title='bbox 825 2543 966 2568; x_wconf 79' lang='lat' dir='ltr'>Centauris.</span> <span class='ocrx_word' id='word_1_1387' title='bbox 1019 2540 1068 2568; x_wconf 81' lang='lat' dir='ltr'>Sed</span> <span class='ocrx_word' id='word_1_1388' title='bbox 1131 2542 1178 2574; x_wconf 83' lang='lat' dir='ltr'>tiq.</span> <span class='ocrx_word' id='word_1_1389' title='bbox 1194 2549 1217 2574; x_wconf 90' lang='lat' dir='ltr'>p.</span> <span class='ocrx_word' id='word_1_1390' title='bbox 1234 2547 1274 2574; x_wconf 74' lang='lat'>57.</span> <span class='ocrx_word' id='word_1_1391' title='bbox 1288 2541 1331 2566; x_wconf 81' lang='lat'>62.</span> <span class='ocrx_word' id='word_1_1392' title='bbox 1352 2542 1392 2572; x_wconf 85' lang='lat'>63.</span> <span class='ocrx_word' id='word_1_1393' title='bbox 1429 2547 1452 2566; x_wconf 83' lang='lat' dir='ltr'>ct</span> <span class='ocrx_word' id='word_1_1394' title='bbox 1472 2539 1577 2567; x_wconf 87' lang='lat' dir='ltr'>Fabret.</span> <span class='ocrx_word' id='word_1_1395' title='bbox 1597 2550 1622 2576; x_wconf 90' lang='lat' dir='ltr'>p.</span> <span class='ocrx_word' id='word_1_1396' title='bbox 1641 2547 1699 2575; x_wconf 82' lang='lat'>485.</span> <span class='ocrx_word' id='word_1_1397' title='bbox 1736 2542 1775 2569; x_wconf 93' lang='lat' dir='ltr'>M.</span> <span class='ocrx_word' id='word_1_1398' title='bbox 1793 2572 1795 2576; x_wconf 57' lang='lat'>.</span> <span class='ocrx_word' id='word_1_1399' title='bbox 1812 2543 1913 2571; x_wconf 86' lang='lat' dir='ltr'>IVNI</span> <span class='ocrx_word' id='word_1_1400' title='bbox 1923 2544 1969 2571; x_wconf 89' lang='lat' dir='ltr'>VS</span> <span class='ocrx_word' id='word_1_1401' title='bbox 2006 2544 2187 2573; x_wconf 88' lang='lat' dir='ltr'>SABINVS</span> 
     </span>
     <span class='ocr_line' id='line_1_105' title="bbox 45 2574 2187 2616; baseline 0 -10"><span class='ocrx_word' id='word_1_1402' title='bbox 45 2585 99 2606; x_wconf 89' lang='lat' dir='ltr'>aut.</span> <span class='ocrx_word' id='word_1_1403' title='bbox 111 2580 191 2607; x_wconf 82' lang='lat' dir='ltr'>Cui-c.</span> <span class='ocrx_word' id='word_1_1404' title='bbox 205 2587 229 2612; x_wconf 82' lang='lat'>3,</span> <span class='ocrx_word' id='word_1_1405' title='bbox 242 2587 269 2614; x_wconf 80' lang='lat'>7,</span> <span class='ocrx_word' id='word_1_1406' title='bbox 283 2587 296 2613; x_wconf 81' lang='grc' dir='ltr'><em>ς</em></span> <span class='ocrx_word' id='word_1_1407' title='bbox 326 2574 475 2613; x_wconf 71' lang='grc' dir='ltr'>ΤὸεΠ-ἰΙίαηι</span> <span class='ocrx_word' id='word_1_1408' title='bbox 493 2580 573 2616; x_wconf 74' lang='lat' dir='ltr'>ipJam</span> <span class='ocrx_word' id='word_1_1409' title='bbox 591 2581 737 2607; x_wconf 71' lang='lat' dir='ltr'>ioculariter</span> <span class='ocrx_word' id='word_1_1410' title='bbox 753 2581 792 2604; x_wconf 85' lang='lat' dir='ltr'>ita</span> <span class='ocrx_word' id='word_1_1411' title='bbox 810 2578 911 2604; x_wconf 81' lang='lat' dir='ltr'>videtur</span> <span class='ocrx_word' id='word_1_1412' title='bbox 921 2576 1050 2613; x_wconf 57' lang='lat' dir='ltr'>appella-lle</span> <span class='ocrx_word' id='word_1_1413' title='bbox 1058 2596 1067 2609; x_wconf 91' lang='lat'>‚</span> <span class='ocrx_word' id='word_1_1414' title='bbox 1132 2576 1211 2602; x_wconf 84' lang='lat'>1111.</span> <span class='ocrx_word' id='word_1_1415' title='bbox 1239 2576 1311 2602; x_wconf 89' lang='lat' dir='ltr'>VIR</span> <span class='ocrx_word' id='word_1_1416' title='bbox 1348 2577 1370 2602; x_wconf 85' lang='lat' dir='ltr'>A</span> <span class='ocrx_word' id='word_1_1417' title='bbox 1379 2576 1428 2602; x_wconf 85' lang='lat' dir='ltr'>ED</span> <span class='ocrx_word' id='word_1_1418' title='bbox 1435 2577 1447 2602; x_wconf 92' lang='grc' dir='ltr'>Ι</span> <span class='ocrx_word' id='word_1_1419' title='bbox 1455 2577 1495 2602; x_wconf 92' lang='lat' dir='ltr'>LI</span> <span class='ocrx_word' id='word_1_1420' title='bbox 1504 2577 1543 2602; x_wconf 92' lang='lat' dir='ltr'>CI</span> <span class='ocrx_word' id='word_1_1421' title='bbox 1552 2577 1574 2603; x_wconf 87' lang='lat' dir='ltr'>A</span> <span class='ocrx_word' id='word_1_1422' title='bbox 1583 2578 1602 2603; x_wconf 88' lang='grc' dir='ltr'>Ε</span> <span class='ocrx_word' id='word_1_1423' title='bbox 1639 2578 1656 2604; x_wconf 82' lang='grc' dir='ltr'><em>Ρ</em></span> <span class='ocrx_word' id='word_1_1424' title='bbox 1664 2578 1689 2604; x_wconf 95' lang='lat' dir='ltr'>O</span> <span class='ocrx_word' id='word_1_1425' title='bbox 1696 2578 1726 2605; x_wconf 92' lang='lat' dir='ltr'>T</span> <span class='ocrx_word' id='word_1_1426' title='bbox 1733 2579 1752 2604; x_wconf 87' lang='grc' dir='ltr'>Ε</span> <span class='ocrx_word' id='word_1_1427' title='bbox 1760 2578 1775 2605; x_wconf 87' lang='lat' dir='ltr'>S</span> <span class='ocrx_word' id='word_1_1428' title='bbox 1783 2579 1822 2607; x_wconf 90' lang='lat' dir='ltr'>T.</span> <span class='ocrx_word' id='word_1_1429' title='bbox 1860 2580 1880 2606; x_wconf 83' lang='lat' dir='ltr'>E</span> <span class='ocrx_word' id='word_1_1430' title='bbox 1917 2580 1938 2607; x_wconf 93' lang='lat' dir='ltr'>L</span> <span class='ocrx_word' id='word_1_1431' title='bbox 1947 2581 1966 2606; x_wconf 89' lang='lat' dir='ltr'>E</span> <span class='ocrx_word' id='word_1_1432' title='bbox 1974 2580 1998 2607; x_wconf 90' lang='lat' dir='ltr'>G</span> <span class='ocrx_word' id='word_1_1433' title='bbox 2005 2581 2025 2607; x_wconf 90' lang='lat' dir='ltr'>E</span> <span class='ocrx_word' id='word_1_1434' title='bbox 2061 2581 2074 2608; x_wconf 83' lang='grc' dir='ltr'><strong>Ι</strong></span> <span class='ocrx_word' id='word_1_1435' title='bbox 2081 2582 2104 2608; x_wconf 97' lang='lat' dir='ltr'>V</span> <span class='ocrx_word' id='word_1_1436' title='bbox 2113 2582 2155 2608; x_wconf 92' lang='lat' dir='ltr'>LI</span> <span class='ocrx_word' id='word_1_1437' title='bbox 2164 2583 2187 2609; x_wconf 87' lang='lat' dir='ltr'><strong>A</strong></span> 
     </span>
     <span class='ocr_line' id='line_1_106' title="bbox 47 2612 2188 2650; baseline 0.002 -9"><span class='ocrx_word' id='word_1_1438' title='bbox 47 2618 73 2641; x_wconf 84' lang='lat' dir='ltr'>ia</span> <span class='ocrx_word' id='word_1_1439' title='bbox 83 2622 148 2650; x_wconf 80' lang='lat' dir='ltr'>pars</span> <span class='ocrx_word' id='word_1_1440' title='bbox 161 2618 212 2642; x_wconf 81' lang='lat' dir='ltr'>eius</span> <span class='ocrx_word' id='word_1_1441' title='bbox 223 2625 239 2642; x_wconf 82' lang='lat' dir='ltr'>a</span> <span class='ocrx_word' id='word_1_1442' title='bbox 253 2616 384 2642; x_wconf 72' lang='lat' dir='ltr'>Centauris</span> <span class='ocrx_word' id='word_1_1443' title='bbox 396 2615 538 2642; x_wconf 80' lang='lat' dir='ltr'>inhabitata</span> <span class='ocrx_word' id='word_1_1444' title='bbox 552 2615 648 2642; x_wconf 65' lang='lat' dir='ltr'>dit-itur</span> <span class='ocrx_word' id='word_1_1445' title='bbox 661 2616 755 2640; x_wconf 56' lang='lat' dir='ltr'>Poetis.</span> <span class='ocrx_word' id='word_1_1446' title='bbox 1130 2612 1190 2638; x_wconf 91' lang='lat' dir='ltr'>MV</span> <span class='ocrx_word' id='word_1_1447' title='bbox 1199 2612 1226 2638; x_wconf 91' lang='lat' dir='ltr'>N</span> <span class='ocrx_word' id='word_1_1448' title='bbox 1236 2612 1295 2638; x_wconf 90' lang='lat' dir='ltr'>1C1</span> <span class='ocrx_word' id='word_1_1449' title='bbox 1306 2612 1322 2637; x_wconf 92' lang='lat' dir='ltr'>P</span> <span class='ocrx_word' id='word_1_1450' title='bbox 1331 2613 1403 2639; x_wconf 89' lang='lat' dir='ltr'>ALI</span> <span class='ocrx_word' id='word_1_1451' title='bbox 1446 2612 1594 2640; x_wconf 87' lang='lat' dir='ltr'>PATRO</span> <span class='ocrx_word' id='word_1_1452' title='bbox 1603 2612 1684 2640; x_wconf 89' lang='lat' dir='ltr'>NVS</span> <span class='ocrx_word' id='word_1_1453' title='bbox 1727 2614 1918 2642; x_wconf 87' lang='lat' dir='ltr'>COLLEGI</span> <span class='ocrx_word' id='word_1_1454' title='bbox 1955 2617 2003 2643; x_wconf 71' lang='grc' dir='ltr'>(ΞΕ</span> <span class='ocrx_word' id='word_1_1455' title='bbox 2012 2617 2188 2644; x_wconf 84' lang='grc' dir='ltr'>ΝΤΟΝΛ-</span> 
     </span>
     <span class='ocr_line' id='line_1_107' title="bbox 51 2647 2188 2687; baseline 0.001 -9"><span class='ocrx_word' id='word_1_1456' title='bbox 51 2657 359 2683; x_wconf 68' lang='lat' dir='ltr'>CENTENAnxvs,</span> <span class='ocrx_word' id='word_1_1457' title='bbox 393 2657 625 2682; x_wconf 65' lang='lat' dir='ltr'>CENTssnvs,</span> <span class='ocrx_word' id='word_1_1458' title='bbox 661 2654 937 2680; x_wconf 75' lang='lat' dir='ltr'>CENTEstvs,</span> <span class='ocrx_word' id='word_1_1459' title='bbox 973 2655 1064 2675; x_wconf 66' lang='lat' dir='ltr'>cau·</span> <span class='ocrx_word' id='word_1_1460' title='bbox 1130 2647 1311 2675; x_wconf 81' lang='lat' dir='ltr'>RIORVM.</span> <span class='ocrx_word' id='word_1_1461' title='bbox 1385 2648 1460 2684; x_wconf 86' lang='lat' dir='ltr'>Conf.</span> <span class='ocrx_word' id='word_1_1462' title='bbox 1485 2648 1553 2675; x_wconf 85' lang='lat' dir='ltr'>Cod.</span> <span class='ocrx_word' id='word_1_1463' title='bbox 1578 2649 1689 2676; x_wconf 81' lang='lat' dir='ltr'>Theod.</span> <span class='ocrx_word' id='word_1_1464' title='bbox 1712 2658 1753 2683; x_wconf 91' lang='lat'>14,</span> <span class='ocrx_word' id='word_1_1465' title='bbox 1774 2655 1787 2680; x_wconf 88' lang='lat'>8</span> <span class='ocrx_word' id='word_1_1466' title='bbox 1813 2649 1911 2687; x_wconf 74' lang='lat' dir='ltr'>quiest</span> <span class='ocrx_word' id='word_1_1467' title='bbox 1931 2650 2188 2680; x_wconf 84' lang='lat' dir='ltr'>deCentonariiset</span> 
     </span>
     <span class='ocr_line' id='line_1_108' title="bbox 48 2683 2188 2725; baseline 0.001 -12"><span class='ocrx_word' id='word_1_1468' title='bbox 48 2693 59 2712; x_wconf 84' lang='lat'>1</span> <span class='ocrx_word' id='word_1_1469' title='bbox 67 2693 83 2712; x_wconf 78' lang='grc' dir='ltr'>Ε</span> <span class='ocrx_word' id='word_1_1470' title='bbox 93 2693 106 2713; x_wconf 87' lang='lat' dir='ltr'>s</span> <span class='ocrx_word' id='word_1_1471' title='bbox 114 2705 124 2718; x_wconf 89' lang='lat'>‚</span> <span class='ocrx_word' id='word_1_1472' title='bbox 157 2685 212 2713; x_wconf 82' lang='lat' dir='ltr'>vid.</span> <span class='ocrx_word' id='word_1_1473' title='bbox 233 2692 250 2713; x_wconf 93' lang='lat' dir='ltr'>c</span> <span class='ocrx_word' id='word_1_1474' title='bbox 259 2693 276 2712; x_wconf 86' lang='lat' dir='ltr'>E</span> <span class='ocrx_word' id='word_1_1475' title='bbox 284 2693 307 2712; x_wconf 89' lang='lat' dir='ltr'>N</span> <span class='ocrx_word' id='word_1_1476' title='bbox 316 2691 338 2711; x_wconf 80' lang='grc' dir='ltr'><strong>Τ</strong></span> <span class='ocrx_word' id='word_1_1477' title='bbox 346 2693 368 2711; x_wconf 92' lang='grc' dir='ltr'><strong><em>ν</em></strong></span> <span class='ocrx_word' id='word_1_1478' title='bbox 379 2692 416 2711; x_wconf 85' lang='grc' dir='ltr'><em>Μ.</em></span> <span class='ocrx_word' id='word_1_1479' title='bbox 1084 2690 1120 2718; x_wconf 90' lang='lat'>70</span> <span class='ocrx_word' id='word_1_1480' title='bbox 1129 2683 1325 2718; x_wconf 88' lang='lat' dir='ltr'>dendrophoris</span> <span class='ocrx_word' id='word_1_1481' title='bbox 1341 2691 1346 2707; x_wconf 94' lang='lat'>:</span> <span class='ocrx_word' id='word_1_1482' title='bbox 1383 2693 1444 2719; x_wconf 85' lang='lat' dir='ltr'>quos</span> <span class='ocrx_word' id='word_1_1483' title='bbox 1458 2691 1540 2710; x_wconf 76' lang='lat' dir='ltr'>tamen</span> <span class='ocrx_word' id='word_1_1484' title='bbox 1559 2686 1611 2711; x_wconf 85' lang='lat' dir='ltr'>lac.</span> <span class='ocrx_word' id='word_1_1485' title='bbox 1624 2686 1818 2722; x_wconf 60' lang='lat' dir='ltr'>&gt;Gothofredm½</span> <span class='ocrx_word' id='word_1_1486' title='bbox 1842 2696 1896 2713; x_wconf 86' lang='lat' dir='ltr'>cum</span> <span class='ocrx_word' id='word_1_1487' title='bbox 1909 2687 2062 2722; x_wconf 78' lang='lat' dir='ltr'>fintentiam</span> <span class='ocrx_word' id='word_1_1488' title='bbox 2074 2689 2188 2725; x_wconf 77' lang='lat' dir='ltr'>propost-</span> 
     </span>
     <span class='ocr_line' id='line_1_109' title="bbox 55 2717 2188 2756; baseline 0.002 -9"><span class='ocrx_word' id='word_1_1489' title='bbox 55 2727 73 2748; x_wconf 87' lang='lat' dir='ltr'>c</span> <span class='ocrx_word' id='word_1_1490' title='bbox 82 2727 291 2753; x_wconf 77' lang='lat' dir='ltr'>ENT1CEPS,</span> <span class='ocrx_word' id='word_1_1491' title='bbox 319 2721 372 2747; x_wconf 77' lang='lat' dir='ltr'>itis.</span> <span class='ocrx_word' id='word_1_1492' title='bbox 417 2720 651 2754; x_wconf 68' lang='grc' dir='ltr'>[ἑκατογκέφαλος]</span> <span class='ocrx_word' id='word_1_1493' title='bbox 696 2721 749 2755; x_wconf 69' lang='lat' dir='ltr'>Qci</span> <span class='ocrx_word' id='word_1_1494' title='bbox 767 2726 864 2746; x_wconf 83' lang='lat' dir='ltr'>centum</span> <span class='ocrx_word' id='word_1_1495' title='bbox 881 2719 953 2746; x_wconf 77' lang='lat' dir='ltr'>habet</span> <span class='ocrx_word' id='word_1_1496' title='bbox 970 2722 1064 2754; x_wconf 83' lang='lat' dir='ltr'>capita.</span> <span class='ocrx_word' id='word_1_1497' title='bbox 1127 2726 1179 2745; x_wconf 83' lang='lat' dir='ltr'>tam</span> <span class='ocrx_word' id='word_1_1498' title='bbox 1192 2719 1260 2746; x_wconf 81' lang='lat' dir='ltr'>modo</span> <span class='ocrx_word' id='word_1_1499' title='bbox 1274 2720 1356 2755; x_wconf 81' lang='lat' dir='ltr'>(quae</span> <span class='ocrx_word' id='word_1_1500' title='bbox 1367 2723 1441 2746; x_wconf 80' lang='lat' dir='ltr'>etiam</span> <span class='ocrx_word' id='word_1_1501' title='bbox 1454 2717 1488 2754; x_wconf 81' lang='lat' dir='ltr'>cst</span> <span class='ocrx_word' id='word_1_1502' title='bbox 1506 2721 1588 2747; x_wconf 78' lang='lat' dir='ltr'>Turn.</span> <span class='ocrx_word' id='word_1_1503' title='bbox 1597 2731 1638 2756; x_wconf 79' lang='lat'>29,</span> <span class='ocrx_word' id='word_1_1504' title='bbox 1648 2723 1700 2756; x_wconf 84' lang='lat'>16)</span> <span class='ocrx_word' id='word_1_1505' title='bbox 1720 2721 1843 2756; x_wconf 79' lang='lat' dir='ltr'>ornaffit,</span> <span class='ocrx_word' id='word_1_1506' title='bbox 1862 2725 1890 2749; x_wconf 84' lang='lat' dir='ltr'>in</span> <span class='ocrx_word' id='word_1_1507' title='bbox 1904 2724 2079 2752; x_wconf 86' lang='lat' dir='ltr'>Centenarios</span> <span class='ocrx_word' id='word_1_1508' title='bbox 2093 2728 2188 2752; x_wconf 82' lang='lat' dir='ltr'>mutari</span> 
     </span>
     <span class='ocr_line' id='line_1_110' title="bbox 50 2755 1530 2791; baseline -0.001 -9"><span class='ocrx_word' id='word_1_1509' title='bbox 50 2761 117 2782; x_wconf 82' lang='lat' dir='ltr'>orat.</span> <span class='ocrx_word' id='word_1_1510' title='bbox 130 2757 219 2783; x_wconf 89' lang='lat' dir='ltr'>Carm.</span> <span class='ocrx_word' id='word_1_1511' title='bbox 234 2765 306 2789; x_wconf 86' lang='lat'>2,13‚</span> <span class='ocrx_word' id='word_1_1512' title='bbox 318 2765 350 2791; x_wconf 81' lang='lat'>34</span> <span class='ocrx_word' id='word_1_1513' title='bbox 374 2756 430 2783; x_wconf 82' lang='lat' dir='ltr'>Illis</span> <span class='ocrx_word' id='word_1_1514' title='bbox 450 2757 612 2782; x_wconf 84' lang='lat' dir='ltr'>carminibus</span> <span class='ocrx_word' id='word_1_1515' title='bbox 631 2758 734 2791; x_wconf 87' lang='lat' dir='ltr'>stupens</span> <span class='ocrx_word' id='word_1_1516' title='bbox 747 2756 872 2782; x_wconf 82' lang='lat' dir='ltr'>Demittit</span> <span class='ocrx_word' id='word_1_1517' title='bbox 888 2761 955 2782; x_wconf 88' lang='lat' dir='ltr'>atras</span> <span class='ocrx_word' id='word_1_1518' title='bbox 974 2755 1065 2782; x_wconf 87' lang='lat' dir='ltr'>bellua</span> <span class='ocrx_word' id='word_1_1519' title='bbox 1125 2756 1239 2782; x_wconf 71' lang='lat' dir='ltr'>malebat.</span> <span class='ocrx_word' id='word_1_1520' title='bbox 1265 2765 1291 2782; x_wconf 85' lang='grc' dir='ltr'>υ.</span> <span class='ocrx_word' id='word_1_1521' title='bbox 1307 2765 1332 2781; x_wconf 88' lang='grc' dir='ltr'><em>υ.</em></span> <span class='ocrx_word' id='word_1_1522' title='bbox 1527 2783 1530 2786; x_wconf 68' lang='grc'>,</span> 
     </span>
     <span class='ocr_line' id='line_1_111' title="bbox 50 2790 2186 2831; baseline 0.002 -13"><span class='ocrx_word' id='word_1_1523' title='bbox 50 2792 150 2826; x_wconf 79' lang='lat' dir='ltr'>nticeps</span> <span class='ocrx_word' id='word_1_1524' title='bbox 163 2792 256 2819; x_wconf 81' lang='lat' dir='ltr'>Aures.</span> <span class='ocrx_word' id='word_1_1525' title='bbox 280 2795 299 2818; x_wconf 87' lang='lat' dir='ltr'>i.</span> <span class='ocrx_word' id='word_1_1526' title='bbox 315 2794 447 2825; x_wconf 70' lang='lat' dir='ltr'>Cerberus,</span> <span class='ocrx_word' id='word_1_1527' title='bbox 467 2802 483 2818; x_wconf 86' lang='lat' dir='ltr'>a</span> <span class='ocrx_word' id='word_1_1528' title='bbox 495 2792 654 2818; x_wconf 76' lang='lat' dir='ltr'>multitudine</span> <span class='ocrx_word' id='word_1_1529' title='bbox 666 2795 783 2829; x_wconf 82' lang='lat' dir='ltr'>anguium</span> <span class='ocrx_word' id='word_1_1530' title='bbox 797 2790 878 2825; x_wconf 65' lang='grc' dir='ltr'>ἱνῃῖαν</span> <span class='ocrx_word' id='word_1_1531' title='bbox 890 2792 959 2818; x_wconf 74' lang='lat' dir='ltr'>iubae</span> <span class='ocrx_word' id='word_1_1532' title='bbox 977 2793 1066 2818; x_wconf 86' lang='lat' dir='ltr'>collum</span> <span class='ocrx_word' id='word_1_1533' title='bbox 1163 2798 1180 2818; x_wconf 86' lang='lat' dir='ltr'>C</span> <span class='ocrx_word' id='word_1_1534' title='bbox 1190 2798 1206 2818; x_wconf 83' lang='lat' dir='ltr'>E</span> <span class='ocrx_word' id='word_1_1535' title='bbox 1215 2797 1238 2816; x_wconf 88' lang='lat' dir='ltr'>N</span> <span class='ocrx_word' id='word_1_1536' title='bbox 1248 2798 1270 2818; x_wconf 88' lang='lat' dir='ltr'>&#39;r</span> <span class='ocrx_word' id='word_1_1537' title='bbox 1279 2798 1298 2818; x_wconf 88' lang='lat' dir='ltr'>R</span> <span class='ocrx_word' id='word_1_1538' title='bbox 1307 2799 1316 2818; x_wconf 87' lang='lat'>1</span> <span class='ocrx_word' id='word_1_1539' title='bbox 1326 2797 1348 2817; x_wconf 87' lang='lat' dir='ltr'>N</span> <span class='ocrx_word' id='word_1_1540' title='bbox 1358 2798 1374 2818; x_wconf 87' lang='lat' dir='ltr'>E</span> <span class='ocrx_word' id='word_1_1541' title='bbox 1384 2798 1396 2818; x_wconf 87' lang='lat' dir='ltr'>s</span> <span class='ocrx_word' id='word_1_1542' title='bbox 1405 2811 1413 2824; x_wconf 92' lang='lat'>,</span> <span class='ocrx_word' id='word_1_1543' title='bbox 1439 2800 1494 2818; x_wconf 89' lang='lat' dir='ltr'>um.</span> <span class='ocrx_word' id='word_1_1544' title='bbox 1533 2793 1614 2819; x_wconf 74' lang='lat' dir='ltr'>Genus</span> <span class='ocrx_word' id='word_1_1545' title='bbox 1632 2791 1777 2828; x_wconf 76' lang='lat' dir='ltr'>ficariorum</span> <span class='ocrx_word' id='word_1_1546' title='bbox 1798 2794 1912 2821; x_wconf 84' lang='lat' dir='ltr'>culicum.</span> <span class='ocrx_word' id='word_1_1547' title='bbox 1947 2794 2013 2822; x_wconf 88' lang='lat' dir='ltr'>Plin.</span> <span class='ocrx_word' id='word_1_1548' title='bbox 2028 2802 2065 2831; x_wconf 89' lang='lat'>17,</span> <span class='ocrx_word' id='word_1_1549' title='bbox 2072 2803 2107 2830; x_wconf 89' lang='lat'>27</span> <span class='ocrx_word' id='word_1_1550' title='bbox 2119 2796 2137 2822; x_wconf 88' lang='lat' dir='ltr'>s.</span> <span class='ocrx_word' id='word_1_1551' title='bbox 2147 2805 2186 2830; x_wconf 89' lang='lat'>44</span> 
     </span>
     <span class='ocr_line' id='line_1_112' title="bbox 44 2825 2185 2867; baseline 0.002 -14"><span class='ocrx_word' id='word_1_1552' title='bbox 44 2831 84 2853; x_wconf 77' lang='lat' dir='ltr'>lus</span> <span class='ocrx_word' id='word_1_1553' title='bbox 102 2831 261 2864; x_wconf 80' lang='lat' dir='ltr'>cingentium.</span> <span class='ocrx_word' id='word_1_1554' title='bbox 1123 2825 1179 2862; x_wconf 68' lang='lat' dir='ltr'><em>1251st</em></span> <span class='ocrx_word' id='word_1_1555' title='bbox 1193 2826 1393 2862; x_wconf 72' lang='lat' dir='ltr'>caprificationis</span> <span class='ocrx_word' id='word_1_1556' title='bbox 1407 2830 1567 2861; x_wconf 79' lang='lat' dir='ltr'>mentionem,</span> <span class='ocrx_word' id='word_1_1557' title='bbox 1587 2838 1660 2864; x_wconf 76' lang='lat' dir='ltr'>quam</span> <span class='ocrx_word' id='word_1_1558' title='bbox 1669 2836 1799 2867; x_wconf 79' lang='lat' dir='ltr'>peragunt</span> <span class='ocrx_word' id='word_1_1559' title='bbox 1817 2831 1923 2863; x_wconf 79' lang='lat' dir='ltr'>culices,</span> <span class='ocrx_word' id='word_1_1560' title='bbox 1943 2831 1986 2857; x_wconf 82' lang='lat' dir='ltr'>Est</span> <span class='ocrx_word' id='word_1_1561' title='bbox 2006 2837 2032 2857; x_wconf 86' lang='lat' dir='ltr'>et</span> <span class='ocrx_word' id='word_1_1562' title='bbox 2051 2831 2124 2857; x_wconf 88' lang='lat' dir='ltr'>aliud</span> <span class='ocrx_word' id='word_1_1563' title='bbox 2142 2841 2185 2866; x_wconf 86' lang='lat' dir='ltr'>ge-</span> 
     </span>
     <span class='ocr_line' id='line_1_113' title="bbox 55 2862 2185 2901; baseline 0.001 -11"><span class='ocrx_word' id='word_1_1564' title='bbox 55 2869 73 2890; x_wconf 91' lang='lat' dir='ltr'>C</span> <span class='ocrx_word' id='word_1_1565' title='bbox 85 2870 102 2890; x_wconf 81' lang='lat' dir='ltr'>E</span> <span class='ocrx_word' id='word_1_1566' title='bbox 113 2869 135 2890; x_wconf 87' lang='lat' dir='ltr'>N</span> <span class='ocrx_word' id='word_1_1567' title='bbox 146 2871 167 2891; x_wconf 87' lang='lat' dir='ltr'>T</span> <span class='ocrx_word' id='word_1_1568' title='bbox 177 2862 190 2890; x_wconf 78' lang='lat' dir='ltr'><strong>f</strong></span> <span class='ocrx_word' id='word_1_1569' title='bbox 199 2870 215 2890; x_wconf 79' lang='grc' dir='ltr'><strong><em>Ρ</em></strong></span> <span class='ocrx_word' id='word_1_1570' title='bbox 226 2862 265 2890; x_wconf 73' lang='lat' dir='ltr'>i‘n</span> <span class='ocrx_word' id='word_1_1571' title='bbox 275 2870 297 2888; x_wconf 87' lang='lat' dir='ltr'>v</span> <span class='ocrx_word' id='word_1_1572' title='bbox 305 2870 420 2896; x_wconf 87' lang='lat' dir='ltr'>s,a‚um.</span> <span class='ocrx_word' id='word_1_1573' title='bbox 435 2863 495 2890; x_wconf 82' lang='lat' dir='ltr'>Adi.</span> <span class='ocrx_word' id='word_1_1574' title='bbox 510 2863 634 2891; x_wconf 88' lang='lat' dir='ltr'>Prudent.</span> <span class='ocrx_word' id='word_1_1575' title='bbox 642 2863 670 2890; x_wconf 91' lang='lat' dir='ltr'>in</span> <span class='ocrx_word' id='word_1_1576' title='bbox 678 2864 775 2896; x_wconf 86' lang='lat' dir='ltr'>Symm.</span> <span class='ocrx_word' id='word_1_1577' title='bbox 785 2872 809 2896; x_wconf 85' lang='lat'>2,</span> <span class='ocrx_word' id='word_1_1578' title='bbox 818 2868 864 2895; x_wconf 87' lang='lat'>889</span> <span class='ocrx_word' id='word_1_1579' title='bbox 879 2863 1000 2890; x_wconf 88' lang='lat' dir='ltr'>Daemon</span> <span class='ocrx_word' id='word_1_1580' title='bbox 1008 2872 1066 2890; x_wconf 86' lang='lat' dir='ltr'>cen·</span> <span class='ocrx_word' id='word_1_1581' title='bbox 1083 2868 1116 2896; x_wconf 79' lang='lat'>75</span> <span class='ocrx_word' id='word_1_1582' title='bbox 1127 2872 1176 2889; x_wconf 85' lang='lat' dir='ltr'>nus</span> <span class='ocrx_word' id='word_1_1583' title='bbox 1186 2864 1312 2896; x_wconf 82' lang='lat' dir='ltr'>culicum,</span> <span class='ocrx_word' id='word_1_1584' title='bbox 1320 2872 1387 2898; x_wconf 86' lang='lat' dir='ltr'>quos</span> <span class='ocrx_word' id='word_1_1585' title='bbox 1400 2870 1497 2890; x_wconf 86' lang='lat' dir='ltr'>vocant</span> <span class='ocrx_word' id='word_1_1586' title='bbox 1510 2866 1652 2898; x_wconf 85' lang='lat' dir='ltr'>centrinas,</span> <span class='ocrx_word' id='word_1_1587' title='bbox 1663 2865 1732 2892; x_wconf 83' lang='lat' dir='ltr'>fucis</span> <span class='ocrx_word' id='word_1_1588' title='bbox 1745 2875 1826 2901; x_wconf 84' lang='lat' dir='ltr'>apum</span> <span class='ocrx_word' id='word_1_1589' title='bbox 1838 2865 1935 2893; x_wconf 83' lang='lat' dir='ltr'>similes</span> <span class='ocrx_word' id='word_1_1590' title='bbox 1949 2867 2056 2901; x_wconf 84' lang='lat' dir='ltr'>ignavia</span> <span class='ocrx_word' id='word_1_1591' title='bbox 2071 2866 2185 2893; x_wconf 88' lang='lat' dir='ltr'>malitia-</span> 
     </span>
     <span class='ocr_line' id='line_1_114' title="bbox 60 2896 2184 2938; baseline 0.002 -12"><span class='ocrx_word' id='word_1_1592' title='bbox 60 2899 124 2926; x_wconf 88' lang='lat' dir='ltr'>dum</span> <span class='ocrx_word' id='word_1_1593' title='bbox 138 2899 279 2926; x_wconf 83' lang='lat' dir='ltr'>confundit</span> <span class='ocrx_word' id='word_1_1594' title='bbox 293 2899 358 2931; x_wconf 87' lang='lat' dir='ltr'>iter,</span> <span class='ocrx_word' id='word_1_1595' title='bbox 376 2899 404 2925; x_wconf 80' lang='lat' dir='ltr'>de</span> <span class='ocrx_word' id='word_1_1596' title='bbox 418 2909 501 2926; x_wconf 75' lang='lat' dir='ltr'>errore</span> <span class='ocrx_word' id='word_1_1597' title='bbox 513 2901 657 2935; x_wconf 75' lang='lat' dir='ltr'>multiptici,</span> <span class='ocrx_word' id='word_1_1598' title='bbox 671 2900 813 2934; x_wconf 78' lang='lat' dir='ltr'>labyrinthi</span> <span class='ocrx_word' id='word_1_1599' title='bbox 825 2896 913 2931; x_wconf 84' lang='lat' dir='ltr'>instar.</span> <span class='ocrx_word' id='word_1_1600' title='bbox 1130 2908 1181 2934; x_wconf 89' lang='lat' dir='ltr'>que</span> <span class='ocrx_word' id='word_1_1601' title='bbox 1190 2919 1197 2931; x_wconf 90' lang='lat'>,</span> <span class='ocrx_word' id='word_1_1602' title='bbox 1215 2908 1275 2925; x_wconf 88' lang='lat' dir='ltr'>cum</span> <span class='ocrx_word' id='word_1_1603' title='bbox 1290 2899 1409 2934; x_wconf 88' lang='lat' dir='ltr'>pernicie</span> <span class='ocrx_word' id='word_1_1604' title='bbox 1422 2909 1551 2926; x_wconf 87' lang='lat' dir='ltr'>verorum</span> <span class='ocrx_word' id='word_1_1605' title='bbox 1565 2907 1591 2928; x_wconf 88' lang='lat' dir='ltr'>et</span> <span class='ocrx_word' id='word_1_1606' title='bbox 1604 2902 1713 2928; x_wconf 90' lang='lat' dir='ltr'>vtilium</span> <span class='ocrx_word' id='word_1_1607' title='bbox 1727 2902 1879 2938; x_wconf 79' lang='lat' dir='ltr'>(culicum.)</span> <span class='ocrx_word' id='word_1_1608' title='bbox 1934 2902 2096 2929; x_wconf 87' lang='lat' dir='ltr'>Interimunt</span> <span class='ocrx_word' id='word_1_1609' title='bbox 2111 2903 2184 2930; x_wconf 80' lang='lat' dir='ltr'>enim</span> 
     </span>
     <span class='ocr_line' id='line_1_115' title="bbox 53 2935 1544 2972; baseline 0.001 -11"><span class='ocrx_word' id='word_1_1610' title='bbox 53 2940 71 2961; x_wconf 89' lang='lat' dir='ltr'>C</span> <span class='ocrx_word' id='word_1_1611' title='bbox 81 2941 175 2962; x_wconf 78' lang='grc' dir='ltr'><strong>ΕΝΤΙ</strong></span> <span class='ocrx_word' id='word_1_1612' title='bbox 185 2942 201 2962; x_wconf 83' lang='lat' dir='ltr'>F</span> <span class='ocrx_word' id='word_1_1613' title='bbox 210 2941 230 2962; x_wconf 88' lang='grc' dir='ltr'><strong>Ο</strong></span> <span class='ocrx_word' id='word_1_1614' title='bbox 239 2942 274 2962; x_wconf 67' lang='lat' dir='ltr'>LI</span> <span class='ocrx_word' id='word_1_1615' title='bbox 283 2942 314 2962; x_wconf 75' lang='lat' dir='ltr'>A.</span> <span class='ocrx_word' id='word_1_1616' title='bbox 349 2935 568 2969; x_wconf 74' lang='grc' dir='ltr'>[ἕκατόνφυλλον]</span> <span class='ocrx_word' id='word_1_1617' title='bbox 605 2936 669 2972; x_wconf 69' lang='lat' dir='ltr'>Rosa</span> <span class='ocrx_word' id='word_1_1618' title='bbox 680 2955 688 2968; x_wconf 86' lang='lat'>,</span> <span class='ocrx_word' id='word_1_1619' title='bbox 709 2936 738 2962; x_wconf 79' lang='lat' dir='ltr'>de</span> <span class='ocrx_word' id='word_1_1620' title='bbox 753 2945 802 2971; x_wconf 83' lang='lat' dir='ltr'>qua</span> <span class='ocrx_word' id='word_1_1621' title='bbox 816 2935 883 2961; x_wconf 91' lang='lat' dir='ltr'>Plin.</span> <span class='ocrx_word' id='word_1_1622' title='bbox 897 2943 934 2967; x_wconf 88' lang='lat'>21,</span> <span class='ocrx_word' id='word_1_1623' title='bbox 948 2945 975 2969; x_wconf 84' lang='lat'>4.</span> <span class='ocrx_word' id='word_1_1624' title='bbox 1129 2935 1207 2967; x_wconf 87' lang='lat' dir='ltr'>illos,</span> <span class='ocrx_word' id='word_1_1625' title='bbox 1224 2940 1305 2970; x_wconf 85' lang='lat' dir='ltr'>atque</span> <span class='ocrx_word' id='word_1_1626' title='bbox 1318 2935 1365 2970; x_wconf 85' lang='lat' dir='ltr'>ipfi</span> <span class='ocrx_word' id='word_1_1627' title='bbox 1380 2936 1544 2963; x_wconf 85' lang='lat' dir='ltr'>moriuntur.</span> 
     </span>
    </p>

    <p class='ocr_par' dir='ltr' id='par_1_17' title="bbox 48 2970 2184 3187">
     <span class='ocr_line' id='line_1_116' title="bbox 54 2970 2183 3010; baseline 0.001 -12"><span class='ocrx_word' id='word_1_1628' title='bbox 54 2977 175 2998; x_wconf 65' lang='lat' dir='ltr'>cruri</span> <span class='ocrx_word' id='word_1_1629' title='bbox 185 2972 266 2998; x_wconf 65' lang='lat' dir='ltr'>GRK</span> <span class='ocrx_word' id='word_1_1630' title='bbox 275 2977 296 2996; x_wconf 82' lang='grc' dir='ltr'>Ν</span> <span class='ocrx_word' id='word_1_1631' title='bbox 306 2978 389 3003; x_wconf 83' lang='grc' dir='ltr'>ινινι,</span> <span class='ocrx_word' id='word_1_1632' title='bbox 413 2971 431 2997; x_wconf 91' lang='lat' dir='ltr'>i.</span> <span class='ocrx_word' id='word_1_1633' title='bbox 455 2981 480 2997; x_wconf 83' lang='lat' dir='ltr'>n.</span> <span class='ocrx_word' id='word_1_1634' title='bbox 517 2973 598 2998; x_wconf 79' lang='lat' dir='ltr'>Genus</span> <span class='ocrx_word' id='word_1_1635' title='bbox 611 2974 704 2998; x_wconf 70' lang='lat' dir='ltr'>tritici.</span> <span class='ocrx_word' id='word_1_1636' title='bbox 741 2972 808 2998; x_wconf 84' lang='lat' dir='ltr'>Plin.</span> <span class='ocrx_word' id='word_1_1637' title='bbox 824 2976 859 3003; x_wconf 86' lang='lat'>18,</span> <span class='ocrx_word' id='word_1_1638' title='bbox 873 2979 902 2997; x_wconf 85' lang='lat'>10</span> <span class='ocrx_word' id='word_1_1639' title='bbox 922 2972 940 2997; x_wconf 91' lang='lat' dir='ltr'>s.</span> <span class='ocrx_word' id='word_1_1640' title='bbox 952 2979 981 2997; x_wconf 84' lang='lat'>21</span> <span class='ocrx_word' id='word_1_1641' title='bbox 1003 2971 1066 2998; x_wconf 86' lang='lat' dir='ltr'>Fer·</span> <span class='ocrx_word' id='word_1_1642' title='bbox 1165 2977 1238 2998; x_wconf 86' lang='lat' dir='ltr'>CEN</span> <span class='ocrx_word' id='word_1_1643' title='bbox 1248 2977 1270 2998; x_wconf 87' lang='lat' dir='ltr'>T</span> <span class='ocrx_word' id='word_1_1644' title='bbox 1280 2978 1300 2998; x_wconf 79' lang='lat' dir='ltr'>R</span> <span class='ocrx_word' id='word_1_1645' title='bbox 1310 2978 1332 2997; x_wconf 93' lang='lat' dir='ltr'><strong>v</strong></span> <span class='ocrx_word' id='word_1_1646' title='bbox 1342 2979 1385 3004; x_wconf 84' lang='lat' dir='ltr'>M,</span> <span class='ocrx_word' id='word_1_1647' title='bbox 1405 2972 1425 2998; x_wconf 85' lang='lat' dir='ltr'>i.</span> <span class='ocrx_word' id='word_1_1648' title='bbox 1446 2981 1475 2998; x_wconf 78' lang='lat' dir='ltr'>n.</span> <span class='ocrx_word' id='word_1_1649' title='bbox 1507 2973 1637 3008; x_wconf 72' lang='grc' dir='ltr'><strong><em>[κέντρον]</em></strong></span> <span class='ocrx_word' id='word_1_1650' title='bbox 1674 2970 1787 2999; x_wconf 67' lang='lat' dir='ltr'>Functus</span> <span class='ocrx_word' id='word_1_1651' title='bbox 1805 2981 1834 2998; x_wconf 83' lang='lat' dir='ltr'>ex</span> <span class='ocrx_word' id='word_1_1652' title='bbox 1854 2972 2001 2999; x_wconf 80' lang='lat' dir='ltr'>Graecorum</span> <span class='ocrx_word' id='word_1_1653' title='bbox 2021 2971 2081 3009; x_wconf 73' lang='lat' dir='ltr'>ufic,</span> <span class='ocrx_word' id='word_1_1654' title='bbox 2095 2972 2183 3010; x_wconf 75' lang='lat' dir='ltr'>sedin</span> 
     </span>
     <span class='ocr_line' id='line_1_117' title="bbox 53 3004 2184 3045; baseline 0.001 -12"><span class='ocrx_word' id='word_1_1655' title='bbox 53 3004 227 3034; x_wconf 71' lang='lat' dir='ltr'>illim-tritici</span> <span class='ocrx_word' id='word_1_1656' title='bbox 245 3015 341 3042; x_wconf 81' lang='lat' dir='ltr'>genera</span> <span class='ocrx_word' id='word_1_1657' title='bbox 353 3007 487 3034; x_wconf 81' lang='lat' dir='ltr'>ramosum</span> <span class='ocrx_word' id='word_1_1658' title='bbox 497 3027 504 3037; x_wconf 79' lang='lat'><em>‚</em></span> <span class='ocrx_word' id='word_1_1659' title='bbox 523 3014 569 3034; x_wconf 87' lang='lat' dir='ltr'>aut</span> <span class='ocrx_word' id='word_1_1660' title='bbox 581 3008 654 3043; x_wconf 88' lang='lat' dir='ltr'>quod</span> <span class='ocrx_word' id='word_1_1661' title='bbox 669 3007 863 3042; x_wconf 81' lang='lat' dir='ltr'>centigranium</span> <span class='ocrx_word' id='word_1_1662' title='bbox 878 3013 982 3033; x_wconf 84' lang='lat' dir='ltr'>vocant.</span> <span class='ocrx_word' id='word_1_1663' title='bbox 1123 3009 1235 3042; x_wconf 80' lang='lat' dir='ltr'>primis,</span> <span class='ocrx_word' id='word_1_1664' title='bbox 1254 3010 1297 3043; x_wconf 87' lang='lat' dir='ltr'>qui</span> <span class='ocrx_word' id='word_1_1665' title='bbox 1310 3005 1344 3040; x_wconf 78' lang='lat' dir='ltr'>est</span> <span class='ocrx_word' id='word_1_1666' title='bbox 1357 3011 1385 3034; x_wconf 87' lang='lat' dir='ltr'>in</span> <span class='ocrx_word' id='word_1_1667' title='bbox 1397 3007 1477 3035; x_wconf 83' lang='lat' dir='ltr'>medio</span> <span class='ocrx_word' id='word_1_1668' title='bbox 1488 3009 1597 3041; x_wconf 85' lang='lat' dir='ltr'>circulo,</span> <span class='ocrx_word' id='word_1_1669' title='bbox 1625 3018 1641 3034; x_wconf 89' lang='lat' dir='ltr'>a</span> <span class='ocrx_word' id='word_1_1670' title='bbox 1654 3017 1699 3044; x_wconf 79' lang='lat' dir='ltr'>quo</span> <span class='ocrx_word' id='word_1_1671' title='bbox 1714 3017 1795 3034; x_wconf 79' lang='lat' dir='ltr'>omnes</span> <span class='ocrx_word' id='word_1_1672' title='bbox 1808 3009 1887 3034; x_wconf 78' lang='lat' dir='ltr'>lineae</span> <span class='ocrx_word' id='word_1_1673' title='bbox 1898 3008 1933 3034; x_wconf 86' lang='lat' dir='ltr'>ad</span> <span class='ocrx_word' id='word_1_1674' title='bbox 1953 3009 2184 3045; x_wconf 79' lang='lat' dir='ltr'>circumferentiam</span> 
     </span>
     <span class='ocr_line' id='line_1_118' title="bbox 58 3041 2184 3081; baseline 0.001 -13"><span class='ocrx_word' id='word_1_1675' title='bbox 58 3047 324 3075; x_wconf 71' lang='lat' dir='ltr'>CENT1MAL18‚</span> <span class='ocrx_word' id='word_1_1676' title='bbox 332 3051 355 3069; x_wconf 87' lang='lat' dir='ltr'>e.</span> <span class='ocrx_word' id='word_1_1677' title='bbox 379 3043 441 3070; x_wconf 81' lang='lat' dir='ltr'>Adi.</span> <span class='ocrx_word' id='word_1_1678' title='bbox 477 3043 827 3078; x_wconf 81' lang='lat' dir='ltr'>FistulacentimalisVeget.</span> <span class='ocrx_word' id='word_1_1679' title='bbox 836 3042 950 3069; x_wconf 86' lang='lat' dir='ltr'>Mulom.</span> <span class='ocrx_word' id='word_1_1680' title='bbox 958 3052 976 3074; x_wconf 92' lang='lat'>1,</span> <span class='ocrx_word' id='word_1_1681' title='bbox 984 3051 1026 3076; x_wconf 78' lang='lat'>43,</span> <span class='ocrx_word' id='word_1_1682' title='bbox 1037 3052 1063 3076; x_wconf 92' lang='lat'>4.</span> <span class='ocrx_word' id='word_1_1683' title='bbox 1079 3044 1112 3070; x_wconf 85' lang='lat'>80</span> <span class='ocrx_word' id='word_1_1684' title='bbox 1130 3041 1309 3079; x_wconf 70' lang='lat' dir='ltr'>duflae,fimt</span> <span class='ocrx_word' id='word_1_1685' title='bbox 1329 3046 1398 3070; x_wconf 82' lang='lat' dir='ltr'>inter</span> <span class='ocrx_word' id='word_1_1686' title='bbox 1413 3044 1443 3081; x_wconf 84' lang='lat' dir='ltr'>se</span> <span class='ocrx_word' id='word_1_1687' title='bbox 1464 3045 1585 3081; x_wconf 79' lang='lat' dir='ltr'>aequales.</span> <span class='ocrx_word' id='word_1_1688' title='bbox 1656 3044 1712 3071; x_wconf 87' lang='lat' dir='ltr'>Cic.</span> <span class='ocrx_word' id='word_1_1689' title='bbox 1734 3043 1816 3069; x_wconf 91' lang='lat' dir='ltr'>Tusc.</span> <span class='ocrx_word' id='word_1_1690' title='bbox 1837 3051 1858 3076; x_wconf 86' lang='lat'>1,</span> <span class='ocrx_word' id='word_1_1691' title='bbox 1878 3052 1916 3077; x_wconf 83' lang='lat'>40</span> <span class='ocrx_word' id='word_1_1692' title='bbox 1936 3053 1958 3070; x_wconf 86' lang='lat' dir='ltr'>c.</span> <span class='ocrx_word' id='word_1_1693' title='bbox 1975 3051 2004 3079; x_wconf 88' lang='lat'>17</span> <span class='ocrx_word' id='word_1_1694' title='bbox 2024 3044 2184 3072; x_wconf 87' lang='lat' dir='ltr'>Persuadent</span> 
     </span>
     <span class='ocr_line' id='line_1_119' title="bbox 65 3077 2184 3115; baseline 0.002 -11"><span class='ocrx_word' id='word_1_1695' title='bbox 65 3085 87 3109; x_wconf 76' lang='lat'>3,</span> <span class='ocrx_word' id='word_1_1696' title='bbox 100 3083 138 3110; x_wconf 77' lang='lat'>25,</span> <span class='ocrx_word' id='word_1_1697' title='bbox 149 3087 168 3111; x_wconf 84' lang='lat'>4</span> <span class='ocrx_word' id='word_1_1698' title='bbox 188 3087 204 3104; x_wconf 83' lang='lat' dir='ltr'>a</span> <span class='ocrx_word' id='word_1_1699' title='bbox 218 3077 290 3105; x_wconf 77' lang='lat' dir='ltr'>verbo</span> <span class='ocrx_word' id='word_1_1700' title='bbox 306 3082 407 3111; x_wconf 73' lang='grc' dir='ltr'>κεντεῖν,</span> <span class='ocrx_word' id='word_1_1701' title='bbox 425 3080 467 3106; x_wconf 81' lang='lat' dir='ltr'>vel</span> <span class='ocrx_word' id='word_1_1702' title='bbox 475 3083 560 3115; x_wconf 79' lang='lat' dir='ltr'>potius</span> <span class='ocrx_word' id='word_1_1703' title='bbox 575 3084 671 3107; x_wconf 81' lang='lat' dir='ltr'>nomine</span> <span class='ocrx_word' id='word_1_1704' title='bbox 689 3081 801 3112; x_wconf 67' lang='grc' dir='ltr'>κέντημνι</span> <span class='ocrx_word' id='word_1_1705' title='bbox 815 3077 886 3105; x_wconf 67' lang='lat' dir='ltr'>dicta</span> <span class='ocrx_word' id='word_1_1706' title='bbox 901 3079 1015 3111; x_wconf 80' lang='lat' dir='ltr'>videtur,</span> <span class='ocrx_word' id='word_1_1707' title='bbox 1028 3080 1064 3114; x_wconf 76' lang='lat' dir='ltr'>Ji-</span> <span class='ocrx_word' id='word_1_1708' title='bbox 1129 3079 1201 3105; x_wconf 87' lang='lat' dir='ltr'>enirn</span> <span class='ocrx_word' id='word_1_1709' title='bbox 1221 3078 1423 3113; x_wconf 86' lang='lat' dir='ltr'>Mathematici,</span> <span class='ocrx_word' id='word_1_1710' title='bbox 1442 3085 1541 3107; x_wconf 85' lang='lat' dir='ltr'>terram</span> <span class='ocrx_word' id='word_1_1711' title='bbox 1556 3080 1583 3106; x_wconf 89' lang='lat' dir='ltr'>in</span> <span class='ocrx_word' id='word_1_1712' title='bbox 1598 3078 1690 3106; x_wconf 86' lang='lat' dir='ltr'>medio</span> <span class='ocrx_word' id='word_1_1713' title='bbox 1710 3079 1810 3105; x_wconf 89' lang='lat' dir='ltr'>mundo</span> <span class='ocrx_word' id='word_1_1714' title='bbox 1829 3078 1903 3106; x_wconf 84' lang='lat' dir='ltr'>fitam</span> <span class='ocrx_word' id='word_1_1715' title='bbox 1925 3079 1958 3106; x_wconf 82' lang='lat' dir='ltr'>ad</span> <span class='ocrx_word' id='word_1_1716' title='bbox 1979 3080 2096 3107; x_wconf 84' lang='lat' dir='ltr'>vniuerfi</span> <span class='ocrx_word' id='word_1_1717' title='bbox 2115 3081 2184 3108; x_wconf 88' lang='lat' dir='ltr'>caeli</span> 
     </span>
     <span class='ocr_line' id='line_1_120' title="bbox 55 3113 2182 3152; baseline 0.003 -14"><span class='ocrx_word' id='word_1_1718' title='bbox 55 3113 94 3143; x_wconf 84' lang='lat' dir='ltr'>la,</span> <span class='ocrx_word' id='word_1_1719' title='bbox 130 3121 173 3139; x_wconf 84' lang='lat' dir='ltr'>uae</span> <span class='ocrx_word' id='word_1_1720' title='bbox 184 3115 254 3140; x_wconf 69' lang='lat' dir='ltr'>r&#39;neus</span> <span class='ocrx_word' id='word_1_1721' title='bbox 271 3117 381 3140; x_wconf 77' lang='lat' dir='ltr'>continet</span> <span class='ocrx_word' id='word_1_1722' title='bbox 398 3124 480 3147; x_wconf 82' lang='lat' dir='ltr'>acum,</span> <span class='ocrx_word' id='word_1_1723' title='bbox 499 3119 569 3142; x_wconf 79' lang='lat' dir='ltr'>cuius</span> <span class='ocrx_word' id='word_1_1724' title='bbox 583 3123 626 3151; x_wconf 78' lang='lat' dir='ltr'>ope</span> <span class='ocrx_word' id='word_1_1725' title='bbox 637 3115 771 3152; x_wconf 81' lang='lat' dir='ltr'>perforari</span> <span class='ocrx_word' id='word_1_1726' title='bbox 787 3117 854 3141; x_wconf 83' lang='lat' dir='ltr'>cutis</span> <span class='ocrx_word' id='word_1_1727' title='bbox 867 3113 962 3150; x_wconf 63' lang='lat' dir='ltr'>potest,</span> <span class='ocrx_word' id='word_1_1728' title='bbox 977 3123 1001 3142; x_wconf 80' lang='grc' dir='ltr'>ει</span> <span class='ocrx_word' id='word_1_1729' title='bbox 1018 3125 1064 3141; x_wconf 89' lang='lat' dir='ltr'>acu</span> <span class='ocrx_word' id='word_1_1730' title='bbox 1129 3115 1313 3150; x_wconf 83' lang='lat' dir='ltr'>complexum,</span> <span class='ocrx_word' id='word_1_1731' title='bbox 1330 3116 1402 3151; x_wconf 82' lang='lat' dir='ltr'>quasi</span> <span class='ocrx_word' id='word_1_1732' title='bbox 1424 3116 1518 3151; x_wconf 72' lang='lat' dir='ltr'>pun&amp;i</span> <span class='ocrx_word' id='word_1_1733' title='bbox 1541 3115 1622 3142; x_wconf 82' lang='lat' dir='ltr'>instar</span> <span class='ocrx_word' id='word_1_1734' title='bbox 1643 3115 1784 3147; x_wconf 89' lang='lat' dir='ltr'>obtinere,</span> <span class='ocrx_word' id='word_1_1735' title='bbox 1800 3115 1873 3150; x_wconf 84' lang='lat' dir='ltr'>quod</span> <span class='ocrx_word' id='word_1_1736' title='bbox 1894 3116 1987 3151; x_wconf 71' lang='grc' dir='ltr'><strong><em>κέντρον</em></strong></span> <span class='ocrx_word' id='word_1_1737' title='bbox 2008 3116 2050 3143; x_wconf 90' lang='lat' dir='ltr'>illi</span> <span class='ocrx_word' id='word_1_1738' title='bbox 2075 3122 2182 3144; x_wconf 85' lang='lat' dir='ltr'>vocant.</span> 
     </span>
     <span class='ocr_line' id='line_1_121' title="bbox 48 3147 2183 3187; baseline 0.003 -13"><span class='ocrx_word' id='word_1_1739' title='bbox 48 3156 90 3175; x_wconf 81' lang='lat' dir='ltr'>tra</span> <span class='ocrx_word' id='word_1_1740' title='bbox 119 3158 150 3179; x_wconf 85' lang='lat' dir='ltr'>a,</span> <span class='ocrx_word' id='word_1_1741' title='bbox 167 3150 272 3179; x_wconf 72' lang='lat' dir='ltr'>tamuda</span> <span class='ocrx_word' id='word_1_1742' title='bbox 285 3148 310 3184; x_wconf 93' lang='lat' dir='ltr'>s.</span> <span class='ocrx_word' id='word_1_1743' title='bbox 323 3147 413 3185; x_wconf 73' lang='lat' dir='ltr'>fistula</span> <span class='ocrx_word' id='word_1_1744' title='bbox 431 3150 485 3186; x_wconf 85' lang='lat' dir='ltr'>ipsa</span> <span class='ocrx_word' id='word_1_1745' title='bbox 500 3154 527 3177; x_wconf 82' lang='lat' dir='ltr'>in</span> <span class='ocrx_word' id='word_1_1746' title='bbox 545 3153 646 3178; x_wconf 75' lang='lat' dir='ltr'>vulnere</span> <span class='ocrx_word' id='word_1_1747' title='bbox 665 3153 788 3187; x_wconf 82' lang='lat' dir='ltr'>relinqui,</span> <span class='ocrx_word' id='word_1_1748' title='bbox 801 3158 851 3186; x_wconf 78' lang='lat' dir='ltr'>per</span> <span class='ocrx_word' id='word_1_1749' title='bbox 867 3160 939 3187; x_wconf 83' lang='lat' dir='ltr'>quam</span> <span class='ocrx_word' id='word_1_1750' title='bbox 956 3153 1065 3178; x_wconf 81' lang='lat' dir='ltr'>vitiatus</span> <span class='ocrx_word' id='word_1_1751' title='bbox 1129 3151 1219 3178; x_wconf 80' lang='lat' dir='ltr'>Terra</span> <span class='ocrx_word' id='word_1_1752' title='bbox 1239 3158 1359 3179; x_wconf 87' lang='lat' dir='ltr'>centrum</span> <span class='ocrx_word' id='word_1_1753' title='bbox 1378 3153 1447 3179; x_wconf 90' lang='lat' dir='ltr'>caeli</span> <span class='ocrx_word' id='word_1_1754' title='bbox 1465 3152 1502 3178; x_wconf 86' lang='lat' dir='ltr'>est</span> <span class='ocrx_word' id='word_1_1755' title='bbox 1520 3151 1587 3178; x_wconf 86' lang='lat' dir='ltr'>Plin.</span> <span class='ocrx_word' id='word_1_1756' title='bbox 1607 3159 1630 3183; x_wconf 87' lang='lat'>2,</span> <span class='ocrx_word' id='word_1_1757' title='bbox 1645 3158 1671 3184; x_wconf 78' lang='grc' dir='ltr'>ις</span> <span class='ocrx_word' id='word_1_1758' title='bbox 1682 3158 1747 3177; x_wconf 78' lang='lat' dir='ltr'>extr.</span> <span class='ocrx_word' id='word_1_1759' title='bbox 1820 3150 1906 3177; x_wconf 83' lang='lat' dir='ltr'>PauHo</span> <span class='ocrx_word' id='word_1_1760' title='bbox 1920 3155 2066 3179; x_wconf 77' lang='lat' dir='ltr'>accuratius</span> <span class='ocrx_word' id='word_1_1761' title='bbox 2078 3163 2089 3179; x_wconf 81' lang='lat' dir='ltr'>e</span> <span class='ocrx_word' id='word_1_1762' title='bbox 2102 3154 2183 3180; x_wconf 82' lang='lat' dir='ltr'>Ptole-</span> 
     </span>
    </p>

    <p class='ocr_par' dir='ltr' id='par_1_18' title="bbox 14 3182 2183 4002">
     <span class='ocr_line' id='line_1_122' title="bbox 23 3182 2183 3225; baseline 0.003 -15"><span class='ocrx_word' id='word_1_1763' title='bbox 23 3190 25 3192; x_wconf 85' lang='lat'>·</span> <span class='ocrx_word' id='word_1_1764' title='bbox 77 3194 104 3210; x_wconf 86' lang='lat' dir='ltr'>or</span> <span class='ocrx_word' id='word_1_1765' title='bbox 116 3182 208 3218; x_wconf 78' lang='lat' dir='ltr'>effluat.</span> <span class='ocrx_word' id='word_1_1766' title='bbox 250 3185 360 3211; x_wconf 79' lang='lat' dir='ltr'>Vocaeur</span> <span class='ocrx_word' id='word_1_1767' title='bbox 372 3187 446 3212; x_wconf 82' lang='lat' dir='ltr'>etiam</span> <span class='ocrx_word' id='word_1_1768' title='bbox 457 3187 587 3222; x_wconf 69' lang='lat' dir='ltr'>Centralis</span> <span class='ocrx_word' id='word_1_1769' title='bbox 600 3196 624 3220; x_wconf 79' lang='lat'>3,</span> <span class='ocrx_word' id='word_1_1770' title='bbox 637 3195 680 3221; x_wconf 74' lang='lat'>23,</span> <span class='ocrx_word' id='word_1_1771' title='bbox 693 3196 721 3220; x_wconf 86' lang='lat'>4.</span> <span class='ocrx_word' id='word_1_1772' title='bbox 1127 3191 1207 3214; x_wconf 88' lang='lat' dir='ltr'>maica</span> <span class='ocrx_word' id='word_1_1773' title='bbox 1220 3195 1303 3224; x_wconf 78' lang='lat' dir='ltr'>nempe</span> <span class='ocrx_word' id='word_1_1774' title='bbox 1315 3188 1450 3224; x_wconf 67' lang='lat' dir='ltr'>disi-zfflina</span> <span class='ocrx_word' id='word_1_1775' title='bbox 1458 3187 1653 3224; x_wconf 65' lang='lat' dir='ltr'>philosophatur</span> <span class='ocrx_word' id='word_1_1776' title='bbox 1665 3187 1790 3213; x_wconf 78' lang='lat' dir='ltr'>Martian.</span> <span class='ocrx_word' id='word_1_1777' title='bbox 1803 3186 1931 3221; x_wconf 85' lang='lat' dir='ltr'>Capella8</span> <span class='ocrx_word' id='word_1_1778' title='bbox 1938 3195 1964 3221; x_wconf 88' lang='lat' dir='ltr'>p.</span> <span class='ocrx_word' id='word_1_1779' title='bbox 1972 3190 2022 3218; x_wconf 88' lang='lat'>286</span> <span class='ocrx_word' id='word_1_1780' title='bbox 2027 3188 2068 3225; x_wconf 82' lang='lat' dir='ltr'>sq.</span> <span class='ocrx_word' id='word_1_1781' title='bbox 2082 3189 2183 3216; x_wconf 80' lang='lat' dir='ltr'>Omnes</span> 
     </span>
     <span class='ocr_line' id='line_1_123' title="bbox 54 3217 2181 3260; baseline 0.002 -13"><span class='ocrx_word' id='word_1_1782' title='bbox 54 3227 71 3248; x_wconf 91' lang='lat' dir='ltr'><strong>c</strong></span> <span class='ocrx_word' id='word_1_1783' title='bbox 79 3227 96 3247; x_wconf 84' lang='lat' dir='ltr'>E</span> <span class='ocrx_word' id='word_1_1784' title='bbox 105 3227 127 3247; x_wconf 67' lang='lat' dir='ltr'>t&lt;</span> <span class='ocrx_word' id='word_1_1785' title='bbox 136 3226 158 3246; x_wconf 88' lang='lat' dir='ltr'><strong>T</strong></span> <span class='ocrx_word' id='word_1_1786' title='bbox 166 3227 176 3245; x_wconf 95' lang='lat'>1</span> <span class='ocrx_word' id='word_1_1787' title='bbox 187 3225 213 3245; x_wconf 74' lang='lat' dir='ltr'><strong>M</strong></span> <span class='ocrx_word' id='word_1_1788' title='bbox 221 3217 244 3246; x_wconf 60' lang='grc' dir='ltr'><em>Κ</em></span> <span class='ocrx_word' id='word_1_1789' title='bbox 253 3227 275 3246; x_wconf 81' lang='grc' dir='ltr'>Ν</span> <span class='ocrx_word' id='word_1_1790' title='bbox 283 3225 304 3244; x_wconf 87' lang='lat' dir='ltr'>V</span> <span class='ocrx_word' id='word_1_1791' title='bbox 313 3227 338 3252; x_wconf 89' lang='lat' dir='ltr'>s,</span> <span class='ocrx_word' id='word_1_1792' title='bbox 347 3219 364 3246; x_wconf 85' lang='lat' dir='ltr'>i.</span> <span class='ocrx_word' id='word_1_1793' title='bbox 378 3229 414 3247; x_wconf 85' lang='lat' dir='ltr'>m.</span> <span class='ocrx_word' id='word_1_1794' title='bbox 435 3221 619 3259; x_wconf 66' lang='grc' dir='ltr'>[ἑκατόγχειρ]</span> <span class='ocrx_word' id='word_1_1795' title='bbox 655 3226 709 3259; x_wconf 72' lang='lat' dir='ltr'>Qi</span> <span class='ocrx_word' id='word_1_1796' title='bbox 715 3228 811 3249; x_wconf 74' lang='lat' dir='ltr'>centum</span> <span class='ocrx_word' id='word_1_1797' title='bbox 817 3231 904 3248; x_wconf 83' lang='lat' dir='ltr'>manus</span> <span class='ocrx_word' id='word_1_1798' title='bbox 915 3221 988 3249; x_wconf 76' lang='lat' dir='ltr'>habet</span> <span class='ocrx_word' id='word_1_1799' title='bbox 996 3233 1004 3248; x_wconf 85' lang='lat'>.·</span> <span class='ocrx_word' id='word_1_1800' title='bbox 1023 3232 1064 3249; x_wconf 77' lang='lat' dir='ltr'>cu·</span> <span class='ocrx_word' id='word_1_1801' title='bbox 1079 3222 1109 3252; x_wconf 72' lang='lat'>85</span> <span class='ocrx_word' id='word_1_1802' title='bbox 1127 3222 1254 3250; x_wconf 64' lang='lat' dir='ltr'>haetenus</span> <span class='ocrx_word' id='word_1_1803' title='bbox 1267 3224 1416 3258; x_wconf 80' lang='lat' dir='ltr'>credidere,</span> <span class='ocrx_word' id='word_1_1804' title='bbox 1430 3222 1655 3260; x_wconf 86' lang='lat' dir='ltr'>quemadmodum</span> <span class='ocrx_word' id='word_1_1805' title='bbox 1669 3222 1716 3257; x_wconf 77' lang='lat' dir='ltr'>ipsi</span> <span class='ocrx_word' id='word_1_1806' title='bbox 1729 3221 1829 3249; x_wconf 87' lang='lat' dir='ltr'>mundo</span> <span class='ocrx_word' id='word_1_1807' title='bbox 1842 3221 2020 3258; x_wconf 84' lang='lat' dir='ltr'>sphaeraeque</span> <span class='ocrx_word' id='word_1_1808' title='bbox 2033 3224 2181 3259; x_wconf 82' lang='lat' dir='ltr'>postremae</span> 
     </span>
     <span class='ocr_line' id='line_1_124' title="bbox 82 3253 2181 3295; baseline 0.002 -12"><span class='ocrx_word' id='word_1_1809' title='bbox 82 3256 125 3283; x_wconf 83' lang='lat' dir='ltr'>odi</span> <span class='ocrx_word' id='word_1_1810' title='bbox 136 3253 216 3292; x_wconf 75' lang='lat' dir='ltr'>fuiffi</span> <span class='ocrx_word' id='word_1_1811' title='bbox 230 3255 359 3282; x_wconf 75' lang='lat' dir='ltr'>Briareum</span> <span class='ocrx_word' id='word_1_1812' title='bbox 376 3259 503 3293; x_wconf 81' lang='lat' dir='ltr'>gigantem</span> <span class='ocrx_word' id='word_1_1813' title='bbox 522 3258 605 3295; x_wconf 72' lang='lat' dir='ltr'>refert</span> <span class='ocrx_word' id='word_1_1814' title='bbox 622 3259 721 3294; x_wconf 84' lang='lat' dir='ltr'>Virgil.</span> <span class='ocrx_word' id='word_1_1815' title='bbox 734 3259 800 3284; x_wconf 80' lang='lat' dir='ltr'>Aen.</span> <span class='ocrx_word' id='word_1_1816' title='bbox 813 3260 839 3288; x_wconf 89' lang='lat'>6,</span> <span class='ocrx_word' id='word_1_1817' title='bbox 852 3263 908 3292; x_wconf 80' lang='lat'>287.</span> <span class='ocrx_word' id='word_1_1818' title='bbox 978 3258 1063 3286; x_wconf 88' lang='lat' dir='ltr'>Ouid.</span> <span class='ocrx_word' id='word_1_1819' title='bbox 1127 3265 1239 3286; x_wconf 87' lang='lat' dir='ltr'>centron</span> <span class='ocrx_word' id='word_1_1820' title='bbox 1252 3260 1300 3287; x_wconf 83' lang='lat' dir='ltr'>esse</span> <span class='ocrx_word' id='word_1_1821' title='bbox 1313 3266 1430 3293; x_wconf 83' lang='lat' dir='ltr'>terram,</span> <span class='ocrx_word' id='word_1_1822' title='bbox 1449 3260 1486 3286; x_wconf 86' lang='lat' dir='ltr'>ita</span> <span class='ocrx_word' id='word_1_1823' title='bbox 1501 3265 1527 3286; x_wconf 90' lang='lat' dir='ltr'>et</span> <span class='ocrx_word' id='word_1_1824' title='bbox 1539 3259 1632 3286; x_wconf 88' lang='lat' dir='ltr'>solaris</span> <span class='ocrx_word' id='word_1_1825' title='bbox 1648 3258 1741 3285; x_wconf 89' lang='lat' dir='ltr'>circuli</span> <span class='ocrx_word' id='word_1_1826' title='bbox 1754 3257 1864 3285; x_wconf 88' lang='lat' dir='ltr'>eandem</span> <span class='ocrx_word' id='word_1_1827' title='bbox 1880 3264 1991 3286; x_wconf 87' lang='lat' dir='ltr'>centron</span> <span class='ocrx_word' id='word_1_1828' title='bbox 2003 3261 2061 3287; x_wconf 83' lang='lat' dir='ltr'>effe.</span> <span class='ocrx_word' id='word_1_1829' title='bbox 2099 3261 2181 3295; x_wconf 71' lang='lat' dir='ltr'>Quod</span> 
     </span>
     <span class='ocr_line' id='line_1_125' title="bbox 50 3291 2181 3331; baseline 0.004 -15"><span class='ocrx_word' id='word_1_1830' title='bbox 50 3298 85 3320; x_wconf 79' lang='lat' dir='ltr'>et.</span> <span class='ocrx_word' id='word_1_1831' title='bbox 98 3301 122 3325; x_wconf 84' lang='lat'>3,</span> <span class='ocrx_word' id='word_1_1832' title='bbox 136 3299 180 3324; x_wconf 79' lang='lat'>303</span> <span class='ocrx_word' id='word_1_1833' title='bbox 204 3291 262 3318; x_wconf 88' lang='lat' dir='ltr'>Nec</span> <span class='ocrx_word' id='word_1_1834' title='bbox 275 3299 330 3326; x_wconf 92' lang='lat' dir='ltr'>quo</span> <span class='ocrx_word' id='word_1_1835' title='bbox 348 3294 526 3320; x_wconf 83' lang='lat' dir='ltr'>centimanum</span> <span class='ocrx_word' id='word_1_1836' title='bbox 545 3293 677 3322; x_wconf 87' lang='lat' dir='ltr'>deiecerat</span> <span class='ocrx_word' id='word_1_1837' title='bbox 694 3295 755 3330; x_wconf 85' lang='lat' dir='ltr'>igne</span> <span class='ocrx_word' id='word_1_1838' title='bbox 766 3293 908 3328; x_wconf 81' lang='lat' dir='ltr'>Typhoea.</span> <span class='ocrx_word' id='word_1_1839' title='bbox 966 3295 1063 3322; x_wconf 83' lang='lat' dir='ltr'>Horat.</span> <span class='ocrx_word' id='word_1_1840' title='bbox 1128 3295 1239 3322; x_wconf 87' lang='lat' dir='ltr'>omnino</span> <span class='ocrx_word' id='word_1_1841' title='bbox 1259 3297 1354 3323; x_wconf 87' lang='lat' dir='ltr'>falsum</span> <span class='ocrx_word' id='word_1_1842' title='bbox 1374 3297 1424 3323; x_wconf 78' lang='lat' dir='ltr'>ess‘e</span> <span class='ocrx_word' id='word_1_1843' title='bbox 1441 3304 1496 3322; x_wconf 90' lang='lat' dir='ltr'>non</span> <span class='ocrx_word' id='word_1_1844' title='bbox 1510 3295 1623 3322; x_wconf 88' lang='lat' dir='ltr'>dubium</span> <span class='ocrx_word' id='word_1_1845' title='bbox 1637 3295 1682 3321; x_wconf 88' lang='lat' dir='ltr'>est.</span> <span class='ocrx_word' id='word_1_1846' title='bbox 1755 3294 1826 3322; x_wconf 85' lang='lat' dir='ltr'>Nam</span> <span class='ocrx_word' id='word_1_1847' title='bbox 1845 3299 1875 3321; x_wconf 89' lang='lat' dir='ltr'>vt</span> <span class='ocrx_word' id='word_1_1848' title='bbox 1895 3293 2000 3323; x_wconf 90' lang='lat' dir='ltr'>diuersa</span> <span class='ocrx_word' id='word_1_1849' title='bbox 2018 3296 2100 3331; x_wconf 89' lang='lat' dir='ltr'>spatia</span> <span class='ocrx_word' id='word_1_1850' title='bbox 2122 3298 2181 3324; x_wconf 89' lang='lat' dir='ltr'>sunt</span> 
     </span>
     <span class='ocr_line' id='line_1_126' title="bbox 58 3326 2181 3367; baseline 0.002 -12"><span class='ocrx_word' id='word_1_1851' title='bbox 58 3337 108 3356; x_wconf 88' lang='lat' dir='ltr'>rm.</span> <span class='ocrx_word' id='word_1_1852' title='bbox 123 3336 146 3360; x_wconf 85' lang='lat'>3,</span> <span class='ocrx_word' id='word_1_1853' title='bbox 159 3337 187 3361; x_wconf 91' lang='lat'>4,</span> <span class='ocrx_word' id='word_1_1854' title='bbox 199 3329 234 3367; x_wconf 69' lang='lat'>653</span> <span class='ocrx_word' id='word_1_1855' title='bbox 260 3326 352 3354; x_wconf 82' lang='lat' dir='ltr'>Testis</span> <span class='ocrx_word' id='word_1_1856' title='bbox 371 3334 490 3356; x_wconf 78' lang='lat' dir='ltr'>mearum</span> <span class='ocrx_word' id='word_1_1857' title='bbox 503 3331 666 3358; x_wconf 83' lang='lat' dir='ltr'>centimanus</span> <span class='ocrx_word' id='word_1_1858' title='bbox 680 3332 749 3363; x_wconf 84' lang='lat' dir='ltr'>Gyas</span> <span class='ocrx_word' id='word_1_1859' title='bbox 788 3330 991 3358; x_wconf 86' lang='lat' dir='ltr'>Sententiarum.</span> <span class='ocrx_word' id='word_1_1860' title='bbox 1082 3360 1088 3363; x_wconf 55' lang='lat'>.</span> <span class='ocrx_word' id='word_1_1861' title='bbox 1123 3331 1244 3359; x_wconf 77' lang='lat' dir='ltr'>caelestis</span> <span class='ocrx_word' id='word_1_1862' title='bbox 1256 3332 1390 3365; x_wconf 84' lang='lat' dir='ltr'>ambitus,</span> <span class='ocrx_word' id='word_1_1863' title='bbox 1408 3331 1558 3367; x_wconf 88' lang='lat' dir='ltr'>circulique</span> <span class='ocrx_word' id='word_1_1864' title='bbox 1570 3330 1702 3363; x_wconf 82' lang='lat' dir='ltr'>medialis,</span> <span class='ocrx_word' id='word_1_1865' title='bbox 1716 3329 1754 3356; x_wconf 84' lang='lat' dir='ltr'>ita</span> <span class='ocrx_word' id='word_1_1866' title='bbox 1767 3336 1793 3356; x_wconf 91' lang='lat' dir='ltr'>et</span> <span class='ocrx_word' id='word_1_1867' title='bbox 1805 3329 1916 3357; x_wconf 84' lang='lat' dir='ltr'>diuersis</span> <span class='ocrx_word' id='word_1_1868' title='bbox 1928 3338 2082 3359; x_wconf 85' lang='lat' dir='ltr'>centrorum</span> <span class='ocrx_word' id='word_1_1869' title='bbox 2103 3331 2181 3367; x_wconf 74' lang='lat' dir='ltr'>signis</span> 
     </span>
     <span class='ocr_line' id='line_1_127' title="bbox 55 3363 2180 3404; baseline 0.001 -12"><span class='ocrx_word' id='word_1_1870' title='bbox 55 3368 333 3394; x_wconf 75' lang='lat' dir='ltr'>CENT1METER,</span> <span class='ocrx_word' id='word_1_1871' title='bbox 359 3363 403 3390; x_wconf 90' lang='lat' dir='ltr'>tri.</span> <span class='ocrx_word' id='word_1_1872' title='bbox 438 3373 475 3391; x_wconf 90' lang='lat' dir='ltr'>m.</span> <span class='ocrx_word' id='word_1_1873' title='bbox 515 3367 545 3394; x_wconf 78' lang='grc' dir='ltr'>Α,</span> <span class='ocrx_word' id='word_1_1874' title='bbox 556 3366 668 3394; x_wconf 87' lang='lat' dir='ltr'>Sidonio</span> <span class='ocrx_word' id='word_1_1875' title='bbox 680 3368 769 3393; x_wconf 75' lang='lat' dir='ltr'>Carni.</span> <span class='ocrx_word' id='word_1_1876' title='bbox 784 3374 811 3399; x_wconf 91' lang='lat'>9,</span> <span class='ocrx_word' id='word_1_1877' title='bbox 826 3367 875 3399; x_wconf 79' lang='lat'>263</span> <span class='ocrx_word' id='word_1_1878' title='bbox 899 3367 1065 3394; x_wconf 79' lang='lat' dir='ltr'>Centimeter</span> <span class='ocrx_word' id='word_1_1879' title='bbox 1127 3367 1286 3404; x_wconf 71' lang='lat' dir='ltr'>punffisque</span> <span class='ocrx_word' id='word_1_1880' title='bbox 1304 3373 1476 3404; x_wconf 89' lang='lat' dir='ltr'>torquentur.</span> <span class='ocrx_word' id='word_1_1881' title='bbox 1548 3368 1613 3401; x_wconf 79' lang='lat' dir='ltr'>Qio</span> <span class='ocrx_word' id='word_1_1882' title='bbox 1634 3366 1677 3398; x_wconf 85' lang='lat' dir='ltr'>fit,</span> <span class='ocrx_word' id='word_1_1883' title='bbox 1697 3371 1726 3392; x_wconf 87' lang='lat' dir='ltr'>vt</span> <span class='ocrx_word' id='word_1_1884' title='bbox 1743 3371 1815 3392; x_wconf 85' lang='lat' dir='ltr'>terra</span> <span class='ocrx_word' id='word_1_1885' title='bbox 1833 3365 1926 3394; x_wconf 88' lang='lat' dir='ltr'>solaris</span> <span class='ocrx_word' id='word_1_1886' title='bbox 1944 3367 2040 3395; x_wconf 88' lang='lat' dir='ltr'>circuli</span> <span class='ocrx_word' id='word_1_1887' title='bbox 2060 3374 2180 3395; x_wconf 88' lang='lat' dir='ltr'>centrum</span> 
     </span>
     <span class='ocr_line' id='line_1_128' title="bbox 49 3399 2178 3439; baseline 0 -11"><span class='ocrx_word' id='word_1_1888' title='bbox 49 3401 200 3428; x_wconf 73' lang='lat' dir='ltr'>ermtianus</span> <span class='ocrx_word' id='word_1_1889' title='bbox 212 3399 351 3435; x_wconf 75' lang='lat' dir='ltr'>appellatur</span> <span class='ocrx_word' id='word_1_1890' title='bbox 369 3400 518 3426; x_wconf 60' lang='lat' dir='ltr'>Tere-»urani</span> <span class='ocrx_word' id='word_1_1891' title='bbox 529 3402 620 3429; x_wconf 82' lang='lat' dir='ltr'>Mauri</span> <span class='ocrx_word' id='word_1_1892' title='bbox 631 3403 661 3429; x_wconf 81' lang='lat' dir='ltr'>de</span> <span class='ocrx_word' id='word_1_1893' title='bbox 673 3404 774 3435; x_wconf 79' lang='lat' dir='ltr'>literis,</span> <span class='ocrx_word' id='word_1_1894' title='bbox 796 3402 1021 3438; x_wconf 65' lang='lat' dir='ltr'>Syllabis‚pedibur</span> <span class='ocrx_word' id='word_1_1895' title='bbox 1033 3412 1064 3429; x_wconf 88' lang='lat' dir='ltr'>ac</span> <span class='ocrx_word' id='word_1_1896' title='bbox 1075 3411 1111 3437; x_wconf 88' lang='lat'>90</span> <span class='ocrx_word' id='word_1_1897' title='bbox 1127 3412 1182 3430; x_wconf 90' lang='lat' dir='ltr'>non</span> <span class='ocrx_word' id='word_1_1898' title='bbox 1196 3403 1241 3436; x_wconf 84' lang='lat' dir='ltr'>sit,</span> <span class='ocrx_word' id='word_1_1899' title='bbox 1259 3404 1304 3431; x_wconf 87' lang='lat' dir='ltr'>sed</span> <span class='ocrx_word' id='word_1_1900' title='bbox 1318 3410 1452 3431; x_wconf 83' lang='lat' dir='ltr'>eccentros</span> <span class='ocrx_word' id='word_1_1901' title='bbox 1465 3402 1604 3430; x_wconf 88' lang='lat' dir='ltr'>habeatur.</span> <span class='ocrx_word' id='word_1_1902' title='bbox 1675 3403 1736 3428; x_wconf 77' lang='lat' dir='ltr'>Not.</span> <span class='ocrx_word' id='word_1_1903' title='bbox 1751 3402 1881 3429; x_wconf 87' lang='lat' dir='ltr'>Centrum</span> <span class='ocrx_word' id='word_1_1904' title='bbox 1895 3403 1913 3430; x_wconf 91' lang='lat' dir='ltr'>s.</span> <span class='ocrx_word' id='word_1_1905' title='bbox 1926 3404 2018 3439; x_wconf 69' lang='grc' dir='ltr'><strong><em>κέντρον</em></strong></span> <span class='ocrx_word' id='word_1_1906' title='bbox 2032 3404 2069 3438; x_wconf 85' lang='lat' dir='ltr'>(a</span> <span class='ocrx_word' id='word_1_1907' title='bbox 2084 3404 2178 3435; x_wconf 72' lang='grc' dir='ltr'>κιντέω,</span> 
     </span>
     <span class='ocr_line' id='line_1_129' title="bbox 82 3434 2179 3476; baseline 0 -13"><span class='ocrx_word' id='word_1_1908' title='bbox 82 3439 106 3463; x_wconf 81' lang='lat' dir='ltr'>is</span> <span class='ocrx_word' id='word_1_1909' title='bbox 117 3445 215 3462; x_wconf 79' lang='lat' dir='ltr'>carmen</span> <span class='ocrx_word' id='word_1_1910' title='bbox 224 3446 231 3460; x_wconf 93' lang='lat'>.·</span> <span class='ocrx_word' id='word_1_1911' title='bbox 251 3434 317 3470; x_wconf 86' lang='lat' dir='ltr'>quod</span> <span class='ocrx_word' id='word_1_1912' title='bbox 327 3437 395 3461; x_wconf 75' lang='lat' dir='ltr'>inter</span> <span class='ocrx_word' id='word_1_1913' title='bbox 407 3436 571 3472; x_wconf 80' lang='lat' dir='ltr'>Putschianos</span> <span class='ocrx_word' id='word_1_1914' title='bbox 587 3439 769 3465; x_wconf 84' lang='lat' dir='ltr'>Grammaticos</span> <span class='ocrx_word' id='word_1_1915' title='bbox 787 3437 889 3465; x_wconf 82' lang='lat' dir='ltr'>habetur</span> <span class='ocrx_word' id='word_1_1916' title='bbox 905 3447 954 3465; x_wconf 83' lang='lat' dir='ltr'>non</span> <span class='ocrx_word' id='word_1_1917' title='bbox 971 3442 1064 3472; x_wconf 80' lang='lat' dir='ltr'>minus,</span> <span class='ocrx_word' id='word_1_1918' title='bbox 1122 3446 1178 3476; x_wconf 80' lang='lat' dir='ltr'>pun</span> <span class='ocrx_word' id='word_1_1919' title='bbox 1198 3441 1232 3475; x_wconf 85' lang='lat' dir='ltr'>o)</span> <span class='ocrx_word' id='word_1_1920' title='bbox 1253 3447 1277 3467; x_wconf 81' lang='lat' dir='ltr'>et</span> <span class='ocrx_word' id='word_1_1921' title='bbox 1292 3440 1420 3476; x_wconf 62' lang='lat' dir='ltr'>punotum</span> <span class='ocrx_word' id='word_1_1922' title='bbox 1428 3446 1452 3466; x_wconf 78' lang='lat' dir='ltr'>et</span> <span class='ocrx_word' id='word_1_1923' title='bbox 1459 3439 1561 3474; x_wconf 78' lang='lat' dir='ltr'>lignum</span> <span class='ocrx_word' id='word_1_1924' title='bbox 1574 3439 1592 3465; x_wconf 92' lang='lat' dir='ltr'>s.</span> <span class='ocrx_word' id='word_1_1925' title='bbox 1604 3438 1699 3471; x_wconf 75' lang='grc' dir='ltr'><strong><em>σημίἷον</em></strong></span> <span class='ocrx_word' id='word_1_1926' title='bbox 1713 3437 1756 3473; x_wconf 77' lang='lat' dir='ltr'>vfit</span> <span class='ocrx_word' id='word_1_1927' title='bbox 1768 3445 1948 3475; x_wconf 77' lang='lat' dir='ltr'>geometrarum</span> <span class='ocrx_word' id='word_1_1928' title='bbox 1960 3443 2117 3476; x_wconf 83' lang='lat' dir='ltr'>antiquorum</span> <span class='ocrx_word' id='word_1_1929' title='bbox 2127 3447 2179 3464; x_wconf 84' lang='lat' dir='ltr'>rem</span> 
     </span>
     <span class='ocr_line' id='line_1_130' title="bbox 106 3449 2178 3512; baseline 0 -14"><span class='ocrx_word' id='word_1_1930' title='bbox 106 3472 190 3500; x_wconf 80' lang='lat' dir='ltr'>Marii</span> <span class='ocrx_word' id='word_1_1931' title='bbox 211 3472 294 3498; x_wconf 79' lang='lat' dir='ltr'>Seruii</span> <span class='ocrx_word' id='word_1_1932' title='bbox 315 3471 442 3498; x_wconf 83' lang='lat' dir='ltr'>Honorati</span> <span class='ocrx_word' id='word_1_1933' title='bbox 459 3472 670 3508; x_wconf 80' lang='lat' dir='ltr'>centimetrum,</span> <span class='ocrx_word' id='word_1_1934' title='bbox 690 3474 716 3511; x_wconf 89' lang='lat' dir='ltr'>s.</span> <span class='ocrx_word' id='word_1_1935' title='bbox 736 3484 780 3500; x_wconf 86' lang='lat' dir='ltr'>ars</span> <span class='ocrx_word' id='word_1_1936' title='bbox 800 3473 829 3500; x_wconf 83' lang='lat' dir='ltr'>de</span> <span class='ocrx_word' id='word_1_1937' title='bbox 849 3474 949 3500; x_wconf 82' lang='lat' dir='ltr'>Centum</span> <span class='ocrx_word' id='word_1_1938' title='bbox 966 3478 1064 3508; x_wconf 81' lang='lat' dir='ltr'>metris,</span> <span class='ocrx_word' id='word_1_1939' title='bbox 1126 3449 1225 3502; x_wconf 61' lang='grc' dir='ltr'>εαηέεηι</span> <span class='ocrx_word' id='word_1_1940' title='bbox 1242 3475 1301 3510; x_wconf 74' lang='lat' dir='ltr'>effe,</span> <span class='ocrx_word' id='word_1_1941' title='bbox 1320 3475 1368 3510; x_wconf 68' lang='lat' dir='ltr'>nist</span> <span class='ocrx_word' id='word_1_1942' title='bbox 1385 3474 1453 3512; x_wconf 78' lang='lat' dir='ltr'>quod</span> <span class='ocrx_word' id='word_1_1943' title='bbox 1474 3476 1566 3511; x_wconf 63' lang='grc' dir='ltr'><strong><em>κέντρον</em></strong></span> <span class='ocrx_word' id='word_1_1944' title='bbox 1587 3474 1666 3501; x_wconf 83' lang='lat' dir='ltr'>nobile</span> <span class='ocrx_word' id='word_1_1945' title='bbox 1684 3473 1748 3499; x_wconf 83' lang='lat' dir='ltr'>illud</span> <span class='ocrx_word' id='word_1_1946' title='bbox 1765 3477 1793 3500; x_wconf 85' lang='lat' dir='ltr'>in</span> <span class='ocrx_word' id='word_1_1947' title='bbox 1805 3474 1883 3501; x_wconf 81' lang='lat' dir='ltr'>medio</span> <span class='ocrx_word' id='word_1_1948' title='bbox 1901 3477 1994 3502; x_wconf 87' lang='lat' dir='ltr'>circulo</span> <span class='ocrx_word' id='word_1_1949' title='bbox 2003 3471 2124 3510; x_wconf 66' lang='lat' dir='ltr'>purzflum</span> <span class='ocrx_word' id='word_1_1950' title='bbox 2130 3480 2178 3508; x_wconf 80' lang='lat' dir='ltr'>per</span> 
     </span>
     <span class='ocr_line' id='line_1_131' title="bbox 82 3505 2178 3545; baseline 0 -10"><span class='ocrx_word' id='word_1_1951' title='bbox 82 3516 176 3539; x_wconf 63' lang='lat' dir='ltr'>,momen</span> <span class='ocrx_word' id='word_1_1952' title='bbox 188 3506 218 3534; x_wconf 85' lang='lat' dir='ltr'>ab</span> <span class='ocrx_word' id='word_1_1953' title='bbox 233 3506 285 3542; x_wconf 68' lang='lat' dir='ltr'>ipsi)</span> <span class='ocrx_word' id='word_1_1954' title='bbox 298 3505 399 3534; x_wconf 70' lang='lat' dir='ltr'>auc‘tore</span> <span class='ocrx_word' id='word_1_1955' title='bbox 411 3505 469 3541; x_wconf 71' lang='lat' dir='ltr'>effi,</span> <span class='ocrx_word' id='word_1_1956' title='bbox 479 3511 632 3545; x_wconf 76' lang='lat' dir='ltr'>principium</span> <span class='ocrx_word' id='word_1_1957' title='bbox 643 3510 721 3544; x_wconf 55' lang='lat' dir='ltr'>libelli</span> <span class='ocrx_word' id='word_1_1958' title='bbox 735 3509 812 3537; x_wconf 83' lang='lat' dir='ltr'>docet.</span> <span class='ocrx_word' id='word_1_1959' title='bbox 1127 3511 1295 3539; x_wconf 77' lang='lat' dir='ltr'>excellentiam</span> <span class='ocrx_word' id='word_1_1960' title='bbox 1306 3519 1387 3539; x_wconf 79' lang='lat' dir='ltr'>notat.</span> <span class='ocrx_word' id='word_1_1961' title='bbox 1458 3511 1526 3537; x_wconf 91' lang='lat' dir='ltr'>Plin.</span> <span class='ocrx_word' id='word_1_1962' title='bbox 1541 3515 1576 3543; x_wconf 68' lang='grc' dir='ltr'>ιε,</span> <span class='ocrx_word' id='word_1_1963' title='bbox 1589 3518 1624 3542; x_wconf 77' lang='lat'>29</span> <span class='ocrx_word' id='word_1_1964' title='bbox 1637 3510 1655 3536; x_wconf 81' lang='lat' dir='ltr'>s.</span> <span class='ocrx_word' id='word_1_1965' title='bbox 1670 3511 1715 3542; x_wconf 90' lang='lat'>69,</span> <span class='ocrx_word' id='word_1_1966' title='bbox 1730 3517 1746 3536; x_wconf 86' lang='lat'>2</span> <span class='ocrx_word' id='word_1_1967' title='bbox 1771 3509 1828 3545; x_wconf 87' lang='lat' dir='ltr'>Ipse</span> <span class='ocrx_word' id='word_1_1968' title='bbox 1846 3510 1960 3538; x_wconf 87' lang='lat' dir='ltr'>circulus</span> <span class='ocrx_word' id='word_1_1969' title='bbox 1979 3510 2072 3537; x_wconf 60' lang='lat' dir='ltr'>lacteus</span> <span class='ocrx_word' id='word_1_1970' title='bbox 2090 3510 2178 3536; x_wconf 88' lang='lat' dir='ltr'>fertur</span> 
     </span>
     <span class='ocr_line' id='line_1_132' title="bbox 24 3541 2177 3583; baseline -0 -12"><span class='ocrx_word' id='word_1_1971' title='bbox 24 3541 26 3549; x_wconf 75' lang='lat'><strong>¹</strong></span> <span class='ocrx_word' id='word_1_1972' title='bbox 55 3548 128 3571; x_wconf 74' lang='lat' dir='ltr'>CEN</span> <span class='ocrx_word' id='word_1_1973' title='bbox 138 3550 160 3570; x_wconf 84' lang='lat' dir='ltr'>T</span> <span class='ocrx_word' id='word_1_1974' title='bbox 168 3550 178 3570; x_wconf 91' lang='lat'>1</span> <span class='ocrx_word' id='word_1_1975' title='bbox 187 3550 209 3570; x_wconf 81' lang='grc' dir='ltr'><strong>Ν</strong></span> <span class='ocrx_word' id='word_1_1976' title='bbox 218 3549 238 3569; x_wconf 86' lang='grc'><strong>0</strong></span> <span class='ocrx_word' id='word_1_1977' title='bbox 248 3548 267 3569; x_wconf 90' lang='lat' dir='ltr'>D</span> <span class='ocrx_word' id='word_1_1978' title='bbox 276 3549 286 3569; x_wconf 92' lang='lat'>1</span> <span class='ocrx_word' id='word_1_1979' title='bbox 296 3549 317 3569; x_wconf 87' lang='lat' dir='ltr'>A</span> <span class='ocrx_word' id='word_1_1980' title='bbox 325 3562 334 3576; x_wconf 88' lang='lat'>‚</span> <span class='ocrx_word' id='word_1_1981' title='bbox 356 3542 410 3577; x_wconf 77' lang='lat' dir='ltr'>fine</span> <span class='ocrx_word' id='word_1_1982' title='bbox 434 3550 451 3571; x_wconf 90' lang='lat' dir='ltr'><strong>c</strong></span> <span class='ocrx_word' id='word_1_1983' title='bbox 460 3550 477 3570; x_wconf 79' lang='grc' dir='ltr'><strong>Ε</strong></span> <span class='ocrx_word' id='word_1_1984' title='bbox 486 3551 508 3570; x_wconf 86' lang='grc' dir='ltr'>Ν</span> <span class='ocrx_word' id='word_1_1985' title='bbox 516 3550 538 3570; x_wconf 86' lang='grc' dir='ltr'><strong>Τ</strong></span> <span class='ocrx_word' id='word_1_1986' title='bbox 546 3550 564 3571; x_wconf 78' lang='grc' dir='ltr'><strong><em>Ε</em></strong></span> <span class='ocrx_word' id='word_1_1987' title='bbox 574 3551 594 3570; x_wconf 80' lang='lat' dir='ltr'>N</span> <span class='ocrx_word' id='word_1_1988' title='bbox 603 3552 624 3572; x_wconf 92' lang='lat' dir='ltr'>o</span> <span class='ocrx_word' id='word_1_1989' title='bbox 632 3552 652 3573; x_wconf 83' lang='lat'>1&gt;</span> <span class='ocrx_word' id='word_1_1990' title='bbox 660 3554 670 3573; x_wconf 90' lang='lat'>1</span> <span class='ocrx_word' id='word_1_1991' title='bbox 678 3554 702 3580; x_wconf 62' lang='grc' dir='ltr'>,ιι</span> <span class='ocrx_word' id='word_1_1992' title='bbox 711 3566 719 3579; x_wconf 89' lang='grc'>,</span> <span class='ocrx_word' id='word_1_1993' title='bbox 746 3555 786 3572; x_wconf 91' lang='lat' dir='ltr'>ae.</span> <span class='ocrx_word' id='word_1_1994' title='bbox 822 3544 842 3572; x_wconf 79' lang='lat' dir='ltr'>s.</span> <span class='ocrx_word' id='word_1_1995' title='bbox 886 3545 983 3579; x_wconf 82' lang='lat' dir='ltr'>Herba,</span> <span class='ocrx_word' id='word_1_1996' title='bbox 1002 3555 1063 3582; x_wconf 83' lang='lat' dir='ltr'>quae</span> <span class='ocrx_word' id='word_1_1997' title='bbox 1128 3555 1175 3581; x_wconf 88' lang='lat' dir='ltr'>per</span> <span class='ocrx_word' id='word_1_1998' title='bbox 1187 3547 1352 3583; x_wconf 83' lang='lat' dir='ltr'>sagittarium</span> <span class='ocrx_word' id='word_1_1999' title='bbox 1366 3553 1445 3583; x_wconf 87' lang='lat' dir='ltr'>atque</span> <span class='ocrx_word' id='word_1_2000' title='bbox 1459 3546 1579 3581; x_wconf 86' lang='lat' dir='ltr'>geminos</span> <span class='ocrx_word' id='word_1_2001' title='bbox 1599 3544 1667 3572; x_wconf 88' lang='lat' dir='ltr'>Solis</span> <span class='ocrx_word' id='word_1_2002' title='bbox 1681 3551 1772 3572; x_wconf 89' lang='lat' dir='ltr'>centro</span> <span class='ocrx_word' id='word_1_2003' title='bbox 1790 3545 1831 3573; x_wconf 89' lang='lat' dir='ltr'>bis</span> <span class='ocrx_word' id='word_1_2004' title='bbox 1850 3545 2073 3582; x_wconf 69' lang='lat' dir='ltr'>aequinofflalem</span> <span class='ocrx_word' id='word_1_2005' title='bbox 2094 3545 2177 3571; x_wconf 87' lang='lat' dir='ltr'>circu-</span> 
     </span>
     <span class='ocr_line' id='line_1_133' title="bbox 60 3578 2180 3618; baseline 0.001 -14"><span class='ocrx_word' id='word_1_2006' title='bbox 60 3578 224 3606; x_wconf 73' lang='lat' dir='ltr'>Gmieularis</span> <span class='ocrx_word' id='word_1_2007' title='bbox 241 3587 256 3605; x_wconf 87' lang='lat' dir='ltr'>a</span> <span class='ocrx_word' id='word_1_2008' title='bbox 275 3579 392 3612; x_wconf 79' lang='lat' dir='ltr'>Latinis,</span> <span class='ocrx_word' id='word_1_2009' title='bbox 417 3588 433 3605; x_wconf 80' lang='lat' dir='ltr'>a</span> <span class='ocrx_word' id='word_1_2010' title='bbox 453 3580 538 3606; x_wconf 79' lang='lat' dir='ltr'>multis</span> <span class='ocrx_word' id='word_1_2011' title='bbox 557 3580 630 3607; x_wconf 81' lang='lat' dir='ltr'>nodis</span> <span class='ocrx_word' id='word_1_2012' title='bbox 648 3588 672 3607; x_wconf 80' lang='lat' dir='ltr'>et</span> <span class='ocrx_word' id='word_1_2013' title='bbox 690 3583 812 3618; x_wconf 79' lang='lat' dir='ltr'>geniculis</span> <span class='ocrx_word' id='word_1_2014' title='bbox 832 3578 918 3614; x_wconf 56' lang='lat' dir='ltr'>dista,</span> <span class='ocrx_word' id='word_1_2015' title='bbox 939 3587 964 3608; x_wconf 78' lang='lat' dir='ltr'>et</span> <span class='ocrx_word' id='word_1_2016' title='bbox 982 3582 1064 3609; x_wconf 84' lang='lat' dir='ltr'>eadem</span> <span class='ocrx_word' id='word_1_2017' title='bbox 1077 3588 1110 3616; x_wconf 78' lang='lat'>95</span> <span class='ocrx_word' id='word_1_2018' title='bbox 1129 3583 1186 3610; x_wconf 90' lang='lat' dir='ltr'>lum</span> <span class='ocrx_word' id='word_1_2019' title='bbox 1198 3583 1301 3618; x_wconf 85' lang='lat' dir='ltr'>secans,</span> <span class='ocrx_word' id='word_1_2020' title='bbox 1319 3583 1499 3611; x_wconf 78' lang='lat' dir='ltr'>commissuras</span> <span class='ocrx_word' id='word_1_2021' title='bbox 1513 3590 1608 3608; x_wconf 83' lang='lat' dir='ltr'>eorum</span> <span class='ocrx_word' id='word_1_2022' title='bbox 1621 3580 1760 3609; x_wconf 87' lang='lat' dir='ltr'>obtinente</span> <span class='ocrx_word' id='word_1_2023' title='bbox 1775 3580 1837 3609; x_wconf 89' lang='lat' dir='ltr'>hinc</span> <span class='ocrx_word' id='word_1_2024' title='bbox 1850 3582 1955 3617; x_wconf 80' lang='lat' dir='ltr'>aquila,</span> <span class='ocrx_word' id='word_1_2025' title='bbox 1974 3581 2048 3608; x_wconf 88' lang='lat' dir='ltr'>illinc</span> <span class='ocrx_word' id='word_1_2026' title='bbox 2064 3580 2180 3607; x_wconf 83' lang='lat' dir='ltr'>Canicu-</span> 
     </span>
     <span class='ocr_line' id='line_1_134' title="bbox 67 3614 2176 3654; baseline 0 -12"><span class='ocrx_word' id='word_1_2027' title='bbox 67 3616 114 3642; x_wconf 80' lang='lat' dir='ltr'>&#39;one</span> <span class='ocrx_word' id='word_1_2028' title='bbox 129 3624 146 3641; x_wconf 81' lang='lat' dir='ltr'>a</span> <span class='ocrx_word' id='word_1_2029' title='bbox 159 3616 261 3642; x_wconf 74' lang='lat' dir='ltr'>Graecis</span> <span class='ocrx_word' id='word_1_2030' title='bbox 272 3615 428 3650; x_wconf 82' lang='lat' dir='ltr'>Polygonon</span> <span class='ocrx_word' id='word_1_2031' title='bbox 441 3615 563 3651; x_wconf 79' lang='lat' dir='ltr'>appellata</span> <span class='ocrx_word' id='word_1_2032' title='bbox 576 3614 627 3649; x_wconf 63' lang='lat' dir='ltr'>esi,</span> <span class='ocrx_word' id='word_1_2033' title='bbox 646 3623 670 3643; x_wconf 82' lang='lat' dir='ltr'>et</span> <span class='ocrx_word' id='word_1_2034' title='bbox 681 3618 882 3652; x_wconf 84' lang='lat' dir='ltr'>Polygonaton:</span> <span class='ocrx_word' id='word_1_2035' title='bbox 903 3616 967 3653; x_wconf 77' lang='lat' dir='ltr'>fitne</span> <span class='ocrx_word' id='word_1_2036' title='bbox 983 3624 1008 3644; x_wconf 83' lang='lat' dir='ltr'>et</span> <span class='ocrx_word' id='word_1_2037' title='bbox 1020 3621 1064 3654; x_wconf 83' lang='lat' dir='ltr'>qui</span> <span class='ocrx_word' id='word_1_2038' title='bbox 1128 3619 1161 3645; x_wconf 87' lang='lat' dir='ltr'>la.</span> <span class='ocrx_word' id='word_1_2039' title='bbox 1232 3621 1288 3647; x_wconf 88' lang='lat' dir='ltr'>Hoc</span> <span class='ocrx_word' id='word_1_2040' title='bbox 1310 3620 1388 3652; x_wconf 83' lang='lat' dir='ltr'>dicit,</span> <span class='ocrx_word' id='word_1_2041' title='bbox 1409 3627 1493 3645; x_wconf 79' lang='lat' dir='ltr'>verum</span> <span class='ocrx_word' id='word_1_2042' title='bbox 1517 3625 1547 3643; x_wconf 81' lang='lat' dir='ltr'>ne</span> <span class='ocrx_word' id='word_1_2043' title='bbox 1570 3626 1603 3643; x_wconf 84' lang='lat' dir='ltr'>an</span> <span class='ocrx_word' id='word_1_2044' title='bbox 1617 3616 1729 3653; x_wconf 83' lang='lat' dir='ltr'>falsum,</span> <span class='ocrx_word' id='word_1_2045' title='bbox 1747 3617 1789 3644; x_wconf 81' lang='lat' dir='ltr'>hic</span> <span class='ocrx_word' id='word_1_2046' title='bbox 1805 3627 1854 3645; x_wconf 82' lang='lat' dir='ltr'>non</span> <span class='ocrx_word' id='word_1_2047' title='bbox 1871 3621 2025 3654; x_wconf 68' lang='lat' dir='ltr'>quaerimus,</span> <span class='ocrx_word' id='word_1_2048' title='bbox 2042 3616 2118 3642; x_wconf 77' lang='lat' dir='ltr'>Solem</span> <span class='ocrx_word' id='word_1_2049' title='bbox 2147 3625 2176 3643; x_wconf 88' lang='lat' dir='ltr'>ro</span> 
     </span>
     <span class='ocr_line' id='line_1_135' title="bbox 69 3649 2177 3690; baseline -0 -12"><span class='ocrx_word' id='word_1_2050' title='bbox 69 3650 215 3685; x_wconf 71' lang='lat' dir='ltr'>guinariam</span> <span class='ocrx_word' id='word_1_2051' title='bbox 229 3651 357 3686; x_wconf 77' lang='lat' dir='ltr'>appellent.</span> <span class='ocrx_word' id='word_1_2052' title='bbox 394 3653 432 3678; x_wconf 77' lang='lat' dir='ltr'>De</span> <span class='ocrx_word' id='word_1_2053' title='bbox 445 3651 521 3679; x_wconf 74' lang='lat' dir='ltr'>herba</span> <span class='ocrx_word' id='word_1_2054' title='bbox 533 3651 588 3689; x_wconf 78' lang='lat' dir='ltr'>ipsa</span> <span class='ocrx_word' id='word_1_2055' title='bbox 597 3652 668 3680; x_wconf 86' lang='lat' dir='ltr'>Plin.</span> <span class='ocrx_word' id='word_1_2056' title='bbox 682 3660 728 3688; x_wconf 84' lang='lat'>27,</span> <span class='ocrx_word' id='word_1_2057' title='bbox 742 3662 779 3680; x_wconf 87' lang='lat'>12.</span> <span class='ocrx_word' id='word_1_2058' title='bbox 822 3654 919 3680; x_wconf 80' lang='lat' dir='ltr'>Nomen</span> <span class='ocrx_word' id='word_1_2059' title='bbox 933 3653 1063 3680; x_wconf 87' lang='lat' dir='ltr'>Centeno·</span> <span class='ocrx_word' id='word_1_2060' title='bbox 1128 3655 1216 3682; x_wconf 76' lang='lat' dir='ltr'>Centro</span> <span class='ocrx_word' id='word_1_2061' title='bbox 1234 3655 1277 3690; x_wconf 69' lang='lat' dir='ltr'>effi}</span> <span class='ocrx_word' id='word_1_2062' title='bbox 1295 3659 1369 3682; x_wconf 83' lang='lat' dir='ltr'>etiam</span> <span class='ocrx_word' id='word_1_2063' title='bbox 1385 3655 1479 3681; x_wconf 82' lang='lat' dir='ltr'>circulo</span> <span class='ocrx_word' id='word_1_2064' title='bbox 1492 3649 1581 3679; x_wconf 68' lang='lat' dir='ltr'>lac‘lco.</span> <span class='ocrx_word' id='word_1_2065' title='bbox 1653 3663 1656 3669; x_wconf 59' lang='lat'>¹</span> <span class='ocrx_word' id='word_1_2066' title='bbox 1779 3651 1800 3690; x_wconf 60' lang='lat' dir='ltr'><strong>ff</strong></span> <span class='ocrx_word' id='word_1_2067' title='bbox 1822 3663 1834 3680; x_wconf 88' lang='lat'><em>2</em></span> <span class='ocrx_word' id='word_1_2068' title='bbox 1871 3655 1983 3684; x_wconf 76' lang='lat' dir='ltr'>centra,</span> <span class='ocrx_word' id='word_1_2069' title='bbox 1999 3654 2026 3677; x_wconf 85' lang='lat' dir='ltr'>in</span> <span class='ocrx_word' id='word_1_2070' title='bbox 2046 3651 2132 3678; x_wconf 84' lang='lat' dir='ltr'>arbori</span> <span class='ocrx_word' id='word_1_2071' title='bbox 2147 3661 2177 3678; x_wconf 81' lang='lat' dir='ltr'>us·</span> 
     </span>
     <span class='ocr_line' id='line_1_136' title="bbox 81 3685 2175 3727; baseline 0 -13"><span class='ocrx_word' id='word_1_2072' title='bbox 81 3685 163 3714; x_wconf 74' lang='lat' dir='ltr'>Marc.</span> <span class='ocrx_word' id='word_1_2073' title='bbox 175 3687 274 3720; x_wconf 83' lang='lat' dir='ltr'>Empir.</span> <span class='ocrx_word' id='word_1_2074' title='bbox 293 3695 316 3714; x_wconf 86' lang='lat' dir='ltr'>c.</span> <span class='ocrx_word' id='word_1_2075' title='bbox 329 3695 364 3720; x_wconf 82' lang='lat'>31.</span> <span class='ocrx_word' id='word_1_2076' title='bbox 679 3714 681 3716; x_wconf 81' lang='grc'>,</span> <span class='ocrx_word' id='word_1_2077' title='bbox 1127 3697 1152 3716; x_wconf 75' lang='lat' dir='ltr'>et</span> <span class='ocrx_word' id='word_1_2078' title='bbox 1162 3693 1190 3717; x_wconf 80' lang='lat' dir='ltr'>in</span> <span class='ocrx_word' id='word_1_2079' title='bbox 1203 3701 1324 3719; x_wconf 79' lang='lat' dir='ltr'>marmore</span> <span class='ocrx_word' id='word_1_2080' title='bbox 1337 3700 1397 3727; x_wconf 80' lang='lat' dir='ltr'>quae</span> <span class='ocrx_word' id='word_1_2081' title='bbox 1410 3690 1543 3720; x_wconf 81' lang='lat' dir='ltr'>dicantur,</span> <span class='ocrx_word' id='word_1_2082' title='bbox 1557 3688 1671 3715; x_wconf 77' lang='lat' dir='ltr'>declarat</span> <span class='ocrx_word' id='word_1_2083' title='bbox 1682 3687 1750 3715; x_wconf 89' lang='lat' dir='ltr'>Plin.</span> <span class='ocrx_word' id='word_1_2084' title='bbox 1766 3692 1806 3722; x_wconf 83' lang='lat'>16,</span> <span class='ocrx_word' id='word_1_2085' title='bbox 1818 3698 1850 3723; x_wconf 84' lang='lat'>39</span> <span class='ocrx_word' id='word_1_2086' title='bbox 1864 3690 1882 3715; x_wconf 86' lang='lat' dir='ltr'>s.</span> <span class='ocrx_word' id='word_1_2087' title='bbox 1897 3691 1947 3723; x_wconf 86' lang='lat'>76,</span> <span class='ocrx_word' id='word_1_2088' title='bbox 1962 3695 1971 3713; x_wconf 91' lang='lat'>1</span> <span class='ocrx_word' id='word_1_2089' title='bbox 1998 3687 2175 3714; x_wconf 87' lang='lat' dir='ltr'>Inueniuntur</span> 
     </span>
     <span class='ocr_line' id='line_1_137' title="bbox 55 3721 2176 3762; baseline -0 -13"><span class='ocrx_word' id='word_1_2090' title='bbox 55 3721 286 3750; x_wconf 65' lang='grc' dir='ltr'><strong>ΩΕΝΤῙΡῈΪΒΑ</strong></span> <span class='ocrx_word' id='word_1_2091' title='bbox 297 3742 306 3756; x_wconf 91' lang='grc'>,</span> <span class='ocrx_word' id='word_1_2092' title='bbox 323 3731 362 3749; x_wconf 89' lang='lat' dir='ltr'>ae.</span> <span class='ocrx_word' id='word_1_2093' title='bbox 399 3723 419 3749; x_wconf 89' lang='lat' dir='ltr'>f.</span> <span class='ocrx_word' id='word_1_2094' title='bbox 461 3724 576 3756; x_wconf 69' lang='lat' dir='ltr'>Vermis,</span> <span class='ocrx_word' id='word_1_2095' title='bbox 594 3723 622 3750; x_wconf 75' lang='lat' dir='ltr'>de</span> <span class='ocrx_word' id='word_1_2096' title='bbox 654 3731 685 3750; x_wconf 87' lang='lat' dir='ltr'>uo</span> <span class='ocrx_word' id='word_1_2097' title='bbox 696 3722 737 3758; x_wconf 83' lang='lat' dir='ltr'>fic</span> <span class='ocrx_word' id='word_1_2098' title='bbox 753 3722 822 3750; x_wconf 86' lang='lat' dir='ltr'>Plin.</span> <span class='ocrx_word' id='word_1_2099' title='bbox 836 3731 881 3756; x_wconf 87' lang='lat'>29,</span> <span class='ocrx_word' id='word_1_2100' title='bbox 895 3725 914 3750; x_wconf 92' lang='lat'>6</span> <span class='ocrx_word' id='word_1_2101' title='bbox 940 3724 1063 3760; x_wconf 86' lang='lat' dir='ltr'>Millepe-</span> <span class='ocrx_word' id='word_1_2102' title='bbox 1127 3726 1156 3752; x_wconf 92' lang='lat' dir='ltr'>in</span> <span class='ocrx_word' id='word_1_2103' title='bbox 1179 3726 1339 3762; x_wconf 84' lang='lat' dir='ltr'>quibusdam</span> <span class='ocrx_word' id='word_1_2104' title='bbox 1362 3723 1522 3758; x_wconf 75' lang='lat' dir='ltr'>arboribus,</span> <span class='ocrx_word' id='word_1_2105' title='bbox 1539 3724 1604 3751; x_wconf 85' lang='lat' dir='ltr'>ficut</span> <span class='ocrx_word' id='word_1_2106' title='bbox 1622 3724 1650 3751; x_wconf 88' lang='lat' dir='ltr'>in</span> <span class='ocrx_word' id='word_1_2107' title='bbox 1668 3733 1820 3758; x_wconf 88' lang='lat' dir='ltr'>marmore,</span> <span class='ocrx_word' id='word_1_2108' title='bbox 1842 3731 1945 3755; x_wconf 88' lang='lat' dir='ltr'>centra,</span> <span class='ocrx_word' id='word_1_2109' title='bbox 1967 3721 1994 3748; x_wconf 93' lang='lat' dir='ltr'>id</span> <span class='ocrx_word' id='word_1_2110' title='bbox 2013 3722 2050 3748; x_wconf 88' lang='lat' dir='ltr'>est</span> <span class='ocrx_word' id='word_1_2111' title='bbox 2073 3722 2176 3750; x_wconf 83' lang='lat' dir='ltr'>duritia</span> 
     </span>
     <span class='ocr_line' id='line_1_138' title="bbox 60 3756 2174 3795; baseline 0 -11"><span class='ocrx_word' id='word_1_2112' title='bbox 60 3775 70 3790; x_wconf 86' lang='lat'>,</span> <span class='ocrx_word' id='word_1_2113' title='bbox 87 3757 122 3785; x_wconf 81' lang='lat' dir='ltr'>ab</span> <span class='ocrx_word' id='word_1_2114' title='bbox 133 3757 194 3784; x_wconf 85' lang='lat' dir='ltr'>aliis</span> <span class='ocrx_word' id='word_1_2115' title='bbox 205 3757 358 3792; x_wconf 73' lang='lat' dir='ltr'>centipeda,</span> <span class='ocrx_word' id='word_1_2116' title='bbox 378 3765 423 3785; x_wconf 89' lang='lat' dir='ltr'>aut</span> <span class='ocrx_word' id='word_1_2117' title='bbox 437 3759 585 3794; x_wconf 86' lang='lat' dir='ltr'>multipeda</span> <span class='ocrx_word' id='word_1_2118' title='bbox 600 3759 627 3786; x_wconf 90' lang='lat' dir='ltr'>di</span> <span class='ocrx_word' id='word_1_2119' title='bbox 657 3768 687 3792; x_wconf 91' lang='lat' dir='ltr'>a,</span> <span class='ocrx_word' id='word_1_2120' title='bbox 704 3758 810 3786; x_wconf 84' lang='lat' dir='ltr'>Animal</span> <span class='ocrx_word' id='word_1_2121' title='bbox 822 3759 859 3785; x_wconf 79' lang='lat' dir='ltr'>est</span> <span class='ocrx_word' id='word_1_2122' title='bbox 877 3769 892 3786; x_wconf 92' lang='lat' dir='ltr'>e</span> <span class='ocrx_word' id='word_1_2123' title='bbox 908 3761 1063 3788; x_wconf 77' lang='lat' dir='ltr'>venniculis</span> <span class='ocrx_word' id='word_1_2124' title='bbox 1071 3766 1119 3786; x_wconf 84' lang='lat'>100</span> <span class='ocrx_word' id='word_1_2125' title='bbox 1127 3762 1205 3790; x_wconf 85' lang='lat' dir='ltr'>clauo</span> <span class='ocrx_word' id='word_1_2126' title='bbox 1217 3763 1327 3795; x_wconf 81' lang='lat' dir='ltr'>similis,</span> <span class='ocrx_word' id='word_1_2127' title='bbox 1346 3761 1456 3788; x_wconf 84' lang='lat' dir='ltr'>inimica</span> <span class='ocrx_word' id='word_1_2128' title='bbox 1468 3760 1556 3787; x_wconf 76' lang='lat' dir='ltr'>serris.</span> <span class='ocrx_word' id='word_1_2129' title='bbox 1629 3762 1661 3788; x_wconf 82' lang='lat' dir='ltr'>Et</span> <span class='ocrx_word' id='word_1_2130' title='bbox 1672 3768 1720 3795; x_wconf 82' lang='lat'>37,</span> <span class='ocrx_word' id='word_1_2131' title='bbox 1733 3769 1750 3787; x_wconf 77' lang='lat'>2.</span> <span class='ocrx_word' id='word_1_2132' title='bbox 1763 3762 1780 3787; x_wconf 86' lang='lat' dir='ltr'>s.</span> <span class='ocrx_word' id='word_1_2133' title='bbox 1797 3769 1823 3786; x_wconf 87' lang='grc' dir='ltr'>ιο</span> <span class='ocrx_word' id='word_1_2134' title='bbox 1840 3759 1869 3785; x_wconf 80' lang='lat' dir='ltr'>de</span> <span class='ocrx_word' id='word_1_2135' title='bbox 1888 3756 2028 3792; x_wconf 79' lang='lat' dir='ltr'>crystallis,</span> <span class='ocrx_word' id='word_1_2136' title='bbox 2048 3757 2174 3785; x_wconf 77' lang='lat' dir='ltr'>Infestan-</span> 
     </span>
     <span class='ocr_line' id='line_1_139' title="bbox 90 3793 2173 3834; baseline 0 -14"><span class='ocrx_word' id='word_1_2137' title='bbox 90 3793 339 3828; x_wconf 75' lang='lat' dir='ltr'>epilosum,mu1tis</span> <span class='ocrx_word' id='word_1_2138' title='bbox 351 3794 462 3829; x_wconf 83' lang='lat' dir='ltr'>pedibus</span> <span class='ocrx_word' id='word_1_2139' title='bbox 474 3796 602 3822; x_wconf 85' lang='lat' dir='ltr'>arcuatim</span> <span class='ocrx_word' id='word_1_2140' title='bbox 613 3794 849 3831; x_wconf 65' lang='lat' dir='ltr'>repens‚ta&amp;uque</span> <span class='ocrx_word' id='word_1_2141' title='bbox 861 3795 1016 3823; x_wconf 86' lang='lat' dir='ltr'>contrahens</span> <span class='ocrx_word' id='word_1_2142' title='bbox 1027 3797 1063 3824; x_wconf 88' lang='lat' dir='ltr'>sc.</span> <span class='ocrx_word' id='word_1_2143' title='bbox 1130 3804 1175 3826; x_wconf 82' lang='lat' dir='ltr'>tur</span> <span class='ocrx_word' id='word_1_2144' title='bbox 1192 3799 1317 3834; x_wconf 85' lang='lat' dir='ltr'>plurimis</span> <span class='ocrx_word' id='word_1_2145' title='bbox 1334 3797 1426 3829; x_wconf 82' lang='lat' dir='ltr'>vitiis,</span> <span class='ocrx_word' id='word_1_2146' title='bbox 1446 3795 1556 3829; x_wconf 87' lang='lat' dir='ltr'>scabro,</span> <span class='ocrx_word' id='word_1_2147' title='bbox 1575 3795 1729 3831; x_wconf 83' lang='lat' dir='ltr'>ferrugine,</span> <span class='ocrx_word' id='word_1_2148' title='bbox 1749 3794 1854 3830; x_wconf 84' lang='lat' dir='ltr'>(Hard.</span> <span class='ocrx_word' id='word_1_2149' title='bbox 1884 3793 1978 3820; x_wconf 85' lang='lat' dir='ltr'>scabro</span> <span class='ocrx_word' id='word_1_2150' title='bbox 2007 3793 2173 3824; x_wconf 86' lang='lat' dir='ltr'>ferrumine)</span> 
     </span>
     <span class='ocr_line' id='line_1_140' title="bbox 67 3827 2172 3891; baseline -0.001 -35"><span class='ocrx_word' id='word_1_2151' title='bbox 67 3827 74 3833; x_wconf 70' lang='lat'>⁵</span> <span class='ocrx_word' id='word_1_2152' title='bbox 94 3837 132 3856; x_wconf 85' lang='lat' dir='ltr'>on</span> <span class='ocrx_word' id='word_1_2153' title='bbox 143 3829 239 3857; x_wconf 85' lang='lat' dir='ltr'>Graeci</span> <span class='ocrx_word' id='word_1_2154' title='bbox 251 3835 362 3863; x_wconf 77' lang='lat' dir='ltr'>vocant,</span> <span class='ocrx_word' id='word_1_2155' title='bbox 381 3830 429 3862; x_wconf 86' lang='lat' dir='ltr'>alii</span> <span class='ocrx_word' id='word_1_2156' title='bbox 443 3832 519 3864; x_wconf 88' lang='lat' dir='ltr'>tylon</span> <span class='ocrx_word' id='word_1_2157' title='bbox 534 3843 539 3858; x_wconf 73' lang='grc' dir='ltr'>ε</span> <span class='ocrx_word' id='word_1_2158' title='bbox 576 3830 708 3858; x_wconf 90' lang='lat' dir='ltr'>efficacem</span> <span class='ocrx_word' id='word_1_2159' title='bbox 724 3836 831 3857; x_wconf 87' lang='lat' dir='ltr'>narrant</span> <span class='ocrx_word' id='word_1_2160' title='bbox 844 3830 878 3858; x_wconf 82' lang='lat' dir='ltr'>ad</span> <span class='ocrx_word' id='word_1_2161' title='bbox 895 3831 1002 3860; x_wconf 80' lang='lat' dir='ltr'>aurium</span> <span class='ocrx_word' id='word_1_2162' title='bbox 1016 3832 1063 3860; x_wconf 87' lang='lat' dir='ltr'>do·</span> <span class='ocrx_word' id='word_1_2163' title='bbox 1126 3835 1257 3862; x_wconf 89' lang='lat' dir='ltr'>maculosa</span> <span class='ocrx_word' id='word_1_2164' title='bbox 1275 3833 1363 3866; x_wconf 87' lang='lat' dir='ltr'>nube,</span> <span class='ocrx_word' id='word_1_2165' title='bbox 1383 3831 1487 3859; x_wconf 84' lang='lat' dir='ltr'>occulta</span> <span class='ocrx_word' id='word_1_2166' title='bbox 1503 3832 1594 3868; x_wconf 82' lang='lat' dir='ltr'>aliqua</span> <span class='ocrx_word' id='word_1_2167' title='bbox 1613 3833 1736 3866; x_wconf 85' lang='lat' dir='ltr'>vomica,</span> <span class='ocrx_word' id='word_1_2168' title='bbox 1761 3829 1891 3866; x_wconf 83' lang='lat' dir='ltr'>praeduro</span> <span class='ocrx_word' id='word_1_2169' title='bbox 1909 3828 2054 3891; x_wconf 48' lang='lat' dir='ltr'>fragilique</span> <span class='ocrx_word' id='word_1_2170' title='bbox 2072 3836 2172 3856; x_wconf 87' lang='lat' dir='ltr'>centro.</span> 
     </span>
     <span class='ocr_line' id='line_1_141' title="bbox 14 3863 2171 3926; baseline -0.001 -35"><span class='ocrx_word' id='word_1_2171' title='bbox 14 3895 18 3901; x_wconf 54' lang='grc'>,</span> <span class='ocrx_word' id='word_1_2172' title='bbox 100 3871 146 3892; x_wconf 80' lang='lat' dir='ltr'>etc.</span> <span class='ocrx_word' id='word_1_2173' title='bbox 216 3864 256 3892; x_wconf 90' lang='lat' dir='ltr'>1d.</span> <span class='ocrx_word' id='word_1_2174' title='bbox 269 3873 308 3897; x_wconf 81' lang='lat'>30,</span> <span class='ocrx_word' id='word_1_2175' title='bbox 319 3867 337 3893; x_wconf 90' lang='lat'>6</span> <span class='ocrx_word' id='word_1_2176' title='bbox 349 3867 368 3893; x_wconf 85' lang='lat' dir='ltr'>s.</span> <span class='ocrx_word' id='word_1_2177' title='bbox 382 3869 411 3894; x_wconf 92' lang='lat'>16</span> <span class='ocrx_word' id='word_1_2178' title='bbox 432 3867 585 3903; x_wconf 85' lang='lat' dir='ltr'>Suspiriofis</span> <span class='ocrx_word' id='word_1_2179' title='bbox 603 3867 770 3895; x_wconf 83' lang='lat' dir='ltr'>commendat</span> <span class='ocrx_word' id='word_1_2180' title='bbox 789 3866 948 3902; x_wconf 82' lang='lat' dir='ltr'>multipedas</span> <span class='ocrx_word' id='word_1_2181' title='bbox 981 3881 1028 3888; x_wconf 89' lang='lat'>—-</span> <span class='ocrx_word' id='word_1_2182' title='bbox 1168 3879 1179 3903; x_wconf 79' lang='lat'><em>3</em></span> <span class='ocrx_word' id='word_1_2183' title='bbox 1216 3872 1345 3898; x_wconf 81' lang='lat' dir='ltr'>Centrum</span> <span class='ocrx_word' id='word_1_2184' title='bbox 1363 3868 1484 3905; x_wconf 75' lang='lat' dir='ltr'>foramen</span> <span class='ocrx_word' id='word_1_2185' title='bbox 1508 3867 1542 3901; x_wconf 65' lang='lat' dir='ltr'>gl}</span> <span class='ocrx_word' id='word_1_2186' title='bbox 1556 3868 1708 3904; x_wconf 71' lang='lat' dir='ltr'>punHione‚</span> <span class='ocrx_word' id='word_1_2187' title='bbox 1726 3865 1845 3897; x_wconf 72' lang='grc' dir='ltr'>κεντήσει,</span> <span class='ocrx_word' id='word_1_2188' title='bbox 1857 3863 1932 3926; x_wconf 68' lang='lat' dir='ltr'>perse</span> <span class='ocrx_word' id='word_1_2189' title='bbox 1961 3873 2011 3891; x_wconf 87' lang='lat' dir='ltr'>um.</span> <span class='ocrx_word' id='word_1_2190' title='bbox 2046 3866 2171 3892; x_wconf 89' lang='lat' dir='ltr'>Martian.</span> 
     </span>
     <span class='ocr_line' id='line_1_142' title="bbox 16 3898 2171 3941; baseline -0 -14"><span class='ocrx_word' id='word_1_2191' title='bbox 16 3902 24 3913; x_wconf 71' lang='grc'>’”</span> <span class='ocrx_word' id='word_1_2192' title='bbox 53 3898 249 3936; x_wconf 83' lang='lat' dir='ltr'>ii&#39;centipedam</span> <span class='ocrx_word' id='word_1_2193' title='bbox 263 3906 366 3928; x_wconf 87' lang='lat' dir='ltr'>vocant.</span> <span class='ocrx_word' id='word_1_2194' title='bbox 1149 3906 1235 3941; x_wconf 76' lang='lat' dir='ltr'>apella</span> <span class='ocrx_word' id='word_1_2195' title='bbox 1247 3911 1260 3936; x_wconf 84' lang='lat'>8</span> <span class='ocrx_word' id='word_1_2196' title='bbox 1271 3915 1297 3940; x_wconf 88' lang='lat' dir='ltr'>p.</span> <span class='ocrx_word' id='word_1_2197' title='bbox 1312 3913 1362 3937; x_wconf 87' lang='lat'>290</span> <span class='ocrx_word' id='word_1_2198' title='bbox 1382 3904 1446 3931; x_wconf 91' lang='lat' dir='ltr'>Cito</span> <span class='ocrx_word' id='word_1_2199' title='bbox 1459 3904 1605 3938; x_wconf 86' lang='lat' dir='ltr'>superioris</span> <span class='ocrx_word' id='word_1_2200' title='bbox 1619 3903 1699 3936; x_wconf 78' lang='lat' dir='ltr'>vasis,</span> <span class='ocrx_word' id='word_1_2201' title='bbox 1717 3909 1784 3936; x_wconf 90' lang='lat' dir='ltr'>aqua</span> <span class='ocrx_word' id='word_1_2202' title='bbox 1796 3899 1859 3926; x_wconf 88' lang='lat' dir='ltr'>vide</span> <span class='ocrx_word' id='word_1_2203' title='bbox 1871 3900 1923 3926; x_wconf 90' lang='lat' dir='ltr'>icet</span> <span class='ocrx_word' id='word_1_2204' title='bbox 1941 3899 2030 3935; x_wconf 81' lang='lat' dir='ltr'>pleni,</span> <span class='ocrx_word' id='word_1_2205' title='bbox 2051 3908 2171 3939; x_wconf 78' lang='lat' dir='ltr'>centrum</span> 
     </span>
     <span class='ocr_line' id='line_1_143' title="bbox 54 3936 2172 4002; baseline 0.004 -40"><span class='ocrx_word' id='word_1_2206' title='bbox 54 3940 96 3963; x_wconf 69' lang='lat' dir='ltr'>cr</span> <span class='ocrx_word' id='word_1_2207' title='bbox 104 3941 128 3963; x_wconf 67' lang='grc' dir='ltr'>κ</span> <span class='ocrx_word' id='word_1_2208' title='bbox 137 3943 160 3964; x_wconf 74' lang='grc' dir='ltr'>Τ</span> <span class='ocrx_word' id='word_1_2209' title='bbox 169 3944 178 3963; x_wconf 86' lang='grc' dir='ltr'>ι</span> <span class='ocrx_word' id='word_1_2210' title='bbox 187 3942 202 3962; x_wconf 79' lang='lat' dir='ltr'>i&gt;</span> <span class='ocrx_word' id='word_1_2211' title='bbox 211 3943 228 3963; x_wconf 82' lang='lat' dir='ltr'>E</span> <span class='ocrx_word' id='word_1_2212' title='bbox 236 3943 253 3963; x_wconf 87' lang='lat'>1.</span> <span class='ocrx_word' id='word_1_2213' title='bbox 261 3942 297 3999; x_wconf 58' lang='grc' dir='ltr'>ιιι</span> <span class='ocrx_word' id='word_1_2214' title='bbox 305 3937 408 3969; x_wconf 59' lang='lat' dir='ltr'>monis.</span> <span class='ocrx_word' id='word_1_2215' title='bbox 426 3948 465 3967; x_wconf 77' lang='lat' dir='ltr'>m.</span> <span class='ocrx_word' id='word_1_2216' title='bbox 499 3939 564 3968; x_wconf 82' lang='lat' dir='ltr'>Plin.</span> <span class='ocrx_word' id='word_1_2217' title='bbox 574 3945 615 3974; x_wconf 67' lang='grc' dir='ltr'>ιε,</span> <span class='ocrx_word' id='word_1_2218' title='bbox 626 3948 642 3973; x_wconf 90' lang='lat'><em>9</em></span> <span class='ocrx_word' id='word_1_2219' title='bbox 654 3940 672 3967; x_wconf 88' lang='lat' dir='ltr'>s.</span> <span class='ocrx_word' id='word_1_2220' title='bbox 681 3947 718 3974; x_wconf 85' lang='lat'>42</span> <span class='ocrx_word' id='word_1_2221' title='bbox 735 3938 852 3966; x_wconf 66' lang='lat' dir='ltr'>decernas</span> <span class='ocrx_word' id='word_1_2222' title='bbox 860 3957 870 3971; x_wconf 90' lang='lat'>‚</span> <span class='ocrx_word' id='word_1_2223' title='bbox 890 3937 985 3966; x_wconf 77' lang='lat' dir='ltr'>Testes</span> <span class='ocrx_word' id='word_1_2224' title='bbox 993 3947 1059 3975; x_wconf 87' lang='lat' dir='ltr'>quo-</span> <span class='ocrx_word' id='word_1_2225' title='bbox 1071 3947 1116 3976; x_wconf 83' lang='grc' dir='ltr'>ιος</span> <span class='ocrx_word' id='word_1_2226' title='bbox 1125 3943 1215 3978; x_wconf 79' lang='lat' dir='ltr'>aperi,</span> <span class='ocrx_word' id='word_1_2227' title='bbox 1235 3947 1265 3968; x_wconf 79' lang='lat' dir='ltr'>vt</span> <span class='ocrx_word' id='word_1_2228' title='bbox 1277 3940 1352 3968; x_wconf 66' lang='lat' dir='ltr'>finus!</span> <span class='ocrx_word' id='word_1_2229' title='bbox 1367 3949 1428 3967; x_wconf 80' lang='lat' dir='ltr'>cum</span> <span class='ocrx_word' id='word_1_2230' title='bbox 1440 3939 1585 4002; x_wconf 65' lang='lat' dir='ltr'>ingpiente</span> <span class='ocrx_word' id='word_1_2231' title='bbox 1593 3940 1669 3967; x_wconf 81' lang='lat' dir='ltr'>Luna</span> <span class='ocrx_word' id='word_1_2232' title='bbox 1681 3937 1763 3969; x_wconf 80' lang='lat' dir='ltr'>oriri,</span> <span class='ocrx_word' id='word_1_2233' title='bbox 1783 3942 1852 3971; x_wconf 79' lang='lat' dir='ltr'>aqua</span> <span class='ocrx_word' id='word_1_2234' title='bbox 1863 3936 1949 3964; x_wconf 75' lang='lat' dir='ltr'>fluere</span> <span class='ocrx_word' id='word_1_2235' title='bbox 1957 3936 1988 3963; x_wconf 85' lang='lat' dir='ltr'>in</span> <span class='ocrx_word' id='word_1_2236' title='bbox 1999 3943 2045 3963; x_wconf 63' lang='grc' dir='ltr'>νᾶ·</span> <span class='ocrx_word' id='word_1_2237' title='bbox 2058 3936 2172 3995; x_wconf 44' lang='lat' dir='ltr'>inscia?</span> 
     </span>
    </p>

    <p class='ocr_par' dir='ltr' id='par_1_19' title="bbox 169 3978 2169 4008">
     <span class='ocr_line' id='line_1_144' title="bbox 169 3978 2169 4008; baseline -0.006 -8"><span class='ocrx_word' id='word_1_2238' title='bbox 169 3979 191 4001; x_wconf 74' lang='lat' dir='ltr'>V</span> <span class='ocrx_word' id='word_1_2239' title='bbox 199 3978 218 4000; x_wconf 85' lang='lat'><em>0</em></span> <span class='ocrx_word' id='word_1_2240' title='bbox 226 3979 252 3999; x_wconf 64' lang='grc' dir='ltr'>ι·</span> <span class='ocrx_word' id='word_1_2241' title='bbox 290 3991 299 3999; x_wconf 77' lang='grc' dir='ltr'><strong><em>ο</em></strong></span> <span class='ocrx_word' id='word_1_2242' title='bbox 1126 3996 1131 3998; x_wconf 75' lang='grc'>,</span> <span class='ocrx_word' id='word_1_2243' title='bbox 1433 3983 1446 4008; x_wconf 74' lang='grc'><strong><em>5</em></strong></span> <span class='ocrx_word' id='word_1_2244' title='bbox 2159 3982 2169 3989; x_wconf 85' lang='lat'><em>-</em></span> 
     </span>
    </p>
   </div>
  </div>
 </body>
</html>
