2474 4182
734 138 933 183 ABS

723 229 857 255 Absonans
896 238 912 256 a
938 229 1005 257 iuris
1031 229 1137 258 ratione
1163 229 1350 257 codicillorum

309 155 346 193 31

309 232 401 260 Iustin.
435 233 517 261 instit.
539 241 565 265 2,
587 240 605 259 t.
626 239 665 264 23-

309 270 394 331 vnli'ss
404 311 416 330 s
427 311 445 331 ο
455 311 476 331 Ν
486 311 506 330 Λ
517 311 536 329 Ν
545 310 567 329 T
578 311 585 328 1
595 309 614 327 A
624 320 632 332 ,
658 300 676 325 f.
714 299 906 327 Discordantia.
927 301 1033 328 Cathol.

347 346 368 367 Α
379 346 394 366 Β
404 347 415 365 s
425 346 444 365 ο
453 347 470 365 n
481 345 496 365 ιι
506 346 521 364 F.
530 345 563 367 0,
579 336 605 361 ui
621 341 646 361 et
661 334 712 369 pfl,
726 342 799 370 ptum
808 356 816 368 ,
829 345 882 363 ere.
905 336 1019 372 [ῥοιζδέω
1028 359 1036 372 ,
1048 338 1184 370 καταπίνω,
1197 335 1349 371 dammim]

311 372 513 410 Qmjifhrhmla
527 372 653 406 absumere.
692 373 797 406 Proprie
809 371 904 398 dicitur
920 372 948 398 de
962 373 1033 399 rebus
1049 373 1162 408 liquidis.
1200 372 1266 399 Plin.
1281 380 1307 404 9,
1320 380 1348 404 35

310 411 329 436 s.
346 418 375 444 57
402 407 551 435 Detra&u111
565 407 691 432 vnionem
705 407 793 434 mei-lit
810 416 839 434 ac
853 408 1025 442 liquefactum
1044 408 1190 434 absorbuit.
1228 408 1300 434 Idem
1315 416 1348 440 ιι,

310 454 338 477 35
358 446 375 471 s.
391 452 419 476 4¹
443 443 558 467 Arancus
573 450 679 468 omnem
692 442 991 475 humoremabsorbens,
1000 443 1149 470 ariditatem
1159 443 1275 477 ampliat.
1294 444 1347 469 Au-

310 480 360 506 dax
379 478 410 510 cst
428 476 491 502 illud
508 477 585 504 Luca.
602 486 623 510 3,
637 480 682 504 261
722 480 755 505 At
775 480 887 513 Tigrim
911 479 998 505 subito
1019 479 1094 505 tellus
1113 478 1235 506 absorbet
1256 478 1347 510 hiatu,

309 518 410 547 itemque
423 521 451 544 4,
467 521 513 539 100
539 514 613 540 Palus
627 514 760 548 Absorplit
781 515 883 549 penitus
903 524 988 549 rupes.
1028 516 1095 541 Hinc
1113 524 1174 540 noua
1195 514 1345 548 metaphora.

1815 145 2016 187 ABS

1402 236 1451 256 vn-
1463 231 1545 266 ΡΟὲΜ,
1560 232 1695 266 Qudnam
1709 233 1745 261 est
1759 233 1886 263 obsecro?
1910 235 1986 270 Quid
1998 242 2023 262 te
2037 234 2110 262 adiri*
2119 236 2246 265 abnutas?
2261 237 2358 265 Melius
2371 237 2442 272 esset,

1404 274 1490 298 vetas,
1507 266 1646 302 prohibes,
1660 270 1794 297 absterres.
1904 270 1924 309 q
1946 280 1962 299 2
1989 271 2141 298 Absterrere
2156 272 2205 299 sibi
2223 273 2317 308 pabula
2331 273 2441 306 amoris,

1403 305 1420 328 i.
1436 305 1461 328 A
1475 302 1503 338 [ι’
1521 303 1633 337 repellere
1652 313 1674 332 et
1692 307 1797 342 abigere.
1861 308 1965 334 Lucret.
1995 316 2023 340 4,
2038 314 2100 342 1037
2120 307 2259 335 Coniicium
2274 309 2373 344 quidam
2387 308 2440 336 Ab.

1371 370 1381 375 ¹
1404 338 1524 372 stergere.
1549 338 1612 377 ¹⁴Sed
1629 343 1702 367 etiam
1721 344 1786 369 alias
1803 346 1841 370 ita
1860 345 1983 379 loquitur,
2009 349 2092 378 nempe
2107 351 2141 375 4,
2157 351 2226 378 1227.
2269 344 2326 371 Nec
2347 344 2439 373 diuina

1368 378 1380 395 ³
1405 375 1487 400 satum
1503 373 1645 408 genitalem
1659 378 1767 404 numina
1785 379 1909 413 cuiquam
1945 378 2106 405 Absterrent.
2144 381 2161 403 i.
2183 378 2324 406 Liberorum
2338 380 2447 416 getzerffi‘

1400 413 1490 436 tionem
1506 408 1654 449 impediunt,
1668 412 1777 447 etstmeu
1790 417 1896 447 genitale
1911 415 2038 450 auferunt.
2078 416 2108 440 Et
2126 421 2148 446 ς,
2165 418 2218 447 844
2244 416 2379 448 Qloniam
2392 424 2438 442 na..

1400 452 1459 472 tura
1476 445 1615 472 absterruit
1634 445 1755 481 anuum,
1775 445 1831 476 Nec
1846 455 1957 484 potuere
1970 451 2091 485 cupitum
2109 449 2201 476 aetatis
2217 455 2321 484 tangere
2332 451 2438 484 florem,

1398 483 1417 507 i.
1433 481 1561 516 impedita!
1574 484 1753 509 incrementum.

1436 524 1458 542 Α
1469 523 1505 544 Rs
1516 524 1537 543 T
1547 523 1590 543 ER
1600 523 1735 550 RiTvs,
1771 520 1864 548 Pin-tic.
1901 521 1962 548 Liu.
1979 528 2002 554 ς,
2016 528 2046 554 41
2082 520 2146 547 Inde
2166 521 2255 547 rursus
2273 519 2328 555 ipsa
2346 521 2437 548 solitu-

2398 157 2442 199 32

308 550 374 575 Hor.
389 548 440 574 Sat.
454 556 480 580 2,
495 553 517 580 8,
531 557 566 582 24
594 550 700 576 Porcius
715 551 785 576 infra
801 550 937 576 Ridiculus
957 556 1024 576 totas
1042 550 1116 576 simul
1139 549 1278 576 absorbere
1293 549 1347 576 Pla·
1359 554 1388 574 ιο
1399 551 1461 578 dine
1479 552 1621 579 absterriti,

307 590 400 609 centas.
439 585 485 616 Et,
501 585 530 610 de
544 588 645 616 unione,
659 588 751 621 quale-m
765 586 906 620 Cleopatrae
925 585 994 611 modo
1014 595 1042 611 ex
1056 585 1121 611 Plin.
1136 594 1162 618 9,
1178 594 1204 617 35
1230 593 1348 611 memora—

306 622 403 651 vimus,
423 619 474 646 Sat.
489 629 516 652 2,
530 629 553 652 3,
568 629 621 653 240
647 621 750 647 Scilicet
771 628 799 647 vt
820 621 905 647 decies
924 621 1038 647 solidum
1057 621 1225 653 absorberet,
1247 624 1346 656 i.1)ecu—

305 657 372 680 niam
391 662 487 681 tantam
508 665 555 682 vno
574 655 659 689 haustu
677 657 800 691 perderet.
837 656 881 683 Ad
898 660 976 682 vntris
995 660 1045 682 vim
1064 660 1137 683 ctiam
1153 660 1264 692 pertinet
1285 655 1347 682 illud

305 689 362 716 Cic.
380 690 408 716 in
422 692 504 718 Bruto
525 697 573 721 282
602 701 623 718 c.
640 698 664 722 ει
693 692 740 718 Sed
760 692 829 718 hunc
851 701 957 727 qnoque
977 692 1115 719 absorbuit
1133 692 1215 719 aestus
1236 691 1345 726 quidam

303 733 358 752 non
373 726 495 754 insolitae
514 727 720 753 adolescentibus
733 726 843 762 gloriae.

302 761 452 789 Hominum
472 764 623 797 sanguinem
644 763 784 790 absorbere
804 763 885 789 Plaut.
898 763 988 789 Bacch.
1004 772 1031 796 3,
1048 772 1073 796 1,
1088 773 1109 797 ς.

260 810 266 817 »
301 797 350 824 Sed
362 797 390 824 de
403 799 482 825 eadem
497 809 530 824 rc.

300 832 338 860 ld.
355 833 391 860 ib.
406 843 428 865 3,
443 843 465 866 3,
478 836 523 868 67.

338 876 359 895 A
371 876 386 896 E
396 877 408 895 s
418 876 437 895 ο
449 877 465 895 R
476 876 491 896 Β
501 877 517 896 11
529 877 570 896 NS
581 890 588 902 ‚
609 870 651 896 tis.
690 871 795 905 Vulgat.
813 871 858 897 les.
875 879 914 903 14,
929 879 970 903 29.

338 912 358 931 A
370 911 384 931 Β
394 911 407 931 s
417 911 435 931 0
446 912 464 931 R
474 912 488 932 Ρ
499 912 519 932 Τ
530 913 549 931 ν
560 914 572 932 s
582 927 590 938 ,
628 906 705 941 Vulg.
721 908 832 941 Interpr.
849 907 931 933 Num.
948 915 980 938 11,
995 915 1019 933 2.
1057 913 1068 932 ι
1083 906 1146 932 Cor.
1162 914 1196 939 ις,
1212 913 1253 939 54.

338 947 359 966 A
369 947 384 966 ιι
393 947 432 967 so
442 948 459 967 R
470 947 485 967 ι’
494 948 515 968 Τ
526 949 533 967 ι
544 949 562 967 o
573 962 581 974 ,
607 942 625 967 t'.
670 944 723 968 l'ox
735 944 873 978 hizccjortc
887 940 1036 974 restituenda
1050 940 1098 974 est,
1120 942 1225 968 Sueton.
1241 941 1344 968 Neron.

1146 763 1258 790 sorbent
1269 764 1344 789 Gran.

299 984 320 1001 c.
336 983 377 1010 27.
407 976 450 1002 vbi
464 979 579 1013 vulgati,
603 976 728 1003 Absortio
752 979 859 1004 rosaria.
900 978 1011 1013 Intelligi
1026 985 1109 1013 nempe
1117 978 1192 1013 poJJit
1204 986 1287 1010 coena,
1302 977 1347 1004 vbi

297 1012 382 1048 νίψω,
398 1013 436 1038 vel
446 1016 533 1047 parati
547 1022 575 1039 ε’,ι-
590 1012 651 1046 rryis
664 1015 770 1048 liquores
791 1012 925 1039 abundant.

334 1054 356 1074 Λ
367 1054 382 1074 Β
392 1054 431 1074 SO
442 1054 489 1074 ΚΤ
501 1056 537 1075 10
547 1069 555 1081 ,
575 1049 649 1081 onis,
672 1049 692 1075 f.
730 1049 782 1075 viil.
795 1049 948 1083 Abl'orptio.

568 799 703 825 Acerrime
724 808 752 825 ac
766 799 881 826 acstuose
894 799 1031 832 absorbet,
1047 800 1095 826 vbi
1109 807 1240 834 quemque
1261 798 1351 833 attigit

1437 595 1459 615 A
1468 594 1484 614 R
1494 595 1506 614 S
1516 595 1536 614 'r
1546 598 1556 614 1
1564 596 1585 614 N
1595 596 1611 615 Ε
1619 594 1654 620 O,
1673 587 1701 614 ui
1709 607 1717 619 ,
1736 594 1841 624 eurum,
1856 595 1908 618 fre.
1930 591 2097 626 [oe'm'xoyuuq
2115 589 2264 625 α’φίςαμαι]
2295 588 2337 624 Est
2348 590 2378 617 ab
2390 592 2437 619 ali-

1400 632 1446 658 qua
1461 632 1487 650 rc
1502 628 1599 650 omnino
1616 626 1654 650 vel
1668 623 1701 649 ad
1712 629 1805 659 tempus
1817 627 1846 662 se
1859 627 1984 654 cohibere:
2003 626 2113 663 Qafisc
2127 632 2216 653 tenere
2229 627 2273 653 abs
2288 635 2315 653 re
2330 626 2388 652 illa:
2407 632 2438 653 υι

1400 658 1519 685 Abstinet
1541 660 1630 692 furto,
1650 662 1692 696 qni
1709 668 1757 685 non
1770 659 1893 694 furatur:
1915 662 2035 689 Abstinct
2057 663 2138 695 vino,
2153 664 2271 695 Venere,
2292 662 2437 697 voluptate,

1400 697 1442 730 qui
1455 697 1488 720 iis
1502 696 1573 721 rebus
1583 705 1631 721 non
1645 702 1741 722 emur:
1763 695 1896 724 Abstinuit
1910 707 2006 731 coena,
2028 701 2071 734 qui
2082 707 2129 724 non
2142 702 2268 729 coenante,
2281 705 2325 724 etc.
2363 699 2437 724 Poni-

890 730 951 754 Alia
966 729 1109 763 metaphora
1120 731 1238 754 meretrix
1251 728 1346 753 dre-¹1¹0·
1359 730 1384 756 15
1397 737 1439 755 tur
1451 737 1530 756 antem
1544 732 1583 756 vel
1594 729 1690 757 adiecio
1699 732 1738 763 se,
1750 733 1790 757 vel
1800 731 1895 764 omtffit:
1917 736 1957 760 vel
1970 744 2024 760 cum
2032 733 2212 769 praepositione
2225 733 2327 767 vel-fine
2339 743 2373 760 ea.
2401 734 2448 761 17⁶⁴

1399 765 1488 792 alieno
1500 765 1630 793 abstinere
1643 767 1781 793 Siuet.'sit.
1799 776 1820 793 c.
1831 769 1856 793 6.
1887 768 1927 796 Ab
1937 769 2026 796 alieno
2040 770 2095 796 Cic.
2105 771 2181 796 Verr.
2197 778 2209 802 ς
2229 778 2251 796 c.
2264 777 2289 796 2.
2320 770 2437 802 Liu.8,2.

1403 800 1446 827 Ne
1461 801 1589 836 Campani
1610 801 1716 837 quidem
1736 802 1777 831 his
1797 804 1821 828 se
1837 803 1924 830 Armis
1944 805 2101 832 abstinuere.
2139 806 2206 832 Hor.
2222 806 2253 831 A.
2268 806 2293 831 P.
2307 812 2356 839 379
2383 805 2436 832 Lu.

1401 835 1464 862 dere
1478 837 1525 871 qui
1538 838 1635 870 nescit,
1653 838 1838 873 campestribus
1852 838 1962 866 abstinet
1975 842 2070 868 Armis.
2108 840 2189 868 Ouid.
2204 840 2282 875 Epist.
2292 848 2331 875 17,
2341 845 2372 873 98
2393 839 2436 868 Est

1400 872 1486 898 virtus
1499 872 1602 907 placitis
1615 873 1762 901 abstinuisse
1776 875 1863 901 Bonis.
1901 874 1931 901 Se
1945 883 1959 901 a
1972 883 2048 903 cantu
2060 876 2126 903 Plin.
2136 885 2173 909 10,
2188 885 2215 909 55
2236 878 2253 903 s.
2269 878 2304 911 76
2319 875 2347 901 de
2360 875 2437 912 gallie

1356 920 1392 939 20
1400 909 1553 949 gallinaceis.
1587 909 1667 935 Plaut.
1683 910 1770 936 Aulul.
1783 920 1811 943 4,
1824 919 1844 943 1,
1859 918 1882 942 ις
1912 910 1969 943 Qi
1990 920 2019 938 ea
2037 913 2156 944 curabit,
2180 912 2330 939 abstinebit.
2368 909 2454 945 Ceu?>

1398 947 1469 970 lione
1484 943 1598 977 bubula,
1628 947 1645 971 i.
1658 947 1721 972 loris
1733 946 1828 972 bubulis
1840 955 1887 972 non
1901 946 2023 973 caedetur.
2059 948 2129 974 Cibo
2143 948 2194 974 sese
2209 949 2281 975 Caes.
2295 946 2358 974 Bell.
2367 946 2436 975 Gall.

1399 985 1421 1011 8,
1436 989 1482 1013 44.
1520 979 1590 1006 Cibo
1610 981 1635 1007 se
1654 981 1723 1016 Nep.
1739 990 1786 1014 25,
1800 990 1842 1008 22.
1888 981 1971 1016 Culpa
1989 982 2070 1009 Plaut.
2085 983 2218 1010 Menaech.
2233 993 2256 1017 ς,
2271 992 2296 1016 2,
2311 988 2344 1013 18.
2382 983 2434 1010 Co-

1396 1016 1482 1042 mitiis
1500 1015 1566 1042 Plin.
1587 1017 1678 1050 Paneg.
1700 1019 1740 1050 63,
1762 1025 1783 1050 ς.
1834 1017 1968 1044 Dedecorc
1987 1018 2012 1044 se
2033 1018 2106 1045 nullo
2127 1020 2183 1046 Cic.
2200 1021 2257 1046 Fin.
2275 1028 2298 1051 3,
2311 1023 2339 1051 38
2364 1027 2386 1045 c.
2400 1027 2434 1047 Π.

1397 1051 1493 1084 Dii-lo,
1515 1051 1586 1078 faao
1607 1050 1666 1078 Sall.
1681 1053 1736 1087 lug.
1750 1061 1771 1078 c.
1781 1054 1826 1086 64.
1863 1053 1956 1086 Dono,
1970 1062 2095 1087 munere,
2116 1056 2216 1088 xeniis,
2231 1055 2353 1090 pactione
2365 1054 2434 1082 Plin.

335 1089 356 1109 A
366 1089 404 1109 133
414 1090 455 1109 Po
467 1091 478 1109 s
490 1091 497 1109 1
507 1091 528 1110 T
537 1092 555 1110 v
567 1093 596 1116 s,
613 1093 641 1116 a,
658 1094 711 1110 um.
744 1085 909 1119 Abspolitum
924 1083 1018 1120 perdiu
1030 1084 1162 1112 reseruari
1177 1084 1260 1119 potest
1273 1083 1340 1111 Plin.
1352 1087 1384 1113 25
1397 1087 1476 1121 Epist.
1490 1095 1513 1120 ς,
1528 1096 1568 1120 14,
1581 1093 1602 1117 8.
1640 1087 1709 1114 Faba
1724 1087 1882 1122 Pythagorei
1901 1090 1958 1115 Cic.
1972 1089 2003 1116 de
2018 1089 2073 1117 diu,
2086 1098 2113 1122 2,
2127 1098 2166 1123 119
2191 1101 2212 1118 c.
2233 1096 2269 1124 58.
2307 1091 2381 1117 onr
2399 1089 2432 1118 ab

299 1118 430 1144 Valerian.
446 1128 467 1151 3,
483 1128 519 1146 21.
557 1120 629 1155 (30».ψῖ
646 1120 733 1146 Barth.
747 1121 814 1147 Adia.
827 1120 856 1154 4,
872 1129 908 1148 21.

334 1161 355 1180 A
366 1161 381 1180 ιι
390 1162 402 1180 s
412 1161 427 1181 Ρ
438 1162 452 1181 13
462 1163 477 1181 L
486 1163 501 1181 L
512 1163 531 1181 o
540 1176 548 1187 ,
583 1155 636 1182 md.
655 1156 768 1190 Aspello.
888 1154 894 1160 ‘

333 1197 356 1216 A
365 1196 381 1216 Β
390 1197 402 1216 s
413 1197 427 1217 P
438 1198 458 1216 ν
468 1197 484 1216 ι.
494 1198 506 1216 s
518 1198 535 1216 v
546 1198 558 1217 s
568 1210 576 1222 ‚
595 1200 609 1217 a
618 1212 625 1223 ,
646 1201 700 1218 um.
737 1193 838 1219 Fronto
857 1192 889 1218 de
902 1192 984 1219 Scrm.
999 1192 1057 1218 Lat.
1073 1200 1133 1224 1331.

333 1232 355 1251 A
364 1231 381 1251 Β
390 1232 401 1251 S
412 1232 462 1264 qv
472 1233 505 1256 E,
524 1228 610 1262 Praep.
621 1227 730 1253 ablutum
752 1228 834 1262 [ἄνεῳ
848 1229 930 1261 χωρίς,
945 1226 1019 1261 δίχα]
1040 1227 1103 1253 idem
1118 1234 1190 1253 notat
1203 1227 1268 1263 quod
1276 1227 1339 1254 Sine.

1397 1123 1551 1149 Hereditate
1567 1123 1702 1150 abstinuit.
1732 1124 1790 1150 inl.
1811 1123 1907 1150 Thais.

1397 1160 1509 1185 Honore
1523 1160 1623 1193 semper
1646 1159 1764 1194 expetito
1784 1159 1852 1185 Plin.
1868 1161 1927 1186 Pan.
1942 1166 1979 1193 58,
1992 1164 2017 1187 6.
2055 1161 2172 1195 Imperio
2191 1162 2282 1189 lustin.
2298 1171 2319 1194 1,
2334 1170 2351 1188 1.
2389 1162 2434 1189 In«

1395 1195 1466 1220 iuria
1488 1195 1544 1221 Cic.
1558 1194 1610 1222 off.
1626 1203 1649 1227 3,
1665 1204 1708 1230 72,
1723 1205 1744 1222 c.
1762 1203 1798 1229 17.
1837 1195 2010 1223 Insectatione
2023 1205 2055 1223 ne
2070 1198 2220 1231 principum
2237 1198 2344 1233 quidem
2359 1197 2432 1224 viro·

1395 1239 1455 1257 rum
1473 1230 1599 1257 abstinuit
1614 1231 1719 1258 Sueton.
1735 1231 1766 1258 de
1782 1231 1853 1258 Clar.
1867 1232 1957 1258 Grani.
1973 1241 1997 1265 9.
2040 1233 2205 1268 Inspeaefflone
2223 1234 2355 1260 rationum
2377 1234 2454 1263 sua„

1922 1123 1945 1161 §.
1967 1125 2077 1151 Stichus.
2105 1125 2137 1152 D.
2159 1126 2190 1152 de
2209 1127 2340 1153 fideicom.
2353 1124 2441 1154 liber..

297 1261 364 1285 Nam
377 1258 435 1293 teste
450 1261 573 1288 Priscian.
590 1263 607 1288 l.
620 1271 649 1296 14
671 1263 776 1298 Absque
791 1271 816 1290 et
829 1264 889 1290 Sine
912 1264 1009 1290 liabent
1029 1263 1192 1290 conlimilem
1213 1263 1340 1297 significa·
1350 1267 1382 1292 30
1394 1275 1455 1293 rum
1470 1266 1535 1293 Plin,
1552 1267 1630 1302 Epist,
1647 1275 1685 1299 10,
1700 1275 1739 1302 57,
1776 1268 1894 1294 quentis
1909 1269 1976 1294 Hor,
1996 1268 2026 1294 Α,
2041 1269 2113 1295 Ροὲῑ,
2129 1276 2184 1303 ¹70·
2222 1268 2325 1295 Litibus
2337 1274 2363 1295 et
2375 1270 2431 1296 lur-

294 1295 406 1328 tionem,
415 1297 525 1331 quaeest
538 1299 673 1332 negatiua:
696 1306 734 1331 vt,
746 1300 852 1334 Absque
860 1300 969 1326 iniuria.
1008 1300 1048 1326 Sic
1056 1299 1204 1334 Propolitio
1211 1299 1279 1326 nihil
1295 1307 1339 1325 va—

293 1330 329 1357 let
350 1331 448 1366 absque
466 1334 658 1368 approbatione
673 1336 729 1362 Cic.
745 1337 846 1362 lnucnt.
863 1345 872 1362 1
895 1346 916 1362 c.
932 1338 970 1368 36.
1009 1335 1123 1370 Epistola
1143 1334 1240 1369 absque
1262 1343 1338 1369 argu-

293 1373 384 1394 mento
399 1368 435 1394 Id.
452 1369 506 1396 Att.
521 1378 541 1402 1,
558 1378 594 1403 ¹9-
626 1372 666 1397 Sic
682 1371 792 1405 Quin&
805 1380 831 1406 7,
846 1380 870 1403 2,
884 1380 922 1404 44
951 1372 991 1397 An
1004 1372 1101 1403 etiam,
1117 1371 1134 1396 si
1148 1370 1219 1396 nulla
1233 1371 1338 1397 ratione

293 1402 387 1430 (ludius
406 1404 457 1437 est,
481 1406 581 1440 impetu
603 1413 691 1440 raptus
707 1407 752 1439 lit,
772 1414 798 1433 et
818 1407 915 1441 absque
931 1407 1065 1433 sententia.
1103 1406 1182 1433 Plaut.
1195 1405 1335 1432 Menaech.

1393 1302 1444 1337 giis
1463 1303 1518 1328 Cic.
1535 1303 1566 1328 de
1581 1303 1673 1329 Diuin.
1690 1311 1710 1337 1,
1726 1311 1772 1330 102
1791 1312 1813 1330 c.
1829 1311 1871 1336 43.
1925 1303 1955 1329 Se
1969 1304 2116 1331 maledictis
2131 1305 2187 1331 Cic.
2202 1304 2234 1331 ad
2249 1305 2322 1332 Brut.
2337 1305 2382 1339 Ep.
2391 1312 2435 1340 17.-

1391 1338 1473 1365 Plaut.
1488 1338 1570 1365 Milit.
1579 1348 1607 1372 4,
1616 1347 1642 1373 7,
1651 1341 1694 1366 26.
1731 1339 1813 1366 Maris
1827 1338 1908 1365 caussa
1922 1338 2008 1365 hercle
2022 1340 2085 1366 istoc
2100 1349 2150 1375 ego
2165 1340 2244 1367 oculo
2257 1347 2318 1368 vtor
2330 1339 2441 1367 minus:¹

1391 1373 1463 1401 Nam
1476 1374 1677 1401 siabstinuiffem
1691 1383 1706 1401 a
1720 1383 1792 1401 mare
1806 1375 1934 1411 (ambigue
1941 1382 1990 1409 pro
2003 1379 2108 1408 amare)
2123 1383 2255 1411 tamquam
2270 1376 2429 1410 hoevtcrer.

1392 1411 1526 1436 Muracnis
1543 1411 1600 1437 Cic.
1614 1412 1685 1437 Fam.
1699 1418 1726 1445 7,
1739 1418 1782 1445 27.
1827 1411 1849 1437 A
1869 1411 1974 1437 nefario
1995 1411 2089 1438 scelere
2103 1412 2159 1438 Cic.
2173 1412 2285 1447 Philipp.
2299 1421 2326 1445 2,
2338 1419 2351 1445 ς
2370 1421 2392 1438 c.
2403 1420 2428 1446 3.

293 1446 318 1479 ⁵⁹.
332 1446 358 1473 7,
372 1447 399 1471 33
428 1440 499 1467 Nam
514 1441 612 1476 absque
627 1449 652 1468 te
666 1442 683 1469 fi
698 1443 800 1469 fuissem
817 1442 907 1474 hodie,
923 1451 1056 1477 nunquam
1073 1442 1105 1468 ad
1120 1443 1199 1468 solem
1215 1444 1334 1469 occasum
1350 1446 1377 1472 35
1391 1445 1531 1480 Negotiis,
1551 1449 1568 1472 i.
1585 1446 1667 1473 Nulla
1679 1447 1786 1481 negotia
1798 1446 1910 1473 tractare
1932 1447 1999 1473 cels.
2014 1456 2037 1479 3,
2051 1455 2093 1474 22.
2130 1448 2274 1483 Anegotiis
2283 1448 2350 1474 Suet.
2358 1447 2426 1475 Tib.

292 1483 421 1501 viuerem.
459 1477 527 1502 Ter.
543 1476 648 1504 Phonn.
665 1487 684 1509 1,
697 1487 725 1511 4,
740 1488 760 1505 ιι
784 1479 854 1505 Nam
868 1478 965 1513 absque
981 1487 1013 1504 co
1027 1478 1101 1510 efl'et,
1116 1477 1187 1503 recle
1202 1486 1251 1510 ego
1265 1477 1334 1505 mihi

291 1510 426 1543 vidiss'em,
447 1514 465 1537 i.
483 1511 594 1547 Msjipor
610 1514 791 1547 ewnstett'ſje't:
814 1514 859 1547 ιιι-’μ’
874 1514 914 1539 ill?
927 1512 1063 1546 obstttsfli‘t.
1101 1513 1172 1539 Idem
1189 1514 1253 1540 Hec.
1263 1523 1290 1546 4,
1305 1522 1332 1545 2,

290 1553 321 1577 25
343 1547 428 1579 Quam
438 1547 586 1574 fortunatus
593 1550 701 1575 caeteris
710 1550 764 1575 sum
773 1549 866 1581 rebus,
881 1549 978 1583 absque
988 1557 1038 1575 vna
1052 1548 1114 1574 haec
1128 1549 1206 1575 foret.
1230 1550 1281 1575 elil.
1296 1549 1332 1574 ihi

290 1581 386 1608 Donat.
402 1583 483 1609 Plaut.
499 1584 628 1610 Trinum.
645 1593 673 1617 4,
689 1593 709 1616 1,
724 1594 746 1617 13
776 1585 846 1611 Nam
862 1584 959 1619 absque
973 1586 1045 1610 soret
1058 1591 1097 1617 te,
1111 1585 1147 1610 sat
1163 1585 1216 1610 scio
1235 1585 1261 1610 in
1276 1585 1330 1611 alto

289 1616 469 1645 distraxiffent.
508 1618 579 1645 Idem
590 1620 680 1646 Bacch.
692 1629 713 1652 3,
726 1625 770 1652 3,8
792 1621 862 1647 Nam
876 1620 973 1655 absque
986 1627 1011 1647 te
1026 1621 1102 1653 esset,
1121 1629 1170 1655 ego
1191 1620 1266 1647 illum
1287 1620 1371 1653 lia-40
1384 1625 1552 1657 Tacit‚An.3
1562 1645 1569 1657 ‚
1584 1633 1596 1657 3

288 1652 379 1680 berem
394 1653 496 1680 rec'hun
509 1655 540 1681 ad
555 1656 691 1689 ingenium
707 1656 815 1682 bonum.
852 1656 890 1682 Id.
904 1657 978 1690 Capt.
994 1665 1017 1688 3,
1034 1665 1056 1688 ς,
1071 1658 1106 1689 96
1132 1656 1213 1690 Qiod
1232 1656 1331 1691 absque

288 1687 338 1715 hoc
354 1690 428 1722 esset,
443 1690 490 1725 qui
498 1690 566 1716 mihi
581 1691 629 1717 hoc
642 1691 705 1718 fecit
720 1692 819 1726 palam,
834 1693 923 1726 Vsque
932 1691 1332 1719 offerrenaturns11i51ned11&a-

286 1731 346 1752 rent
359 1724 436 1752 dolis.
545 1725 565 1763 q
587 1735 603 1752 2
625 1729 673 1753 Pro
687 1729 870 1761 Praeterquam
885 1730 1014 1761 zjinpauit
1029 1726 1110 1753 Solin.
1125 1729 1200 1760 c.46.
1221 1727 1249 1753 de
1257 1729 1332 1755 Phoe-

286 1763 348 1791 nice,
365 1761 468 1787 Postera
482 1768 554 1796 parte
569 1770 714 1795 purpureus
731 1762 828 1796 absque
843 1762 923 1787 cauda
938 1762 967 1786 in
980 1769 1031 1795 qua
1045 1762 1126 1788 roseis
1139 1763 1229 1797 pennis
1243 1771 1329 1791 caeru-

1387 1491 1409 1507 c.
1425 1491 1464 1514 50.
1502 1482 1602 1509 Ostreis
1620 1483 1676 1509 Cic.
1692 1484 1764 1509 Fam.
1777 1490 1804 1517 7,
1819 1490 1862 1516 27.
1901 1483 2012 1509 Peccatis
2028 1482 2094 1509 Plin.
2109 1484 2155 1518 Ep.
2164 1489 2187 1516 8,
2195 1492 2238 1516 22,
2248 1492 2271 1510 2.
2309 1483 2429 1511 Pecuniin

1385 1518 1442 1544 Cic.
1455 1518 1508 1544 Att.
1516 1526 1542 1550 9,
1550 1520 1575 1544 6.
1619 1519 1675 1544 Cic.
1690 1521 1733 1545 Ac.
1742 1527 1769 1552 4,
1779 1526 1805 1551 55
1825 1526 1884 1552 c.17
1911 1518 2041 1553 Confugis
2054 1519 2086 1545 ad
2097 1519 2216 1552 Phyficos
2236 1529 2296 1554 cos,
2315 1520 2362 1555 qui
2375 1520 2440 1546 nia-⁷

1385 1554 1456 1579 xime
1470 1554 1497 1579 in
1512 1553 1653 1580 Academia
1669 1554 1828 1586 irridentur3
1868 1562 1884 1580 a
1897 1553 1993 1588 quibus
2006 1563 2038 1580 ne
2057 1561 2086 1581 tu
2108 1554 2216 1589 quidem
2238 1556 2290 1582 iam
2307 1562 2333 1581 te
2351 1555 2429 1587 absti-

1382 1589 1471 1621 nebis,
1494 1592 1511 1615 i.
1531 1598 1591 1624 quos
1609 1596 1635 1615 tu
1655 1589 1747 1616 ridebis
1765 1590 1815 1626 φρ
1835 1599 1934 1625 quoque.
1986 1590 2090 1616 Praelio
2109 1590 2335 1626 Caesssseu.Gall.
2350 1599 2370 1623 1,
2384 1588 2440 1618 22.''

1648 1625 1780 1652 Tiberius
1793 1631 1871 1660 atque
1884 1625 1998 1660 Augusta
2011 1625 2118 1652 Publico
2132 1625 2295 1659 abstinuere,
2314 1626 2429 1654 inferius

1385 1660 1521 1687 Maiestate
1536 1661 1580 1687 sua
1593 1660 1660 1693 rati,
1682 1660 1698 1687 fi
1718 1662 1802 1695 palam
1815 1661 2036 1695 lamentarentur,
2057 1664 2075 1688 i.
2093 1671 2141 1688 non
2151 1661 2298 1696 prodierunt
2311 1665 2337 1688 iu
2346 1662 2433 1697 puhIi-'

1384 1705 1447 1722 cum.
1485 1696 1554 1723 Add.
1568 1696 1637 1723 Suet.
1646 1696 1738 1723 Claud.
1752 1706 1773 1723 c.
1783 1698 1821 1729 36.
1847 1698 1934 1731 Pugna
1943 1697 2001 1723 Liu.
2010 1704 2085 1730 2,45.
2121 1697 2209 1723 Rebus
2222 1697 2329 1724 vrbanis
2343 1704 2368 1724 te
2381 1697 2426 1725 ab·

1386 1731 1465 1758 stines
1477 1732 1724 1764 Plaut.Casin.1,13.
1760 1732 1941 1759 Seditionibus
1954 1733 2014 1758 Liu.
2027 1741 2050 1765 3,
2072 1752 2078 1759 .
2101 1752 2108 1759 .
2128 1753 2137 1759 .
2175 1733 2265 1760 Tac‘tu
2277 1734 2428 1768 Virg.Aen.

1386 1775 1413 1801 7,
1427 1770 1479 1797 618.
1518 1769 1620 1794 Venere
1636 1774 1661 1794 et
1676 1769 1741 1795 vino
1759 1769 1826 1794 Hor.
1848 1769 1878 1794 in
1892 1769 1956 1794 Arte
1970 1770 2042 1794 Poe‘t.
2056 1777 2115 1801 414.
2152 1769 2248 1796 Verbis
2266 1769 2344 1796 nudis
2356 1768 2422 1797 Plin.

284 1795 340 1822 leus
360 1796 515 1822 inscribitur
535 1804 625 1830 nitor,
654 1800 672 1824 ι’.
687 1804 864 1833 praeterquam
884 1800 912 1823 in
932 1798 1018 1824 cauda.
1057 1799 1100 1824 lta
1121 1799 1222 1825 Graecis
1241 1807 1369 1836 quoque43
1386 1803 1465 1837 Epist.
1479 1812 1507 1836 4,
1523 1811 1561 1836 14.
1599 1804 1671 1830 Vino
1685 1804 1751 1830 Plin.
1762 1808 1803 1836 28,
1811 1811 1837 1838 7.
1874 1803 1987 1837 Virgine
2000 1804 2067 1830 Ter.
2082 1805 2147 1830 Hec.
2161 1813 2181 1837 1,
2195 1813 2222 1837 2,
2235 1807 2274 1837 63.
2312 1805 2343 1832 Se
2355 1804 2422 1832 aVi-

277 1830 350 1868 ficum
363 1831 436 1868 χωρίς
449 1832 588 1859 adhibetur.

321 1874 345 1894 A
354 1874 370 1894 Β
380 1875 393 1893 s
400 1874 423 1894 ‘r
430 1875 482 1894 AN
492 1875 513 1894 'r
523 1875 533 1894 1
543 1875 565 1894 A
573 1889 582 1900 ,

321 1910 344 1930 A
353 1908 389 1931 Bs
399 1909 446 1930 TE
456 1909 480 1929 M
490 1910 499 1929 1
510 1910 531 1929 v
540 1911 552 1929 s
562 1924 569 1935 ,
591 1912 622 1936 a,
639 1913 699 1936 um,
720 1904 815 1930 dicitur
827 1903 860 1931 ab
875 1903 1040 1932 Abstinentia
1053 1905 1161 1938 temeti,
1175 1901 1234 1938 teste
1246 1903 1331 1932 Fabio

286 1946 313 1971 1,
325 1945 359 1973 7,
379 1947 396 1971 9
430 1937 595 1972 Abstemius,
617 1940 680 1974 quia
699 1948 730 1966 cx
749 1940 906 1966 abstinentia
925 1941 1018 1967 temeti
1038 1942 1179 1975 composita
1201 1950 1254 1966 vox
1275 1941 1329 1972 est,

617 1868 671 1895 vid.
685 1867 775 1895 Absto.

1384 1839 1429 1864 tiis
1445 1840 1502 1865 Cic.
1512 1840 1588 1866 Verr.
1602 1848 1625 1872 3,
1638 1849 1665 1873 4.
1703 1840 1763 1866 Liu.
1778 1847 1797 1871 1,
1812 1847 1836 1872 15
1849 1838 1922 1865 Vrbe
1935 1839 2038 1871 valida,
2051 1841 2135 1866 muris
2149 1846 2174 1866 et
2189 1840 2237 1867 situ
2251 1841 2308 1875 ipso
2321 1839 2441 1873 munitas·

1383 1873 1518 1899 abstinuit.
1669 1883 1685 1901 2
1715 1877 1816 1901 Praeter
1830 1875 1964 1901 ablatiuum
1979 1878 2030 1906 rei,
2049 1885 2064 1901 a
2082 1885 2128 1910 qua
2146 1876 2296 1908 abstinetur,
2317 1886 2370 1903 cum
2383 1876 2430 1905 uel.

1376 1907 1432 1942 fine
1448 1908 1629 1943 praepcfirione
1641 1909 1758 1943 politum,
1768 1911 1965 1945 frequentiffime
1978 1910 2098 1936 adiicitur
2118 1912 2272 1947 accnfiztiuus
2285 1909 2432 1948 personae:

1381 1946 1421 1969 vel
1433 1947 1491 1970 rei?
1513 1952 1536 1970 e.
1551 1953 1575 1978 g.
1590 1945 1729 1972 Abstinere
1741 1953 1849 1979 aegrum
1864 1941 1941 1977 cibo,
1958 1945 2024 1980 apud
2038 1947 2128 1981 Celstmi
2142 1947 2298 1983 jrcqioenter.
2335 1947 2424 1976 Absti-

285 1982 386 2008 primae
402 1974 543 2010 relinquet.
582 1977 623 2002 Ita
637 1977 658 2002 le
677 1975 762 2002 endum
772 1983 849 2011 puto,
869 1983 892 2002 et
906 1976 1091 2016 intelligendum
1107 1978 1123 2003 S
1139 1979 1238 2002 literam
1253 1977 1329 2000 relt'n-
1340 1985 1371 2009 50
1381 1984 1426 2002 net
1439 1984 1513 2002 tutor
1527 1980 1658 2010 pupillum
1671 1980 1817 2007 hereditate
1830 1981 1921 2016 patris.
1954 1982 2080 2016 Papiam
2095 1981 2111 2008 l.
2125 1988 2234 2010 tutores.
2256 1981 2269 2017 6

303 2009 403 2036 mendam
410 2012 521 2047 ffllabae
528 2013 627 2046 primae
642 2020 656 2038 a
676 2021 694 2037 s.
732 2012 858 2038 Caeterum
879 2011 1035 2038 abstemium
1050 2013 1138 2038 Graeci
1156 2009 1242 2042 ἄοινον,
1258 2010 1327 2044 Apu-

295 2046 367 2078 eius,
388 2047 504 2074 Graccum
541 2046 590 2081 nasi
609 2050 803 2083 interpretatus,
834 2048 970 2074 Inuinium
993 2047 1078 2074 Miles.
1111 2055 1133 2073 11
1163 2055 1188 2080 p.
1214 2047 1280 2077 268,
1297 2052 1327 2077 25

284 2089 366 2108 vocat.
403 2083 483 2109 Vetus
497 2056 575 2109 Gfoff.
591 2082 754 2116 Abstemius,
769 2084 780 2110 ὃ
794 2083 831 2118 μὴ
842 2085 955 2117 μετέχων
967 2086 1021 2111 oties.
1058 2082 1140 2109 Ouid.
1156 2082 1220 2109 Met.
1236 2090 1270 2113 ις,
1284 2088 1328 2112 323

284 2117 354 2143 Vina
369 2117 456 2152 fugit,
478 2119 624 2153 gaudetque
639 2120 719 2146 meris
741 2119 881 2146 abstemius
902 2119 988 2146 vndis.
1028 2118 1149 2151 Ge11.10‚
1162 2126 1192 2150 23
1219 2117 1275 2151 Qu
1295 2116 1327 2142 de

2272 2003 2278 2009 .
2287 1983 2384 2011 aduers

1382 2012 1414 2038 D.
1430 2011 1462 2037 de
1475 2011 1605 2037 administ.
1623 2019 1671 2038 tut.
1709 2015 1830 2040 Abstinet
1849 2018 1875 2042 se
1889 2025 1970 2049 nepos
1986 2017 2131 2044 hereditate
2149 2019 2202 2045 aui.
2239 2016 2309 2046 P'aul.
2325 2020 2353 2046 in
2366 1992 2428 2082 Lu}

1381 2047 1441 2083 quis
1455 2047 1550 2074 filium.
1587 2046 1619 2073 D.
1633 2046 1666 2072 de
1679 2047 1841 2081 adquirenda
1854 2049 2008 2076 hereditate.
2045 2053 2127 2079 Plaut.
2141 2054 2213 2080 Men.
2230 2062 2252 2088 ς,
2266 2057 2292 2088 6,
2307 2064 2341 2081 20
2362 2056 2391 2082 M
2413 2083 2415 2085 ,

1381 2089 1438 2110 tuni
1453 2090 1481 2109 vt
1495 2082 1564 2109 mihi
1578 2081 1733 2115 adhibeam,
1746 2082 1849 2117 culpam
1861 2082 2019 2114 abstineam,
2038 2088 2086 2110 int.
2099 2095 2114 2110 a
2126 2096 2177 2114 me.
2214 2090 2352 2117 Abstinere
2364 2087 2418 2118 ma:

1380 2128 1445 2145 num
1459 2119 1547 2145 alieno
1562 2119 1629 2145 Cato
1643 2117 1674 2145 de
1687 2119 1758 2145 KR.
1768 2126 1790 2151 ς,
1805 2127 1823 2144 1.
1862 2118 1917 2144 Cic.
1933 2117 1964 2143 de
1977 2119 2052 2144 Orat.
2061 2126 2081 2150 1,
2089 2127 2136 2151 ¹94
2155 2128 2177 2145 c.
2192 2130 2226 2153 4³
2246 2130 2312 2149 extr.
2335 2127 2418 2153 CoEr.

283 2153 359 2179 vie‘tu
377 2160 455 2188 atque
476 2154 548 2181 cultu
566 2155 628 2189 Pop.
645 2156 722 2181 Rom.
745 2149 917 2190 scripserunt,
937 2155 1061 2182 mulieres
1079 2156 1179 2181 Romae
1198 2159 1276 2188 atque
1299 2152 1327 2178 in
1342 2163 1368 2189 55
1380 2163 1438 2181 cere
1452 2163 1543 2181 omnes
1557 2153 1720 2189 cupiditates,
1735 2154 1821 2180 nostra
1836 2154 1920 2186 tueri,
1935 2153 1967 2180 ab
1983 2153 2075 2179 alienis
2088 2160 2198 2186 mentes,
2211 2156 2310 2188 oculos,
2323 2166 2417 2184 manus

282 2188 362 2216 Latio
377 2196 487 2216 aetatem
503 2190 639 2217 abstemias
656 2192 740 2226 egiss‘e.
778 2193 836 2218 Hoc
851 2192 896 2224 est,
910 2191 975 2218 vino
987 2192 1088 2226 semper
1100 2190 1171 2225 quod
1179 2190 1327 2216 Temetum

282 2225 367 2260 prisca
381 2225 471 2260 lingua
485 2226 646 2260 appellatur,
666 2227 815 2254 abstinuisse
829 2228 928 2254 dicunt.
965 2227 1038 2263 Coris.
1055 2227 1122 2253 Plin.
1138 2235 1176 2258 14,
1192 2234 1225 2258 13·
1253 2224 1326 2251 Idem

282 2269 334 2293 22,
353 2269 389 2294 24
416 2262 448 2288 Et
466 2262 626 2290 mulieribus
646 2265 704 2291 vini
724 2264 865 2290 abstemiis.
910 2263 1051 2290 Prandium
1072 2262 1243 2293 abstemium,
1258 2259 1326 2287 Gell.

284 2304 324 2328 ¹32
340 2304 384 2329 29.
493 2303 511 2315 ¹⁴¹
535 2307 551 2326 2
572 2301 707 2333 Atytinens
719 2300 876 2335 Jimpliciter.
900 2299 976 2334 Apul.
992 2300 1057 2325 Met.
1072 2306 1089 2332 7
1110 2307 1134 2332 p.
1150 2306 1201 2329 193,
1217 2296 1325 2336 ¹7,E¹¹¹¹·

1379 2191 1519 2218 abstinere.
1556 2190 1595 2217 ld.
1610 2191 1686 2217 Verr.
1701 2199 1729 2223 4,
1743 2198 1771 2223 35
1790 2198 1805 2216 a
1818 2189 1966 2216 Siculorum
1983 2197 2090 2223 argento
2110 2190 2279 2224 cupiditatem
2297 2198 2342 2218 aut
2360 2201 2415 2220 ma-

1380 2235 1438 2254 nus.
1476 2228 1507 2254 Et
1522 2234 1550 2261 71
1571 2235 1585 2252 a
1597 2225 1740 2261 Capitolio.
1779 2227 1809 2252 Et
1821 2231 1842 2257 ι,
1857 2233 1888 2258 93
1909 2234 1931 2251 c.
1947 2232 1977 2258 37
1997 2233 2012 2250 a
2028 2224 2122 2258 tutela,
2136 2233 2150 2251 a
2161 2226 2278 2260 pupillo,
2290 2235 2304 2253 a
2318 2227 2416 2255 sodalis

1379 2262 1446 2289 filio.
1485 2263 1541 2289 Cic.
1556 2262 1585 2288 in
1598 2263 1673 2289 Verr.
1687 2261 1744 2288 Aet.
1753 2269 1773 2294 1,
1787 2263 1818 2293 36
1837 2270 1858 2287 c.
1876 2269 1903 2288 12
1922 2260 2075 2287 Abstineant
2088 2261 2117 2286 in
2129 2260 2178 2287 hoc
2191 2260 2292 2288 iudicio
2310 2272 2414 2298 mantis,

1379 2299 1534 2333 animosque
1549 2297 1581 2325 ab
1595 2297 1644 2324 hoc
1658 2297 1752 2325 [celere
1765 2297 1879 2323 nefario.
1917 2297 1985 2322 Haec
1998 2297 2031 2322 ad
2037 2296 2171 2332 fraudem,
2183 2297 2262 2333 furta
2275 2302 2415 2334 corruptio.

283 2331 381 2358 Sauciis
396 2332 448 2360 illis
469 2339 495 2361 et
511 2335 616 2370 crapula
631 2336 831 2371 vinolentiaque
847 2335 978 2368 madidis,
1003 2335 1057 2369 ipse
1077 2333 1217 2360 abstemius
1232 2339 1367 2364 vmum60
1379 2344 1441 2361 nem.
1478 2333 1523 2361 Ad
1540 2337 1591 2360 vim
1610 2340 1633 2360 et
1653 2343 1732 2360 necem
1751 2332 1810 2359 adeo
1828 2334 1949 2368 rejertur.
1987 2332 2043 2358 Cic.
2057 2331 2138 2359 Tusc.
2152 2342 2181 2366 4,
2195 2341 2229 2366 79
2249 2342 2271 2360 c.
2284 2341 2316 2368 37
2353 2335 2412 2369 Qui

282 2376 337 2394 non
347 2369 423 2396 cessat
437 2370 594 2406 impingere.
634 2375 691 2400 Non
706 2373 750 2399 hoc
766 2374 834 2403 vult,
862 2381 986 2407 nunquam
1006 2374 1091 2397 vinum
1110 2368 1192 2402 bibisti*
1216 2369 1326 2403 Tlepole-

280 2413 360 2434 mum,
375 2405 424 2442 scd
443 2407 512 2434 modo
529 2417 554 2434 co
574 2405 720 2441 abstinuisti.
765 2409 804 2435 Sic
824 2417 851 2433 nt
872 2407 905 2434 ad
917 2411 1002 2433 uinum
1022 2405 1117 2442 quidem
1130 2406 1241 2440 refertur
1257 2405 1324 2444 ljlor.

283 2439 361 2474 EPlst·
378 2449 397 2475 1,
413 2451 450 2475 12,
463 2451 480 2477 7
507 2443 533 2470 Si
549 2444 618 2470 forte
638 2445 665 2470 in
680 2443 769 2470 medio
784 2443 930 2478 positorum
951 2442 1108 2474 abstemius,
1126 2440 1216 2467 herbis
1237 2441 1324 2467 Viuis.

282 2475 325 2504 Sic
341 2484 387 2511 pro
401 2478 496 2505 Sobrio
513 2481 597 2516 μυῖαι)
613 2480 691 2506 Auso.
705 2480 776 2506 Prof.
792 2489 820 2513 4,
837 2488 864 2513 ι9
885 2479 986 2505 Salibus
1006 2477 1152 2510 modestus,
1171 2476 1233 2504 felle
1250 2476 1325 2504 nullo

1380 2380 1441 2397 cum
1456 2369 1625 2397 interemisset
1639 2369 1745 2402 Clytum
1760 2367 1918 2395 familiarem
1933 2368 2022 2400 suum,
2043 2368 2089 2395 vix
2107 2375 2122 2394 a
2135 2367 2159 2394 se
2171 2376 2261 2396 manus
2272 2369 2412 2404 abstinuit,

1379 2410 1399 2433 i.
1417 2407 1467 2434 Vix
1474 2406 1504 2442 se
1518 2405 1631 2437 cohibuit,
1647 2409 1706 2441 quin
1713 2405 1764 2439 sibi
1777 2412 1876 2432 mortem
1887 2409 2049 2441 conscisceret.
2086 2402 2158 2430 Idem
2171 2403 2236 2430 Phil.
2250 2413 2288 2436 12,
2302 2409 2335 2432 26
2349 2416 2371 2434 c.
2386 2415 2411 2435 ιι

1379 2442 1524 2481 Nunquam
1544 2440 1666 2475 profeao
1688 2450 1702 2469 a
1720 2450 1762 2468 me
1781 2439 1913 2475 sacrilegas
1936 2447 2026 2466 manus
2046 2444 2124 2475 atque
2144 2439 2237 2480 impias
2257 2440 2422 2479 abstinebit.v

1379 2479 1416 2507 153.
1432 2480 1461 2508 in
1467 2476 1556 2509 Vatin'.
1571 2489 1599 2509 ιο
1616 2491 1638 2509 c.
1652 2490 1670 2515 4
1683 2479 1722 2508 1ta
1729 2478 1908 2515 impudenter,
1925 2483 1954 2506 vt
1970 2485 2060 2505 manus
2075 2487 2089 2505 a
2101 2486 2126 2506 te
2139 2475 2258 2505 hommes
2271 2477 2316 2505 vix
2329 2477 2409 2506 absti-

282 2511 404 2545 perlitis‚
426 2514 490 2540 Vini
509 2515 616 2550 cibique
637 2516 794 2547 abstemius,
816 2519 832 2541 i.
846 2523 922 2551 parce
945 2518 1003 2541 vino
1023 2515 1121 2551 ciboque
1138 2521 1217 2541 utens.
1235 2551 1239 2555 .
1256 2516 1324 2554 Qin
1335 2521 1366 2555 65
1379 2525 1441 2544 nere
1456 2518 1556 2552 poffint.
1592 2519 1624 2544 Et
1637 2518 1669 2543 ad
1682 2517 1734 2543 Att.
1751 2524 1773 2548 3,
1786 2523 1803 2550 7
1824 2515 1905 2549 Qiod
1917 2523 1960 2541 me
1974 2515 2006 2541 ad
2020 2515 2102 2541 vitam
2115 2522 2238 2547 reuocas,
2257 2523 2337 2542 vnum
2351 2512 2408 2543 cffi-

282 2546 424 2574 abstemius
438 2551 510 2575 ctiam
524 2551 557 2582 qli
573 2553 678 2577 Ieiuniis.
726 2552 831 2578 Dicitur
846 2558 904 2578 ante
924 2549 1018 2577 horam
1031 2550 1168 2577 secundam
1188 2550 1242 2576 diei
1258 2551 1324 2577 ieiu-

283 2591 331 2609 nus
348 2583 432 2611 adhuc
451 2590 477 2611 et
496 2584 636 2612 abstemius
658 2587 838 2614 testimonium
853 2587 996 2614 vendidisse
1008 2587 1085 2621 Apul.
1102 2586 1178 2622 Apol.
1192 2595 1217 2621 p.
1232 2595 1279 2618 311,
1293 2588 1325 2618 36

282 2618 350 2645 Elm.
384 2620 527 2655 Comparet
546 2622 571 2647 se
592 2628 670 2655 atque
688 2631 731 2647 me
749 2629 904 2656 occupatum
924 2632 983 2649 cum
1003 2624 1106 2656 otioso,
1127 2624 1249 2649 Pransum
1264 2631 1325 2648 cum

281 2654 410 2683 abstemio
425 2656 485 2682 Aus.
492 2656 587 2689 Eidyll.
602 2665 623 2683 11
637 2657 719 2691 praef.
741 2660 757 2683 i.
767 2661 855 2683 icimzo.
882 2658 950 2684 Λεία.
960 2659 1066 2691 Nona,
1075 2668 1087 2691 3
1109 2658 1208 2685 Paulin.
1219 2658 1324 2692 Epist.7

1379 2553 1415 2580 cis
1424 2573 1432 2586 ,
1456 2560 1484 2580 vt
1502 2563 1516 2580 a
1528 2561 1570 2580 me
1582 2561 1672 2578 manus
1684 2551 1834 2578 abstineam.
1873 2550 1919 2578 Sed
1930 2550 1997 2577 Ter.
2012 2550 2086 2577 Adel.
2101 2559 2123 2583 5,
2143 2559 2170 2583 2,
2183 2553 2200 2577 6
2222 2551 2285 2578 Νοιι
2298 2559 2408 2580 manum

1378 2589 1490 2616 abstines
1508 2588 1642 2623 mastigia?
1661 2587 1693 2620 est
1707 2590 1800 2622 puellae
1816 2588 1979 2622 petulantiam
1991 2587 2106 2621 seruilem
2119 2589 2267 2612 caet-centis:
2286 2593 2315 2624 ef
2334 2590 2408 2612 etiam

1378 2625 1460 2652 Plaut.
1474 2625 1542 2651 Rud.
1555 2633 1582 2656 2,
1597 2632 1622 2658 4,
1635 2631 1665 2650 ιι.
1703 2623 1788 2650 Potin'
1801 2628 1830 2648 vt
1842 2630 1884 2648 me
1897 2621 2023 2648 abstineas
2036 2622 2162 2647 manum?
2175 2627 2222 2656 per
2235 2621 2328 2656 ellipsin
2334 2629 2410 2656 prae-

1372 2659 1519 2695 positimzis:
1540 2666 1569 2685 vt
1583 2660 1639 2686 Liu.
1654 2667 1674 2691 1,
1689 2666 1698 2685 1
1725 2660 1779 2685 Iam
1793 2658 1908 2693 primum
1921 2658 2041 2684 omnium
2063 2657 2122 2684 satis
2136 2656 2249 2688 constat,
2269 2658 2355 2683 Aenea
2371 2662 2409 2683 at-

282 2690 396 2717 Videant
409 2700 437 2718 cr
456 2700 473 2718 o
490 2692 537 2726 qui
553 2701 600 2718 nos
614 2701 668 2718 non
681 2700 757 2720 mane
771 2692 851 2725 ebrii,
865 2693 906 2719 sed
919 2694 1025 2728 vespere
1040 2695 1189 2727 ieiimi,ncc
1202 2693 1365 2735 hesterno70
1379 2703 1430 2729 que
1443 2695 1593 2728 Antenore,
1607 2702 1682 2722 omne
1697 2694 1736 2720 ius
1751 2694 1814 2720 belli
1827 2693 1943 2720 Achiuos
1961 2692 2117 2720 abstinuisse.
2155 2693 2196 2719 Sic
2213 2691 2246 2718 ab
2265 2692 2341 2718 sociis
2355 2692 2409 2718 suin

281 2725 384 2759 inflati,
404 2728 430 2753 se
463 2727 594 2754 hodierno
610 2728 740 2754 abstemii.

317 2769 546 2795 ABSTssRGO,
562 2763 599 2795 is,
613 2770 639 2790 et
653 2769 904 2795 ABSTERGFO,
916 2771 959 2795 cs,
974 2763 1008 2795 fi,
1030 2764 1095 2790 sum.
1118 2763 1319 2799 [ἅποαέργνυμῃ

279 2797 428 2831 inmoti-rw,
442 2798 577 2832 inorpi'C'w‚
591 2799 742 2833 α’πσσμίχω]
768 2798 896 2835 Yet-gendo
912 2799 1023 2834 auferre,
1033 2808 1152 2833 purgare.
1207 2807 1244 2826 er.
1253 2799 1318 2825 Eun.

279 2842 309 2866 4,
319 2841 346 2868 7,
360 2842 377 2867 9
399 2835 455 2868 Qxi
469 2834 643 2869 abstergerem
657 2835 775 2862 vulnera.
806 2835 977 2869 Metaphorice
985 2835 1058 2870 Jizepc
1072 2838 1202 2869 accipitur.
1229 2835 1321 2869 Aegri-

279 2869 401 2896 tudinem
422 2869 570 2905 abstergens
591 2871 679 2898 oratio
699 2871 755 2897 Cic.
765 2870 840 2905 Top.
857 2873 887 2900 86
910 2879 930 2896 c.
940 2878 981 2896 22.
1021 2871 1150 2897 Cruorem
1171 2870 1231 2896 Liu.
1245 2878 1266 2903 1,
1282 2879 1322 2904 41.

278 2905 337 2932 Cic.
354 2905 428 2932 fratr.
443 2914 469 2938 2,
482 2914 510 2933 ις)
531 2913 596 2933 extr.
630 2906 791 2941 Abstergebo
811 2906 939 2933 dolorem.
995 2905 1138 2932 Fastidium
1157 2905 1224 2932 Plin.
1243 2914 1287 2938 20,
1301 2913 1322 2940 5.

280 2941 383 2968 Fit-mvn
399 2942 455 2968 Cic.
469 2941 535 2969 Phil.
545 2951 583 2976 14,
593 2951 624 2976 34
644 2952 666 2969 c.
681 2952 714 2975 13.
753 2941 889 2969 Labellum
903 2941 1047 2976 abstergeas
1061 2942 1149 2977 potius
1162 2941 1243 2967 Plaut.
1252 2941 1322 2968 Asin.

279 2985 308 3008 4.
323 2985 343 3009 ι,
357 2985 396 3009 52.
431 2978 529 3005 Catull.
543 2978 575 3004 ad
590 2979 693 3005 quent.
701 2987 757 3011 100,
770 2986 795 3013 7.
817 2978 908 3006 Multis
923 2977 1006 3004 diluta
1020 2977 1113 3004 labella
1126 2977 1205 3012 guttis
1220 2977 1324 3004 Abster-

281 3011 333 3038 sisti
345 3013 468 3040 omnibus
481 3014 607 3041 articulis.
650 3014 762 3041 LuCium
775 3015 832 3040 Cic.
845 3014 927 3041 Tusc.
940 3022 962 3047 3,
977 3022 1018 3046 43.
1062 3015 1164 3040 Metum
1179 3013 1236 3039 Cic.
1251 3014 1322 3040 Fam.

1377 2739 1431 2757 non
1450 2730 1579 2757 abstinere
1599 2730 1722 2757 iniuriam
1741 2730 1800 2756 Liu.
1821 2738 1866 2762 42,
1886 2730 1928 2755 26.
1973 2730 2012 2755 Sic
2031 2727 2101 2754 idem
2115 2726 2174 2754 Liu.
2188 2735 2215 2761 7,
2229 2726 2407 2767 27·Ab›acde

1375 2771 1476 2792 tantum
1491 2767 1583 2793 Matris
1597 2768 1709 2794 Matutae
1727 2765 1876 2792 abstinuere
1892 2765 1989 2798 ignem.
2032 2764 2063 2790 Et
2078 2768 2102 2795 8,
2117 2771 2145 2795 19
2165 2763 2409 2798 Denuntiatumque

1375 2801 1551 2836 Samnitibus,
1565 2808 1595 2829 vt-
1603 2810 1694 2829 eorum
1707 2801 1868 2836 populorum
1880 2799 1976 2832 finibus
1992 2799 2049 2826 vim
2062 2798 2240 2838 abstinerent..
2257 2799 2331 2826 Paulo
2340 2796 2410 2834 Psstv

1375 2838 1460 2864 Orare
1480 2839 1504 2864 se
1524 2837 1662 2866 Consulem
1674 2856 1683 2870 ,
1702 2844 1731 2864 vt
1753 2837 1851 2864 bellum
1875 2834 1908 2862 ab
1929 2835 2039 2862 innoxio
2058 2834 2157 2870 populo
2177 2833 2311 2861 abstineat.
2361 2833 2411 2862 sed

1352 2874 1446 2913 5planc
1461 2874 1529 2901 Hor.
1537 2875 1588 2901 Sat.
1597 2881 1622 2907 2,
1634 2882 1656 2906 3,
1667 2881 1719 2900 202
1755 2886 1766 2895 ι
1815 2888 1826 2894 -
1846 2870 1970 2898 abstinuit
1983 2871 2040 2897 vini
2076 2871 2164 2897 onre
2184 2876 2209 2896 ct
2227 2875 2314 2904 gnato.
2352 2868 2408 2897 vid.

1377 2909 1495 2936 Burman.
1512 2909 1546 2936 ad
1557 2911 1657 2937 Petron.
1672 2918 1694 2935 c.
1708 2916 1748 2935 112
1768 2917 1793 2944 p.
1802 2915 1854 2941 519.
2013 2915 2025 2939 3
2053 2906 2115 2933 Sum
2134 2909 2207 2932 etiam
2221 2906 2289 2946 ‘altae
2303 2905 2410 2945 formae

1377 2944 1506 2972 notabiles.
1544 2946 1638 2973 Lucan.
1652 2954 1679 2978 4,
1692 2952 1744 2978 242
1781 2960 1791 2966 -
1811 2959 1822 2965 —
1843 2959 1853 2965 -
1872 2951 1886 2970 a
1899 2942 1967 2977 trepi
1986 2950 2003 2969 o
2021 2941 2067 2968 vix
2086 2940 2197 2968 abstinet
2218 2949 2258 2967 ira
2271 2941 2410 2976 magistro,

1376 2983 1395 3007 i.
1412 2979 1464 3015 lpse
1478 2984 1559 3008 iratus
1573 2985 1618 3009 vix
1630 2978 1741 3014 abstinet.
1778 2980 1836 3006 Cum
1852 2978 1978 3041 ι’ἒιῄηῐιίιιο
1995 2977 2076 3005 Plaut.
2091 2975 2197 3004 Curcul.
2212 2984 2232 3009 ι,
2244 2985 2266 3009 3,
2280 2984 2315 3009 24
2335 2977 2408 3007 Dum
2446 2988 2449 3015 j

1376 3016 1445 3042 mihi
1461 3016 1605 3044 abstineant
1619 3016 1745 3049 innidere.
1783 3016 1860 3049 Qian
1881 3023 1897 3040 ο
1914 3014 1951 3040 ita
1966 3013 2079 3048 praefari
2097 3021 2151 3039 non
2167 3011 2322 3039 abstinuerit
2335 3011 2407 3047 Suet.

283 3053 314 3078 11,
330 3056 365 3080 24
386 3049 414 3075 it.
426 3058 452 3081 9,
468 3051 496 3076 16
507 3056 573 3078 extr.
611 3050 744 3076 Molestias
753 3050 809 3077 Cic.
823 3049 855 3076 de
867 3050 965 3076 Sene-tit.
980 3058 1004 3076 2.
1042 3048 1138 3076 Pabula
1157 3049 1255 3075 amoris
1269 3049 1321 3076 Ab·
1332 3064 1364 3090 80
1376 3051 1445 3078 Tib.
1467 3061 1488 3078 c.
1503 3061 1532 3085 23
1566 3054 1593 3080 Si
1613 3052 1638 3080 se
1651 3051 1736 3079 imber
1750 3050 1877 3078 abstineat
1895 3049 1989 3076 Pallad.
2003 3048 2064 3076 Feb.
2080 3057 2126 3082 24,
2140 3057 2152 3082 ς
2169 3051 2203 3089 ¹i.
2216 3050 2241 3082 ‚J'
2261 3056 2308 3074 non
2323 3049 2406 3088 pluat.

282 3080 394 3116 {tergere
407 3084 471 3117 libi,
483 3085 538 3119 fine
550 3084 629 3119 caqffiz
641 3088 775 3112 conficiunt
789 3085 887 3121 quidam
899 3096 913 3112 a
932 3085 965 3112 ud
979 3086 1055 3111 Lucr.
1071 3094 1098 3118 4,
1114 3093 1174 3119 1057
1191 3092 1239 3119 pro
1253 3087 1298 3112 vul
1315 3106 1321 3112 .

281 3116 448 3152 Absterrere,
470 3130 492 3147 υ.
507 3131 531 3148 υ.
585 3121 682 3148 Pituita
700 3120 875 3155 abstergeatur
895 3122 911 3148 P
926 3121 961 3147 in.
977 3129 1015 3155 17.
1032 3128 1066 3155 27
1081 3121 1098 3147 s.
1113 3129 1144 3153 43
1166 3121 1274 3147 Succum
1287 3130 1301 3148 a

282 3150 400 3179 odoratis
419 3155 558 3184 fruticibus
584 3157 756 3184 destillantem
781 3157 906 3192 improbo
925 3156 1068 3184 barbarum
1085 3156 1154 3183 -villo
1174 3156 1321 3192 abstergere

282 3196 385 3222 capras,
405 3189 490 3223 plures
509 3193 639 3220 tradidere
655 3193 813 3227 Plin.12,17
835 3193 852 3219 s.
868 3201 907 3226 37.
1014 3190 1035 3230 q
1056 3201 1072 3218 2
1099 3194 1136 3219 De
1154 3193 1234 3219 remis
1248 3192 1320 3220 adhi-

280 3223 357 3249 bitum
373 3224 493 3264 frangere
501 3226 638 3263 stgm‘jicat.
667 3228 767 3256 Collidi
787 3228 856 3255 inter
879 3229 903 3254 se
917 3227 1020 3260 Naues,
1041 3227 1237 3263 abstergerique
1250 3229 1320 3256 inui-
1332 3244 1361 3273 35

281 3267 338 3286 cem
347 3268 415 3286 remi
422 3269 563 3295 coeperunt
579 3265 651 3291 Curt.
667 3273 692 3298 9,
701 3273 727 3299 9,
742 3267 778 3290 16.
800 3263 852 3290 vid.
867 3263 922 3290 Ind.
932 3264 1026 3290 Freins
1028 3264 1054 3291 h.
1068 3271 1091 3289 et
1104 3264 1227 3298 Detergo.

318 3302 339 3321 A
349 3301 384 3322 ns
393 3302 414 3321 ‘r
424 3303 439 3322 r.
450 3303 468 3322 R
477 3303 497 3323 G
508 3303 524 3324 E
533 3305 552 3324 N
562 3306 574 3324 s
583 3318 591 3330 ,
610 3301 685 3327 entis.
730 3301 786 3328 Cic.
807 3300 835 3326 in
855 3299 954 3334 Topic.
978 3302 1018 3330 86.
1061 3299 1157 3326 Oratio
1177 3299 1320 3334 aegritudi-

280 3338 340 3357 nem
356 3330 510 3366 abstergens.

318 3373 338 3393 A
350 3373 386 3394 ns
395 3374 417 3394 τ
427 3374 442 3393 F.
453 3374 471 3394 R
481 3374 501 3395 G
512 3374 528 3395 r:
538 3375 559 3394 Ν
570 3375 587 3395 ι)
597 3376 617 3395 ν
626 3377 655 3401 ⁸,
676 3379 689 3397 a
698 3391 705 3403 ‚
725 3381 778 3399 um.
817 3370 881 3398 Plin.
897 3379 935 3402 21,
950 3377 978 3396 10
999 3371 1017 3397 s.
1031 3378 1068 3405 47
1096 3370 1216 3397 Pcnicilli
1230 3371 1317 3406 (spon-

280 3401 384 3437 giarum
398 3406 496 3437 genus)
515 3403 698 3439 abstergendae
714 3406 868 3442 lippitudini
881 3405 1017 3433 vtiliffimi.

318 3445 339 3465 A
349 3445 366 3466 Β
374 3445 386 3465 s
397 3445 418 3465 T
428 3445 444 3465 Ε
453 3445 472 3465 R
482 3445 495 3465 s
504 3446 522 3465 v
533 3446 546 3466 s
554 3461 563 3473 ‚
577 3448 591 3466 a
599 3460 607 3472 ,
621 3449 674 3467 um.
696 3441 906 3476 [οἰποσμηχθεὰ]
944 3441 1080 3473 Valerius,
1097 3440 1220 3468 Abstcrfis
1237 3441 1317 3476 lacry-

279 3474 340 3500 mis.
375 3473 510 3514 Abstersus
529 3483 608 3514 cruor
629 3475 687 3502 Liu.
702 3485 721 3508 1,
734 3486 772 3511 41.
811 3478 929 3506 Abstersa
949 3476 1021 3504 dolia
1043 3477 1108 3503 Plin.
1124 3486 1162 3510 14,
1183 3485 1209 3504 21
1238 3479 1255 3504 s.
1271 3486 1314 3513 27.

281 3508 400 3537 abstersa
421 3509 507 3544 fuligo
529 3511 585 3537 C1c.
601 3510 713 3546 Philipp.
730 3521 755 3545 2,
769 3522 796 3546 91
817 3524 839 3541 c.
855 3516 894 3547 36.
932 3513 1073 3545 Lacrymae
1093 3512 1219 3538 abstersae
1239 3514 1314 3541 Curt.

279 3552 310 3607 ἱ,
318 3552 340 3577 5,
354 3550 376 3575 8.
411 3546 492 3608 (genii
504 3545 620 3573 amiculo
633 3546 736 3573 abstersi
751 3548 788 3575 ld.
802 3552 828 3583 6,
844 3558 870 3583 9,
882 3557 918 3583 33.
946 3548 1081 3576 Abstersus
1094 3547 1181 3583 puluis
1197 3555 1223 3575 et
1236 3550 1316 3577 sudor

304 3588 340 3606 ιιι.
359 3589 386 3613 3,
405 3590 420 3608 2
441 3601 446 3608 .

315 3622 336 3642 Λ
347 3622 362 3642 8
371 3625 384 3642 s
394 3624 415 3645 'r
424 3624 441 3645 Ε
450 3624 469 3645 R
479 3624 498 3645 R
507 3624 524 3645 E
532 3623 551 3644 o
559 3637 567 3650 ,
581 3617 609 3644 ui
619 3637 626 3649 ‚
640 3616 707 3644 itum
715 3636 724 3649 ,
743 3621 793 3644 ‘re.
815 3619 913 3654 Νάξῳ,
926 3619 989 3647 dom
1004 3618 1063 3653 inm]
1104 3619 1210 3646 Tcrrnre
1222 3618 1314 3647 intesta

278 3658 403 3683 aim-tere,
416 3662 511 3684 arcere,
520 3653 658 3689 prnht'bere.
695 3652 763 3679 Ter.
780 3654 845 3680 And.
860 3664 882 3688 3,
899 3665 918 3689 1,
933 3664 963 3690 ¹4
1017 3663 1062 3681 ane
1079 3652 1198 3680 simulant
1214 3663 1314 3689 parere,

279 3694 333 3720 quo
348 3687 516 3716 Chremetem
537 3688 704 3716 absterreant.
720 3687 824 3724 fiihaud.
846 3700 860 3716 a
880 3691 962 3718 danda
977 3691 1043 3727 filia.
1082 3689 1143 3716 Liu.
1163 3697 1189 3722 2,
1210 3690 1313 3717 Abster-

277 3721 361 3748 rendo
376 3722 487 3756 lingulos
503 3732 517 3750 a
529 3723 717 3756 concionibus,
735 3724 915 3760 conciliisque.
953 3728 975 3754 Α
989 3725 1105 3762 pecuniis
1119 3725 1250 3759 capiendis
1264 3725 1311 3752 ho-

1375 3087 1480 3114 Sueton.
1495 3088 1526 3114 de
1540 3088 1609 3116 Clar.
1624 3089 1711 3116 Gram.
1725 3095 1738 3119 3
1768 3088 1803 3113 Vt
1822 3095 1854 3112 ne
1873 3085 2003 3112 clarissimi
2023 3084 2131 3120 quidem
2148 3085 2202 3111 viri
2222 3083 2411 3117 abstinuerint,

1375 3123 1518 3158 quominus
1532 3130 1557 3150 et
1573 3124 1618 3159 ipfi
1631 3122 1731 3159 aliquid
1743 3121 1775 3149 de
1788 3130 1818 3148 ca
1831 3121 1982 3148 scriberent.
2020 3120 2158 3147 Abstineto
2172 3120 2272 3146 irarum
2293 3125 2318 3145 et
2331 3119 2405 3154 rixae
2439 3129 2445 3154 ι

1375 3159 1442 3186 Hor.
1458 3159 1509 3186 Od.
1523 3167 1547 3192 3,
1561 3168 1606 3195 27,
1620 3162 1654 3193 69
1673 3159 1782 3194 [Graec.
1795 3157 1891 3190 ain-{xeo
1909 3157 1953 3183 τῶν
1974 3155 2066 3196 δργῶι]
2156 3191 2160 3195 Δ
2436 3190 2439 3194 ,

1375 3195 1505 3227 Gemitus,
1517 3196 1637 3229 screatus,
1650 3194 1727 3226 tuffis,
1740 3194 1816 3226 risus,
1828 3192 1936 3220 abstine.
1973 3191 2081 3218 Abstine
2094 3205 2140 3212 —-
2153 3189 2406 3234 iamscrmonemdg
2436 3196 2440 3214 ε

1373 3230 1428 3257 istis
1441 3230 1519 3257 rebus
1533 3230 1722 3258 Plaut.Mostel.
1738 3238 1766 3263 4,
1778 3237 1804 3261 2,
1819 3237 1857 3264 ι7.
1893 3228 1973 3255 Plaut.
1984 3227 2078 3262 Amph.
2092 3235 2187 3266 3²22&
2207 3225 2286 3265 Nunc
2298 3223 2406 3266 ᾳυᾶιιάρ
2441 3241 2443 3246 »

1371 3266 1450 3293 faffis
1464 3275 1506 3292 me
1521 3266 1660 3302 impudicis
1674 3265 1796 3293 abstines:
1817 3267 1836 3291 ι’.
1845 3264 1944 3300 fateris
1959 3273 1994 3290 me
2000 3263 2118 3299 pudicam
2129 3261 2198 3296 effe-⁹
2207 3259 2249 3287 Ab
2263 3260 2406 3300 impudici!

1372 3301 1450 3328 dietis
1470 3302 1557 3329 auorti
1578 3301 1786 3337 volo,·accufizri
1806 3309 1842 3326 mc
1861 3299 2030 3336 impudicitiae
2049 3299 2206 3358 nauseatur.
2249 3295 2407 3336 Idm-&24
2440 3324 2441 3328 Ἰ

1371 3338 1493 3365 Romano
1513 3337 1584 3365 bello
1603 3339 1709 3366 fortuna
1727 3335 1903 3363 Alexandrum
1922 3343 2045 3369 magnum
2063 3333 2096 3360 ab
2248 3331 2411 3371 Abstinere&

1370 3373 1478 3410 absolute
1492 3373 1574 3400 Plaut.
1588 3373 1647 3401 Aul.
1661 3382 1686 3406 2,
1700 3380 1723 3406 ς,
1738 3380 1766 3405 19
1793 3371 1893 3398 Tescio
1915 3371 1992 3398 facile
2009 3368 2137 3397 abstinere
2153 3367 2282 3404 (intcllige
2294 3374 2402 3401 manum
2437 3371 2439 3393 l

2120 3331 2197 3358 inuit.

1341 3423 1358 3442 0
1369 3417 1385 3436 a
1398 3409 1488 3441 furto)
1502 3410 1569 3444 poss‘e
1578 3430 1586 3442 ‚
1599 3409 1617 3436 si
1628 3408 1696 3436 nihil
1711 3407 1820 3435 obuiam
1832 3407 1884 3440 cst,
1892 3414 1941 3442 pro
1955 3405 2060 3432 inediam
2067 3403 2149 3439 fer-rt-
2177 3401 2296 3429 Scribon.
2306 3403 2401 3438 Comp.
2436 3399 2439 3421 J

1371 3446 1397 3472 6.
1424 3445 1477 3472 vid.
1494 3445 1580 3472 Rhod.
1590 3446 1651 3472 Lex.
1672 3443 1824 3476 Abstinere,
1836 3450 1884 3478 pro
1897 3443 2032 3477 separare,
2044 3440 2094 3478 cy(
2101 3436 2165 3474 quod
2179 3437 2264 3464 dicunt
2272 3442 2283 3470 )
2297 3446 2401 3466 excom·
2436 3448 2437 3452 ’

1370 3481 1514 3508 municare.
1551 3481 1674 3516 cyprian.
1689 3479 1735 3506 lib.
1746 3488 1765 3506 1.
1781 3479 1859 3514 Epist.
1874 3486 1904 3505 11.
1919 3476 2148 3514 adpomponuun,
2163 3473 2288 3514 ansstlte
2301 3480 2327 3515 ef
2338 3482 2399 3514 epm
2436 3476 2437 3483 ¹

1367 3517 1462 3551 vigore
1476 3516 1561 3544 fecisti
1577 3516 1657 3544 frater
1669 3515 1810 3548 carilIime,
1832 3509 1981 3542 abstinendo
1996 3509 2137 3549 ‘laconum
2147 3518 2205 3551 ‘qui
2221 3518 2280 3552 cum
2293 3515 2399 3550 virgine
2434 3525 2436 3533 ι

1370 3553 1444 3587 saepe
1462 3552 1563 3579 manfit.
1676 3549 1697 3590 fl
1723 3560 1741 3585 4
1768 3550 1933 3578 Abstinetffl',
1949 3543 2013 3580 Pas]-
2033 3548 2059 3570 ’Ἢ
2079 3547 2164 3571 'erm‘
2177 3546 2301 3580 pessmus·
2340 3544 2398 3576 Cle·

1347 3601 1357 3608 -
1369 3588 1446 3614 Verr.
1460 3597 1488 3621 4,
1501 3590 1549 3621 146
1598 3585 1675 3615 Nihil
1690 3587 1793 3622 aegrius
1805 3584 1902 3612 fadi-um
1914 3579 1951 3606 est
1963 3579 2055 3606 -multo
2075 3580 2166 3606 labore
2180 3588 2257 3612 mco,
2279 3588 2357 3615 quam
2368 3579 2398 3606 ve

1344 3610 1356 3627 ³
1368 3630 1460 3650 manus
1473 3622 1506 3649 ab
1525 3623 1573 3650 illo
1586 3623 1744 3658 appellatore
1763 3619 1960 3648 abstinerentur.
1995 3616 2030 3642 Vt
2050 3615 2121 3643 sacro
2139 3624 2205 3642 auro
2223 3615 2399 3642 abstineretur
2432 3622 2434 3626 ·
2451 3620 2454 3623 “

1368 3657 1429 3685 Liu,
1444 3666 1466 3691 ς,
1481 3666 1521 3690 50·
1567 3658 1697 3686 Colum&
1712 3666 1738 3693 7,
1757 3665 1794 3688 10,
1807 3660 1821 3687 ς
1851 3652 1941 3679 Totus
1959 3659 2022 3685 grex
2039 3651 2110 3678 testo
2128 3650 2259 3678 clauditur
2278 3647 2397 3684 stabulo,

1374 3699 1514 3728 atquevno
1528 3693 1572 3720 die
1590 3694 1734 3721 abstinemr
1745 3689 1852 3729 potione
1871 3693 1896 3714 et
1909 3685 2015 3727 pabulo.
2051 3686 2182 3713 Colrnnel.
2197 3687 2223 3719 6,
2237 3693 2265 3719 9,
2279 3693 2289 3712 1
2307 3684 2399 3713 Febri-

1364 3728 1456 3755 citanti
1470 3728 1536 3755 boui
1549 3730 1674 3757 conuenit
1691 3726 1813 3754 abstineri
1825 3731 1879 3749 vno
1891 3721 1943 3748 die.
1981 3720 2049 3748 Add.
2063 3724 2089 3754 6,
2105 3730 2146 3755 30,
2160 3729 2186 3756 7.
2208 3726 2232 3753 8,
2246 3728 2269 3754 ς,
2282 3728 2320 3755 ι7.
2355 3721 2396 3748 ,ςέο

275 3757 361 3784 mines
375 3756 519 3785 absterrere
547 3760 603 3787 Cic.
617 3760 692 3786 Verr.
707 3767 795 3799 2’.¹4²‘
813 3769 836 3786 c.
852 3765 879 3793 58
908 3763 937 3788 Et
951 3771 1000 3797 pro
1016 3762 1098 3789 Planc-
1113 3763 1148 3787 66
1171 3769 1192 3786 c.
1202 3769 1236 3795 27
1257 3761 1439 3800 hle-moenam
1459 3765 1663 3800 iniperjbnaliter.
1687 3759 1785 3794 Tergis
1798 3758 1942 3785 abstinetur
1955 3756 2014 3783 Sall.
2024 3758 2125 3791 Fragm.
2148 3767 2170 3784 c.
2183 3765 2228 3789 24-
2272 3756 2338 3782 Plin.
2351 3756 2396 3788 26,
2446 3767 2449 3776 ι

276 3792 376 3819 minem
389 3801 404 3819 a
419 3795 551 3827 congressu
566 3804 626 3822 uico
640 3803 725 3830 neque
737 3795 836 3822 ianitor
849 3804 930 3829 mem,
943 3806 1028 3834 neque
1042 3798 1146 3824 somnus
1161 3795 1310 3822 absterruit.

276 3826 423 3866 Supplicem
435 3828 580 3856 absterrere
592 3840 606 3856 a
622 3832 661 3863 sc,
680 3833 696 3856 i.
714 3831 823 3856 Reit'ccre
834 3838 858 3857 et
870 3832 1003 3860 excludere.
1028 3833 1085 3860 Cic.
1099 3832 1246 3866 Antequam
1259 3831 1310 3857 iret

275 3870 303 3890 in
317 3863 380 3889 exii.
395 3872 430 3896 24
450 3872 471 3890 c.
488 3872 523 3890 ιο.
546 3865 750 3894 l’laut.Tn1cul.
762 3872 788 3898 2,
804 3873 824 3898 ι,
837 3874 866 3899 4¹
894 3867 928 3892 Vt
947 3867 978 3894 de
991 3868 1126 3896 frumento
1145 3867 1246 3893 anseres
1259 3866 1309 3893 cla-

274 3905 349 3924 more
369 3897 494 3924 absterret
515 3906 540 3925 ct
561 3900 652 3933 abigit.
692 3902 760 3928 Hor.
773 3902 823 3928 Sat.
839 3909 864 3933 2,
880 3908 902 3933 ς,
919 3906 946 3931 83
972 3903 1007 3929 Vt
1025 3904 1096 3930 canis
1117 3912 1131 3929 a
1147 3902 1222 3928 corio
1241 3907 1307 3928 mm-

1365 3806 1392 3825 12
1410 3799 1428 3825 s.
1442 3801 1477 3833 76
1498 3799 1597 3827 Lichen
1609 3798 1688 3826 herba
1702 3793 1720 3823 fi
1735 3803 1794 3821 cum
1808 3793 1936 3824 sumitur,
1950 3798 2054 3819 caetero
2066 3792 2140 3819 olere
2152 3791 2319 3831 abstineatur.
2333 3790 2401 3818 Liu.-

1364 3841 1388 3866 5,
1399 3839 1427 3861 21
1454 3834 1576 3861 Dictator
1587 3836 1723 3870 praecones
1735 3829 1838 3856 edicere
1852 3828 1942 3858 iubet,
1955 3834 1983 3854 vt
1996 3827 2029 3854 ab
2045 3828 2141 3854 inermi
2155 3827 2321 3855 abstineatur.
2377 3860 2383 3868 Ι

1400 3874 1651 3900 ABSTENTVS,
1676 3865 1730 3900 [dar
1768 3865 1868 3898 ημένος]
1908 3863 2000 3890 Partic.
2039 3864 2172 3899 Separatur
2191 3870 2216 3888 et
2237 3869 2392 3902 excorttmum-

1362 3910 1441 3930 catus.
1479 3905 1603 3939 Cyprian.
1611 3901 1664 3929 lib.
1677 3909 1696 3928 ι.
1709 3900 1756 3935 Epi
1781 3919 1787 3926 .
1802 3908 1823 3932 3.
1838 3899 1871 3926 ad
1884 3898 2057 3932 Cornelium,
2077 3900 2140 3932 Qio
2154 3899 2180 3925 in
2195 3897 2330 3924 mendacio
2343 3895 2391 3929 suo

273 3941 352 3967 quam
366 3932 554 3962 absterrebitur
566 3929 656 3963 vneto.
690 3936 757 3963 Plin.
772 3941 796 3969 8,
810 3938 839 3964 16
859 3936 877 3962 s.
892 3941 917 3966 18
938 3937 1008 3970 Quia
1023 3939 1118 3966 caeteri
1130 3945 1201 3964 metu
1214 3937 1306 3964 similis
1317 3934 1945 3974 1<>5P<>st⁰³m1⁸¹⁴³¹¹¹‘liulfi‘lu‘s‘fll''‘onuementfflus
1953 3934 2099 3969 mnftagis’l
2109 3940 2136 3962 εἰ
2149 3932 2247 3962 ³¹¹⁰bi⁵
2254 3930 2400 3993 ὡίέῗῖῗὲἶ·

271 3976 370 4002 poenae
391 3967 597 3998 absterrerentur
619 3971 806 4000 eadem‘noxa.
851 3972 907 3999 Cic.
930 3971 961 3997 de
979 3973 1054 3999 Orat.
1069 3983 1094 4006 3,
1110 3976 1157 4005 164
1184 3982 1205 3998 c.
1220 3981 1251 4005 41
1276 3982 1306 4000 ex

2098 3156 2166 3183 Ter.
2179 3156 2274 3182 l-leaut.
2286 3163 2312 3187 2,
2324 3163 2347 3188 3,
2362 3161 2405 3188 132
2425 3160 2430 3164 ’
2467 3172 2472 3179 .
