2474 4182
44 86 113 133 ⁶25
430 73 659 116 BON
1543 72 1772 112 ΒοΝ
2109 82 2183 118 626

45 176 143 209 rumpe
156 179 225 208 quam
237 170 326 194 matris
338 172 407 193 utero
421 164 510 200 exclusi
522 171 603 191 terrae
615 162 707 189 incolae
713 159 833 200 stparati·
842 158 888 195 1*in
903 158 945 193 iffi
958 162 1075 196 coepere)
1141 160 1211 186 bona
1221 178 1234 198 ,.
1247 165 1296 193 pro
1318 159 1403 199 A‘'q¹¹‘⁷.
1422 167 1445 185 et
1468 160 1543 202 bon-o.-
1568 161 1713 202 Tryphon.
1735 160 1753 189 l.
1774 169 1798 194 31
1826 162 1857 187 D.
1876 161 1983 196 depolit.
2019 164 2091 192 Bona
2110 165 2184 199 fides,

45 201 105 236 Sunt
118 217 162 242 qiu
175 206 276 236 dicant,
289 203 353 229 hauc
367 202 442 229 deam
459 201 603 237 potentiam
623 197 719 224 habere
739 198 848 222 Iunonis
884 211 929 215 —
965 196 1075 223 candem
1142 203 1209 230 quae
1228 203 1255 220 in
1277 194 1455 220 contraffibus
1476 203 1607 231 exigitur,
1621 203 1780 232 aequitatem
1799 197 1927 223 summam
1947 198 2080 226 desiderat.
2117 204 2184 228 Hinc

45 245 87 272 alii
95 241 270 275 Proserpinam
284 239 393 265 credunt
427 252 472 258 —
507 232 735 263 Boeotisemelam
751 231 876 264 credunt,
892 241 1005 258 necnon
1016 241 1075 258 ean·
1142 233 1237 267 igitur,
1257 232 1301 264 qul
1319 230 1445 256 Bonaei‘
1450 231 1503 257 idei
1520 233 1677 259 Contraifhis
1693 236 1867 265 nominantur,
1884 233 2068 268 appellationem
2086 237 2183 263 habent.

39 280 102 306 «dt-iu
120 276 200 304 Fauni
225 275 308 301 filiam
327 274 434 307 dicunt,
462 271 637 303 obstitiffcque
658 267 789 294 voluntati
809 269 888 302 patris
908 268 935 293 in
957 276 1076 294 amorem
1143 266 1221 293 Caius
1237 265 1290 304 ¹25·
1312 266 1343 304 D..
1359 265 1391 304 de
1406 265 1455 291 aGt.
1470 274 1494 292 et
1510 268 1593 302 oblig.
1616 269 1701 295 Palam
1717 269 1752 296 est
1766 270 1835 295 inter
1849 278 1893 295 eos
1904 269 1972 295 nasci
1986 269 2101 297 aetiones
2114 281 2184 298 inan-

43 316 114 342 suum
126 310 185 346 1391}
195 331 203 344 ‚
217 317 245 337 vr
260 317 285 337 et
301 311 376 343 virga
391 316 491 342 myrtea
504 307 536 333 ab
550 314 582 332 eo
597 303 795 333 verberaretur,
811 313 870 330 cum
889 303 1020 330 desiderio
1032 312 1075 338 pa·
1101 307 1114 334 5
1142 302 1207 333 dati,
1222 300 1319 335 quibus
1333 309 1449 340 inuicem
1463 303 1578 335 experiri
1591 306 1688 337 pon‘ent
1701 305 1733 331 de
1747 314 1789 337 eo,
1798 304 1870 339 quod
1883 304 1995 331 alterum
2003 305 2079 331 alteri
2094 315 2125 332 ex
2139 308 2185 334 bo-

39 335 87 376 }nis
106 356 189 382 neque
212 347 273 372 vii-o
291 345 324 372 ab
344 340 438 372 goden,
457 343 534 379 pressh
554 339 668 367 ceffiss'et:
689 339 878 374 transfigurasse
899 341 923 366 se
940 346 1027 366 tamen
1047 339 1076 365 in
1141 346 1175 364 na
1190 336 1240 362 fide
1255 336 1380 370 praestari
1393 342 1508 376 oportet.
1545 340 1628 364 Paullo
1646 342 1729 366 laxius
1743 344 1867 376 accipitur
1879 350 1894 367 a
1907 341 2010 367 Procul.
2025 341 2041 367 l.
2056 344 2087 371 68
2107 342 2138 367 D.
2154 343 2186 368 de

39 386 181 419 iscrpentem
204 390 277 417 pater
299 382 415 408 creditur
429 386 454 406 ct
474 377 548 405 coisse
567 385 627 401 cum
646 375 709 401 filia.
745 376 850 402 Horum
868 376 991 402 omnium
1011 375 1074 401 haec
1140 371 1260 399 contrah.
1274 378 1354 406 empt.
1376 372 1503 398 Existimo
1517 378 1542 398 te
1558 373 1585 398 in
1597 375 1725 408 exigendo
1745 386 1798 402 non
1821 377 1905 403 solum
1919 376 2016 403 bonam
2031 376 2127 408 fidem,
2144 378 2186 403 sed

39 420 209 456 iproferuntui·
223 418 337 449 indicia,
350 416 420 452 quod
434 416 534 447 virgam
547 417 675 443 myrteam
690 411 718 437 in
731 412 830 446 templo
844 411 937 439 haberi
948 411 1020 437 nefas
1033 409 1074 441 fit,
1141 408 1221 434 etiam
1234 407 1403 442 diligentiam
1418 407 1546 442 praestare
1561 408 1670 435 debere:
1689 415 1707 437 i.
1732 414 1789 438 Non
1798 411 1890 447 solum,
1905 419 1935 438 vt
1952 422 1967 439 a
1983 418 2006 438 te
2020 412 2090 439 dolus
2108 415 2187 438 nialus

39 455 110 491 iquod
129 456 205 489 super
224 461 300 488 caput
314 453 369 479 eius
387 448 539 477 extendatur
557 448 634 478 vitis,
649 456 701 482 qua
716 456 830 474 maxime
850 457 907 475 eam
921 454 993 482 pater
1006 445 1074 471 dcci·
1140 443 1273 485 alisimscd
1285 446 1358 470 etiam
1372 451 1402 470 vt
1415 446 1496 479 culpa.
1512 479 1516 483 ⁴
1534 444 1628 470 Forma
1643 445 1711 485 bona
1725 447 1793 473 Ter.
1809 449 1904 474 Hcaiit.
1919 456 1942 481 3,
1955 457 1980 481 2,
1995 456 2026 480 13.
2041 452 2059 475 i.
2070 448 2187 484 pulchra.

39 500 99 526 'pei-e
115 490 243 520 tentauit3
262 489 331 524 quod
345 488 435 514 vinum
455 484 484 510 in
502 483 631 523 templum
652 484 708 509 eius
728 492 783 509 non
800 485 848 524 suo
868 484 975 523 nomine
993 481 1074 507 soleat
1093 487 1122 505 10
1142 480 1238 506 Forma
1250 489 1329 514 quam
1348 485 1436 506 mente
1456 479 1552 505 melior
1567 480 1604 506 M.
1619 480 1733 514 Lepidus
1748 483 1850 522 iuuenis
1875 485 1971 524 Patere.
1987 493 2019 524 2..
2083 485 2187 524 Genese

39 526 150 559 <inferi-i,
165 526 206 552 sed
221 534 279 557 vas,
296 525 322 551 in
335 532 387 557 quo
400 521 491 547 vinum
506 519 622 545 inditum
637 520 688 552 cst,
704 519 854 545 mellarium
868 523 1036 548 nominetur,
1049 522 1074 542 et
1141 515 1214 542 bono
1239 523 1314 541 natus
1335 515 1415 542 Plaiit.
1431 516 1497 541 Pers.
1511 525 1539 547 4,
1552 524 1579 547 4,
1594 523 1633 547 93.
1705 517 1843 545 Gladiatoi·
1856 520 1952 547 melior
1966 519 2047 546 Ouid.
2060 519 2146 547 Trist.
2160 529 2189 552 4,

58 563 131 588 inum
145 562 182 588 lac
201 565 378 594 niincupetiir;
398 556 580 589 serpentesque
595 556 623 581 in
636 555 735 590 templo
749 556 804 582 eius
823 564 869 581 nec
889 559 1014 580 terrentes
1028 560 1074 577 nec
1141 553 1168 583 6,
1182 560 1216 583 33.
1253 552 1351 577 Misere
1364 551 1433 585 perit
1449 550 1502 577 fine
1516 551 1592 576 omni
1607 550 1675 577 bona
1689 552 1790 585 Gratia,
1806 561 1835 579 vt
1853 555 1920 581 nihil
1934 556 1991 581 inde
1998 554 2108 592 fiuHus
2119 554 2153 581 ad
2166 562 2190 582 te

38 599 160 624 ementes
179 601 326 631 appareant,
381 591 497 625 Qiidam
516 591 637 617 Medeam
659 598 767 625 putant,
794 590 866 626 quod
885 589 913 615 in
934 588 997 614 aede
1018 587 1075 614 cius
1140 587 1224 614 redeat
1232 586 1409 613 Plaiit.T1·iic.
1424 595 1449 618 2,
1465 594 1491 621 7,
1508 595 1546 626 14.
1567 586 1595 612 ile
1608 590 1714 626 pecunia
1727 590 1754 613 in
1767 596 1917 616 mercii-icem
1931 593 2047 627 impensa.
2082 591 2189 626 leian.

5 651 7 657 .
40 621 118 660 smne
133 641 211 668 genus
229 630 368 657 herbarum
382 627 427 659 sit,
442 635 474 653 ex
489 626 586 661 quibus
600 627 728 654 antistites
746 627 807 654 dant
821 627 974 662 plerumque
993 623 1075 650 medi·
1140 622 1158 649 l.
1175 631 1205 662 32.
1218 620 1240 659 §.
1258 631 1286 662 ιο
1307 623 1338 648 D.
1358 622 1390 648 de
1405 622 1493 662 donat.
1509 628 1579 648 mter
1595 631 1646 662 vir.
1661 628 1685 648 et
1699 632 1742 662 vit.
1781 623 1901 663 Plerique
1920 636 2035 663 coniuges
2048 636 2112 663 cunr
2120 627 2190 653 bona

2 694 3 697 ,
38 643 122 713 {mast
143 674 168 694 et
183 666 253 702 quod
272 664 395 698 templum
410 663 466 689 eius
480 664 570 689 virum
585 664 699 690 introire
713 672 767 689 non
781 664 872 693 liceat,
885 666 992 695 propter
1006 659 1076 686 iniu-
1095 661 1121 688 15
1141 664 1224 694 gratia
1242 658 1396 690 discedunt,
1415 658 1538 697 plerique
1550 666 1609 684 cum
1629 667 1668 684 ira
1687 659 1727 698 sui
1749 660 1833 685 animi
1852 666 1876 685 et
1896 661 2000 688 offensa.
2038 664 2106 689 Cum
2121 663 2190 690 bona

33 714 41 733 μ
55 706 105 732 iam
136 711 213 738 quam
225 701 257 728 ab
278 700 381 733 ingrato
395 699 456 725 viro
471 700 560 725 Iasone
582 700 695 734 perpe-iia
715 699 759 726 est.
796 699 866 724 Haec
880 696 948 731 apud
963 696 1076 722 Graecos
1141 695 1225 730 gratia
1238 697 1320 731 igitur
1333 692 1365 727 est
1376 695 1490 720 amicitia
1497 695 1586 733 jallia,
1599 701 1664 720 certe
1673 695 1756 729 Jaluis
1769 694 1944 721 beniuolentiae
1953 704 1975 722 et
1987 699 2088 725 honoris
2096 698 2189 735 signis.

33 759 37 770 s
58 739 93 766 eds
111 724 230 772 ’,γυναικεία
243 735 355 767 dicitur,
371 743 451 769 quam
466 736 552 761 Varro
567 736 651 762 Fauni
671 734 753 762 filiam
774 733 821 759 esse
835 731 930 764 tradit,
944 731 1010 758 adeo
1029 740 1076 767 pu·
1145 732 1271 770 Nani,·vt
1285 728 1317 763 est
1331 730 1354 770 l.
1363 731 1398 770 60
1412 735 1438 755 et
1451 731 1480 755 61
1496 728 1563 755 ibid.
1600 730 1680 764 Saepe
1701 730 1806 762 euenit,
1820 731 1859 770 vti
1880 739 1987 766 propter
2005 734 2191 767 sacerdotium,

56 776 131 806 icam,
151 780 179 800 vt
192 777 263 798 extra
287 769 441 804 yvvouxwvllir
460 780 595 806 nunquam
614 771 644 798 sit
663 771 773 805 egressa,
791 777 837 794 nec
858 776 956 794 nomen
977 768 1033 794 eius
1048 768 1076 794 in
1142 767 1185 793 vel
1199 772 1278 792 etiam
1295 765 1460 792 sterilitatem
1473 764 1514 791 vel
1530 765 1689 804 se-iieshitein
1703 771 1729 791 et
1742 765 1937 799 valetudinem,
1950 774 1994 794 aut
2007 770 2142 803 militiam,
2156 771 2191 797 sa-

55 810 142 836 iiblico
162 808 244 834 fuerit
261 805 396 836 auditum,
410 815 457 833 nec
475 808 564 833 virum
584 816 698 842 vnquam
718 804 834 836 viderit,
849 812 896 830 nec
911 812 925 830 a
944 804 1006 830 viro
1021 804 1076 830 visa
1142 803 1176 829 tis
1190 801 1330 828 commode
1350 802 1461 828 retineri
1480 801 1684 827 matrimonium
1704 810 1758 827 non
1777 801 1859 836 possit.
1904 802 1973 829 Add-
1989 804 2006 830 l.
2020 806 2037 830 6
2057 806 2088 831 D.
2105 806 2136 832 de
2152 806 2192 832 di-

35 845 80 872 ⁴it:
98 849 203 879 propter
217 842 289 877 quod
304 851 351 868 nec
366 843 409 869 vir
423 843 550 877 templum
567 844 623 869 eius
637 840 794 875 ingreditur.
834 841 902 865 Haec
921 839 1075 866 Macrobius.
1091 847 1126 865 20
1142 844 1212 864 vort.
1234 838 1294 864 Iust.
1310 837 1421 864 Nouell.
1442 836 1532 864 Const.
1553 845 1594 863 22.
1632 837 1672 863 Sic
1688 837 1779 863 Gratia
1801 837 1871 863 bona
1891 837 1969 864 finire
1989 841 2192 868 matrimonium

34 894 37 899 ·
53 880 82 908 cd
93 879 208 906 Laetam.
225 887 244 910 Ι,
259 887 286 904 22
299 881 344 914 qui
355 879 472 914 quaedam
487 880 616 905 Macrobii.
634 875 816 912 diffafirmat‚
830 878 903 901 etiam
921 877 981 902 hacc
994 875 1076 907 addit,
1142 874 1248 908 leian.
1264 875 1291 899 in
1306 875 1322 900 Ι.
1339 873 1381 900 sed
1394 873 1412 900 fi
1427 873 1548 907 maritus.
1570 873 1601 898 D.
1615 872 1661 907 qui
1675 878 1728 911 eta
1742 872 1815 906 quib.
1829 874 1975 902 manumifl'.
2013 876 2193 912 Cic.Acad.4,

36 919 37 924 ¹
66 921 123 942 xtus
142 914 252 941 Clodius
287 929 332 934 -—
369 915 467 947 refert,
491 915 575 941 Fauni
595 914 660 940 hanc
685 920 795 938 onrem
810 911 901 943 fuisse,
914 920 998 946 quae,
1013 911 1076 946 quia
1143 919 1189 937 100
1211 910 1394 936 Proficiscatur
1407 909 1530 936 Puteolos
1544 907 1626 936 stadia
1642 908 1753 942 triginta
1767 908 1853 942 probo
1866 910 1993 944 nauigio,
2007 910 2079 937 bono
2098 912 2193 946 guber.

40 951 124 980 *entra
136 959 238 977 morem
253 950 384 985 decusque
401 952 505 985 regium
518 951 584 977 clam
598 949 654 976 vini
673 947 753 974 ollam
773 945 893 973 ebiberat
911 953 937 972 ct
951 947 1026 973 ebria
1038 947 1076 972 sa.
1142 952 1235 972 natore
1248 954 1276 971 ac
1291 945 1493 980 tranquillitate.
1531 945 1661 971 Homines
1674 943 1755 975 boni,
1770 950 1850 978 atque
1866 944 1933 970 dites
1947 946 2027 972 Plaut.
2037 947 2114 974 Cure.
2132 958 2159 981 4,
2172 957 2194 981 1,

40 973 76 1021 ba
87 992 158 1019 erat,
173 986 256 1019 virgis
272 986 382 1019 myrteis
399 995 414 1012 a
427 987 488 1013 viro
502 987 582 1021 vsque
602 985 633 1011 ad
646 988 758 1010 mortem
773 983 886 1013 caesam,
908 982 995 1017 postca
1010 991 1076 1009 vero
1143 990 1181 1014 ¹4·
1199 981 1268 1016 conf.
1284 982 1381 1007 Graeu.
1396 982 1424 1008 in
1437 981 1494 1008 Cic.
1512 981 1566 1007 Att.
1578 989 1611 1013 9,
1626 989 1659 1006 12.
1681 987 1704 1006 te
1723 979 1780 1006 Cic.
1794 981 1847 1006 Att.
1862 988 1882 1011 i,
1899 988 1935 1012 19.
1950 988 2013 1006 extr.
2028 983 2193 1019 Plaut.Capt.

40 1026 92 1056 tum
104 1031 165 1049 eum
179 1021 244 1049 faeti
258 1023 297 1048 sui
311 1023 474 1056 poeniteret,
486 1028 512 1048 et
525 1020 681 1048 defiderium
696 1019 752 1045 eius
766 1018 837 1044 ferre
859 1027 913 1044 non
926 1019 1024 1053 poii'et,
1038 1018 1076 1044 di·
1096 1024 1126 1049 23
1142 1025 1166 1049 3,
1181 1027 1209 1051 4,
1223 1025 1258 1049 51.
1297 1019 1327 1043 In
1340 1024 1471 1053 pauperem
1485 1016 1596 1048 dicitur,
1616 1015 1658 1042 Est
1671 1016 1848 1047 miserorum,
1861 1021 1890 1041 vt
1902 1015 2091 1044 maleuolentes
2106 1018 2153 1045 sint
2169 1025 2194 1046 et

40 1059 126 1092 vinum
145 1058 188 1084 illi
207 1057 337 1084 honorem
358 1057 490 1084 detulisse:
509 1057 609 1083 idcirco
624 1055 652 1081 in
674 1055 751 1081 sacris
769 1054 826 1080 eius
845 1054 1003 1081 obiioliitam
1017 1054 1076 1080 vini
1144 1052 1281 1078 inuideant
1295 1052 1382 1079 bonis.
1407 1054 1488 1079 Etiam
1500 1052 1583 1078 Trin.
1598 1060 1622 1082 2.
1636 1062 1665 1086 4,
1677 1059 1710 1085 45
1731 1052 1811 1078 Bonis
1826 1051 1879 1077 tuis
1893 1051 1973 1077 rebus
1990 1061 2059 1078 meas
2079 1063 2119 1080 res
2135 1055 2195 1080 irri-

40 1093 186 1130 imphoram
204 1094 276 1129 poni.
313 1096 414 1120 (manta
432 1095 549 1129 religione
561 1092 638 1128 fiicra
655 1091 740 1123 illius,
753 1090 878 1123 Mysteria
896 1089 966 1116 ditia
986 1091 1077 1116 Romae
1143 1088 1187 1114 des
1201 1088 1291 1114 malas.
1320 1088 1365 1115 Ad
1382 1088 1490 1114 diuitias
1508 1088 1600 1124 respici
1613 1088 1723 1114 videtur.
1779 1089 1866 1114 Horas
1880 1086 1962 1114 bonas
1981 1088 2049 1114 male
2065 1089 2196 1116 collocare

40 1131 177 1162 tolerentur,
187 1130 303 1165 plui-ibus
313 1120 382 1156 Tot-is
394 1138 483 1165 magna
497 1137 550 1154 cum
568 1127 665 1153 inuidia
685 1126 766 1153 Clodii
780 1133 928 1163 exaggerat,
942 1128 985 1161 qui
1005 1128 1078 1151 nimi-
1142 1124 1260 1151 Martial.
1278 1132 1298 1156 i,
1315 1133 1365 1157 114.
1402 1125 1475 1150 Bona
1488 1123 1591 1150 nemini
1606 1123 1672 1150 hora
1687 1123 1734 1156 est,
1747 1129 1776 1150 vt
1789 1132 1845 1150 riori
1858 1123 1939 1163 alicui
1953 1123 1983 1149 fit
1999 1125 2066 1150 mala
2074 1125 2099 1150 P.
2109 1125 2196 1157 Syrus.

47 1176 84 1193 um
98 1165 158 1198 illa,
174 1173 201 1192 vt
215 1166 328 1201 Caesaris
342 1174 415 1191 uxore
430 1167 543 1198 Pompeia
553 1166 696 1199 potiretur,
709 1161 817 1199 ingraestic
824 1165 872 1199 Juo
884 1161 999 1188 muliebri
1013 1159 1078 1194 vtste
1143 1163 1162 1186 τ’.
1178 1159 1258 1196 felix.
1279 1160 1371 1186 Tacit.
1385 1160 1453 1186 Hist.
1469 1168 1496 1192 4,
1507 1167 1534 1194 7,
1550 1168 1560 1185 1
1587 1159 1701 1186 Nullum
1716 1160 1801 1186 maius
1827 1159 1894 1186 bom
1911 1160 2020 1194 imperii
2039 1159 2197 1187 instrumen-

35 1216 51 1223 -
69 1211 111 1228 ens
114 1200 225 1237 polluisti*
234 1201 367 1228 dicebatur.
402 1199 460 1226 Vid.
474 1200 530 1226 Cic.
540 1199 571 1225 ad
583 1199 636 1225 Att.
649 1207 701 1230 ι,ι2
709 1205 772 1225 extr.
783 1205 808 1225 et
816 1199 848 1224 ib.
857 1206 880 1230 2,
888 1208 915 1232 4.
923 1197 955 1223 de
963 1198 1077 1232 Harusp.
1095 1205 1127 1229 30
1144 1202 1211 1228 tum,
1224 1205 1303 1231 quam
1318 1195 1404 1223 bonos
1418 1195 1527 1222 amicos.
1564 1196 1675 1230 Ingenio
1687 1195 1761 1222 bono
1778 1196 1835 1222 eise.
1847 1195 1917 1235 Ter.
1925 1195 2007 1222 Andr.
2015 1204 2036 1228 3,
2044 1205 2065 1227 2,
2080 1204 2105 1230 7.
2126 1196 2196 1222 Ibid.

42 1238 106 1273 esp.
115 1247 136 1264 c.
146 1245 183 1272 17.
208 1246 257 1272 pro
271 1238 358 1265 Domo
372 1245 393 1263 c.
408 1244 444 1269 40
458 1242 504 1263 etc.
539 1236 594 1262 Iam
608 1236 741 1262 Poetarum
756 1234 873 1271 quaedam
885 1235 939 1260 loca
945 1240 1075 1270 ponemus.
1143 1241 1167 1264 3,
1181 1241 1200 1264 ι,
1215 1237 1228 1261 8
1249 1233 1353 1258 Bonum
1365 1232 1504 1266 ingenium
1518 1240 1607 1258 nai-ras
1622 1231 1802 1258 adolescentis.
1838 1232 1927 1259 Initiis
1946 1231 2024 1258 bonis
2040 1234 2115 1259 orsus
2130 1233 2197 1259 Tri-

42 1278 44 1280 ’
61 1273 99 1301 ib.
113 1283 134 1307 1,
149 1281 176 1308 7,
191 1282 219 1300 22
1143 1268 1258 1294 bimatus
1276 1269 1333 1295 Cic.
1349 1269 1377 1294 in
1390 1268 1463 1294 Brut.
1478 1272 1530 1297 128.
1585 1268 1639 1294 Iter
1652 1267 1749 1294 melius
1763 1269 1831 1294 Hor.
1847 1267 1880 1294 de
1894 1268 1957 1294 Arte
1971 1269 2042 1294 Poet.
2057 1270 2097 1299 68.
2154 1269 2197 1294 Iii-

136 1309 227 1336 Exibit
244 1317 324 1344 quam
337 1309 425 1342 saepe,
438 1306 518 1333 time:
538 1307 582 1333 seu
600 1306 687 1333 visere
707 1305 779 1333 dicet
1143 1304 1193 1330 dex
1212 1304 1330 1338 optimus
1351 1304 1407 1330 Cic.
1427 1303 1459 1330 de
1482 1304 1539 1329 Fin.
1560 1313 1588 1337 4,
1626 1323 1632 1330 .
1670 1323 1676 1330 .
1714 1303 1753 1329 Id.
1772 1303 1824 1330 Off.
1840 1312 1867 1336 1,
1883 1312 1917 1330 ιιι
1945 1304 2004 1337 Ne,
2029 1310 2057 1330 vt
2077 1304 2198 1339 quidam,

193 1345 268 1372 Sacra
282 1345 368 1371 Bonae
383 1342 500 1370 maribus
514 1352 569 1369 non
582 1341 700 1369 adeunda
714 1342 792 1368 Deae.
1143 1340 1243 1366 Graeca
1258 1340 1340 1366 verba
1355 1340 1515 1366 inculcantes
1524 1359 1532 1371 ,
1545 1339 1604 1365 iure
1623 1339 1727 1373 optimo
1742 1339 1912 1366 irrideamur.
1962 1341 1993 1366 Et
2004 1339 2035 1366 de
2048 1340 2119 1375 Lege
2135 1341 2199 1374 Agr.

137 1382 172 1408 At
190 1380 259 1408 mihi
271 1379 289 1406 si
309 1379 412 1412 credas,
425 1378 500 1405 illam
513 1379 606 1413 sequar
618 1387 684 1405 vnus
703 1376 735 1403 ad
748 1385 814 1403 aras.
1095 1381 1124 1408 33
1142 1384 1166 1408 3,
1181 1383 1198 1410 7
1218 1376 1331 1409 Optimo
1346 1376 1418 1401 enim
1438 1376 1497 1402 iure
1511 1384 1541 1401 ea
1557 1375 1615 1401 sunt
1635 1375 1758 1409 profecto
1771 1375 1888 1410 praedia,
1902 1384 1971 1410 quae
1990 1376 2092 1411 optima
2108 1376 2198 1403 condi-

185 1417 266 1444 Tunc
279 1415 347 1442 mihi
359 1424 413 1442 noii
427 1414 511 1441 oculis
525 1414 554 1441 fit
568 1414 680 1441 timuisse
693 1412 767 1439 meis.
1142 1412 1217 1437 tione
1233 1412 1301 1437 sunt.
1338 1411 1437 1437 Libera
1450 1411 1563 1436 meliore
1577 1410 1733 1436 conditione
1747 1411 1815 1443 sunt,
1829 1420 1908 1445 quam
1921 1411 2005 1438 serua.
2042 1426 2087 1431 —
2124 1412 2198 1438 Solu-

52 1453 124 1488 'empe
134 1453 287 1488 putabantur
300 1453 427 1478 esem-cari
439 1453 509 1483 viri,
526 1453 569 1486 qui
580 1450 657 1486 jaci-a
670 1447 717 1482 ista
733 1445 859 1480 vidfflnt.
897 1446 1025 1472 Caeterum
1043 1446 1078 1473 ad
1142 1452 1169 1474 ta
1183 1447 1299 1473 meliore
1312 1447 1342 1472 in
1355 1447 1431 1472 causa
1445 1448 1513 1478 sunt,
1534 1455 1614 1481 quani
1631 1446 1749 1480 obligata
1784 1460 1829 1466 —
1866 1447 2000 1473 Immunia
2013 1447 2199 1474 commodiore

47 1507 53 1513 .
67 1489 85 1513 Ι.
101 1489 203 1523 Templa
223 1489 309 1514 Bonae
331 1487 401 1514 Deae
420 1486 514 1513 erudite
526 1487 684 1522 per-liquitur
705 1481 893 1516 Brouclchustus.
919 1482 977 1509 Via.
992 1482 1077 1518 praes]
1143 1482 1298 1509 conditione
1312 1483 1388 1517 sunt,
1408 1491 1490 1516 quain
1501 1482 1558 1513 illa,
1572 1491 1640 1516 qiiae
1654 1481 1791 1515 pcnlitant.
1833 1482 1897 1507 Tam
1910 1483 1960 1507 late
1967 1489 2041 1542 ¹patet
2053 1483 2117 1508 illud
2130 1484 2199 1517 opti-

42 1522 108 1549 inid,
124 1523 188 1549 Fast,
202 1531 230 1557 ς,
246 1529 289 1557 ¹48
303 1524 358 1558 sqq.
396 1521 511 1558 Suspefla
528 1524 587 1548 hacc
599 1521 676 1557 saci-a
689 1520 763 1556 facit
786 1522 860 1545 etiam
874 1518 955 1544 Ouid.
979 1518 1036 1544 Art.
1052 1527 1075 1550 3,
1142 1527 1189 1545 mo
1210 1519 1277 1545 iure.
1315 1519 1371 1545 Lex
1393 1517 1491 1544 melior
1510 1519 1579 1544 Hor.
1605 1517 1684 1551 Epist.
1700 1526 1719 1549 1,
1735 1525 1756 1549 1,
1770 1519 1811 1543 62.
1843 1517 1954 1551 Optima
1978 1526 2037 1551 ege,
2053 1518 2104 1543 vid.
2117 1526 2133 1545 ι,
2144 1526 2197 1546 Ex.

46 1565 76 1591 37
112 1560 181 1585 Cum
194 1560 267 1593 suget
281 1567 295 1584 e
309 1558 413 1593 templis
432 1557 524 1583 oculos
538 1557 611 1583 Bona
625 1556 695 1583 Diua
713 1557 855 1584 virorum,
875 1555 1076 1589 Praeterquam,
1090 1559 1127 1584 40
1143 1554 1226 1581 Plaut.
1240 1556 1314 1581 Men.
1328 1563 1354 1587 4,
1369 1562 1394 1586 2,
1411 1556 1457 1580 106
1479 1552 1559 1586 Qiasi
1573 1561 1627 1578 non
1639 1552 1768 1584 habeam,
1783 1561 1838 1587 quo
1855 1553 2036 1585 intromittar,
2048 1553 2130 1580 alium
2146 1564 2199 1580 mc·

0 1607 4 1621 s
60 1602 126 1627 quos
140 1593 187 1620 illa
200 1594 293 1620 venire
306 1593 388 1620 iubet.
427 1595 519 1619 quen.
533 1595 558 1623 6,
568 1601 612 1626 314
628 1593 701 1619 Nota
709 1593 796 1618 Bonae
815 1591 912 1616 secreta
919 1591 1000 1622 Deae,
1013 1599 1076 1616 cuin
1141 1591 1240 1617 liorem
1254 1591 1353 1617 locum.
1375 1589 1431 1616 Cic.
1446 1588 1478 1615 ad
1490 1590 1563 1615 Brut.
1577 1597 1618 1623 ep.
1632 1597 1653 1620 3.
1675 1588 1790 1615 Nostrae
1807 1597 1848 1614 res
1866 1588 1980 1615 meliore
1993 1589 2053 1615 loco
2072 1590 2199 1617 videban-

2 1651 5 1657 .
49 1627 92 1656 bia
118 1629 223 1657 lumbos
250 1629 344 1656 Incitat
365 1636 391 1656 et
413 1638 497 1656 cornu
516 1629 616 1663 pariter
641 1629 760 1662 vinoque
787 1627 912 1653 feruntur
931 1626 1078 1652 Attonitae.
1143 1632 1203 1659 tur,
1225 1629 1243 1653 i.
1265 1626 1415 1653 conditione.
1438 1626 1495 1652 Cic.
1516 1624 1548 1651 de
1562 1625 1655 1659 Arusp.
1669 1625 1744 1659 Resp.
1766 1627 1793 1651 61
1809 1634 1829 1650 c.
1843 1629 1874 1655 28
1904 1625 1975 1651 Nam
1995 1632 2024 1651 vt
2043 1626 2157 1653 meliore
2170 1626 2199 1652 fi.

0 1679 2 1688 ι
53 1663 117 1700 pide
130 1665 203 1692 Naso
217 1665 274 1692 Art.
288 1674 316 1697 3,
328 1674 376 1698 243
414 1666 492 1698 Qiae
511 1664 582 1690 male
601 1664 698 1690 crinita
718 1663 771 1696 est,
787 1662 920 1689 custodem
936 1662 964 1688 in
983 1662 1078 1688 limine
1142 1672 1201 1689 mus
1224 1663 1286 1689 loco
1293 1682 1302 1694 ,
1314 1670 1348 1688 ne
1367 1661 1513 1696 optandum
1535 1660 1645 1696 quidem
1664 1660 1700 1686 est
1719 1661 1768 1686 illo
1788 1660 1937 1696 impunito:
1963 1659 2096 1688 deteriore
2109 1670 2200 1689 autem

7 1713 11 1720 «
43 1705 120 1733 onat,
139 1701 292 1728 Orneturue
308 1701 396 1727 Bonae
416 1701 518 1735 semper
537 1701 566 1726 in
588 1699 652 1726 aede
670 1700 748 1726 Deae.
783 1700 821 1724 De
840 1700 907 1723 viris
924 1697 1079 1731 effiminatis
1143 1699 1210 1724 statu
1228 1704 1256 1724 vt
1271 1698 1366 1730 fimus,
1387 1707 1454 1724 viius
1467 1697 1503 1723 est
1516 1697 1633 1723 inferior
1647 1696 1752 1730 gradus,
1766 1704 1812 1723 etc.
1869 1697 1986 1723 Lucrum
1999 1697 2100 1724 bonum
2114 1699 2198 1725 Plaut.

50 1744 118 1763 iiien.
133 1745 157 1769 2,
171 1739 204 1768 86
240 1737 327 1771 Atque
335 1737 437 1763 Bonam
452 1741 558 1762 tenerae
568 1735 670 1770 placant
688 1734 832 1761 abdomine
851 1734 943 1760 Parcae
979 1734 1009 1759 Et
1022 1742 1076 1759 ma-
1092 1741 1126 1768 43
1143 1734 1239 1769 Amph.
1257 1734 1327 1768 prol.
1346 1736 1364 1760 6
1399 1734 1481 1760 Stilus
1503 1733 1621 1767 optimus
1643 1739 1669 1759 ct
1695 1731 1922 1767 praestantiffimus
1942 1732 2048 1759 dicendi
2071 1734 2199 1769 Magister

2 1780 12 1801 ἡ
44 1781 78 1798 no
92 1778 193 1800 cratere
206 1773 288 1799 Deam
303 1779 349 1799 etc.
386 1771 434 1799 Sed
445 1772 521 1805 Prop.
529 1782 557 1805 4,
570 1779 597 1803 9,
611 1778 639 1803 23
677 1770 819 1797 Femineae
831 1768 889 1795 loca
902 1769 1075 1802 claiisaDeae,
1143 1770 1200 1797 Cic.
1216 1770 1248 1796 de
1262 1770 1310 1797 Or.
1326 1778 1335 1795 1
1360 1779 1381 1795 c.
1397 1777 1432 1801 33.
1493 1769 1626 1794 Memoria
1645 1767 1716 1794 bona
1734 1768 1773 1794 Id.
1786 1769 1840 1794 Att.
1861 1773 1885 1799 8,
1902 1777 1929 1801 4.
1986 1770 2019 1794 Et
2037 1769 2121 1796 Tusc.
2139 1778 2159 1802 1,
2173 1778 2197 1802 13

8 1828 13 1835 ..
43 1813 166 1842 ·ntesque
183 1807 309 1843 piandos,
336 1809 446 1842 Impune
466 1813 492 1833 ct
518 1806 599 1832 nullis
618 1806 688 1832 sacra
714 1805 814 1833 retee‘ia
835 1805 913 1832 viris.
951 1806 1077 1832 Feminea
1142 1807 1198 1840 Ego
1211 1812 1300 1832 autem
1311 1814 1367 1831 non
1378 1804 1553 1830 commemini
1567 1809 1627 1829 ante
1640 1812 1720 1837 quam
1734 1804 1792 1829 sum
1810 1809 1901 1835 natus,
1915 1812 1958 1829 me
1971 1804 2111 1831 miserum:
2130 1812 2158 1831 tu
2178 1804 2197 1831 fi

43 1850 108 1879 cmpe
120 1844 192 1871 Bona
210 1845 265 1871 Dea
279 1843 327 1877 est,
340 1852 411 1879 quam
425 1841 564 1868 Γυναικείαν
577 1842 658 1868 etiam
672 1842 768 1869 Gracci
788 1841 888 1868 dicunt.
919 1840 1008 1867 Eadem
1025 1842 1075 1867 Da·
1142 1842 1256 1868 meliore
1268 1840 1401 1866 memoria
1413 1849 1440 1866 es
1449 1860 1457 1871 ‚
1471 1839 1554 1865 velim
1568 1839 1634 1866 scire
1643 1859 1651 1870 ,
1664 1838 1760 1873 ecquid
1775 1837 1807 1864 de
1821 1844 1846 1864 te
1864 1838 2014 1866 recordere.
2041 1840 2109 1867 Ter.
2121 1841 2197 1868 Adel.

55 1879 96 1912 ia,
110 1880 141 1906 ab
151 1881 222 1906 Aeol.
244 1877 327 1912 δοίμιος
334 1885 383 1913 pro
397 1876 493 1912 δήμιος,
507 1881 568 1914 quia
579 1887 629 1913 pro
643 1878 754 1912 populo,
767 1881 809 1914 qui
823 1875 896 1910 δῆμος
910 1877 928 1903 s.
943 1874 1019 1908 δᾶμος
1031 1874 1076 1909 est,
1141 1885 1166 1909 3,
1174 1885 1196 1909 3,
1209 1884 1244 1910 79
1265 1875 1408 1910 Numquid
1415 1875 1473 1901 vis?
1494 1882 1522 1901 D.
1545 1875 1663 1901 Mentem
1676 1873 1754 1900 vobis
1768 1874 1908 1901 meliorem
1922 1875 1987 1901 dari.
2010 1875 2065 1902 Cic.
2078 1877 2116 1910 Q
2126 1878 2197 1903 Frat.

35 1924 101 1940 icra
113 1914 263 1977 ίϋῐξεόανιε.
289 1914 348 1941 Vid.
357 1915 414 1941 Cic.
427 1914 460 1941 de
473 1915 586 1948 Harusp.
596 1915 700 1947 Resp.c.
709 1921 746 1948 17.
763 1920 788 1939 et
799 1912 875 1948 infra
891 1918 910 1938 D
921 1919 942 1938 Α
953 1918 977 1938 Μ
988 1919 1026 1937 ιν
1039 1918 1074 1937 Μ.
1093 1918 1125 1944 ςο
1141 1920 1168 1944 2,
1180 1920 1192 1945 ς
1209 1912 1390 1945 Ἀμφιλαφίαν
1410 1916 1498 1937 autem
1518 1909 1603 1942 illam,
1616 1918 1697 1944 quam
1710 1915 1740 1935 tii
1753 1909 1820 1935 soles
1834 1909 1932 1942 dicere,
1945 1910 2019 1937 bono
2032 1912 2115 1938 modo
2133 1912 2198 1939 defi-

48 1949 153 1977 entibus
183 1951 242 1977 onis
257 1951 343 1977 lenam
357 1950 470 1985 probam
483 1950 532 1976 effe
544 1955 651 1984 oportet
663 1950 744 1975 Plaut.
759 1949 846 1974 Truc.
859 1956 883 1980 2,
897 1954 964 1980 1,i4.
983 1948 1076 1982 Nempe
1142 1947 1224 1980 dero,
1238 1955 1283 1973 etc.
1333 1946 1490 1973 Modulator
1502 1946 1620 1978 optimus
1633 1945 1700 1970 Hor.
1715 1944 1797 1983 Serui.
1813 1952 1833 1975 1,
1844 1952 1867 1976 3,
1883 1953 1933 1975 130.
1964 1946 2021 1971 Seri.
2035 1948 2126 1981 Agant.
2146 1957 2198 1981 242

43 1988 66 2011 i
77 1985 185 2019 deuoret,
199 1986 310 2013 comedat
324 1993 390 2013 certe
402 1992 534 2013 amatores.
571 1985 681 2012 Dictum
689 1984 784 2011 melius
791 1984 873 2010 Plaut.
886 1982 966 2009 Stich.
974 1991 997 2015 2,
1005 1990 1074 2017 2‚73.
1142 1984 1214 2010 Nam
1227 1984 1284 2009 fera
1297 1990 1433 2015 nunquam
1447 1980 1484 2019 est
1503 1979 1536 2005 ad
1545 1978 1640 2018 *bonos
1658 1987 1746 2004 mores
1765 1987 1819 2004 Via.
1844 2013 1848 2019 ⁵
1870 1980 1945 2006 Mors
1961 1980 2047 2013 bona,
2057 1989 2106 2017 pro
2121 1983 2199 2017 facili

8 2032 15 2048 i
48 2021 101 2052 ιὲὶα
114 2021 185 2049 bona
196 2023 252 2049 Cic.
265 2021 297 2048 de
311 2023 386 2048 Orat.
401 2030 414 2048 2
429 2031 451 2048 c.
467 2029 509 2055 54.
521 2020 587 2057 sunt
598 2021 722 2057 facetiae,
736 2023 785 2047 ioci
797 2022 866 2046 acuti
874 2018 964 2055 ‚jalen
1002 2019 1076 2053 Virg.
1141 2026 1165 2045 et
1184 2019 1278 2044 doloris
1300 2023 1398 2055 essperte
1418 2015 1484 2040 Plin.
1504 2013 1583 2048 Epist.
1604 2022 1626 2045 2,
1639 2021 1683 2046 20,
1701 2019 1724 2043 8.
1785 2014 1895 2048 Optima
1917 2016 2008 2049 Mors,
2022 2026 2115 2051 parca,
2129 2028 2198 2053 quae

49 2065 121 2092 eoi-g.
135 2066 163 2090 3,
178 2060 213 2084 66
248 2058 358 2093 Optima
372 2066 495 2092 quaeque
513 2057 569 2084 dies
588 2057 692 2083 miseris
710 2055 869 2083 mortalibus
890 2055 952 2082 acui
987 2055 1074 2080 Prima
1140 2054 1215 2078 venit
1227 2057 1287 2084 apta
1300 2050 1343 2089 die
1356 2051 1511 2090 Propertj,
1523 2057 1546 2082 3,
1561 2058 1606 2082 40.
1627 2048 1656 2074 de
1668 2049 1798 2090 sententia
1812 2049 1866 2090 vid.
1878 2051 1926 2087 fiib
1944 2057 2022 2079 DIES.
2044 2053 2113 2080 Ter.
2130 2055 2198 2082 Eun.

46 2093 101 2127 igit.
175 2094 222 2120 Dii
235 2093 405 2129 beneficentiae
417 2093 490 2128 causta
503 2093 571 2119 Boni
590 2093 723 2124 dicuntur,
737 2093 778 2118 vel
790 2091 856 2117 Diui
871 2090 936 2116 boni
955 2095 984 2126 pt
1004 2089 1072 2113 Hor.
1092 2094 1121 2119 53
1140 2095 1165 2117 2,
1178 2095 1201 2118 3,
1215 2095 1251 2120 24
1292 2085 1319 2111 Si
1333 2094 1385 2120 qua
1398 2084 1520 2112 habitior
1532 2085 1631 2120 paullo,
1644 2085 1761 2120 pugilem
1770 2086 1822 2126 ‘eise
1835 2093 1922 2113 aiunt:
1943 2087 2077 2116 deducunt
2096 2090 2198 2123 cibum,

19 2137 21 2142 ·
45 2137 112 2155 arm.
125 2139 144 2163 4
167 2138 190 2162 2,
201 2134 239 2162 38,
258 2129 331 2155 Bona
342 2131 410 2155 Iuno
424 2129 498 2162 Virg‚
505 2129 569 2153 Aen.
579 2136 605 2159 1,
618 2132 674 2161 738.
710 2129 767 2153 Huc
773 2124 842 2159 rgfer
854 2123 919 2149 illud
931 2123 1006 2155 Virg.
1020 2121 1072 2148 Ecl.
1138 2121 1240 2148 tametsi
1252 2120 1323 2148 bona
1337 2121 1374 2147 est
1386 2127 1491 2154 natura,
1504 2120 1618 2148 reddunt
1629 2128 1753 2148 curatura
1768 2130 1881 2149 iunceas.
1908 2123 1958 2150 Vbi
1969 2124 2098 2158 Donatus,
2113 2127 2198 2160 Bona,

17 2158 29 2183 l*
57 2166 88 2198 ⁶5
125 2151 164 2191 εἷς
184 2165 269 2191 bonus
283 2164 301 2190 ὂ
315 2165 435 2197 felixque
453 2163 514 2188 tuis.
539 2162 608 2197 conf.
632 2162 723 2195 Spanh.
738 2160 767 2185 de
784 2158 833 2193 Issit
847 2164 894 2183 etc.
918 2158 993 2182 Num.
1015 2155 1071 2190 dist:
1138 2157 1156 2184 i.
1170 2166 1194 2184 e.
1215 2157 1308 2189 Plena,
1320 2166 1415 2193 magna
1433 2164 1458 2184 et
1478 2157 1592 2192 pinguis.
1623 2158 1680 2184 Cic.
1699 2157 1732 2184 de
1750 2158 1843 2184 Diuin.
1859 2167 1884 2191 1,
1897 2167 1941 2186 102
1976 2161 2098 2197 Itemque
2114 2163 2143 2188 in
2157 2162 2196 2190 lu-

47 2219 53 2225 .
66 2209 92 2234 p.
99 2202 153 2231 336.
169 2201 206 2235 sq.
277 2200 392 2225 Euentus
414 2197 514 2228 bonus,
532 2198 599 2222 Deus
612 2195 666 2221 vid.
674 2195 699 2231 s
714 2196 731 2221 l.
790 2194 882 2220 Exitus
902 2192 988 2219 bonus
1002 2194 1071 2220 Hor.
1137 2193 1240 2220 stranda
1254 2193 1376 2226 colonia,
1388 2193 1421 2221 ab
1433 2202 1477 2226 eo,
1489 2195 1537 2229 qui
1549 2202 1608 2220 eain
1622 2192 1778 2226 deduceret,
1791 2200 1817 2220 et
1830 2204 1915 2229 quum
1928 2196 2078 2231 Imperator
2095 2200 2196 2226 exerci-

34 2259 36 2263 ‚
79 2246 109 2260 ιι.
123 2243 152 2268 4,
166 2239 190 2266 8,
207 2242 248 2267 34.
284 2234 353 2259 Suet.
367 2233 394 2259 in
407 2233 457 2258 Iul.
472 2232 544 2258 Caes.
560 2236 592 2262 80
612 2231 715 2258 Bonum
731 2230 849 2257 Factum.
871 2230 906 2255 Vt
917 2229 1017 2263 nequis
1029 2229 1071 2256 Se·
1138 2235 1211 2261 tuni,
1233 2230 1334 2257 Censor
1353 2230 1481 2265 populum
1502 2229 1639 2262 lusti-aret,
1658 2229 1737 2256 bonis
1749 2230 1916 2257 Nominibus
1935 2233 1983 2266 qui
2000 2232 2099 2260 hostias
2117 2234 2196 2261 duce-

18 2284 21 2289 ·
42 2269 108 2297 tori
125 2278 199 2296 nouo
211 2269 313 2296 curiam
327 2268 473 2295 monstrare
493 2267 567 2296 velit.
602 2266 672 2295 Add.
686 2265 724 2293 Id.
738 2266 794 2293 Vit.
808 2276 830 2292 c.
846 2274 884 2298 ¹4·
906 2265 1010 2291 Bonum
1024 2266 1072 2292 Fa·
1087 2268 1122 2294 60
1137 2272 1211 2298 rent,
1225 2265 1402 2301 eligebantur.
1440 2265 1522 2298 Qiod
1536 2265 1607 2292 idem
1621 2266 1649 2291 in
1668 2265 1772 2292 deleehi
1787 2266 1915 2293 Consules
1926 2267 2082 2300 obstruant,
2097 2276 2127 2296 vt
2140 2271 2195 2304 pri.

20 2302 36 2335 ’ἦ
83 2319 102 2333 .
128 2305 172 2332 Ne
190 2305 317 2332 Vitellius
336 2311 381 2331 etc.
422 2306 515 2339 Nempe
533 2303 590 2330 boni
608 2305 699 2329 ominis
716 2302 806 2338 causa,
825 2302 931 2328 Bonum
950 2300 1071 2334 Fadium,
1138 2311 1197 2328 mus
1213 2301 1289 2328 miles
1303 2301 1349 2328 fiat
1366 2301 1440 2328 bono
1453 2301 1583 2328 Nomine.
1600 2304 1618 2327 i.
1639 2301 1690 2336 aus
1700 2304 1782 2332 icaro,
1796 2309 1821 2327 et
1833 2302 1920 2327 bonum
1935 2303 2034 2338 aliquid
2043 2304 2194 2341 significan.

20 2336 35 2372 ἲ,
57 2358 66 2363 ιι
90 2344 134 2369 ari
140 2341 254 2378 solebant
266 2344 293 2368 in
305 2337 403 2367 edistis.
422 2339 543 2367 Tertull.
567 2338 599 2365 de
613 2338 703 2365 Pudic.
714 2345 758 2374 pr.
783 2339 807 2365 O
822 2336 953 2369 edietum,
967 2337 1011 2363 cui
1027 2337 1071 2363 ad·
1136 2344 1177 2369 te,
1191 2343 1216 2363 et
1232 2339 1301 2364 velut
1315 2337 1486 2372 portendente.
1522 2338 1561 2376 Dc
1579 2337 1658 2362 altero
1700 2337 1748 2363 oni
1766 2336 1894 2377 Nominis
1911 2337 2039 2366 intelleeiu
2058 2341 2112 2367 vid.
2131 2349 2194 2369 No-

14 2373 29 2401 <¹t
45 2392 88 2409 «ιιι4
110 2386 165 2404 non
179 2377 278 2412 poterit
295 2376 396 2403 bonum
410 2375 528 2402 factum!
553 2374 634 2401 Plaut.
649 2376 730 2401 Poen.
745 2373 812 2409 prol.
826 2383 852 2400 v.
870 2375 897 2399 16
912 2379 938 2399 et
952 2380 994 2406 45.
1020 2373 1071 2399 sso-
1137 2380 1189 2399 ME
1199 2380 1230 2399 N.
1267 2372 1401 2399 Columel.
1413 2371 1446 2398 de
1458 2371 1586 2398 Arborib.
1602 2381 1620 2405 4
1639 2372 1673 2398 At
1692 2381 1760 2407 quae
1779 2378 1902 2407 protinus
1921 2374 2059 2402 interram
2072 2377 2193 2411 proiefia

23 2411 28 2418 ’
44 2401 71 2423 ¹²²
95 2413 198 2441 {aetum
217 2412 369 2445 est,edi6ta
387 2418 416 2439 vt
434 2412 544 2439 sei-uetis
560 2420 619 2440 mea
639 2410 698 2438 md.
714 2420 740 2443 1,
753 2419 789 2436 22.
821 2408 959 2443 Qiaedam
977 2408 1071 2435 literae
1137 2408 1188 2439 est,
1203 2407 1333 2440 multum,
1352 2407 1397 2434 sed
1420 2416 1475 2434 non
1496 2407 1582 2434 bonae
1600 2407 1689 2448 Notae
1708 2409 1804 2435 vinum
1822 2409 1896 2436 facit.
1933 2410 1974 2437 De
1993 2411 2107 2439 meliore
2129 2420 2193 2440 nota

22 2450 63 2482 ιιι(
76 2448 144 2477 bris
163 2449 230 2476 iuris
247 2448 393 2476 verborum
411 2449 520 2475 suorum
537 2453 617 2474 notae
628 2448 696 2474 sunt.
733 2461 779 2466 -—
814 2444 984 2472 Scribebatiir
996 2445 1069 2470 enim
1085 2451 1117 2483 65-
1136 2443 1224 2470 Catul.
1239 2446 1281 2476 63,
1300 2448 1337 2474 28.
1363 2443 1423 2484 isid.
1444 2450 1497 2471 No
1509 2449 1531 2470 Τ
1543 2451 1575 2470 Α.
1611 2444 1669 2470 Cic.
1686 2443 1739 2484 Off.
1755 2453 1779 2477 3,
1798 2453 1827 2477 91
1848 2445 1891 2485 ¹Si
1908 2446 2010 2480 sapiens
2027 2448 2193 2476 adulterinos

46 2500 57 2507 -
76 2485 94 2508 .'
107 2485 193 2521 gratia
203 2494 249 2520 per
260 2485 288 2511 B.
302 2486 333 2512 et'
342 2485 370 2512 F.
384 2485 489 2512 Bonum
503 2483 628 2516 Paetum,
646 2492 694 2518 per
705 2482 730 2508 S.
743 2488 769 2508 et
781 2482 811 2508 C.
831 2481 939 2507 Senatus
958 2479 1070 2506 Consul·
1135 2488 1231 2506 numos
1251 2485 1382 2514 acceperit
1402 2479 1555 2514 imprudens
1574 2488 1624 2514 pro
1636 2478 1723 2507 bonis.
1767 2481 1886 2508 Nuntius
1901 2480 1987 2509 bonus
1998 2483 2083 2511 Plaut.
2092 2485 2191 2520 Amph.

66 2535 85 2549 ,
120 2521 243 2549 Cic.,Att.
255 2528 288 2556 7,
300 2529 328 2554 ²5
364 2521 438 2547 Bona
455 2519 487 2546 de
505 2520 644 2551 Domitio,
664 2517 799 2553 praeclara
815 2516 848 2543 de
866 2515 980 2542 Afranio
998 2515 1068 2542 fama
1136 2515 1204 2550 prol.
1220 2524 1254 2542 12.
1293 2516 1357 2543 Aur.
1375 2515 1472 2542 Victor
1490 2515 1522 2542 de
1540 2516 1613 2542 Viris
1632 2515 1725 2543 illustr.
1739 2525 1758 2550 4
1778 2517 1881 2544 Tullus
1900 2518 2047 2553 Hostilius,
2061 2521 2125 2556 quia
2144 2521 2193 2548 bo—

43 2560 65 2584 '.
101 2558 209 2584 Famam
226 2555 325 2584 bonam
342 2556 486 2591 deperdere
504 2557 573 2583 Hor.
593 2556 675 2582 Serui.
689 2562 709 2585 i,
722 2561 745 2584 2,
757 2554 794 2579 61.
833 2553 928 2579 Famae
946 2551 1068 2578 melioris
1134 2560 1195 2578 nam
1210 2560 1319 2586 operam
1332 2552 1472 2579 aduersum
1485 2551 1596 2578 Sabinos
1608 2558 1768 2585 naiiauerat‚
1780 2561 1827 2579 rex
1840 2560 1952 2587 creatus,
1966 2554 2067 2582 bellum
2080 2556 2192 2584 Albanis

28 2593 120 2620 ,litus
136 2593 213 2627 Virg.
232 2593 297 2618 Aen.
309 2601 344 2625 4,
362 2599 413 2618 221.
457 2592 528 2618 Fatis
550 2589 710 2618 melioribus
728 2588 769 2615 vti
788 2589 864 2622 Virg.
885 2589 950 2628 Aen.
963 2588 996 2620 6,
1009 2589 1068 2628 54⁶:
1134 2587 1242 2614 indixit.
1293 2588 1391 2628 -Parca
1411 2588 1525 2614 meliore
1540 2587 1622 2628 Ouid.
1635 2588 1715 2623 Epist.
1730 2597 1761 2621 ιι,
1777 2597 1830 2622 105.
1849 2593 1868 2615 ι’.
1890 2599 1910 2616 e.
1932 2591 2038 2617 Meliore
2050 2591 2130 2628 fato,
2145 2593 2192 2630 fiu

51 2637 89 2655 er.
101 2629 167 2655 Eun.
181 2636 205 2660 2,
216 2636 240 2659 3,
267 2636 276 2653 i
304 2628 402 2662 Neque
413 2634 574 2661 quemquam
592 2627 641 2653 eise
659 2634 708 2660 ego
720 2624 859 2651 hominem
878 2622 1013 2656 arbitror,
1025 2631 1069 2650 cui
1078 2635 1114 2662 70
1128 2623 1245 2661 felicius.
1267 2624 1323 2650 Cic.
1338 2623 1371 2650 de
1383 2624 1458 2651 Orat.
1480 2632 1511 2656 2,
1526 2632 1556 2658 ¹4
1583 2623 1681 2650 Aiebat
1695 2624 1793 2651 bonam
1806 2632 1908 2659 partem
1922 2626 2052 2654 sermonis
2072 2628 2101 2655 in
2121 2629 2191 2656 hunc

10 2669 17 2685 ί
55 2682 58 2686 ι
71 2664 106 2690 ·is
116 2663 204 2690 bonae
220 2663 247 2689 fe
259 2663 361 2689 icitates
380 2671 473 2689 omncs
490 2661 612 2689 aduersae
624 2662 696 2688 fient.
732 2660 809 2687 Fides
822 2659 893 2686 bona
902 2659 1029 2695 frequens
1041 2662 1069 2685 in
1134 2659 1207 2686 diem
1219 2660 1268 2686 eise
1283 2659 1401 2686 dilatam.
1428 2659 1510 2687 Ouid.
1525 2659 1591 2686 Fast.
1607 2668 1637 2693 ς,
1654 2668 1697 2693 ιςο
1739 2661 1798 2686 Pars
1819 2660 1891 2688 bona
1905 2663 2005 2689 montis
2017 2670 2082 2691 erat.
2120 2666 2189 2692 Hor.

53 2701 112 2725 imis
124 2701 151 2724 in
168 2698 244 2725 libris
258 2698 380 2725 ICtorum.
426 2697 538 2724 Modest.
551 2697 608 2724 inl.
621 2706 667 2731 109
692 2698 725 2724 D.
739 2695 771 2723 de
783 2695 858 2723 verb.
874 2695 982 2729 fignific.
1019 2695 1068 2721 130-
1134 2696 1216 2722 Serin.
1236 2704 1256 2728 1,
1270 2703 1290 2728 1,
1303 2698 1332 2722 61
1369 2697 1403 2722 At
1416 2696 1486 2723 bona
1504 2705 1562 2730 pars
1575 2695 1715 2723 hominum
1733 2695 1840 2731 decepta
1857 2698 1983 2732 cupidine
1995 2699 2072 2727 falso.
2129 2702 2190 2728 Pars

43 2743 71 2761 e
83 2733 148 2760 fidei
158 2739 245 2760 enitor
263 2734 312 2760 effe
323 2734 443 2766 videtur,
457 2734 504 2768 qui
516 2739 561 2760 aut
572 2734 707 2767 ignorauit
724 2741 782 2759 eam
800 2741 856 2759 rem
872 2731 987 2758 alienam
1005 2731 1068 2758 ess'e:
1134 2732 1234 2758 melior
1254 2730 1325 2764 dici,
1339 2738 1390 2767 pro
1413 2733 1511 2759 Maiore
1526 2739 1549 2758 et
1556 2734 1651 2767 prima.
1672 2733 1747 2767 Virg.
1765 2733 1829 2759 Aen.
1845 2742 1870 2766 9,
1884 2736 1921 2760 61.
1960 2735 2078 2762 Seruius.
2119 2738 2187 2764 Hor.

57 2776 68 2796 t
78 2769 211 2805 eum,qui
221 2768 358 2802 vendidit,
377 2770 419 2797 ius
430 2769 535 2804 putauit
551 2769 685 2796 vendendi
700 2768 813 2800 habere,
836 2773 899 2803 puta
916 2773 1069 2802 procurato·
1134 2767 1213 2802 Epist.
1228 2776 1251 2800 2,
1264 2777 1283 2800 i,
1297 2776 1341 2794 102
1378 2769 1438 2794 Hoc
1451 2776 1525 2802 paces
1545 2766 1663 2795 habuere
1678 2767 1782 2801 bonae,
1793 2769 1921 2804 ventique
1933 2771 2049 2798 secundi.
2112 2773 2188 2799 Pater

52 2815 78 2832 m
97 2811 143 2832 aut
159 2812 275 2832 tutorem
294 2806 350 2832 effe.
403 2808 471 2832 Anti
488 2808 515 2832 ui
533 2814 605 2842 quum
614 2805 679 2841 fieri
696 2804 794 2841 aliquid
813 2814 863 2830 non
877 2801 1068 2839 perfunctorie,
1086 2812 1119 2840 75
1134 2805 1251 2839 optimus
1265 2803 1365 2838 patriae
1378 2804 1473 2831 Caesar
1486 2803 1567 2831 Ouid.
1590 2804 1655 2831 Fast.
1671 2812 1694 2837 2,
1708 2812 1760 2839 127.
1811 2806 1890 2832 Poeta
1908 2805 1993 2833 bonus
2008 2808 2186 2841 Cic.QI⁴'i-at.

22 2861 25 2866 .
50 2851 64 2868 c
69 2840 184 2876 simulate
200 2847 245 2868 aut
258 2841 322 2868 dicis
335 2841 417 2878 causti,
427 2841 456 2877 fi·
479 2841 558 2877 strio,
570 2848 721 2868 accurataet
732 2844 811 2871 enixe,
820 2841 931 2875 intelligi
945 2839 1069 2872 volebant,
1133 2849 1154 2872 i,
1170 2849 1189 2867 1.
1225 2839 1263 2866 Id.
1272 2840 1300 2865 in
1313 2840 1393 2866 Catil.
1409 2849 1432 2873 2,
1445 2848 1473 2873 25
1493 2839 1629 2866 Postremo
1642 2840 1734 2875 copiae
1747 2850 1809 2867 cum
1821 2841 1946 2876 egestate,
1960 2842 2030 2869 bona
2042 2844 2111 2869 ratio
2125 2853 2187 2871 cum

12 2886 19 2898 ι·
44 2886 90 2904 una
97 2877 149 2904 fide
158 2877 244 2904 facere
251 2877 372 2904 dicebant.
384 2878 489 2904 Petron.
500 2886 522 2904 ιι
542 2877 696 2912 osculisque
708 2876 813 2904 tandein
822 2875 892 2902 bona
901 2874 953 2902 fide
960 2875 1067 2902 exactis.
1132 2875 1236 2911 perdita
1245 2896 1253 2908 ,
1266 2884 1341 2902 mens
1353 2876 1413 2902 sana
1425 2885 1485 2903 cum
1497 2877 1626 2903 amentia:
1647 2875 1718 2903 bona
1731 2876 1846 2912 denique
1862 2878 1918 2912 spes
1931 2887 1990 2904 cum
2006 2879 2128 2905 omnium
2146 2888 2187 2906 re-

10 2914 15 2933 1
59 2921 130 2940 c.iio
137 2913 342 2948 Tuncpriniiun
350 2912 420 2941 bona
428 2913 480 2940 fide
487 2922 571 2948 puero
580 2913 680 2940 bafiuin
689 2912 771 2939 dedit.
792 2913 822 2938 Et
829 2921 852 2938 c.
860 2912 1009 2946 990ptiina
1016 2911 1067 2938 fide
1133 2921 1193 2939 rum
1212 2912 1394 2947 desperatione
1416 2912 1545 2947 confligit.
1621 2911 1709 2939 Rebus
1722 2911 1800 2939 bonis
1819 2921 1896 2947 agere
1914 2913 2013 2940 laetum
2032 2915 2184 2943 conuiuam.

0 2942 29 2984 &br
51 2949 223 2976 uiuiscentem
234 2949 376 2976 amicitiam
391 2955 450 2976 toto
465 2949 573 2984 peEtore
584 2949 721 2976 adstrinxi.
742 2948 870 2975 Laberius
878 2954 918 2983 ap.
926 2947 993 2974 Gell.
1004 2950 1068 2982 16,7
1132 2949 1200 2975 Hor.
1219 2948 1301 2975 Serm.
1320 2957 1343 2980 2,
1364 2950 1390 2981 6,
1411 2957 1461 2975 ιιο.
1487 2951 1505 2974 i.
1536 2949 1641 2984 Epulari
1659 2950 1726 2975 laute
1746 2955 1769 2975 et
1787 2949 1914 2975 hilariter.
1970 2950 2028 2976 Cic.
2043 2950 2095 2977 Att.
2109 2960 2144 2984 12,
2159 2960 2185 2979 21

0 2986 18 3010 Ἰ
51 2983 118 3012 osset
129 2983 199 3012 bona
208 2984 260 3012 fide
266 2994 314 3012 vos
321 2986 407 3013 Orcus
413 2985 494 3012 nudas
508 2985 537 3012 in
544 2986 697 3012 Catonium.
718 2985 784 3011 Plin.
798 2993 828 3016 14
837 2990 901 3010 extr.
920 2984 1029 3018 Optima
1038 2983 1067 3010 fi.
1083 2988 1115 3014 80
1132 2983 1213 3018 Qiod
1227 2993 1270 3010 me
1282 2985 1310 3011 in
1324 2984 1415 3011 forum
1428 2993 1521 3017 vocas,
1539 2993 1572 3011 eo
1585 2993 1679 3017 vocas,
1692 2984 1762 3011 vnde
1773 2984 1854 3010 etiam
1867 2983 1946 3011 bonis
1959 2985 2026 3012 meis
2045 2985 2124 3013 rebus
2142 2987 2186 3014 fu-

0 3013 5 3033 ²
44 3020 252 3055 nonretpiralse
265 3021 294 3048 in
301 3019 458 3053 hauriendo,
469 3030 556 3057 neque
562 3022 690 3056 exspuiise
698 3027 743 3048 etc.
780 3018 940 3046 Tertiill.de
948 3020 1043 3046 Anima
1056 3028 1066 3046 ι
1131 3019 1246 3055 giebam.
1267 3023 1285 3047 i.
1298 3018 1371 3053 statu
1377 3020 1464 3056 felici.
1511 3021 1550 3047 Re
1563 3020 1633 3047 bona
1646 3020 1768 3055 copiosus
1782 3020 1851 3047 Gell.
1872 3022 1909 3051 16,
1922 3029 1958 3053 19.
1975 3024 1993 3055 ts.
2007 3021 2085 3049 diues.
2134 3023 2185 3050 Bo·
2202 3031 2204 3033 ’

5 3051 10 3060 ’
50 3055 109 3082 ιΙεο
121 3053 258 3083 bonafide.
270 3059 287 3083 i.
295 3056 371 3093 serio.
407 3057 479 3085 Flor.
487 3066 530 3091 2,1
538 3064 583 3093 pr.
591 3058 705 3092 Populus
719 3058 796 3083 Rom.
806 3064 866 3082 cum
880 3055 950 3082 bona
958 3055 1008 3082 fide
1022 3055 1065 3082 ad·
1131 3065 1227 3083 narum
1247 3065 1338 3083 rerum
1356 3056 1519 3083 consuetudo
1538 3056 1641 3091 pellima
1661 3056 1697 3082 est
1711 3057 1737 3082 P.
1752 3056 1838 3089 Syrus.
1878 3058 1971 3092 Nempe
1983 3058 2051 3085 Hor.
2066 3058 2145 3093 Epist.
2161 3068 2183 3092 1,

49 3091 149 3118 euiffet.
169 3093 188 3118 ι’.
207 3101 273 3124 uere,
286 3099 316 3118 vt
329 3092 404 3119 robur
421 3102 514 3129 quoque
523 3097 686 3129 proportione
699 3095 791 3120 aetatis
806 3091 913 3118 haberet.
933 3091 1065 3126 Qiinetil.
1133 3101 1172 3125 10,
1186 3101 1217 3125 30
1252 3094 1341 3126 Qiein
1353 3101 1395 3119 res
1409 3093 1466 3128 plus
1478 3093 1565 3119 nimio
1578 3091 1744 3119 deiectauere
1757 3091 1901 3125 secundae,
1921 3093 2041 3120 Mutatae
2054 3095 2183 3129 quatient.
2195 3109 2205 3111 ⁴

0 3123 24 3162 Ι,
53 3127 86 3154 cl.
102 3135 140 3159 12,
155 3134 166 3153 1
202 3127 275 3154 Bona
291 3126 344 3155 fide
363 3128 480 3156 serarum
501 3130 549 3157 effe
568 3130 663 3157 ciuitas
683 3133 821 3163 coeperat,
845 3130 864 3154 i.
883 3130 996 3160 omnino,
1015 3137 1064 3154 non
1130 3128 1225 3155 Salutis
1242 3128 1329 3155 bonae
1350 3128 1368 3155 fi
1387 3129 1452 3164 quid
1473 3129 1529 3156 Cic.
1545 3129 1617 3154 Fam.
1632 3137 1664 3161 9,
1677 3136 1703 3163 7,
1717 3137 1739 3155 2.
1771 3128 1845 3162 Virg.
1860 3131 1925 3154 Aen.
1939 3136 1967 3161 ς,
1981 3137 2029 3163 415
2059 3131 2109 3157 l—iis
2131 3140 2183 3166 ego

4 3167 6 3169 ’
59 3163 178 3190 erbolica
197 3161 296 3189 dicendi
314 3167 418 3191 ratione.
459 3165 518 3192 Vid.
539 3166 624 3193 Burni.
638 3175 662 3200 p.
677 3174 738 3199 242.
766 3165 806 3191 Sic
822 3163 904 3190 Ouid.
919 3164 993 3190 Rem.
1005 3164 1065 3190 Am.
1082 3172 1111 3201 83
1129 3165 1216 3191 suetus
1231 3164 1296 3191 dum
1315 3165 1414 3192 melior
1431 3165 1503 3192 vires
1517 3164 1622 3199 sanguis
1640 3163 1726 3190 dabat.
1747 3167 1764 3191 i.
1783 3167 1899 3190 iuuentus
1912 3164 2008 3192 uiuida.
2080 3166 2182 3202 Scripta

57 3207 74 3232 9
94 3198 142 3225 Sed
161 3198 275 3226 meliore
292 3197 346 3226 fide
365 3200 502 3234 paullatim
521 3200 697 3236 exstinguitur
723 3200 791 3234 ignis
822 3201 910 3233 Qiam
925 3199 1020 3226 subito.
1043 3203 1063 3227 i.
1129 3201 1229 3236 optima
1243 3201 1408 3228 Graecorum
1422 3202 1490 3228 Hor.
1506 3200 1584 3236 Epist.
1601 3209 1623 3233 2,
1640 3209 1658 3232 i,
1671 3208 1712 3233 29.
1758 3200 1891 3226 Sententia
1908 3200 2008 3228 melior
2025 3202 2100 3237 Virg.
2114 3204 2181 3231 Aen.

17 3222 26 3273 2
58 3237 126 3267 tius,
138 3237 234 3266 tutius,
248 3241 278 3261 vt
290 3244 338 3261 non
351 3237 388 3262 ita
401 3235 484 3272 facile
494 3237 637 3273 reuiuifiat.
655 3238 713 3264 Seu.
731 3235 809 3271 Epist.
823 3244 857 3262 22
892 3235 918 3262 Si
931 3235 1063 3271 deponere
1128 3245 1152 3270 2,
1167 3245 1194 3270 33
1230 3237 1326 3263 Seruus
1339 3236 1426 3264 bonus
1446 3237 1500 3264 vid.
1514 3238 1617 3263 Bonum
1631 3242 1657 3262 et
1670 3236 1742 3271 frugi
1756 3236 1873 3269 seruum,
1887 3236 1969 3272 infra.
2012 3237 2112 3265 Somno
2125 3248 2180 3266 me-

16 3294 26 3314 i
45 3284 47 3293 ι
68 3270 172 3298 iitutein
191 3270 220 3296 in
239 3270 330 3297 animo
350 3270 402 3303 est,
419 3278 443 3298 et
454 3272 562 3299 libertas
580 3272 650 3300 bona
670 3273 721 3299 fide
742 3272 848 3307 placuit.
884 3271 953 3298 Ter.
965 3273 1062 3299 Heaut.
1128 3273 1198 3300 liore
1212 3273 1268 3300 frui
1281 3272 1364 3300 Ouid.
1378 3273 1408 3300 in
1422 3272 1484 3299 Ibin
1497 3275 1554 3306 639.
1573 3274 1640 3299 Hor.
1649 3272 1738 3299 Carni.
1753 3272 1815 3298 saec.
1830 3279 1867 3306 74
1913 3272 1988 3307 Spem
2001 3272 2109 3307 bonam,
2125 3284 2179 3302 cer-

18 3287 82 3342 is,
96 3314 120 3340 13
156 3306 195 3333 De
214 3306 264 3333 illo
276 3305 349 3342 quod
367 3306 485 3334 dudum?
505 3307 607 3335 dietum
626 3318 655 3335 ac
668 3308 769 3336 factum
783 3306 898 3334 reddidi.
916 3314 941 3335 c.
963 3309 1062 3336 Bonan'
1127 3315 1235 3344 tamque
1248 3309 1358 3335 domum
1371 3316 1491 3344 reporto.
1512 3309 1568 3336 Cic.
1585 3309 1638 3335 Att.
1653 3316 1688 3340 ις,
1702 3316 1710 3333 ι
1735 3307 1881 3334 Redeamus
1895 3307 1928 3334 ad
1940 3308 2060 3343 nostros,
2074 3310 2107 3336 de
2120 3311 2178 3345 qui-

33 3366 36 3370 .
45 3343 87 3387 ,ἔ
107 3348 130 3369 s.
145 3341 214 3369 bona
227 3341 325 3369 hercle.
363 3341 429 3369 Ptin.
442 3350 469 3378 7,
482 3351 512 3376 25
526 3343 560 3370 ad
567 3344 663 3381 finem,
683 3344 711 3371 de
726 3345 791 3371 Iulio
805 3343 922 3379 Caesare,
946 3344 995 3371 Illa
1009 3345 1062 3371 fuit
1075 3356 1111 3381 90
1126 3344 1175 3372 bus
1188 3352 1216 3371 tu
1232 3345 1331 3372 bonam
1344 3346 1415 3380 spem
1425 3350 1453 3371 te
1472 3344 1600 3380 significas
1619 3343 1725 3371 habere.
1753 3343 1810 3370 Cic.
1824 3343 1857 3371 de
1871 3344 1928 3371 Fin.
1943 3353 1972 3378 2,
1987 3353 2028 3381 117
2067 3347 2136 3380 Ergo
2147 3346 2176 3373 in

0 3370 93 3409 ’.χ-»ω
131 3377 351 3413 incomparabilis
370 3378 468 3405 inuicti
484 3379 568 3407 animi
586 3380 750 3412 sublimitas,
770 3380 851 3414 captis
875 3379 944 3413 apud
957 3379 1062 3407 Pharsa-
1126 3380 1168 3407 his
1186 3380 1399 3408 adolescentibus
1418 3380 1517 3408 bonam
1536 3382 1607 3415 spem
1627 3380 1675 3406 esse
1701 3378 1818 3406 dicemus
1829 3399 1838 3412 ,
1863 3386 1889 3407 et
1907 3390 2030 3416 magnam
2048 3382 2175 3408 indolem.

11 3428 38 3465 ³1⁶
56 3413 216 3450 ”ι·Ροιιιρείἰ
227 3415 264 3441 M.
284 3414 387 3441 scriniis
399 3414 586 3449 epistolarum,
605 3416 757 3451 iterumque
775 3415 844 3450 apud
857 3415 997 3450 Thapsum
1009 3417 1062 3443 Sci·
1127 3417 1196 3444 Tac.
1212 3418 1261 3444 An.
1273 3426 1309 3450 12,
1323 3420 1355 3448 68
1382 3418 1445 3451 Qio
1458 3417 1534 3443 miles
1549 3417 1578 3443 in
1592 3415 1662 3443 bona
1675 3415 1724 3449 Spe
1739 3422 1835 3450 ageret.
1887 3417 1981 3444 Succiis
1996 3418 2093 3444 melior
2107 3419 2174 3444 Hor.

8 3459 11 3463 ·
33 3460 40 3486 fi
57 3480 59 3482 ,
74 3449 121 3483 ·'s,
133 3450 308 3477 concremasse
319 3459 349 3477 ea
361 3451 464 3486 optima
475 3450 543 3484 fide,
554 3455 632 3487 atque
649 3461 704 3479 non
721 3452 818 3487 legitse.
853 3451 934 3478 Plaut.
946 3452 1061 3480 Mostell.
1126 3453 1208 3480 Serin.
1223 3462 1256 3486 2,
1271 3462 1305 3487 4,
1315 3462 1349 3486 13.
1407 3453 1455 3479 Sui
1467 3453 1575 3485 melior,
1589 3455 1607 3478 i.
1623 3452 1719 3483 melior,
1733 3460 1805 3487 quam
1817 3458 1875 3478 ante
1882 3452 1943 3489 fuit
1955 3453 2032 3488 Apul.
2042 3454 2106 3480 Met.
2122 3458 2134 3482 8
2148 3462 2173 3487 p.

9 3474 101 3529 ³135*st
160 3486 240 3514 Tuus
257 3486 324 3513 emit
341 3487 417 3513 aedes
428 3486 508 3513 filius.
530 3493 588 3514 'ri-i.
607 3488 706 3515 Bonan'
725 3488 777 3515 fide
789 3487 891 3523 sellicet
908 3486 969 3520 istuc
987 3488 1062 3521 dicis,
1127 3496 1180 3524 172,
1194 3498 1221 3522 32
1234 3490 1302 3517 Pric.
1328 3488 1386 3515 Vid.
1407 3489 1504 3525 Sciopp.
1519 3488 1599 3523 Symb.
1614 3487 1679 3514 Crit.
1694 3496 1719 3521 p.
1733 3489 1778 3521 64.
1815 3488 1894 3515 Sutor
1909 3488 1994 3516 bonus
2008 3490 2075 3515 Hor.
2091 3489 2172 3515 Serin.

20 3532 25 3541 ·
72 3526 78 3531 ”
95 3523 136 3555 ἠ,
149 3522 218 3549 nibil
228 3525 369 3549 mentiens?
389 3522 435 3550 Sed
450 3522 579 3558 respondet
591 3523 699 3551 Tranio
717 3534 746 3550 ex
765 3523 895 3559 ambiguo,
914 3523 941 3550 Si
953 3523 1061 3559 quidem
1076 3534 1108 3561 95
1125 3533 1144 3556 1,
1158 3534 1182 3558 3,
1194 3534 1242 3558 132.
1319 3524 1478 3560 Tempestas
1498 3523 1584 3556 bona,
1608 3522 1663 3549 vid.
1685 3529 1763 3550 ΤΕΜ
1773 3531 1834 3551 PES
1844 3531 1896 3551 TA
1906 3531 1928 3551 s.
1984 3525 2105 3558 Tempus
2118 3532 2172 3550 me-

97 3557 380 3594 ᾗιῐιιηητεάἀίῑιιτιις,
391 3564 446 3585 tam
464 3558 550 3590 bona;
584 3559 613 3585 Si
629 3559 781 3587 redditurus
799 3568 854 3585 non
871 3567 913 3591 σε,
924 3567 978 3586 non
995 3561 1060 3588 emit
1124 3560 1175 3588 lius
1185 3562 1252 3588 Hor.
1260 3560 1343 3588 Serin.
1358 3570 1377 3592 i,
1392 3569 1419 3594 9,
1432 3563 1472 3591 68.
1493 3563 1512 3587 i.
1525 3558 1682 3591 commodius,
1695 3563 1788 3594 aptius.
1825 3561 1865 3587 Sic
1874 3560 1927 3587 Cic.
1936 3561 1988 3587 Att.
1996 3568 2019 3592 3,
2026 3568 2061 3593 49
2087 3560 2171 3593 Qiod

89 3592 206 3635 ‘lgss’lene
219 3594 308 3621 Pseud.
316 3604 345 3628 4,
359 3597 386 3628 6,
400 3603 427 3627 33
455 3594 554 3621 Bonan’
567 3593 618 3621 fide
631 3594 695 3621 istuc
708 3594 793 3622 dicis?
819 3596 849 3621 Et
863 3594 924 3621 Aul.
936 3604 964 3630 4,
976 3605 1014 3629 10,
1025 3605 1059 3631 42
1124 3597 1229 3632 optimo
1241 3605 1362 3632 tempore
1377 3597 1463 3623 facere
1476 3605 1529 3622 non
1544 3595 1636 3628 licuit,
1650 3594 1739 3622 minus
1758 3595 1858 3623 idoneo
1872 3596 1926 3623 fiet.
1959 3595 2005 3623 Sed
2016 3595 2172 3630 felicitatem

16 3652 20 3659 ,
57 3655 68 3659 4,
80 3627 109 3658 <¹⁹12
123 3647 125 3652 ·
153 3629 214 3662 fide,
226 3635 256 3657 tii
268 3629 296 3657 id
302 3639 398 3658 aurum
405 3639 459 3657 non
468 3630 634 3665 surripuisti?
655 3637 671 3656 L
680 3638 708 3657 Y.
729 3631 811 3658 Bona.
833 3637 849 3657 E
858 3636 938 3657 vei..
962 3631 1005 3658 Ne
1025 3641 1058 3659 ue
1123 3641 1196 3660 notat
1207 3637 1235 3660 in
1248 3635 1308 3666 illo,
1327 3633 1369 3660 Ad
1387 3633 1501 3659 meliora
1512 3631 1614 3666 patriae
1627 3636 1746 3666 tempora
1760 3632 1785 3658 se
1799 3633 1933 3659 reseruare
1946 3630 2007 3657 Iust.
2020 3639 2043 3663 2,
2059 3639 2092 3663 ιι,
2108 3639 2129 3663 5.
2146 3638 2171 3657 et

22 3696 24 3699 .
51 3661 66 3693 ’ξ
87 3694 95 3697 ,.
111 3702 114 3703 .
138 3664 144 3670 '
164 3664 318 3693 abstulerit?
345 3673 394 3694 LY.
423 3666 491 3694 Istuc
510 3674 619 3702 quoque
637 3665 717 3693 bona.
792 3667 884 3701 Nempe
905 3667 976 3694 Bona
993 3667 1010 3694 fi
1030 3668 1058 3695 e!
1124 3674 1162 3702 28,
1175 3678 1203 3703 4,
1217 3678 1242 3702 9.
1279 3671 1366 3696 Varro
1379 3668 1411 3694 de
1425 3669 1456 3694 R.
1471 3668 1501 3694 R.
1517 3676 1537 3700 i,
1550 3675 1567 3700 9
1593 3667 1697 3697 Terra,
1718 3667 1846 3703 inquam,
1866 3665 2015 3694 cuiusmodi
2028 3665 2059 3692 fit
2075 3667 2170 3699 refert,

16 3708 18 3711 ·
119 3698 252 3735 affirmatio
265 3708 288 3728 et
301 3703 481 3730 iusiurandum.
500 3702 583 3729 Plaut.
597 3702 673 3736 Capt.
686 3711 715 3735 4,
727 3709 750 3733 2,
765 3710 804 3728 112
817 3708 837 3728 Η
846 3708 862 3728 Ε
872 3707 903 3728 G.
938 3703 998 3736 Dic,
1012 3703 1113 3731 bo-ioo
1123 3712 1148 3732 et
1162 3705 1194 3732 ad
1208 3714 1288 3740 quain
1301 3715 1359 3737 rein
1371 3703 1457 3735 bona,
1477 3709 1522 3730 aut
1538 3711 1593 3729 non
1606 3702 1677 3730 bona
1689 3703 1727 3730 fit.
1764 3703 1819 3730 Cic.
1835 3704 1862 3729 in
1876 3702 1974 3736 Topic.
1988 3710 2007 3734 4
2036 3701 2084 3728 Sed
2105 3702 2169 3730 dum

20 3742 26 3767 ἰ
54 3734 79 3767 1Ιῖ
98 3739 101 3757 ³
114 3745 140 3771 ¹⁸.
153 3743 183 3764 tu
195 3736 265 3764 mihi
277 3737 372 3765 isthaec
387 3738 470 3766 verba
482 3737 591 3765 dixisti?
610 3744 659 3764 ER.
680 3736 759 3763 bona.
796 3738 910 3772 Sequitur
923 3747 994 3772 mox,
1015 3741 1057 3767 An
1121 3741 1222 3768 fuimus
1236 3750 1305 3774 vna,
1328 3747 1358 3767 tu
1372 3740 1488 3774 optimus
1503 3748 1529 3765 es
1544 3739 1625 3771 testis,
1638 3748 1718 3774 quani
1731 3739 1829 3766 fuerim
1842 3744 1992 3771 occupatus,
2062 3738 2168 3765 Valetu-

15 3783 22 3799 .·
45 3772 78 3818 ἶ
101 3771 167 3804 sum
180 3771 290 3800 habebis
302 3774 384 3801 etiam
396 3774 484 3802 sancite
496 3784 558 3802 cuni
571 3775 658 3801 iurem
672 3772 741 3800 tibi3
777 3773 850 3800 Bona
868 3772 933 3800 fides
951 3773 1057 3809 dicitur,
1121 3776 1157 3803 do
1177 3777 1262 3808 bona,
1288 3776 1342 3803 vid.
1370 3782 1504 3802 VALET
1515 3782 1602 3803 VDO.
1645 3775 1713 3803 Ter.
1735 3775 1839 3801 Phorin.
1859 3781 1882 3805 2,
1902 3781 1924 3805 2,
1946 3781 1971 3805 31
2008 3772 2167 3800 Adolescens

15 3831 23 3843 -,
51 3815 67 3827 w
80 3820 83 3828 ι
99 3807 172 3847 ..φωτὶ
192 3808 334 3845 promiffiim
356 3808 390 3844 est
413 3809 567 3846 praeliatur.
604 3811 706 3837 Praeter
725 3808 807 3835 Plaut.
827 3808 905 3835 Most.
925 3817 954 3843 3,
966 3819 993 3843 1,
1007 3820 1056 3845 140
1120 3813 1238 3848 primum
1252 3812 1298 3839 abs
1311 3818 1336 3838 te
1351 3811 1401 3838 hoc
1414 3810 1485 3837 bona
1498 3811 1582 3838 Venia
1593 3818 1702 3846 expeto:
1726 3810 1744 3837 fi
1759 3809 1809 3836 tibi
1822 3809 1924 3843 placere
1937 3807 2008 3843 potis
2028 3809 2081 3842 est,
2097 3810 2166 3849 mihi

15 3862 23 3881 i
47 3859 58 3881 ,·
93 3860 95 3863 ·
110 3856 157 3866 “¹‘
173 3844 344 3878 lffldauimm,
366 3846 414 3874 buc
428 3849 540 3882 pertinet
557 3846 628 3873 Suet.
643 3846 711 3880 Aug.
721 3853 755 3878 42
775 3844 867 3871 Eidem
881 3845 983 3880 populo
997 3855 1057 3881 pro-
1119 3855 1149 3876 vt
1170 3849 1335 3884 respondeas.
1378 3846 1427 3872 ilbi
1441 3846 1573 3874 Donatus:
1592 3848 1665 3874 Bona
1683 3847 1777 3878 venia,
1797 3845 1858 3871 Sine
1878 3844 1934 3876 ira,
1954 3843 2008 3870 fine
2026 3844 2166 3871 discordia.

62 3882 73 3900 ³·
98 3891 109 3899 ι·
115 3880 292 3943 xeoiigiarilum
307 3882 470 3917 reposcenti,
481 3882 567 3910 bonae
586 3881 650 3909 fidei
669 3882 695 3908 se
715 3881 764 3908 csse
778 3880 922 3916 respondit.
976 3882 1054 3910 Fides
1067 3893 1111 3920 ¹05
1120 3885 1175 3913 Cic.
1190 3885 1222 3912 de
1237 3883 1338 3946 Legibi<
1345 3891 1417 3945 3ἰς3ιί,ἱ
1437 3883 1528 3945 ἔμειτα
1542 3884 1639 3915 frater,
1652 3882 1723 3910 bona
1742 3889 1787 3909 tua
1801 3880 1880 3907 venia
1900 3879 2015 3907 dixerim
2024 3900 2034 3914 ,
2051 3880 2099 3907 ista
2112 3881 2165 3941 [Le-n-

107 3923 119 3937 *ι
145 3921 200 3942 01..
251 3936 257 3943 .
358 3939 361 3944 ,
2075 3922 2117 3942 ten
2130 3923 2165 3947 ia,
