2474 4182
290 160 358 198 395
692 143 730 181 A
796 140 824 178 P
885 137 912 177 P

291 240 334 262 net
348 240 373 262 et
386 241 500 270 apparet.
536 235 604 260 Cum
618 228 784 264 apparuerim
800 233 869 254 totae
890 226 1120 258 (haemorrhoides)
1146 223 1332 263 Scribon.227.

292 272 388 304 Quoad
403 278 509 297 curetur
523 276 547 295 et
558 277 610 294 non
624 270 744 300 appareat
758 266 911 300 (impetigo)
930 263 1049 290 Scribon.
1064 271 1126 296 249.
1182 260 1237 285 Cxc-
1259 259 1329 284 bam-

291 315 314 340 5,
329 316 357 339 19
382 306 455 339 Quid
472 305 572 331 redium
587 302 632 333 sit,
658 305 779 334 apparet:
807 298 871 334 quid
884 298 1020 333 expediat,
1037 298 1178 325 obscurum
1193 295 1237 320 est.
1280 293 1330 326 Ap-

291 350 364 377 paret
377 348 464 376 aperte
478 342 579 366 Lucret.
596 345 620 368 2,
636 345 693 368 140.
729 335 785 361 Cic.
799 344 848 369 pro
862 335 930 361 Flac.
944 340 971 366 38
1006 334 1066 360 Siue
1081 333 1131 359 hoc
1152 333 1253 370 Romae
1270 337 1331 355 con-

292 377 382 404 fictum
398 377 433 403 est
443 397 450 408 ,
476 381 503 400 vt
516 378 636 407 apparet:
654 371 705 397 siue
720 371 824 397 missum
837 370 916 397 domo
931 371 983 403 est,
1002 377 1030 396 vt
1043 369 1148 395 dicitur.
1186 367 1241 392 Cic.
1254 366 1329 405 fam.
1349 372 1363 398 ς

291 421 343 447 4‚7
363 411 435 445 Q1id
455 409 562 435 sentiam
574 406 643 433 nihil
664 407 757 433 attinet
776 406 873 438 dicere,
896 415 978 441 quum
992 411 1128 439 appareat,
1147 403 1200 437 ipse
1214 401 1278 436 quid
1294 400 1331 426 se-

295 449 385 475 cerim.
441 445 477 471 Id.
492 444 523 469 de
537 443 594 469 fin.
610 451 631 475 3,
646 451 675 474 23
693 451 748 477 cap.
763 450 781 476 7
810 441 931 469 Membra
944 441 1021 467 nobis
1035 442 1071 466 ita
1085 440 1144 466 data
1158 439 1231 469 sunt,
1257 442 1284 462 vt
1297 435 1330 462 ad

291 483 419 518 quandam
434 479 565 506 rationem
578 478 689 505 viuendi
703 478 761 505 data
775 478 823 504 esse
837 483 983 512 appareant.
1029 477 1069 504 Sic
1089 472 1262 508 Gr0›1.Dau.{fi
1284 471 1330 499 Sed

288 520 366 554 ›usa-10
380 527 411 542 an
425 515 517 542 rcthus
529 514 626 550 quidam
639 512 783 547 vetustiores
795 519 924 548 appareat.
945 515 1058 547 Apparet
1071 518 1149 545 atque
1163 514 1331 535 extatvtrtun

290 554 366 580 simus
379 560 470 577 earum
484 559 573 577 rerum
581 549 671 583 rudes,
686 559 718 576 an
733 549 905 576 didiceramus
919 549 974 575 Cic.
984 547 1015 574 de
1024 548 1097 573 Orat.
1112 555 1130 578 1,
1139 553 1181 579 72.
1202 545 1232 570 In
1240 544 1329 569 Numa
1342 554 1370 571 10

290 587 424 621 Pompilio
439 601 486 606 —-
496 596 560 612 ntim
575 585 647 621 quod
662 586 830 620 eloquentiae
843 585 982 619 vestigium
996 583 1117 617 apparet?
1139 581 1193 607 Cic.
1208 580 1239 605 de
1254 579 1328 618 Orat.

287 632 308 655 1,
322 631 352 657 37
366 632 387 649 c.
401 631 426 655 9.
493 622 572 649 Nihil
591 629 696 657 apparet
716 623 744 648 in
757 630 790 648 co
803 622 945 656 ingenuum
955 640 961 650 ,
984 619 1054 645 nihil
1071 617 1237 644 moderatum
1273 615 1329 640 Cic.

287 658 400 693 Philipp.
415 667 437 690 3,
451 663 478 688 28
492 667 514 684 c.
528 667 559 684 11.
594 658 630 684 Id.
647 659 722 684 Verr.
736 666 758 690 3,
779 678 784 683 ,
806 677 811 683 .
847 658 884 683 Ex
892 665 947 691 quo
959 655 1036 681 facile
1050 659 1166 689 apparet,
1183 660 1250 686 quae
1261 658 1330 675 mer-

287 703 327 720 ces
341 694 502 726 Decumani,
522 702 589 729 quae
606 694 736 720 Praetoris
750 692 844 727 pracda
859 693 906 718 effe
923 691 1053 718 videatur.
1090 690 1210 728 Min-,¹²²
1223 695 1238 712 2
1273 686 1329 716 My·

286 729 444 756 robalanum
465 738 605 756 commune
614 729 668 761 est,
689 730 793 755 nascens
807 734 954 762 vnguento:
980 733 1008 753 vt
1023 726 1079 760 ipso
1092 732 1200 764 nomme
1214 726 1328 756 apparet.
1342 728 1367 752 15

288 766 357 792 Cels.
373 775 381 792 1
404 765 486 800 praef.
518 766 554 791 Ex
569 774 623 800 quo
638 772 752 799 apparet,
773 764 817 790 has
828 771 913 798 partes
927 762 1074 788 medicinae
1089 778 1097 782 -
1111 778 1120 782 -
1137 761 1185 785 esse
1207 763 1326 797 tentatas,

285 810 380 836 easque
393 802 441 828 esse
458 800 644 827 vetustissimas.
680 801 747 828 Ter.
762 802 826 826 Eun.
840 808 915 832 3,2,3
936 800 1064 833 Apparet,
1085 797 1188 822 seruum
1197 793 1265 818 hunc
1279 793 1327 832 esse

285 837 390 864 domini
401 837 530 871 pauperis.
573 836 750 863 Coriandrum
764 836 852 862 datum
863 842 968 870 apparet
984 833 1091 868 quidem
1104 831 1136 857 ab
1152 829 1235 856 odore
1250 829 1328 867 spira-

284 874 368 900 tionis
381 872 500 899 Sci-ibon.
519 877 567 905 185.
603 874 690 899 Varro
706 873 737 898 R.
754 872 784 898 R.
804 880 824 903 1,
840 881 885 905 40,
902 880 911 897 1
930 870 998 896 Illud
1011 868 1083 904 quod
1096 871 1201 901 apparet
1214 864 1245 890 ad
1258 871 1326 898 agri-

284 908 353 935 colas
363 929 371 941 ,
398 908 425 935 id
446 908 589 934 videndum
610 908 764 942 diligenter:
786 914 835 942 pro
855 916 880 932 co
899 906 963 942 quod
975 903 1007 938 est
1020 925 1027 936 ‚
1065 903 1179 937 Apparet
1193 899 1326 935 agricolis.
1336 911 1370 929 20
1417 908 1635 929 APPARATE.
1654 903 1911 937 [παρασκευασμένως]
1927 903 1982 929 Cic.
1990 906 2091 936 Att.13,
2099 911 2130 936 50
2140 904 2194 935 (52)
2204 899 2390 938 Itaqueeteditj
2400 896 2416 930 ᾗ

284 942 305 982 fl
325 954 336 977 3
358 946 505 979 Apparere,
524 942 626 978 Adeffc,
641 942 740 979 praesto
754 942 813 975 tffi'i
831 942 924 968 dicitnr
937 941 964 966 tl?
977 937 1115 972 ministris,
1140 939 1182 973 qui
1195 934 1326 976 magistra-

283 981 453 1016 abussi·n1per
467 983 494 1006 in
506 978 718 1016 conspcffusm1t‚
744 986 774 1004 vt
790 978 817 1003 de
831 975 976 1006 lsffhrihm,
1001 973 1106 1008 accevfis
1119 980 1164 1000 etc.
1180 1008 1185 1012 ¹
1200 973 1255 998 Cic.
1278 979 1327 1011 Ps.⁰

284 1015 388 1042 Cluent.
405 1023 454 1050 147
490 1016 561 1048 Qud
576 1015 624 1041 sibi
639 1022 725 1040 autem
740 1013 780 1039 illi
794 1012 908 1044 scribae,
928 1011 993 1046 quid
1008 1010 1126 1042 lictores,
1141 1008 1206 1044 quid
1220 1014 1327 1039 caeteri,

282 1061 348 1087 quos
362 1060 486 1086 apparere
500 1051 560 1077 huic
573 1050 720 1085 quaestioni
732 1048 828 1080 video,
847 1047 959 1074 volunt?
1016 1047 1056 1074 Sic
1069 1047 1161 1079 Quum
1176 1051 1327 1084 Vl¹.³¹!¹¹9⁵

282 1087 406 1122 Philippo
425 1087 580 1121 apparuisset
593 1087 659 1120 Nep.
677 1091 711 1117 18,
727 1093 761 1116 13,
775 1093 792 1110 1.
846 1083 906 1110 Liu.
920 1092 946 1116 2,
960 1090 987 1116 55
1005 1084 1128 1121 Qiatuor
1140 1086 1166 1107 et
1180 1086 1279 1120 Viginti
1294 1079 1324 1119 ¹¹?
1337 1089 1368 1114 25

281 1123 368 1150 fiores
387 1131 511 1157 apparere
531 1122 690 1148 consulibus.
733 1120 820 1146 Valer.
835 1128 861 1152 2,
875 1128 897 1152 2,
912 1128 930 1152 4
961 1119 1086 1145 Proximo
1102 1116 1210 1148 1161011,
1234 1121 1262 1141 vt
1277 1114 1326 1140 sibi

280 1165 431 1194 appareret,
449 1158 606 1192 imperauit,
626 1160 644 1183 i.
659 1153 796 1188 ministcrio
803 1155 850 1191 fiffl
863 1158 889 1181 in
902 1153 1119 1182 animaduertenda
1132 1159 1155 1178 ct
1163 1150 1326 1188 ‚submonendo

274 1195 437 1232 fungeretur.
472 1194 546 1227 Virg.
563 1195 626 1219 Aen.
642 1201 680 1224 12,
696 1197 754 1224 849.
774 1191 802 1217 «lc
815 1191 881 1217 tlt'ris
917 1192 974 1218 Hae
988 1191 1061 1217 Iouis
1074 1189 1105 1216 ad
1118 1189 1229 1219 solium,
1244 1187 1326 1213 saeui-

280 1239 331 1265 que
345 1229 375 1256 ad
399 1229 493 1255 limina
512 1230 580 1263 regis
607 1229 755 1263 Apparent,
778 1230 795 1253 i.
809 1226 912 1253 Praesto
926 1227 984 1252 sunt
1000 1225 1031 1252 ad
1044 1224 1212 1259 obsequium.
1250 1221 1326 1249 Vnde

277 1266 359 1292 etiam
379 1265 548 1299 Apparitores
567 1265 664 1290 constat
677 1264 725 1289 ess'e
738 1263 896 1289 nominatos.
950 1262 1065 1288 Seruius.
1190 1294 1195 1299 .
1264 1256 1284 1296 ἢ
1307 1266 1325 1290 4
1337 1270 1369 1294 30

278 1303 317 1328 De
330 1311 356 1327 re
367 1304 507 1326 inanimata
521 1300 602 1326 Plaut.
617 1299 712 1334 Amph.
726 1307 751 1331 2,
765 1307 788 1331 2,
804 1301 843 1324 161
873 1296 924 1324 l-lic
938 1304 1027 1332 patera
1041 1295 1114 1323 nulla
1131 1295 1160 1321 in
1174 1294 1264 1320 ustula
1278 1293 1322 1320 cst.

278 1343 337 1363 AM.
358 1336 431 1370 Quid
446 1344 494 1370 ego
506 1336 603 1361 audio?
639 1343 661 1362 s.
687 1334 716 1361 Id
730 1334 803 1369 quod
817 1342 910 1360 verum
924 1334 969 1360 est.
1006 1340 1066 1359 AM.
1093 1332 1126 1357 At
1144 1340 1203 1357 cum
1225 1330 1323 1356 crucia-

277 1378 316 1405 tu,
337 1372 384 1398 nisi
394 1378 509 1406 apparet,
527 1378 585 1403 tuo,
601 1371 625 1397 h.
639 1380 657 1396 e.
673 1369 730 1404 Nisi
739 1377 807 1397 extat
815 1377 916 1405 patera.
952 1368 1047 1397 Deinde
1059 1366 1324 1403 rertaudetAlcmena,

278 1409 351 1435 Haec
365 1407 473 1442 quidem
486 1413 609 1442 apparet,
627 1409 644 1432 i.
658 1406 733 1440 adds.
768 1406 824 1432 Cic.
845 1405 912 1431 Phil.
926 1414 952 1438 2,
978 1414 998 1431 c.
1010 1413 1044 1438 34
1068 1403 1122 1430 Vbi
1135 1411 1234 1429 merces
1247 1410 1324 1436 appa-

276 1445 335 1471 ret?
355 1446 373 1470 i.
387 1442 496 1476 (stende,
521 1443 582 1478 quid
589 1450 637 1478 pro
650 1450 721 1468 tama
733 1441 838 1468 mercede
854 1441 981 1468 didiceris.
1034 1441 1075 1468 Sic
1089 1439 1145 1466 Cic.
1165 1439 1194 1464 in
1207 1439 1296 1464 Parati.
1313 1446 1321 1463 1
1335 1446 1362 1472 35

277 1479 398 1514 Accipies
412 1479 495 1514 igitur
509 1478 559 1505 hoc
573 1487 684 1513 paruum
697 1477 852 1512 opusculum
865 1476 1036 1504 lucubratum
1049 1474 1151 1502 iambis
1163 1473 1323 1500 σκοπῇ-36110-

276 1514 352 1542 ribus
366 1514 505 1547 notffibus,
526 1514 654 1550 quoniam
667 1513 734 1540 illud
746 1513 879 1539 maiorum
893 1513 1049 1548 vigiliarum
1063 1520 1157 1537 munus
1172 1511 1201 1536 in
1214 1518 1261 1536 tue
1275 1518 1322 1535 no-

277 1551 349 1578 mine
361 1550 489 1585 apparuit.
538 1551 591 1577 Iam
609 1553 672 1575 enim
685 1556 707 1575 et
715 1548 793 1575 libros
805 1549 832 1574 de·
854 1549 957 1575 Finibus
978 1548 1094 1575 bonorum
1112 1553 1135 1572 et
1148 1547 1282 1578 nullorum,
1298 1551 1323 1571 et

279 1585 439 1623 Qcaestiones
456 1585 609 1622 Tufiulanas
623 1586 704 1611 Ciccro
717 1585 844 1611 dicaurrat
856 1585 943 1611 Bruto.

313 1624 512 1653 APPSRESCO,
532 1623 586 1648 ere.
605 1620 686 1647 Idem.
702 1620 801 1646 Ennod.
815 1620 893 1654 Epist.
906 1629 932 1655 7,
947 1629 974 1653 19
988 1618 1163 1654 Apparescerc
1171 1617 1199 1643 in
1207 1615 1320 1643 foribus.
1331 1625 1367 1649 40

312 1664 592 1688 APPARENTIA,
614 1664 652 1682 ac.
673 1656 693 1682 f.
716 1656 861 1688 Aduentus,
886 1658 1044 1692 pratfintia,
1075 1657 1165 1716 get-ies.
1202 1652 1322 1680 Tertull.

275 1693 334 1720 adu.
346 1694 428 1720 Marc.
445 1702 465 1724 r,
480 1701 507 1725 19
530 1698 593 1718 extr.
629 1691 670 1717 Ab
683 1692 833 1726 apparentia
847 1691 947 1718 Christi
966 1700 1049 1726 vsque
1061 1699 1075 1716 a
1105 1689 1240 1716 audaciam
1254 1689 1324 1715 Mar-

275 1730 369 1756 cionis.
407 1728 515 1754 Firmic.
529 1735 551 1760 5,
566 1732 579 1757 8
615 1727 746 1754 Homines
766 1727 850 1754 bonae
864 1728 1043 1763 apparentiae,
1055 1732 1081 1752 et
1096 1725 1144 1761 qui
1159 1725 1259 1751 ornatis
1279 1732 1323 1749 ve-

272 1765 355 1792 stibus
375 1763 545 1790 dele&antur.

312 1808 334 1826 Α
344 1807 358 1826 P
367 1802 382 1825 P
391 1807 412 1826 Α
422 1806 440 1825 R
451 1806 459 1824 1
469 1806 490 1825 T
500 1806 508 1824 1
520 1805 538 1824 Ο
547 1817 555 1830 ,
576 1797 645 1824 onis.
666 1797 686 1824 f.
706 1794 892 1831 [dopvffio'pnmr]
914 1796 1008 1821 Munus
1019 1799 1185 1831 apparitoris,
1198 1794 1251 1829 flue
1258 1795 1322 1831 fim-
1331 1807 1364 1833 45

273 1833 334 1862 Hio.
355 1835 413 1861 Cic.
428 1835 500 1861 Fam.
515 1842 550 1866 13,
562 1842 594 1866 54
614 1835 645 1860 In
659 1833 736 1867 longa
749 1832 914 1867 apparitione
936 1831 1092 1865 singularem
1100 1837 1125 1857 et
1138 1840 1220 1865 prope
1240 1831 1323 1857 incre-

272 1871 385 1898 dibilem
408 1870 488 1905 patris
505 1869 624 1896 Marcilii
644 1867 733 1900 fidem,
750 1867 945 1899 abstinentiam,
967 1867 1176 1903 modestiamque
1196 1867 1321 1901 cognoui.

271 1908 445 1940 Interpretem
457 1912 482 1932 et
497 1905 611 1932 amicum
619 1906 693 1931 suum
706 1910 808 1931 vocarat
820 1905 979 1939 inprincipz'o
987 1904 1109 1938 epistolae.
1263 1899 1289 1964 ἒ
1306 1910 1323 1927 2

272 1943 330 1969 Cic.
345 1942 378 1968 ad
396 1942 488 1975 Qiint.
505 1942 546 1967 Fr.
554 1949 575 1973 1,
589 1949 609 1973 1,
622 1949 640 1973 4
674 1942 748 1973 Quos
767 1948 833 1966 vero
855 1954 890 1960 —-
903 1947 934 1965 ex
948 1939 1094 1965 necessariis
1107 1937 1269 1973 apparitioni
1292 1945 1321 1963 us

273 1984 362 2004 tecum
375 1978 424 2003 esse
436 1975 555 2003 voluisti.

273 2013 374 2041 ritione
387 2011 511 2039 Praesidis
526 2010 730 2042 interueniente,
751 2013 768 2035 i.
776 2009 971 2044 ,apparitoribus
985 2016 1008 2035 ee
1020 2008 1152 2042 ministris.
1188 2011 1321 2036 Annnian.

274 2050 357 2076 Marc.
373 2056 406 2081 15,
421 2056 434 2080 ς
453 2046 635 2081 Apparitionis
649 2044 829 2080 praefcc‘lurae
844 2045 1026 2078 praetorianae
1041 2045 1177 2077 princeps,
1205 2048 1224 2069 i.
1236 2047 1322 2078 Appa-

272 2087 390 2112 ritorum.
444 2082 581 2118 Augustin.
594 2082 672 2116 Epist.
688 2089 719 2115 75
734 2088 776 2116 pr.
813 2080 863 2105 Vir
877 2079 1025 2113 spe&abilis
1039 2079 1112 2105 venit
1132 2079 1164 2104 ad
1178 2079 1322 2110 ecclesiam,

273 2120 439 2155 apparitione
454 2127 596 2153 paucorum
612 2119 670 2143 suae
683 2115 805 2152 potestati
820 2124 935 2149 congrua
948 2115 1098 2141 comitatus.
1132 2115 1164 2140 Ει·
1176 2112 1323 2145 symmach.

276 2159 302 2188 6,
316 2165 343 2183 12
364 2156 445 2182 Error
460 2153 650 2189 apparitionis,
669 2156 686 2178 i.
701 2151 901 2187 Apparitorum.
1097 2146 1118 2187 ff
1140 2158 1153 2182 3
1174 2149 1320 2181 Vet.019ff.
1333 2159 1362 2185 55

278 2191 419 2226 Apparitio
432 2189 574 2223 ἐπιφάνειαι,
593 2191 612 2214 i.
632 2188 769 2224 apparendi
781 2188 807 2223 s.
821 2185 968 2213 aducnimdi
982 2183 1061 2212 abhis.

309 2235 331 2254 A
341 2234 355 2254 P
365 2234 379 2253 P
388 2228 435 2252 AR
446 2225 457 2251 ῐ
468 2233 489 2252 Τ
499 2232 517 2251 0
526 2232 544 2251 R
554 2244 562 2256 ,
596 2225 659 2250 oris.
685 2233 720 2250 111.
743 2222 869 2257 [xxm-759,
886 2220 1024 2256 δορυφόρος,
1054 2219 1172 2253 τοξότης]
1199 2217 1320 2252 llst'mstcr

273 2260 451 2299 magistratus:
471 2267 501 2286 vt
512 2258 616 2292 λίθον,
638 2261 743 2290 Viator,
762 2257 886 2292 Act-eusiti-
899 2263 944 2282 etc.
979 2256 1168 2290 Apparitores,
1188 2253 1322 2293 ainaim-sm*

273 2299 328 2326 ἔισίν
354 2295 378 2324 ἆ)
399 2296 513 2332 ὖπηρέται
535 2299 582 2321 τοῖς
607 2293 710 2330 ἅρχκσιν
728 2291 920 2329 προσεδρεύοντες·
933 2292 1074 2322 ὶκβιβαςσεί.
1088 2291 1148 2316 Vet.
1163 2289 1241 2315 Closs.
1262 2290 1319 2315 Cle.

273 2335 350 2361 Verr.
364 2342 387 2366 3,
403 2335 431 2359 61
452 2342 474 2364 c,
488 2340 518 2365 25
559 2331 729 2365 Apparitorcs
743 2337 757 2355 a
770 2330 892 2355 Praetore
911 2326 1044 2361 assignatos
1064 2325 1180 2352 habuisse
1194 2325 1364 2356 Decuma-60

273 2379 346 2396 num.
383 2368 455 2395 Idem
469 2367 582 2402 Philipp.
597 2375 622 2399 2,
635 2371 665 2396 82
685 2365 753 2399 Qiis
765 2372 881 2399 vnquam
897 2363 1030 2398 apparitor
1044 2367 1098 2388 tam
1116 2361 1240 2399 humulis,
1266 2367 1320 2386 tam

274 2404 409 2432 abieratis?
447 2405 487 2432 Sic
505 2403 584 2437 Regii
597 2401 759 2437 apparitores
772 2401 831 2427 Liu.
841 2409 860 2433 1,
874 2408 919 2433 40.
966 2398 1005 2425 Id.
1021 2398 1082 2424 Liu.
1096 2406 1116 2430 1,
1133 2402 1166 2430 48
1192 2397 1234 2423 Fit
1247 2396 1319 2430 fuga,

275 2441 344 2475 regis
359 2440 540 2475 apparitorum
553 2444 631 2473 atque
645 2437 783 2464 comitum.
820 2436 892 2462 Hirt.
906 2436 934 2461 B.
949 2434 1032 2461 Afric.
1046 2441 1087 2468 37,
1102 2442 1111 2459 1
1135 2434 1249 2467 Imperat
1256 2434 1320 2472 Cae-

274 2477 331 2507 sar,
350 2475 521 2512 speculatores
534 2474 751 2510 apparitoresque
764 2480 855 2499 omnes
867 2477 896 2498 vt
910 2470 959 2497 fibi
973 2469 1073 2505 praesto
1087 2469 1173 2496 essent.
1210 2469 1319 2507 Appart-

273 2512 340 2539 toris
352 2518 432 2538 autem
444 2514 553 2542 nominc,
573 2520 654 2536 omncs
666 2510 855 2545 intelliguntur,
875 2510 917 2543 qui
933 2506 1093 2543 magistratui
1105 2512 1224 2540 apparere
1231 2506 1321 2544 solent,
1330 2516 1361 2546 65

275 2550 371 2584 eiusque
384 2549 485 2581 imperio
493 2544 591 2582 praello
605 2544 647 2579 ‘ff'
658 2565 666 2577 ,
693 2546 771 2572 veluti
785 2543 891 2570 Scribae
899 2563 907 2575 ,
932 2541 1036 2569 Acccnfi
1045 2561 1053 2574 ,
1076 2542 1232 2575 Interpretes
1241 2561 1249 2572 ,
1277 2540 1321 2566 Li-

276 2582 379 2615 ἃοι-εε,
393 2583 530 2614 Viatores,
556 2582 704 2608 Praecones.
760 2582 798 2607 De
811 2579 909 2606 Scribis
930 2578 985 2605 Cic.
1013 2579 1090 2604 Verr.
1104 2586 1127 2610 3,
1142 2581 1187 2609 184
1221 2576 1270 2602 Tu
1289 2584 1321 2602 ex

276 2618 388 2654 pecunia
408 2616 515 2652 publica
539 2623 596 2642 H=s
616 2617 742 2642 tredecies
761 2615 873 2642 scribam
889 2621 964 2641 tuum
976 2613 1098 2648 permissu
1119 2618 1167 2638 tuo
1182 2621 1263 2646 quum
1278 2610 1322 2637 ab·

276 2654 371 2682 stulisse
390 2653 504 2685 fateare,
528 2652 658 2686 reliquam
680 2652 731 2678 tibi
747 2652 828 2678 vllam
849 2650 1026 2677 defensionem
1041 2655 1115 2683 putas
1129 2648 1199 2674 esse!
1237 2647 1321 2674 Paullo

270 2688 345 2726 post,
376 2690 407 2715 In
427 2688 517 2715 eadem
536 2687 643 2713 ciuitate
656 2687 802 2722 apparitori
824 2694 871 2713 tuo
885 2687 932 2713 esse
945 2686 1105 2716 concessum,
1130 2690 1160 2711 vt
1179 2690 1218 2710 1—1-
1235 2690 1248 2710 S
1268 2692 1323 2709 vno

277 2725 386 2753 nomine
397 2723 526 2751 tredecies
540 2723 673 2749 auferret?
692 2724 728 2748 De
742 2722 932 2756 Interpretibus
942 2742 950 2753 ‚
970 2719 1039 2754 testis
1052 2718 1193 2756 esteprstola
1206 2720 1277 2746 Fam.
1289 2727 1323 2750 13,

277 2769 310 2796 54
329 2763 421 2795 Quum
436 2759 518 2786 multa
533 2758 601 2785 mihi
614 2763 686 2792 grata
699 2759 772 2789 sunt,
786 2766 852 2792 quae
865 2763 895 2783 tu
907 2757 1032 2783 adductus
1046 2765 1105 2782 mea
1118 2755 1324 2782 commendatio-

281 2807 315 2824 ne
331 2795 431 2823 fecisti:
456 2801 511 2821 tum
527 2795 555 2820 in
569 2794 677 2828 primis,
701 2794 772 2828 quod
786 2794 824 2819 M.
841 2792 994 2819 Marcilium
1007 2792 1087 2818 amici
1100 2798 1178 2826 atque
1196 2792 1324 2825 interpre-

275 2834 310 2861 tis
324 2832 378 2859 mei
392 2831 477 2858 filium
491 2829 667 2857 liberalissime
680 2828 835 2856 trat‘iauisti.
873 2827 973 2863 Infim,
988 2828 1042 2862 Ego
1055 2837 1136 2862 quum
1151 2832 1210 2853 ante
1223 2826 1322 2853 studio-

278 2870 305 2897 se
318 2866 536 2896 commendabam
549 2865 718 2897 Marcilium,
737 2871 793 2891 tum
807 2864 893 2890 multo
900 2872 968 2890 nunc
981 2863 1128 2895 studiosius,
1143 2862 1215 2897 quod
1231 2863 1257 2888 in
1266 2862 1322 2888 lon·
1336 2875 1368 2901 7)-

277 2914 309 2941 ga
326 2903 492 2939 apparitione
504 2901 661 2935 singularem
671 2906 697 2927 et
717 2908 800 2935 prope
812 2899 998 2926 incredibilem
1013 2898 1093 2933 patris
1107 2898 1224 2925 Marcilii
1245 2897 1323 2923 fidem

277 2939 403 2976 cognoui.
440 2940 477 2965 De
496 2936 649 2964 Lictoribus
670 2935 702 2963 ad
721 2937 758 2969 Q
769 2937 838 2962 Frat.
853 2944 872 2967 1,
888 2944 894 2961 1
916 2935 954 2961 Sit
969 2934 1049 2961 liftor
1062 2942 1116 2960 non
1134 2935 1192 2960 suae
1207 2932 1249 2959 scd
1264 2940 1323 2959 tuae

278 2975 394 3003 lenitatis
408 2974 558 3010 appas-iton
577 2973 732 3007 maioraque
744 2971 892 3007 praeferant
904 2970 984 2997 fasces
997 2970 1038 2996 illi
1051 2978 1078 2996 ac
1092 2970 1192 2996 secures
1212 2968 1324 3003 dignita-

279 3013 313 3039 tis
326 3011 451 3046 insignia,
481 3018 561 3045 quam
580 3008 722 3044 potestatis.
793 3008 825 3034 Et
846 3005 914 3033 Gell.
935 3015 960 3038 2,
975 3014 988 3032 2
1008 3014 1039 3032 ex
1054 3005 1126 3032 libro
1140 3004 1324 3039 Quadrigarii,

280 3047 363 3082 Quod
379 3046 467 3082 postea
487 3054 566 3081 quam
583 3044 664 3071 lifior
679 3043 736 3076 ille,
757 3042 805 3078 qui
824 3040 979 3077 apparebat,
998 3041 1052 3067 cito
1068 3041 1215 3073 intellexit,
1241 3040 1325 3067 Maxi·
1336 3048 1367 3073 80

280 3092 353 3109 mum
366 3082 552 3109 Proconsulem
565 3079 720 3107 descendere
733 3078 809 3105 iussit.
845 3080 940 3105 Ducum
955 3077 1103 3103 mit'itarium
1116 3075 1268 3112 etiamfmffi’
1281 3085 1323 3110 ap-

280 3119 422 3153 paritores,
443 3124 547 3154 apparet
567 3126 596 3143 cx
617 3114 750 3150 Lamprid.
769 3114 843 3141 Alex.
857 3113 915 3140 Seu.
937 3120 963 3146 52
989 3112 1158 3146 Apparitores
1177 3112 1264 3138 nullos
1277 3112 1325 3138 csse

281 3154 363 3187 passus
375 3153 409 3179 cst
430 3153 543 3180 tribunis
557 3158 601 3179 aut
615 3150 735 3183 ducibus,
747 3149 795 3176 nisi
809 3149 917 3181 milites,
930 3147 1060 3183 iussitque,
1075 3154 1104 3174 vt
1111 3153 1170 3174 ante
1184 3147 1323 3174 tribunum

283 3194 397 3223 quatuor
416 3189 514 3215 milites
540 3187 720 3219 ambularent,
755 3191 816 3213 ante
833 3185 925 3212 ducem
939 3185 997 3216 sex,
1016 3190 1076 3210 ante
1096 3183 1210 3217 legatum
1224 3183 1323 3209 decem.

282 3225 323 3251 Sic
337 3223 459 3259 legendum
473 3234 502 3250 ex
514 3225 577 3252 libro
593 3225 707 3251 Palatino
720 3224 813 3248 monuit
823 3219 960 3254 Salmasius.
996 3219 1165 3254 Apparitores
1178 3221 1251 3244 ctiam
1260 3219 1325 3245 Pon·
1339 3225 1367 3253 85

283 3258 387 3286 tisicum
406 3258 601 3296 Liftoresfimt.
644 3259 722 3286 Inscr.
742 3258 801 3284 Vct.
821 3257 899 3282 Grut.
919 3265 943 3290 p.
954 3260 1032 3289 1087,
1054 3256 1070 3281 6
1107 3255 1324 3282 APPARITORI

283 3294 510 3322 PONT1F1CVM
547 3293 786 3322 PARMVLARIO.
823 3291 899 3320 Jidcm
918 3291 1077 3318 Pontificum
1097 3290 1232 3317 Calatores
1252 3288 1327 3322 (irai,

283 3329 338 3357 vid.
351 3327 433 3356 Guth.
446 3328 477 3355 de
490 3329 547 3356 Vct.
566 3331 617 3357 Iur.
633 3330 730 3357 Pontif.
741 3338 773 3361 11,
788 3337 823 3362 13.

321 3372 367 3392 ΛΡ
377 3372 391 3391 r
401 3370 600 3392 AR1T0R1v
612 3372 648 3398 M,
664 3367 694 3392 ii.
716 3363 803 3400 Exstat
819 3366 847 3390 in
867 3362 922 3390 Ver.
938 3361 1058 3396 inscript.
1076 3368 1116 3398 ap.
1130 3360 1252 3388 Rhatiai
1259 3361 1326 3389 Scri-

283 3402 337 3428 bon.
354 3401 431 3436 Larg.
445 3399 577 3434 Comp.212
597 3406 624 3435 p.
638 3404 689 3434 269
707 3410 775 3435 quem
789 3399 852 3426 vide.

319 3444 340 3464 Λ
350 3443 364 3462 Ρ
373 3443 388 3462 P
397 3437 420 3462 Ᾰ
432 3442 450 3461 R
461 3432 472 3460 ἶ
481 3441 502 3460 Τ
511 3435 531 3460 ’ὃ
540 3442 558 3461 R
569 3442 587 3461 Α
597 3455 604 3466 ,
631 3445 669 3462 ae.
688 3435 851 3472 [δορυφοριά]
869 3434 962 3461 Munus
980 3434 1057 3460 alicui
1074 3442 1088 3459 a
1103 3431 1218 3468 parendi.
1255 3433 1325 3459 Suet.

284 3472 316 3499 de
329 3472 400 3499 Clar.
420 3470 564 3497 Grammat.
584 3479 606 3496 c.
621 3479 637 3503 9
671 3472 791 3499 Orbilius
810 3470 989 3506 apparituram
1009 3469 1090 3503 magis
1104 3467 1205 3495 ratibus
1218 3468 1292 3502 fecit,
1307 3471 1326 3495 i.

282 3510 413 3544 apparitor
420 3505 487 3542 fuit.

319 3550 340 3570 A
350 3550 365 3569 P
374 3550 389 3569 P
399 3540 442 3569 AR
452 3548 471 3567 O
480 3560 488 3572 ‚
508 3544 561 3566 Tire.
580 3540 592 3574 [
601 3538 743 3576 ὃιασκευαέζω
751 3562 759 3575 ,
787 3539 971 3579 παρασκευάζω,
990 3537 1165 3573 κατασκευᾶζω
1173 3559 1181 3571 ,
1200 3538 1325 3574 ἓξοιρτύω]

262 3587 264 3589 ·
285 3579 366 3605 Amet
378 3575 585 3618 signficarionem
598 3575 733 3610 simplicis,
746 3575 857 3615 studiosi:
870 3583 894 3604 et
905 3578 1120 3612 multaapparare.
1162 3575 1219 3601 Cic.
1233 3575 1285 3601 Off.
1302 3584 1325 3608 3,
1342 3585 1373 3610 95

285 3618 313 3645 58
326 3588 390 3639 {Erat
409 3620 519 3646 opipare
537 3619 553 3637 a
566 3610 660 3643 Pythio
679 3620 830 3646 apparatum
848 3612 1013 3640 conuiuium.
1057 3611 1186 3645 Aggerem
1198 3619 1324 3645 apparare

286 3648 358 3674 Caes.
375 3648 437 3674 Bell.
450 3646 552 3681 Gall.7,
567 3654 602 3681 ¹7·
640 3647 786 3680 Apparatur
798 3649 900 3676 animus
917 3647 949 3675 ad
961 3645 1121 3674 audiendum
1136 3645 1167 3672 A.
1184 3646 1216 3672 ad
1230 3647 1323 3679 Heni,

286 3693 313 3717 4.
349 3683 485 3709 Auxilium
500 3682 581 3709 Plaut.
596 3681 669 3716 Epid.
678 3690 700 3714 3,
708 3690 731 3713 2,
741 3688 773 3712 18.
808 3685 864 3710 Cic.
885 3693 934 3719 pro
948 3683 1017 3719 Lege
1031 3681 1125 3710 Manil.
1137 3688 1165 3714 35
1184 3682 1323 3716 Pompeius

286 3717 758 3751 extrcmahiemeBellumappar-anit.
776 3718 843 3744 Adii.
851 3720 920 3754 Nep.
929 3728 957 3755 7,
966 3728 988 3752 3,
999 3727 1023 3745 2.
1045 3716 1323 3752 Diuapparandumest

1329 2698 1365 2725 70

1335 3406 1371 3432 90

285 3752 395 3783 bellum,
404 3754 526 3780 vtviucas
534 3752 646 3780 celerius
653 3751 725 3778 Publ.
734 3752 788 3784 Syr.
797 3754 935 3788 Apparare,
946 3755 1059 3791 absolute.
1067 3754 1157 3788 Qmm
1167 3752 1194 3778 in
1201 3760 1377 3787 apparari-100
1383 3753 1494 3781 [ambivi.
1514 3753 1562 3790 fid
1573 3755 1606 3781 al.
1621 3753 1754 3789 impellat,
1771 3752 1852 3778 Beml.
1865 3749 2003 3784 impediat.

286 3787 320 3814 do
327 3789 453 3814 acerrime
461 3789 665 3823 esst-toccupatus
674 3787 743 3822 Nep.
762 3796 802 3819 23,
816 3797 858 3822 7,i
873 3791 910 3825 sc.
918 3790 985 3817 hello.
995 3791 1112 3818 Coenam
1124 3788 1192 3815 Ter.
1201 3788 1297 3814 Heaut.
1307 3797 1327 3821 i,

288 3833 306 3855 1,
322 3830 366 3857 74.
381 3823 543 3850 Conuiuium
556 3824 626 3850 Ter.
634 3822 708 3850 Adel.
723 3830 745 3855 5,
759 3831 785 3855 9,
799 3828 820 3853 8.
844 3825 874 3849 Ec
885 3825 1024 3853 Cic.Verr.
1037 3834 1065 3859 4,
1080 3833 1117 3859 44
1132 3824 1235 3850 Ornare
1248 3829 1325 3858 etap-

287 3866 378 3893 parare
392 3858 555 3885 conuiuium.
591 3859 713 3886 Crimina
726 3866 850 3892 apparare
865 3858 891 3885 in
899 3861 1013 3896 aliquem
1025 3862 1084 3889 Cic.
1090 3859 1184 3894 Quint.
1194 3859 1262 3885 Frat.
1271 3867 1326 3892 2,3.

287 3893 409 3920 Crimina
423 3893 521 3919 insonti
531 3895 588 3920 Sen.
604 3893 713 3929 Hippos.
727 3897 780 3926 825.
819 3893 864 3919 Sed
872 3898 958 3930 optimi
964 3897 1025 3925 libri
1037 3897 1135 3929 habent,
1149 3894 1270 3922 Crimina
1286 3895 1325 3921 in-

286 3929 356 3956 sonti
370 3934 451 3963 parat.
469 3928 551 3954 Plaut.
566 3930 643 3956 Pocn.
658 3937 681 3963 ς,
696 3936 770 3962 32139
806 3928 883 3955 Nunc
899 3929 948 3958 hoc
962 3932 1101 3960 consilium
1113 3930 1202 3967 capio:
1219 3936 1245 3957 et
1257 3929 1323 3960 hanc
1334 3937 1377 3966 105
1383 3931 1474 3964 etiam,
1485 3940 1518 3959 ne
1531 3930 1626 3962 iisdem
1637 3928 1670 3956 de
1681 3927 1762 3956 cautis
1774 3926 1824 3955 alii
1834 3927 1993 3963 plestantur,
2005 3928 2055 3956 alii
2067 3937 2102 3956 ne
2115 3928 2281 3967 appellentur
2291 3924 2371 3970 qi}

607 1977 639 2001 Et
654 1976 713 2009 le.
728 1975 745 2001 l.
760 1983 787 2006 23
803 1973 827 2011 §.
843 1983 855 2006 3
880 1974 907 2000 ff.
945 1975 1018 2009 quod
1027 1982 1113 2001 metus
1128 1975 1212 2006 causa,
1239 1975 1358 2014 Appa-5o
1370 1975 1446 2003 ribus
1463 1974 1543 2001 ludis.

2448 39 2450 58 l

2447 76 2449 118 l

1783 133 1824 174 A
1891 131 1922 172 Ρ
1988 133 2016 172 Ρ
2346 143 2421 197 396¹
2448 179 2449 182 ¹

1384 223 1513 251 fabricam
1525 232 1638 260 apparo,
1672 228 1690 250 i.
1703 224 1767 252 banc
1782 223 1914 260 fallacIam
1923 228 2001 258 paro,
2017 221 2085 259 quafi
2096 233 2183 262 magno
2194 234 2247 253 cum
2259 225 2378 253 molimine
2387 234 2417 255 -et

1383 267 1515 295 apparatu.
1551 262 1648 294 Fugam
1661 261 1733 287 Hirt.
1748 260 1779 287 de
1792 259 1857 286 Bell.
1871 259 1945 285 Alex.
1983 259 2038 286 Cic.
2056 268 2105 294 pro
2121 261 2215 288 Milon.
2224 269 2257 293 29
2277 270 2298 286 c.
2308 269 2335 286 ro
2360 262 2416 297 Qi

1384 295 1451 322 illud
1470 296 1521 322 iter
1541 296 1579 329 ad¹
1593 296 1698 322 caedem
1717 295 1865 322 faciendam
1883 295 2033 329 apparaffet.
2069 295 2124 321 Cic.
2141 296 2173 322 ad
2187 297 2358 330 Qiint.Frat.
2370 304 2421 330 &8¹

1385 331 1473 358 Ludos
1486 337 1592 365 apparat
1605 331 1882 366 magnificentissimos:
1905 331 1940 357 sic
1954 330 2076 366 inquam,
2095 336 2124 357 vt
2136 340 2214 358 nemo
2226 331 2415 360 summotiores.

1388 368 1501 402 Nuptias
1516 367 1583 393 Ter.
1600 367 1680 394 Andr.
1694 376 1722 400 4,
1737 377 1756 400 1,
1769 376 1808 400 32.
1844 366 2003 393 Praesidium
2017 366 2098 392 Plaut.
2113 367 2180 392 Rud.
2195 375 2218 399 3,
2229 375 2252 399 3,
2266 376 2301 393 21.
2345 367 2416 396 Pran-

1384 403 1456 430 dium
1472 403 1552 429 Plaut.
1564 403 1635 428 Men.
1649 411 1673 435 2,
1687 411 1707 435 1,
1721 412 1753 435 13.
1790 405 1934 438 Apparatus
1948 403 2019 435 sum,
2036 408 2065 428 vt
2078 402 2175 429 videtis
2189 402 2268 428 Plaut.
2281 402 2422 438 Merc.5,2,·

1384 448 1421 465 ιο.
1459 438 1540 464 Plaut.
1555 438 1624 463 Asin.
1638 447 1666 471 4,
1677 443 1708 468 28
1733 439 1791 465 Vah
1804 439 1920 465 delenire
1940 446 2055 473 apparas.
2075 444 2125 473 pro
2147 438 2231 464 Paras.
2265 436 2424 475 Apparatu'r,
2444 442 2455 466 '.

1383 475 1480 510 imper-Ji
1499 475 1567 500 Ter.
1581 474 1644 500 Eun.
1659 482 1681 506 3,
1694 481 1716 506 5,
1730 477 1757 507 3,-
1776 475 1846 501 Dum
1858 482 2012 509 apparatur,
2036 473 2115 508 virgo
2128 473 2158 499 in
2169 472 2289 500 conclaui
2301 473 2380 506 sedet,
2396 478 2424 502 124
2454 479 2465 503 J

1384 511 1487 546 Dumfit
1501 513 1553 535 cius
1565 512 1603 535 rei
1615 515 1759 544 apparatus.
1796 512 1834 537 De
1848 510 1931 537 balneo
1949 512 2067 546 loquitur.
2403 520 2405 525 1

1417 554 1438 573 Α
1450 554 1463 572 ¹.‘
1473 553 1519 572 ΡΑ
1531 552 1550 571 R
1560 551 1580 571 Λ
1591 552 1611 571 Τ
1622 551 1677 576 VS,
1697 553 1720 576 a,
1734 554 1787 571 um.
1823 546 1916 572 Partic.
1939 552 1964 572 et
1986 545 2044 572 Adi.
2064 544 2286 580 [noepoeenniurvs]
2313 544 2366 570 Cic.
2384 543 2416 573 de
2441 538 2444 572 l
2462 561 2465 569 1

1384 581 1547 616 Legib.1,12
1566 589 1587 606 c.
1601 589 1619 614 4
1655 580 1740 614 Atque
1762 580 1794 606 ad
1820 581 1892 608 illam
1916 582 2051 608 causarum
2071 589 2199 616 operam,
2225 579 2258 605 ad
2279 588 2357 614 quam
2369 588 2416 615 ego
2440 575 2463 612 ’ῥ’

1381 626 1516 652 nunquam
1528 615 1575 642 nisi
1589 621 1725 649 apparatus
1743 622 1770 642 et
1784 617 1923 644 meditatus
1938 617 2041 644 accedo.
2073 630 2077 637 ι
2097 617 2133 642 Id.
2148 617 2220 642 Fam.
2233 623 2260 649 7,
2275 623 2284 641 1
2297 615 2364 642 Ludi
2376 619 2416 652 ³¹⁵⁷-
2443 616 2445 619 “

1382 652 1548 687 paratissimi,
1560 651 1664 678 sednon
1676 651 1717 677 tui
1730 651 1865 679 stomachi.
1899 655 1970 680 Inter
1983 652 2184 687 apparatissimas
2191 652 2281 685 epulas
2293 650 2416 687 luxusque
2444 649 2448 667 1’

1381 689 1480 722 regales
1494 689 1580 715 Senec.
1596 687 1640 721 Ep.
1653 692 1680 719 83
1694 687 1742 722 fida
1763 688 1813 722 fin.
1856 688 2054 723 Apparatiffimo
2067 688 2161 714 funere
2172 687 2254 713 elatus
2274 686 2342 713 Suet.
2354 687 2414 716 Ner:
2436 700 2445 725 =¹
2468 708 2469 711 ,

1381 734 1402 750 c.
1416 733 1440 757 9.
1476 724 1576 750 Domus
1590 722 1744 749 instrufflor
1757 729 1782 748 et
1801 725 1952 758 apparatior
1963 724 2087 751 omnibus
2108 723 2187 750 rebus
2201 722 2256 748 Cic.
2269 721 2301 748 de
2318 722 2416 755 Inuen'si
2430 721 2437 746 ἶ
2466 723 2467 726 ’

1379 769 1399 792 1,
1415 764 1442 791 58
1461 769 1483 786 c.
1498 768 1538 793 34.
1574 758 1753 793 Sped‘taculum
1773 760 1991 793 apparatiffimum
2009 761 2066 787 Cic.
2078 759 2145 786 Phil.
2160 768 2180 792 1,
2202 768 2224 785 c.
2239 766 2272 790 ¹5-
2304 757 2370 785 Add.
2389 759 2436 787 im

1381 795 1430 822 Pis.
1445 804 1466 821 c.
1481 803 1524 829 27.
1559 794 1630 820 A.ad
1645 795 1744 821 Hei-en.
1761 803 1779 826 1,
1793 803 1815 821 11
1831 804 1852 821 c.
1867 802 1884 829 7
1923 797 1958 823 Vt
1971 805 2026 822 non
2037 801 2159 830 apparata
2173 793 2262 820 oratio
2277 793 2325 819 esse
2333 789 2417 823 videi&

1381 838 1433 857 tur.
1470 830 1538 857 Ibid.
1560 831 1627 857 Item
1640 831 1767 857 vitiosum
1780 830 1815 856 est
1823 850 1832 863 ,
1855 830 1927 865 quod
1940 832 2054 858 nimium
2068 831 2197 866 apparatis
2210 829 2301 856 verbis
2316 837 2385 856 com·
2396 841 2408 852 ι·

1380 867 1457 894 situm
1471 866 1515 893 est.
1574 866 1706 902 Vtrobiquc
1719 868 1829 902 quuitur
1838 865 1867 892 de
1881 868 1987 894 Exordio
1994 868 2039 903 seu
2053 869 2177 894 Prooemio
2189 865 2286 901 vitioso.
2386 875 2389 881 ·
2419 862 2444 895 ,Ξ

2445 281 2448 305 l

1382 937 1453 965 bibit
1476 936 1562 970 οἶδεῶς,
1583 943 1609 964 et
1626 937 1752 964 iucunde:
1777 937 1921 972 oppipare,
1948 939 2022 972 sane,
2047 944 2072 966 et
2091 944 2223 973 apparate.
2279 937 2339 963 Liu.
2355 945 2392 969 31.>
2412 966 2414 968 ,

1380 974 1450 1001 Ludi
1465 973 1604 1009 magnifice
1619 980 1793 1009 apparateque
1807 973 1881 1000 faeti.
1923 974 1990 1000 Plin.
2004 974 2082 1011 Epist.
2098 984 2115 1005 1,
2132 982 2155 1007 15
2191 974 2266 1000 Potes
2274 973 2391 1007 apparatf
2425 997 2427 1000 .
2440 972 2442 976 '
2468 950 2474 1004 l

1380 1019 1491 1037 coenare
1504 1009 1572 1044 apud
1582 1009 1690 1043 multos,
1710 1018 1840 1044 nusquam
1853 1009 1982 1043 hilarius,
2000 1009 2143 1045 simplicius
2149 1029 2159 1042 ,
2177 1008 2319 1041 incautius,
2330 1008 2392 1045 fich

1378 1046 1418 1078 di,
1436 1055 1514 1081 quam
1528 1044 1597 1080 apud
1609 1054 1658 1071 me.

1415 1090 1460 1109 ΛΡ
1470 1089 1484 1108 P
1494 1088 1542 1108 AR
1552 1082 1574 1107 A
1584 1087 1605 1108 Τ
1614 1088 1634 1107 v
1643 1089 1655 1107 s
1664 1101 1672 1114 ,
1691 1079 1729 1108 sis.
1748 1090 1784 1108 m.
1813 1080 1991 1116 [παρασκευὴ]
2024 1081 2163 1108 Multarum
2182 1090 2264 1108 rerum
2280 1086 2392 1116 compar
2422 1046 2431 1123 l

1379 1117 1413 1144 ad
1426 1127 1500 1144 vnum
1508 1117 1586 1152 finem
1597 1119 1676 1152 copia.
1712 1117 1768 1144 Cic.
1777 1117 1807 1143 in
1820 1118 1939 1149 Vatin.31
1963 1116 2013 1143 Sed
2026 1117 2123 1144 omitto
2135 1117 2256 1152 epulum,
2275 1115 2379 1151 Pop.R
2390 1130 2395 1146 ι,
2422 1124 2428 1142 1

1379 1153 1475 1180 festum
1495 1153 1583 1185 diem,
1618 1158 1742 1187 argento,
1781 1153 1868 1185 veste,
1885 1153 1962 1180 omni
1989 1159 2114 1188 apparatu
2134 1160 2283 1188 ornatuque
2303 1152 2358 1179 vise
2381 1166 2393 1185 ⁵¹.
2425 1181 2427 1185 ,

1380 1188 1519 1224 Magnifici
1534 1195 1671 1223 apparatus
1686 1189 1810 1223 vitaeque
1823 1189 1909 1215 cultus
1931 1198 1990 1215 cum
2004 1189 2133 1223 elegantia
2154 1194 2180 1215 et
2206 1189 2283 1223 copia
2317 1188 2355 1215 Id.
2374 1192 2392 1222 ⁰¹>

1384 1234 1403 1257 1,
1419 1233 1451 1257 25
1465 1230 1519 1255 c.8.
1543 1225 1677 1251 Minorem
1692 1230 1843 1258 apparatum
1852 1223 1977 1251 habentia
1992 1231 2129 1259 praecepta
2136 1224 2241 1251 dicendi
2248 1224 2304 1251 Cic.
2314 1223 2390 1251 dec
2417 1225 2427 1271 l

1380 1261 1454 1288 Orat.
1463 1263 1519 1293 263.
1556 1260 1642 1287 Nullo
1650 1266 1784 1294 apparatu,
1804 1269 1869 1295 pure
1880 1266 1905 1286 et
1920 1260 2036 1287 dilucide
2048 1260 2135 1287 dicere
2154 1260 2231 1287 Id.de
2238 1262 2312 1287 Orat.
2327 1268 2347 1293 1,
2360 1268 2393 1287 2
2418 1267 2425 1286 1.

1379 1297 1525 1331 Apparatus
1539 1296 1632 1323 Persici
1657 1298 1723 1322 Hor.
1736 1296 1787 1322 Od.
1801 1305 1821 1328 1,
1834 1301 1873 1330 38,
1887 1305 1905 1322 1.
1926 1299 1944 1322 i.
1958 1295 2084 1331 luxuriosi.
2121 1296 2190 1323 Belli
2207 1301 2345 1332 apparatus
2391 1294 2398 1318 ἶ’
2420 1290 2426 1318 l

1379 1332 1457 1359 Acad.
1472 1342 1498 1366 4,
1512 1341 1533 1365 3.
1587 1332 1730 1366 Epularum
1746 1338 1883 1366 apparatus
1896 1332 1953 1358 Cic.
1964 1333 1993 1358 in
2008 1333 2081 1359 Brut.
2100 1341 2121 1358 c.
2134 1340 2173 1366 25.
2233 1331 2370 1359 Ludorum
2389 1342 2394 1358 1,
2404 1358 2413 1363 ,,

1377 1368 1430 1395 Off.
1444 1377 1469 1400 2,
1484 1378 1505 1394 c.
1529 1369 1565 1394 16.
1609 1370 1642 1395 It.
1663 1369 1717 1395 Att.
1732 1369 1787 1401 6,9
1808 1368 1888 1394 Dices
1905 1377 2001 1395 numos
2022 1367 2091 1395 mihi
2109 1377 2176 1404 opus
2194 1368 2243 1396 esse
2263 1367 2296 1394 ad
2317 1374 2392 1402 ap·v
2415 1371 2417 1373 ’

1373 1403 1590 1438 tum·triumphi.
2381 1411 2389 1418 ³
2402 1391 2431 1435 'il

1413 1447 1434 1466 A
1443 1447 1458 1466 P
1468 1447 1483 1466 P
1492 1447 1513 1466 A
1522 1447 1540 1466 R
1551 1447 1572 1466 A
1583 1446 1603 1466 Τ
1613 1445 1665 1471 10,
1702 1439 1770 1465 onis.
1791 1439 1810 1466 f.
1823 1439 1997 1474 [παρασκευὴ]
2024 1437 2108 1466 Alfius
2124 1440 2166 1468 vel
2194 1442 2262 1466 ratio
2280 1445 2375 1475 appara
2407 1454 2425 1475 ί,-

1378 1476 1433 1504 Cic.
1447 1475 1500 1502 Off.
1514 1484 1539 1507 2,
1552 1477 1583 1508 56
1596 1484 1618 1501 c.
1634 1476 1663 1501 16
1683 1475 1724 1501 Est
1739 1475 1811 1501 enim
1826 1474 1924 1502 multus
1937 1476 1965 1502 in
1978 1475 2106 1502 laudanda
2115 1475 2322 1510 magnificentia,
2341 1479 2367 1502 et
2383 1475 2424 1506 :³2¹⁶

1376 1512 1514 1548 paratione
1527 1511 1696 1546 popularium
1711 1520 1863 1538 munerum.
1901 1511 1975 1538 Idem
1985 1511 2017 1537 de
2026 1512 2128 1538 Inuent.
2143 1520 2162 1543 1,
2175 1519 2216 1545 25,
2229 1521 2249 1537 c.
2258 1517 2283 1541 18
2303 1512 2370 1546 Prop
2386 1526 2400 1542 χ
2412 1508 2419 1535 ξ’

1377 1557 1407 1574 ea
1430 1547 1502 1582 quod
1519 1556 1549 1573 ex
1565 1547 1606 1573 his
1619 1547 1732 1581 suspicio
1748 1546 1876 1582 quaedam
1896 1547 2091 1582 apparationis,
2113 1553 2192 1582 atque
2211 1547 2370 1574 artificiosae
2386 1558 2398 1569 -z
2410 1538 2423 1569 -s

1376 1584 1501 1618 ligentiac
1515 1583 1639 1609 nascitur.
1693 1583 1827 1616 Qloniam
1841 1583 1873 1609 de
1894 1583 2111 1617 apparationibus
2127 1583 2165 1609 est
2179 1583 2338 1618 explicatum
2351 1583 2396 1609 vi

1378 1628 1404 1653 2,
1420 1628 1457 1646 10.
1494 1620 1536 1646 Sic
1549 1618 1626 1644 Auel.
1643 1618 1748 1644 adHer.
1765 1627 1786 1651 1,
1800 1626 1830 1653 17
1839 1628 1859 1644 c.
1877 1627 1906 1645 ιο
1926 1619 2106 1653 Suspicionem
2119 1619 2195 1646 affert
2207 1618 2373 1646 meditation'
2411 1651 2414 1653 ¹

1376 1654 1495 1687 artificii,
1503 1663 1570 1690 quae
1578 1662 1618 1681 res
1628 1653 1706 1680 sideru
1721 1653 1830 1689 abrogat
1841 1655 1952 1680 oratori.
1971 1654 2023 1680 vid.
2038 1662 2242 1688 APPARATVS,
2255 1663 2279 1687 a,
2287 1663 2343 1681 um.
2426 1684 2428 1691 ¹

1375 1690 1409 1718 ad
1423 1692 1487 1717 Her.
1502 1699 1522 1723 1,
1537 1699 1563 1716 12
1577 1699 1598 1716 c.
1613 1695 1625 1719 8
1644 1690 1763 1716 Alterum
1778 1698 1859 1724 genus
1874 1690 2034 1717 narrationis
2048 1690 2094 1723 est,
2114 1690 2186 1725 quod
2201 1691 2355 1717 intercurrit
2367 1697 2409 1724 na..

1376 1734 1512 1761 nunquam
1527 1731 1572 1752 aut
1585 1725 1658 1758 fidei,
1679 1731 1724 1752 aut
1736 1725 1932 1752 criminationis
1946 1732 1989 1752 aut
2002 1726 2164 1752 transitionis
2198 1732 2243 1753 aut
2255 1723 2392 1754 alicuius*
2472 1750 2474 1755 ,

1376 1761 1532 1798 parationis‚
1551 1761 1595 1788 vel
1610 1761 1771 1787 laudationis
1785 1762 1867 1798 caiisa.
1905 1762 1955 1787 Hic
1969 1771 2017 1788 non
2029 1764 2057 1788 in
2070 1764 2134 1789 vitio
2149 1747 2256 1800 Usus&
2269 1760 2427 1799 'fantium‘s⁴'¹
2473 1774 2474 1780 1

1375 1806 1402 1826 ta
1414 1797 1531 1834 quaedam
1547 1797 1632 1833 causae
1645 1794 1806 1832 praefirut‘sa
1815 1797 1955 1833 significat.
2386 1814 2400 1819 .,

1411 1841 1433 1860 A
1443 1840 1540 1860 PPAR
1551 1839 1671 1865 ATOR,
1691 1832 1755 1858 oris.
1773 1841 1808 1859 m.
1828 1839 1867 1865 vt,
1887 1833 2035 1866 Apparator
2045 1832 2103 1870 ludi
2121 1833 2183 1860 Liu.
2196 1841 2245 1867 44,
2260 1842 2286 1867 9.
2322 1832 2369 1861 Sed
2366 1832 2423 1870 flia-¹

1375 1868 1446 1896 Huat
1457 1868 1538 1895 lei-iio.
1557 1869 1634 1895 Gran.
1649 1871 1687 1894 ita
1699 1868 1784 1894 dedit.-
1818 1869 1890 1894 Inter
1905 1875 2005 1895 caetera
2019 1869 2139 1904 sexageni
2153 1869 2237 1896 ferme
2249 1870 2368 1902 iuuenes,
2379 1869 2423 1896 ina

1374 1905 1479 1931 terdum
1493 1904 1591 1938 plures,
1611 1903 1644 1929 ab
1657 1902 1857 1938 apparatoribus
1870 1903 1928 1929 ludi
1942 1904 2250 1932 amati-inducebantur.
2288 1906 2346 1932 Cum
2357 1903 2424 1932 istud*

1374 1940 1408 1967 ab
1423 1939 1485 1973 absit
1498 1943 1524 1965 in
1543 1939 1685 1975 quibusdam
1692 1939 1775 1972 libris,
1788 1939 1969 1976 p2·0babiltzrfit
1984 1939 2127 1967 cmzieflura
2139 1942 2252 1974 Mureti,
2273 1940 2433 1982 apparatio--
2473 1972 2474 1997 ¹

1412 2019 1456 2038 ΑΡ
1466 2019 1480 2038 r
1490 2018 1540 2038 AR
1550 2017 1753 2042 ATORivm‚
1777 2010 1796 2036 i.
1822 2019 1847 2037 n.
1874 2009 2068 2046 [Ἐξοιρτιςῆρων
2086 2011 2144 2038 Vet.
2166 2009 2413 2046 GloffiJhscriptio
2428 2002 2436 2061 j
2471 2026 2474 2033 .

1376 2053 1470 2079 vetus,
1499 2047 1575 2073 HOC
1609 2047 1898 2074 ADPARATORIVM
1928 2047 2120 2074 PERTINET
2141 2047 2197 2075 AD.
2215 2046 2413 2073 MONVMEN-
2471 2052 2474 2076 l

1375 2082 1461 2106 TVM
1482 2082 1513 2107 C.
1535 2082 1660 2114 AQVILI
1678 2082 1840 2115 DIONYSI,
1861 2088 1908 2108 etc.
1930 2082 1997 2118 apud
2008 2083 2103 2119 Reinqs.
2122 2091 2145 2117 p.
2158 2087 2199 2112 818
2216 2091 2282 2118 quem
2297 2085 2416 2116 interpre-

1375 2121 1468 2141 tantem
1482 2117 1601 2146 inuenies,
1622 2116 1651 2140 de
1664 2118 1715 2142 loco
1729 2117 1772 2142 vbi
1782 2126 1858 2152 rogus
1871 2125 2008 2152 apparatus
2014 2118 2082 2154 suit.
2121 2118 2249 2145 fabreuus
2263 2116 2381 2149 inscript.
2391 2124 2419 2152 p,

1375 2159 1420 2183 23²
1428 2155 1512 2185 putat,
1527 2150 1732 2189 Apparatorium
1751 2151 1900 2185 Aedzficium
1913 2154 2014 2187 aliquod
2019 2153 2135 2188 ,li-pulcro
2153 2149 2272 2180 am1exicm
2285 2150 2374 2188 ῥιψὶ),

1372 2184 1542 2220 ltfirarionem
1549 2186 1660 2221 sepul-ri
1676 2192 1699 2211 cr
1718 2185 1917 2220 coenasfhciales
1925 2193 2051 2220 paratum.
2288 2200 2297 2207 ι
2409 2200 2413 2210 .-

1409 2229 1431 2247 A
1440 2228 1455 2246 P
1464 2228 1479 2247 Ρ
1489 2227 1504 2246 E
1515 2226 1530 2245 1.
1540 2227 1556 2246 Ι,
1565 2227 1584 2246 O
1594 2239 1603 2252 ,
1622 2224 1674 2246 Ere.
1695 2220 1880 2255 [npoootyopnjm
1893 2220 1997 2255 κλῄζω]
2021 2223 2126 2256 Proprie
2134 2220 2266 2258 fignificat
2286 2225 2368 2248 nomin

1373 2256 1428 2282 Cic.
1441 2264 1491 2289 pro
1503 2255 1608 2281 Caecin.
1623 2262 1656 2288 54
1680 2255 1788 2281 Vtimur
1802 2255 1896 2281 eodem
1909 2257 1968 2282 iure
1983 2258 2012 2282 in
2025 2257 2144 2290 aedibus,
2163 2267 2231 2292 quae
2251 2258 2279 2284 in
2297 2258 2354 2292 lege
2410 2261 2411 2264 ’

1373 2291 1546 2325 appellantur.
1603 2290 1641 2315 Id.
1658 2290 1729 2315 Fam.
1740 2299 1758 2320 1,
1772 2290 1844 2325 9fin.
1863 2291 1980 2324 Quidam
1995 2291 2125 2324 homines,
2139 2298 2166 2319 et
2178 2293 2261 2320 iidem
2275 2293 2333 2326 illi,
2355 2303 2382 2329 q

1375 2326 1447 2360 saepe
1461 2331 1527 2352 nutu
1541 2324 1785 2359 significationeque
1799 2326 1913 2359 appello.
1981 2327 2019 2353 Id.
2037 2327 2065 2353 in
2077 2327 2148 2354 Lael.
2161 2337 2199 2362 pr.
2221 2329 2279 2355 Nec
2298 2329 2362 2356 dubi
2373 2333 2376 2335 ’

1373 2362 1450 2388 11111111
1464 2362 1573 2387 Laelium
1585 2360 1614 2386 in
1627 2361 1702 2386 omni
1717 2360 1836 2388 sermone
1851 2361 1981 2396 appellare
1995 2363 2146 2397 sapientem.
2183 2365 2215 2390 Et
2228 2366 2245 2391 6
2257 2373 2279 2391 c<
2296 2374 2312 2392 2
2331 2366 2388 2392 νῆ’-

1372 2403 1399 2424 te
1413 2397 1555 2432 sapientem
1569 2396 1708 2431 appellant,
1729 2405 1762 2422 ex
1774 2396 1932 2424 existimant.
1968 2398 2009 2425 Sic
2021 2398 2189 2434 Cognomine
2203 2400 2286 2426 Iustus
2298 2400 2328 2427 sit
2335 2403 2385 2436 apv'

1373 2433 1440 2460 latus
1462 2433 1531 2468 Nep.
1546 2440 1568 2465 3,
1583 2440 1601 2462 1,
1615 2440 1639 2458 2.
1693 2431 1776 2458 Plaut.
1797 2432 1879 2459 Trin.
1897 2443 1926 2467 4,
1939 2441 1965 2465 2,
1979 2439 2010 2464 82
2028 2434 2054 2460 Si
2067 2434 2228 2469 appellasses,
2249 2435 2405 2470 respondi

1373 2469 1491 2495 nomine.
1528 2467 1600 2504 Conf.
1615 2467 1652 2494 Id.
1667 2467 1746 2494 Most.
1761 2476 1788 2500 2,
1801 2476 1827 2500 2,
1842 2472 1877 2500 83.
1898 2475 1923 2494 ct
1936 2470 1975 2498 86.
2011 2469 2067 2495 Cic.
2080 2471 2156 2501 Verr.
2165 2478 2186 2502 5,
2199 2472 2230 2503 63
2245 2462 2419 2506 Appellab2s¹⁸

1375 2512 1419 2532 tur
1433 2514 1447 2531 a
1461 2503 1633 2535 multitudine
1645 2503 1770 2531 mulieres
1785 2503 1952 2531 nominatim.
2007 2504 2045 2531 Id.
2058 2505 2136 2532 Acad.
2145 2514 2172 2538 4.
2185 2514 2194 2532 1
2214 2506 2259 2532 Me
2269 2512 2359 2537 autem,
2370 2506 2416 2534 nos

1375 2541 1449 2568 mine
1462 2539 1617 2575 appellabat.
1659 2539 1733 2566 Idem
1754 2541 1824 2567 Fam.
1837 2547 1864 2572 9,
1878 2538 1909 2566 2⁷2
1926 2539 2010 2566 Placet
2030 2540 2125 2567 Stoicis
2138 2541 2186 2567 suo
2206 2549 2338 2577 quamque
2356 2540 2416 2569 rem

1375 2577 1485 2604 nomine
1500 2575 1639 2610 appellare.
1695 2575 1750 2601 Cic.
1766 2584 1816 2610 pro
1836 2575 1942 2602 Caecin.
1960 2583 1987 2609 55
2010 2576 2105 2603 Seruos
2128 2585 2182 2603 non
2200 2585 2312 2604 numero
2326 2576 2413 2604 distin·

1375 2618 1466 2648 guum,
1487 2612 1529 2638 sed
1544 2610 1674 2646 appellant
1685 2620 1739 2637 vno
1753 2611 1871 2637 familiae
1884 2611 2000 2638 nomine.
2054 2612 2090 2638 Id.
2105 2620 2154 2646 pro
2165 2612 2272 2639 *Caecim
2285 2621 2313 2646 55
2333 2612 2372 2639 De
2404 2629 2406 2635 ι

1374 2649 1446 2676 beris
1462 2648 1582 2683 quisquis
1594 2646 1639 2678 est,
1659 2648 1841 2680 procuratoris
1853 2647 1964 2674 nomine
1987 2647 2142 2682 appelletur.
2193 2647 2232 2674 Id.
2251 2648 2283 2674 de
2297 2649 2350 2674 Vni
2368 2664 2379 2670 ι»
2401 2645 2409 2667 ’1

1377 2693 1411 2718 29
1436 2685 1609 2711 Caeterorum
1627 2681 1740 2708 siderum
1758 2682 1873 2709 ambitus
1903 2682 2054 2718 ignorantes
2075 2683 2196 2718 homines
2215 2689 2318 2718 praeter
2330 2691 2345 2710 a
2360 2691 2383 2712 αὶ

1378 2721 1441 2747 dum
1456 2728 1562 2755 paucos,
1581 2727 1665 2753 neque
1677 2727 1775 2752 nomen
1790 2719 1930 2753 appellant,
1951 2727 2038 2754 neque
2058 2719 2128 2745 inter
2144 2719 2169 2745 se
2181 2727 2294 2746 numero
2305 2727 2337 2746 co
2355 2733 2385 2751 m,

1377 2756 1489 2782 tiuntur.
1533 2756 1563 2781 Et
1576 2762 1603 2787 35
1620 2754 1714 2780 Iouem
1734 2760 1812 2789 atque
1832 2755 1960 2781 Iunonem
1980 2754 2098 2789 reliquos
2117 2754 2212 2781 fratres
2224 2754 2294 2782 inter
2305 2756 2332 2782 se

1377 2798 1473 2826 tosque
1487 2792 1610 2825 vsiirpare
1623 2796 1701 2824 atque
1720 2790 1852 2824 appellare
1866 2790 1987 2817 solemus.
2042 2790 2150 2816 Nomen
2168 2791 2270 2817 mortui
2286 2790 2379 2819 viri*

1377 2827 1500 2860 lacrymis
1520 2825 1663 2853 identidem
1687 2826 1819 2860 appellare
1847 2826 1903 2852 Cic.
1917 2825 1950 2852 de
1970 2826 2074 2852 Inuent.
2087 2834 2114 2858 2,
2132 2830 2173 2861 78.
2246 2826 2284 2854 Id.
2304 2827 2365 2853 V-‹u‘

1377 2870 1417 2896 135
1438 2872 1458 2889 c.
1484 2865 1519 2889 60
1547 2863 1586 2889 De
1605 2869 1659 2897 quo
1680 2861 1782 2888 iudicio
1802 2861 1820 2888 si
1839 2861 1922 2888 velim
1940 2860 2028 2887 dicere
2053 2861 2159 2894 omnia,
2191 2861 2271 2889 multi
2290 2871 2348 2898 app
2361 2872 2372 2884 v

1378 2899 1407 2925 di
1429 2897 1603 2932 laedendique
1629 2897 1698 2930 sunt,
1732 2899 1751 2923 i.
1768 2900 1915 2923 nominatim
1939 2903 1963 2923 et
1988 2905 2042 2922 cum
2061 2897 2160 2924 inuidia
2179 2897 2214 2924 ad
2229 2907 2269 2924 eos
2281 2894 2372 2934 ¹prou

1378 2934 1444 2962 dum,
1505 2933 1572 2960 Plin.
1585 2937 1624 2964 28,
1643 2941 1656 2960 ι
1681 2931 1757 2959 Fides
1776 2938 1878 2964 tansum
1898 2932 2018 2959 austures
2035 2932 2158 2967 appellet.
2189 2936 2209 2960 i.
2227 2933 2262 2960 ad
2277 2943 2318 2960 eos
2340 2946 2346 2956 ›
2359 2940 2367 2964 ’·,
2383 2948 2384 2951 1

1378 2977 1423 2996 cet.
1479 2972 1559 2997 Alias·
1573 2968 1673 3001 dicunt,
1697 2967 1772 2994 Fides
1798 2968 1828 2994 sit
1865 2976 1924 2994 enes
1945 2967 2076 2995 auctores.
2132 2970 2192 2995 Non
2211 2972 2276 2996 mim
2295 2969 2337 2998 bic
2358 2968 2368 2986 *²

1378 3015 1454 3032 meam
1487 3003 1612 3041 obstringo
1625 3024 1634 3038 ,
1666 3003 1713 3040 sed
1737 3003 1772 3030 ad
1800 3013 1830 3030 au
1860 3013 1915 3030 ores
1943 3001 2058 3030 letiorem
2081 3003 2172 3042 ablego.
2324 3035 2325 3039 ¹
2363 3022 2367 3024 -

1379 3041 1534 3076 Appellare,
1560 3040 1675 3076 Alioqui,
1710 3045 1733 3065 et
1754 3039 1829 3066 verba
1857 3048 1910 3065 eum
1934 3040 2016 3075 aliquo
2035 3039 2133 3075 facere.
2190 3040 2274 3067 Plaut.
2292 3041 2329 3073 1²9
2352 3039 2363 3059 ’1

1380 3086 1406 3109 2,
1422 3086 1452 3110 30
1471 3077 1534 3104 Vin‘
1547 3082 1576 3103 vt
1595 3074 1721 3111 appellem
1739 3074 1808 3102 hunc
1822 3075 1920 3102 Punice
1934 3076 1944 3101 ἓ
1967 3077 1986 3101 i.
2001 3076 2094 3102 Punico
2104 3075 2218 3111 sermone
2235 3085 2287 3102 cum
2300 3076 2361 3104 αΙΙσι

1380 3111 1421 3146 fist
1436 3119 1515 3138 autem
1533 3115 1599 3145 cius,
1612 3114 1654 3148 qui
1673 3110 1746 3138 verba
1755 3113 1831 3146 prior
1843 3110 1932 3147 facere
1950 3113 2050 3146 incipit.
2087 3111 2144 3138 Cic.
2158 3111 2272 3146 Philipp.
2287 3121 2314 3146 1,
2327 3116 2361 3146 31³.
2400 3126 2403 3142 ς

1379 3154 1468 3175 autem
1483 3149 1519 3175 M.
1534 3149 1634 3175 Antoni
1652 3146 1782 3174 absentem
1795 3145 1907 3181 appello.
1946 3147 2002 3172 Huc
2016 3146 2164 3183 referendus
2174 3147 2260 3175 Lucil.
2273 3156 2308 3182 27
2334 3152 2364 3176 Oc

1379 3185 1434 3211 mei
1447 3192 1489 3210 me
1503 3183 1601 3210 adeunt
1616 3181 1723 3215 set-utili,
1736 3190 1790 3208 non
1802 3182 1937 3209 dominam
1951 3190 2001 3216 ego
2014 3182 2144 3217 appellem
2157 3184 2260 3210 meams
2276 3182 2351 3210 Noni

1380 3220 1488 3248 Nonius
1502 3228 1530 3253 4,
1544 3228 1567 3247 11
1586 3222 1633 3252 ait,
1651 3217 1694 3252 effi’
1706 3217 1878 3245 familiariter
1891 3217 2066 3252 respondere,
2084 3221 2113 3245 in
2128 3227 2154 3245 co
2170 3218 2318 3254 reprebendi
2354 3236 2356 3238 v

1379 3259 1430 3283 rito
1443 3256 1586 3282 aMercero.
1623 3254 1678 3282 Cic.
1687 3254 1814 3289 QFratr.
1821 3262 1847 3287 2,
1857 3262 1874 3287 9
1895 3253 1945 3280 Tu
1960 3262 2024 3280 vero
2038 3260 2067 3280 vt
2079 3262 2122 3280 me
2131 3260 2162 3283 et
2173 3254 2287 3289 appelles
2299 3259 2326 3281 et
2346 3257 2358 3282 i„

1380 3291 1475 3326 pelles,
1495 3297 1521 3317 et
1534 3290 1681 3326 obloquare
1694 3296 1719 3317 et
1733 3289 1888 3324 colloquare
1901 3289 1993 3316 velim.
2029 3289 2153 3324 Asperius
2173 3290 2230 3316 Cic.
2245 3295 2336 3317 contra
2354 3294 2357 3311 f

1381 3329 1422 3354 62.
1459 3327 1541 3354 Plaut.
1556 3326 1640 3354 Calin.
1653 3335 1676 3359 2,
1689 3334 1711 3358 3,
1728 3333 1755 3352 12
1773 3324 1870 3352 Blande
1883 3324 1946 3351 haec
1964 3324 2034 3352 mihi
2049 3325 2118 3352 mala
2137 3334 2180 3352 res
2199 3324 2351 3360 appellant!

1382 3364 1457 3390 onr
1476 3371 1551 3395 mea,
1571 3363 1631 3390 Mea
1648 3361 1809 3394 amoenitas,
1830 3360 1896 3396 quid
1915 3367 1943 3388 tu
1963 3361 2036 3396 agis?
2051 3361 2121 3389 ,Cic.
2137 3369 2186 3395 pro
2199 3361 2304 3388 Cluent.
2316 3368 2357 3396 7.·

1382 3398 1462 3434 pellat
1476 3398 1557 3425 hilari
1569 3398 1646 3425 vultu
1659 3396 1795 3424 hominem
1809 3395 1922 3429 Balbus,
1935 3402 1964 3423 vt
1977 3395 2139 3423 blandiffime
2150 3396 2244 3431 potest.
2336 3419 2343 3426 ,,

1381 3442 1599 3469 vnumquemque
1620 3432 1752 3468 appellare
1779 3432 1835 3459 Cic.
1857 3431 1970 3467 Philipp.
1992 3439 2033 3465 13,
2051 3439 2081 3465 4.
2151 3432 2347 3468 Honorificen

1380 3470 1497 3505 aliquem
1516 3469 1588 3497 Idem
1604 3469 1675 3496 Fam.
1689 3470 1715 3502 6,
1732 3471 1758 3495 6.
1829 3467 1974 3503 Superbius
1992 3467 2030 3494 ali
2048 3475 2109 3493 uem
2127 3466 2167 3494 Id.
2179 3476 2229 3502 pro
2243 3468 2313 3503 Lege
2341 3469 2352 3489 '1

1381 3515 1415 3532 11.
1452 3506 1535 3532 Plaut.
1548 3504 1606 3531 Aul.
1621 3513 1649 3538 2,
1661 3513 1693 3537 2,
1707 3512 1737 3536 23
1763 3503 1805 3530 Est
1819 3503 1890 3539 quod
1909 3509 1936 3529 te
1954 3501 2018 3530 volo
2055 3510 2071 3528 e
2089 3503 2226 3530 communi
2239 3512 2270 3530 re
2287 3512 2315 3531 a
2327 3517 2331 3525 ·

1380 3550 1439 3568 mea
1458 3547 1484 3568 et
1501 3547 1555 3568 tua.
1591 3541 1646 3567 Cic.
1662 3540 1734 3566 Fam.
1748 3546 1792 3573 15,
1810 3548 1845 3567 20
1874 3540 1937 3573 Qio
1955 3537 2122 3565 tolerabilius
2140 3538 2255 3565 feramus
2271 3539 2293 3570 i
2323 3540 2361 3573 ἔῃ(

1382 3577 1505 3604 desiderii
1527 3577 1583 3609 tui,
1604 3575 1705 3602 crebris
1730 3584 1779 3602 nos
1800 3575 1887 3603 {iteris
1906 3572 2053 3609 appellato,
2076 3575 2095 3599 ι’.
2107 3573 2183 3609 saepe
2202 3574 2237 3601 ad
2250 3583 2288 3602 me
2299 3573 2346 3612 s,¹
2391 3597 2399 3602 ..

2468 2191 2474 2211 1

2401 2920 2408 2976 ,.;..·
2400 2861 2409 2895 „4
2395 2707 2410 2844 fflrffl‘affiffl
2402 2675 2409 2693 a

1378 3614 1472 3640 Horat.
1488 3613 1570 3640 Serm-
1585 3620 1612 3644 1,
1633 3620 1645 3644 3
1655 3631 1663 3644 ,
1685 3613 1715 3644 63
2024 3640 2026 3642 ,

1532 3647 1685 3682 Simplicior
1704 3646 1723 3673 si
1735 3646 1810 3682 quis,
1832 3643 1955 3680 (qualem
1974 3651 2019 3670 me
2036 3643 2112 3678 saepe
2130 3643 2248 3673 libenter

1530 3682 1686 3711 Obtulerim
1710 3681 1763 3709 tibi
1779 3682 1931 3712 Maecenas)
1950 3684 1981 3706 vt
1999 3679 2071 3706 forte
2087 3679 2235 3714 legentem,
2347 3701 2355 3716 ,ν

1536 3719 1589 3746 Aut
1607 3719 1718 3746 tacitum
1738 3715 1869 3752 appellet:
1893 3714 1990 3750 quouis
2008 3715 2129 3742 sermone
2146 3716 2280 3743 molestus.
2326 3730 2327 3733 1
2344 3730 2358 3738 -v
2377 3713 2394 3736 f.

2072 3751 2128 3778 Cic.
2142 3752 2171 3778 in
2183 3752 2257 3779 Brut.
2270 3753 2296 3781 ιδ
2408 3750 2411 3759 '

1381 3789 1453 3816 enim
1468 3789 1521 3816 iam
1531 3795 1559 3816 te
1573 3791 1682 3816 ausurus
1695 3786 1842 3822 appellare,
1861 3785 1990 3820 quoniam
2007 3785 2089 3820 longo
2108 3787 2251 3814 interuallo
2276 3799 2290 3810 υ

1381 3834 1455 3851 mum
1473 3825 1649 3852 animaduerti
1667 3823 1758 3858 paullo
1777 3827 1803 3848 te
1822 3820 1989 3848 hilariorem.
2145 3821 2166 3861 fl
2190 3831 2203 3855 3
2229 3824 2298 3850 Inter

1378 3859 1524 3896 simpliciter
1541 3860 1591 3887 allo
1609 3863 1635 3886 ui
1642 3857 1787 3896 fignificat,
1801 3856 1850 3893 sed
1859 3859 1912 3890 ita,
1926 3863 1956 3883 vt
1972 3857 2071 3892 aliquid
2082 3865 2165 3893 petas,
2180 3859 2221 3885 vel
2233 3859 2282 3893 pro
2376 3891 2380 3894 ¹
2396 3888 2398 3890 ,
2429 3866 2431 3873 ·

1380 3896 1445 3922 alias
1461 3905 1513 3922 cum
1529 3905 1577 3932 qua
1610 3905 1633 3921 m
1651 3893 1811 3920 vehementia.
1865 3892 1922 3919 Cic.
1938 3891 1991 3919 Off.
2006 3901 2032 3925 1,
2054 3898 2085 3927 89
2115 3903 2136 3920 c.
2154 3901 2185 3927 25
2211 3889 2318 3920 Cauend
2330 3895 2353 3926 ,ζ’
2370 3919 2372 3921 ,
2382 3911 2395 3941 q

2373 3947 2399 3976 'sl

2331 3990 2335 4006 .-

2344 4005 2401 4048 *s*

2363 4037 2386 4061 'r'

2352 4107 2360 4161 g
2396 4128 2458 4182 ιιι
