2474 4182
693 101 987 143 DISSERT.
1023 99 1101 137 DE
1131 97 1834 165 PRAECIPVIS‘LEXICIS
1865 61 2008 150 LATl
2060 116 2063 119 ’

297 235 320 253 „
338 218 406 243 vno
431 203 519 241 libro
544 208 726 239 contentus
746 197 1091 234 Commentariorum
1113 208 1219 245 opera
1247 207 1321 233 non

296 289 318 306 „
333 259 523 297 admodum
539 267 626 304 opus
641 252 679 288 fiS
695 250 882 289 habiturus.

296 317 465 365 „tiquam
488 306 737 360 poenitendum
764 308 942 352 inuenies,
974 308 1032 356 qui
1058 305 1203 343 mirifice
1227 316 1261 343 te
1286 314 1322 342 et

296 398 318 417 ‚,
336 366 529 406 doctiorem
557 360 657 399 faciat
685 370 720 398 et
744 361 950 412 disquirendi
974 361 1090 397 taedio
1118 362 1321 409 cumprimis

297 452 318 471 „
334 423 430 460 leuet.
485 416 667 468 Qidquid
684 415 819 466 insuper
839 418 875 453 in
891 414 1112 453 Diftionariis
1125 443 1136 462 ,
1163 427 1323 466 quocun-

295 506 318 524 „
333 488 398 526 que
414 473 492 509 licet
508 474 650 510 nomine
666 470 832 509 hastenus
845 471 945 509 editis
962 500 971 517 ,
1000 469 1167 521 quidquid
1185 472 1220 506 in
1235 479 1322 507 vtra-

294 559 316 577 „
332 542 398 579 que
414 527 583 565 Thesauri
607 528 760 565 editione
776 556 786 573 ‚
820 526 989 577 quidquid
1013 528 1047 562 in
1072 527 1212 562 Latinae
1237 526 1320 562 Lin-

291 611 314 632 ,,
328 595 416 632 guae
430 592 613 633 apparatu,
641 581 792 629 Dolet0‚
820 580 934 627 Valla,
963 578 1158 629 Grapaldo,
1188 582 1319 628 Scopa,

293 668 316 686 2,
332 639 486 684 Adriano
501 648 535 676 et
549 637 620 675 aliis
637 636 851 675 eiuscemodi
867 635 960 672 libris
977 634 1042 672 fuit
1058 664 1068 681 ‚
1095 634 1129 672 id
1144 644 1260 671 totum
1283 636 1319 670 in

291 693 402 742 „hoe
436 706 508 732 vno
542 692 721 731 volumine
750 691 897 729 fideliter
926 690 1131 739 congestum
1153 691 1317 726 inuenies.

291 777 315 797 „
332 750 480 803 thurqs
500 757 671 798 praeterea
688 756 722 783 et
739 745 862 783 colores
882 755 957 782 tum
969 746 1225 782 Grammaticos
1241 754 1318 780 tum

293 803 512 851 „rhetoricos
538 801 790 852 diligentissime
817 814 861 838 ex
885 803 1057 837 Cicerone
1072 828 1082 846 ‚
1117 796 1293 844 Aristotele
1308 827 1318 844 ‚

292 888 315 907 „
329 857 587 907 QiinclilianQ
616 857 767 903 Rutilio,
781 856 968 901 Fusciano,
997 855 1181 891 Rufiniano
1197 863 1231 890 et
1247 851 1319 889 aliis

293 943 313 960 ,‚
329 912 442 951 doctis
456 915 545 950 >viris
572 911 786 949 inseruimus.
850 908 1012 962 Epitheta
1034 910 1145 945 omnia
1166 906 1319 961 religiose

293 997 315 1017 „
332 966 379 1006 ad
397 980 496 1005 vnum
520 965 774 1016 obsesnauimus.
836 963 930 1001 Adde
948 961 1042 1018 ‚quod
1063 963 1218 999 ICtorum
1234 963 1319 1009 for-

293 1053 314 1070 „
331 1021 440 1061 mulas
456 1020 612 1061 botlenus
631 1018 797 1074 neglec‘las
811 1017 867 1056 vel
881 1020 1002 1069 concise
1017 1015 1169 1055 traditas
1193 1030 1238 1054 ex
1255 1018 1319 1053 Bu-

292 1109 313 1126 „
329 1077 428 1125 dm,
456 1076 589 1115 Alciato
603 1107 612 1124 ,
642 1074 811 1122 vtrisfine
825 1072 1048 1121 controuersia
1063 1069 1320 1124 incomparabili

290 1161 314 1182 ‚‚
331 1130 480 1171 doc‘irina
492 1129 661 1181 praeditis
671 1161 680 1179 ,
696 1131 828 1179 fitmma
842 1143 914 1168 cum
923 1127 997 1178 fide
1012 1126 1296 1180 transfiripstmus
1311 1156 1322 1174 ‚

293 1218 314 1235 „
333 1201 456 1238 easque
479 1187 594 1238 quoad
620 1187 694 1223 fieri
720 1187 858 1235 potuit,
895 1186 1076 1222 Ciceronis
1099 1191 1140 1233 et
1167 1182 1317 1220 aliorum

290 1272 312 1291 „
327 1241 529 1279 audioritate
543 1243 768 1279 muniuimuS.
824 1236 1020 1291 Antiquum
1044 1233 1128 1276 item
1149 1237 1318 1275 scribendi

290 1326 313 1345 „
331 1303 468 1334 morem
490 1310 535 1334 ex
550 1296 687 1333 Valerio
702 1325 713 1344 ‚
747 1293 865 1334 Probo
889 1294 994 1344 longe
1018 1293 1086 1333 alio
1109 1293 1232 1331 ordine
1255 1291 1319 1330 tibi

287 1381 310 1401 ‚‚
325 1350 554 1403 praebuimus.
583 1380 606 1399 ‚,

365 1434 448 1470 Hoc
472 1430 583 1480 ipsum
606 1430 863 1467 Promtuarium
879 1458 890 1476 ,
925 1428 1056 1477 prodiit
1086 1428 1182 1465 enim
1211 1439 1227 1464 s
1244 1440 1266 1463 T
1281 1439 1320 1463 ε-

292 1499 348 1525 ΡΗ
365 1499 458 1524 Auo
481 1485 657 1535 superstite
673 1485 715 1532 a)
732 1513 743 1530 ‚
773 1493 866 1520 taxat
882 1496 971 1520 ΜΒ
987 1497 1006 1519 E
1021 1496 1040 1519 R
1058 1496 1080 1520 T
1095 1495 1146 1519 vs
1165 1481 1235 1530 ipse
1263 1478 1321 1531 b),

284 1544 457 1592 Qeritur,
470 1543 563 1578 enim
586 1569 608 1587 „
623 1540 666 1576 de
684 1541 737 1588 iis,
745 1540 805 1590 qui
824 1541 859 1575 in
877 1539 1063 1577 Germania
1079 1536 1174 1574 hunc
1182 1538 1324 1574 Latinae

286 1626 309 1648 ,,
324 1600 478 1646 Linguae
492 1595 713 1633 Thelaurum
730 1592 949 1631 contractum
965 1592 1204 1642 impresserunt
1221 1621 1232 1639 ,
1259 1603 1323 1628 no·

285 1681 310 1704 „
325 1664 403 1690 vam
419 1651 648 1699 Promptuarii
664 1647 924 1698 inscriptionem
941 1648 1059 1685 dantes
1074 1649 1122 1694 ei,
1149 1658 1230 1684 cum
1248 1646 1322 1684 lon-

287 1738 310 1757 „
326 1707 456 1756 giffima
470 1704 618 1754 Epistola
634 1734 643 1752 ,
678 1706 714 1740 in
729 1716 795 1754 qua
814 1703 915 1740 Ordo
939 1702 1200 1749 demonstratur,
1215 1714 1323 1753 quem

286 1790 310 1812 ‚,
327 1761 386 1811 ipfi
401 1759 635 1798 adhibuerunt
649 1770 688 1795 ac
702 1758 889 1799 seruarunt,
903 1759 1017 1794 immo
1033 1769 1117 1794 vero
1139 1769 1245 1807 quem
1265 1756 1322 1795 ille

287 1845 310 1865 ‚‚
324 1819 456 1865 primus
473 1824 508 1852 et
521 1814 710 1851 instituerat
734 1821 768 1849 et
783 1812 1009 1849 conseruarat.
1071 1811 1183 1865 Qod
1205 1820 1322 1848 tamen

289 1901 313 1921 ‚,
327 1880 365 1909 vt
379 1868 622 1908 dissimularent
636 1867 695 1917 ipfi
709 1897 720 1914 ,
752 1876 863 1904 totam
877 1866 975 1916 saepe
1001 1866 1132 1904 ordinis
1149 1868 1322 1903 rationem

291 1956 314 1976 „
331 1928 584 1971 immutarunt,
619 1925 655 1960 in
677 1923 849 1972 principio
872 1921 990 1959 saltem
1011 1922 1126 1970 operis
1141 1949 1152 1967 ‚
1180 1920 1266 1957 dum
1286 1922 1322 1956 in

290 2011 314 2031 „
331 1979 524 2029 digerendis
539 1977 830 2028 disponendisque
847 1975 1023 2014 vocabulis
1045 1987 1084 2012 ea
1099 1974 1273 2012 collocant
1289 1975 1324 2010 in

291 2066 315 2086 „
329 2037 409 2082 fine,
432 2035 567 2086 quaein
584 2033 756 2082 principio
778 2041 812 2069 et
825 2031 945 2070 medio
966 2028 1073 2081 polita
1094 2028 1229 2067 fuerant
1245 2057 1256 2075 ‚
1290 2036 1326 2065 et

288 2121 312 2140 2,
327 2094 362 2128 in
377 2090 497 2128 medio
511 2101 598 2141 quae
606 2088 820 2138 postremum
834 2096 911 2124 ante
926 2085 1046 2124 locum
1062 2083 1287 2134 occupabant.
1302 2111 1327 2130 „

293 2160 317 2184 T
331 2160 355 2184 Η
369 2160 387 2183 E
400 2159 422 2182 o
437 2159 460 2181 n
473 2158 495 2181 o
511 2157 525 2181 s
539 2158 552 2181 1
565 2157 588 2180 v
605 2157 620 2181 s
643 2143 757 2182 noster
773 2144 912 2180 natione
929 2141 1029 2179 Italus
1046 2170 1056 2190 ,
1093 2142 1198 2190 patria
1217 2142 1325 2176 Foro-

289 2199 455 2248 iuhenfis,
471 2197 596 2249 scripsit
624 2207 796 2248 praeterea
811 2197 1019 2235 Orationem
1042 2196 1086 2233 de
1112 2194 1326 2233 illustriffima

292 2253 464 2294 Bafileenfi
493 2254 682 2292 Academia
710 2252 925 2294 instauranda
946 2282 958 2301 ‚
1007 2248 1202 2302 impressam
1234 2247 1326 2288 Basil-

292 2311 384 2362 apud
406 2306 544 2348 Froben.
698 2314 726 2338 »θ

710 2376 908 2427 Doletus.

374 2463 636 2489 s‘rrrnmm
656 2462 845 2487 nore-rx
870 2447 985 2496 Galli,
1017 2446 1179 2495 Aurelii,
1202 2449 1326 2497 Typo-

293 2506 415 2557 graphi
429 2505 554 2543 eruditi
568 2506 849 2543 Commentarios
865 2503 924 2541 hic
940 2504 1072 2541 idcirco
1094 2504 1196 2541 adiici
1211 2502 1325 2540 volui-

293 2574 374 2600 mus
389 2591 400 2609 ,
437 2562 553 2610 potius
574 2560 653 2611 quia
677 2561 765 2596 inter
795 2573 811 2596 s
824 2572 846 2595 T
861 2572 879 2595 E
894 2573 911 2597 P
925 2573 949 2596 H
964 2573 984 2597 A
999 2572 1024 2596 N
1040 2573 1053 2595 1
1078 2558 1259 2608 plagiarios
1281 2557 1325 2606 c)

293 2615 492 2655 referendus
508 2614 546 2653 fit
559 2643 570 2662 ‚
604 2626 709 2666 quam
722 2613 821 2664 quod
845 2614 924 2650 iusti
939 2616 1061 2651 Lexici
1085 2626 1176 2664 opus
1197 2625 1325 2662 procu-

293 2672 390 2710 derit'.
455 2682 477 2707 n
490 2682 514 2708 o
527 2683 544 2707 L
560 2683 579 2707 E
597 2682 619 2706 τ
634 2682 658 2705 ν
671 2681 687 2705 s
710 2669 824 2706 noster
846 2680 954 2705 annos
975 2677 1073 2706 natus
1095 2670 1136 2705 16
1150 2697 1162 2715 ‚
1199 2679 1244 2705 eo
1267 2678 1326 2703 au-

292 2723 393 2764 flore
405 2733 486 2762 vtor
501 2751 510 2767 ‚
545 2725 703 2762 Lutetiae
717 2722 919 2761 Parifiorum
939 2722 1055 2772 politis
1069 2722 1326 2760 Grammaticae

293 2781 500 2819 rudimentis
517 2809 529 2828 ,
557 2781 593 2816 in
610 2780 783 2820 Ciceronis
804 2776 953 2816 lectione
977 2775 1128 2815 multum
1151 2777 1298 2814 versatus
1313 2804 1325 2822 ,

293 2845 329 2875 et
342 2829 653 2887 loquendimodos
667 2835 826 2872 attentius
844 2831 1040 2886 obstruam,
1049 2832 1116 2869 hos
1131 2831 1325 2868 Commen-

294 2892 403 2929 tarios
420 2891 538 2940 coepi't
554 2889 748 2935 conficere,
775 2891 810 2925 in
825 2887 950 2939 quibus
967 2886 1220 2925 vocabulorum
1237 2897 1255 2922 a
1273 2886 1327 2922 Ci-

296 2948 411 2983 cerone
434 2944 674 2994 vsurpatorum
689 2945 763 2981 vim
785 2952 861 2980 tum
877 2945 1045 2992 priuatam
1067 2950 1102 2979 et
1124 2941 1298 2991 propriam
1315 2968 1326 2987 ‚

296 3009 374 3037 tum
388 3001 424 3038 in
437 2996 698 3038 construffione
713 2998 813 3035 vsum
836 3007 872 3035 et
896 2997 1099 3046 elegantiam
1115 3025 1125 3042 ,
1152 2993 1327 3034 Budaeum

298 3055 449 3092 maxime
473 3056 508 3092 in
530 3055 799 3092 Commentariis
824 3051 966 3090 Graecis
980 3082 991 3100 ‚
1024 3054 1060 3089 in
1084 3053 1202 3088 animo
1223 3059 1328 3101 atque

298 3110 336 3148 in
358 3107 464 3146 oculo
492 3108 648 3156 habens,
683 3107 910 3146 tumultuario
953 3117 989 3144 et
1019 3105 1110 3158 quasi
1139 3104 1328 3143 desultorio

298 3175 402 3204 more
418 3162 659 3212 compledlitur
681 3161 741 3213 d).
809 3163 1006 3201 Creuerunt
1029 3161 1066 3199 hi
1089 3174 1170 3199 cum
1194 3169 1301 3198 aetate
1317 3188 1328 3206 ‚

300 3227 335 3256 et
355 3219 484 3256 veritus
513 3216 572 3255 ille
604 3231 671 3266 ne,
707 3217 730 3256 fi
755 3230 829 3255 rem
855 3216 1051 3254 extraheret
1067 3245 1077 3264 ‚
1109 3214 1329 3265 grauioribus

299 3272 442 3323 posthac
465 3271 817 3310 commentationibus
846 3272 1006 3310 deditum
1033 3284 1115 3309 eum
1146 3271 1188 3308 ad
1213 3269 1329 3307 humi-

300 3328 385 3368 liora
406 3325 526 3368 referri
549 3329 707 3378 pigeret,
743 3326 899 3366 edendos
921 3328 1060 3376 vigente
1080 3325 1193 3364 adhuc
1221 3333 1330 3362 aetate

942 251 1113 288 Ordinem
1135 263 1219 287 vero
1235 263 1329 288 new.

1385 193 1541 239 curauit,
1576 206 1684 233 annos
1702 196 1745 233 sc.
1761 197 1809 233 26
1836 204 1932 233 natus
1949 225 1960 243 ‚
1994 197 2102 246 prima
2127 197 2269 247 quidem
2297 197 2411 237 adole—

1384 249 1507 286 scentia
1525 249 1688 298 coe‘pt03,
1715 251 1772 289 sed
1787 253 1926 301 repetita
1943 250 2114 301 diligentia
2130 251 2173 288 de
2190 255 2323 303 integro
2339 253 2410 291 fere
2430 265 2437 272 ⁴

1385 301 1567 345 confec‘los
1591 310 1691 354 atque
1711 305 1896 344 absolutos.
1950 309 2042 343 Tres
2059 309 2202 343 Tomos
2225 307 2415 346 meditaba-'

1386 369 1454 406 tur,
1468 370 1618 415 quorum
1632 360 1766 409 primus
1785 359 1919 398 Rudaeo
1950 361 2129 410 inscriptus
2152 362 2279 410 prodiit
2301 364 2384 410 1536
2396 393 2408 410 ,

1386 413 1447 452 fol.
1463 413 1575 462 Lugd.
1590 412 1681 462 apud
1695 412 1764 452 Seb.
1783 414 1966 468 Gryphium
1981 445 1991 463 ,
2025 419 2060 453 in
2077 429 2149 468 quo
2174 414 2212 453 de
2232 415 2408 456 verboram

1385 480 1420 507 et
1435 470 1601 506 nominum
1607 465 1851 521 fignificotione
1868 471 1989 524 vastique
2003 469 2131 509 dicitur
2140 485 2155 511 ;
2181 472 2407 509 demonstrata

1385 524 1512 561 scilicet
1530 525 1796 573 vniuscuiusque
1807 528 1901 563 vocis
1916 525 2162 574 fignificatione
2180 537 2255 564 tum
2272 529 2407 576 propria

1385 590 1459 616 tum
1485 577 1639 615 translata
1655 607 1666 624 ‚
1694 578 1817 615 deinde
1845 583 2004 618 varietate
2024 581 2101 618 vsus
2125 581 2279 619 distincta
2296 612 2306 629 ,
2343 594 2408 630 po-

1383 635 1511 671 stremo
1529 632 1696 682 exemplis
1714 631 1902 671 cumulatis.
1965 635 2130 673 Secundus
2144 637 2320 685 Francisco
2341 636 2407 673 Va-

1383 687 1464 735 lesio,
1481 687 1672 725 Galliarum
1686 690 1781 737 Regi,
1798 687 2011 728 literatorum
2027 694 2177 729 Patrono
2194 694 2344 740 optimo,
2359 702 2409 728 at-

1383 756 1451 794 que
1467 743 1583 780 eidem
1605 743 1741 792 insuper
1756 742 1887 780 Budaeo
1909 746 2087 796 inlcriptus
2105 776 2115 793 ‚
2143 744 2333 783 inchoatam
2354 759 2409 783 no-

1383 799 1508 834 minum
1522 808 1555 834 et
1571 794 1746 834 verborum
1765 797 1992 850 expositionem
2001 803 2218 854 perfiquitur
2229 831 2238 848 ‚
2265 803 2409 852 itemque

1383 849 1423 889 de
1438 850 1913 904 particulisindeclinabilibus
1929 851 1974 890 ad
1982 867 2168 893 extremum
2184 859 2270 910 ogit.
2326 859 2408 893 Pro·
2447 879 2454 882 -

1383 907 1446 944 diit
1470 907 1600 944 ibidem
1623 908 1714 956 apud
1735 909 1886 945 eundem
1910 914 1999 957 1538.
2056 913 2207 949 Tertium
2231 913 2410 960 intercepit

1382 972 1582 1011 temporum
1598 964 1718 999 iniuria
1733 992 1744 1010 ‚
1770 965 1804 1000 in
1820 976 1892 1014 quo
1911 976 2012 1000 raros
2030 965 2187 1018 quosdam
2214 978 2330 1020 eosque
2346 964 2409 1003 ele-

1375 1019 1556 1071 gantiores
1572 1015 1725 1071 loquendi
1739 1016 1847 1055 modos
1862 1017 2134 1071 exscriptoribus
2149 1023 2279 1058 Latinis
2296 1013 2410 1058 erutos

1385 1070 1596 1126 collec'l‘osque
1613 1070 1787 1109 declarare
1802 1102 1813 1120 ,
1842 1084 1875 1109 et
1885 1075 1921 1110 L.
1931 1075 1971 1113 L.
1990 1074 2123 1126 phrasin
2140 1085 2241 1129 atque
2259 1087 2410 1114 numeros

1386 1128 1554 1166 oratorios
1570 1137 1648 1164 arte
1664 1123 1762 1164 breui
1772 1126 1859 1179 perst
1862 1130 2000 1182 ringere
2019 1129 2134 1167 voluit.
2190 1134 2273 1180 Qio
2295 1134 2413 1168 minus

1383 1183 1427 1220 ad
1450 1184 1583 1220 exitum
1606 1182 1662 1219 sua
1689 1184 1850 1231 incoepta
1871 1185 2058 1232 perducere
2079 1188 2220 1235 potuit,
2254 1185 2412 1223 fortunae

1382 1236 1566 1276 acerbitate
1583 1235 1724 1275 saelum.
1781 1240 1872 1274 Nam
1887 1240 2145 1278 viuicomburio
2161 1240 2264 1278 miser
2273 1239 2320 1278 ob
2337 1239 2413 1278 reli-

1383 1296 1528 1343 gionem
1550 1291 1750 1330 combustus
1774 1293 1821 1330 est
1836 1296 1990 1331 Lutetiae
2006 1324 2017 1342 ‚
2050 1296 2194 1344 August.
2220 1297 2301 1344 3tio'
2314 1296 2412 1344 1546.

1386 1350 1430 1386 de
1454 1361 1526 1399 quo
1553 1347 1597 1386 fic
1625 1350 1762 1397 egregie
1786 1345 1977 1386 adeodatus
1997 1346 2082 1388 Seba
2110 1349 2271 1389 Vezalius
2313 1350 2362 1398 (i.
2383 1363 2413 1389 e.

1389 1400 1575 1442 Theodorus
1589 1404 1718 1451 Beza‚)

1481 1481 1640 1515 Ardentem
1663 1481 1757 1514 medio
1780 1492 1848 1527 rogo
1872 1483 2006 1515 Doletum

2140 1431 2163 1457 Ο

1482 1547 1607 1579 Cernens
1630 1545 1776 1578 Aonidum
1800 1546 1904 1579 chorus
1927 1548 2065 1580 Sororum

1481 1610 1597 1649 Charus
1621 1611 1670 1642 ille
1691 1609 1744 1643 diu
1769 1610 1872 1643 chorus
1892 1611 1992 1643 Doleto
2004 1623 2014 1643 :

1488 1675 1578 1706 Totus
1601 1677 1744 1718 ingemuit
1759 1699 1767 1714 ,
1796 1686 1847 1706 nec
1870 1676 1932 1707 vlla
1945 1673 2072 1721 prorfias

1482 1739 1508 1771 E
1527 1736 1679 1770 Sororibus
1702 1738 1740 1781 est
1762 1748 1879 1784 reperta
1902 1738 2016 1771 cunc'lir

1481 1801 1578 1834 Naias
1599 1802 1680 1833 nulla
1694 1827 1703 1841 ‚
1728 1804 1856 1834 Driasue
1872 1804 2011 1834 Nereisue
2022 1827 2033 1840 ,
2226 1802 2242 1819 ⁴

1481 1865 1564 1906 Qae
1587 1875 1644 1895 non
1668 1865 1715 1896 vel
1737 1866 1876 1907 lacrymis
1894 1864 1962 1908 fitis
1984 1867 2032 1898 vel
2043 1862 2155 1909 “hausta

1484 1927 1586 1956 Iv'ontis
1609 1925 1731 1969 Pegasei
1746 1926 1880 1970 studeret
1904 1927 1985 1961 vnda

1485 1985 1622 2020 Crudeles
1641 1986 1712 2018 adeo
1736 1988 1855 2020 domare
1873 1991 2017 2028 flammas.
2057 2020 2065 2024 -

1486 2051 1525 2084 Et
1548 2053 1610 2082 iam
1631 2058 1709 2082 totus
1733 2058 1801 2082 erat
1817 2049 1949 2096 stpultus
1973 2054 2053 2096 ignis
2065 2064 2080 2089 ‚-

1485 2116 1550 2148 Iam
1573 2114 1655 2159 largo
1679 2113 1819 2146 madidus
1841 2114 1961 2146 Doletus
1982 2113 2075 2147 imbre

1484 2180 1625 2212 &emtus
1641 2186 1762 2225 poterat
1785 2181 1848 2210 neci
1871 2177 1993 2218 videri,

1489 2245 1588 2287 Qum
1611 2242 1685 2275 caelo
1712 2245 1842 2274 intonuit
1857 2240 1978 2285 stuerur
2001 2242 2061 2274 alto

1486 2309 1632 2340 Diuorum
1655 2307 1747 2339 Pater
1770 2315 1799 2338 et
1822 2306 1901 2338 velut
1918 2315 2061 2352 peraegre

1487 2373 1550 2404 Hoc
1574 2379 1692 2404 tantum
1704 2369 1838 2413 studium
1852 2370 1958 2415 serens
1979 2370 2132 2407 Sororum,
2297 2380 2319 2395 φ

1485 2440 1526 2469 At
1550 2431 1655 2478 cffzte'
1673 2460 1684 2473 ,

1486 2501 1531 2532 Ne
1556 2498 1667 2532 diutius
1690 2496 1819 2530 inuidcte
1842 2498 1927 2529 caelo.

1720 2437 1766 2466 ait
1783 2458 1793 2471 ,
1830 2442 1859 2465 et
1882 2445 1988 2466 nouum
2011 2433 2146 2466 Colonum

1485 2564 1602 2596 Caelum
1616 2562 1659 2605 fic
1682 2573 1761 2593 meus
1781 2562 1922 2593 Hercules
1936 2562 2058 2607 petiuit.

1388 2650 1429 2686 V.
1463 2648 1582 2702 Komg.
1602 2644 1780 2686 Bailletum
1793 2675 1804 2694 ‚
1832 2643 1985 2683 Baelium
2001 2675 2012 2693 ‚
2040 2642 2222 2682 Caillaeum
2243 2643 2279 2680 in
2297 2642 2414 2680 Histo-

1388 2705 1436 2742 ria
1468 2701 1736 2753 Typographiae
1752 2730 1763 2748 ‚
1801 2701 1979 2753 Gessierum
1993 2730 2003 2748 ,
2034 2709 2264 2748 caeterosque.
2346 2700 2414 2735 Ex-

1389 2759 1474 2798 stant
1490 2757 1650 2796 nonnulla
1665 2759 1738 2795 eius
1753 2759 1915 2794 Poemata
1936 2758 1974 2793 in
1983 2754 2123 2793 Deliciis
2137 2755 2318 2790 Poetarum
2333 2752 2415 2790 Gal-

1389 2813 1505 2852 lorum
1521 2843 1531 2861 ,
1561 2816 1598 2851 T
1599 2825 1669 2853 om.
1693 2824 1718 2850 ι.
1773 2813 1893 2849 Fertur
1915 2812 2022 2848 morti
2043 2809 2174 2847 vicinus
2194 2805 2332 2856 plebem
2355 2807 2414 2845 ad-

1389 2869 1534 2907 stantem
1553 2878 1587 2906 et
1603 2867 1755 2918 lacrymis
1777 2866 1976 2903 madentem
1997 2866 2041 2902 ita
2055 2862 2222 2901 allocutus
2241 2876 2251 2908 ;

1453 2940 1536 2977 Non
1553 2937 1648 2978 dolet
1663 2936 1732 2987 ipse
1747 2949 1770 2973 D
1784 2949 1806 2973 0
1822 2950 1840 2973 ι
1856 2950 1875 2973 E
1890 2949 1913 2973 Τ
1932 2965 1944 2984 ,
1969 2934 2028 2973 sed
2045 2935 2100 2983 pia
2114 2929 2236 2969 Turba
2249 2930 2357 2972 dolet.

1669 3024 1880 3067 Wendelinus
1894 3056 1907 3075 ‚
1940 3036 1974 3064 et
1996 3023 2132 3072 Frfius.

1475 3105 1527 3140 Ex
1545 3116 1560 3140 s
1573 3115 1596 3139 τ
1607 3116 1626 3140 e
1638 3117 1656 3140 r
1669 3116 1693 3140 n
1706 3115 1728 3140 A
1740 3113 1765 3138 Ν
1779 3114 1802 3138 0
1831 3112 1974 3152 quoque
1991 3097 2155 3148 excerpsit
2171 3096 2265 3135 suam
2280 3093 2414 3134 Medul„

1392 3156 1462 3196 lam
1477 3159 1684 3195 Latinitatis
1706 3168 1867 3194 MARcvs
1897 3169 1916 3191 r
1931 3168 1951 3192 R
1965 3169 1977 3191 1
1994 3168 2028 3191 o.
2048 3167 2082 3190 w
2096 3166 2154 3191 EN
2167 3166 2190 3189 D
2204 3166 2224 3189 ε
2241 3166 2258 3188 ι
2272 3165 2285 3188 1
2299 3165 2361 3188 N¹v
2375 3164 2416 3188 s:

1392 3213 1437 3250 de
1454 3225 1525 3264 quo
1540 3212 1635 3263 plura
1652 3210 1742 3262 apud
1756 3208 1909 3257 Mor-hof:
1937 3209 1957 3246 l.
1976 3211 2137 3258 proxime
2165 3209 2279 3244 citato.
2347 3206 2416 3244 Ne-

1391 3280 1461 3318 que
1477 3269 1622 3306 enimin
1635 3265 1981 3314 Lexicographorum
2004 3262 2138 3301 classem
2160 3263 2233 3298 iure
2258 3260 2306 3297 est
2321 3260 2415 3309 dige-

1393 3323 1529 3360 rendus.
1592 3321 1747 3360 Multum
1767 3332 1909 3372 quoque
1926 3319 2053 3357 Nostro
2073 3314 2176 3354 debet
2191 3329 2203 3351 1
2218 3327 2240 3351 o
2255 3329 2275 3352 A
2289 3329 2313 3352 N
2326 3328 2350 3352 N
2367 3329 2385 3352 E
2401 3328 2416 3351 s

2324 3383 2342 3406 F
2357 3383 2377 3407 R
2391 3383 2422 3406 1-

339 3481 369 3510 1³)
387 3478 435 3505 An·
452 3475 483 3504 st·
498 3481 563 3510 ¹545.
583 3473 632 3503 fol.
648 3482 672 3502 ι.
687 3473 760 3504 Voll.
819 3474 847 3508 h)
858 3444 899 3504 ¹In
914 3473 1000 3505 Praef.
1017 3473 1050 3503 ad
1065 3459 1177 3511 Calepin.
1193 3479 1254 3506 ¹35³.
1314 3473 1345 3507 c)
1364 3492 1383 3506 ,‚
1396 3471 1417 3498 A
1431 3469 1515 3506 Plagii
1528 3449 1706 3499 tri1ninen⁸on
1726 3467 1926 3501 absoluendue,
1950 3445 2013 3492 litet
2023 3462 2134 3502 ipsemet
2153 3461 2239 3491 adhuc
2258 3461 2326 3490 illud
2345 3462 2390 3490 fibi
2401 3472 2417 3490 a

379 3537 398 3551 ‚,
414 3515 517 3545 Carolo
525 3515 661 3552 Stephano
675 3511 810 3543 obieetum
822 3515 925 3544 diluere
937 3517 1011 3544 omni
1025 3514 1110 3543 studio
1125 3514 1154 3542 fit
1168 3513 1286 3547 annisus,
1301 3522 1355 3551 qua
1367 3511 1399 3539 de
1413 3521 1443 3540 re
1457 3509 1510 3546 legi
1525 3513 1608 3550 potest
1616 3511 1779 3540 Thomalius
1794 3509 1826 3538 de
1839 3506 1929 3547 plagio
1942 3503 2079 3537 litei-ario,
2096 3502 2119 3537 6·
2132 3512 2194 3536 409-
2208 3512 2262 3536 412.
2310 3504 2415 3540 Nempe

623 3548 629 3561 1

380 3577 399 3591 ,,
414 3557 528 3585 nimium
541 3554 629 3584 subito
642 3562 785 3582 creuerunt
803 3556 832 3582 in
846 3555 945 3584 molem
961 3556 1072 3584 Latinae
1085 3555 1205 3590 Linguae
1219 3553 1412 3581 Commentarii
1425 3571 1434 3584 ‚
1462 3560 1509 3589 qiu
1532 3559 1592 3580 ante
1606 3550 1778 3580 Tltesaurum
1793 3544 2045 3582 auberestephani
2067 3536 2213 3572 et⁷Nizolii
2233 3541 2416 3578 magnitudine

379 3615 399 3631 ‚,
411 3597 489 3625 Laur.
505 3594 598 3624 Vallae
613 3593 763 3631 Elegantia
778 3605 832 3622 non
847 3594 1006 3635 super-‘abant
1020 3607 1028 3628 3
1055 3594 1202 3632 frustraque
1217 3592 1380 3622 exscribendi
1395 3591 1530 3620 licentiam
1546 3592 1750 3631 Lexicographis
1765 3585 1911 3618 concessam
1920 3583 2032 3612 Doletus
2046 3583 2213 3622 praetendit,
2234 3584 2281 3620 qui
2295 3581 2414 3610 anthol.

380 3655 402 3669 ,‚
416 3636 507 3664 Riecio
521 3635 628 3675 insuper
640 3642 719 3673 atque
735 3636 837 3663 Lazaro
853 3637 942 3670 Baytio
957 3646 1018 3665 eum
1031 3637 1060 3664 in
1075 3634 1184 3664 modum
1199 3635 1314 3673 turpiter
1328 3631 1422 3662 abusus
1438 3633 1473 3660 est
1485 3653 1494 3666 ‚
1517 3642 1653 3670 nunquam
1672 3625 1942 3666 eos,.no.ninans‚nifi
1955 3625 2000 3651 Vbi
2014 3623 2127 3658 castigm-
2151 3644 2170 3657 υ

833 3675 864 3709 A)
890 3684 905 3703 ιν
918 3685 937 3705 ο
949 3686 962 3705 ι.
973 3685 990 3706 Ε
1004 3684 1026 3705 Τ
1039 3685 1050 3704 1
1070 3675 1221 3704 admonitio
1235 3674 1268 3702 de
1281 3673 1387 3703 secundi
1400 3673 1488 3702 Tomi
1503 3672 1605 3702 ordine.
1645 3694 1665 3708 „
1677 3669 1783 3715 Ηοζμφ
1794 3665 2060 3695 Commentfliorum
2074 3663 2102 3691 id
2115 3673 2205 3691 meum
2217 3663 2331 3701 primum
2348 3663 2416 3689 insti·

382 3693 402 3710 „
415 3674 472 3702 hist.
488 3674 533 3705 lib.
549 3687 574 3711 4.
594 3686 651 3715 cap.
664 3685 689 3710 9.
703 3674 726 3713 §.
742 3683 775 3703 ιι.

2214 3621 2327 3659 Morhofi
2342 3622 2415 3655 Poly-

383 3735 404 3750 „
417 3721 504 3743 tutum
518 3715 568 3744 fuit
577 3737 585 3750 ‚
606 3724 634 3745 vt
647 3716 740 3744 auctor
752 3713 832 3742 essem
846 3718 910 3743 noui
925 3717 1155 3746 uictionariorum
1168 3714 1421 3743 conscribendorum
1435 3713 1536 3742 ordinis
1550 3735 1558 3747 ,
1585 3723 1664 3751 quem
1678 3709 1850 3750 nee¹Greeeus
1868 3706 2008 3743 quisquam
2029 3714 2077 3731 nee
2092 3704 2199 3731 [atinus
2214 3703 2261 3730 fibi
2275 3702 2415 3730 vendicare

381 3774 403 3790 ‚,
417 3753 511 3792 pofl'et.
551 3757 604 3789 Qui
619 3756 688 3785 ordo
702 3756 738 3783 est
752 3777 760 3789 ‚
781 3762 810 3782 vt
822 3765 877 3783 non
893 3756 985 3791 seriem
996 3757 1189 3796 alphabetieam
1204 3755 1359 3793 sequamur,
1380 3753 1454 3792 quod
1468 3752 1561 3789 vulgus
1574 3751 1811 3781 Grammaticorum
1826 3745 1890 3773 facit
1902 3766 1910 3779 ‚
1931 3743 1974 3772 sed
1990 3753 2032 3771 res
2048 3743 2127 3771 rebus
2145 3749 2293 3770 attexamus
2306 3763 2315 3776 ‚
2337 3750 2363 3770 et
2377 3741 2415 3768 di-

380 3814 401 3828 „
414 3794 516 3822 &iones
528 3794 717 3829 significatione
729 3803 853 3830 cognatas
872 3796 943 3823 inter
956 3797 980 3825 se
994 3796 1155 3836 copulemus.

1202 3796 1234 3823 In
1247 3804 1302 3832 quo
1316 3805 1371 3822 uon
1385 3794 1470 3823 solum
1485 3793 1632 3821 dictionum
1647 3789 1762 3829 ipsarum
1777 3785 1979 3822 fignificationes
1996 3791 2072 3822 potes
2094 3782 2321 3821 comprehendere
2335 3802 2344 3814 ‚
2371 3779 2414 3808 sed

383 3854 403 3868 ,‚
413 3843 503 3861 rerum
517 3836 595 3861 etiam
610 3844 732 3863 naturam
747 3843 774 3863 et
786 3834 920 3873 quandam
937 3836 1112 3865 humanarum
1129 3836 1265 3864 aftionum
1279 3834 1423 3873 exprcllhm
1445 3835 1586 3870 imaginem
1601 3831 1768 3866 effissttmque
1782 3825 1947 3855 simulacrum
1961 3822 2146 3862 contemplari.
2188 3822 2270 3857 Qiod
2284 3823 2302 3850 {i
2316 3822 2362 3849 tibi
2378 3821 2416 3847 vin

380 3895 400 3908 „
415 3872 542 3901 declarari
557 3873 714 3902 familiarius
725 3895 733 3909 ‚
754 3875 794 3902 fac
807 3875 858 3903 tibi
873 3876 910 3903 ob
929 3875 1022 3904 oculos
1041 3887 1126 3915 ponas
1142 3877 1259 3903 nostrum
1273 3877 1300 3902 in
1313 3877 1353 3904 rei
1368 3874 1481 3905 Bellicoe
1494 3896 1503 3911 ‚
1532 3871 1644 3904 Naunlio
1657 3891 1665 3906 ,
1690 3868 1809 3896 Runicae
1823 3888 1832 3901 ,
1858 3863 1981 3894 Caelestis
1995 3885 2005 3899 ,
2030 3865 2145 3892 Patrium
2164 3864 2286 3902 corporis
2305 3860 2413 3889 humani
2470 3883 2474 3887 ,

379 3934 399 3949 „
411 3913 519 3942 vocibus
538 3912 698 3951 explicandis
712 3914 845 3944 ordinem.
866 3936 886 3949 „
913 3917 958 3954 qni
974 3916 1070 3945 deinde
1085 3926 1149 3945 mox
1164 3916 1338 3952 subiungitur.
