2474 4182
40 154 114 183 1101
238 147 245 161 ¹
401 135 436 176 C
525 135 561 176 0
645 135 690 174 N
1128 123 1134 129 .
1551 141 1584 181 C
1674 143 1727 181 0⁷
1791 140 1835 181 N
2113 165 2197 192 1102

22 245 23 250 ,
40 229 121 258 Ouid,
135 227 200 256 Fan,
212 235 234 259 3,
248 233 309 261 797.
381 226 411 252 In
424 226 528 252 cursum
547 223 606 251 Col.
619 224 646 255 6,
660 229 682 255 ς,
698 230 716 248 1-
789 222 819 248 1¹¹
838 222 904 250 iram
930 224 1040 258 anst-
1056 227 1083 256 6,
1147 227 1196 255 483
1221 223 1342 257 Corpora
1360 225 1419 265 sunt
1438 235 1518 266 porro
1539 230 1635 262 partim
1654 230 1803 264 primordia
1821 239 1928 265 rerum,
1954 235 2051 264 Partim
2069 239 2195 273 concilio,

22 257 23 290 J
40 275 65 293 2.
137 263 258 291 Clamore
281 261 414 288 concitare
435 262 551 296 aliquem
582 256 662 285 Ouid.
683 256 747 297 Fast.
763 262 788 289 2,
805 264 859 291 830.
932 261 1005 286 Idem
1018 261 1084 286 Met.
1148 266 1215 292 quae
1230 259 1346 297 constant
1360 270 1571 296 principiorum,
1591 269 1719 301 1⁴.par1·im
1732 268 1864 299 elementa,
1879 267 2196 311 simpliciapr01514143PM2

22 297 24 313 *¹
42 310 80 334 ¹4¹
93 304 137 332 238
161 297 335 325 Fuvientibus
352 297 445 329 instat,
463 302 488 322 et
506 302 598 329 agmen
635 293 758 319 Concitat
779 294 944 331 Antiphates.
1019 296 1083 321 Auis
1148 296 1194 320 eim
1211 297 1349 329 composita.
1403 297 1434 322 Et
1450 306 1472 328 2,
1486 300 1530 329 563

41 335 152 362 concitat
173 320 226 360 δίζε
247 334 335 361 Valer.
351 334 449 367 Argon.
464 334 496 365 6,
511 332 570 363 264.
641 330 730 363 Aquas
753 331 866 357 concitat
888 332 971 358 Eurus
1001 331 1082 357 Ouid.
1277 330 1425 365 Nunquam
1446 332 1475 357 in
1496 335 1655 367 concilium,
1676 343 1704 362 vt
1725 338 1816 371 poilint
1836 339 1970 373 compulsa
1991 340 2080 374 coire,

40 369 118 405 Epist.
142 376 169 403 7,
192 378 236 402 42.
308 370 387 395 Arina
398 366 531 402 aliquibus
543 364 664 391 concitat.
702 366 818 399 Propcrt.
842 376 864 399 3,
889 375 925 399 19,
949 372 962 397 8
989 367 1083 392 Dulcia
1109 371 1123 397 ς
1275 366 1333 392 Nec
1354 368 1485 394 remorari
1507 368 1535 393 in
1553 371 1683 402 concilio,
1704 382 1750 398 nec
1770 375 1885 400 <rest-ere
1906 374 2030 407 adaufta,

23 397 24 406 ἵ
39 414 116 442 quam
131 405 210 432 nobis
226 404 339 431 concitet
353 412 425 431 arma
439 404 533 429 Venus.
605 398 676 426 Aura
690 401 788 436 frigida
801 403 913 429 concitat
935 408 1006 429 artus
1031 403 1082 428 Lu·
1277 402 1402 434 Qioruni
1423 409 1566 438 Vtrumque
1588 406 1671 438 palam
1693 408 1769 440 fieri,
1793 410 1929 436 manifesta
1950 411 2026 437 docet
2045 421 2103 444 res,

39 447 100 468 cret.
115 449 137 473 3,
151 449 209 474 ²92·
281 441 481 474 Propert.3,15,
495 444 527 469 43
549 434 646 462 Fabula
660 437 733 464 nulla
747 444 803 463 tuas
823 437 855 463 de
871 438 948 464 nobis
969 438 1083 463 concitet
1238 473 1242 476 .
1277 437 1308 463 Et
1332 447 1373 463 res
1393 439 1534 472 progigni,
1554 445 1579 465 et
1600 441 1698 473 genitas
1719 446 1883 477 procrescere
1905 447 1981 480 potsse.

38 485 123 504 aul-cs,
195 476 266 503 Caes,
282 475 346 502 Bell,
360 474 426 501 Gall.
440 477 462 504 8,
476 480 509 497 22
526 471 632 498 Infirma
648 482 726 499 manu
741 473 826 507 plebis
839 473 937 499 bellum
950 473 1083 499 concitare
1151 467 1191 503 Est
1204 473 1285 506 igitur
1299 473 1372 499 coire
1388 475 1415 499 in
1431 474 1575 500 concilium
1589 479 1679 511 gigni,
1700 480 1828 514 canister-e
1841 490 1869 506 ex
1877 480 2040 516 fimpljcjbus.
2076 481 2197 510 Tei-tull,

39 518 64 539 et
78 520 178 547 gerere.
251 511 310 538 Liu.
322 519 357 543 55,
371 518 396 535 ιε
414 510 453 534 Ita
466 516 513 541 per
525 514 611 534 totum
625 507 700 534 simul
724 507 817 535 orbem
837 515 967 535 terrarum
993 508 1082 534 Aetoli
1150 506 1182 532 de
1194 505 1254 546 Pali.
1272 516 1293 533 c.
1306 517 1323 540 4
1351 510 1502 536 Concilium
1516 512 1633 536 nominis
1648 512 1680 544 .st
1693 517 1763 549 origo
1775 522 1797 541 ct
1810 520 1875 542 mmo
1888 518 2075 552 compqsstsonis-
2138 519 2197 544 ιβ’-ἄ,

40 548 167 575 Romanis
182 546 347 573 concitabant
357 543 463 571 belluni.
537 544 622 570 Boues
641 544 774 572 concitant
793 543 881 571 tabani
910 545 985 571 Varr.
1003 544 1032 569 R.
1049 544 1080 569 R.
1100 551 1130 568 10
1149 539 1252 583 51111119]-
1268 543 1302 568 ad
1316 543 1340 569 h·
1355 546 1371 570 l·
1390 552 1417 579 P·
1432 554 1477 580 279
1491 546 1532 581 fil.
1565 553 1668 581 itemque
1680 555 1708 582 p.
1723 553 1760 583 96
1778 551 1819 576 vbi
1840 552 1961 579 Luminis
1981 553 2124 580 concilium
2140 560 2199 588 pur-

39 593 62 616 2,
76 591 98 617 ς,
112 592 149 617 14.
221 581 385 608 Discordiam
404 579 461 605 Cic.
475 587 524 613 pro
537 580 656 606 Muracn.
672 588 703 612 39
717 590 738 606 c.
752 590 792 613 39.
866 581 934 615 Equi
953 581 981 606 in
995 579 1083 605 diucr-
1144 584 1217 619 ,Py-rel
1232 579 1323 617 ajoloris
1338 582 1551 620 corzc·1''lt'5znzc›zt11n1
1568 585 1756 617 interpretatin-.
1828 587 1980 614 Scholiastcs
2000 590 2091 616 quen.
2110 598 2136 621 1,
2157 592 2199 616 116

40 621 96 646 sum
110 620 162 645 iter
175 617 298 644 concitati
315 616 374 642 Liu.
389 623 408 644 ι,
421 619 460 644 28-
532 616 636 649 Equum
651 616 679 641 iu
694 616 778 643 hostes
806 617 881 651 Virg.
895 617 959 643 Aen.
975 624 1006 648 ιι,
1019 623 1081 650 742.
1150 615 1261 639 (Aeonia
1283 622 1314 639 ex
1338 616 1454 642 concilio
1469 617 1548 643 rostri
1562 616 1677 644 sonitum
1691 620 1764 645 facit.
1821 623 1858 647 De
1872 627 1937 650 coitu
1949 626 2055 660 genitali
2069 624 2169 651 Arnob.
2182 635 2198 652 ι

16 677 19 686 ,
39 655 98 681 Liu.
115 660 140 686 2,
155 656 171 680 6
193 653 312 680 Concitat
325 650 470 676 calcaribus
483 651 604 685 Equum,
625 657 703 686 atquc
718 652 745 678 in
761 652 847 686 ipsum
860 652 969 679 infestus
984 651 1084 678 Consu-
1150 657 1175 681 ι).
1191 656 1231 681 54.
1292 649 1379 690 Edunt
1398 660 1443 684 per
1459 659 1547 678 vteros
1559 653 1662 686 foetus,
1682 661 1708 680 ct
1720 657 1902 689 corporalibus
1914 660 2034 686 conciliis
2049 667 2198 694 procreant,

38 690 90 728 [ein
105 689 208 724 dirigit.
277 687 331 713 Cic.
348 687 419 712 Fam.
435 695 459 718 2,
476 695 484 712 ι
513 687 553 713 Sic
567 687 600 713 ad
618 696 666 713 nos
687 686 857 714 confirmatus
885 695 1035 719 reuertare,
1056 692 1085 713 vt
1151 685 1203 715 (sc.
1225 685 1317 716 brutae
1335 691 1499 718 animantes)
1526 694 1551 714 et
1571 698 1617 715 nos
1637 698 1780 724 corporum
1802 693 2033 727 coniugationilms
2057 696 2198 724 nascimur,

16 711 20 723 s
37 734 116 760 quam
150 723 355 759 expectationem
385 722 425 748 tui
446 723 597 754 concitasti,
620 723 686 749 hanc
707 724 832 750 sustinere
855 732 884 749 ac
904 723 974 749 tucri
1002 722 1083 757 pollis.
1104 730 1129 756 ις
1152 718 1172 757 Ἲ
1194 729 1206 752 3
1244 722 1433 757 Iam-formulas
1446 730 1580 757 ponemus„
1599 728 1626 750 in
1641 729 1726 757 quibus
1738 728 1865 762 plerisque
1885 738 1976 756 cot-ima
1995 738 2142 758 mmmmm
2161 735 2199 758 in-

38 762 115 788 Feras
139 760 284 789 concitare,
303 760 413 794 Agitare
425 757 518 793 feras,
538 761 626 784 venari
652 759 732 785 Ouid.
748 758 813 785 Fast.
828 767 852 790 2,
869 761 926 788 286.
1000 758 1085 785 Flam·
1151 756 1313 791 telligentium
1322 757 1464 798 fignificat.
1501 759 1542 784 Sic
1555 760 1707 787 Concilium
1722 761 1848 795 deorum,
1866 764 2018 792 Concilium
2033 766 2127 792 ducum
2143 770 2198 795 Cic.

16 810 21 819 .-
38 805 92 823 mas
115 796 171 822 Sen.
185 794 292 828 Hippol.
307 802 361 826 291.
432 793 499 820 Cels.
514 803 556 826 1‚2
576 796 651 827 Qiae
662 803 704 820 res
719 795 834 820 maxime
857 794 1019 820 Grauedines
1034 795 1084 819 Dc·
1153 792 1237 818 Tul'c.
1255 801 1273 825 ι,
1288 801 1332 828 72.
1385 796 1415 820 Et
1429 794 1494 820 Plin.
1508 799 1550 834 28,
1562 797 1587 819 6.
1659 797 1714 822 Cic.
1730 798 1761 823 tle
1776 799 1833 824 liiii.
1850 808 1873 829 2,
1890 809 1911 826 ιι
1930 802 2001 834 (Quid
2017 802 2086 828 enim
2101 805 2198 830 nccess'e

16 825 19 855 ’Δ
38 832 243 864 stillationesque
257 830 378 856 com-stat,
452 830 508 856 Cic,
523 829 635 864 Philipp,
650 838 672 862 2,
687 837 715 864 17
741 831 832 856 Tanta
848 830 919 856 enim
933 839 973 856 res
988 829 1038 861 cst,
1056 834 1085 855 vt
1152 827 1187 867 cit
1209 835 1335 863 tanquam
1354 831 1522 856 meretricem
1544 839 1571 855 in
1592 836 1772 858 matronarum
1793 841 1914 867 coctum,
1935 838 1967 862 lic
1986 838 2150 871 voluptatem
2171 841 2200 865 in

16 862 18 864 .
36 867 167 895 inuidiam
180 866 270 897 istam,
291 874 370 900 quani
384 870 412 891 tu
425 866 453 891 in
466 874 509 891 mc
524 866 565 892 vis
580 865 728 896 concitare,
749 875 807 891 cuin
823 865 898 892 laude
912 875 965 891 non
981 874 1085 899 compa·
1150 869 1281 903 virtutum
1300 865 1444 892 concilium
1458 865 1587 900 adducere
1603 867 1612 891 ζ
1632 901 1636 905 .
1686 868 1806 894 Concilia
1825 877 1966 906 coctusque
1980 872 2120 899 hominum
2140 875 2200 901 iure

37 912 102 932 rem.
169 901 303 928 inuidiam
329 901 411 928 alicui
432 901 471 928 Id.
494 902 569 928 Verr.
592 908 605 934 ς
626 911 648 927 c.
666 905 689 930 8.
761 901 975 928 Misericordiam
991 900 1085 935 populi
1097 911 1132 929 20
1151 899 1260 938 sociati,
1281 902 1402 928 ciuitates
1422 901 1586 936 appellantur
1606 902 1662 928 Cic.
1676 902 1707 928 dc
1722 902 1810 929 Somn.
1825 906 1890 939 Scip.
1905 918 1932 941 4.
2003 910 2031 934 [n
2047 918 2123 935 coetu
2139 920 2199 936 con-

18 959 19 964 ,
37 939 92 966 Cic.
105 936 137 964 de
150 937 224 965 Orat.
240 946 259 969 1,
274 945 324 971 227
338 946 359 962 c.
374 945 411 969 53.
485 937 551 963 Cels.
565 945 627 969 2,13
663 938 697 962 At
731 937 848 963 vomitus
870 943 899 963 vt
918 937 946 963 in
973 936 1085 963 secunda
1150 934 1268 969 cilioque
1300 938 1423 971 proferre
1449 937 1590 972 opiniones
1615 937 1688 964 Idem
1709 937 1740 964 de
1763 939 1821 964 Fin.
1837 948 1862 971 2,
1878 949 1919 975 77.
1992 946 2022 969 lit
2040 954 2088 978 pro
2111 946 2198 972 Domo

18 996 21 1001 .
35 982 142 1009 quoque
156 973 307 1000 valetudine
319 974 394 1007 saepe
407 973 560 999 neccssarius
575 972 624 1004 est,
642 972 676 998 sic
688 972 769 998 etiam
784 973 811 998 in
825 973 866 998 his
875 972 978 999 morbis
988 993 996 1005 ‚
1017 981 1083 1007 quos
1150 977 1186 1004 74
1206 977 1266 1011 c-'28
1287 972 1491 1008 Plcbeiquoque
1506 973 1622 999 vrbanac
1637 974 1751 1000 maiores
1765 974 1848 1000 nossri
1861 979 2043 1015 cuiiueiiticnla
2054 1000 2062 1012 ,
2082 987 2107 1006 et
2128 982 2198 1015 quali

19 1009 95 1037 ‘bilis
110 1009 262 1036 concitauit.
335 1010 441 1035 Motum
454 1009 549 1035 animis
569 1007 709 1034 hominum
731 1009 787 1035 Cic.
801 1009 853 1035 Off.
869 1017 894 1041 1,
912 1018 955 1041 13¹·
1029 1009 1083 1034 Na·
1150 1006 1272 1045 concilia
1295 1008 1423 1041 quaedam
1442 1010 1490 1035 ess'e
1513 1009 1665 1035 voluerunt.
1708 1011 1752 1036 Al.
1767 1010 1890 1037 Consslia.
1965 1015 2119 1041 Animarum
2138 1026 2199 1043 con-

19 1043 119 1072 ltiones
131 1052 156 1071 ct
170 1045 278 1071 seruitia
299 1045 354 1071 Cic.
368 1045 439 1071 Fam.
456 1053 487 1078 11,
502 1053 536 1076 33.
589 1043 690 1070 Odium
703 1044 732 1070 iu
744 1044 876 1079 aliquem,
897 1044 950 1071 uid.
966 1050 1081 1071 ova.
1150 1042 1286 1082 cilia-Stat.
1298 1043 1390 1070 Theb.
1406 1054 1427 1076 3,
1442 1047 1489 1079 146
1514 1044 1541 1070 de
1559 1045 1663 1080 inferis.
1719 1046 1865 1080 Cyclopum
1881 1046 2043 1075 horrendum
2059 1052 2201 1079 concilium

19 1073 214 1109 :Offenfionem
234 1089 342 1115 grauem
361 1081 390 1106 in
411 1080 526 1114 aliquam
546 1089 603 1106 rciii
623 1079 679 1106 Cic.
694 1080 726 1106 de
740 1081 841 1107 Inuent.
856 1090 876 1113 ι,
892 1089 945 1113 ιο9.
1017 1078 1084 1105 Cels.
1098 1083 1130 1109 25
1149 1078 1245 1112 virgil.
1268 1080 1334 1105 Aen.
1354 1088 1382 1111 3,
1403 1084 1464 1114 679.
1536 1080 1662 1120 lj'erarum
1683 1082 1766 1108 Ouid.
1791 1083 1855 1109 Met.
1877 1091 1921 1115 10,
1940 1091 1998 1116 144.
2072 1087 2159 1119 louis,
2181 1092 2199 1114 ι’.

20 1109 25 1116 '¹
34 1118 61 1149 6,
74 1119 91 1143 6
112 1117 304 1143 Medicamenta
319 1125 383 1143 vcro
398 1116 467 1142 intus
481 1115 588 1150 quidem
603 1115 673 1142 leuia
687 1115 770 1142 danda
783 1117 857 1149 suut,
878 1114 984 1150 nequid
997 1115 1083 1142 acrio-
1149 1115 1273 1155 D.⁹‘'’'¹1⁷'²›
1294 1118 1336 1150 qui
1349 1120 1417 1142 circa
1433 1118 1584 1152 Iouemjimt
1600 1118 1693 1143 Horat.
1708 1118 1795 1144 Carm.
1809 1127 1832 1151 3,
1849 1126 1885 1150 25,
1907 1121 1932 1145 6.
1948 1154 1951 1155 .
2002 1120 2137 1147 Musarum
2156 1132 2203 1149 no-

33 1153 70 1181 ris
83 1153 194 1187 pituitae
209 1152 348 1179 concitent.
419 1152 549 1185 Populum
564 1151 593 1178 in
604 1160 676 1178 arina
696 1152 778 1178 Ouid.
794 1152 858 1178 Fast.
872 1161 895 1184 3,
908 1159 970 1185 797.
1024 1151 1083 1177 Plu-
1150 1148 1204 1175 bile
1220 1151 1281 1176 biat.
1298 1150 1390 1177 Theb.
1408 1154 1434 1184 6,
1452 1160 1502 1191 355.
1577 1153 1682 1179 Patrum
1702 1154 1818 1180 sancium
1839 1155 1934 1181 Horat.
1948 1155 2036 1183 Carm.
2051 1165 2080 1189 4,
2088 1165 2111 1189 ς,
2124 1167 2151 1191 4.
2174 1159 2201 1184 de

32 1189 90 1215 vias
103 1189 218 1215 concitat
232 1188 323 1214 Auster
342 1187 423 1214 Ouid.
439 1187 504 1213 Fast.
518 1196 544 1219 2,
558 1195 601 1222 72.
674 1188 767 1214 Risum
787 1189 843 1215 Cic.
859 1187 890 1213 dc
904 1188 978 1213 Orat.
993 1195 1024 1219 2,
1038 1193 1083 1219 255
1149 1185 1238 1212 Senatu
1251 1188 1367 1213 Romano.
1442 1189 1551 1214 Piorum
1564 1197 1674 1215 amoena
1693 1190 1768 1224 Virg.
1791 1190 1855 1216 Aen.
1868 1198 1890 1223 ς,
1904 1198 1959 1225 73ς.
1997 1194 2023 1217 in
2037 1195 2133 1227 campis
2146 1194 2202 1227 Ely-

34 1233 56 1251 c.
73 1229 109 1256 58·
182 1224 342 1250 Seditionem
363 1232 392 1249 ac
410 1223 570 1250 discordiam
591 1222 646 1249 Cic.
661 1232 710 1258 pro
723 1225 843 1250 Muraeu.
862 1232 883 1248 c.
897 1231 935 1255 39.
1010 1222 1082 1249 Sodi·
1141 1221 1200 1255 stis.
1255 1223 1401 1249 infaustum
1421 1223 1483 1250 Stat.
1503 1223 1595 1250 Theb.
1614 1234 1642 1257 3,
1663 1230 1705 1259 178
1732 1228 1875 1258 mulierum,
1893 1236 1953 1262 quae
1973 1227 2124 1263 interficior
2143 1228 2202 1255 bello

33 1260 155 1287 tionibus
169 1260 301 1286 familiam
327 1259 386 1286 Col.
401 1268 421 1291 1,
436 1264 457 1289 8,
473 1263 507 1289 ιε.
579 1258 707 1286 Somnum
727 1260 858 1286 concitare
882 1257 965 1285 herba
986 1257 1083 1284 dicitur
1097 1265 1129 1289 30
1147 1260 1252 1284 maritos
1265 1265 1288 1284 et
1297 1262 1455 1294 propinquos
1472 1259 1505 1286 ad
1517 1270 1602 1296 rogum
1616 1259 1742 1294 adstantes
1753 1262 1861 1297 flebant.
1934 1263 2097 1290 inuiolabile
2116 1265 2204 1291 conci.

33 1296 101 1323 Ptin.
116 1301 203 1328 20,18.
273 1295 383 1322 Vrinam
403 1295 468 1321 Plin.
483 1303 522 1326 2ο,
535 1303 561 1328 4.
635 1295 717 1322 Ouid.
741 1295 818 1330 Epist.
844 1296 880 1325 16,
906 1303 955 1327 340
981 1294 1039 1321 Nec
1054 1300 1082 1320 tu
1149 1293 1215 1321 lium
1230 1294 1441 1328 pharetratarum
1461 1299 1606 1332 virginum,
1627 1300 1644 1322 ι’.
1660 1296 1767 1330 millum,
1785 1300 1933 1324 inuiolatum
1953 1300 2090 1326 Claudian.
2111 1301 2139 1326 in
2155 1301 2202 1327 sce.

34 1339 108 1366 rapta
121 1332 203 1364 time,
219 1339 254 1359 ne
267 1340 314 1357 nos
327 1331 384 1358 fera
400 1330 468 1357 bella
485 1331 643 1366 sequantur,
680 1332 802 1357 Concitet
817 1336 862 1356 aut
881 1331 952 1356 vires
972 1331 1083 1356 Graecia
1150 1330 1228 1356 Cons.
1243 1330 1299 1356 Stil.
1312 1339 1371 1363 242.
1444 1332 1589 1363 Coactum,
1613 1332 1723 1367 vsd3fiil2
1744 1340 1761 1360 C
1774 1340 1861 1360 OGO.
1933 1335 2071 1362 Addat-ere
2094 1337 2123 1362 in
2141 1346 2202 1364 con-

35 1374 91 1395 tota
104 1368 174 1399 suas,
194 1370 212 1394 i.
228 1368 317 1393 Graeci
330 1376 412 1393 omnes
425 1366 510 1392 bellum
524 1374 612 1393 contra
624 1376 668 1392 nos
675 1366 827 1402 Jitsctpiant.
902 1365 991 1400 Pafft'u.
1019 1366 1083 1392 Ani-
1149 1365 1242 1391 cilium
1258 1366 1313 1392 Cic.
1326 1367 1357 1392 de
1372 1367 1430 1392 Fin.
1446 1376 1468 1399 ς,
1484 1374 1505 1393 it
1526 1376 1581 1400 e.4.
1620 1368 1756 1394 Adhibcre
1771 1370 1919 1396 inconcilia
1934 1371 2037 1404 publica
2053 1372 2111 1399 Liu.
2127 1381 2145 1403 1,
2160 1381 2202 1406 54.

36 1403 75 1430 nii
87 1409 162 1430 motu
175 1403 301 1430 concitari
320 1403 377 1429 Cic.
391 1402 423 1429 de
435 1404 509 1429 Orat.
523 1411 549 1434 2,
565 1410 613 1434 191.
674 1402 767 1428 Animi
780 1400 971 1437 perturbantur
987 1407 1012 1428 ct
1022 1411 1083 1428 con-
1095 1402 1098 1405 “
1149 1401 1221 1426 Caes.
1239 1401 1303 1427 Bell.
1313 1402 1344 1427 G.
1360 1411 1379 1433 i,
1393 1412 1438 1436 40.
1497 1403 1646 1430 Admittcre
1660 1404 1687 1429 in
1700 1405 1846 1431 concilium
1858 1406 1959 1432 Sallust.
1976 1407 2003 1433 in
2019 1408 2073 1434 Cic.
2083 1417 2104 1440 3.
2151 1410 2203 1435 Co-

36 1436 150 1466 citantur
168 1447 198 1466 re
217 1439 304 1473 aliqua
330 1439 386 1464 Cic.
401 1439 430 1464 in
443 1439 517 1464 Orat.
534 1443 585 1467 128·
655 1437 756 1464 Diuiuo
787 1437 913 1464 instinCtu
934 1438 1083 1463 concitatur
1100 1446 1128 1472 35
1147 1435 1202 1462 lere
1238 1437 1353 1462 concilia
1388 1439 1464 1473 Virg.
1496 1440 1560 1465 Aen.
1594 1447 1617 1472 5,
1654 1447 1708 1473 733.
1783 1441 1951 1468 Constituere
1978 1442 2048 1469 diem
2076 1444 2203 1471 Concilio

34 1475 138 1501 animus
154 1483 167 1501 a
181 1483 292 1509 corpore
306 1474 446 1505 abstractus
466 1474 519 1500 Cic.
534 1473 566 1498 de
579 1471 673 1499 Diuin.
687 1481 707 1506 i,
721 1475 764 1499 66.
836 1473 967 1506 QiinGtil.
983 1482 1010 1506 9,
1024 1482 1051 1506 4,
1065 1481 1081 1505 9
1147 1472 1221 1498 Caes.
1253 1472 1318 1498 Beli.
1350 1472 1418 1499 Gall.
1457 1483 1464 1499 1
1480 1494 1489 1506 ,
1516 1483 1555 1506 30.
1632 1476 1789 1502 Conuocare
1833 1477 1995 1509 concilium,
2035 1479 2087 1504 vid.
2127 1487 2203 1506 con-

33 1511 124 1543 Qiare
138 1509 206 1536 inihi
218 1509 406 1544 compotitione
419 1509 494 1535 velut
505 1508 624 1534 Amentis
644 1509 805 1544 quibusdam
823 1509 958 1536 Neruisue
978 1509 1082 1535 intendi
1148 1514 1245 1535 voco.
1318 1509 1460 1535 Dimittcre
1474 1510 1587 1536 concilia
1601 1510 1644 1535 vel
1658 1511 1776 1538 instituta
1786 1532 1794 1544 ,
1815 1512 1857 1538 vel
1871 1511 1961 1538 habita
1976 1514 2123 1541 rescindere
2146 1516 2203 1542 Cic.

32 1551 60 1571 et
71 1545 199 1572 concitari
216 1544 356 1572 sententiae
368 1544 500 1570 videntur.
1148 1543 1180 1570 de
1195 1543 1289 1578 Legib.
1303 1553 1328 1576 z,
1343 1553 1369 1576 31
1390 1554 1412 1570 c.
1428 1553 1465 1571 η.
1500 1545 1570 1574 Αιίιί.
1589 1546 1649 1571 Liu.
1664 1554 1689 1577 2,
1706 1549 1736 1578 56
1756 1555 1819 1573 extr.
1893 1548 1963 1576 Caes.
1980 1549 2042 1575 Bell.
2057 1550 2125 1576 Gall.
2143 1560 2164 1582 i,
2177 1560 2203 1583 31

69 1586 87 1607 C
98 1586 146 1607 ON
157 1586 173 1606 C
183 1588 192 1607 1
202 1582 343 1613 ΤᾸΤνΞ,
351 1589 375 1612 a,
383 1589 437 1606 uin.
457 1580 525 1606 Part.
563 1579 767 1615 [παρορμηθεὶς]
809 1581 859 1611 Vt,
880 1581 1034 1607 Concitatus
1042 1590 1082 1607 ar·
1147 1580 1185 1606 Eo
1200 1580 1318 1606 concilio
1332 1580 1445 1607 dimisso.
1483 1580 1530 1608 Sed
1546 1592 1566 1607 c.
1583 1590 1608 1613 33
1631 1583 1731 1614 malim,
1751 1584 1807 1609 Hac
1821 1584 1944 1610 oratione
1959 1584 2048 1612 habita
2062 1586 2203 1614 confilium

31 1615 98 1642 dore
110 1616 212 1642 animus
231 1615 286 1642 Cic.
300 1615 332 1642 de
347 1615 436 1642 Finib.
454 1610 476 1647 2,
513 1635 520 1641 .
557 1636 564 1642 .
600 1615 764 1642 Admirabili
779 1616 896 1651 quodam
917 1617 949 1643 ad
965 1617 1081 1651 philoso-
1090 1627 1128 1652 40
1147 1615 1255 1642 dimisit.
1312 1616 1391 1650 Qasi
1406 1617 1579 1643 Descendisset
1592 1626 1623 1643 cx
1636 1618 1748 1644 deorum
1762 1620 1878 1645 concilio
1891 1621 1946 1647 Cic.
1961 1620 1994 1646 de
2009 1621 2104 1648 Natur.
2120 1621 2202 1649 Deor.

30 1651 122 1686 phiani
145 1650 233 1677 studio
256 1652 402 1678 concitatus
426 1651 482 1678 Cic.
504 1650 536 1677 de
551 1650 622 1677 Clar.
636 1652 710 1678 Orat.
726 1655 774 1684 306
788 1661 808 1677 c.
823 1657 862 1685 89.
933 1654 964 1678 In
976 1653 1081 1679 rabiem
1147 1660 1167 1683 1,
1182 1657 1215 1681 18.
1252 1652 1320 1678 Add.
1333 1653 1436 1679 Sallust.
1451 1653 1479 1679 in
1493 1653 1549 1680 Cic.
1563 1662 1585 1686 3.
1659 1655 1759 1688 Fugere
1780 1655 1893 1682 concilia
1914 1664 2113 1693 conuentusque
2130 1660 2204 1686 Caes.

29 1687 173 1713 concitatus
195 1686 311 1722 Obsequ.
324 1697 346 1713 c.
363 1695 415 1720 114.
486 1686 680 1713 cohortatione
694 1687 806 1714 alicuius
819 1687 980 1714 concitatum
993 1687 1081 1714 ess'ead
1146 1687 1211 1713 Bell.
1246 1689 1306 1714 Ciu.
1344 1697 1364 1720 1,
1398 1698 1434 1721 19.
1508 1689 1564 1715 Cic.
1586 1688 1618 1714 de
1633 1690 1734 1716 Inueni.
1750 1699 1775 1722 2,
1791 1699 1821 1724 32
1843 1700 1864 1717 c.
1881 1700 1915 1727 17
1954 1694 2031 1719 Hunc
2051 1700 2125 1728 pater
2143 1695 2203 1721 suus

29 1722 144 1749 studium
168 1723 362 1757 cognoscendae
388 1722 627 1758 percipiendaeque
648 1723 756 1749 virtutis
777 1723 832 1750 Cic.
847 1723 880 1749 dc
893 1724 967 1750 Orat.
983 1733 1002 1756 1,
1017 1733 1080 1758 204.
1145 1723 1291 1749 concilium
1305 1723 1388 1758 plebis
1404 1724 1552 1750 Habentem
1570 1724 1602 1750 de
1616 1725 1716 1759 templo
1731 1725 1850 1753 deduxit.
1923 1729 1997 1762 Virg.
2016 1730 2113 1765 Georg.
2132 1739 2152 1762 1,
2169 1737 2202 1763 25

6 1766 15 1771 ⁶
29 1758 184 1785 calcaribus
198 1759 342 1787 concitatus
354 1768 437 1794 equus
458 1758 518 1784 Liu.
533 1763 556 1790 8,
569 1767 608 1790 39.
681 1759 757 1793 Equo
771 1759 835 1785 vehi
867 1759 937 1794 Nep.
952 1769 998 1793 14,
1013 1769 1041 1793 4,
1059 1768 1080 1793 ς.
1145 1757 1229 1793 Inque
1244 1760 1327 1791 adeo,
1348 1768 1426 1794 quem
1442 1769 1504 1787 mox
1521 1770 1589 1799 quae
1603 1761 1661 1787 sunt
1674 1761 1806 1788 Habitura
1820 1763 1931 1792 deorum
1968 1766 2101 1798 concilia,
2117 1767 2202 1792 incer-

29 1794 172 1821 Erroribus
185 1794 322 1821 concitatis
334 1795 452 1821 animum
465 1794 580 1820 hilarare
604 1794 690 1820 Catul.
703 1797 748 1827 61,
771 1800 804 1824 ιε.
879 1795 982 1830 Impetu
996 1796 1080 1822 animi
1094 1801 1128 1827 45
1145 1801 1203 1820 tum
1217 1795 1268 1827 est,
1288 1803 1334 1821 etc.
1361 1799 1388 1821 in
1413 1805 1485 1831 quam
1507 1797 1615 1829 claffem,
1642 1800 1668 1823 in
1692 1798 1756 1833 quod
1775 1808 1852 1835 genus
1871 1799 1970 1826 dearum
1995 1801 2142 1837 referendus
2153 1801 2200 1836 stt.

30 1830 147 1864 quodam
163 1831 322 1857 concitatum
336 1831 385 1856 effe
403 1830 458 1857 Cic.
472 1839 522 1864 pro
534 1830 656 1857 Muraen.
669 1832 700 1860 65
712 1840 733 1856 c.
747 1838 781 1863 31.
855 1831 928 1857 Ratis
940 1831 1042 1866 remige
1054 1838 1080 1858 et
1145 1831 1266 1857 indicere
1279 1830 1423 1857 concilium
1442 1832 1524 1858 totins
1539 1832 1641 1859 Galliae
1661 1833 1687 1858 in
1708 1841 1809 1860 certum
1824 1835 1894 1861 diem
1910 1836 1983 1862 Caes.
1997 1838 2103 1864 Bell.G.
2120 1846 2141 1870 1,
2159 1846 2202 1870 30.

10 1872 110 1893 ‘vento
130 1866 261 1893 concitata
282 1867 339 1893 Sen.
359 1865 472 1899 Thyest.
499 1870 557 1899 438.
628 1866 746 1900 Scriptor
781 1866 890 1900 Qiine't.
917 1876 956 1899 ιο,
991 1876 1011 1900 ι,
1036 1876 1079 1900 90.
1146 1867 1288 1901 Peragcre,
1309 1867 1363 1893 vid.
1380 1875 1517 1895 PERAGO.
1590 1868 1724 1896 Proficisci
1749 1870 1777 1896 in
1797 1870 1921 1897 diuinum
1943 1873 2097 1900 animorum
2115 1874 2203 1900 conci-

28 1902 128 1930 Orator
146 1902 184 1929 id.
199 1911 236 1934 10,
245 1911 264 1934 1,
274 1907 320 1932 1¹8·
356 1902 479 1929 Terrore
492 1907 518 1928 et
531 1907 604 1928 metu
617 1902 763 1928 concitatus
782 1903 838 1928 Cic.
849 1911 898 1937 pro
906 1903 974 1938 Lege
986 1903 1080 1929 Manil.
1147 1902 1213 1929 lium
1229 1909 1391 1938 coetumque
1406 1904 1460 1930 Cic.
1476 1904 1508 1930 de
1521 1904 1622 1930 Sene&
1637 1910 1665 1937 83
1686 1914 1708 1931 c.
1723 1906 1769 1932 vlt.
1789 1914 1853 1933 extr.
1928 1908 2066 1935 secludere
2086 1919 2100 1935 e
2113 1910 2202 1936 conci-

3 1963 8 1966 ,
30 1957 37 1964 .
73 1957 81 1965 .
119 1958 126 1964 .
146 1945 148 1949 ’
163 1934 310 1964 Multitudo
331 1938 401 1973 Nep.
414 1947 438 1971 3,
454 1946 473 1970 1,
486 1946 508 1969 3.
578 1937 693 1963 Mundus
706 1939 865 1970 concitatus,
890 1940 998 1966 Mobile:
1011 1939 1080 1966 orbes
1147 1938 1186 1964 lio
1204 1938 1280 1965 Idem
1291 1939 1374 1966 Tusc.
1390 1948 1415 1972 1,
1436 1948 1477 1975 72.
1550 1940 1632 1967 Ouid.
1648 1941 1713 1967 Met.
1731 1950 1756 1973 1,
1774 1945 1821 1969 166
1847 1944 1970 1977 Ingentes
1981 1946 2089 1978 animo,
2110 1946 2201 1980 dignas

28 1975 92 2000 caeli
112 1974 169 2001 Sen.
182 1974 277 2009 Agam.
291 1979 362 2008 8,27.
469 1973 583 2008 Compar.
601 1973 765 2000 Concitatius
780 1973 883 2001 dicendi
891 1984 972 2009 genus
992 1976 1079 2009 Qiin-
1096 1981 1127 2007 50
1147 1975 1213 2001 Ioue
1234 1975 1352 2010 concipit
1371 1975 1442 2002 iras:
1485 1976 1692 2011 Conciliumque
1711 1979 1794 2004 Vocat
1810 1989 1816 2004 :
1847 1980 1934 2005 tenuit
1960 1989 2035 2007 mora
2058 1981 2131 2007 nulla
2154 1990 2202 2007 vo-

29 2009 85 2036 etii.
99 2014 124 2041 8,
138 2018 160 2042 3,
173 2018 211 2043 14.
283 2009 377 2036 Adhuc
389 2008 548 2035 concitatior
560 2008 683 2036 Callicles
705 2009 813 2042 Qun&
827 2019 849 2043 2,
859 2016 938 2043 i;,28.
1010 2013 1079 2038 Cori-
1145 2016 1225 2037 catos.
1300 2012 1331 2037 In
1349 2012 1494 2038 concilium
1508 2012 1619 2039 deorum
1634 2013 1735 2039 Vocari
1754 2014 1810 2040 Cic.
1825 2014 1857 2041 de
1869 2015 1962 2041 Diuin.
1977 2025 1998 2049 1,
2011 2025 2056 2049 49.
2123 2018 2203 2054 Vulgo

29 2045 136 2072 citatior
147 2046 252 2077 cursus,
269 2048 287 2071 i.
307 2045 414 2072 celerior
435 2044 495 2071 Liu.
508 2052 547 2077 35,
561 2053 604 2078 29.
676 2045 750 2072 Caeli
764 2046 901 2073 conuerfio
920 2047 1080 2074 concitatior
1144 2055 1235 2083 quoque
1257 2047 1380 2074 Concilia
1400 2055 1522 2074 vocantur
1542 2052 1597 2074 noti
1616 2048 1654 2074 illi
1672 2057 1805 2075 conuentus
1825 2048 1994 2084 ecclefiostici,
2020 2054 2085 2078 alias
2098 2052 2204 2088 ijodi.

29 2081 88 2107 Cic.
102 2080 191 2107 Somn.
206 2081 244 2107 Sc.
258 2090 280 2107 c.
293 2088 316 2114 ς.
433 2081 527 2115 Superi.
550 2081 750 2108 Concitatissimi
765 2082 828 2116 equi
847 2083 905 2109 Liu.
915 2091 983 2117 35,5.
1019 2085 1080 2111 Mo·
1150 2083 1180 2109 11⁷.
1195 2092 1221 2118 g.
1243 2082 1380 2109 Iustinian.
1394 2084 1410 2110 l.
1424 2092 1443 2116 4
1465 2084 1494 2109 C.
1515 2082 1538 2118 §.
1552 2093 1570 2115 4
1596 2083 1688 2109 Sancta
1703 2090 1818 2123 quatuor
1833 2085 1965 2112 Concilia.
2143 2086 2163 2126 ᾗ
2180 2097 2201 2122 4

29 2121 74 2143 tus
88 2117 207 2150 corporis
220 2115 431 2144 concitatiffimus
453 2115 560 2149 Quintil.
573 2125 599 2149 2,
614 2125 647 2149 ιι,
660 2127 691 2150 4.
1142 2119 1192 2143 Pro
1214 2117 1329 2150 dioecesi,
1356 2124 1386 2143 vt
1411 2119 1586 2143 Conuentus:
1619 2118 1758 2146 Mandauit
1778 2119 1899 2147 Andreae
1918 2128 1943 2148 et
1956 2121 2125 2155 Theodoro,
2147 2125 2202 2160 epi-

68 2157 86 2178 c
98 2154 284 2179 ONCITA'T
295 2159 320 2179 Ε.
341 2152 409 2178 Adu.
446 2152 577 2178 Columel.
591 2154 622 2183 6,
637 2154 669 2184 6,
683 2160 702 2184 4
729 2152 867 2177 Concitate
887 2153 976 2185 agitur
987 2161 1076 2186 pecus.
1096 2155 1124 2181 ςς
1142 2152 1226 2185 scopis
1242 2152 1353 2178 concilii
1367 2152 1424 2185 sui,
1444 2152 1586 2180 Liberatus
1602 2154 1723 2182 Breuiar.
1744 2166 1765 2182 c.
1781 2165 1808 2189 4.
1871 2157 1930 2184 Vid.
1947 2158 2039 2184 Calixt.
2055 2161 2154 2195 Appar.
2172 2168 2199 2196 p.

31 2186 139 2220 Quin&
153 2196 190 2220 ιο,
204 2196 230 2219 2,
243 2196 273 2220 23
293 2187 388 2214 Dicere
401 2187 539 2213 concitate.
612 2187 680 2220 Qiis
693 2186 813 2219 dubitat,
832 2186 884 2213 alia
904 2187 1004 2219 lenius,
1024 2187 1082 2219 alia,
1141 2195 1182 2213 ι2ο
1201 2187 1272 2223 seqq.
1473 2186 1493 2227 ἦ
1515 2196 1528 2222 5¹
1565 2190 1734 2223 Concilium,
1747 2192 1802 2227 flos
1815 2192 1882 2228 apud
1893 2193 1959 2219 Plin.
1973 2202 2011 2226 22,
2027 2203 2055 2220 22
2075 2196 2093 2221 s.
2108 2204 2140 2228 39
2161 2197 2201 2223 Ia-

28 2222 184 2248 eoncitatius
198 2223 246 2248 else
260 2221 370 2248 dicenda
389 2222 428 2249 Id.
443 2230 468 2254 9,
480 2230 568 2255 43130.
641 2222 806 2249 Concitatius
820 2223 923 2249 inferre
938 2223 1008 2257 signa
1016 2224 1078 2250 Am·
1143 2222 1215 2249 tione
1227 2223 1286 2249 olus
1298 2223 1413 2250 siluestre
1426 2223 1554 2256 habetur,
1574 2226 1603 2250 in
1615 2232 1685 2252 terra
1703 2235 1813 2260 repens,
1834 2236 1894 2254 cuni
1908 2228 1975 2255 laete
1990 2229 2085 2257 multo.
2139 2232 2200 2258 Flo-

27 2256 107 2283 mian.
121 2264 162 2289 23,
177 2266 195 2283 1.
226 2264 255 2284 ct
269 2258 390 2285 Frontin.
404 2266 431 2290 2,
445 2266 465 2290 1,
477 2266 502 2291 9.
574 2257 616 2284 Ad
629 2264 744 2285 mortem
765 2258 962 2292 concitatissime
983 2268 1077 2294 prope·
1142 2267 1199 2286 rein
1219 2258 1272 2285 fert
1293 2259 1451 2291 candidum,
1471 2259 1617 2286 concilium
1633 2267 1738 2288 vocant.
1796 2263 1826 2289 Et
1847 2263 1928 2290 huius
1947 2266 2145 2293 commendatio
2165 2268 2200 2295 ad

0 2303 11 2323 ·..
27 2299 85 2320 rant
104 2292 221 2320 Laetam.
236 2295 262 2326 6,
277 2302 297 2326 1,
309 2301 348 2327 9.-
398 2293 472 2329 (3⁰¹2f·
484 2292 523 2320 Id.
540 2300 564 2326 ς,
577 2303 598 2327 ι,
610 2302 636 2326 9.
708 2295 802 2328 ‚Qiuni
815 2299 925 2327 ventus,
946 2303 1077 2329 quaecun-
1141 2293 1314 2320 stimulandos
1334 2294 1424 2334 coitus·
1445 2294 1538 2327 (Hinc
1551 2295 1625 2336 forte
1646 2306 1731 2323 nomen
1751 2298 1887 2333 Concilii)
1915 2300 2005 2328 Cruda
2025 2310 2057 2329 ex
2075 2308 2151 2329 aceto
2169 2304 2200 2330 in

27 2328 115 2364 quein
122 2327 223 2355 hostem
230 2329 404 2361 iaciebantur,
413 2329 610 2356 concitatiffime
617 2335 722 2365 raperet
738 2330 844 2364 August.
854 2330 885 2357 de
895 2331 927 2357 C.
942 2331 975 2357 D.
989 2338 1019 2365 ς,
1034 2333 1077 2357 26.
1087 2336 1122 2361 60
1142 2329 1205 2354 cibo
1219 2329 1303 2354 sumta
1317 2329 1476 2355 mulieribus
1496 2330 1571 2357 laffitis
1585 2331 1733 2360 vbertatcm
1747 2334 1872 2368 praestat,
1892 2343 1938 2362 etc.
2137 2336 2158 2377 Ἴ
2180 2342 2199 2366 6

29 2382 35 2387 .
64 2369 82 2390 c
94 2364 282 2396 ONCITXT
293 2371 355 2396 OR,
375 2364 440 2391 oris.
461 2374 497 2392 in.
533 2365 721 2401 [παρορμηγὴρ]
759 2367 811 2402 Qui
823 2373 962 2393 commouet.
1001 2367 1074 2392 Caes.
1141 2363 1297 2390 Concilium
1317 2372 1341 2391 et
1359 2365 1507 2392 Consilium
1521 2366 1596 2403 Jhepe
1613 2369 1800 2405 commiscentur
1819 2381 1834 2397 a
1850 2371 1988 2400 Librariis.
2045 2372 2132 2410 Itaque
2151 2375 2200 2402 huc

0 2402 5 2423 '-
27 2399 174 2427 Bell-Gall.
188 2405 212 2433 8,
227 2408 252 2426 21
276 2400 358 2434 Quod
372 2400 492 2427 Gorbeus
510 2401 603 2428 auctor
625 2401 706 2434 belli,
726 2402 875 2429 concitator
894 2400 1077 2427 multitudinis
1141 2399 1256 2440 refirunt
1274 2400 1375 2436 quidam
1387 2401 1534 2437 formulas,
1555 2404 1664 2431 Mittere
1685 2405 1713 2431 in
1733 2406 1882 2434 Consilium
1907 2408 2025 2441 iudices,
2053 2410 2199 2440 Dimittere

0 2443 2 2451 ’
43 2436 87 2462 ss‘et
113 2435 276 2463 interfectus.
350 2436 505 2463 Concitator
529 2436 624 2464 turbae
648 2438 710 2464 Liu.
726 2445 764 2470 25,
777 2446 804 2470 4.
878 2435 1036 2462 stimulator
1051 2441 1077 2462 et
1142 2435 1290 2462 Consilium
1302 2456 1311 2469 ,
1331 2443 1376 2463 etc.
1422 2438 1491 2477 yid.
1512 2445 1556 2466 co
1566 2446 1610 2467 Ns
1620 2448 1703 2467 1L1V
1713 2449 1747 2468 M.
2011 2444 2015 2449 '

0 2487 3 2497 ι
58 2471 172 2499 ncitator
183 2471 327 2499 Seditionis
349 2472 406 2499 Cic.
418 2481 467 2507 pro
479 2473 558 2499 Doin.
573 2482 594 2499 c.
603 2480 625 2506 ς.
678 2471 917 2501 Tabernariorum
930 2472 1078 2499 concitator
1178 2477 1195 2497 C
1205 2478 1224 2499 o
1234 2479 1256 2498 N
1265 2479 1282 2499 C
1290 2480 1300 2498 1
1310 2479 1326 2498 1.
1336 2480 1346 2499 1
1355 2480 1376 2499 A
1386 2479 1402 2500 Β
1410 2480 1431 2500 v
1441 2480 1456 2499 1.
1467 2480 1488 2500 v
1498 2481 1520 2500 M
1532 2494 1540 2507 ‚
1562 2475 1580 2502 i.
1616 2485 1643 2502 n.
1682 2477 1812 2506 Diuiinut.
1849 2480 1862 2513 [
1869 2477 1987 2514 συνόδων]
2039 2480 2101 2508 Liu.
2116 2489 2149 2517 7,
2170 2490 2198 2516 ις

0 2524 3 2531 .
48 2507 83 2534 ic.
94 2517 144 2543 pro
155 2508 244 2535 Domo
259 2517 292 2541 13.
328 2507 396 2536 Add.
410 2508 468 2535 Sen.
483 2508 515 2535 de
528 2509 571 2534 Ira
583 2517 606 2540 3,
621 2517 646 2534 2.
1091 2507 1123 2547 ξς
1140 2507 1196 2541 Qii
1209 2508 1340 2548 nundinas
1349 2514 1379 2549 'et
1392 2509 1570 2538 conciliabula
1585 2511 1662 2539 obire
1674 2513 1768 2540 solent.
1842 2515 1892 2542 Per
1905 2515 2086 2543 conciliabula
2099 2524 2126 2544 et
2138 2527 2198 2545 coe-

44 2545 107 2571 ”co
119 2550 144 2571 Ν
157 2550 174 2571 c
185 2545 285 2571 ιΤᾸΤ
294 2551 375 2575 iux,
394 2544 450 2570 icis.
476 2544 497 2570 f.
534 2540 741 2578 [naqofpoirfm]
784 2543 834 2575 Vt,
854 2542 1020 2571 Concitatrix
1033 2543 1075 2571 vis
1139 2550 1181 2571 tus
1194 2544 1318 2571 seditiosa
1329 2544 1487 2573 disserebant
1499 2546 1568 2574 Tac.
1583 2548 1651 2574 Ann.
1666 2557 1689 2581 3,
1703 2559 1748 2583 40,
1760 2559 1779 2583 4
1799 2550 1842 2576 vbi
1858 2551 1971 2587 obferunt
1987 2553 2197 2587 Gronouius‚non

44 2579 91 2606 lin.
104 2582 149 2613 26,
164 2588 201 2606 10.
238 2581 271 2606 Et
283 2587 322 2612 193
335 2584 359 2609 8.
1132 2579 1283 2615 simpliciter
1295 2580 1330 2607 ad
1339 2588 1487 2608 contemtum
1502 2590 1546 2609 aut
1558 2585 1738 2619 turpitudinem
1746 2590 1888 2621 pertinere,
1907 2595 1937 2614 vt
1956 2597 2030 2624 neque
2042 2589 2197 2620 Concilium

62 2620 80 2641 c
90 2620 110 2641 o
120 2620 168 2642 NG
178 2622 188 2642 1
197 2621 249 2641 ΤΑ
259 2621 298 2640 Τι
307 2621 344 2644 o,
370 2612 439 2640 onis.
463 2613 485 2640 f.
522 2612 688 2649 [παρόρμησις
699 2614 728 2648 J.
751 2613 891 2641 commotio.
934 2615 985 2647 Vt,
1006 2615 1076 2642 Con·
1132 2615 1230 2653 fimper
1242 2615 1366 2650 honestum
1380 2616 1422 2650 est.
1471 2619 1503 2644 In
1516 2618 1574 2654 lege
1587 2620 1712 2648 Mamilia
1725 2621 1794 2658 apud
1806 2623 1874 2658 Goqfi
1890 2632 1915 2657 p.
1930 2632 1976 2657 339
1997 2625 2073 2658 Qiae
2088 2623 2195 2653 colonia

41 2649 119 2676 itatio
130 2649 312 2676 multitudinis
330 2648 386 2675 Cic.
395 2657 444 2683 pro
454 2649 558 2676 Cluent.
596 2669 602 2676 .
639 2669 646 2676 .
687 2672 693 2678 .
746 2650 839 2676 Animi
853 2651 998 2678 concitatio
1017 2652 1075 2678 Cic.
1139 2652 1188 2679 hac
1209 2652 1266 2688 lege
1287 2652 1415 2686 deducta,
1437 2654 1545 2689 quodue
1561 2656 1755 2691 municipium,
1771 2658 1955 2692 praefectura,
1976 2660 2084 2693 forum,
2105 2662 2194 2688 conci-

46 2692 61 2710 e
74 2685 166 2711 Diuin.
182 2693 202 2717 1,
217 2693 258 2718 34.
329 2685 421 2711 Animi
435 2684 645 2712 vehementiores
657 2685 849 2712 concitationes
869 2687 926 2714 Cic.
941 2689 979 2721 Q
990 2687 1119 2721 Fratr.70
1139 2688 1270 2715 liabuluin
1282 2689 1453 2717 constitutum
1464 2690 1517 2718 erit
1553 2706 1597 2712 —
1633 2692 1717 2728 quue
1731 2693 1908 2729 magistratus,
1925 2695 1973 2730 qui
1988 2697 2016 2722 in
2032 2705 2062 2722 ea
2076 2697 2193 2730 colonia,

41 2739 49 2752 ,
62 2727 84 2752 1,
98 2728 131 2752 ¹3-
204 2719 301 2747 Mentis
313 2720 458 2747 concitatio
483 2721 539 2748 Cic.
554 2721 591 2755 cie,¹
605 2721 695 2748 Diuin.
712 2730 747 2753 12,
762 2730 802 2756 27.
875 2722 962 2750 Plebis
982 2730 1076 2750 contra
1138 2725 1305 2760 municipio,
1326 2725 1509 2760 praefectura,
1530 2727 1609 2761 foro,
1630 2729 1828 2763 conciliabulo,
1853 2730 1912 2757 iure
1933 2731 2047 2758 dicundo
2068 2733 2193 2766 praeerit,

44 2761 112 2782 aues
124 2755 302 2783 concitatione
315 2762 341 2782 et
353 2756 484 2783 seditione
497 2758 617 2784 nuntiata
636 2758 691 2784 Cic.
707 2757 739 2784 de
753 2759 822 2784 Clar.
835 2759 908 2785 Orat.
923 2761 962 2792 56.
1010 2761 1073 2786 Cre·
1138 2761 1238 2793 facito,
1251 2767 1280 2787 vt
1293 2761 1347 2797 fiat.
1402 2762 1524 2790 Frontin.
1539 2763 1571 2790 de
1585 2765 1676 2792 Limit.
1696 2775 1783 2801 agror.
1806 2775 1831 2801 p.
1844 2775 1875 2800 41
1903 2767 1962 2793 Hoc
1981 2767 2192 2794 conciliabulum

45 2799 89 2817 rae
102 2791 236 2819 continuis
248 2791 340 2818 diebus
359 2801 391 2820 cx
409 2794 538 2820 concursu
559 2793 738 2820 multitudinis
760 2795 949 2821 concitationes
974 2795 1074 2822 fiebant
1136 2797 1213 2823 ‘fuiffe
1227 2797 1328 2830 fertur,
1348 2803 1374 2824 et
1394 2798 1484 2833 postea
1502 2799 1532 2826 in
1546 2801 1690 2837 municipii
1710 2803 1751 2829 ius
1766 2802 1886 2829 relatum.
1923 2803 2021 2836 Aggen.
2037 2803 2188 2831 Comment.

51 2827 100 2853 aes.
113 2828 143 2854 B.
156 2829 188 2855 G.
202 2836 225 2860 3,
239 2830 294 2855 106.
366 2828 553 2863 Adiuuandani
567 2829 773 2856 concitationem
794 2830 914 2857 docendo
934 2840 968 2857 an
986 2831 1074 2858 existi-
1137 2832 1166 2859 in
1180 2833 1302 2860 Frontin.
1321 2843 1345 2868 p.
1361 2835 1396 2860 60
1416 2835 1480 2862 Sunt
1493 2841 1583 2862 autem
1596 2837 1654 2864 loca
1668 2838 1790 2873 publica,
1805 2838 1844 2864 vti
1860 2837 2040 2869 coloniarum,
2055 2838 2104 2865 vbi
2115 2840 2191 2874 prius

54 2863 111 2890 auit
124 2864 249 2890 Isocrates
264 2864 273 2890 3
293 2864 423 2898 Qiinffii.
437 2873 462 2897 2,
476 2870 499 2897 8,
514 2873 544 2892 ιι.
592 2865 777 2892 Modulatione
791 2866 975 2894 collocationis
991 2874 1016 2895 et
1026 2876 1074 2895 vo·
1088 2874 1120 2903 75
1137 2869 1214 2896 fuere
1227 2869 1422 2903 conciliabula,
1442 2877 1467 2897 et
1482 2872 1570 2907 postea
1582 2874 1641 2900 sunt
1658 2874 1687 2900 in
1705 2874 1846 2908 municipii
1859 2874 1900 2900 ius
1914 2874 2005 2900 relata.
2066 2875 2191 2910 Videntur

38 2898 69 2930 ὶς,
83 2899 289 2926 concitationem
302 2899 421 2926 iudicum
435 2906 524 2935 petere
546 2901 654 2935 Qiintih
668 2911 688 2934 1,
701 2911 738 2934 io,
753 2909 791 2935 25.
1136 2905 1177 2933 hic
1189 2903 1232 2939 effi
1247 2905 1427 2933 conciliabula
1440 2908 1493 2934 loca
1501 2908 1614 2942 publica,
1623 2910 1741 2945 pluribus
1753 2912 1848 2936 vicinis
1862 2909 1960 2944 oppidis
1978 2916 2002 2935 et
2010 2911 2113 2945 populis
2126 2921 2191 2938 com-

61 2939 80 2969 C
91 2942 111 2962 0
121 2942 143 2961 N
152 2942 188 2963 ci
197 2937 279 2963 ΤᾹΤ
288 2943 331 2963 ννε
339 2956 348 2969 ,
367 2935 407 2963 ὓς.
426 2945 462 2962 ιιι.
508 2936 597 2964 Sidon.
611 2938 700 2964 Carin.
715 2947 751 2970 23,
762 2939 820 2970 366.
1136 2945 1235 2973 munia,
1255 2951 1316 2978 quae
1330 2941 1417 2969 deinde
1431 2944 1540 2979 vnastbi
1552 2946 1664 2978 colonia,
1684 2947 1725 2971 vel
1739 2947 1900 2979 municipium
1912 2944 2062 2972 vindicam‘t.
2112 2948 2192 2974 Talia

62 2975 82 2998 c
91 2976 166 2998 ΘΝΕ
175 2978 214 2998 ῙΤ
224 2977 279 2998 ΑΜ
288 2978 305 3003 Ε
314 2977 396 2999 ΝΤν
405 2979 430 2999 Μ
439 2993 448 3006 ,
469 2972 488 2999 i.
506 2982 532 3000 n.
569 2973 627 3000 Sen.
640 2972 673 3000 de
687 2975 728 3000 Ira
742 2983 769 3006 3,
784 2982 809 3006 9.
858 2987 861 2991 ·
1133 2983 1209 3013 puto,
1227 2977 1255 3004 de
1269 2978 1357 3014 quibus
1371 2979 1431 3005 Liu.
1445 2989 1490 3014 40,
1503 2987 1536 3015 37
1559 2981 1713 3007 Decemuiri
1725 2979 1928 3015 supplicationes
1948 2981 1977 3006 in
1991 2980 2104 3008 biduum
2117 2983 2190 3009 vale-

60 3007 136 3033 C'0N
147 3012 165 3033 c
177 3014 211 3034 11.
221 3014 232 3033 1
242 3013 259 3034 C
270 3014 402 3039 1ATVS,
410 3017 434 3041 a,
441 3017 495 3035 um.
518 3008 578 3035 Adi.
615 3010 702 3036 Cilicio
710 3009 822 3036 indutus.
858 3008 1017 3039 Tei-iulide
1025 3012 1072 3038 Pu·
1136 3013 1237 3040 tudinis
1257 3015 1333 3040 causa
1352 3014 1381 3040 in
1399 3014 1483 3048 vrbe,
1502 3022 1528 3042 et
1542 3025 1589 3050 per
1601 3017 1692 3042 onmia
1711 3016 1771 3042 fora
1789 3015 2020 3050 conciliabulaque
2038 3017 2188 3046 edixerunt.

44 3040 105 3074 ime.
115 3049 139 3074 13
155 3041 199 3068 vbi
209 3043 416 3070 Conciliciatum
428 3050 455 3071 et
467 3045 666 3072 concineratum
672 3045 771 3081 publice
779 3048 946 3081 poenitentem
958 3054 982 3073 et
988 3055 1072 3083 pacem
1086 3053 1118 3080 80
1136 3048 1186 3076 Iul.
1201 3049 1271 3077 Paul.
1286 3050 1355 3077 Sent.
1368 3059 1397 3084 4,
1411 3053 1435 3083 6,
1448 3060 1464 3078 2
1490 3052 1663 3078 Testamenta
1680 3052 1709 3077 in
1723 3051 1877 3086 municipiis
1886 3072 1894 3083 ,
1915 3051 2043 3085 coloniis,
2064 3054 2186 3089 oppidis,

0 3096 2 3105 ,
44 3075 141 3110 cclqfiae
150 3083 273 3112 petentem
285 3085 368 3106 vocat.
1136 3085 1318 3120 praefectura,
1337 3086 1417 3119 vico,
1435 3086 1557 3119 castello,
1578 3086 1759 3114 conciliabulo
1775 3087 1860 3120 fafita,
1881 3087 1910 3113 in
1925 3088 2004 3121 foro,
2023 3089 2066 3115 vel
2081 3089 2188 3118 basilica

60 3117 163 3139 CONC
175 3119 308 3147 ILIVM,
334 3115 354 3142 i.
391 3124 419 3141 n.
456 3113 600 3152 [ou-ac'dqm,
619 3115 760 3150 σόλλοχος,
783 3115 892 3152 σύνοδος]
929 3118 1071 3146 Conuentus
1169 3136 1215 3141 —
1249 3122 1358 3149 recitari
1371 3122 1514 3150 debebunt.
1587 3123 1654 3149 Gell.
1676 3130 1699 3153 1,
1719 3130 1737 3158 7
1762 3129 1826 3150 citat
1846 3123 1998 3150 orationem
2013 3124 2042 3151 C.
2057 3126 2187 3160 Gracchi,

39 3149 107 3183 opuli
114 3167 122 3180 ‚
143 3153 167 3174 el
179 3149 310 3176 multitudo
320 3151 467 3186 populorum
479 3151 629 3188 diuerjbrum
641 3156 669 3178 in
682 3162 758 3179 vnum
770 3153 848 3179 locum
861 3153 1003 3189 consulendi
1014 3164 1073 3192 gra·
1135 3157 1216 3191 cuius*
1225 3157 1319 3184 titulus
1332 3158 1384 3192 est,
1403 3158 1435 3185 de
1450 3160 1487 3192 Q
1498 3157 1606 3192 Popilio
1619 3159 1718 3185 circuni
1732 3158 1919 3185 conciliabula.
1974 3160 2034 3187 Vct.
2046 3161 2186 3189 Onomast.

33 3186 59 3210 ia
71 3190 230 3220 congregata.
266 3186 404 3213 Deriuatur
415 3193 495 3213 autem
510 3188 736 3220 nonaConfiliO,
755 3187 808 3222 fiue
821 3199 835 3215 a
847 3190 1002 3222 Consensu3
1024 3190 1073 3227 sed
1135 3193 1353 3221 Conciliabnlum
1374 3192 1500 3230 συνέδριον,
1525 3199 1551 3220 et
1570 3194 1612 3220 Gl.
1633 3194 1730 3226 Cyrilli
1752 3192 1805 3223 ’ὄφις
1825 3194 1932 3227 πόλεως,
1963 3197 2185 3225 conciliabulum.

0 3210 9 3242 l⁴
43 3219 222 3252 Concalando‚
237 3219 514 3254 hocgsLConuocmido:
534 3224 686 3259 quodomnes
699 3226 1070 3253 invnumlocumconuocemur.
1088 3235 1117 3264 8,-
1134 3229 1222 3256 Festus
1242 3230 1460 3257 Conciliabnlum
1484 3228 1582 3257 dicitur
1605 3230 1680 3256 locus
1695 3249 1704 3262 ,
1730 3229 1779 3256 vbi
1799 3230 1828 3256 in
1849 3231 1994 3258 concilium
2015 3234 2184 3260 conuenitur.

0 3267 2 3275 v
47 3255 97 3290 irg.
111 3256 176 3282 Aen.
193 3264 232 3288 10,
245 3264 258 3282 2
284 3257 490 3293 Conciliumque
513 3265 593 3286 vocatv
612 3259 707 3287 diusim
729 3266 804 3295 pater
825 3266 904 3296 atque
925 3261 1069 3289 hominum
1132 3264 1223 3292 Isidor.
1246 3275 1288 3299 ις,
1307 3275 1323 3292 2.
1351 3266 1413 3300 Pagi
1432 3266 1491 3292 sunt
1510 3271 1569 3300 apta
1588 3265 1715 3292 aedificiis
1731 3265 1790 3292 loca
1811 3266 1882 3293 inter
1898 3276 1975 3301 agros
1989 3267 2181 3296 habitantibus.

20 3303 23 3309 =
35 3299 76 3323 ex.
175 3293 225 3318 Pro
233 3292 359 3319 comitiis
373 3294 526 3321 centuriatis
533 3295 790 3329 Concii'ifinfflimffi:
803 3296 904 3324 videtur
922 3298 983 3325 Liu.
998 3301 1023 3329 6,
1037 3307 1068 3324 20
1131 3301 1205 3327 Haec
1217 3306 1243 3328 et
1256 3300 1434 3328 conciliabula
1447 3299 1550 3333 di&a‚a
1565 3308 1698 3328 conuentu
1711 3307 1737 3327 et
1750 3302 1875 3330 societate
1887 3303 2037 3331 multorum
2050 3306 2079 3331 in
2090 3313 2182 3331 vnum.

14 3359 16 3362 .
32 3336 50 3353 n
83 3326 178 3354 iudicio
209 3327 306 3354 Mmztis'
335 3329 366 3355 In
395 3331 612 3364 eampo.Martio
630 3332 801 3358 centuriatim
829 3333 942 3368 populus
962 3334 1067 3361 citatur.
1134 3336 1256 3364 Prudent.
1270 3337 1369 3372 Apoth.
1383 3345 1430 3371 710
1452 3337 1678 3371 Immemoresque
1700 3337 1770 3369 cibi,
1789 3337 1880 3370 vicos,
1897 3339 2014 3373 castella,
2032 3340 2182 3372 macellum,

69 3371 112 3390 aec
129 3372 188 3399 ergo
199 3363 263 3399 fimt
283 3364 437 3392 Centuriata
453 3365 580 3403 coniitia)
600 3368 659 3394 Cum
679 3367 715 3394 ibi
738 3367 854 3395 damnari
865 3378 914 3395 non
924 3369 1018 3405 pqffit,
1038 3371 1068 3396 In
1133 3372 1253 3407 Oppida,
1273 3379 1402 3400 mercatus
1412 3391 1420 3404 ,
1436 3378 1463 3399 et
1479 3371 1674 3405 conciliabula,
1693 3379 1720 3399 et
1735 3371 1813 3400 vrbes
1826 3375 1996 3409 Respuerant.
2043 3377 2112 3402 Haec
2130 3377 2181 3401 ita-

0 3404 19 3442 13.
41 3397 169 3427 ecelinum
181 3398 270 3426 lucum
284 3406 357 3426 extra
369 3406 473 3435 portam
487 3401 703 3436 Flumentanam,
723 3403 794 3430 vnde
808 3405 875 3430 cons
888 3404 960 3432 cetus
979 3406 1008 3432 in
1020 3406 1068 3432 Ca-
1075 3415 1113 3439 90
1149 3417 1178 3435 ue
1185 3413 1293 3445 propria
1306 3416 1330 3435 et
1341 3406 1440 3440 honesta
1457 3407 1698 3445 vei-bifignificatio.
1737 3408 1784 3436 Sed
1795 3409 1922 3442 abutitur,
1942 3418 1972 3437 vt
1979 3411 2058 3447 filet,
2073 3411 2180 3436 Plaussss

41 3433 146 3462 itolium
159 3443 214 3462 non
227 3435 303 3469 essct,
321 3435 474 3463 Concilium
486 3438 722 3472 populi·indi6tum
735 3439 781 3466 est.
853 3441 865 3467 1
886 3440 898 3467 i
909 3439 1010 3468 crimen
1023 3451 1067 3468 va·
1154 3443 1224 3471 acch.
1237 3454 1258 3477 1,
1272 3454 1292 3478 1,
1305 3453 1341 3478 47
1367 3443 1441 3476 Qid
1455 3443 1472 3469 si
1486 3444 1554 3478 apud
1567 3450 1593 3471 te
1606 3445 1712 3471 eueniat
1726 3443 1758 3471 de
1772 3444 1861 3472 subito
1875 3447 2028 3481 prandium,
2048 3450 2092 3472 aut
2105 3451 2178 3480 pota-

0 3438 14 3507 ἱ
33 3468 82 3496 uit.
152 3470 277 3503 Caeterum
290 3471 396 3498 Laelius
407 3471 483 3498 Felix
494 3473 562 3508 apud
574 3474 642 3501 Gell.
656 3483 698 3508 ις,
711 3483 745 3510 27
771 3476 812 3508 Is,
827 3476 875 3510 qui
892 3485 947 3504 non
960 3478 1067 3504 vniuer-
1133 3479 1172 3506 tio
1192 3480 1279 3514 forte,
1300 3486 1344 3506 aut
1363 3488 1461 3511 coena,
1488 3486 1517 3506 vt
1535 3479 1602 3506 solet
1620 3479 1680 3507 fieri
1699 3479 1728 3507 in
1747 3480 1803 3507 istis
1822 3481 2030 3508 conciliabulis?
2059 3481 2088 3506 de
2107 3480 2178 3507 domo

0 3511 11 3536 ,·
35 3513 80 3531 um
94 3505 236 3545 pqpulmn,
255 3507 299 3534 sed
321 3513 422 3542 pai-tem
449 3507 485 3534 ali
506 3517 566 3535 uam
586 3509 669 3537 adesse
688 3511 779 3543 iubet,
799 3520 853 3538 non
875 3513 999 3544 comitia,
1020 3513 1065 3540 sed
1129 3517 1278 3543 mereti-scia.
1348 3514 1422 3541 Idem
1434 3515 1516 3541 Trin.
1534 3523 1558 3547 2,
1577 3523 1601 3547 2,
1616 3523 1644 3548 33
1677 3515 1720 3542 Ne
1738 3522 1903 3551 penetrarem
1921 3527 1964 3544 me
1979 3525 2108 3551 vsquam,
2127 3515 2177 3543 vbi

0 3543 2 3574 l
63 3539 176 3574 ncilium'
188 3541 292 3570 edicere
313 3542 396 3570 iubet.
469 3544 500 3577 Ε]
543 3547 626 3580 itaque
647 3546 831 3574 Comitioriun
846 3546 1002 3584 stgmficacio
1019 3551 1066 3575 tili-
1131 3551 1191 3578 elset
1203 3551 1293 3578 damni
1307 3549 1578 3582 conciliabuluiu‚vbi
1595 3550 1709 3579 damnum
1721 3552 1871 3589 mihlpoſjbt
1882 3554 2020 3579 conciliari.
2168 3557 2174 3567 l

0 3579 15 3602 ν
39 3583 139 3602 umnam
159 3575 318 3612 restric‘iior‚
341 3585 366 3605 et
386 3578 420 3605 ad
435 3579 564 3615 sollemnes
578 3581 667 3616 Populi
685 3582 756 3609 Rom.
789 3591 923 3610 conuentus
941 3587 1062 3619 pertinet.
1081 3593 1113 3619 95
1164 3585 1316 3614 cotccit.
1328 3593 1338 3612 1
1350 3593 1388 3618 o,
1412 3590 1465 3612 are.
1502 3585 1648 3620 [auidus-w,
1664 3587 1844 3620 συναλλάττω,
1866 3586 2026 3618 διαλλάττει,
2045 3585 2175 3622 προξενὲω]

44 3611 147 3639 ominis
160 3613 268 3640 omnibus
280 3615 399 3642 Concilii
410 3624 494 3641 nomen
507 3619 620 3642 conuenit
633 3626 644 3645 .·
684 3625 734 3642 non
745 3624 841 3644 contra.
914 3619 955 3647 Sic
967 3619 1071 3647 Condi
1129 3622 1280 3660 Coniungere
1293 3624 1380 3657 quouis
1391 3621 1460 3648 modo
1468 3640 1476 3653 ,
1490 3623 1621 3657 inprimis
1633 3622 1663 3650 de
1675 3624 1747 3650 rebus
1761 3627 1896 3656 animatis,
1915 3626 1942 3649 in
1955 3629 2072 3658 quantum
2085 3631 2125 3648 eae
2142 3621 2177 3648 ad

32 3647 89 3674 ium
123 3647 216 3682 popuii
246 3648 322 3678 datur
346 3659 361 3678 a
379 3650 574 3685 magistratibus
596 3651 658 3678 Liu.
675 3659 704 3684 3,
719 3658 757 3686 71.
778 3653 807 3678 de
825 3653 939 3683 comitiis
950 3655 1063 3682 tributis.
1127 3659 1278 3690 utilitatem,
1298 3664 1323 3683 ct
1335 3660 1445 3683 rationes
1459 3654 1556 3690 nostras
1567 3666 1708 3695 quocunque
1721 3659 1789 3686 modo
1807 3659 1984 3694 adiunguntur.
2028 3658 2058 3683 V.
2071 3667 2097 3693 g.
2118 3658 2175 3684 Cic.

62 3691 79 3709 2
114 3682 267 3721 Concilium
277 3693 360 3722 nempe
372 3686 440 3722 apud
450 3687 524 3714 bonos
531 3687 688 3723 scriptores,
706 3687 869 3723 quarumlibet
880 3698 963 3717 rerum
974 3699 1065 3727 acper-
1128 3692 1161 3720 de
1179 3694 1237 3721 Fin.
1252 3703 1281 3726 3,
1303 3694 1332 3718 16
1357 3701 1378 3718 c.
1392 3700 1405 3724 ς
1437 3691 1522 3719 Placet
1535 3693 1592 3725 his,
1612 3703 1728 3729 quorum
1751 3695 1822 3722 ratio
1845 3693 1914 3720 mitti
1931 3692 2077 3733 probatur,
2096 3692 2174 3719 fimul

33 3720 134 3751 ‘OMWUB
155 3718 371 3756 C⁰²²ss¹regatimzem
389 3733 419 3750 ac
432 3730 523 3749 coetum
533 3721 666 3759 fignificat
680 3732 688 3746 ··
711 3729 741 3749 vt
754 3723 858 3751 Lucret.
873 3733 894 3757 Ι,
907 3731 947 3759 ¹85
967 3727 1063 3754 Conci.
1128 3735 1206 3764 atque
1224 3736 1315 3755 natum
1333 3727 1364 3754 sit
1382 3727 1497 3762 animal,
1517 3728 1604 3764 ipsum
1624 3729 1674 3757 fibi
1694 3729 1833 3757 conciliari
1853 3736 1879 3755 et
1899 3728 2079 3755 commendari
2097 3728 2131 3754 ad
2145 3729 2174 3754 se

31 3753 88 3780 5⁰¹¹!
100 3753 231 3788 gemme:
246 3753 280 3788 ²st
291 3756 453 3794 Congregatio
465 3766 593 3794 corporum
600 3762 741 3793 primorum
754 3759 788 3785 ad
800 3762 950 3796 gignendum
967 3763 1062 3788 valens.
1072 3772 1120 3791 100
1127 3763 1351 3795 conscruandum,
1371 3769 1396 3789 et
1410 3763 1442 3789 ad
1455 3763 1530 3791 suum
1545 3765 1656 3798 statum,
1676 3772 1702 3793 et
1715 3765 1748 3792 ad
1761 3774 1806 3797 ea,
1826 3773 1893 3798 quae
1911 3763 2094 3804 conseruantia
2113 3765 2172 3790 sunt

0 3798 5 3816 ι
39 3791 71 3825 ιἰἰ-μ
93 3797 126 3821 2,
157 3797 204 3822 109
238 3790 376 3827 Multaque
411 3801 548 3830 praeterea
576 3803 701 3829 inagnum
733 3803 780 3829 per
812 3795 890 3823 inane
922 3803 1060 3832 vagantur.
1127 3801 1183 3827 eius
1197 3801 1292 3831 status,
1311 3798 1456 3833 diligenda.
1527 3801 1664 3828 Conciliat
1681 3808 1707 3827 et
1721 3801 1858 3834 coniungit
1871 3799 1942 3838 inter
1953 3799 1979 3825 se
1992 3798 2114 3826 homines
2130 3807 2172 3838 ra-

0 3848 2 3851 .
45 3823 152 3851 onciliis
170 3827 276 3859 rerum,
293 3836 362 3862 quae
380 3829 440 3856 snm
457 3830 568 3861 remita,
595 3833 613 3856 i.
626 3839 686 3866 quae
702 3840 752 3856 non
767 3829 867 3865 pqfflmt
885 3831 1013 3859 cohaerere
1029 3832 1065 3860 ad
1126 3836 1166 3863 tio
1180 3843 1205 3863 et
1219 3835 1309 3862 oratio
1325 3835 1382 3861 Cic.
1395 3833 1447 3869 Off.
1461 3844 1482 3868 1,
1495 3844 1528 3869 50
1546 3845 1567 3863 c.
1584 3839 1621 3863 i6.
1692 3835 1765 3863 Idem
1784 3835 1817 3861 de
1829 3835 1938 3861 Amicii.
1952 3842 2000 3860 100
2020 3843 2042 3861 c.
2057 3835 2169 3873 27-V1r·

45 3859 118 3895 iquid
127 3861 301 3896 generandum.
355 3865 389 3890 Et
405 3873 434 3898 2,
447 3871 491 3898 918
511 3867 626 3893 Coeturn
643 3872 668 3892 ct
681 3865 834 3892 Concilium
854 3873 878 3892 et
892 3867 1002 3895 Veneris
1019 3877 1062 3895 res
1125 3877 1183 3905 tus,
1200 3872 1300 3901 virtus,
1317 3869 1444 3905 inquam,
1464 3877 1491 3897 et
1503 3872 1629 3899 conciliat
1640 3871 1788 3901 Amicitias,
1801 3877 1827 3896 et
1840 3870 1991 3910 conseruat.
2058 3870 2169 3909 Animo!

29 3895 175 3931 fr’wnymi‘ss'
188 3900 272 3937 ponit.
334 3900 365 3926 Et
381 3907 416 3932 3,,
430 3903 480 3930 806
506 3903 593 3936 Qiam
613 3901 741 3934 mortale,
763 3901 836 3937 quod
856 3901 892 3928 est
913 3902 1062 3935 immortali
1125 3906 1267 3934 hominum
1284 3906 1445 3939 conciliare,
1463 3913 1489 3933 et
1510 3907 1542 3934 ad
1561 3909 1622 3935 vi'us
1642 3909 1702 3934 suos
1723 3907 1881 3940 adiungere,
1901 3914 2041 3945 proprium
2060 3908 2168 3930 virtutis

29 3935 99 3975 min?
110 3939 233 3967 Ptfflfflu
243 3932 372 3974 qufium·
385 3935 415 3964 in
425 3937 538 3967 concilio
558 3939 647 3967 saeuas
663 3938 778 3967 tolerare
793 3937 930 3975 procellas.
983 3941 1017 3970 Et
1038 3949 1060 3975 ι,
1071 3942 1160 3979 ιοςοίὶ
1174 3942 1229 3971 Cic.
1243 3940 1296 3971 off.
1312 3950 1342 3975 a,
1358 3949 1398 3979 17.
1432 3980 1449 4008 6
1467 3941 1551 4007 {lauze
1565 3943 1627 3971 Mil.
1641 3951 1663 3978 3,
1677 3950 1699 3976 ι,
1711 3949 1757 3977 203
1784 3941 1807 3970 A
1827 3948 1871 3971 tua
1891 3940 1960 3971 mihi
1979 3948 2062 3968 vxore
2080 3938 2167 3999 ᾱὲεεεῖἓι

26 3886 28 3900 l
