2474 4182
51 121 124 169 677
442 104 746 149 CAEC

49 206 160 236 minist)
174 200 377 231 ininimenmm,
390 199 433 226 vel
453 196 580 233 dropacis.
614 195 683 221 Certe
697 192 777 219 eadem
795 202 835 219 res
848 194 948 222 videtur
965 194 1082 222 Cabialiu

49 241 143 272 resina,
155 247 213 275 quae
226 235 292 271 apud
309 236 436 271 Vegetium
455 236 560 272 legitur.
580 237 603 258 et
621 229 680 256 haec
699 228 823 271 Cadialis.

83 278 243 303 CADY'I'A
253 277 274 297 S.
319 268 463 305 [noaldus]
499 267 596 298 Herba,
616 264 645 291 de
658 273 705 300 qua
721 266 787 291 le.
806 267 845 298 16,
862 275 899 299 44
916 267 933 293 s.
948 275 982 299 92
1003 267 1043 293 Est
1057 272 1082 293 et

38 336 39 343 ¹
45 312 74 339 in
88 310 173 343 Syria,
193 309 291 342 inquit,
305 306 396 339 herba,
410 314 477 341 quae
495 307 601 331 vocatur
616 299 794 332 cadytas,non
812 306 914 329 tantum
932 302 1083 336 arboribus,

37 345 88 398 istd
100 344 159 380 iptio
169 343 249 370 etiam
264 342 345 377 spinis
359 339 569 369 circumuoluem
583 336 644 362 sese.

417 398 693 434 CAEC

78 458 199 483 CAEA,
220 450 273 478 flue
291 455 429 480 caeos,
450 444 607 473 vid.cEA.
647 482 651 486 ·
1048 481 1052 485 ι

79 494 96 515 C
104 495 124 514 A
133 494 150 514 E
158 493 174 515 C
184 495 192 513 1
203 494 224 513 Λ
233 494 246 514 s
254 507 262 519 ,
283 494 321 513 ae.
354 486 368 519 [
375 482 492 516 Καικίας]
534 480 627 506 Ventus
640 486 707 506 inter
721 480 824 507 Boream
837 487 861 507 et
871 479 1026 516 Subfhlanum
1042 487 1080 504 ιη-

41 520 168 550 ιενὶεέἶω.
194 521 331 557 rfidanfra
345 523 481 547 VENTvs.

42 559 79 586 ita
93 559 156 585 flare
168 557 249 590 dicit,
263 564 290 583 vt
304 554 383 582 nubes
395 561 449 579 non
461 552 553 586 procul
572 551 718 586 propellat,
731 552 773 578 sed
787 559 815 579 vt
827 552 860 579 ad
872 551 923 578 sese
942 556 1033 594 vocet,
1046 558 1077 577 cx

61 603 97 621 uo
116 595 219 621 versum
241 592 318 618 istum
338 587 534 624 prouerbialem
553 587 653 614 factum
674 587 728 619 ait,
752 587 817 613 κακοὶ
842 586 880 621 ἐφ’
900 586 982 611 {aurora
1002 585 1078 612 ἕλκων

1 652 3 656 .
43 603 69 656 qs
88 629 99 656 ὅ
121 630 219 656 Καικιάς
236 629 300 660 νέφος
318 625 401 659 (mala
414 623 448 649 ad
458 623 487 659 se
501 623 618 655 trahens,
631 629 660 649 vt
678 623 778 649 Caecius
796 622 899 656 nubem)
918 622 960 648 Sic
973 621 1039 648 Plin.
1052 630 1078 654 2,

43 673 80 700 47
100 665 213 692 Narrant
226 669 251 689 et
263 663 290 688 in
303 662 385 687 Ponto
401 659 524 686 Caeciam
537 659 565 686 in
580 660 604 686 se
623 658 728 686 trahere
741 659 832 685 nubes.
867 656 934 685 Add.
948 656 985 683 ld.
996 662 1031 690 ιε,
1046 665 1078 691 34

32 702 100 733 ,,Νεσ
120 701 174 726 sum
190 698 303 728 oblitus,
318 695 347 722 in
360 695 407 722 hac
428 701 500 729 parte
519 694 567 727 (tle
580 695 665 722 Borea
682 701 706 721 et
719 694 852 730 Aquilone
871 693 954 724 dixit)
968 699 1078 720 ventum
1098 692 1123 720 13

43 735 148 763 Graecis
160 733 237 769 poni,
250 740 328 766 quem
342 731 465 758 Caesiam
483 736 589 757 vocant.

76 774 343 799 CAEC1GENVS,
379 766 433 793 vid.
471 773 634 794 CAecvs.
911 798 917 803 .

74 812 91 833 c
100 806 173 832 Az-:c'
179 811 190 830 1
200 810 215 829 ι
225 811 235 830 1
244 810 265 830 Α
279 822 287 835 ,
309 804 389 829 Genus
396 803 531 839 serpentis.
555 801 687 830 Columel.
700 801 725 831 6,
740 806 779 833 17,
792 803 801 824 t
822 797 863 839 1}st
882 804 963 825 etiam
984 799 1078 826 morti-

51 849 80 868 er
97 840 131 867 iis
148 838 265 874 (bubus)
287 839 411 873 serpentis
430 837 514 869 ietus,
533 838 570 865 cst
588 844 612 864 et
626 843 782 870 magnorum
795 834 952 861 annualium
966 835 1078 862 noxium

48 910 217 946 upercubuit,
230 910 338 936 laceffita
351 919 449 943 onere,
464 910 580 938 morsum
595 906 734 942 imprimit.
761 907 792 931 Et
805 906 823 932 s.
837 915 856 939 4
868 906 999 933 Caeciliae
1007 916 1078 934 mor-

47 956 76 974 us
89 952 221 974 tumorem
239 946 507 981 suppurationemque
526 944 644 972 molitur.
679 939 864 974 Rqslituendum
882 942 928 968 hoc
939 951 1024 968 nomen
1044 950 1079 984 et.

61 981 206 1016 mvegetio
221 982 334 1008 Mulom.
350 991 373 1015 3,
388 994 416 1016 4,
430 990 457 1014 33
475 981 516 1008 ubi
530 979 629 1008 Celicia
647 975 694 1010 est:
707 976 810 1011 etforte
823 983 846 1009 3,
859 983 903 1012 77,
917 986 925 1003 1
940 978 1078 1018 vln'kmuri-

53 1027 82 1045 us
96 1017 178 1044 caecis
190 1019 291 1054 legitur.
329 1018 398 1045 Certe
413 1024 471 1044 mu·
482 1025 570 1044 caecus
583 1020 626 1040 aut
640 1013 710 1048 talpa
721 1013 757 1039 ibi
770 1011 818 1045 est,
833 1020 876 1039 aut
889 1013 1012 1042 Caecilia.

55 1088 111 1125 pist.
125 1097 152 1122 2,
167 1098 186 1122 1,
201 1097 231 1122 59
250 1089 363 1116 Vincere
377 1086 507 1116 Caecilius
527 1085 655 1121 grauitate
665 1105 673 1117 ,
687 1082 836 1110 Terentius
853 1090 917 1111 arte.
961 1084 1079 1111 Caecilia

43 1124 132 1153 astuta
145 1122 177 1158 est
191 1125 296 1152 Colum.
304 1134 342 1160 10,
351 1133 405 1158 190.
425 1122 536 1152 Caecilii
545 1121 576 1148 de
583 1120 692 1147 nomine
698 1119 769 1147 dieta
775 1120 916 1147 Metellivt
923 1123 961 1146 ait
973 1121 1040 1146 Hor.
1050 1130 1077 1147 v.

45 1165 84 1191 82.
110 1167 336 1189 CAEclLlANAM
353 1166 425 1187 vacat
440 1167 470 1190 11,
484 1167 506 1190 3,
521 1159 563 1184 26.
577 1162 600 1182 et
611 1155 677 1182 Plin.
687 1164 712 1188 9,
725 1161 754 1185 ει
773 1158 816 1191 qui
829 1158 902 1182 etiam
910 1155 1005 1182 Cet-asa
1014 1157 1078 1183 Cae-

24 1207 26 1210 *
48 1196 127 1223 iliana
143 1196 261 1230 habet1;‚
274 1205 315 1230 24.
384 1196 420 1222 Ca
438 1194 534 1221 ciliana
555 1192 647 1219 fabula
665 1200 725 1254 qaae
736 1190 774 1226 sit
795 1191 852 1219 Cic.
865 1191 918 1218 Att.
932 1194 989 1224 1,16
1007 1201 1077 1228 quae-

47 1235 108 1259 itur.
151 1232 231 1259 Verba
243 1232 306 1268 sunt
318 1204 448 1259 deArcha
462 1229 498 1256 Ac
505 1236 658 1261 vereor,ne

49 1269 126 1296 o'ema
141 1267 276 1300 condidit,
290 1275 357 1294 nune
370 1265 402 1294 ad
414 1265 592 1293 Caecilianam
604 1263 724 1290 fabulam
736 1263 843 1298 speetet,
855 1263 880 1290 h.
894 1269 913 1289 e.
927 1262 957 1290 de
964 1264 1077 1291 Caecilii

65 1304 129 1330 emili
147 1303 218 1330 rebus
229 1304 343 1340 scribat,
362 1312 438 1329 mcum
453 1301 608 1338 Consulatum
628 1299 743 1333 differat.
780 1300 854 1325 Hanc
871 1306 945 1325 vocat
957 1300 1077 1327 fabulam

55 1339 208 1367 aecilianam
225 1345 359 1367 contemtus
375 1337 463 1374 causa,
477 1344 500 1364 et
519 1345 573 1363 cum
592 1333 702 1372 respeflu
715 1334 750 1361 ad
767 1334 870 1361 fabulas
884 1334 1000 1371 fienicas
1012 1337 1076 1363 Cae.

46 1375 89 1402 ilii
104 1377 200 1402 Poetae.

67 1417 284 1442 caeeis-As,
307 1415 448 1441 casco,
468 1417 503 1435 as.
530 1407 582 1434 vid.
600 1410 762 1434 cAecvs.

67 1453 85 1474 C
94 1453 114 1474 A
124 1453 141 1473 Ε
149 1453 167 1474 c
176 1444 196 1473 ὕ
204 1453 221 1473 Β
230 1453 250 1472 V
258 1453 284 1473 M
291 1465 300 1478 ,
326 1445 345 1472 i.
359 1454 385 1472 n.
429 1441 587 1477 [KainnCou]
624 1440 748 1476 Oppidum
766 1440 915 1476 Campaniae
935 1440 964 1468 in
986 1443 1075 1475 ltalia,

48 1482 95 1509 uod
111 1484 169 1509 licet
188 1481 322 1518 paludibus
345 1481 458 1508 adiaceat
469 1498 479 1513 ,
508 1481 594 1506 vineta
616 1484 699 1504 tamen
718 1478 776 1502 vini
794 1476 954 1513 seraciffima
980 1481 1077 1505 enutrit

46 1517 167 1544 rhoribus.
861 1545 866 1547 ,

66 1558 83 1579 c
92 1560 114 1578 Λ
123 1550 217 1580 actia
227 1558 247 1577 v
257 1559 286 1584 s,
306 1560 337 1584 a,
356 1559 410 1577 um.
446 1547 605 1584 [Kalstos]
648 1549 693 1581 Vt,
709 1545 776 1575 Plin.
786 1553 811 1580 3,
823 1555 838 1581 3
852 1549 870 1575 s.
886 1556 903 1582 9
923 1547 995 1576 Hinc
1007 1548 1074 1578 felix

50 1631 63 1650 a
83 1622 184 1650 nobilis
203 1623 279 1648 succo
297 1630 345 1656 per
364 1630 455 1648 omnes
473 1627 555 1648 terras
575 1621 691 1653 inclyto,
704 1625 841 1655 atque,vt
860 1625 961 1647 veteres
974 1619 1076 1654 dixere,

57 1667 157 1686 minum
170 1657 262 1686 Liberi
275 1657 355 1692 patris
368 1667 428 1684 cum
441 1658 540 1684 Cerere
553 1662 693 1683 certamen.
730 1656 800 1683 Hinc
813 1656 896 1682 Setini
917 1662 943 1683 et
957 1658 1075 1685 Caecubi

45 1694 220 1722 rotenduntur
231 1694 296 1729 agri.
332 1693 382 1719 His
402 1694 549 1727 iunguntur
570 1692 690 1725 Falerni,
706 1692 799 1718 Caleni
812 1695 857 1718 etc.
897 1693 998 1720 Vinum
1016 1703 1073 1730 ergo

4 1742 13 1758 Ἰι
51 1730 178 1757 aecubum
191 1732 257 1756 inter
271 1731 373 1765 optima.
410 1728 477 1755 Plin.
492 1737 530 1762 14,
543 1730 559 1754 6
578 1728 661 1754 Antea
673 1726 796 1753 Caecubo
809 1727 914 1762 (vino)
928 1734 984 1755 erat
997 1738 1074 1764 gene.

58 1801 178 1834 tercidit,
193 1806 219 1828 et
233 1800 334 1828 incuria
348 1799 452 1832 coloni,
469 1800 576 1833 locique
588 1798 721 1833 angustia3
741 1799 825 1833 magis
838 1805 926 1826 tamen
939 1800 1004 1827 fossa
1016 1801 1071 1828 Ne-

36 1832 100 1868 ,¹onis
137 1852 179 1856 ——-
215 1835 329 1864 Secunda
345 1835 471 1861 nobilitas
485 1834 598 1861 Falerno
614 1843 679 1869 agro
697 1840 753 1861 erat
766 1842 811 1861 etc.
847 1835 966 1862 Martial.
983 1845 1018 1869 13,
1033 1845 1072 1870 ιις

37 1871 147 1927 'Caecuba
169 1872 298 1899 Fundanis
318 1871 444 1905 generosa
462 1876 614 1905 coquuntur
635 1870 763 1902 Amyclis.
803 1868 870 1897 Plin.
886 1873 925 1904 16,
939 1879 970 1905 37
994 1872 1071 1899 Licet

35 1908 119 1943 ..opuli
139 1908 281 1942 (arbores)
301 1906 402 1934 vitibus
419 1906 553 1942 placeant,
567 1911 593 1932 et
609 1905 732 1932 Caecuba
749 1904 869 1933 educent.
911 1907 971 1933 Col.
986 1916 1009 1940 3,
1024 1912 1046 1939 8,
1058 1915 1072 1941 ς

47 1979 82 2006 ibi
96 1979 152 2014 agri
167 1979 251 2011 vites,
262 1978 386 2005 omnium
404 1987 468 2013 quas
488 1983 558 2004 terra
571 1977 680 2004 sustinet
699 1977 728 2003 in
745 1976 888 2004 nobilitate
901 1978 961 2005 vini
972 1979 1071 2013 princi-

45 2024 66 2042 s
80 2015 138 2042 effe.
173 2015 290 2042 Martial.
309 2023 347 2046 12,
363 2022 392 2049 17
412 2014 470 2040 Nec
482 2013 530 2040 nifi
544 2013 600 2048 post
620 2013 727 2040 niueam
741 2012 862 2040 Caecuba
875 2019 950 2048 potat
967 2024 1070 2050 aquam.

41 2054 92 2078 or.
100 2051 188 2078 Carm-
199 2058 218 2084 1,
227 2058 288 2085 37,5
309 2050 377 2076 Ante
390 2049 437 2076 hac
445 2049 518 2076 nefas
526 2048 683 2083 depromere
690 2048 841 2076 Caecubum
848 2049 931 2077 Cellis
945 2051 1034 2078 amitis.

58 2092 287 2118 CAECVLTO,
312 2091 529 2116 cmscvrvs,
548 2085 650 2112 Dimin.
669 2085 723 2111 vid.
746 2091 906 2112 CAEcvs.

60 2128 274 2149 CAECVLVS.
309 2122 472 2155 [Koea'naezos]
862 2151 867 2157 ¹

43 2167 75 2184 tm
88 2155 222 2190 etiarm-[let
234 2157 306 2183 Seru.
320 2156 355 2184 ad
364 2157 428 2182 Aen.
442 2163 469 2189 7,
483 2156 541 2186 681,
549 2157 644 2190 pergit.
670 2154 745 2180 Vnde
758 2151 870 2193 Vulcani
883 2151 970 2179 dietus
986 2152 1022 2179 est
1036 2153 1066 2179 fi.

22 2214 25 2216 .
44 2201 89 2225 us,
104 2193 229 2220 Caeculus
248 2198 335 2218 autem
353 2190 431 2222 ideo,
444 2189 516 2224 quod
535 2188 686 2216 minoribus
700 2187 785 2218 oculis
797 2187 895 2215 fuerit:
914 2194 994 2223 quam
1008 2198 1066 2216 rem

23 2242 29 2261 g
43 2232 172 2262 equenter
183 2225 263 2252 effic-it
280 2225 378 2251 fumus.
419 2226 471 2251 Hic
486 2223 598 2250 collecta
616 2223 949 2259 multitudine,postquam
963 2224 1011 2252 diu
1030 2225 1067 2252 la-

43 2262 161 2291 ocinatus
180 2262 240 2288 effet
251 2281 261 2294 ,
286 2260 479 2288 Praenestinam
503 2260 640 2287 ciuitatem
664 2260 694 2286 in
716 2259 854 2287 montibus
879 2259 1014 2288 condidit}
1038 2267 1064 2288 et

32 2348 45 2368 ,-
58 2347 71 2358 ιι
88 2332 253 2361 habitarent:
279 2337 305 2359 et
321 2341 371 2367 pro
391 2332 478 2367 gloria
495 2331 595 2359 iactare
614 2333 639 2359 se
658 2331 746 2358 filium
765 2332 814 2358 else
827 2332 947 2359 Vulcani.
983 2330 1065 2368 Quod

43 2382 63 2404 :L
81 2383 94 2394 ,ι
115 2369 226 2396 illinon
239 2367 386 2401 crederent,
396 2368 522 2395 inuocato
531 2367 660 2402 Vulcano,
674 2373 703 2396 vt
721 2376 782 2395 eum
803 2367 889 2395 filium
908 2368 1065 2405 comproba-

44 2421 60 2427 -ι
94 2405 181 2433 omnis
199 2404 273 2432 illius
291 2403 471 2431 multitudinis
488 2399 578 2431 coetu‘s
598 2404 634 2430 est
651 2404 757 2431 flamma
777 2403 965 2432 circumdatus.
1001 2403 1065 2439 Qio

22 2435 27 2444 ⁴
52 2446 62 2463 ὲ
76 2454 83 2465 0
100 2441 228 2468 commoti
241 2449 332 2468 omnes
345 2440 420 2467 simul
433 2440 636 2473 habitauerunt,
651 2446 677 2467 et
690 2440 803 2467 Vulcani
814 2439 903 2467 filium
915 2442 965 2469 effe
977 2441 1063 2468 credie

55 2508 59 2512 ,
102 2484 121 2505 t.
156 2474 288 2504 HaH'emcs
300 2477 350 2503 ille.
366 2478 455 2504 Poe-'tae
468 2483 547 2503 autem
566 2476 641 2503 verba
654 2476 733 2512 sunt:

173 2513 231 2540 Nec
244 2511 423 2540 Praenestinae
436 2512 562 2539 fundator
576 2512 662 2539 defuit
679 2510 762 2542 vrbis,

171 2548 291 2575 Vulcano
306 2549 440 2584 genitum,
454 2557 547 2583 pecora
562 2549 632 2575 inter
642 2546 768 2582 agrestia,
781 2555 882 2581 regem,

172 2585 366 2619 Inuentumque
382 2584 465 2616 focis,
478 2584 565 2611 omnis
579 2592 658 2619 quem
670 2581 785 2609 credidit
797 2588 866 2609 aetas

173 2619 315 2651 Caeculus,
332 2625 378 2646 etc.

51 2689 160 2724 paffu'ue,
179 2692 222 2725 qui
234 2699 283 2716 non
297 2689 415 2718 videtum·
435 2698 510 2724 neque
521 2696 619 2716 tantum
632 2688 660 2716 de
672 2691 748 2716 oculis
765 2692 877 2725 eorporis
890 2688 1001 2721 dicitur,
1015 2687 1063 2724 sed

50 2727 93 2750 'am
105 2724 134 2751 de
151 2731 228 2751 mente
245 2731 317 2760 atque
328 2723 468 2758 satellem,
489 2731 518 2752 vt
533 2733 622 2752 caecus
633 2724 686 2760 stt,
702 2728 746 2761 qui
763 2726 830 2752 nihil
846 2724 987 2761 intelligat,
1005 2733 1060 2751 cae-

53 2769 97 2792 m,
119 2759 183 2796 quod
203 2769 251 2787 non
269 2760 433 2798 intelligatur.
475 2761 615 2797 Promifime
629 2768 751 2797 ponamus·
771 2762 895 2796 exempla,
920 2762 1062 2788 elementari

47 2801 114 2822 titiam
132 2795 219 2822 ordine
235 2793 370 2829 distincta,
395 2806 450 2823 cum
469 2805 503 2823 ex
517 2794 625 2824 adieHis
641 2797 781 2824 nominihus
792 2797 876 2833 facile
893 2795 1060 2833 intelligatur,

61 2840 133 2868 quarn
146 2835 330 2868 vnumquodqqe
341 2831 436 2866 claffem
449 2831 605 2868 referendum
612 2831 657 2867 fit.

47 2866 100 2894 lum
112 2866 196 2894 oculis
209 2874 328 2903 captum,
348 2868 391 2895 sed
403 2875 429 2895 et
442 2868 596 2895 insidiosum
615 2874 641 2895 et
654 2869 759 2896 occulte
777 2877 892 2900 maium,
910 2875 936 2895 et
951 2869 1060 2896 tacitum

12 2915 14 2926 ι
53 2902 60 2929 l
74 2902 155 2930 latens
168 2903 250 2938 quid,
268 2903 408 2931 dicendum
421 2911 524 2932 veteres
537 2904 748 2932 aestimauerunt.
786 2906 828 2932 Ita
841 2905 869 2931 ob
882 2906 1004 2932 oculorum
1021 2908 1060 2931 vi-

12 2943 31 2961 *
53 2947 77 2966 m
88 2937 172 2966 distas
184 2937 218 2973 est
235 2940 334 2975 Appius
347 2940 446 2967 Caecus
465 2941 526 2968 Liu.
540 2949 568 2974 9,
581 2948 622 2976 27.
655 2940 726 2968 Add.
737 2940 885 2968 Cic.Tusc.
898 2947 920 2974 ς,
935 2946 972 2968 112
985 2950 1007 2968 c.
1022 2946 1059 2974 38.

52 2986 57 2995 ν
81 2973 229 3002 Obscurum
247 2982 273 3003 et
293 2985 400 3003 caecum
426 2976 499 3004 Idem
519 2977 550 3003 de
569 2977 640 3012 Lege
659 2978 721 3012 Agr.
741 2986 764 3010 2,
787 2979 826 3009 36.
877 2977 910 3003 Et
920 2986 1015 3004 verum
1029 2977 1058 3004 in

11 3056 15 3067 ι
50 3044 112 3072 tmti
122 3049 228 3079 caecus,
247 3049 266 3074 i.
284 3048 379 3084 nescius
398 3048 491 3076 Claud.
511 3048 544 3076 de
557 3049 632 3084 Rapt.
652 3049 770 3083 Proserp.
784 3057 802 3079 1,
815 3053 864 3081 ¹38·
999 3047 1021 3088 ff
1043 3058 1056 3076 2

2 3104 3 3110 ,
51 3078 177 3114 astruitur
187 3091 240 3108 cum
251 3082 369 3110 Ablaeiuo
379 3090 403 3110 ee
416 3085 545 3118 Genieiuo,
568 3085 667 3112 Amore
681 3085 740 3112 auri
752 3093 841 3111 caecus
867 3084 942 3120 Virg.
957 3085 1021 3112 Aen.
1034 3094 1056 3118 1,

26 3145 29 3149 ,
60 3136 66 3142 .
102 3151 108 3156 ·
137 3116 230 3144 Animi
242 3125 330 3149 caecus
349 3119 480 3153 Quinem.
496 3129 517 3153 1,
532 3129 570 3153 10,
591 3129 631 3154 29.
649 3121 718 3147 Gen.
732 3129 770 3153 12,
785 3129 819 3153 13.
890 3121 989 3148 Animo
1000 3130 1055 3148 cae-

19 3163 29 3184 .·,
48 3160 58 3178 s
76 3152 132 3178 Cic.
147 3151 180 3179 de
189 3152 318 3186 Fin.;‚6;.
389 3155 540 3190 Cupiditate
553 3162 578 3183 et
588 3157 702 3184 auaritia
709 3165 799 3184 caecus
817 3155 891 3183 Idem
903 3166 952 3192 pro
959 3158 1054 3192 Qiint.

19 3194 26 3214 .‘
55 3196 77 3214 c.
91 3189 133 3214 26.
208 3188 310 3215 Fraude
322 3195 348 3216 et
369 3189 408 3217 ira
426 3199 516 3218 caecus
534 3193 593 3219 Liu.
609 3197 632 3225 8,
669 3213 675 3219 .
714 3213 721 3219 .

34 3231 67 3263 e
79 3231 167 3250 amens
188 3223 244 3251 Cic.
259 3233 308 3259 pro
323 3225 389 3252 Sext.
404 3233 440 3262 17.
499 3228 586 3255 Catul.
599 3235 641 3263 72,
656 3235 704 3264 197
739 3228 830 3263 Cogor
843 3228 935 3264 inops,
950 3229 1054 3263 ardens,

21 3285 23 3291 ,
47 3259 113 3286 =enti
127 3268 204 3288 caeca
218 3259 321 3287 furore.
390 3256 456 3290 Ptin.
467 3271 506 3296 10,
518 3272 546 3296 33
569 3264 687 3291 Perdices
699 3270 771 3291 tanta
785 3263 860 3291 rabie
874 3265 1004 3298 feruntur,
1026 3272 1056 3293 vt

33 3307 39 3324 .·,
55 3295 140 3331 eapite
152 3296 340 3330 aucupantium
347 3297 395 3323 ‚sae
413 3305 428 3324 e
441 3306 531 3326 caecae
546 3300 622 3327 Metu
634 3300 746 3327 sedeant.
922 3299 944 3340 q
963 3311 976 3335 3
1013 3300 1055 3335 Est

65 3349 67 3352 ι
109 3331 209 3358 Caecus
221 3332 353 3367 Epitheton
369 3306 470 3366 figarum
483 3337 605 3362 nominum
617 3347 625 3362 :
656 3337 774 3363 Aceruus
793 3334 876 3363 Ouid.
894 3336 958 3365 Met.
979 3346 1000 3370 1,
1021 3347 1055 3373 ²4

62 3365 142 3407 Quo,
157 3370 185 3393 in
199 3376 244 3403 quo
251 3367 320 3395 nihil
329 3367 428 3402 videri,
446 3371 466 3397 i.
479 3368 586 3406 discenti
594 3370 691 3407 potest,
706 3371 826 3399 vicemve
839 3371 935 3400 Chaos.

46 3402 128 3440 §em
139 3403 220 3430 Herc.
233 3403 287 3430 fur.
301 3408 357 3438 834.
377 3407 396 3430 i.
408 3403 513 3440 obstari.
568 3407 636 3435 Hor.
649 3408 738 3435 Carni.
753 3416 773 3440 1,
788 3413 823 3440 18,
839 3416 869 3441 14
902 3423 948 3430 —
983 3417 1052 3445 quae

81 3437 180 3466 =uitur
192 3447 269 3466 amor
283 3439 339 3472 sui,
373 3440 504 3467 Attollens
510 3449 622 3470 vacuum
635 3443 692 3478 plus
706 3444 792 3470 nimio
806 3443 941 3471 verticem.
974 3446 1053 3473 Ama-

46 3455 112 3510 m«
135 3494 142 3502 .
154 3474 237 3502 Serm.
258 3483 277 3505 1,
289 3483 311 3507 3,
324 3483 364 3508 39.
433 3475 542 3504 Amiflu
554 3481 631 3506 caeco
650 3485 749 3507 terram
767 3478 858 3507 condit
875 3487 929 3507 nox
952 3479 998 3508 Sil.
1013 3490 1052 3515 12,

20 3546 21 3549 Ἴ
46 3500 210 3551 ffirfligyo.
246 3510 346 3552 Astus,
358 3514 378 3538 i.
391 3513 501 3540 occultus
517 3511 590 3540 Idem
603 3521 639 3548 12,
653 3523 717 3551 477.
771 3516 827 3543 Cic.
842 3514 954 3551 Philipp.
969 3526 993 3551 2,
1013 3537 1020 3545 .
1043 3537 1050 3544 .

46 3534 131 3593 ζῐμ
157 3555 232 3574 caeca
243 3547 364 3574 Auaritia
377 3547 431 3574 cst?

46 3588 56 3602 ἰ
108 3585 171 3616 ἐ,
184 3589 209 3610 et
221 3582 307 3610 videre
324 3583 392 3610 nihi!
404 3585 516 3618 patitur.
572 3586 611 3612 Sic
632 3586 706 3613 Idem
717 3588 783 3614 Aen.
797 3589 823 3620 6,
838 3595 889 3622 734
923 3600 968 3608 --
1000 3597 1049 3617 nec

49 3628 52 3637 ι
76 3628 77 3633 ’
92 3617 271 3659 ᾒζὶῑεΐρίοἰιιιιῑ
284 3618 384 3646 clausae
398 3619 530 3653 tenebris,
548 3626 574 3647 et
586 3628 690 3649 carcere
701 3631 787 3650 caece.
803 3626 823 3650 ι’.
837 3622 954 3659 Obscura.
987 3624 1048 3652 cic.-

57 3685 63 3693 .
74 3664 113 3689 ,ιι
159 3662 184 3686 2,
197 3661 211 3688 ς
236 3653 382 3689 Quomodo
394 3663 459 3690 ergo
472 3655 515 3688 id,
524 3655 595 3691 quod
609 3662 708 3684 temere
726 3657 757 3685 fit
769 3667 847 3685 caeco
860 3658 920 3686 casu
933 3664 959 3687 et
972 3659 1048 3689 volu-

281 3691 440 3726 praesentiri
452 3697 478 3719 et
492 3691 610 3726 praedici
623 3693 723 3728 potest?
741 3694 851 3727 Caeco,
867 3697 886 3721 i.
898 3698 967 3723 cuius
980 3699 1048 3724 ratio

45 3712 99 3744 Ν)
132 3739 136 3748 ,

45 3723 427 3824 ωὲὦζὲἕζῠιωφιίιαρ,
454 3767 573 3805 incertae.
619 3799 626 3806 .
644 3763 732 3808 Cbaos
744 3765 886 3809 Sem—Med.
899 3771 958 3810 741.
977 3768 1047 3796 Oed.

31 3825 41 3833 ·
79 3803 110 3823 ⁹
130 3825 136 3828 ·
156 3805 180 3823 ”¹
192 3799 686 3875 eoqfii‘sslzz„m?⁰¹s¹.'l1‘„¹st{.³.{⁶512.5;
700 3801 925 3873 ’ῗῖζιῖἷῖἶιῗῖἷῗῗ
931 3800 1044 3875 ᾗοῖἓῗὶ

117 3865 150 3910 ,βξ
162 3875 275 3903 corporis
281 3875 358 3903 perte
367 3889 376 3900 ‚
395 3871 460 3934 qod
469 3873 533 3898 nulli
545 3871 582 3899 ibi
593 3874 672 3904 oculi,
681 3871 750 3907 ficut
765 3876 792 3900 in
806 3871 924 3910 aduersa,
933 3872 989 3908 stne
1001 3885 1044 3902 an-

63 3914 65 3919 ¹
97 3938 106 3945 .
119 3900 175 3932 md.
187 3902 264 3938 Waffi
277 3905 397 3933 inlu-st

518 515 768 548 QtemAristoteles
781 519 829 548 (vt
842 516 910 543 docet
922 514 1023 546 Geli-2,
1032 517 1076 545 22)
1097 518 1125 536 10

694 1225 789 1254 ucullis
803 1227 930 1262 quoniam
945 1228 1077 1255 Graecum
1093 1236 1125 1261 30

51 1587 74 1614 la
86 1587 228 1622 Campania
242 1587 285 1613 est.
322 1586 363 1613 Ab
383 1586 434 1613 hoc
448 1585 504 1612 sinu
516 1584 650 1619 incipiunt
667 1584 774 1611 vitiferi
792 1582 889 1617 colles,
902 1590 929 1611 et
945 1586 1075 1612 temulen-
1085 1594 1121 1622 40

30 2291 39 2317 ’ἶ
48 2307 108 2326 ιιιιιι·
115 2297 148 2325 ad
157 2297 250 2329 ludos,
260 2296 364 2324 vicinos
384 2296 496 2332 populos
515 2296 662 2328 inuitasset,
677 2295 766 2330 coepit
783 2304 828 2322 eos
847 2295 967 2330 hortari,
980 2303 1010 2324 vt
1028 2298 1065 2324 se·
1075 2300 1111 2328 60
1130 2306 1178 2324 nec
1191 2297 1286 2324 modus
1300 2298 1416 2331 constat,
1426 2298 1504 2325 dixit.

1081 2470 1113 2506 65
1131 2475 1228 2502 Ramus
1248 2475 1315 2502 Plin.
1335 2478 1374 2508 16,
1390 2485 1429 2509 30.
1451 2481 1494 2513 qui
1511 2487 1560 2503 non
1579 2481 1712 2515 germinat.-

11 2635 16 2665 1'
55 2659 222 2686 CAEcvs‚
249 2663 280 2686 ἃ,
311 2663 365 2680 um·
394 2652 456 2680 Adi·
491 2653 622 2689 [τνφλδς]
659 2652 844 2689 Qll'facultale
863 2652 966 2679 videndi
985 2654 1109 2683 caret,76
1126 2664 1147 2688 1,
1162 2654 1211 2688 360
1241 2670 1293 2676 ⁷—-
1327 2664 1487 2692 caecumque
1506 2656 1601 2684 domus
1623 2657 1708 2685 Scelus
1729 2667 1808 2685 omne
1823 2660 1931 2688 retexit.

705 2833 777 2859 Non.
796 2835 827 2872 6,
842 2840 859 2868 7
878 2833 993 2859 Caecum
1005 2839 1060 2859 non
1075 2838 1108 2866 73
1125 2835 1258 2862 calumnia
1271 2835 1393 2868 timoris,
1406 2841 1433 2863 et
1445 2846 1536 2864 caecae
1549 2837 1705 2872 suspicionis
1721 2842 1869 2872 tormento,
1886 2847 1930 2867 etc.

48 3017 95 3036 cco
122 3010 158 3037 est
180 3011 315 3047 munitaque
333 3012 472 3047 ambagine
493 3021 602 3045 rerum,
628 3015 647 3040 i.
665 3015 693 3039 in
712 3013 811 3049 obscuro
840 3012 934 3040 Manil.
947 3021 982 3048 4,
997 3022 1056 3046 300.
1072 3018 1105 3044 80
1123 3014 1198 3051 Virg.
1212 3017 1277 3043 Aen.
1293 3025 1312 3049 1,
1328 3021 1388 3050 5⁴40.
1425 3028 1470 3037 —
1505 3017 1643 3044 nimbosus
1661 3016 1749 3043 Orion
1784 3015 1813 3043 In
1826 3023 1858 3044 va

793 3193 896 3219 Furore
915 3201 1006 3220 caecus
1018 3200 1055 3221 at·-
1073 3199 1103 3228 85¹
1120 3202 1195 3223 caeca
1213 3193 1294 3223 Ouid.
1307 3196 1399 3223 Amor.
1413 3204 1439 3229 2,
1454 3202 1488 3230 11,
1502 3198 1539 3223 16.

989 3373 1053 3401 Adi-
1062 3381 1098 3409 96

501 3547 595 3583 Caligo
614 3550 691 3586 Virg.
710 3552 776 3579 Aen.
789 3560 813 3584 3,
825 3559 871 3584 203
891 3552 958 3588 Quae
968 3561 1051 3580 caecos
1064 3560 1098 3590 93
1116 3555 1185 3583 Vess.
1202 3562 1222 3589 1,
1236 3564 1260 3590 ς,
1274 3565 1303 3590 4.

428 3909 530 3941 μιαιιιι
536 3907 598 3936 Stat.
606 3907 699 3936 Theb.
717 3916 735 3945 7
747 3918 773 3945 p.
785 3911 886 3945 327.1·e.
897 3910 990 3948 scalig.
1001 3916 1043 3948 ap.
1057 3915 1112 3949 ιος·
1143 3920 1161 3942 c
1170 3921 1192 3942 A
1200 3921 1218 3942 r
1226 3921 1244 3942 c
1252 3912 1263 3940 ἱ
1271 3918 1362 3945 ras,
1381 3910 1440 3939 atie.
1474 3910 1636 3949 [τυφλότηῃ
1653 3910 1802 3945 ἐρημίη]

1483 108 1815 150 CAEC
2111 124 2187 169 673

1147 190 1320 221 Lindenbruch
1332 195 1358 218 in
1375 193 1440 226 Obff]
1455 196 1562 223 Statian.
1633 198 1681 226 Sed
1697 199 1817 233 Corpora
1835 209 1910 226 caeca
1922 204 1995 228 venti
2011 204 2087 232 Lucr.
2104 216 2124 239 1,
2138 212 2186 242 278

1147 235 1170 254 et
1183 229 1240 260 296.
1259 237 1320 262 quae
1332 228 1415 255 videri
1430 240 1476 256 non
1486 232 1600 266 poffimt,
1614 235 1702 269 quibus
1714 238 1816 270 opponit
1827 240 1875 268 298
1890 244 1981 274 aperto
1996 248 2106 274 corpore
2120 252 2186 276 quac

1148 264 1215 290 sunt.
1251 262 1319 288 Adtl.
1335 272 1384 304 5²7,
1408 265 1436 304 <lc
1450 274 1554 300 atomis,
1581 271 1638 296 sunt
1660 279 1723 305 ergo
1743 280 1855 306 corpora
1874 275 1961 304 caeca,
1982 275 2056 306 Quae
2075 278 2187 310 spatium

1149 299 1227 338 pleno
1247 297 1338 331 poffint
1360 299 1521 341 distinguere
1542 304 1626 331 inane.
1699 308 1783 333 Varro
1798 307 1830 333 de
1851 308 1880 334 L.
1896 308 1927 333 L·
1946 313 1969 340 8,
1992 314 2018 340 38
2039 319 2064 344 p.
2086 320 2134 344 112,
2157 318 2186 345 30

1148 333 1312 360 Cubiculum
1347 349 1393 354 ·—
1429 338 1447 361 li
1463 336 1600 364 fenestram
1616 350 1669 366 non
1689 341 1783 375 habet,
1805 341 1904 370 dicitur
1925 348 2038 370 caecum.

1148 369 1215 395 ditas
1229 378 1303 409 caeca
1316 375 1342 395 et
1355 372 1496 398 temeraria
1523 373 1578 399 Cic.
1588 373 1727 403 delnuent.
1744 387 1764 409 1,
1778 387 1799 404 2.
1870 379 2022 414 cupiditate
2040 353 2188 417 caecamrlzliii

1146 404 1221 431 Idem
1235 414 1263 431 in
1274 406 1359 433 Pison.
1375 414 1406 441 57
1419 416 1439 432 c.
1454 416 1495 440 24.
1552 409 1632 435 Ouid.
1645 412 1709 438 Met.
1725 422 1746 444 3,
1761 416 1810 440 620>
1844 429 1890 434 —
1926 416 2035 450 praedae
2049 417 2100 442 'tam
2115 426 2189 444 caeca

1147 440 1244 474 cupido
1265 440 1309 467 est.
1392 443 1477 469 Cursu
1502 451 1580 469 caeco
1600 443 1679 471 trahit
1699 449 1796 475 omnia.
1808 450 1925 476 Fortuna
1955 452 2052 478 Lucan.
2076 456 2103 484 ἑ,
2132 456 2187 487 567.

1146 476 1332 516 planurseud.
1350 486 1369 509 1,
1384 487 1405 510 3,
1420 480 1454 513 67
1481 479 1544 504 Eme
1562 478 1606 505 die
1620 488 1693 507 caeca
1712 482 1798 509 hercle
1818 485 1921 512 oliuum
1934 506 1941 518 ,
1963 487 1989 513 id
2005 487 2114 514 vendito
2128 497 2188 514 ocu-

1146 512 1196 538 lata
1212 513 1265 538 die.
1285 515 1303 538 i.
1319 514 1374 538 Eme
1389 523 1435 540 non
1446 514 1574 549 praesente
1583 519 1705 550 pecunia,
1725 518 1771 553 sed
1783 523 1809 545 in
1823 520 1884 546 diem
1898 532 1995 558 eumque
2009 526 2128 550 incertum
2143 532 2190 559 pa-

1145 546 1202 574 Ha:
1224 548 1326 574 reucnde
1335 553 1441 583 pecunia
1450 550 1595 585 praqfivzte„
1660 551 1772 579 Dolores
1792 557 1860 582 caeci
1881 557 1946 583 Pliu.
1960 567 2003 592 29,
2019 568 2030 584 2
2045 560 2061 585 s.
2077 568 2112 585 10.
2126 567 2147 585 et
2166 563 2189 585 ε’.

1145 592 1157 616 3
1176 584 1194 610 s.
1216 592 1240 615 13
1263 585 1375 615 luterni,
1395 591 1418 610 et
1437 595 1537 620 quorum
1556 585 1628 624 caufiz
1648 589 1789 622 ignoratur.
1862 592 1961 620 Domus
1985 594 2067 621 Ouid.
2083 595 2109 622 in
2129 595 2189 622 Ibin

1144 627 1203 654 374.
1225 621 1262 645 De
1276 620 1439 654 Labyrintho.
1495 621 1566 647 Ensis
1587 623 1649 647 atat.
1670 622 1759 649 Theb.
1775 632 1873 658 9,198.
1894 631 2037 655 occultatus.
2108 632 2190 658 Error

1144 664 1232 682 caecus
1247 664 1302 690 quo
1315 656 1403 690 coepit
1416 662 1457 682 eat
1475 656 1533 684 Sen.
1545 657 1624 683 Herc.
1639 657 1691 683 fur.
1708 662 1780 691 1096.
1853 663 1925 697 Virg.
1946 666 2010 691 Aen.
2027 668 2043 692 6
2068 674 2110 701 157
2146 682 2189 687 —

1144 700 1286 726 caecosque
1301 691 1404 731 volutat
1439 692 1554 718 Euentus
1568 693 1658 719 animo
1671 694 1765 720 secum.
1787 698 1804 721 ι’.
1819 697 1938 724 Incertus.
2010 686 2127 728 Exitium
2142 701 2189 729 Sil.

1145 735 1177 760 11,
1189 731 1241 760 388.
1267 730 1436 763 improuijum.
1492 729 1549 753 Cic.
1562 737 1610 762 pro
1624 729 1693 763 Lege
1713 730 1804 764 Agrar.
1824 740 1849 764 2,
1864 735 1894 765 63
1915 743 1935 764 c,
1950 743 1977 768 23
2000 733 2191 772 N010'suspen,.

1145 764 1198 789 sam
1212 770 1237 789 et
1252 763 1379 790 incertam
1394 762 1498 798 plebem
1512 764 1658 790 Romanam
1673 765 1784 792 obscura
1799 767 1856 800 spe,
1876 775 1901 794 et
1916 779 1989 797 caeca
2007 774 2189 806 expectatione

1145 798 1268 833 pendere.
1341 800 1404 826 Fata
1424 800 1492 826 Hor.
1507 797 1595 825 Carm.
1611 808 1634 831 2,
1648 809 1682 832 13,
1694 802 1730 827 16.
1749 805 1767 827 ι’.
1783 803 1943 839 ImprAeuisa.
1999 808 2093 834 Fauces
2107 810 2190 836 Ache-

1145 835 1230 861 rontis
1248 834 1293 861 Sil.
1308 843 1343 867 12,
1357 843 1410 869 ¹27·
1479 834 1587 862 Fluctus
1606 843 1695 861 caecus
1714 837 1774 863 Liu.
1794 838 1861 872 apud
1875 839 1963 866 Senec.
1980 842 2121 871 Suasoriar.
2139 854 2159 877 1,
2173 853 2189 879 7

56 877 124 903 iffi„
140 883 201 901 nam
214 880 239 901 et
252 883 342 908 wpera
350 893 358 907 9
373 880 397 900 et
412 874 519 901 caecilia
533 875 614 908 saepe,
622 879 703 907 quum
716 870 745 896 in
756 868 849 904 pascua
864 870 911 896 bos
926 870 1078 906 improuide
1094 876 1129 895 20
1145 871 1183 896 M.
1199 871 1294 897 Cicero
1310 871 1356 897 sub
1370 871 1511 897 aduentum
1526 871 1736 897 triumuirorum
1749 873 1852 900 cesserat
1871 874 1952 908 vrbe,
1975 884 2019 903 etc.
2057 880 2130 906 Vnde
2144 880 2191 906 ali.

1145 907 1251 940 quotics
1275 907 1302 932 in
1323 907 1407 933 altum
1427 906 1601 941 prouefium,
1617 915 1699 941 quum
1718 908 1800 934 modo
1824 911 1898 936 venti
1917 912 2017 939 aduersi
2036 916 2191 948 retulissent,

1145 942 1227 968 modo
1242 943 1297 976 ipse
1312 942 1485 969 infitiationem
1499 943 1590 975 nauis,
1609 951 1687 969 caeco
1702 943 1828 969 voluente
1841 945 1939 978 flu&11‚
1961 949 2013 981 papi
2033 958 2086 976 non
2102 953 2190 985 power,

1145 977 1262 1003 taedium
1275 979 1382 1004 tandem
1395 987 1455 1004 eum
1470 986 1495 1005 et
1511 978 1589 1013 fugae
1603 982 1629 1005 et
1647 979 1718 1005 vitae
1734 979 1811 1013 cepit.
1862 981 1967 1008 Sisenna
1985 995 1998 1008 a
2018 985 2050 1010 ull
2069 986 2191 1013 Nonium

1145 1015 1172 1045 6,
1186 1020 1202 1047 7
1222 1013 1333 1046 Subito,
1353 1022 1426 1041 mare
1439 1013 1641 1042 subborrescere
1651 1034 1659 1046 ,
1680 1023 1822 1050 caecosque
1837 1016 1931 1043 fluetus
1948 1018 1975 1043 in
1990 992 2015 1044 lg
2031 1022 2191 1053 prouolnere

69 1051 286 1081 CAEClevs
304 1053 424 1089 familiae
442 1054 562 1080 Romanae
581 1056 674 1076 nomen.
715 1049 889 1083 Qtantitatem
907 1049 992 1076 doceat
1010 1049 1078 1075 Hor.
1094 1054 1125 1082 ²3
1145 1048 1242 1074 leniter
1260 1050 1370 1084 occepit.
1407 1051 1548 1087 Intelligere
1562 1050 1662 1076 videtur
1680 1050 1791 1077 Fluflum
1802 1048 1875 1078 vento
1883 1055 1992 1086 silente,
2016 1063 2060 1080 aut
2074 1067 2120 1082 non
2127 1064 2193 1089 stre-

1138 1091 1213 1119 pente
1227 1087 1371 1112 excitatum.
1409 1085 1441 1112 Id
1451 1094 1530 1112 autem
1539 1087 1681 1122 plerumque
1688 1086 1725 1122 fit
1731 1094 1788 1113 ante
1801 1095 1886 1113 ventos
1897 1097 2000 1120 coortos,
2012 1090 2074 1116 vnde
2088 1099 2110 1116 et
2119 1094 2192 1127 Virg.

1144 1121 1243 1155 Georg.
1260 1129 1280 1154 1,
1296 1124 1341 1154 336
1361 1124 1388 1147 in
1400 1120 1571 1157 prognosticis
1587 1125 1672 1154 venti,
1708 1123 1842 1158 Principio
1857 1124 1942 1150 ventis
1956 1126 2136 1160 surgentibus,
2151 1134 2194 1154 aut

1144 1156 1212 1182 freta
1225 1157 1301 1190 ponti
1336 1157 1468 1191 Incipient
1488 1158 1585 1192 agitata
1605 1158 1766 1191 tumescere,
1783 1164 1829 1186 etc.
1902 1161 1982 1187 Fores
2005 1163 2076 1196 Virg.
2094 1165 2159 1189 Aen.
2170 1172 2194 1196 z,

1144 1200 1200 1225 453.
1223 1192 1241 1219 i.
1254 1202 1277 1219 e.
1293 1193 1358 1219 Non
1378 1192 1503 1220 omnibus
1515 1199 1604 1225 notae,
1619 1194 1735 1220 Seruius.
1815 1195 1931 1222 Fortuna
1958 1197 2013 1224 Cic.
2035 1198 2066 1224 de
2087 1199 2194 1225 Amicit.

1146 1236 1178 1261 54
1194 1237 1216 1253 c.
1231 1236 1265 1262 ις.
1328 1229 1416 1255 Foss'ae
1428 1237 1518 1256 caecae
1528 1249 1536 1263 ,
1557 1232 1574 1255 i.
1595 1231 1652 1255 Non
1662 1237 1778 1264 patentes
1796 1232 1928 1258 Columel.
1945 1241 1971 1265 2,
1986 1242 2009 1266 2,
2022 1242 2047 1266 9.
2108 1235 2195 1261 Furor

1144 1272 1235 1290 caecus
1251 1265 1319 1291 Hor.
1333 1264 1414 1299 Epod.
1434 1273 1460 1300 7,
1476 1273 1510 1298 ι3,
1584 1265 1679 1291 Hiatus
1692 1266 1787 1293 foueae
1805 1267 1866 1294 Stat.
1880 1268 1944 1295 Silu.
1959 1278 1984 1301 2,
2000 1278 2020 1302 ς,
2035 1279 2071 1296 ιο.
2145 1271 2193 1297 Hi-

1144 1297 1241 1326 storiae
1262 1300 1343 1327 Ouid.
1357 1302 1385 1327 in
1398 1300 1460 1327 Ibin
1484 1309 1520 1335 55.
1541 1300 1670 1337 obscurae,
1686 1306 1776 1337 paucis
1790 1312 1868 1330 notae.
1926 1305 2056 1332 Homines
2070 1307 2193 1340 cupidine

1142 1336 1214 1362 caeci
1234 1337 1339 1363 Lucret.
1351 1339 1456 1370 4,1146.
1525 1336 1594 1364 Ie‘tus
1607 1346 1695 1363 caecus
1716 1338 1759 1364 Sil.
1774 1347 1800 1371 9,
1815 1347 1866 1372 ¹05·
1887 1343 1957 1366 cuius
1971 1340 2059 1367 aubim-
2076 1350 2192 1378 ›ayt-stur.

1143 1371 1205 1398 Liu.
1220 1379 1261 1404 34,
1274 1380 1305 1404 39
1324 1373 1360 1398 Vt
1371 1381 1426 1398 non
1439 1373 1521 1399 modo
1535 1371 1567 1399 ad
1580 1382 1669 1399 caecos
1684 1373 1765 1404 ielus,
1791 1375 1834 1401 sed
1846 1384 1879 1401 ne
1893 1375 1925 1401 ad
1946 1377 2112 1403 int'erendtnn
2135 1379 2194 1413 qui-

1095 1412 1124 1440 33
1143 1406 1203 1432 dem
1217 1415 1249 1432 ex
1262 1408 1417 1442 propinquo
1430 1408 1512 1435 telum
1525 1408 1578 1434 loci
1593 1409 1739 1443 quidquam
1748 1410 1816 1436 esset.
1852 1411 1921 1437 Adel.
1931 1421 1972 1445 34,
1986 1422 2016 1447 ¹4
2035 1414 2098 1439 Non
2111 1415 2194 1441 caecis

1142 1441 1243 1469 ictibus
1257 1443 1349 1477 procul
1364 1451 1395 1469 ex
1411 1444 1558 1478 improuiso
1574 1444 1790 1471 vulnerabantur.
1833 1447 1910 1479 Virg.
1922 1448 1985 1473 Aen.
2000 1459 2027 1481 4,
2038 1458 2085 1480 :09
2103 1451 2142 1475 An
2157 1458 2193 1483 te,

1142 1478 1261 1512 genitor,
1280 1487 1341 1504 cum
1361 1478 1475 1505 fulmina
1496 1486 1620 1514 torques,
1640 1480 1697 1506 Nec
1718 1480 1863 1515 quidquam
1888 1482 2043 1515 horremus,
2069 1486 2192 1519 caecique

1142 1514 1171 1541 in
1182 1513 1299 1540 nubibus
1319 1514 1392 1549 ignes
1417 1515 1584 1541 Terrificant
1609 1516 1730 1548 animos,
1753 1521 1779 1542 et
1803 1517 1892 1544 inania
1920 1527 2056 1545 murmura
2076 1520 2193 1548 miscent.

1141 1550 1220 1577 Caeci
1234 1550 1307 1585 ignes
1314 1552 1377 1587 Junt
1390 1550 1602 1586 brutajulmina,
1626 1559 1685 1586 quae
1704 1558 1792 1577 temere
1800 1553 1939 1588 firmitur,
1957 1554 2007 1587 sine
2021 1560 2192 1590 prouidentia.

1142 1586 1229 1613 Eadem
1243 1589 1327 1619 ratio,
1350 1593 1374 1613 et
1387 1589 1498 1613 imitatio
1520 1586 1627 1623 Virgilii
1640 1585 1672 1620 est
1700 1586 1745 1613 Sil.
1760 1595 1797 1620 12,
1814 1590 1859 1618 628
1883 1589 1914 1615 Et
1929 1597 2034 1616 caecum
2049 1600 2063 1617 c
2077 1593 2194 1618 nubibus

1141 1622 1247 1657 ignem,
1267 1623 1460 1657 Murmuraque
1480 1631 1495 1649 a
1511 1623 1598 1650 ventis
1610 1623 1716 1649 misceri
1731 1632 1797 1650 vana
1809 1622 1927 1651 docebat.
1999 1626 2046 1653 Sed
2065 1627 2121 1654 Sen.
2137 1630 2192 1654 Me-

1141 1658 1189 1684 dea
1204 1666 1247 1691 591
1271 1658 1300 1685 de
1311 1661 1416 1690 Amore,
1437 1660 1537 1686 Caecus
1558 1658 1594 1685 est
1619 1658 1687 1694 ignis
1707 1659 1854 1686 stimulatus
1872 1661 1922 1688 ira.
1992 1662 2098 1689 Inuidia
2119 1673 2192 1691 caeca

1140 1699 1167 1720 et
1183 1694 1223 1720 ira
1237 1694 1344 1726 Liu.38,-
1515 1696 1569 1722 Iter
1581 1703 1686 1721 caecum
1700 1695 1819 1730 explorat
1840 1696 1921 1725 Ouid.
1934 1698 2113 1733 Met.10,456.
2148 1700 2192 1726 Li-

1139 1729 1308 1757 bramentum
1327 1729 1450 1758 abditum
1470 1736 1497 1757 et
1510 1734 1616 1757 caecum
1636 1731 1703 1757 Plin.
1716 1740 1734 1764 4
1755 1731 1832 1771 Epist.
1852 1732 1899 1759 vlt.
1971 1734 2052 1762 Ouid.
2070 1736 2134 1762 Met.
2151 1745 2192 1769 14,

1381 1712 1388 1721 a
1428 1715 1433 1720 =
1471 1715 1478 1721 .

60 1765 116 1792 litas
129 1765 301 1793 celeberrima
314 1773 343 1790 in
355 1763 674 1803 palustribus-populetiS,
686 1762 742 1789 finu
756 1762 919 1796 Amyclam,
931 1765 1004 1799 quod
1019 1766 1073 1792 iam
1083 1768 1116 1797 43
1138 1773 1183 1800 371
1204 1780 1248 1786 —·
1268 1767 1406 1801 caecisque
1419 1774 1548 1801 vagantur
1568 1767 1714 1793 Limitibus
1728 1774 1856 1800 comiteS,
1875 1772 1893 1795 i.
1909 1771 1961 1794 viis·
1976 1766 2087 1796 occultis.
2109 1771 2190 1798 Ouid.

1138 1801 1218 1836 Epist.
1235 1811 1267 1834 11,
1280 1811 1290 1828 1
1327 1802 1354 1828 Si
1370 1810 1422 1837 qua
1437 1807 1526 1828 tamen
1544 1802 1626 1828 caecis
1640 1802 1767 1828 errabunt
1781 1803 1876 1837 scripta
1889 1804 1988 1830 lituris.
2040 1802 2110 1832 Loca
2129 1808 2191 1833 Pro-

1137 1842 1204 1871 pert.
1220 1845 1292 1870 1,19‚
1306 1842 1328 1867 8.
1403 1838 1478 1872 Virg.
1502 1838 1566 1863 Aen.
1589 1846 1616 1869 2,
1633 1841 1679 1872 357
1715 1852 1759 1857 ——
1796 1838 1873 1870 inde,
1899 1838 1955 1873 lupi
1976 1846 2023 1867 ceu
2061 1842 2190 1876 Raptor-es

1136 1878 1194 1899 atra
1206 1873 1235 1898 in
1245 1872 1358 1905 nebula,
1377 1881 1444 1907 quos
1458 1872 1583 1908 improba
1595 1873 1697 1899 ventris
1735 1873 1827 1907 Exegit
1842 1878 1931 1901 caecos
1947 1875 2043 1902 rabies.
2081 1878 2190 1911 Cae-cm,

1137 1908 1164 1934 h'.
1179 1917 1202 1934 e.
1217 1908 1314 1943 quibus
1328 1908 1361 1935 ad
1374 1908 1515 1943 explendas
1530 1907 1635 1935 infidias
1648 1913 1702 1935 nox'
1716 1909 1761 1934 seu
1775 1909 1899 1935 tenebrae
1912 1911 1971 1937 sunt
1988 1912 2045 1937 lucc
2059 1914 2189 1947 aptiores:

55 1952 122 1978 eque
132 1952 204 1970 enim
217 1942 329 1970 dubium
341 1942 391 1973 est,
404 1942 519 1975 Maffiei,
530 1941 734 1976 Surrentinique
752 1947 778 1967 et
794 1941 901 1975 Albani,
914 1947 994 1977 atque
1006 1944 1070 1970 Cae·
1086 1949 1118 1976 50
1137 1953 1183 1970 aut
1197 1944 1245 1978 qui
1265 1944 1294 1970 in
1313 1944 1395 1971 caecis
1413 1944 1521 1971 latebris
1538 1941 1664 1971 'abscondi
1683 1943 1785 1975 solent,
1798 1944 1915 1970 Donatus
1935 1949 1961 1971 in
1978 1947 2071 1980 Virgil.
2094 1950 2189 1976 Manus

1137 1980 1237 2006 Lucan.
1258 1989 1289 2012 3,
1307 1987 1368 2014 722.
1441 1980 1524 2004 Manu
1547 1986 1620 2004 caeca
1635 1977 1733 2011 spargit
1752 1987 1862 2005 munera
1883 1980 1939 2008 Sen.
1954 1981 1982 2006 in
1997 1983 2105 2017 Hippoi,
2126 1994 2188 2018 >79-

1135 2015 1163 2041 de
1187 2016 1304 2042 Fortuna.
1339 2015 1411 2039 Mars
1428 2013 1503 2046 Virg.
1517 2013 1583 2039 Aen.
1600 2021 1626 2045 2,
1641 2020 1692 2045 333.
1713 2013 1732 2038 i.
1742 2021 1765 2039 e.
1787 2014 1957 2042 Nosturnuni
1974 2019 2112 2051 praeli-nu..
2133 2015 2189 2047 εἰς-

1135 2051 1204 2076 νὶυε.
1275 2049 1350 2073 Mens
1371 2047 1453 2073 Ouid.
1463 2049 1527 2074 Met.
1541 2056 1570 2081 4,
1585 2057 1637 2081 501.
1690 2047 1762 2075 Idem
1777 2049 1843 2076 Fast.
1858 2059 1883 2083 2,-
1898 2057 1946 2081 822
1984 2067 2029 2072 ·-
2065 2062 2086 2080 et
2111 2065 2188 2083 caeco

1132 2084 1250 2116 flentque
1264 2088 1414 2117 pauentque
1438 2090 1526 2115 metu,
1543 2084 1655 2120 nesciunt
1669 2085 1730 2120 quid
1741 2090 1860 2112 metuant.
1911 2088 2038 2122 Morbus,
2056 2091 2188 2127 Ova-urus,

509 2121 592 2146 Huius
609 2120 746 2147 mirabilem
764 2130 776 2146 e
789 2120 906 2154 scintilla
924 2124 1068 2152 conceptum
1087 2123 1114 2152 53
1131 2124 1156 2144 et
1169 2120 1272 2154 cognitu
1286 2116 1401 2152 difficilis
1420 2119 1553 2146 Columel.
1571 2128 1590 2153 1,
1598 2122 1653 2153 5,6.
1690 2121 1781 2147 Motus
1795 2123 1864 2148 caeci
1878 2124 1945 2150 Hor.-
1960 2126 2047 2152 Carni.
2062 2135 2085 2159 3,
2093 2135 2135 2162 27,
2151 2137 2188 2154 21.

1132 2151 1252 2188 Mugitus
1266 2159 1352 2182 terrae
1368 2162 1458 2181 caecus
1471 2156 1528 2182 Sen.
1544 2156 1648 2182 Troad.
1665 2164 1715 2191 171.

1765 2154 1839 2192 Virg.
1854 2160 1919 2185 Aen.
1943 2168 1980 2193 12,
1999 2170 2038 2194 ,χοι
2061 2177 2105 2182 --
2130 2173 2187 2191 tum

1133 2195 1272 2216 murmure
1290 2196 1367 2217 caeco
1403 2192 1476 2217 Intus
1488 2192 1548 2218 saxa
1560 2192 1660 2218 sonant.

1734 2193 1788 2219 Cic.
1803 2200 1853 2228 pro*
1867 2195 1961 2222 M1lon.
1978 2206 1998 2229 5:
2023 2198 2118 2233 Neque
2131 2209 2187 2226 cae-

1618 2255 1619 2260 ,
1641 2228 1755 2255 Parietes
1778 2231 1847 2263 caeci
1870 2232 1943 2266 Virg.
1959 2233 2021 2258 Aen⁴
2043 2244 2064 2266 ς,
2080 2240 2134 2267 589·
2157 2235 2186 2261 de

1369 2263 1498 2290 Pauorem
1512 2272 1634 2295 caecum,—
1653 2265 1743 2290 Tacit.
1758 2265 1826 2291 Hist.
1842 2274 1862 2297 1,
1871 2271 1911 2298 82,-
1923 2275 1940 2293 2
1960 2268 2012 2294 Cui
2031 2278 2079 2295 nec
2098 2271 2184 2303 ratio,

1555 2299 1668 2325 Pauores
1688 2299 1775 2326 Valer.
1791 2301 1890 2334 Argon.
1906 2310 1932 2336 7,
1948 2311 2004 2337 147.
2074 2305 2184 2333 Ρεὲὶοιᾶ

1392 2361 1395 2363 ,
1411 2333 1528 2360 Pericula
1542 2334 1659 2368 Propere
1673 2343 1699 2367 2,
1713 2343 1753 2370 27,
1766 2337 1792 2362 6.
1854 2338 1984 2364 Pernicies
1999 2348 2073 2366 caeca
2088 2348 2113 2367 et
2128 2342 2181 2368 ine-

1131 2368 1253 2395 vitabilis
1266 2369 1344 2402 Apul.
1358 2366 1437 2403 Apol.
1473 2370 1579 2396 Lucret.
1599 2379 1625 2402 2,
1645 2375 1686 2400 128
1714 2371 1800 2398 Multa
1821 2372 1927 2399 videbis
1951 2375 2022 2401 enim
2035 2376 2121 2411 Plagis
2141 2377 2183 2404 ibi

1130 2405 1232 2438 percita
1244 2404 1336 2430 caecis.
1408 2402 1497 2440 Pugna
1513 2405 1601 2432 Valer.
1614 2407 1714 2440 Argon.
1724 2411 1752 2440 ς,
1767 2410 1824 2440 663.
1898 2410 1971 2444 Virg.
1987 2412 2052 2438 Aen.
2075 2421 2110 2445 12,
2125 2422 2183 2448 444

1130 2454 1176 2459 -
1211 2446 1268 2466 tum
1283 2444 1360 2466 caeco
1372 2441 1482 2475 puluere
1496 2447 1600 2476 campus
1672 2443 1815 2476 Miscetur,
1836 2446 1878 2479 qui
1891 2446 2049 2482 prospetium
2068 2449 2181 2484 impcdit.

1187 2512 1191 2516 .
1215 2508 1232 2516 ..
1785 2479 1891 2507 Luci-et.
1911 2491 1932 2515 ς,
1954 2491 2020 2517 1004
2054 2484 2182 2519 Improba

1129 2517 1235 2546 nau1g11
1254 2513 1325 2538 ratio
1344 2518 1401 2548 tum
1420 2518 1495 2540 caeca
1516 2513 1626 2540 iacebat.
1698 2514 1754 2541 Cic.
1767 2514 1800 2541 de
1815 2516 1889 2545 Orat.-
1904 2526 1926 2548 2,
1939 2527 1985 2553 357
1999 2528 2020 2545 c.
2037 2524 2068 2553 87
2093 2522 2125 2546 Vt
2139 2526 2181 2548 res

1129 2555 1231 2580 caecas,
1251 2554 1277 2574 et
1291 2547 1324 2574 ab
1339 2547 1455 2582 aspeetus
1471 2549 1575 2576 iudicio
1587 2555 1702 2576 remotas
1720 2550 1888 2578 confirmatio
1901 2554 2029 2588 quaedam
2050 2561 2076 2581 et
2090 2556 2180 2591 imago

1129 2580 1167 2610 ita
1180 2589 1303 2617 notaret,—
1323 2589 1352 2610 vt
1366 2593 1396 2611 ea
1405 2601 1413 2617 ,-
1436 2594 1503 2620 quae
1513 2584 1656 2620 cogitando
1670 2586 1811 2621 comple6h
1824 2589 1870 2614 vix
1884 2591 2030 2623 possemus,
2049 2591 2179 2620 intuendo

1132 2234 1162 2253 ca
1176 2225 1240 2253 Nox
1259 2226 1409 2253 ostendisset
1427 2228 1568 2254 Milonem.

1131 2262 1296 2296 Lalgyrintho.

1131 2334 1238 2360 Lucret.
1259 2342 1282 2366 2,
1300 2342 1340 2367 ¹4·

1128 2616 1199 2654 quali
1213 2625 1369 2647 teneremuS.
1430 2621 1494 2647 Saxa
1515 2622 1590 2656 Virg.
1606 2623 1671 2648 Aen.
1685 2629 1708 2655 5,
1718 2624 1775 2657 164.
1793 2625 1811 2650 i.
1826 2625 1952 2652 Larentia.
2022 2627 2097 2662 Virg.
2111 2629 2177 2656 Aen.

1127 2691 1154 2718 in
1167 2691 1272 2719 Troad.
1285 2700 1307 2724 3.
1379 2692 1447 2719 Hor.
1461 2693 1543 2719 Serm.
1560 2702 1586 2726 2,
1592 2702 1617 2733 3,
1630 2695 1679 2727 269
1721 2709 1767 2713 -
1801 2699 1827 2721 et
1846 2704 1922 2723 caeca
1940 2662 2177 2734 fluitftffildlsSosiflg,

1125 2726 1230 2754 laboret
1301 2726 1422 2754 Reddere
1435 2735 1520 2761 certa,
1541 2732 1559 2757 i.
1572 2731 1864 2765 Jortunaevtemeritate.
1934 2734 2009 2768 Virg.
2028 2735 2124 2770 Georg.
2147 2747 2175 2771 4,

1126 2771 1171 2798 237
1208 2778 1245 2784 -
1281 2770 1307 2790 et
1320 2763 1417 2798 spicula
1431 2774 1506 2791 caeca
1518 2765 1681 2800 relinquunt.
1701 2765 1719 2792 i.
1729 2774 1751 2792 e.
1766 2766 1870 2799 Breuia,
1890 2777 1957 2803 quae
1969 2771 2071 2804 potsunt
2084 2772 2174 2805 latere,

1125 2800 1242 2826 Seruius.
1314 2799 1440 2826 stimulus
1457 2801 1563 2828 Lucret.
1578 2810 1601 2834 3,
1616 2806 1672 2836 887.
1745 2802 1800 2829 Cic.
1815 2804 1887 2830 Fam.
1901 2807 1927 2837 6,
1941 2813 1957 2839 7
1978 2807 2008 2831 In
2029 2805 2076 2833 hac
2090 2807 2174 2841 igitur

1986 2841 2076 2868 Tabes
2090 2843 2172 2870 Ouid.

1125 2872 1190 2898 Met.
1207 2880 1233 2905 9,
1249 2876 1306 2907 174.
1328 2873 1441 2905 occulta,
1457 2876 1529 2899 cuius
1542 2873 1616 2910 causa
1630 2874 1747 2909 nescitur.
1780 2907 1783 2908 .
1817 2872 1890 2901 Idem
1910 2877 1974 2903 Met.
1990 2882 2013 2908 8,
2027 2883 2066 2910 158
2101 2879 2172 2906 Mul-

1124 2907 1266 2943 tiplicique
1279 2907 1362 2934 domo
1373 2909 1456 2935 caecis
1471 2908 1607 2936 includere
1626 2909 1717 2942 tectis,
1736 2913 1754 2935 i.
1770 2909 1933 2945 Labyrintho.
1962 2910 1965 2913 '
2003 2909 2033 2939 T
2034 2912 2105 2939 elu'm
2125 2915 2170 2942 Sil.

1126 2952 1165 2977 10,
1181 2951 1241 2978 414.
1277 2943 1333 2971 Cic.
1349 2944 1420 2972 Fam.
1437 2953 1472 2978 12,
1486 2953 1517 2979 25
1540 2946 1602 2972 Fuit
1613 2943 1685 2972 enim
1697 2944 1770 2979 illud,
1782 2944 1914 2980 quoddam
1928 2952 2033 2974 caecum
2047 2949 2170 2984 Tempus

1751 2981 1854 3008 Timor
1860 2981 1956 3044 dguid.
1971 2984 2063 3010 Amor.
2072 2993 2111 3018 14,
2124 2995 2169 3019 42.

1449 3049 1452 3050 ,
1912 3025 1986 3045 caeca
2007 3019 2076 3046 tulit.
2112 3022 2130 3048 i.
2145 3031 2169 3048 e.

1122 3052 1277 3086 Incognita,
1298 3051 1422 3086 latentia,
1440 3052 1558 3080 Seruius.
1611 3052 1717 3079 Vallum
1730 3060 1836 3079 caecum
1850 3053 1963 3087 dieitur,
1983 3056 2013 3081 Iri
2028 3065 2082 3090 quo
2094 3066 2168 3092 prae.-

1121 3088 1193 3114 acuti
1206 3087 1260 3123 pali
1274 3093 1360 3115 terrae
1373 3086 1461 3121 affixi,
1480 3088 1572 3116 herbis
1584 3087 1626 3115 vel
1639 3086 1780 3114 frondibus
1793 3089 1957 3116 occuluntur.
1976 3090 2073 3118 Festus.
2092 3093 2166 3129 Conf.

1122 3125 1195 3154 Caes.
1210 3125 1237 3151 B.
1252 3124 1282 3151 C.
1296 3129 1316 3157 i,-
1330 3126 1367 3155 28³
1441 3126 1577 3152 Venenum
1592 3131 1696 3151 caecum
1720 3124 1825 3151 Luci-et.
1846 3127 1872 3158 6,
1887 3130 1939 3155 822.
2012 3127 2086 3163 Virg.
2100 3130 2166 3156 Aen.

1121 3161 1148 3192 6,
1160 3169 1192 3193 3ο
1209 3159 1238 3186 de
1258 3157 1413 3195 Labyrintbo
1433 3164 1458 3188 et
1470 3158 1597 3193 Daedalo,
1642 3161 1725 3187 Caeca
1745 3166 1836 3194 regens
1856 3160 1903 3187 filo
1924 3161 2043 3197 vestigia.
2114 3162 2167 3192 Via

1314 3229 1316 3231 v
1609 3195 1702 3229 ,Vndae
1714 3201 1804 3223 caecae
1823 3197 1901 3232 Virgz
1913 3194 1976 3224 Aen.
1991 3207 2012 3231 3,-
2026 3203 2087 3226 206.
2108 3196 2127 3227 i.
2141 3206 2165 3227 ει

1119 3233 1253 3265 Incertae,
1271 3232 1335 3267 quia
1347 3230 1431 3259 sidera
1443 3238 1497 3259 noti
1509 3231 1676 3268 apparebant.
1706 3231 1822 3259 Seruius.
1886 3232 1965 3260 ,Idem
1979 3235 2044 3261 Aen.
2066 3244 2104 3270 10,
2119 3244 2164 3271 733

1119 3282 1164 3288 —
1200 3275 1248 3294 nec
1267 3265 1336 3295 iacta
1353 3274 1460 3295 caecum
1480 3268 1543 3296 dare
1561 3267 1667 3303 cuspide
1688 3267 1798 3294 Vulnus.
1910 3301 1913 3302 ⁷
2003 3268 2025 3308 q
2047 3280 2065 3304 4
2104 3273 2164 3298 Por-

1117 3302 1195 3330 mulae
1209 3305 1273 3330 aliae·
1291 3302 1353 3330 Liu.
1366 3309 1407 3337 32,-
1420 3312 1453 3338 34
1476 3305 1591 3340 Apparet
1610 3303 1637 3331 id
1657 3303 1766 3338 quidem
1786 3307 1879 3337 caeco,
1905 3304 1994 3340 inquit
2017 3306 2162 3342 Philippus,

1117 3339 1218 3366 iocatus
1231 3339 1260 3366 in
1273 3340 1455 3367 valetudinem
1468 3341 1610 3367 oculorum
1624 3338 1766 3366 Phaeneae.
1820 3337 1928 3367 Clarum
1941 3342 2001 3368 satis
2015 3342 2052 3369 est
2071 3343 2162 3375 caecis,

1116 3382 1146 3402 vt
1171 3375 1245 3402 aiunt
1271 3375 1403 3410 Quinctil.
1418 3382 1462 3410 12,
1480 3382 1512 3411 7,
1531 3382 1558 3410 9.
1628 3376 1683 3402 Cic.
1699 3374 1731 3401 de
1751 3371 1837 3403 Amic.-
1851 3381 1884 3411 5⁴4
1902 3382 1923 3403 c'.
1940 3381 1965 3410 ις
1996 3374 2058 3404 Non
2075 3378 2160 3404 solum

1116 3409 1172 3447 ipsa
1185 3412 1303 3439 Fortuna
1315 3418 1390 3439 caeca
1404 3411 1456 3446 est,
1479 3410 1522 3439 sed
1537 3417 1582 3439 eos
1602 3411 1682 3438 etiarn
1697 3407 1853 3446 plerumque
1866 3408 1953 3439 Efficit
1973 3422 2075 3444 caecos,
2093 3419 2160 3448 quos

1117 3444 1254 3483 complexa
1267 3447 1312 3475 est.
1374 3447 1448 3474 Ideni
1462 3456 1511 3483 pro
1523 3447 1630 3475 Cluent.
1644 3455 1690 3480 199
1711 3445 1745 3473 At
1755 3452 1824 3482 quae
1837 3450 1937 3483 mater?
1956 3450 2042 3483 Quam
2058 3458 2159 3475 caecam

1116 3482 1273 3512 crudelitate
1291 3488 1319 3510 et
1330 3480 1427 3510 scelere
1445 3482 1522 3511 Ferri
1539 3480 1646 3510 videtis.
1723 3483 1839 3518 Caecum
1860 3493 1919 3517 me,-
1945 3490 1970 3511 et
1989 3485 2159 3518 praecipitem

1116 3520 1193 3547 Ferri
1212 3519 1343 3548 confiteor
1361 3521 1391 3546 in
1403 3517 1495 3552 causa,
1511 3519 1547 3551 si,
1565 3526 1611 3545 etc.
1637 3517 1676 3545 ld.
1697 3524 1746 3553 pro
1759 3519 1845 3546 Plane.
1857 3522 1896 3554 6.·-
1947 3519 2064 3552 ,(ἶᾶεειιιιι
2084 3520 2159 3554 gigni

1374 3555 1467 3582 Tacit.
1488 3555 1556 3582 Hist.
1576 3560 1605 3588 4,
1618 3559 1644 3585 81
1669 3553 1762 3582 Statim·
1781 3556 1907 3586 conuersa·
1921 3554 1952 3582 ad
1969 3556 2042 3581 vsum
2054 3564 2158 3588 manus,

1115 3598 1144 3619 ac
1158 3598 1236 3620 caeco
1247 3591 1347 3619 reluxit
1361 3588 1425 3618 dies.
1494 3590 1530 3617 Vt
1544 3589 1561 3616 fl
1574 3591 1672 3617 Caecus
1687 3587 1738 3618 iter
1751 3591 1967 3626 monstrarevelit
1975 3592 2040 3616 Hor.
2048 3591 2158 3625 Epist.1,

1116 3635 1156 3663 17,
1170 3633 1191 3660 3.
1255 3627 1360 3663 Hypsea
1372 3626 1475 3654 caecior
1491 3625 1566 3653 Idem
1578 3624 1661 3653 serm.
1675 3632 1696 3659 ι,
1709 3631 1736 3659 2,
1747 3632 1785 3661 91'.
1855 3627 1956 3661 Hypsea
1970 3632 2088 3652 matrona
2103 3628 2158 3654 fuit

1114 3659 1218 3691 vitiosis
1229 3664 1322 3692 oculis.
1341 3664 1439 3690 Acron.
1481 3662 1618 3697 Corruptut
1639 3663 1738 3689 videtur
1756 3661 1829 3690 Noti.
1843 3667 1876 3694 ιε,
1892 3665 1923 3694 39
1953 3658 1996 3687 vbi
2009 3664 2047 3687 ita
2060 3664 2156 3689 Merce-

1124 2979 1269 3007 seruitutis.
1339 2980 1484 3008 Tenebrae
1500 2981 1606 3008 Lucret.
1619 2990 1641 3014 3,
1655 2986 1696 3015 87.

1113 3702 1185 3733 rius,
1205 3700 1336 3732 Caecum,
1356 3703 1458 3726 veteres
1470 3701 1520 3732 pro
1530 3694 1689 3732 improuida
1707 3698 1841 3725 dixerunt.
1876 3698 1961 3723 Varro
1973 3694 2006 3722 de
2020 3696 2073 3724 Vit.
2091 3699 2154 3733 Pop.
2171 3711 2177 3717 ·

300 3727 436 3755 cauernae
454 3727 535 3755 Ouid·
544 3729 609 3755 Met.
620 3736 655 3762 ¹5,
664 3737 721 3763 299·
742 3729 824 3765 Sil.7,
838 3736 900 3765 372-
922 3737 934 3766 χ
948 3732 1047 3760 Causae
1056 3741 1103 3764 too
1113 3736 1192 3762 Rom.
1206 3735 1253 3763 lib.
1266 3744 1285 3770 4
1311 3733 1409 3769 Neque
1427 3732 1455 3759 id
1467 3730 1539 3760 caeci
1556 3734 1673 3761 eonsules
1690 3734 1822 3766 fecissent,
1845 3736 1912 3767 quae
1926 3732 2047 3759 mandata
2061 3742 2154 3761 arcana

1112 3769 1151 3799 T.
1165 3770 1263 3807 Ampio
1278 3768 1397 3798 sedissent
1402 3786 1412 3802 ,
1429 3774 1476 3796 ant
1487 3767 1577 3803 diuidi
1589 3775 1695 3798 centum
1709 3774 1768 3797 GN.
1785 3774 1917 3801 magnum.

1146 3810 1372 3838 CAECVLV'S,
1390 3813 1415 3837 a,
1436 3810 1491 3832 um.
1510 3804 1612 3832 Dimin.
1649 3807 1701 3841 Qei
1712 3810 1803 3841 parum
1824 3802 1902 3829 videt.
1938 3798 2019 3830 Plant.
2040 3800 2108 3832 Pers.
2126 3813 2155 3838 2,

1109 3849 1137 3878 4,
1151 3849 1174 3870 11
1195 3840 1261 3870 Tua
1272 3841 1375 3869 caecule
1389 3840 1482 3868 eausa?
1498 3843 1541 3868 Al.
1551 3848 1606 3873 cum
1620 3842 1744 3868 Gronovio
1757 3837 1855 3866 Cucule
1867 3840 1961 3874 legunt.-

1144 3883 1268 3907 CAECVL
1274 3885 1309 3904 vs
1317 3894 1326 3910 ,
1341 3875 1455 3912 Neptuni
1468 3876 1564 3910 Filius,
1574 3884 1598 3904 et
1604 3881 1665 3905 CAE
1673 3884 1759 3904 C1L1A
1767 3894 1774 3906 ‚
1783 3873 1835 3901 vid.
1842 3874 1929 3937 ἔαηΙΙα
1942 3875 2051 3911 ante-'suis
2062 3876 2132 3902 Iocis.

1862 3910 1982 3941 acuitatis
1995 3909 2099 3938 uidendi
2111 3919 2149 3936 or·

1262 3949 1325 3984 ας
1344 3957 1362 3984 q
1381 3956 1399 3984 q
1433 3952 1450 3974 2
2065 3944 2148 3971 hiras.-
