2474 4182
608 115 886 155 CON

232 204 399 241 contagio-firm
412 202 562 240 adspeHum.
635 205 696 230 Liu.
707 213 726 237 1,
736 211 760 235 15
778 203 845 229 Belli
859 202 1164 239 Fidenatis‘contagione
1175 204 1275 231 irritati

234 241 388 267 Veientium
408 241 506 272 animi,
525 248 549 266 et
563 239 803 273 consanguinitate,
824 246 869 265 etc.
940 240 996 266 Cic.
1010 241 1087 267 Verr.
1100 248 1123 273 5,
1144 249 1186 267 122
1209 250 1230 266 c.
1244 249 1273 275 71

233 278 418 304 Deliberatum
430 274 517 302 autem
531 276 575 306 cst,
587 276 603 301 {i
619 284 658 300 res
673 275 829 308 opinionem
841 283 936 307 meam,
950 284 1028 310 quam
1042 276 1073 301 de
1086 275 1165 302 vobis
1180 276 1274 308 habeo,

234 313 378 344 fefellerit,
399 321 451 339 non
471 312 552 338 modo
570 319 613 335 eos
634 310 770 345 persequi,
790 310 822 336 ad
842 319 908 345 quos
927 312 1042 337 maxime
1062 311 1138 346 culpa
1158 321 1275 338 corrum-

234 130 313 166 1215

233 348 314 384 pendi
333 348 444 380 iudicii,
465 348 506 373 secl
526 347 603 371 etiam
625 346 700 377 illos,
721 346 752 372 ad
774 355 840 380 quos
862 347 1036 373 conscientiae
1055 348 1178 382 contagio
1195 349 1275 382 perti-
1300 346 1314 372 5

234 384 325 416 nebit,
348 385 372 411 h.
388 393 406 410 e.
426 386 467 419 qni
480 386 530 408 rues
545 383 627 416 culpae
640 382 732 417 conscii
748 389 835 414 erunt,
855 390 878 408 et
897 392 921 408 co
936 386 1039 409 crimine
1053 383 1225 418 quodammodo
1239 387 1278 410 in-

228 419 308 457 sec'li.
381 420 435 446 Cic.
448 416 523 443 offic,
540 425 564 448 2,
580 422 610 446 ὃ)
634 417 692 443 Nec
706 425 771 443 vero
788 417 871 444 solum
886 419 939 452 ipsa
958 419 1068 451 cecidit,
1088 418 1130 445 sed
1145 419 1223 445 etiam
1236 429 1276 446 re-

235 457 334 491 liquam
354 454 491 481 Graeciam
512 453 608 478 euertit
627 453 832 487 contagionibus
850 455 1002 487 Malorum,
1030 463 1097 488 quae
1117 463 1131 480 a
1150 455 1278 482 Lacedae-

235 492 331 519 moniis
346 489 478 525 profectae
492 495 632 515 manarunt
646 489 732 515 latius.
786 489 860 516 Idem
875 490 906 516 de
918 491 982 516 Fato
995 497 1007 522 5
1028 491 1153 523 Qiorum
1167 491 1194 517 in
1207 491 1277 524 aliis,

235 534 279 560 vt,
298 535 341 553 stc.
368 527 394 551 iu
415 533 507 555 vrina,
528 530 556 549 vt
576 524 604 549 in
621 524 770 559 vnguibus,
787 531 816 551 vt
834 526 861 551 in
881 526 993 560 reliquis
1013 526 1145 552 eiusmodi
1158 527 1277 554 Naturae
1295 532 1324 550 ¹0

235 562 357 595 contagio
371 561 449 586 valet.
504 559 652 594 Contagio‚
672 561 713 586 hic
727 558 760 593 thl
779 561 940 592 adverbum,
960 561 1091 596 συνάφεια,
1110 570 1153 588 aut
1171 563 1279 596 συναφή,

234 600 262 625 id
280 597 310 630 .st
332 596 465 622 contacius
485 602 507 620 ct
525 602 678 622 rmzttnuatlo
698 605 781 622 rerum
799 600 826 622 in
845 596 951 629 mundo,
972 603 1001 623 vt
1015 597 1173 625 arbitrantur
1188 600 1278 630 Stoici,

235 635 300 660 ruht!
311 630 462 658 dismnftum
471 650 478 661 ,
498 631 563 657 nihil
575 630 722 664 distr-affirm
737 632 846 658 habente.
895 634 932 658 Ex
944 633 990 659 hac
1002 641 1084 660 autem
1097 638 1280 661 continuatione

235 676 338 695 imtmue
350 674 427 693 totius
441 666 593 692 cohaerentis
611 674 634 693 et
649 671 822 700 continuatae,
840 676 880 694 res
898 668 970 694 rebus
983 670 1146 705 consentiunt.
1174 670 1210 706 fit
1219 679 1280 705 pro-

234 705 290 731 vide
300 723 306 733 ,
327 710 355 729 vt
369 705 447 729 altera
461 703 565 728 alterius
583 703 679 739 caiajiim
692 706 829 734 contineat,
843 704 922 730 altera
934 705 1009 731 alteri
1022 704 1174 740 respondeat.

236 740 298 766 leris
313 739 369 765 Cic.
384 747 431 773 pro
445 738 565 764 Muraen.
582 743 622 773 78.
695 739 766 765 Idem
780 739 812 765 de
827 739 919 766 Diuin.
936 749 953 771 ι,
967 745 994 772 58
1014 741 1062 767 Sed
1078 747 1101 766 et
1116 739 1280 766 decoloratio

235 775 363 810 quaedam
377 783 408 800 ex
422 774 512 807 aliqua
527 774 685 808 contagione
694 775 827 807 Terrena,
841 776 957 802 maxime
970 776 1052 810 potest
1066 775 1282 808 sanguinisffimi-

236 812 269 838 lis
283 811 341 837 ess'e.
413 811 444 836 Et
459 810 511 835 Att.
527 818 546 842 1,
562 818 585 840 13
608 809 703 836 Moesti
725 810 796 837 inter
809 811 849 837 sui
863 810 994 837 diss'unilcs
1014 817 1039 836 et
1052 817 1199 836 moerentes
1211 811 1281 838 sede-

235 847 298 875 bant
307 867 314 878 ,
332 852 357 871 et
377 845 536 879 contagione
549 845 743 879 Turpitudinis
756 847 989 880 permouebantur.
1062 846 1121 886 Cic.
1131 855 1181 880 pro
1193 848 1282 874 Domo

238 888 282 912 108
304 881 359 914 Qui
373 880 462 915 aliqua
477 881 502 906 se
514 882 672 915 contagione
685 882 812 916 praedae,
836 882 982 912 societatiS,
1009 881 1135 907 emtionis
1155 884 1280 909 contami·
1291 883 1327 901 20

235 923 376 949 nauerunt,
383 917 483 943 nullius
498 925 583 951 neque
598 918 706 952 priuati,
719 926 804 952 neque
817 917 917 951 publici
932 915 1027 942 iudicii
1041 925 1154 950 poenam
1168 919 1283 953 effugere

236 960 391 989 potuerunt.
462 952 541 979 Dedit
560 953 625 979 hanc
643 954 766 987 contagio
780 953 882 983 labem,
903 952 933 977 Et
954 951 1028 978 dabit
1042 953 1070 977 in
1084 953 1170 987 plures
1189 956 1282 982 quen.

237 992 287 1017 Sat.
303 998 326 1021 2,
336 993 377 1022 78.
447 989 595 1022 Importare
609 989 809 1022 contagionem,
834 987 887 1013 vid.
903 993 1067 1014 IMPORTO.
1141 990 1284 1025 Contagio-

236 1035 298 1052 nem
313 1024 362 1050 effe
376 1023 534 1056 dicendum,
551 1033 604 1050 non
620 1024 779 1057 Contagium
793 1022 888 1057 scribit
907 1023 994 1049 Festus
1009 1024 1158 1058 Pompeius.
1232 1029 1284 1054 No-

236 1061 340 1088 tandum
356 1058 388 1093 est
404 1060 565 1094 Contagium
578 1060 638 1095 sere
654 1059 769 1093 usitatum
789 1056 832 1091 esse
851 1061 878 1084 in
898 1062 1009 1085 oratione
1021 1063 1124 1088 metrica
1140 1062 1283 1098 Contagio.
1297 1060 1328 1087 25
1345 1058 1389 1084 bat
1408 1060 1480 1083 enim.

235 1106 295 1125 nem
311 1105 368 1123 vero
383 1098 410 1122 in
420 1095 514 1130 salma.

274 1139 291 1159 c
303 1140 321 1159 ο
332 1139 350 1157 Ν
365 1137 387 1157 ‘r
400 1133 421 1157 Ᾱ
432 1138 476 1157 (312
486 1138 498 1155 s
508 1150 515 1161 ‚
538 1130 567 1154 is.
605 1128 624 1154 f.
657 1134 706 1163 pro
722 1128 842 1164 Contagio
861 1129 979 1156 dixerunt
998 1137 1101 1158 veteres.
1138 1133 1241 1160 Luci-et.
1255 1144 1284 1168 4,

237 1171 282 1202 336
307 1167 443 1200 Multaque
457 1166 513 1191 sunt
526 1164 610 1190 oculis
626 1164 654 1189 in
669 1172 762 1190 eorum
776 1164 891 1199 denique
905 1165 996 1198 mista,
1024 1168 1099 1200 Qiae
1115 1176 1225 1204 contage
1238 1171 1282 1197 sua

236 1203 383 1240 palloribus
401 1201 490 1227 onmia
511 1200 630 1234 pingunt.
704 1200 832 1235 Contagi,
847 1201 920 1236 sexto
940 1202 1002 1238 C¹¹s¹⁴
1019 1209 1068 1237 pro
1088 1204 1222 1239 Contage,
1247 1213 1284 1237 vt,

236 1240 323 1271 Parti,
344 1237 422 1265 colli,
442 1236 517 1267 voci,
537 1237 677 1269 etstmilsa,
694 1242 743 1270 pro
755 1237 844 1268 Parte,
866 1237 949 1268 colle,
969 1246 1051 1270 voce,
1071 1246 1116 1266 etc.

236 1285 259 1308 3,
274 1283 324 1308 734
343 1274 446 1306 Corpus
459 1273 530 1298 enim
551 1272 633 1305 magis
647 1270 687 1297 his
702 1271 792 1303 vitiis,
810 1271 887 1299 affine
906 1272 1024 1307 laborat,
1061 1275 1092 1301 Et
1111 1276 1179 1303 mala
1201 1278 1284 1304 multa

234 1311 338 1338 animus
352 1307 456 1342 contagi
469 1307 590 1341 fungitur
603 1307 668 1333 eius.

274 1345 575 1374 CONTAGIOSVS,
603 1351 625 1373 a,
651 1351 706 1368 um.
745 1342 805 1370 Adi.
848 1344 896 1373 Vt,
919 1344 1077 1379 Contegiosa
1092 1346 1186 1380 febris,
1212 1350 1282 1375 Con-

235 1380 351 1416 tagiosus
372 1379 497 1411 morbus,
519 1385 543 1404 et
563 1378 640 1405 Pestis
661 1380 812 1413 contagiosa
832 1379 898 1406 Celsi
920 1378 962 1413 cffi-
980 1381 1114 1413 dicuntur,
1135 1384 1223 1419 quibus
1242 1388 1286 1421 qm·

235 1419 364 1448 taboram,
374 1415 429 1451 solo
443 1413 558 1441 coanu
573 1417 636 1440 alios
650 1414 775 1449 injiciunt.
813 1415 861 1442 Sed
876 1426 924 1442 non
944 1419 1051 1444 inuenio.

274 1458 291 1479 e
304 1457 324 1478 o
338 1458 356 1476 N
368 1457 466 1478 '1¹le
477 1457 497 1476 v
508 1456 625 1482 s‚a‚um.
640 1450 700 1476 Adi.
724 1450 877 1486 [ἐχόμενος]
914 1453 1127 1490 Qaeodcontingit.
1166 1455 1267 1489 Gell.9,
1278 1466 1287 1483 1

238 1489 294 1515 Vsu
315 1486 405 1519 venit,
433 1491 461 1512 vt
484 1486 604 1520 contigui
627 1486 725 1520 magiS,
751 1486 962 1522 directioresque
985 1488 1053 1515 icius
1079 1490 1158 1522 tiant,
1179 1491 1212 1524 si,
1240 1499 1285 1519 etc,

238 1524 383 1558 Contiguas
402 1522 519 1548 didicere
540 1530 570 1551 ex
591 1521 692 1548 artibus
714 1528 782 1548 artes
803 1523 876 1549 Grat.
893 1528 915 1554 8,
941 1531 1076 1560 cognatas,
1097 1528 1199 1562 quaese
1220 1530 1287 1555 velut

237 1563 401 1595 contingunt,
419 1567 474 1584 cum
493 1567 544 1583 vna
564 1558 668 1583 alteram
682 1560 782 1592 pariat.

238 1596 327 1625 caelo,
346 1593 409 1620 alias
423 1593 548 1627 contigua
560 1592 697 1618 montibus
706 1613 713 1625 ‚
732 1593 761 1619 de
773 1594 851 1619 Luna.

238 1633 301 1659 Met.
314 1638 341 1662 4,
353 1636 393 1662 57.
466 1628 614 1662 Contiguus
631 1627 692 1654 loco
711 1628 779 1655 mihi
798 1636 869 1662 erat,
895 1632 914 1656 i.
934 1634 1006 1658 iuxta
1019 1641 1055 1658 me
1068 1640 1139 1666 erat,
1156 1635 1288 1669 uelstalmt

239 1667 320 1694 Ouid.
333 1664 397 1691 Fast.
411 1673 439 1697 4,
452 1669 507 1699 378.

277 1708 294 1728 c
307 1709 325 1728 O
335 1707 355 1726 N
367 1707 405 1727 Ti
417 1706 466 1725 Gv
477 1706 508 1726 E.
547 1698 615 1725 Adu.
652 1699 731 1725 Mart.
745 1699 843 1733 Capell.
859 1708 884 1732 9.

276 1741 512 1767 CONTINVO,
541 1740 804 1766 CONTINVVS,
840 1734 893 1760 vid.
916 1741 1147 1766 CONTINEO,

277 1779 295 1801 c
308 1780 327 1800 O
337 1779 359 1798 N
369 1779 390 1798 T
402 1777 422 1798 Ο
432 1777 453 1798 G
463 1773 485 1797 Α·
494 1778 515 1798 Τ
524 1778 544 1797 V
554 1777 566 1797 s
575 1790 584 1803 ,
610 1779 624 1797 a
632 1790 639 1802 ‚
665 1778 720 1795 um.
757 1770 818 1796 Adi.
855 1771 988 1798 Ammian.
1002 1781 1046 1806 29,
1060 1782 1085 1800 2.

275 1804 495 1835 CONTOLfiR
508 1811 546 1839 0,
567 1811 618 1832 Tire.
655 1804 763 1840 August.

275 1851 292 1872 c
302 1851 321 1871 o
331 1852 353 1871 N
365 1849 387 1869 T
398 1849 469 1869 oLL
480 1848 500 1869 o
510 1862 520 1875 ,
550 1844 602 1868 ere.
639 1842 740 1868 Contra
759 1841 870 1874 tollere,
895 1842 990 1870 Nonio
1010 1852 1043 1876 2,
1064 1852 1111 1871 100
1140 1849 1185 1881 qui
1202 1847 1290 1874 laudat

240 1880 323 1910 Plaut.
337 1878 426 1907 Aulul.
440 1886 463 1912 5,
477 1886 496 1910 1,
511 1879 528 1904 6
548 1877 700 1904 Contollam
719 1877 845 1912 gradum,
868 1880 887 1903 i.
902 1879 1030 1914 conferam
1043 1881 1156 1916 gradum.
1213 1879 1219 1885 '

276 1922 354 1944 coN
366 1919 697 1946 TOMONOBOLON,
718 1914 737 1940 i.
774 1923 801 1940 n.
838 1914 859 1940 E
872 1914 939 1940 Cod.
954 1915 1046 1947 lustin.
1067 1916 1084 1942 l.
1098 1926 1110 1949 3
1133 1917 1174 1944 tit.
1187 1926 1221 1951 34
1244 1917 1262 1944 1.
1276 1927 1289 1951 3

240 1952 374 1984 laudatur,
393 1957 418 1977 et
436 1949 508 1977 ludus
526 1948 569 1983 effi·
589 1949 700 1982 dicitur,
717 1959 764 1985 quo
778 1948 888 1977 iaftetur
899 1954 1010 1986 pertica.

241 1988 325 2015 Solin.
346 1996 370 2022 p.
386 1988 449 2021 726,
469 1995 484 2012 a
498 1986 531 2012 G.

280 2030 296 2050 c
306 2029 326 2048 Ο
337 2029 360 2048 N
371 2029 392 2048 T
403 2028 424 2048 O
435 2029 455 2048 R
464 2041 473 2054 ,
494 2021 542 2048 Eri.
579 2020 773 2055 [πυνθάνομαι]
807 2021 836 2047 A
847 2021 935 2049 Conto
956 2020 1071 2057 dacium,
1092 2032 1137 2059 quo
1152 2024 1292 2060 profundi-

243 2063 285 2085 tas
297 2065 372 2092 aquae
385 2057 545 2090 exploratur,
561 2062 609 2090 pro
622 2065 666 2091 quo
681 2056 809 2083 Cun&ari
820 2058 916 2083 malunt
929 2059 985 2084 alii.
1029 2060 1078 2085 Hic
1090 2060 1158 2086 modo
1171 2070 1294 2088 monemus

244 2092 356 2121 Comari
365 2097 483 2126 perpetuo
490 2090 571 2126 scrib1
585 2093 613 2115 in
626 2091 751 2124 Apuleio,
769 2094 811 2126 qui
817 2091 968 2127 frequenter
980 2094 1025 2120 hoc
1039 2095 1111 2121 verbo
1125 2103 1148 2122 ct
1158 2096 1216 2122 sncle
1229 2096 1294 2123 deri,

855 1558 922 1585 Plin.
936 1567 968 1591 2,
983 1568 1000 1592 9
1028 1560 1076 1586 Sed
1096 1562 1159 1588 alias
1181 1563 1285 1591 admota

243 2131 314 2156 vatis
325 2130 425 2158 utitur,
447 2135 494 2152 non
509 2131 606 2151 tantum
620 2125 663 2150 vbi
675 2125 822 2159 explorandi
841 2133 864 2150 et
881 2129 1056 2163 interrogandi
1073 2133 1125 2155 vim
1145 2131 1232 2162 habet,
1246 2132 1294 2166 scd
1311 2134 1338 2158 55
1356 2130 1504 2156 Secundum
1519 2135 1640 2155 naturam
1653 2129 1718 2160 lint,
1737 2127 1808 2154 bona
1828 2127 1978 2163 appellare:
2012 2136 2078 2162 quae
2096 2133 2185 2154 autem
2199 2133 2305 2159 contra„
2325 2126 2427 2165 mala-4.

244 2167 319 2191 etiam
333 2163 377 2188 vbi
387 2161 515 2192 dubitare,
536 2158 654 2193 haqfitare
663 2179 671 2192 ,
690 2169 773 2186 moras
784 2157 1026 2196 71eflerefignfflcat.
1062 2165 1094 2188 Et
1100 2165 1163 2198 sane
1175 2172 1295 2200 cognatas

245 2198 288 2234 ,ffb
295 2197 503 2235 fignificauones,
520 2201 638 2230 apparet:
662 2204 719 2220 uam
734 2194 788 2220 ideo
801 2203 884 2220 moras
896 2194 998 2222 ned-lunt
1011 2197 1135 2230 homines,
1152 2205 1181 2224 ot
1193 2203 1295 2228 mterim

246 2236 387 2271 explorent,
407 2231 469 2268 quid
488 2230 607 2266 agendum
617 2228 672 2264 fit;
694 2236 718 2255 et
734 2229 780 2255 hoc
800 2229 879 2264 iRJiem
898 2230 955 2256 dum
972 2238 1068 2267 agzmt,
1088 2232 1144 2259 dum
1159 2241 1296 2268 quaerunt,

246 2270 307 2308 quid
322 2267 589 2304 expediat,moramur.
644 2266 725 2291 Etiam
744 2264 800 2290 Cic.
815 2266 867 2290 Att.
885 2273 922 2296 11,
936 2274 964 2292 10
990 2267 1137 2302 (Qffln‘lue
1156 2277 1188 2294 ex
1210 2279 1242 2296 ΕΟ
1263 2271 1295 2296 de

247 2316 290 2334 me
304 2309 473 2334 contaretur,
493 2311 554 2328 eum
574 2300 623 2327 libi
637 2301 674 2326 ita
689 2299 779 2326 dixisse
793 2299 933 2332 narrabat,
953 2302 979 2327 se
996 2301 1065 2327 mihi
1084 2303 1132 2328 effe
1151 2303 1296 2331 inimicissi-
1313 2307 1347 2331 60
1357 2307 1429 2341 gione
1441 2303 1573 2340 fignificat
1592 2304 1673 2331 Plaut.
1686 2305 1752 2331 Pers.
1766 2313 1789 2336 2,
1804 2313 1829 2338 2,
1841 2307 1876 2332 26
1902 2305 1975 2339 Qud
1994 2306 2068 2340 agis?
2092 2313 2118 2332 P.
2132 2305 2262 2332 feminam
2276 2305 2341 2332 scelc

248 2351 332 2371 mum.
368 2340 409 2367 Sic
423 2340 511 2365 Gracu.
546 2338 585 2364 At
599 2337 705 2363 Gronou.
720 2335 905 2362 enudaretur.
977 2337 1054 2371 Apul.
1067 2338 1132 2364 Met.
1145 2348 1163 2372 4
1183 2347 1208 2373 p.
1223 2345 1298 2374 158‚7

249 2380 287 2406 Ac
305 2376 368 2403 dum
387 2373 483 2401 moesti
501 2378 622 2409 parentes
656 2387 702 2391 ——
737 2371 870 2398 nefarium
889 2371 992 2398 facinus
1007 2373 1134 2407 perficere
1149 2381 1298 2406 coutantur,

249 2418 266 2441 i.
282 2411 489 2449 tergiuersantur.
561 2410 592 2435 Et
610 2416 630 2434 11
651 2416 675 2442 p.
689 2413 746 2442 271,
758 2414 786 2440 35
805 2408 1023 2442 Impoenitendae
1042 2415 1068 2435 te
1087 2410 1224 2444 pauperiei
1237 2419 1299 2437 con-

250 2449 314 2477 tatis
336 2445 516 2482 permittere?
569 2445 600 2470 Et
623 2452 632 2470 1
656 2452 680 2478 p.
695 2452 751 2475 112,
772 2451 806 2476 29
829 2444 928 2478 Meque
948 2444 1029 2471 etiam
1047 2454 1118 2472 nune
1138 2446 1299 2473 verecundia

251 2489 402 2512 contantem
426 2486 530 2516 arrepta
554 2480 650 2506 lacinia
678 2478 833 2512 detrahens,
851 2486 896 2505 etc.

288 2526 332 2548 cO
342 2527 362 2545 N
374 2525 395 2545 T
404 2525 425 2544 A
435 2524 479 2544 Bv
489 2523 511 2542 Ν
521 2523 539 2543 D
549 2523 569 2543 v
578 2523 590 2542 s
601 2536 609 2548 ,
637 2514 845 2541 cunctabundus.
883 2515 962 2550 Apul.
976 2516 1042 2545 Met.
1056 2523 1069 2547 8
1089 2526 1115 2551 p.
1129 2525 1191 2549 203,
1210 2519 1227 2544 6
1252 2517 1299 2544 Be-

254 2556 316 2586 stia,
343 2562 422 2590 quem
441 2553 557 2588 primum
577 2551 674 2578 insiliat
698 2549 865 2578 contabunda
883 2551 1013 2585 rimatur,
1043 2555 1062 2580 i.
1081 2552 1198 2580 dubitans
1216 2559 1242 2579 et
1260 2562 1300 2580 ve-

251 2593 290 2619 lut
322 2598 434 2616 naerens.

291 2600 527 2654 chNTATio,
551 2622 693 2649 cunfiatio.
729 2621 807 2657 Apul.
824 2622 889 2650 Met.
904 2632 918 2649 2
936 2631 962 2657 p.
977 2631 1030 2657 131,
1048 2628 1077 2654 28
1100 2630 1124 2651 et
1136 2623 1210 2661 stupe
1228 2625 1301 2652 alias.

257 2655 327 2696 Νὲε,
341 2667 418 2696 puto,
437 2659 512 2684 aliter
525 2658 591 2693 apud
602 2659 732 2693 Apuleium
747 2658 827 2685 adhuc
840 2658 932 2693 editum
946 2656 989 2693 est.

293 2696 535 2725 ροΝΤᾹΤνε,
565 2692 618 2719 vid.
632 2693 680 2728 sub
700 2700 872 2721 cowrvs.

295 2740 312 2760 c
322 2738 342 2758 ο
354 2739 375 2758 Ν
385 2736 407 2758 'r
416 2737 435 2758 o
444 2737 464 2757 R
473 2736 512 2756 rr
521 2736 534 2756 s
543 2734 561 2756 c
571 2736 608 2761 o,
641 2731 693 2755 ere.
730 2729 827 2764 Apulei
845 2728 888 2764 ff
909 2729 1013 2757 dicitur.

257 2767 364 2797 floridi.
542 2768 545 2769 ’

297 2810 314 2830 C
325 2811 344 2830 o
354 2811 376 2830 N
386 2809 407 2829 T
416 2806 520 2839 ORQV
529 2806 545 2826 E
557 2805 577 2826 Ο
586 2819 596 2832 ,
627 2798 644 2825 fi
653 2818 660 2831 ,
688 2805 760 2832 tum,
791 2804 844 2827 ere.
880 2801 1028 2837 [συςρέφω]

257 2849 346 2877 quere,
366 2839 407 2865 vel
424 2839 451 2863 in
471 2835 588 2862 ambitum
609 2841 632 2861 et
643 2843 748 2871 gyrum.

261 2875 344 2908 turis,
364 2871 481 2901 contorti
499 2872 547 2898 effe
564 2871 687 2897 caudicis.
758 2871 855 2905 Virgil.
866 2872 963 2906 Georg.
979 2881 1004 2905 1,
1020 2878 1066 2907 481
1090 2873 1192 2900 Proluit
1212 2874 1305 2901 insano

261 2917 438 2946 contorquens
452 2906 552 2934 vertice
567 2906 642 2933 filuas
677 2906 836 2933 Fluuiorum
854 2915 900 2933 rex
915 2907 1050 2935 Eridanus.
1122 2910 1177 2936 Cic.
1194 2909 1226 2936 de
1240 2910 1303 2937 Nat.

261 2948 342 2974 Deor.
362 2955 385 2979 2,
404 2952 432 2978 55
454 2943 519 2970 Non
537 2942 574 2969 est
595 2943 667 2969 enim
685 2941 800 2969 aetheris
819 2951 850 2968 ea
867 2948 975 2977 natura,
994 2950 1022 2970 vt
1035 2944 1065 2971 vi
1079 2945 1123 2972 sua
1136 2945 1221 2972 stellas
1235 2955 1305 2972 com-

260 2983 336 3018 plexa
348 2984 533 3014 contorqueat.
604 2978 643 3005 Id.
659 2978 688 3004 in
701 2979 774 3005 Atat.
787 2979 816 3004 61
836 2977 865 3004 de
880 2976 1045 3014 Capricorno,
1064 2981 1183 3007 Rrumali
1200 2981 1305 3008 flediens

262 3014 421 3053 contorquet
434 3022 553 3050 tempore
568 3014 693 3041 Currum.
766 3014 851 3042 Frena
868 3014 955 3041 Valer.
966 3015 1064 3049 Argon.
1074 3025 1094 3048 1,
1104 3026 1160 3050 455.

264 3055 366 3081 Nereus
383 3051 427 3080 Sil.
442 3060 465 3084 3,
478 3059 509 3084 50
533 3050 561 3076 de
575 3048 724 3086 tempestate.

265 3089 361 3124 Virgil.
381 3090 445 3116 Aen.
467 3095 498 3118 2,
519 3094 549 3119 52

419 3123 460 3149 Sic
480 3122 562 3154 fatus,
583 3120 680 3147 validis
697 3120 832 3156 ingentem
851 3119 957 3148 viribus
975 3121 1082 3148 Hastam

419 3159 450 3185 In
470 3157 553 3190 latus,
576 3157 658 3192 inque
678 3156 731 3184 feri
749 3165 873 3189 curuam,
892 3157 1063 3193 compagibus
1086 3157 1176 3186 aluum

419 3192 562 3220 Contorfit.

267 3228 369 3256 Ivlastile
389 3229 460 3255 Idem
483 3237 526 3261 η,
548 3237 610 3262 490.
681 3228 717 3255 Ea
737 3228 872 3255 celeritate
890 3233 1098 3263 contorquetur,
1117 3229 1161 3256 cui
1176 3237 1223 3264 par
1236 3230 1309 3258 nulla

268 3273 301 3292 ne
313 3264 426 3298 cogitari
440 3264 546 3298 quidem
560 3264 633 3298 poffit
652 3264 708 3290 Cic.
724 3263 756 3290 de
770 3264 866 3292 Natur.
880 3264 960 3291 Deor.
976 3273 1002 3297 1,
1017 3273 1053 3299 24
1073 3273 1095 3292 c..
1113 3273 1150 3291 10.
1172 3265 1200 3292 de
1212 3267 1309 3294 mundo.

269 3302 377 3328 Proram
393 3299 518 3326 contorsit
536 3300 568 3326 ad
583 3300 670 3326 laeuas
684 3299 765 3327 vndas
779 3300 854 3334 Virg.
868 3300 932 3326 Aen.
945 3308 968 3333 3,
980 3302 1042 3333 462.
1114 3299 1217 3335 Spicula
1231 3301 1310 3330 lacer-

269 3337 303 3363 tis
317 3341 493 3369 contorquent
507 3334 578 3360 Idem
593 3336 658 3362 Aen.
672 3343 699 3370 7,
714 3338 766 3369 165.
836 3335 892 3363 Cic.
906 3336 990 3362 Tuse.
1006 3344 1029 3369 3,
1041 3337 1071 3369 63
1100 3336 1134 3363 At
1166 3345 1227 3363 uam
1242 3337 1310 3365 Rhe-

1056 2732 1117 2758 Non
1133 2730 1206 2759 habet
1225 2731 1304 2758 Index

1081 2801 1238 2829 Vehementer
1255 2809 1306 2829 tor-

270 3372 371 3403 torice,
391 3379 470 3406 quam
484 3370 604 3404 copiose,
629 3380 692 3405 quas
711 3371 850 3398 sententias
869 3370 972 3406 colligit
988 3371 993 3397 !
1018 3380 1085 3407 quae
1098 3373 1151 3399 Ver
1171 3380 1185 3398 a
1207 3381 1311 3401 contor-
1324 3381 1360 3406 90
1371 3373 1504 3409 plerisque
1517 3373 1574 3400 Cic.
1588 3372 1665 3400 Offic.
1681 3382 1689 3400 1
1715 3383 1736 3400 c.
1752 3381 1785 3407 15.

271 3413 334 3443 quet
348 3406 353 3432 l
379 3413 407 3433 vt
420 3407 501 3432 telum.
539 3405 620 3432 Simili
632 3407 774 3442 metaphora
789 3413 967 3442 contorquere
979 3407 1113 3440 dicuntur,
1132 3411 1176 3444 qui
1189 3410 1229 3434 vel
1242 3418 1310 3443 vera,

271 3441 390 3479 velsulfiz
407 3449 430 3468 et
443 3438 580 3478 sophtstt'ra
593 3445 805 3477 argumentatione
818 3449 935 3476 utuntur,
949 3452 1044 3479 eamque
1058 3446 1098 3470 vti
1112 3445 1184 3470 telum
1196 3450 1311 3480 torquent

271 3483 365 3509 ineos,
385 3483 472 3504 contra
484 3485 543 3517 quos
557 3475 691 3512 disputant.
745 3479 802 3505 Cic.
816 3478 848 3505 de
863 3479 926 3505 Diu.
941 3487 966 3511 2,
984 3481 1030 3506 106
1050 3488 1072 3506 c.
1088 3487 1112 3512 5¹
1135 3478 1249 3506 Videsne
1263 3481 1311 3515 igi-

273 3520 331 3546 tur,
350 3522 417 3548 quae
433 3511 515 3539 dubla
530 3511 592 3542 fint,
610 3520 639 3537 ea
654 3512 721 3538 sumi
735 3522 784 3548 pro
798 3514 875 3541 certis
887 3520 965 3549 atque
979 3515 1118 3542 concedis?
1142 3514 1236 3541 deinde
1249 3525 1310 3543 con-

274 3555 415 3584 torquent,
434 3554 460 3575 et
477 3548 514 3575 ita
527 3546 686 3573 concludunt
701 3559 706 3573 z
739 3549 803 3575 Non
817 3550 900 3585 igitur
913 3557 938 3576 et
954 3550 998 3577 Dii
1013 3551 1087 3584 sunt,
1105 3559 1152 3580 nec
1168 3549 1312 3585 significant
1330 3557 1362 3586 95
1372 3553 1413 3580 sae
1432 3552 1562 3587 pertinet,
1580 3557 1671 3584 caute,
1695 3559 1728 3578 an
1747 3558 1854 3584 contra,
1876 3552 2052 3578 demonstrata
2073 3560 2114 3578 res
2130 3550 2170 3577 fit.

275 3585 364 3612 futura
379 3596 384 3611 :
420 3599 465 3604 ——
501 3583 564 3610 Sunt
582 3589 668 3609 autem
682 3582 728 3609 Dii
763 3598 809 3604 —
844 3585 996 3620 Significant
1013 3595 1084 3621 ergo.
1139 3587 1214 3622 Qem
1234 3593 1311 3614 totum

276 3620 443 3656 Sylloglsmum
461 3618 562 3656 refellit.
617 3619 700 3653 Neque
717 3625 798 3645 tamen
817 3627 994 3656 contorquent
1013 3632 1060 3648 nou
1081 3622 1195 3657 dixtffet,
1220 3622 1313 3656 etiamsi

276 3665 359 3682 veram
377 3657 611 3691 argumentationem
624 3651 747 3689 posiuffi’t.
790 3655 847 3682 Vid.
869 3663 918 3683 To
930 3664 947 3683 n
959 3666 979 3691 Q
988 3665 1006 3684 v
1018 3665 1058 3685 ιῑκ
1069 3666 1085 3685 E
1106 3657 1311 3690 Enthymemata.

276 3691 460 3725 Contorquere
475 3691 502 3717 in
517 3690 598 3717 alium
611 3689 716 3716 cursum
730 3698 834 3722 amnes,
853 3697 879 3717 et
899 3692 1037 3720 dellee‘Iere
1056 3695 1111 3721 Cic.
1125 3694 1158 3721 de
1169 3693 1230 3720 Diu.
1246 3702 1272 3726 1,
1285 3700 1313 3727 38

277 3735 299 3752 c.
319 3734 355 3758 ¹9·

277 3761 308 3788 ad
326 3761 452 3787 laetitiam
473 3762 530 3788 Cic.
544 3761 576 3788 de
590 3761 664 3788 Orat.
677 3769 703 3793 2,
716 3768 759 3795 72.

316 3802 334 3824 c
345 3803 364 3823 o
374 3802 394 3821 Ν
405 3803 426 3823 Τ
434 3803 453 3821 o
463 3804 480 3822 R
490 3804 539 3836 ἦν
549 3803 565 3824 Ε
574 3804 595 3823 N
604 3802 616 3822 s
625 3816 633 3829 ,
654 3797 731 3823 cntis.
766 3795 859 3822 Partic.
894 3796 993 3825 Turbo
1012 3806 1188 3836 contorquens
1207 3799 1314 3826 flamine

279 3831 363 3859 robur
376 3831 471 3858 Catull.
486 3835 524 3865 65,
540 3840 595 3867 107.
631 3831 700 3859 Add.
714 3831 790 3866 Virg.
805 3832 902 3866 Geor-g.
919 3841 939 3865 1,
953 3839 1005 3866 48¹-
1033 3843 1056 3861 et
1068 3836 1133 3863 Aen.
1147 3845 1184 3869 12,
1197 3843 1259 3869 490.

313 3873 502 3895 cON‘i‘OR‘r
512 3875 572 3900 vs,
589 3876 619 3900 a,
641 3876 696 3894 um.
730 3867 822 3894 Par-tic.
859 3869 1082 3906 [συνεςραμμένος]
1123 3873 1167 3905 Vt,
1184 3871 1314 3899 Contorta

279 3911 377 3929 cornua
389 3902 444 3930 cic.
458 3902 489 3928 de
503 3902 598 3930 Natur.
611 3903 692 3931 Deor.
705 3911 728 3936 2,
743 3911 797 3930 121:

1226 707 1282 731 Sce—
1300 706 1325 732 ¹5

1176 1242 1282 1268 Lucra,
1302 1238 1333 1262 30
1386 1244 1403 1263 c
1414 1244 1432 1263 ο
1445 1245 1464 1263 Ν
1474 1244 1495 1263 T
1505 1244 1523 1264 o
1534 1243 1552 1263 R
1562 1244 1606 1263 RE
1616 1243 1635 1263 o
1645 1257 1654 1270 ‚
1684 1242 1736 1264 ere.
1781 1237 1852 1272 Ignis
1877 1236 2006 1272 pubentes
2031 1236 2126 1264 herbas
2160 1228 2312 1264 conterruit
2336 1237 2401 1283 Ami?
2447 1227 2450 1235 ¹

923 1595 1071 1629 Contiguae
1091 1597 1185 1624 domus
1206 1600 1332 1627 Ouid.40
1351 1601 1376 1621 (e
1397 1594 1504 1629 geffistis
1535 1596 1554 1620 i·
1573 1594 1663 1625 ‘diter’
1682 1603 1754 1629 quam
1774 1600 1798 1619 ’Β
1819 1593 1955 1627 ᾸΟΕΨΠΜἎ·

1305 1778 1338 1804 45
1352 1782 1402 1808 pro
1415 1772 1520 1799 Cluent.
1535 1779 1562 1803 55
1594 1771 1677 1797 Potest
1697 1773 1745 1798 ess'e
1765 1771 1893 1805 dubium,
1913 1772 1980 1806 quin
1998 1772 2047 1799 illa
2065 1772 2200 1800 danmatio
2214 1772 2325 1811 Staleni,
2345 1779 2400 1798 non

1057 1952 1116 1979 Vid.
1137 1953 1238 1990 Salmas:
1258 1954 1293 1980 ad
1304 1958 1335 1984 50
1354 1960 1406 1986 que
1420 1951 1542 1976 omnium
1556 1949 1712 1984 opinionem
1728 1948 1851 1975 confe&o
1870 1949 1982 1982 itinere,
2000 1950 2099 1976 multos
2113 1950 2141 1976 in
2153 1950 2239 1985 agris,
2258 1951 2417 1984 inopinanq
2452 1951 2453 1958 ¹

1312 2480 1344 2513 65
1362 2488 1385 2512 3,
1398 2487 1438 2511 23.

1315 2667 1351 2695 70
1366 2664 1405 2685 tra
1418 2658 1584 2685 voluntatem
1596 2658 1668 2684 Idem
1682 2667 1730 2692 pro
1747 2659 1817 2684 Mur.
1831 2660 1872 2690 36.

802 2836 868 2862 Plin.
885 2845 922 2869 11,
944 2845 974 2870 14
998 2836 1064 2864 Iuba
1082 2837 1164 2864 tradit
1182 2837 1305 2865 arborem
1319 2843 1351 2871 75¹
1367 2837 1528 2872 imaginem,
1553 2847 1582 2864 ex
1601 2838 1715 2874 vestigiis
1735 2836 1833 2864 Codicis
1854 2839 1993 2864 Florentini
2009 2843 2100 2864 contra
2118 2830 2342 2871 aurumlimago,
2360 2835 2426 2874 legi·

1231 3018 1307 3044 Freta
1324 3021 1357 3047 80
2397 3049 2399 3053 ,
2413 3040 2427 3059 3.

796 3049 1013 3094 Gubernaculum
1026 3052 1107 3087 ahquo
1122 3052 1234 3086 Lucr.4,
1246 3061 1307 3086 902.
1326 3053 1344 3068 ⁹
1368 3052 1438 3079 Ter.
1454 3049 1564 3086 Adelph.
1580 3061 1606 3084 1,
1622 3061 1648 3085 1,
1661 3059 1691 3084 25
1723 3051 1771 3078 Ille
1784 3057 1812 3078 vt
1832 3051 1896 3077 item
1915 3057 2007 3078 contra
2026 3060 2069 3077 me
2089 3050 2199 3084 habeat,
2219 3051 2291 3078 facio
2310 3048 2399 3077 sedul
2438 3064 2443 3074 .

1325 3200 1354 3230 85
1370 3196 1429 3222 rinc
1445 3205 1450 3221 :
1473 3192 1564 3222 contra
1583 3195 1682 3229 pariter
1702 3195 1743 3221 fer
1761 3194 1880 3229 gradum.

433 3726 574 3761 Memphor.
611 3725 795 3759 Contorquere
813 3725 929 3761 aliquem
949 3735 1006 3755 tum
1026 3730 1059 3757 ad
1079 3729 1230 3762 tristitiam,
1255 3735 1311 3756 tum
1319 3730 1471 3771 100Liu..5,
1484 3737 1525 3764 37.
1538 3764 1544 3769 ·

863 3903 922 3930 Scn.
935 3903 1045 3940 Hippol.
1068 3916 1092 3934 v.
1105 3915 1159 3942 707
1178 3907 1218 3935 En
1229 3907 1314 3942 impu·
1323 3910 1366 3936 ¹05
1374 3908 1411 3935 Vt
1424 3913 1515 3936 contra
1535 3917 1563 3935 ac
1580 3906 1660 3939 dicit,
1679 3906 1762 3941 accipi
1781 3905 1852 3934 velit·
1863 3903 1920 3932 Cic.
1931 3905 1960 3930 in
1972 3905 2046 3934 Orat.
2067 3915 2088 3933 c.
2101 3909 2148 3941 40.

1698 113 1731 153 C
1829 114 1865 153 O
1956 115 1999 155 N

1339 201 1427 228 dicum
1450 201 1532 228 Crine
1555 208 1678 230 contorto
1704 207 1789 237 caput.

2297 128 2375 165 121⁶

1364 238 1369 242 ·
1736 240 1740 243 .
1862 202 1955 243 Cuspis
1973 203 2072 233 lacerto
2095 208 2176 236 onia.
2191 211 2255 237 Met.
2274 215 2303 243 8,
2323 201 2391 245 3435*
2449 239 2451 242 .

1339 238 1396 264 Cic.
1411 237 1487 265 Orat.
1502 245 1545 269 235
1572 238 1754 265 Demosthenis
1767 247 1822 264 non
1836 244 1889 265 tam
1905 238 2041 266 vrbrarent
2054 241 2183 277 fulmina,
2201 245 2249 272 nifi
2263 247 2380 274 numeri·
2448 252 2450 265 ³
2463 275 2465 279 ,

1338 279 1459 299 contorta
1472 272 1616 298 ferrentur.
1687 275 1760 300 Idem
1773 274 1804 300 de
1817 274 1891 301 Orat.
1910 283 1929 305 1,
1945 277 1991 308 256
2012 277 2052 302 An
2066 286 2131 303 vero
2141 279 2166 306 ,fi
2180 280 2211 307 de
2225 282 2295 316 ipsa,
2315 281 2332 307 fi
2347 282 2379 309 de

1341 307 1446 338 tinibus,
1455 317 1537 342 quum
1557 309 1586 333 in
1600 317 1656 334 rem
1669 311 1831 343 praesentem
1847 319 1901 336 non
1915 311 2052 342 venimus,
2071 311 2089 338 fi
2109 313 2140 339 de
2153 315 2249 343 tabulis
2261 324 2292 343 ‘et
2310 312 2382 351 praess

1339 343 1527 378 scriptionibus
1543 344 1720 370 controuersia
1733 346 1768 371 est
1777 366 1785 378 ,
1805 352 1938 373 contortas
1951 347 2018 378 Res,
2039 353 2065 373 et
2080 348 2153 382 saepe
2166 349 2283 378 difficiles
2296 353 2383 379 neces-

1340 380 1409 406 sario
1430 379 1609 414 perdiscimus.
1687 379 1850 413 sophismata
1870 388 1991 408 contorta
2012 388 2037 408 et
2056 384 2173 411 aculeata
2192 386 2246 413 Cic.
2261 387 2339 414 Acad.
2353 396 2382 421 4,

1340 423 1371 451 75
1392 425 1413 441 c.
1427 424 1471 448 24.
1514 414 1573 441 isid.
1593 420 1605 440 s
1614 420 1633 440 Ο
1642 421 1657 440 P
1666 420 1686 440 Η
1696 421 1705 440 1
1714 422 1726 441 s
1738 421 1761 440 M
1772 422 1804 442 A.
1876 418 1948 444 Tela
1961 424 2083 444 contorta
2102 419 2172 446 Flor.
2185 429 2208 453 3,
2220 429 2247 454 4.
2317 423 2382 451 Non

1340 451 1423 486 potest
1438 451 1505 477 ferri
1519 456 1640 477 contorta
1653 450 1693 476 vis
1708 450 1816 483 Qninc’t.
1831 461 1869 485 10,
1884 461 1901 489 7
1925 463 1949 488 p.
1963 462 2008 487 953
2029 455 2117 480 Burm.

1378 494 1395 516 c
1404 492 1424 513 Ο
1432 493 1454 512 Ν
1464 493 1486 513 Τ
1497 493 1516 513 O
1526 493 1544 513 R
1552 492 1574 511 Τ
1584 485 1605 512 xi
1613 493 1630 512 L
1639 492 1659 510 V
1669 493 1681 512 s
1690 505 1698 518 ,
1718 495 1748 518 a,
1768 495 1821 524 um,
1856 489 1956 516 Dimin.
1994 490 2051 516 Cic.
2064 490 2146 517 Tuse.
2161 500 2187 523 2,
2200 499 2233 524 42
2253 501 2275 518 c.
2292 497 2317 522 18
2335 492 2384 520 Sit-

1341 532 1373 549 ne
1387 522 1471 557 igitur
1484 522 1584 548 malum
1599 521 1706 553 dolere,
1730 530 1828 555 necne,
1846 522 1928 551 Stoici
1943 525 2077 557 viderint,
2098 526 2145 561 qui
2159 527 2314 553 contortulis
2327 528 2385 562 qui·
2456 548 2459 554 .

1342 559 1452 586 busdam
1465 567 1493 584 ae
1510 558 1619 584 minutis
1634 556 1862 591 conclusiunculis,
1876 567 1924 586 nec
1937 561 1970 587 ad
1982 562 2067 588 sensus
2080 562 2306 596 permanantibus,
2319 562 2386 592 effici
2447 566 2451 580 ²

1341 595 1452 625 volunt,
1472 602 1526 618 non
1539 593 1586 618 ess'e
1602 592 1699 618 malum
1712 592 1844 620 dolorem.

1378 637 1394 656 c
1405 636 1424 655 o
1439 636 1459 654 N
1471 636 1491 654 ‘r
1502 635 1595 654 oR'rl
1607 634 1626 654 ο
1637 648 1645 660 ,
1666 628 1733 655 onis.
1769 629 1790 655 f.
1826 629 1970 666 [συςρσφῆ]
2007 632 2063 659 Cic.
2080 632 2111 659 de
2126 633 2191 659 Fato
2205 634 2233 658 16
2260 641 2280 659 c.
2294 637 2307 663 8
2331 634 2386 662 Ma.

1345 666 1385 691 ius
1400 664 1441 691 est.
1451 665 1521 690 enim
1536 663 1580 690 has
1593 664 1777 691 contortiones
1791 665 1939 698 orationis,
1958 675 2037 700 quam
2050 668 2183 704 (ignorum
2197 674 2280 700 ortus,
2291 667 2394 696 obitus..
2435 691 2439 700 ί
2454 664 2469 682 ’“

1344 709 1395 735 que
1410 699 1566 734 perdiscere.
1640 700 1820 727 Contortione
1834 701 1956 728 dexterae
1973 701 2073 736 gladius
2085 705 2117 731 ad
2131 712 2226 739 corpus
2247 703 2334 731 afferri
2349 705 2387 733 vi-

1345 736 1422 762 detur
1435 735 1511 762 Auo‘t.
1525 735 1556 762 ad
1570 736 1634 762 Her.
1650 744 1668 768 4
1688 745 1710 761 c.
1725 745 1762 769 19.

1380 777 1397 798 c
1406 777 1425 799 ο
1435 779 1455 798 Ν
1465 779 1486 798 ἰ’
1498 778 1517 797 o
1528 779 1546 798 R
1556 779 1568 798 s
1579 779 1587 798 1
1598 778 1616 797 ο
1625 792 1633 804 ,
1655 771 1723 798 onis.
1759 771 1780 798 f.
1817 771 1954 806 Augustin.
1969 773 2085 800 Retrac’t.
2100 783 2127 807 1,
2138 782 2161 808 5.

1381 813 1398 833 c
1411 814 1429 833 O
1440 813 1460 833 N
1474 813 1522 833 ΤΟ
1532 814 1549 833 R
1559 814 1606 833 To
1616 814 1651 840 R,
1675 808 1740 835 oris.
1776 816 1812 834 m.
1846 807 1915 834 Ter.
1929 808 2036 836 Phorm.
2050 818 2075 841 2,
2094 818 2118 842 3,
2134 819 2168 845 27
2194 810 2331 837 Bonorum
2347 812 2407 840 ex-‘
2437 833 2440 838 .
2454 827 2455 831 ι

1344 848 1447 875 tortor,
1467 843 1554 877 legum
1569 850 1723 876 contortor,
1747 847 1765 870 i.
1780 844 1962 877 calumniator,
1981 848 2024 880 qui
2035 849 2160 880 peruertit
2173 847 2246 882 leges.
2436 843 2449 850 ”’
2472 844 2474 846 ’

1382 886 1399 906 c
1412 885 1431 906 ο
1442 886 1462 905 Ν
1475 885 1496 905 Τ
1511 884 1530 905 o
1542 886 1615 906 RTE
1626 899 1632 905 .
1668 879 1736 906 Adu.
1775 880 2008 914 [συνεςρωμμένως]
2045 881 2101 907 Cic.
2116 880 2148 907 de
2161 882 2220 907 Inu.
2235 890 2261 914 1,
2282 889 2317 907 20
2340 884 2400 916 e.9'
2448 878 2449 885 ¹

1345 915 1397 941 Hic
1411 914 1628 946 conliderandum
1641 916 1701 946 erit,
1715 915 1822 950 nequid
1837 915 1990 950 perturbate
1999 936 2008 948 ,
2026 925 2060 942 ne
2074 916 2138 951 quid
2151 923 2271 943 contorte
2285 916 2401 952 dicatur-¹.⁴

1351 950 1409 977 Vici.
1423 950 1594 983 Fertur-bate,
1614 954 1640 977 in
1656 957 1834 978 PERTVRBO.
1907 952 1964 978 Cic.
1985 952 2068 978 Tusc.
2092 961 2116 985 3,
2133 961 2165 978 22
2187 962 2208 978 c.
2223 961 2252 978 10
2276 953 2349 979 Haec
2360 951 2414 991 εἷς).
2447 962 2449 972 ¹

1346 986 1472 1012 dicuntur
1491 995 1504 1012 a
1519 987 1629 1020 Stoicis,
1649 987 1898 1021 concludunturque
1920 988 2082 1020 contortius,
2103 988 2136 1014 acl
2149 995 2274 1024 argutmm
2288 984 2415 1024 etsubt'ns„

1345 1024 1441 1049 litatem
1464 1022 1624 1049 concludendi
1644 1023 1762 1059 respicit,
1792 1032 1841 1049 non
1864 1022 1899 1049 ad
1918 1025 2067 1050 calumniam
2091 1031 2114 1050 et
2127 1024 2283 1060 Sopmjsmata
2297 1034 2305 1049 :
2336 1023 2403 1067 prot),
2425 1036 2428 1039 *

1383 1100 1426 1120 co
1437 1101 1456 1120 N
1466 1100 1486 1120 T
1497 1100 1515 1120 o
1526 1100 1543 1119 R
1553 1100 1602 1132 (gv
1611 1100 1627 1120 Ε
1638 1100 1659 1119 Ν
1670 1100 1689 1120 D
1699 1101 1720 1120 v
1730 1101 1742 1121 s
1752 1114 1760 1126 ,
1778 1103 1810 1126 a,
1829 1103 1882 1120 um.
1919 1094 2012 1121 Pax-tic.
2050 1095 2233 1130 [συςροιψιτέω]
2281 1094 2341 1120 Cic.
2359 1090 2420 1135 de}

1347 1130 1422 1156 Orat.
1438 1138 1466 1161 2,
1482 1137 1513 1164 72
1540 1129 1595 1162 Qu
1615 1136 1740 1164 tanquam
1760 1129 1957 1156 machinatione
1977 1130 2068 1165 aliqua
2087 1138 2143 1156 tum
2162 1130 2193 1156 ad
2214 1130 2407 1177 leuet-itatem&
2448 1144 2449 1157 ι

1347 1171 1403 1191 tum
1417 1165 1448 1191 ad
1462 1165 1637 1191 remiffioncm
1650 1166 1743 1198 animi,
1757 1172 1813 1192 tum
1828 1165 1860 1192 ad
1875 1165 2083 1199 tristitiam,tum
2097 1166 2130 1192 ad
2143 1166 2274 1193 laetitiam
2286 1166 2321 1192 cst
2335 1170 2412 1200 con-j·

1348 1200 1510 1235 torquendus
1524 1211 1529 1226 z
1554 1200 1583 1227 de
1599 1201 1678 1229 misce
1694 1200 1805 1237 respeflu
1820 1204 1939 1228 oratoris.
2388 1199 2389 1202 ’
2403 1200 2413 1214 ·’

1351 1281 1436 1334 Πηὲῃὸ
1449 1277 1503 1334 icgci*
1515 1280 1564 1334 (ξιξ
1578 1313 1599 1333 Τ
1612 1315 1644 1334 11²
1655 1315 1671 1334 L
1682 1313 1717 1334 1c
1727 1314 1746 1335 o
1756 1328 1764 1340 ‚
1790 1312 1843 1335 ire.
1880 1306 2010 1343 [διπλόαι]
2047 1308 2130 1335 Plaut.
2147 1309 2215 1335 Pers.
2230 1317 2258 1342 4,
2273 1309 2300 1341 6,
2312 1309 2344 1334 26
2359 1308 2402 1343 113
2472 1329 2474 1335 .

1352 1345 1411 1370 sunt
1432 1345 1566 1371 Persarum
1586 1352 1690 1376 mores,
1711 1343 1790 1378 longa
1809 1343 1918 1371 nomina
1938 1344 2152 1378 contortiplicata
2172 1343 2314 1376 habemus,
2339 1343 2365 1370 h.
2377 1351 2397 1371 e.
2462 1343 2472 1372 ἦ

1350 1380 1407 1406 adeo
1422 1380 1484 1406 dura
1493 1400 1502 1412 ,
1521 1386 1544 1405 et
1558 1379 1626 1415 quasi
1638 1379 1788 1416 consurgo-siz
1797 1400 1805 1412 ‚
1825 1386 1855 1407 vt
1868 1382 1913 1407 vix
1928 1379 2016 1414 efferri
2022 1379 2125 1416 poffim.
2161 1378 2354 1416 Dccompqfitum
2369 1388 2398 1406 ex
2459 1383 2474 1483 ἶ

1299 1419 1326 1444 35
1349 1417 1523 1451 Contorqueo
1539 1422 1563 1441 et
1576 1415 1658 1441 Plico.

1386 1459 1403 1478 C
1416 1457 1436 1477 O
1450 1458 1469 1477 N
1480 1458 1502 1478 T
1511 1458 1530 1477 R
1541 1458 1562 1478 A
1571 1471 1578 1477 .
1617 1452 1627 1483 [
1641 1450 1754 1483 ἐναντίον,
1776 1451 1844 1476 κατ-σε’
1854 1471 1861 1483 ,
1880 1450 1954 1486 οἶντῖ]
1990 1450 2142 1487 Pracpqfitio
2164 1449 2315 1486 Accu-finitae
2333 1447 2399 1486 casa

1342 1487 1472 1523 seruiens,
1489 1494 1599 1522 pugnum
1614 1494 1637 1512 et
1653 1486 1780 1522 aduersum
1793 1487 1911 1522 quiddam
1917 1487 2077 1523 significans.
2117 1486 2215 1521 Virgil.
2231 1487 2296 1512 Aen.
2311 1491 2334 1519 8,
2347 1488 2398 1520 699

1350 1524 1448 1549 Contra
1463 1523 1619 1556 Neptunum
1636 1527 1661 1548 et
1674 1523 1822 1556 Venerem,
1841 1529 1985 1557 contraque
1997 1523 2160 1550 Mineruam.
2218 1523 2317 1549 Contra
2329 1529 2397 1548 com-

1355 1559 1465 1585 modum
1480 1559 1556 1584 suum
1571 1558 1658 1584 facere
1672 1557 1737 1592 quid
1752 1558 1821 1584 Suet.
1831 1560 1897 1593 Aug.
1905 1568 1926 1584 c.
1936 1563 1977 1593 78.
2032 1560 2133 1586 centra
2142 1557 2308 1593 disciplinam
2315 1565 2398 1586 meam

2010 1594 2088 1629 Apud
2102 1594 2223 1621 Plautum
2238 1592 2281 1627 effi
2299 1593 2398 1620 dicitur.

1351 1631 1457 1657 Caelius
1472 1630 1559 1656 Cicer.
1573 1630 1645 1655 Fam.
1660 1634 1684 1661 8,
1696 1632 1724 1655 16
1750 1629 1829 1655 Nunc
1849 1635 1875 1655 te
1894 1636 1985 1656 contra
1999 1630 2132 1656 victorem
2148 1631 2286 1657 Caesarem
2299 1629 2398 1662 facere,

1350 1675 1396 1693 etc.
1419 1667 1534 1692 summae
1548 1665 1673 1691 stultitiae
1688 1664 1732 1691 est.
1801 1666 1962 1701 Contralca,
1976 1672 2026 1700 pro
2040 1675 2051 1691 e
2065 1673 2191 1692 contrarto
2206 1666 2276 1700 Nep.
2291 1665 2396 1700 praefat.

1351 1711 1377 1728 n.
1393 1704 1417 1728 6.
1454 1701 1527 1727 Idem
1540 1703 1564 1731 6,
1578 1709 1604 1732 9,
1617 1709 1629 1732 ς
1648 1707 1671 1726 et
1678 1700 1790 1736 Jizepius.
1846 1701 1906 1727 Liu.
1921 1709 1947 1733 2,
1962 1703 1997 1727 60
2011 1707 2056 1736 pr.
2087 1710 2129 1734 41,
2144 1710 2178 1736 24
2199 1709 2244 1728 etc.
2281 1701 2350 1728 Caes.
2363 1700 2392 1727 B.

1352 1738 1384 1763 G.
1400 1745 1422 1770 5,
1435 1745 1477 1770 29.
1514 1735 1552 1762 Id.
1569 1736 1596 1761 Β.
1612 1737 1641 1761 C.
1656 1745 1729 1769 3,24.
1787 1737 1888 1763 Contra
1901 1736 1930 1763 id
1945 1736 2005 1763 sali.
2019 1738 2068 1763 Or.
2081 1736 2114 1763 ad
2128 1738 2202 1764 Caes.
2219 1746 2228 1764 1
2244 1743 2288 1772 pr.
2343 1736 2398 1768 Cic.

1352 1808 1434 1835 modo
1449 1816 1503 1833 non
1518 1807 1546 1833 lit
1560 1812 1651 1832 contra
1666 1807 1834 1838 Cluentium,
1854 1807 1898 1833 sed
1918 1808 2033 1834 maxime
2054 1808 2170 1835 nostram
2191 1809 2294 1837 cansam
2312 1807 2400 1834 defen-

1352 1843 1504 1877 fionemqne
1519 1842 1666 1868 confirmet.
1701 1842 1770 1869 Add.
1778 1842 1851 1869 Idem
1863 1843 1942 1869 Acad.
1955 1852 1974 1876 4
1996 1852 2017 1869 c.
2033 1848 2066 1873 18.
2103 1844 2161 1870 Sen.
2171 1843 2203 1870 de
2210 1844 2400 1876 Benefic.6‚31.

1354 1879 1426 1906 Caes.
1442 1878 1506 1905 Bell.
1522 1878 1590 1904 Gall.
1607 1883 1636 1910 8,
1657 1887 1693 1911 40
1718 1879 1810 1912 Qium
1823 1885 1915 1904 contra
1934 1879 2055 1904 omnium
2071 1878 2293 1914 exspec'kationem
2307 1879 2403 1911 Caesar

1353 1914 1553 1941 Vxellodunum
1572 1913 1690 1940 venisset.
1760 1913 1832 1939 Idem
1851 1914 1915 1940 Bell.
1929 1913 1996 1940 Gall.
2018 1916 2050 1947 6,
2069 1923 2102 1947 29
2132 1915 2280 1948 Celeriter,
2299 1920 2403 1941 contra-

1356 1993 1393 2013 tes
1408 1985 1589 2020 deprehendit.
1647 1985 1707 2011 Liu.
1721 1993 1767 2017 24,
1781 1992 1813 2017 45
1833 1984 1911 2011 Tum
1929 1984 2017 2019 postea
2030 1994 2108 2019 quam
2126 1995 2167 2012 res
2181 1988 2298 2013 Romana
2313 1991 2407 2012 contra

1355 2023 1426 2057 spem
1442 2028 1557 2056 votaque
1571 2021 1628 2047 eius
1641 2021 1715 2047 velut
1727 2021 1891 2055 resurgeret,
1909 2027 1956 2047 etc.

1356 2059 1459 2085 morsus
1477 2057 1567 2084 efficax
1587 2057 1655 2083 Plin.
1669 2066 1710 2089 20,
1725 2061 1748 2086 8.
1784 2055 1854 2083 Add.
1875 2055 1948 2083 Idem
1968 2062 1991 2089 5,
2006 2063 2025 2081 1.

1356 2094 1473 2129 accipere
1491 2094 1548 2120 Cic.
1564 2094 1639 2120 Verr.
1654 2101 1680 2125 2,
1692 2094 1726 2119 26
1746 2101 1767 2118 c.
1782 2101 1819 2118 10.

2028 2020 2112 2047 Radix
2130 2028 2221 2048 contra
2239 2021 2400 2056 serpentium

2097 2057 2197 2083 Contra
2219 2057 2287 2090 leges
2307 2054 2406 2091 aliquid

1890 2092 1963 2119 Idem
1978 2091 2010 2117 de
2023 2091 2082 2118 Fin.
2095 2100 2131 2125 4,
2150 2098 2178 2126 71
2203 2092 2318 2124 Omnia,
2337 2097 2404 2126 quae
2446 2112 2447 2119 ,

1357 2164 1426 2189 Add.
1441 2163 1518 2189 offic.
1531 2173 1544 2195 3
1564 2173 1586 2189 c.
1602 2171 1624 2195 5.
1696 2164 1752 2190 Cic.
1764 2163 1840 2190 Offic.
1855 2172 1876 2195 1,
1888 2172 1916 2196 19
1936 2173 1957 2191 c.
1971 2165 1988 2189 6
2009 2164 2084 2197 Qae
2103 2171 2195 2189 omnes
2213 2169 2281 2190 artes
2299 2163 2328 2188 in
2346 2171 2364 2188 v
2408 2168 2409 2174 ¹
2432 2174 2434 2177 ⁴

1357 2197 1561 2231 inuestigatione
1573 2198 1710 2224 versantur
1726 2208 1731 2224 z
1756 2200 1830 2224 cuius
1848 2199 1936 2225 studio
1953 2208 1968 2225 a
1980 2198 2060 2225 rebus
2079 2199 2200 2234 gerendis
2213 2198 2326 2232 abduci,
2343 2208 2355 2224 c

1358 2239 1398 2260 tra
1412 2232 1531 2259 officium
1546 2232 1590 2259 est.
1663 2233 1759 2260 Obniti
1772 2240 1863 2260 contra
1876 2234 1981 2268 aliquid
1996 2234 2093 2269 Virgil.
2107 2236 2173 2261 Aen.
2186 2243 2210 2268 5,
2223 2243 2262 2261 21.
2334 2234 2351 2260 P
2371 2233 2374 2239 ³

1359 2268 1422 2295 lidia
1442 2276 1533 2295 contra
1546 2269 1602 2295 vim
1623 2268 1752 2295 collocata
1772 2270 1828 2296 Cic.
1842 2279 1891 2304 pro
1904 2270 1963 2296 Mil.
1983 2278 2005 2296 c.
2020 2278 2039 2296 1.
2200 2279 2203 2282 ⁴
2237 2268 2258 2307 fl
2279 2278 2296 2297 2

1360 2347 1391 2398 te6
1398 2340 1480 2367 astans
1500 2346 1590 2366 contra
1612 2347 1750 2367 contueor.

1361 2381 1373 2405 5
1393 2390 1400 2399 .

1361 2413 1400 2439 28.

1813 2343 1853 2368 Sic
1868 2342 1961 2376 Aspice
1974 2348 2065 2367 contra
2078 2350 2120 2367 me
2134 2342 2216 2368 Plaut.
2231 2341 2335 2368 Mostel.
2348 2347 2371 2374 ς,

1455 2375 1546 2401 Naues
1560 2384 1650 2401 contra
1664 2376 1761 2402 Liss'um
1776 2376 1804 2402 in
1819 2376 1941 2403 anchoris
1960 2377 2133 2404 constiterunt
2168 2378 2240 2404 Caes.
2256 2377 2323 2404 Bell.
2337 2377 2373 2407 C.
2403 2387 2410 2409 χ
2448 2383 2459 2391 ⁴

1454 2409 1558 2436 Sicanio
1572 2417 1705 2443 praetenta
1718 2411 1773 2436 linu
1787 2411 1854 2437 iacet
1861 2412 1946 2438 insula
1957 2419 2048 2439 contra
2055 2413 2243 2445 Plemmyrium
2257 2412 2379 2448 Virg2A,.

1360 2452 1383 2476 3,
1396 2445 1457 2476 692.
1511 2445 1612 2474 Insula,
1628 2454 1694 2479 quae
1713 2453 1803 2472 contra
1814 2447 2008 2473 Brundusinum
2028 2455 2134 2481 portum
2152 2449 2188 2474 est
2206 2449 2278 2475 Caes.
2293 2446 2354 2475 Bell·
2367 2445 2399 2474 C.

1493 2479 1560 2506 ΑΜ.
1581 2480 1640 2506 Liu.
1656 2488 1683 2511 3,
1703 2484 1745 2506 26.
1816 2481 1983 2509 Contendcre
2004 2488 2095 2508 contra
2114 2483 2231 2517 aliquem
2252 2480 2420 2518 Virngenf„
2452 2498 2454 2503 ι

1362 2524 1390 2548 5,
1405 2523 1463 2549 370.
1536 2515 1631 2541 Dicere
1651 2520 1741 2541 contra
1760 2516 1814 2542 Cic.
1833 2525 1881 2549 pro
1900 2517 2006 2543 Cluent.
2025 2525 2047 2542 c.
2064 2522 2105 2550 48.
2131 2520 2148 2543 i.
2167 2519 2289 2552 accusare.
2361 2516 2405 2551 Ne
2451 2543 2453 2545 ,

1363 2557 1455 2577 contra
1468 2555 1494 2577 te
1506 2559 1579 2577 arina
1592 2551 1690 2577 ferrem
1705 2551 1820 2585 Nep.25,
1828 2561 1855 2585 4,
1863 2559 1885 2577 2.
1920 2551 1987 2578 Add.
2007 2552 2062 2578 Cic.
2076 2550 2152 2579 Offic.
2169 2561 2178 2578 1
2199 2561 2221 2578 c.
2235 2560 2270 2578 12.
2327 2549 2422 2579 Au&.'

1363 2586 1396 2613 ad
1410 2588 1473 2612 Her.
1488 2596 1506 2619 4
1525 2596 1546 2612 c.
1559 2595 1598 2619 39.
1653 2586 1721 2612 Vell.
1738 2595 1758 2616 ε,
1774 2594 1811 2618 21,
1825 2595 1852 2620 4.
1923 2587 2028 2619 Quibus
2047 2593 2138 2614 contra
2155 2587 2314 2614 valetudinis
2335 2588 2408 2614 com-'
2420 2590 2431 2618 ἶ·

1364 2622 1473 2649 modum
1487 2622 1661 2649 laborandum
1675 2622 1711 2648 est
1726 2622 1781 2648 Cic.
1798 2631 1846 2657 pro
1860 2622 1930 2648 Mur.
1952 2632 1974 2648 c.
1985 2630 2020 2654 23.
2092 2623 2216 2650 Retinere
2229 2623 2334 2658 aliquos
2345 2631 2409 2648 con-

1942 2658 2017 2693 Virg.
2031 2658 2096 2684 Aen.
2112 2666 2135 2691 5,
2151 2666 2201 2692 414
2228 2658 2278 2684 His
2299 2657 2422 2693 (amnis).

1365 2703 1490 2728 magnum
1499 2694 1610 2720 Alciden
1624 2700 1714 2721 contra
1729 2694 1812 2720 Stetit.
1864 2693 1979 2720 Tollere
1993 2694 2084 2720 oculos
2097 2699 2188 2721 contra
2199 2693 2318 2729 aliquem
2325 2693 2409 2721 Lucr.
2449 2711 2451 2717 ι
2467 2707 2471 2710 ·

1366 2739 1388 2763 1,
1403 2733 1446 2765 67.
1461 2746 1467 2755 «
1492 2730 1601 2756 Munire
1614 2730 1639 2756 se
1653 2735 1744 2756 contra
1757 2729 1885 2764 pudorem
1899 2730 1967 2756 Tac.
1976 2729 2075 2756 invita
2088 2730 2150 2765 Agr>
2158 2738 2200 2764 45.
2353 2726 2376 2771 fl
2393 2728 2410 2769 3
2449 2730 2452 2749 ἶ

1366 2769 1410 2793 Λη
1432 2766 1533 2792 Contra
1554 2769 1628 2792 ctiam
1640 2769 1752 2801 pretium
1764 2765 1906 2828 figmdfi‘cet,
1927 2765 2052 2801 dtsputari
2064 2767 2154 2801 potest.
2201 2766 2311 2801 Scaliger
2322 2765 2408 2800 Varro·
2427 2791 2432 2798 ,

1367 2802 1399 2828 de
1413 2802 1443 2828 R.
1451 2802 1482 2827 R.
1495 2810 1521 2834 2,
1537 2811 1556 2832 1,
1572 2810 1600 2828 10
1613 2808 1663 2838 pro
1676 2803 1777 2838 vulgata
1788 2804 1809 2828 le
1839 2805 1901 2834 ione,
1915 2801 1963 2828 vbi
1982 2809 2061 2836 poma
2076 2802 2187 2828 veniunt
2201 2807 2291 2828 contra
2304 2808 2407 2834 api-eam

1366 2875 1438 2906 vult,
1460 2878 1552 2899 contra
1564 2882 1675 2905 aurum,
1695 2876 1713 2900 i.
1727 2872 1776 2907 (id
1787 2872 1842 2907 est)
1862 2881 1958 2907 magno
1973 2883 1979 2900 z
2009 2880 2033 2899 et
2044 2873 2136 2908 firmat
2156 2872 2273 2907 verficulo
2290 2873 2317 2899 T
2314 2871 2426 2907 tabem:

1365 2912 1458 2936 veteris
1472 2910 1559 2936 Poetae
1571 2920 1578 2934 :
1606 2918 1674 2945 quem
1688 2908 1774 2935 deinde
1781 2908 1933 2945 ficppoſstum
1946 2907 1988 2942 ff
2001 2918 2016 2934 a
2029 2910 2128 2935 Murem
2143 2918 2196 2935 cum
2215 2907 2312 2944 pudore
2328 2906 2411 2945 ⁰11·an
2426 2917 2442 2940 ,ι

1360 2945 1408 2982 suo
1420 2947 1533 2982 agnouit.
1570 2945 1634 2973 Lara
1651 2953 1732 2972 autem
1745 2945 1863 2971 leltina
1880 2945 1915 2972 ad
1926 2944 2079 2971 Aduerbium
2094 2945 2194 2972 Contra
2213 2944 2309 2981 referre
2317 2943 2419 2980 placa-i

1365 2991 1419 3008 cum
1431 2980 1513 3017 casum
1527 2979 1564 3007 ibi
1578 2990 1628 3007 non
1641 2988 1721 3017 regat.
2374 2978 2391 3014 ,ι’
2412 2985 2431 2994 ”’

1406 3022 1423 3043 C
1436 3023 1569 3043 ONTRA
1579 3035 1586 3042 .
1622 3016 1690 3043 Adu.
1727 3015 1900 3051 [ἐξεναντίας]
1940 3018 1959 3042 i.
1979 3014 2112 3048 Viciffim‚
2138 3013 2238 3042 aud-'fore
2257 3014 2362 3042 Donato
2383 3028 2400 3034 ιι
2445 3013 2447 3020 ’

1370 3088 1442 3115 Seru.
1456 3087 1489 3113 ad
1502 3089 1567 3114 Aen.
1580 3096 1617 3120 10,
1632 3090 1680 3123 567
1704 3087 1776 3114 Iouis
1796 3095 1856 3113 cum
1876 3087 1990 3113 fulmina
2011 3093 2112 3114 contra.
2153 3087 2232 3114 Forte
2251 3093 2338 3113 contra
2356 3093 2385 3113 n·
2399 3087 2432 3122 ις’

1369 3123 1492 3150 aduersus
1504 3124 1605 3150 Iouem.
1643 3123 1691 3150 Sed
1704 3123 1834 3156 similiter,
1849 3129 1877 3149 vt
1891 3123 2039 3149 Terentius
2050 3123 2079 3149 in
2091 3122 2227 3157 Adelphis,
2243 3122 2294 3149 Ille
2305 3127 2334 3149 vt
2346 3121 2356 3148 i
2374 3132 2376 3134 ’
2389 3125 2396 3141 ι’

1370 3166 1461 3186 contra
1473 3166 1517 3185 me
1528 3159 1639 3192 habeat,
1656 3159 1726 3186 facio
1741 3158 1838 3185 sedulo.

2401 3126 2428 3164 ιι

1910 3158 1993 3185 Plaut.
2006 3159 2089 3187 Merc.
2103 3167 2123 3191 ς,
2137 3167 2163 3191 2,
2177 3167 2208 3192 41
2229 3158 2300 3193 Sapis
2314 3167 2331 3186 o
2344 3154 2421 3189 Cv'jae

1934 3194 2001 3222 Adai.
2016 3195 2084 3221 Ter.
2099 3195 2163 3221 Hec.
2174 3203 2205 3228 ¹4,
2223 3203 2265 3228 27.
2416 3205 2417 3212 ι

1371 3239 1414 3258 me
1431 3237 1516 3263 amat,
1535 3239 1614 3266 quani
1629 3236 1720 3257 contra
1732 3239 1791 3257 amo
1805 3230 1886 3256 Plaut.
1901 3230 1997 3265 Amph.
2018 3239 2050 3264 2,
2068 3239 2099 3263 2,
2117 3239 2154 3262 23·
2225 3229 2292 3256 Ter.
2307 3230 2372 3256 Eunt
2387 3230 2399 3258 ς’
2420 3227 2445 3269 „¹¹⁸

1371 3274 1394 3299 3,
1407 3268 1437 3300 63
1457 3267 1544 3293 Immo
1558 3266 1630 3293 enim
1643 3266 1660 3293 fi
1674 3267 1748 3299 scias,
1759 3266 1828 3301 quod
1837 3266 1936 3293 donum
1950 3265 2012 3293 huic
2024 3266 2096 3293 dono
2109 3271 2200 3292 contra
2212 3265 2406 3300 comparet,'e=·
2420 3264 2431 3278 '²'

1371 3299 1392 3339 ff
1412 3311 1428 3329 2
1464 3301 1606 3337 Oppositum
1624 3309 1647 3328 ει
1665 3305 1819 3329 contrarium
1833 3308 1914 3328 notat.
2374 3301 2376 3305 '

1962 3303 2114 3336 Vtrumque
2133 3308 2224 3328 contra
2241 3300 2336 3328 accidit
2382 3312 2392 3318 ι·
2410 3307 2411 3310 ’

1371 3339 1442 3365 Fam.
1457 3346 1491 3371 13,
1507 3343 1542 3368 18.
1557 3340 1576 3364 i.
1584 3339 1662 3373 plane
1673 3339 1756 3365 aliter.

1826 3339 1926 3365 Contra
1942 3337 1978 3364 est
2000 3338 2057 3364 Sen.
2071 3338 2118 3372 Ep.
2131 3345 2158 3373 7.
2229 3337 2328 3363 Contra
2349 3326 2419 3367 fi5„¹'

1855 3373 1927 3400 Tibi
1940 3373 2010 3400 beati
2024 3373 2163 3403 videmur,
2181 3377 2207 3398 at
2225 3378 2317 3399 contra
2333 3374 2427 3408 noli„

1372 3417 1402 3436 tu
1417 3409 1508 3437 beatus
1521 3408 1596 3436 Idem
1611 3410 1684 3436 Fam.
1697 3419 1723 3443 4,
1733 3419 1760 3444 4.
1831 3410 1865 3436 At
1886 3415 1976 3436 contra
1996 3409 2084 3443 grauis
2103 3409 2140 3435 cst
2158 3408 2234 3442 culpa
2255 3407 2336 3436 Ouid.
2351 3406 2388 3435 Af
2420 3442 2421 3445 ¹
2442 3417 2443 3431 π

1371 3447 1465 3478 Am.2,
1475 3447 1538 3479 604.
1573 3444 1641 3472 Add.
1652 3444 1719 3480 Nep.
1727 3453 1787 3479 2,4,
1796 3451 1817 3477 ς.
1843 3453 1919 3479 7‚5,3.
1938 3450 2068 3480 7,8,1ctc.
2104 3443 2172 3471 Vell.
2180 3452 2206 3476 2,
2214 3445 2255 3478 56,
2263 3452 2284 3476 3.
2319 3441 2436 3483 T³.=.·

1371 3481 1440 3508 Ann.
1456 3488 1479 3514 5,
1492 3485 1539 3513 28,
1551 3489 1580 3514 4.
1650 3481 1706 3508 Cic.
1720 3479 1797 3507 Acad.
1820 3490 1856 3515 4,
1876 3488 1918 3514 105
1949 3482 1984 3507 Vt
2007 3480 2074 3507 aliae
2094 3477 2246 3515 probabiles
2264 3478 2335 3509 vide
2348 3492 2351 3501 ·
2396 3481 2401 3511 'j

1371 3517 1439 3544 aliae
1453 3522 1552 3543 contra.
1624 3515 1697 3542 Idem
1712 3515 1743 3542 de
1756 3516 1831 3542 Orat.
1848 3525 1870 3549 2,
1882 3525 1927 3549 330
1947 3525 1968 3542 c.
1979 3521 2004 3546 81
2043 3515 2085 3543 Ad
2104 3516 2231 3542 summam
2251 3514 2333 3541 totius
2351 3517 2398 3554 §.¹⁸¹
2411 3534 2425 3541 ..

2241 3551 2340 3577 Contra
2355 3551 2421 3585 t1¹1

1372 3589 1463 3619 euenit
1481 3588 1548 3614 Hor.
1565 3587 1646 3614 Serm-
1661 3595 1681 3619 1,
1696 3595 1719 3619 3,
1734 3594 1776 3622 27.
1973 3586 1993 3623 ἦ
2013 3595 2027 3620 3
2062 3587 2177 3618 Contra,
2197 3594 2208 3611 e
2227 3589 2333 3622 regione.
2375 3584 2417 3614 ¹¹2¹*

1344 3646 1345 3649 ,
1372 3632 1432 3651 ven.
1448 3623 1498 3651 Sat.
1514 3632 1535 3655 3,
1549 3632 1597 3656 290
1622 3622 1675 3649 Stat
1688 3629 1796 3655 contra,
1815 3621 1929 3657 starique
1942 3622 2026 3650 iubet.
2039 3645 2041 3648 .
2084 3622 2159 3655 Virg.
2173 3621 2239 3648 Aen.
2253 3623 2280 3656 6,
2292 3628 2326 3653 23>
2341 3612 2417 3654 ὔμμι
2448 3610 2454 3646 s

1372 3665 1413 3687 tra
1427 3659 1493 3686 elata
1505 3659 1574 3685 mari
1585 3658 1723 3693 respondet
1737 3657 1832 3685 Gnosia
1847 3658 1934 3684 tellus.
1989 3659 2089 3685 Contra
2100 3656 2238 3684 consistere
2249 3665 2303 3684 non
2313 3653 2408 3689 aud-¹33³
2425 3685 2429 3693 ι

1374 3695 1447 3723 Caes.
1461 3694 1526 3722 Bell.
1541 3695 1574 3721 G.
1586 3703 1618 3728 2,
1635 3702 1671 3728 17.
1741 3694 1839 3721 Omnia
1857 3699 1949 3720 contra
1968 3693 2088 3728 circaque
2106 3691 2225 3720 hostium
2261 3691 2320 3718 lena
2334 3698 2363 3716 er
2387 3701 2417 3729 f,

1594 3728 1813 3764 Septentrionalia
1825 3730 1882 3756 eius
1896 3729 1977 3756 nullis
1989 3733 2080 3755 contra
2095 3728 2172 3755 terris
2190 3736 2247 3760 mar
2277 3725 2392 3764 Fun-³1¹¹
2408 3743 2415 3754 ⁴

1375 3767 1468 3793 Tacit.
1481 3767 1568 3800 Agric.
1591 3773 1635 3797 10,
1656 3774 1677 3793 2.
1913 3773 1932 3798 4
1966 3765 2066 3791 Contra
2078 3772 2124 3797 ac,
2142 3765 2183 3791 vel
2196 3764 2295 3791 Contra
2311 3766 2386 3798 atque
2408 3780 2410 3786 .
2438 3767 2441 3774 ·

1369 3808 1418 3837 pro
1431 3803 1515 3828 Aliter
1529 3810 1608 3836 quam.
1645 3801 1700 3828 Cic.
1716 3808 1765 3835 pro
1778 3800 1859 3826 Corn.
1894 3799 1944 3831 aib.
1957 3805 1976 3833 7
1999 3798 2025 3825 Si
2040 3797 2158 3835 denique
2169 3797 2272 3834 aliquid
2282 3805 2362 3836 ιιοιιιἸ
2396 3794 2424 3833 ζ·
2437 3799 2441 3815 ¹
2462 3827 2465 3830 ,

1375 3844 1415 3864 tra
1429 3846 1457 3864 ac
1471 3837 1562 3864 liceret
1576 3835 1676 3863 facium
1690 3835 1831 3862 diceretur.
1867 3834 1911 3862 sed
1922 3839 2012 3860 contra
2024 3840 2103 3870 atque
2115 3839 2258 3871 oporteret.
2307 3859 2310 3863 ,
2326 3831 2369 3862 Vt,
2409 3840 2413 3870 {
2436 3831 2440 3889 1
2455 3834 2462 3840 “

1375 3873 1466 3900 omnia
1484 3879 1554 3899 certe
1570 3877 1662 3899 contra
1681 3880 1710 3898 ac
1725 3869 1794 3897 diela
1808 3871 1867 3897 sunt
1886 3869 1998 3896 eueniss'e
2011 3869 2085 3897 Idem
2096 3870 2130 3897 de
2142 3870 2205 3897 Diu.
2216 3877 2234 3896 2
2251 3877 2272 3895 c.
2287 3875 2323 3901 24
2344 3870 2375 3905 e„
2410 3883 2422 3907 '.

2217 3904 2315 3932 Contra
2330 3905 2374 3936 atq
2412 3934 2413 3937 Ἴ
2434 3902 2441 3960 Ξ
