2474 4182
51 60 112 98 621
448 43 664 87 BLI

51 147 105 177 (τῶν
117 142 255 176 βλεφάρων)
277 134 562 174 magni'tudincfiffum‚
583 140 612 161 vt
625 131 732 167 Chilos.
743 131 873 171 Labeo,ct
886 132 915 158 iil
925 139 1009 169 genus.
1046 135 1090 160 171·

44 179 189 217 fig›11'sfuit
198 166 300 212 persona
306 175 462 210 Juperciliis.
505 173 592 200 Vtitur
603 179 628 196 υ.
641 177 667 207 g.
679 168 760 195 Plaut.
772 167 892 202 Amphit.
908 178 936 202 4,
950 177 972 202 3,
985 177 1006 203 3.

38 310 39 313 “
85 326 251 351 nrm-vni,
273 319 291 345 i.
313 328 339 345 n.
377 325 401 344 et
421 318 581 345 Βωτνε-
612 320 647 337 m.
684 311 810 348 [βλίτοι]
847 313 934 340 Genus
956 313 1051 341 oleris.
1072 321 1087 338 a

49 357 144 392 saporis
158 355 262 389 stupore
279 354 436 389 appellatum
449 352 496 378 ess'e
508 357 539 375 ex
552 348 656 386 Graeco·
666 354 772 380 putatur
787 360 792 374 :
828 350 900 384 quod
914 350 947 376 ab
962 349 1003 376 his
1017 348 1091 380 βλοὶξ

38 392 143 419 *dicitur
156 390 280 425 stupidus.
317 389 412 416 Festus.
448 385 505 413 md.
521 391 558 417 17,
568 391 595 408 10
617 382 717 409 Blitum
731 393 810 418 genus
825 386 908 412 oleris
922 385 1088 420 saporiseua-

38 427 120 458 -ηὶάἰ,
137 427 207 462 quali
232 427 294 452 vilis
318 426 384 452 beta.
454 420 519 447 Ptin.
535 427 580 450 20,
594 426 626 444 22
648 419 747 446 Blitum
772 420 843 447 iners
867 421 974 448 videtur
993 429 1021 446 ac
1036 419 1088 444 fine

38 465 136 497 <sapore
146 483 154 494 ,
173 468 218 488 aut
232 462 374 488 acrimonia
388 457 447 484 vlla.
502 453 577 480 Vnde
607 455 759 482 conuicium
774 457 883 483 feminis
898 456 967 490 apud
978 456 1088 482 Menan·
1107 465 1136 484 10

47 498 123 525 druui
136 499 237 524 faciunt
251 497 348 524 mariti.
383 493 462 520 Plaut.
475 489 565 516 Pseud.
580 498 602 522 3,
618 499 640 522 2,
655 493 685 517 26
707 492 851 526 Apponunt
866 492 1003 522 rumicem,
1018 490 1089 516 bras-

47 534 141 566 licam,
160 534 263 566 betam,
285 532 398 558 blitum:
432 527 535 552 vicimus
554 531 600 560 pes
621 525 655 559 est
680 528 785 554 Iambus.
821 528 870 556 Sed
892 529 996 553 Gcmimo
1018 532 1054 556 T,
1073 533 1090 551 a.

46 570 122 598 Suiiia
129 569 256 605 scribitur
268 578 275 592 .·
310 566 424 597 (ssiri-05,
436 558 492 587 eidos
504 561 615 592 βοτάνης.
658 563 744 589 Varro
759 571 799 599 ap.
814 564 885 591 Non.
902 570 940 597 17,
956 570 971 588 2
997 562 1088 596 Empe.

46 605 133 632 docies
148 611 221 632 natos
234 602 350 630 homines
370 607 402 624 ex
419 603 489 623 terra
509 597 547 623 ait
565 602 593 623 vt
606 597 711 624 blitum.
763 602 801 626 De
818 602 869 626 eius
880 599 977 624 cultura
991 596 1089 623 Pallad.

47 642 126 668 Mart.
140 649 165 673 9,
178 648 206 674 ¹7
225 639 282 664 Hoc
307 635 392 661 mense
417 633 499 659 blitus
525 633 635 664 seritur,
661 635 717 661 solo
743 636 918 670 qualicunque
942 632 985 659 sed
1008 633 1088 660 culto.
1110 641 1136 669 ις

46 677 112 704 Olus
125 676 174 702 hoc
188 680 270 707 neque
288 669 449 697 runcandmn
475 669 511 695 est
526 678 611 704 neque
625 670 814 697 sarculandum.
869 671 937 696 Cum
951 669 1030 695 semel
1045 678 1089 695 na-

46 715 101 739 tum
114 711 210 741 suern,
226 708 309 742 ipsum
325 707 350 732 se
364 714 410 739 per
422 705 505 731 multa
519 705 618 731 saecula
634 707 741 733 seminis
755 706 795 733 sui
814 705 965 732 deiectione
986 714 1089 740 repara-

34 747 101 779 bit,
123 752 166 777 vt,
186 741 283 771 etiamss
297 741 377 774 velis,
397 740 443 767 vix
457 741 530 775 pollit
548 741 661 768 aboleri.

78 785 248 808 Βιιτενς.
287 777 346 803 Adi.
384 778 517 811 [βλίτιος]
557 779 675 809 Inutilis,
695 780 721 803 in
736 776 801 812 alfiis
815 783 838 802 et
853 785 954 802 vecors:
976 786 991 802 a
1005 776 1087 809 Blito,

1113 286 1128 313 5

58 893 71 914 t
83 887 177 913 Gallica
194 894 287 920 quoquc
301 894 352 911 vox
371 885 430 911 binc
446 888 571 917 manarit,
592 894 639 919 qua
653 893 719 910 minc
738 885 812 918 vulgo
826 884 1028 918 Contcmtiffimos
1046 893 1087 910 cx-

53 930 171 956 remaeque
193 927 264 947 notae
289 920 398 947 homines
420 922 567 956 compellant
586 920 713 951 Bliteros,
738 919 827 945 addita
845 920 947 946 literula
968 920 1086 946 Belitres.

44 957 111 987 Non.
128 965 154 990 2,
167 964 197 990 93
233 965 262 983 ex
276 956 409 992 Laberio,
431 956 557 992 Bipcdem
570 956 683 983 Bliteam
695 954 812 982 beluam.

454 1032 476 1063 B
557 1031 586 1063 Ο
663 1031 692 1063 A

40 1099 51 1130 ‚¹
71 1107 164 1133 BOA,
183 1110 222 1128 ae.
245 1101 266 1128 f.
303 1103 412 1138 Serpens
420 1101 456 1128 est
467 1101 607 1136 aquatilis,
628 1100 813 1136 quamGraeci
825 1098 1085 1136 Ulpovvocant,aqua

24 1137 26 1143 ’
43 1136 88 1165 'eti
100 1137 295 1172 obturgescunt.
367 1139 482 1165 Crurum
506 1146 614 1172 quoque
637 1143 741 1169 tumor,
761 1137 821 1163 viae
846 1136 937 1163 labore
951 1135 1087 1167 conc-ems,

59 1181 91 1200 oa
103 1173 258 1208 appellatur.
295 1173 392 1200 Festus.
428 1173 493 1199 Plin.
508 1178 538 1205 8,
559 1182 589 1206 14
612 1172 641 1199 de
660 1183 698 1199 ma
719 1176 758 1199 nis
771 1172 941 1208 serpentibus,
955 1170 1087 1207 postquam
1102 1181 1135 1206 30

55 1212 120 1242 ixit,
141 1210 251 1236 Faciunt
265 1208 306 1236 his
321 1210 400 1236 fidem
414 1209 442 1235 in
457 1208 534 1235 Italia
546 1209 689 1243 appellatae
699 1182 768 1236 {ozie
778 1229 786 1241 ‚
806 1209 835 1235 in
848 1213 946 1234 tantam
961 1208 1086 1242 amplitu-

55 1245 125 1272 inem
139 1251 280 1278 exeuntes,
298 1252 327 1272 vt
341 1246 412 1272 Diuo
425 1244 540 1272 Claudio
552 1245 672 1279 principe
690 1245 790 1271 occisae
803 1245 832 1270 in
845 1244 974 1270 Vaticano
988 1243 1086 1270 solidus

50 1290 66 1308 n
77 1281 138 1308 aluo
153 1281 280 1316 spthatus
294 1281 323 1308 sit
337 1282 431 1308 infans.
468 1280 583 1307 Aluntur
598 1280 686 1315 primo
700 1280 798 1307 bubuli
812 1279 887 1306 laetis
900 1280 991 1312 succo,
1015 1279 1086 1306 vnde

55 1325 134 1344 omen
146 1324 256 1344 traxere.
299 1317 388 1344 Eadem
402 1316 484 1343 Solin.
495 1321 517 1346 8.
553 1317 637 1352 Auget
648 1317 792 1342 miraculum
801 1316 915 1342 Hieron.
931 1316 959 1342 in
973 1315 1028 1342 vita
1037 1316 1086 1342 Hi-

48 1353 133 1380 arion.
148 1362 170 1382 c.
184 1361 211 1386 33
234 1353 371 1388 Siquidem
384 1353 463 1379 draco
479 1353 564 1379 mirae
575 1351 776 1387 magnitudinis,
786 1360 852 1386 quos
861 1352 955 1385 gentili
966 1352 1087 1378 sermone
1105 1358 1136 1385 33

59 1398 103 1416 oas
118 1394 228 1422 vocant,
248 1389 280 1416 ab
300 1398 342 1422 eo,
358 1389 431 1424 quod
450 1394 503 1415 tam
523 1388 631 1423 grandes
645 1387 709 1419 sint,
726 1396 755 1414 vt
768 1386 851 1413 boues
864 1387 962 1422 glutire
977 1388 1088 1421 soleant,

57 1434 145 1452 niuem
159 1425 209 1452 late
222 1425 336 1452 vastabat
350 1425 516 1459 prouinciam
531 1435 539 1455 3
575 1431 601 1450 et
620 1433 674 1451 non
694 1423 780 1449 solum
792 1430 911 1450 armenta
927 1430 952 1450 et
967 1424 1088 1458 pecudes,

46 1461 82 1488 'ed
103 1461 232 1496 agricolas
252 1470 360 1497 quoque
385 1467 410 1488 et
429 1461 543 1495 pastores
563 1459 659 1487 tra&os
680 1468 694 1486 a
714 1460 740 1485 se
753 1459 782 1485 vi
796 1459 903 1493 spiritus
917 1459 1086 1487 absorbebat.

64 1506 75 1522 e
92 1498 240 1533 etymologia
259 1497 312 1524 vid.
335 1498 434 1532 Salmas.
454 1496 488 1522 acl
507 1497 584 1523 Solm.
597 1505 622 1530 p.
637 1498 675 1522 61.
746 1495 812 1521 Boas
825 1494 921 1522 ‹iii-itur
934 1495 992 1522 md.
1008 1504 1046 1528 12,
1059 1504 1086 1529 4.

35 816 87 951 {a}
97 859 162 885 quae
170 851 236 884 sapit
249 858 277 875 m
286 849 351 875 vino
360 849 392 875 ad
407 858 464 875 rem
475 849 555 875 suam.
597 851 664 875 Ficri
672 846 760 883 potest,
775 848 875 883 (inquit
883 849 999 884 Erasmus
1006 849 1087 882 Chii.)

0 1585 1 1591 ,
45 1575 120 1594 arum
130 1586 137 1598 ,
157 1577 239 1602 quum
253 1567 349 1594 rubent
362 1575 474 1602 corpora
488 1576 493 1591 :
529 1566 647 1594 sambuci
665 1576 740 1594 ramo
754 1567 919 1593 verberatur.
956 1567 1031 1594 Idem
1042 1570 1087 1600 26,

50 1609 59 1630 1
72 1603 90 1628 s.
105 1610 136 1637 73
157 1603 235 1629 Ebuli
248 1603 317 1629 folia
328 1604 459 1636 contrita,
480 1608 506 1630 et
519 1611 533 1629 e
546 1609 637 1629 vetere
652 1603 718 1630 vino
727 1602 848 1638 imposita
862 1602 943 1629 etiam
955 1602 1036 1630 boam
1049 1604 1087 1630 sa-

54 1643 110 1670 ant,
134 1637 162 1665 id
174 1638 210 1664 est
224 1638 348 1665 rubentes
363 1639 477 1673 papulas.
523 1640 643 1665 Nominis
657 1641 779 1665 rationem
792 1641 893 1673 exponit
911 1638 951 1665 Id.
965 1644 1012 1672 28,
1026 1644 1051 1669 18
1066 1640 1086 1666 s.

53 1682 66 1707 ς
83 1674 149 1700 Boas
156 1673 234 1711 fimat
247 1674 340 1701 fimum
351 1674 484 1701 bubulum
494 1694 501 1706 ‚
517 1673 586 1700 vnde
600 1679 625 1700 et
638 1682 737 1700 nomen
757 1679 867 1701 traxere.
1026 1672 1047 1712 ff
1072 1684 1085 1707 3

56 1745 135 1772 ucilii
156 1747 257 1780 Inguen
271 1755 304 1772 ne
325 1744 577 1779 existat‚'papulae,
595 1750 679 1777 tama,
699 1753 733 1771 ne
753 1744 805 1771 boa
830 1745 915 1772 noxit.
954 1748 986 1773 Et
1005 1747 1086 1775 Gloss.

6 1794 10 1801 ·
57 1790 96 1808 or.
116 1781 188 1818 (legi
199 1783 255 1808 vult
268 1782 340 1813 Boa)
362 1780 430 1808 ὅτι-,ἲς
440 1779 518 1806 ’πόδας
530 1781 696 1813 φλεγμαίνων.
752 1780 840 1807 Morbi
859 1790 943 1808 nomen
963 1782 1086 1809 tributum

61 1816 80 1849 Ιὶ
90 1823 198 1853 aegroto.
394 1814 416 1853 fl
436 1824 456 1849 4
482 1815 604 1850 Aff'ertur
624 1818 698 1842 etiam
717 1825 747 1843 cx
765 1817 825 1843 Vct.
849 1816 928 1843 Gloff.
949 1819 1004 1846 Boa
1023 1818 1086 1845 νόσος

57 1853 112 1885 οὖν,
129 1855 148 1878 i.
162 1852 231 1878 boum
247 1851 353 1878 morbus.

433 1962 457 1994 B
530 1963 560 1995 Ο
636 1962 664 1993 C

67 2037 184 2065 BOCA,
205 2038 349 2065 BOCAS,
367 2039 510 2065 BOCCA‚
528 2042 605 2059 vnum
618 2041 704 2059 nomen
717 2033 826 2060 videtur.
861 2036 1086 2069 BOCAS,inquit

55 2067 140 2101 estus,
157 2069 246 2095 Genus
258 2069 350 2102 piscis,
370 2078 384 2095 a
399 2068 525 2101 Boando,
545 2068 573 2095 id
587 2068 624 2094 est
638 2068 775 2095 clamando
793 2069 961 2103 appellatum.
1017 2070 1087 2105 ῌιιεε
1105 2072 1134 2097 ςς

45 2102 82 2129 lle.
119 2104 163 2130 Al.
176 2104 261 2137 Boea,
281 2113 320 2131 ae.
363 2103 421 2131 md.
447 2112 491 2137 12,
511 2106 529 2130 6
557 2105 651 2130 Boccas
663 2104 756 2130 dicunt
767 2104 847 2130 etiam
863 2103 944 2129 boues
958 2108 1085 2131 marinos,

42 2137 113 2200 Πὲίέ)
119 2139 239 2204 bogis&
259 2175 327 2200 onis.
346 2183 381 2200 m.
421 2174 515 2200 Fatuus
524 2171 642 2200 laudatur
653 2180 683 2197 ex
694 2170 773 2205 Apul.
788 2169 866 2205 Apol.
879 2178 896 2197 2
909 2179 935 2206 p.
948 2172 1010 2197 206.
1036 2169 1085 2199 Sed

47 2207 127 2235 ethus
138 2209 232 2244 legitur
245 2209 348 2241 Bucco,
374 2217 399 2234 v.
413 2217 440 2234 v.

413 2282 437 2313 B
543 2281 573 2313 Ο
673 2280 704 2312 D

29 2367 31 2373 ν
55 2357 66 2372 “”
89 2359 135 2381 OD
144 2360 193 2380 ON
202 2359 219 2380 E
227 2359 240 2379 S
248 2372 257 2385 ,
273 2351 392 2379 videntur
410 2351 503 2385 iidem,
515 2355 559 2388 qui
579 2359 595 2379 13
603 2359 623 2379 Ο
631 2358 652 2379 Τ
661 2359 680 2379 o
688 2359 711 2379 N
720 2359 738 2379 Ε
746 2359 759 2379 S
769 2372 777 2385 ‚
794 2352 824 2379 de
842 2351 929 2388 quibus
938 2351 964 2388 s
978 2352 996 2378 1.
1032 2350 1085 2380 Iul.

44 2388 132 2444 *Qus
152 2390 258 2424 Recept.
279 2388 395 2415 sentent.
416 2396 445 2422 ς,
460 2396 493 2414 22
512 2389 544 2414 de
558 2388 703 2421 seditiosis,
739 2388 796 2422 Qui
809 2388 937 2414 terminos
951 2387 1083 2414 effodiunt

57 2472 59 2474 ¹
82 2480 90 2493 ,
110 2461 240 2497 liquidem
259 2460 287 2486 id
305 2461 376 2487 serui
395 2460 440 2487 sua
460 2460 552 2494 sponte
571 2461 698 2492 fecerint,
722 2461 750 2486 in
764 2459 901 2486 metallum
915 2459 1084 2498 damnantur,

52 2497 186 2532 umiliores
207 2496 319 2530 ingenui
337 2496 366 2523 in
385 2505 451 2530 opus
471 2496 626 2530 publicum,
644 2495 809 2523 honestiores
828 2495 858 2522 in
871 2494 983 2521 insulam
995 2494 1084 2521 amissa

57 2532 109 2561 rtia
121 2539 195 2570 parte
207 2532 343 2559 bonorum
362 2532 520 2568 relegantur.

1095 2247 1132 2274 60

70 2684 86 2705 B
95 2683 208 2709 ORBE,
228 2683 263 2704 es.
282 2675 305 2702 f.
323 2675 436 2710 [Βοίβη]
475 2673 613 2709 Thcffizliae
626 2675 756 2712 oppidum,
779 2683 795 2702 a
808 2683 854 2712 quo
868 2673 940 2702 diHa

70 2719 88 2740 Β
95 2719 115 2740 0
124 2719 141 2739 Ε
149 2719 166 2739 B
175 2713 192 2738 Ε
201 2719 230 2739 ls
238 2731 247 2744 ,
266 2711 332 2738 i'dos.
352 2709 482 2745 [Βοιβηίς]
508 2712 588 2738 Lacus
601 2713 689 2739 Pae-‘tis-
696 2712 838 2739 celebratus.
876 2713 1002 2738 Memorat
1014 2714 1081 2738 inter

52 2757 111 2784 quas
126 2746 264 2781 Thijsli'zliae
298 2747 364 2773 Plin.
380 2755 408 2780 4,
422 2751 443 2776 8.
480 2747 599 2782 Propert.
613 2757 639 2781 2,
647 2757 673 2781 2,
685 2750 714 2780 63
731 2748 869 2774 Mercurio
882 2754 908 2775 et
920 2746 1016 2774 sanetis
1026 2747 1081 2783 fetj-

47 2792 78 2810 ur
103 2783 251 2816 Boebeidos
273 2782 366 2815 vndis,
401 2782 561 2817 Virgineum
582 2784 673 2811 Primo
695 2784 866 2819 composuisse
892 2783 967 2810 latus.
1005 2782 1079 2819 Coris.
1100 2788 1133 2817 75

57 2828 130 2846 ucan.
147 2826 181 2854 7,
203 2820 259 2854 176.
295 2818 353 2845 Val.
368 2818 451 2845 Flacc.
464 2827 484 2851 1,
496 2827 553 2852 449
575 2826 599 2846 ee
610 2819 645 2846 ibi
663 2821 747 2849 Burm.

69 2856 190 2917 ΒΟΕΞΕ
200 2862 240 2882 1v
249 2861 262 2882 s
270 2874 280 2888 ,
316 2854 404 2881 Proles
433 2854 567 2888 Boebeia,
600 2856 720 2892 nymphae
743 2857 826 2883 lacum
849 2854 918 2881 illum
938 2855 1080 2882 inhabitan-

49 2901 77 2918 s.
119 2891 148 2919 Se

67 2932 291 2959 BOEBICIVS,
309 2925 376 2962 quod
397 2925 515 2953 laudatur
536 2935 565 2953 ex
585 2927 681 2954 Lucan.
696 2929 727 2959 6,
741 2932 788 2960 382
806 2929 884 2953 nimis
895 2929 1016 2954 incertum
1029 2925 1078 2961 qsl:

0 2963 18 2990 ,it
45 2977 47 2981 Δ
65 2960 178 2998 praestat
190 2962 264 2999 sorte
282 2963 374 2999 legere,
390 2962 456 2999 quod
475 2965 550 2989 etiam
571 2963 745 2999 Oudendorpio
764 2962 882 2996 videtur,
902 2972 946 2990 nec
957 2964 1080 2999 improbat
1095 2968 1128 2994 80

45 2999 204 3029 marinus,
222 2997 356 3025 Boeboeo.
1016 3005 1018 3008 >

71 3034 234 3067 ΒοὲΤΗι,
251 3033 376 3068 [βαηθοὲ]
395 3033 514 3061 dicuntur
526 3033 556 3060 ab
571 3035 738 3071 Imperatore,
762 3033 905 3061 Adiutores
921 3034 1079 3062 scribarum:

58 3078 93 3096 ios
105 3069 152 3095 alii
161 3067 340 3102 Subadiuuas,
359 3070 406 3095 alii
417 3069 574 3097 Adiutorios
587 3070 728 3106 appellant,
748 3077 778 3097 vt
790 3070 819 3097 in
832 3069 850 3096 l.
864 3070 1025 3106 Vnicuique.
1045 3072 1077 3098 C.

25 3122 31 3134 9
52 3114 66 3131 e
79 3104 214 3131 Proximo.
227 3104 291 3131 sacr.
305 3105 383 3131 scrin.
430 3106 523 3136 Βοηθὲω
536 3109 599 3133 enim
611 3106 675 3133 idem
688 3108 755 3133 ualet
768 3105 834 3142 quod
845 3105 961 3133 Adiuuo.
1015 3107 1079 3134 Inde

34 3168 35 3171 ,
51 3140 172 3168 euerinus
185 3139 312 3166 Boethius
325 3139 425 3172 dietus,
440 3149 507 3176 quem
521 3143 567 3168 alii
575 3142 648 3179 falfiz
660 3152 718 3169 voce
732 3142 856 3169 Boetium
869 3148 967 3170 uocant.
1011 3144 1077 3180 Qeo-
1097 3149 1127 3178 ες

19 3159 28 3212 l
64 3186 86 3202 m
99 3185 208 3203 errorem
221 3175 338 3212 confutat
349 3179 475 3212 antiquum
487 3187 611 3211 marmor,
634 3178 700 3215 quod
719 3178 800 3205 adhuc
817 3179 942 3205 Dertonae
962 3185 1032 3205 extat
1050 3182 1079 3206 in

0 3240 1 3244 ,
19 3215 25 3241 i
46 3214 88 3239 'ui
100 3213 229 3239 Marciani
240 3211 352 3237 coenobio
364 3221 372 3236 .·
408 3212 451 3238 vbi
469 3215 576 3240 tumulus
593 3212 644 3248 est,
663 3224 731 3251 quem
748 3216 854 3249 antiqua
867 3214 997 3250 inscriptio
1011 3215 1078 3242 Boe-

16 3250 24 3281 j
65 3247 92 3275 ‘o
105 3253 130 3274 et
143 3246 286 3274 Eutharico
300 3247 459 3274 Consulibus
465 3246 568 3283 fabium
581 3248 696 3283 ostendit.
753 3250 822 3276 Haec
839 3250 956 3277 Alciatus
974 3253 1001 3277 in
1015 3251 1079 3278 illud

14 3282 54 3328 '‘-
65 3292 84 3318 4
103 3282 210 3311 Codicis
223 3282 380 3315 Iustiniani,
400 3282 432 3310 de
445 3283 620 3319 Tabulariis,
637 3286 746 3319 scribis,
765 3292 811 3312 etc.
859 3285 989 3320 Bo'e'thos,
1009 3287 1077 3323 logi-

33 3324 47 3353 ,’
62 3338 63 3341 ι
86 3339 97 3354 ‚
113 3319 383 3354 medogrammateos,
403 3325 448 3346 etc.
1091 3332 1127 3358 90

33 3363 41 3389 ’,ν
49 3353 58 3372 “·
70 3358 73 3359 ⁷
91 3362 111 3384 0
119 3362 136 3383 Ε
146 3362 166 3383 Ο
174 3363 196 3382 Τ
205 3363 215 3382 Ι
224 3362 254 3382 Α.
276 3355 414 3389 [Bomio]
451 3355 568 3383 Graeciae
582 3360 650 3394 regio
658 3378 667 3391 ,
688 3361 760 3384 cuius
779 3362 854 3392 caput
875 3356 985 3389 Thebae,
997 3358 1076 3395 fabu-

61 3419 66 3422 ,
126 3394 286 3427 antiquarum
303 3391 448 3417 Theatrum.
492 3393 610 3419 Nominis
623 3397 744 3430 originem
761 3395 845 3429 aperit
866 3393 947 3420 Ouid.
965 3395 1030 3422 Met.
1052 3404 1076 3428 3,

34 3460 38 3462 λ
98 3427 124 3454 hi
140 3427 221 3463 Bonis
238 3425 338 3453 dublum
351 3426 425 3463 fiqut'
441 3426 539 3454 iubetur
556 3427 587 3454 ab
599 3431 695 3457 oraculo
710 3429 816 3456 Cadmus
829 3431 856 3454 in
869 3429 928 3455 vrbe
940 3430 1076 3458 condenda.

54 3463 59 3477 ¹*
70 3470 80 3473 ’“
96 3465 129 3491 'us
135 3463 209 3500 forte
223 3473 239 3490 a
248 3462 350 3498 pascuis
363 3463 431 3489 boum
435 3461 476 3496 fic
488 3460 559 3490 dista
570 3467 652 3501 regio,
671 3475 743 3501 quam
757 3464 863 3491 Aonian
881 3467 974 3496 etiams
986 3468 1076 3500 Hyan.

48 3537 108 3570 212(ss
117 3543 146 3562 os
158 3544 174 3562 α
209 3542 282 3570 upore
294 3535 370 3561 suum
386 3535 452 3569 [τῶν
467 3533 531 3570 ὑῶν]
551 3541 576 3561 et
614 3544 677 3563 oum
696 3534 778 3563 ditior
797 3537 900 3568 volunt,
921 3540 964 3572 qui
986 3540 1077 3566 incolis

67 3575 78 3599 ³5
90 3571 113 3596 §³
124 3576 193 3598 *atus
199 3570 253 3607 fit,
271 3573 318 3597 vix
329 3569 464 3603 audiendi,
483 3580 537 3596 cum
548 3569 594 3606 ipfi
606 3580 634 3598 ea
653 3575 753 3599 nomina
767 3573 853 3599 Boeoti
866 3571 997 3608 vficrpent:
1025 3576 1077 3602 alia

82 3607 138 3641 ..j-,1
150 3615 231 3634 annon
245 3608 292 3634 alii
302 3613 398 3643 gentem
411 3607 451 3633 his
464 3605 524 3641 ipfis
538 3607 678 3634 nominibus
690 3608 804 3634 cauillati
816 3607 888 3642 sint,
908 3608 936 3634 id
952 3610 1016 3645 quod
1032 3620 1076 3637 nec

63 3641 68 3647 '
85 3644 165 3679 *stt*
177 3643 282 3670 Boeotus
292 3642 343 3678 ipſs
355 3643 511 3670 Plutarchus.
550 3643 689 3678 Exemplum
701 3646 853 3678 quantitatis
867 3641 914 3676 osto
921 3644 1002 3673 Ouid.
1010 3647 1075 3674 Met.

55 3678 74 3709 ,¹
102 3683 125 3710 9·
151 3693 197 3712 r-
232 3679 355 3714 queritur
864 3710 867 3714 ,

24 3730 28 3736 .
92 3721 139 3747 W·
156 3746 159 3748 ι
226 3736 229 3740 Α
333 3713 355 3750 ἢ
374 3723 387 3741 2
408 3714 519 3741 Boeotia
534 3714 595 3741 libri
605 3715 645 3741 vel
651 3714 756 3750 fabulae
767 3715 890 3741 Romanae
900 3725 991 3745 nomen.
1010 3720 1077 3746 var.

23 3780 25 3783 Α
60 3759 67 3782 ¹⁴
76 3747 114 3784 L.»
122 3749 153 3776 L.
166 3757 180 3783 ς
192 3759 217 3786 p.
229 3751 270 3782 62,
285 3751 316 3777 26
335 3751 477 3780 Accensum
490 3750 599 3777 solitum
612 3751 699 3782 ciere,
719 3750 830 3777 Boeotia
849 3750 978 3786 ostendit,
996 3763 1076 3789 quam

54 3785 198 3823 §mediam
211 3786 259 3813 alii
272 3786 321 3812 effe
333 3786 439 3820 dicunt,
457 3786 508 3813 hoc
522 3787 615 3819 versu,
633 3786 689 3813 Vbi
708 3786 826 3821 primum
845 3788 963 3815 accensus
983 3790 1077 3820 clama.

1104 1001 1137 1028 25

60 1718 72 1736 e
89 1710 143 1736 Bon
156 1709 246 1745 pedum
265 1710 364 1742 morbo,
381 1713 432 1736 iam
453 1709 558 1736 Festum
578 1709 741 1736 laudauimus.
796 1709 895 1735 Laudat
908 1710 971 1737 Scal.
987 1711 1086 1747 verficm
1103 1718 1139 1745 45

430 2606 465 2637 ,Β
543 2606 573 2637 Ο
652 2607 681 2638 Ε
1099 2606 1136 2634 70

1599 52 1829 94 BOL
2132 67 2203 104 522

1174 140 1337 175 'eonor-1
1347 143 1398 163 vs.
1427 138 1571 178 [Βοιώτιος]
1608 142 1678 177 Nep.
1691 142 1778 169 Alcib.
1795 144 1813 169 s.
1826 151 1853 179 7,
1870 153 1892 171 11
1911 148 2010 175 Omnes
2022 151 2128 178 Boeotii
2149 161 2203 179 ma-

1153 178 1192 210 gis
1207 170 1330 197 firmitati
1343 180 1477 211 corporis,
1501 186 1580 209 quam
1596 178 1699 212 ingenii
1714 180 1829 206 acumini
1845 180 2002 210 inseruiunt.
2040 186 2095 213 Cic.
2111 188 2143 213 de
2159 189 2205 214 Di-

1156 214 1212 245 vin.
1228 214 1248 238 x,
1263 214 1295 245 37¹*
1317 207 1391 232 Bacis
1408 209 1546 237 Boeotius.
1583 214 1664 240 Ouid.
1679 215 1745 242 Met.
1759 224 1782 248 3,
1798 224 1824 242 12
1843 217 1952 244 Moenia
1965 219 2005 245 fac
2014 221 2107 248 condas
2142 224 2206 250 Boe-

1156 247 1265 275 otiaque
1277 241 1323 267 illa
1338 249 1441 269 vocato.
2115 243 2123 255 '

1191 283 1207 316 ξ
1219 278 1295 303 0136
1305 284 1325 303 Τ
1336 285 1386 304 vs.
1416 279 1550 314 [Ριωωτᾱς]
1570 285 1641 310 aliud
1654 285 1715 313 Adi.
1729 293 1774 319 vt,
1793 287 1890 314 Tellus
1908 289 2016 320 Bocota,
2036 292 2054 315 i.
2064 300 2082 316 e.
2097 293 2206 321 Boeotia.

1154 311 1236 353 Quid.
1249 313 1314 338 Met.
1330 322 1365 346 12,
1381 318 1402 344 8.
1439 315 1506 341 Hor.
1533 318 1612 350 Epist.
1637 329 1658 352 2,
1683 331 1703 354 1,
1729 330 1782 357 244
1808 323 1939 351 Boeotum
1959 325 1990 351 in
2006 326 2087 352 crasso
2107 328 2209 356 iurares

1153 355 1215 373 aere
1235 354 1335 374 natum.

1189 389 1205 409 Β
1215 390 1233 409 o
1244 391 1260 409 E
1268 390 1287 410 o
1297 391 1318 410 T
1327 392 1337 410 1
1346 390 1362 411 C
1371 391 1392 411 v
1400 391 1414 411 s
1423 405 1432 418 ,
1452 394 1465 412 a
1475 406 1483 418 ,
1503 395 1557 413 um.
1602 389 1637 414 lf't
1645 410 1652 421 ‚
1673 392 1829 420 Boeoticum
1847 404 1930 429 genus
1950 405 2120 423 cucumerum
2142 398 2208 426 Plin.

1158 427 1196 451 19,
1212 427 1224 459 5
1239 419 1255 445 s-
1270 427 1306 451 23·
1345 421 1580 461 Grat“nja[1r01ct‘t·bi-1
1590 423 1653 458 fimt
1668 427 1746 454 Auris
1762 430 1903 466 Boeotica,
1925 432 1986 466 Sus,
2006 433 2164 469 Ingenium,
2184 442 2209 460 et

1156 455 1313 490 Aenigmata
1325 456 1451 484 Boeotico
1463 458 1530 493 apud
1551 458 1686 494 Erafinum.

1552 531 1574 562 B
1674 534 1703 565 O
1800 539 1814 569 Ι

1192 605 1208 626 Β
1217 605 1236 626 Ο
1246 607 1255 625 1
1265 606 1285 626 A
1295 619 1303 632 ,
1324 608 1362 626 ae.
1384 600 1404 627 f.
1438 601 1580 638 Annuluss.
1589 602 1713 636 Cirmlur,
1722 614 1767 640 qua
1776 607 1837 633 colla
1845 611 1885 635 vel
1895 611 1972 645 pedes
1979 612 2210 649 malfficorumvirz-

1156 637 1265 675 ciwztur.
1308 636 1367 663 Vid.
1382 636 1500 669 Schesfer.
1516 637 1544 663 ile·
1561 638 1703 674 Torquibus
1715 648 1768 676 cap.
1785 652 1810 675 4.
1847 644 2038 683 Planucapn‘*
2063 658 2075 675 2
2097 656 2139 680 108
2162 651 2212 676 Bo,

1156 680 1196 697 ius
1210 670 1262 703 est,
1282 672 1376 698 Boiam
1390 672 1462 698 terit.
1499 673 1597 699 Comica
1611 675 1715 710 lasciuia
1730 677 1842 704 indicare
1856 681 1924 710 vult,
1944 670 2063 710 ὴοῃηῃςὶη
2077 670 2104 710 ln
2126 689 2212 712 mni-u-

1155 708 1190 734 lis
1203 706 1261 740 este,
1274 707 1322 744 fid
1333 710 1417 734 vtitur
1429 707 1561 748 formula,
1582 719 1642 745 quac
1655 715 1730 737 etiam
1748 713 1844 748 referri
1857 714 1937 749 potest
1959 719 1992 743 ad
2011 729 2135 747 venei-cam
2155 731 2213 748 co„-

1149 743 1306 779 fite-tudinem
1319 753 1373 770 cum
1387 744 1451 770 Boia
1465 745 1564 771 mulieri·
1574 765 1581 776 ,
1600 755 1623 780 q.
1639 746 1663 773 d.
1702 748 1798 773 Gallum
1811 758 1865 775 cam
1879 752 1950 778 Galla
1968 754 2063 781 cubare,
2088 756 2140 782 vid,
2155 766 2213 783 mox

1158 786 1254 806 13011.
1304 781 1381 806 Nunc
1400 779 1529 806 audiamus
1549 781 1669 814 Festum,
1703 783 1800 816 Boiae,
1833 786 1921 812 Genus
1953 789 2135 824 vinculorum,
2157 800 2213 819 tam

39 815 41 824 ¹
60 816 114 843 trba
127 813 334 854 ‚zulll'uf‘fizpo›·1's.
371 813 452 839 Plaut.
462 813 548 839 Truc.
563 822 591 847 4,
605 822 631 846 4,
646 822 655 839 ι
678 812 760 839 Blitea
773 818 799 838 ct
811 811 882 838 lutea
897 812 933 838 est
948 812 1086 844 meretrix,
1105 825 1140 843 20
1158 815 1277 849 ligneae,
1295 825 1376 850 quam
1388 816 1501 843 ferreae.
1538 816 1620 843 Plaut.
1637 817 1707 844 Asm.
1721 827 1750 851 3,
1764 828 1786 851 2,
1801 827 1814 852 ς
1840 821 1982 856 Carceres,
2000 827 2147 860 numellas,
2168 837 2212 862 pe-

1157 850 1228 877 dicas
1238 871 1245 883 ,
1265 851 1340 878 boias
1352 872 1360 884 ,
1379 857 1547 887 tortoresque
1561 853 1715 880 acerrimos.
1760 855 1858 882 Attrita
1874 857 1945 884 boiis
1960 860 2028 886 colla
2042 861 2112 888 liber
2132 864 2213 898 erigit

1156 887 1234 913 Prud.
1249 888 1383 919 Psychom.
1397 887 1480 923 praef.
1493 897 1520 914 v.
1535 896 1570 921 33.
1609 889 1711 916 Carccr‘
1720 889 1823 924 illigata
1836 891 1909 919 duris
1924 894 1993 921 colla
2012 896 2083 922 boiis
2101 898 2214 933 impedit

1155 922 1195 949 Id.
1210 924 1310 954 Hymn.
1325 930 1471 956 martyrum
1487 923 1623 959 Calagurr.
1637 932 1664 951 v.
1678 927 1724 958 46.
1762 926 1804 952 Gl.
1818 927 1881 958 Cyr.
1898 929 1991 962 κλοιὸς,
2013 930 2100 958 boiae.
2159 936 2214 961 Iam

1155 965 1239 984 notum
1251 959 1330 985 κλοιόν
1343 960 1441 987 collare
1455 958 1498 993 effi*
1513 967 1536 986 ct
1549 961 1688 988 manicam.
1732 961 1792 987 Vid.
1808 963 1876 989 Voffi
1892 963 1955 991 Lex.
1970 967 2055 998 Etym.
2067 977 2082 994 a
2095 970 2163 999 βοειίι
2193 973 2214 997 i.

1155 993 1243 1020 bubula
1252 995 1315 1029 pelle
1330 995 1443 1027 deriuat,
1459 995 1524 1022 vnde
1535 999 1644 1031 primum
1650 995 1742 1032 fabiae
1749 996 1814 1031 finr.
2169 990 2177 1002 ³

1192 1036 1208 1056 Β
1217 1037 1235 1056 0
1246 1037 1255 1055 1
1265 1037 1286 1056 Α
1295 1050 1302 1061 ,
1320 1039 1358 1057 ac.
1378 1031 1398 1057 f.
1439 1032 1511 1058 Forte
1524 1034 1601 1069 Regio
1615 1033 1746 1060 Boiorum
1755 1036 1783 1060 in
1798 1033 1881 1061 Gallia
1901 1035 1978 1062 Caes.
1986 1036 2053 1063 Bell.
2062 1038 2214 1074 Gall.7,14.

1153 1065 1202 1092 Sed
1214 1066 1281 1092 locus
1294 1063 1327 1099 ist
1340 1066 1436 1094 dubius.

1191 1108 1234 1128 Bo
1245 1109 1253 1126 1
1264 1108 1280 1128 c
1290 1109 1333 1128 vs
1355 1103 1426 1137 Ager
1438 1102 1552 1136 dicitur,
1571 1104 1627 1137 Qui
1641 1105 1695 1132 fuit
1709 1105 1839 1133 Boiorum
1855 1105 2006 1134 Gallorum.
2044 1109 2069 1135 Is
2083 1114 2171 1136 autem
2179 1110 2217 1136 est

1155 1136 1185 1163 in
1199 1137 1286 1164 Gallia
1300 1137 1366 1165 citra
1381 1138 1474 1174 Alpes,
1489 1148 1557 1174 quac
1571 1140 1680 1176 Togata
1694 1141 1803 1169 dicitur.
1838 1142 1937 1169 Festus.

1193 1180 1287 1213 3013.
1315 1173 1416 1208 [Βὸϊοι]
1453 1176 1540 1210 Populi
1555 1176 1658 1203 Galliae.
1678 1177 1745 1205 Plin.
1761 1187 1790 1211 4,
1806 1183 1840 1208 18.
1878 1179 1939 1205 Liu.
1953 1186 1977 1212 ς,
1991 1187 2028 1212 3ς.
2065 1179 2156 1214 Sil.4,
2173 1188 2216 1215 159

1153 1223 1199 1230 --
1233 1209 1375 1247 spitsaeque
1383 1216 1464 1239 ruunt
1471 1211 1590 1239 conferta
1597 1221 1646 1248 per
1658 1221 1732 1241 arina
1768 1213 1860 1242 Vndae
1872 1215 2011 1244 Boiorum.

1571 1287 1594 1318 B
1673 1288 1702 1320 O
1775 1289 1801 1321 L

1193 1362 1309 1390 BOLA,
1326 1366 1366 1385 ae.
1383 1357 1403 1385 f.
1441 1358 1542 1385 Gemma
1565 1357 1685 1386 laudatur
1705 1359 1773 1386 Plin.
1785 1368 1834 1395 37,
1848 1369 1877 1387 ιο
1890 1361 1908 1387 s.
1924 1368 1962 1394 53.
1999 1360 2048 1390 Sed
2066 1361 2216 1388 Harduimis

1155 1390 1225 1418 dedit
1239 1393 1338 1425 Boloe,
1359 1395 1443 1424 βῶλοι.
1485 1394 1542 1421 Vsa.
1556 1401 1664 1421 BOLVS.
1693 1396 1756 1423 Sunt
1769 1399 1812 1431 qui
1825 1398 1910 1432 legant
1924 1396 2044 1423 Bolenia.

1194 1434 1209 1454 13
1220 1435 1238 1454 O
1248 1435 1264 1453 L
1272 1435 1288 1454 Β
1297 1427 1310 1454 ἴ
1319 1436 1341 1455 Τ
1350 1436 1371 1455 V
1379 1436 1404 1456 M
1413 1449 1422 1461 ,
1444 1430 1463 1455 i.
1489 1439 1515 1456 n.
1536 1430 1693 1464 [βόλβιτον]
1733 1432 1838 1457 Graecis
1847 1432 2092 1468 Fimumstgnificat
2099 1453 2107 1465 ‚
2124 1440 2147 1459 et
2155 1440 2216 1468 pro-

1149 1466 1210 1498 prie
1223 1463 1354 1490 bubulum
1370 1475 1376 1491 ε
1413 1464 1479 1491 vnde
1493 1466 1670 1493 Imbulbitare
1684 1463 1780 1493 ditium
1789 1473 1868 1501 putat
1881 1467 2041 1502 Festus,pro
2058 1477 2082 1494 co
2095 1469 2160 1502 quod
2172 1468 2218 1502 ist,

1156 1499 1256 1526 Puerili
1269 1499 1383 1526 stercore
1398 1500 1549 1536 inquinare.
1598 1502 1656 1529 Vid.
1678 1508 1813 1528 13V131N0.
1886 1502 1953 1528 Plin.
1968 1508 2006 1535 28,
2021 1511 2049 1537 17
2069 1504 2140 1530 Finii
2161 1513 2216 1530 cer-

78 1540 93 1558 2
114 1533 219 1559 Morbus
231 1531 278 1566 cst,
299 1532 327 1558 dc
339 1541 384 1568 quo
397 1532 462 1559 Plin.
476 1540 521 1567 24,
536 1536 548 1561 8
563 1532 581 1557 s·
595 1539 622 1564 33
647 1531 700 1557 Boa
715 1531 861 1565 appellatur
879 1531 989 1559 morbus
1007 1540 1086 1566 papu-
1100 1539 1139 1564 40
1156 1535 1231 1567 vini,
1251 1537 1366 1564 maxime
1387 1536 1541 1568 subulonis,
1558 1537 1602 1563 sed
1624 1543 1650 1563 et
1669 1537 1780 1570 bubuli,
1802 1537 1835 1564 de
1852 1538 2009 1565 armentinis
2022 1538 2121 1572 loquor
2138 1540 2216 1580 (qui-

1155 1570 1217 1598 dam
1237 1572 1365 1599 Bolbiton
1384 1576 1498 1605 vocant)
1519 1572 1602 1606 cinis,
1623 1573 1841 1600 cochleariorum
1861 1574 1945 1601 trium
1965 1575 1994 1600 in
2013 1574 2088 1601 mulsi
2109 1574 2218 1602 hemina

1153 1606 1234 1633 bouis
1248 1608 1365 1636 feminae
1378 1609 1408 1635 in
1421 1608 1582 1636 mulieribus
1595 1607 1702 1642 efficax,
1724 1616 1749 1636 et
1758 1618 1790 1636 ex
1803 1609 1887 1637 altero
1901 1611 1963 1637 sexu
1977 1610 2006 1636 in
2019 1611 2099 1637 viris.

1192 1650 1208 1670 E
1217 1650 1236 1670 O
1247 1650 1262 1670 L
1272 1651 1288 1671 Ε
1298 1652 1321 1672 N
1332 1652 1342 1671 Ι
1351 1652 1374 1672 A
1382 1664 1391 1677 ,
1414 1646 1513 1671 Gemma
1522 1665 1531 1678 ,
1562 1654 1630 1679 quae
1649 1645 1744 1672 nimbo
1763 1646 1904 1674 inuenitur
1929 1645 2022 1681 glebae
2041 1646 2218 1674 limilitudine

1155 1679 1223 1705 Plin.
1241 1687 1282 1715 37,
1299 1689 1335 1706 10.
1378 1680 1426 1708 Sed
1441 1681 1523 1708 Hard.
1537 1681 1629 1708 Bolo'c'.
1686 1681 1743 1709 Vid.
1760 1688 1868 1709 BOLVS.

1191 1721 1207 1742 B
1216 1716 1236 1741 6
1245 1722 1261 1741 L
1272 1716 1289 1742 Ε
1300 1722 1322 1743 'r
1334 1723 1356 1742 V
1367 1723 1381 1743 s
1392 1736 1400 1750 ,
1420 1717 1439 1743 i.
1458 1727 1493 1743 m.
1514 1717 1664 1752 [βωλίτης]
1704 1719 1785 1745 Genus
1791 1718 1875 1755 fiingi
1888 1721 1955 1745 inter
1969 1727 2051 1745 omnes
2062 1721 2165 1754 optimi:
2187 1718 2218 1745 de

1153 1759 1200 1812 quo
1213 1751 1307 1778 abunde
1320 1752 1387 1779 Plin.
1402 1761 1445 1786 22,
1459 1762 1492 1779 22
1509 1754 1527 1779 s.
1541 1755 1578 1787 46
1599 1754 1672 1780 Inter
1688 1762 1734 1786 ea,
1754 1763 1822 1788 quae
1843 1759 1944 1780 temere
1968 1754 2098 1786 eduntur,
2119 1761 2145 1780 et
2166 1754 2218 1780 bo-

1165 1792 1221 1813 etos
1235 1788 1334 1814 merito
1349 1789 1502 1822 posuerim,
1520 1789 1617 1822 optimi
1630 1789 1740 1823 quidem
1757 1789 1805 1815 hos
1818 1789 1953 1821 cibissed
1973 1790 2104 1815 immenso
2126 1798 2217 1816 exem-

1154 1821 1199 1856 plo
1219 1823 1248 1848 in
1267 1824 1370 1849 crimen
1391 1823 1535 1855 adduetos,
1556 1832 1659 1850 veneno
1680 1823 1800 1850 Tiberio
1820 1824 1935 1850 Claudio
1956 1824 2072 1859 principi
2086 1833 2134 1859 per
2147 1825 2217 1852 hane

1153 1858 1316 1884 occasionem
1331 1867 1346 1884 a
1357 1859 1472 1893 coniuge
1485 1859 1632 1893 Agrippina
1647 1859 1709 1885 dato
1725 1870 1731 1886 :
1769 1868 1824 1894 quo
1837 1859 1910 1886 fafito
1926 1860 1974 1886 illa
1988 1861 2066 1887 terris
2080 1870 2217 1889 venenum

71 1894 88 1915 Β
96 1894 115 1916 0
122 1894 146 1915 A
153 1894 172 1915 R
180 1894 198 1916 E
206 1907 216 1920 ,
236 1893 254 1917 Β
262 1893 281 1916 0
290 1893 336 1915 AL
345 1894 356 1914 1
365 1894 388 1915 A
399 1906 409 1921 ³
429 1893 447 1916 B
454 1893 474 1916 Ο
482 1894 504 1916 Α
513 1894 534 1916 R
542 1895 553 1916 1
560 1894 582 1916 V
591 1894 605 1915 S
612 1907 621 1920 ‚
641 1893 658 1915 Β
667 1893 687 1915 O
694 1894 718 1915 A
725 1893 748 1914 T
757 1895 768 1914 1
775 1894 802 1916 M
809 1907 819 1921 ‚
840 1887 894 1914 vid.
910 1894 927 1916 Β
937 1894 956 1915 O
965 1894 989 1915 S.
1104 1898 1138 1926 50
1154 1892 1267 1919 alterum
1275 1913 1283 1926 ,
1302 1893 1405 1928 sibique
1419 1900 1479 1921 ante
1493 1903 1584 1920 omnes
1592 1915 1601 1927 ‚
1623 1895 1762 1922 Neronem
1776 1896 1852 1921 suurn
1866 1894 1949 1921 dedit.
1988 1897 2165 1930 Qorundam
2180 1906 2216 1924 cx

1154 1927 1196 1954 his
1216 1929 1293 1955 facile
1314 1930 1459 1957 noscuntur
1479 1939 1598 1960 venena,
1619 1930 1707 1954 diluto
1720 1929 1838 1962 rubore,
1859 1931 1969 1956 rancido
1982 1931 2104 1965 aspectu,
2127 1933 2216 1960 liuido

1155 1964 1226 1991 intus
1241 1968 1347 1995 colore,
1367 1966 1466 1992 rimosa
1485 1964 1560 1993 stria,
1582 1963 1682 1997 pallido
1696 1972 1743 1997 per
1755 1964 1889 1990 ambitum
1906 1964 1983 1991 labro
2003 1972 2048 1992 etc.
2120 1969 2216 1995 quen.

1155 2000 1206 2027 Sat.
1221 2008 1243 2032 ς,
1258 2003 1306 2032 146
1323 1999 1431 2025 Vilibus
1449 1998 1577 2031 ancipites
1591 1998 1670 2032 fungi
1686 2005 1819 2032 ponentur
1832 2000 1925 2026 amicis
1940 2011 1946 2026 :
1968 2001 2074 2028 Boletus
2092 2001 2218 2036 domino,

1155 2035 1199 2060 sed
1212 2034 1318 2067 qualem
1332 2032 1460 2059 Claudius
1474 2032 1538 2059 edit.
1595 2035 1652 2060 Ars
1670 2041 1801 2070 nepotum,
1827 2035 1951 2063 Boletum
1965 2037 2075 2064 condire
2096 2039 2217 2066 quenal.

1154 2069 1204 2129 {qaia
1217 2076 1258 2100 14,
1273 2073 1296 2098 8.
1354 2068 1429 2105 Conf.
1443 2068 1562 2096 Martial.
1581 2078 1602 2102 1,
1623 2078 1663 2103 21,
1676 2078 1699 2103 3.
1735 2078 1811 2105 et„13,
1824 2079 1870 2107 47.
1943 2072 2013 2100 Suet.
2027 2073 2096 2100 Tib.
2110 2083 2131 2101 c.
2142 2084 2178 2109 42
2191 2081 2219 2102 et

1185 2111 1220 2129 er.
1241 2112 1262 2129 c.
1278 2112 1314 2136 33.

1188 2145 1394 2173 ΒοιΕΤΑκ,
1416 2140 1448 2167 is.
1486 2142 2107 2182 ἱτ,Βο[ΕΤΑ1ὶ1νΜ,ἰ.η.[βολιτήριον]
2142 2146 2216 2182 Vafis

1151 2183 1254 2207 nomen,
1275 2176 1342 2211 quod
1352 2183 1376 2203 et
1388 2177 1448 2203 aliis
1461 2176 1582 2213 obsoniis,
1600 2187 1672 2214 quam
1684 2179 1773 2206 boletis
1780 2181 1917 2216 seruiebat.
1973 2182 2090 2209 Martial.
2110 2192 2149 2216 14,
2170 2192 2215 2211 101:

1151 2210 1195 2237 vbi
1208 2213 1316 2245 titulus,
1336 2212 1488 2245 Boletaria,
1509 2214 1601 2247 Quun
1614 2213 1683 2240 mihi
1699 2214 1783 2242 boleti
1799 2216 1920 2243 dederint
1933 2222 1988 2244 tam
2001 2217 2214 2252 nobilenomen,

1152 2247 1316 2274 Prototomis
1330 2248 1432 2283 (pudet.
1448 2248 1517 2281 heu)
1536 2250 1624 2276 seruio
1637 2251 1768 2278 coliculis.
1806 2252 1914 2279 Boletar
1927 2256 2002 2278 etiam
2016 2256 2044 2279 in
2062 2254 2160 2288 Apicio
2179 2256 2215 2282 le·

1151 2283 1256 2319 gendum
1270 2293 1296 2317 2,
1312 2293 1321 2310 1
1343 2285 1374 2310 Et
1387 2285 1523 2311 exinanies
1538 2285 1566 2311 in
1579 2285 1703 2313 boletari.
1762 2288 1831 2313 Hinc
1844 2287 1913 2323 apud
1930 2287 2018 2314 Treb.
2035 2288 2100 2315 Poll.
2114 2289 2213 2317 Claud.

1153 2326 1182 2353 17
1203 2319 1310 2346 Boletar
1327 2319 1519 2352 halieuticum,
1539 2320 1583 2347 vbi
1601 2321 1690 2348 voleta
1710 2320 1843 2355 edebatur,
1863 2329 1887 2349 et
1905 2322 2042 2357 boletera‚
2062 2322 2214 2358 instrumen-

1151 2360 1203 2380 tum
1210 2355 1391 2391 piscatorium,
1405 2355 1581 2391 suspicabatur
1594 2357 1714 2394 Scaliger.
1777 2358 1836 2385 Via.
1860 2358 1891 2385 de
1922 2369 1947 2385 eo
1978 2361 2031 2386 loco
2057 2361 2138 2387 Turn.
2157 2361 2213 2388 Ad-

1152 2390 1217 2426 veof
1231 2400 1265 2424 15,
1279 2400 1317 2417 20.
1355 2392 1446 2417 Barth.
1461 2391 1567 2427 Aduersl
1578 2399 1617 2423 38,
1631 2402 1654 2420 ρ.
1691 2400 1715 2419 et
1726 2395 1821 2421 Donat.
1832 2394 1948 2422 Dilucid.
1979 2415 1987 2422 .
1999 2399 2064 2423 1016.
2111 2397 2159 2424 Sed
2170 2401 2212 2424 ni-

101 2431 207 2458 xarant,
227 2423 370 2451 arboresue
390 2424 542 2451 terminales
556 2430 696 2457 eueniunt,
711 2425 754 2451 vel
768 2424 817 2459 qui
830 2423 985 2450 conuellunt
999 2423 1084 2449 bodo·
1104 2424 1136 2456 63
1151 2425 1190 2452 hil
1202 2427 1289 2452 melius
1303 2435 1376 2462 quam
1390 2427 1513 2460 Boletar,
1532 2427 1597 2463 quod
1606 2428 1698 2463 probat
1711 2436 1736 2455 et
1755 2429 1886 2464 Salmasius
1895 2450 1902 2463 ,
1923 2437 1947 2457 ct
1985 2431 2141 2459 alieuticum
2159 2433 2212 2459 dici

1146 2467 1233 2496 putat,
1247 2462 1275 2488 ob
1289 2462 1440 2498 Pisbatorem
1454 2466 1481 2489 in
1494 2473 1520 2490 eo
1532 2463 1674 2500 cxpreffiim.
1711 2466 1817 2502 Profert
1830 2466 1865 2492 ad
1867 2466 2024 2502 firmandam
2037 2468 2102 2494 hanc
2109 2469 2212 2504 senten-

1150 2499 1213 2523 tiam
1225 2501 1354 2533 antiquum
1367 2501 1406 2534 epi
1439 2509 1533 2530 amma,
1554 2500 1619 2536 quod
1631 2501 1680 2528 huc
1692 2501 1851 2537 repetendum
1869 2502 1978 2530 uidetur.
2028 2505 2211 2541 Argumentum

1151 2530 1185 2566 cst
1199 2533 1307 2561 Galatea
1322 2534 1350 2560 in
1363 2534 1400 2561 bo
1413 2535 1480 2562 etari
1493 2535 1564 2570 pic‘ta
1573 2556 1581 2568 ,

1307 2570 1414 2597 Ludere
1427 2573 1499 2598 sueta
1516 2571 1590 2598 vadis
1604 2571 1712 2607 priuato
1726 2573 1842 2609 nympha
1860 2580 1953 2602 natatu

1341 2607 1458 2634 Exornat
1470 2608 1569 2634 mensas
1584 2608 1705 2635 membra
1717 2610 1826 2637 venusta
1838 2619 1960 2638 mouenS.

1307 2643 1416 2670 Comtas
1429 2644 1495 2670 nolo
1511 2643 1604 2678 dapes,
1625 2654 1739 2671 vacuum
1753 2645 1822 2673 mihi
1834 2655 1904 2680 pone
1924 2645 2030 2673 boletar

1341 2679 1424 2714 Qod
1437 2680 1522 2715 placet
1534 2680 1658 2715 aspiciam
1671 2691 1679 2712 3
1716 2690 1802 2708 renuo
1821 2682 1895 2717 quod
1914 2683 2021 2709 saturat.

1154 2712 1204 2740 Vbi
1220 2719 1295 2747 nota,
1313 2719 1427 2750 primam
1445 2718 1556 2751 corripi,
1577 2725 1637 2752 quae
1656 2719 1684 2742 in
1703 2717 1798 2744 Boleto
1818 2719 1893 2755 longa
1908 2717 1950 2752 est.
1987 2719 2047 2744 Vet.
2062 2716 2148 2744 schol.
2161 2719 2207 2744 Iu-

1149 2758 1209 2776 ven.
1243 2759 1274 2781 11,
1309 2759 1352 2787 137
1395 2752 1533 2787 Pergulam
1570 2755 1754 2788 interpretatur
1784 2756 1929 2789 coquinam
1942 2774 1952 2788 ,
1992 2762 2043 2789 qua
2075 2753 2207 2780 boletaria

1166 2792 1293 2813 oriuntur.

1148 2794 1164 2820 p
1186 2828 1314 2855 BOLIS,
1332 2821 1392 2849 i'dis.
1411 2822 1432 2849 f.
1454 2823 1563 2859 [βολῖς]
1599 2832 1623 2860 q.
1643 2823 1669 2850 d.
1691 2825 1819 2857 Iaculum,
1838 2824 1940 2861 pondus
1952 2825 2073 2862 funiculo
2093 2822 2205 2858 affixum,

1147 2866 1194 2894 quo
1208 2856 1305 2892 demiſjb
1325 2866 1415 2884 nautae
1435 2861 1566 2894 explorant
1578 2859 1738 2886 altitudinem
1751 2865 1830 2888 maris
1842 2872 1851 2886 :
1887 2869 1992 2887 vocatur
2001 2861 2205 2896 perpendiculum

1147 2896 1287 2926 nauticum,
1306 2893 1403 2921 diflum
1416 2894 1464 2921 οἷπᾶ
1478 2897 1511 2921 τΞ
1524 2895 1645 2927 βάλλειν,
1666 2896 1696 2922 id
1707 2893 1741 2929 est'
1753 2906 1768 2923 a
1781 2896 1912 2923 mittendo.
1950 2896 2073 2923 Scheffer.
2087 2896 2120 2922 de
2140 2896 2202 2923 Mil.

1148 2929 1219 2956 Nau.
1236 2939 1261 2963 2,
1275 2938 1288 2963 ς
1305 2939 1329 2965 p.
1346 2938 1390 2963 150
1401 2930 1489 2957 laudat
1502 2932 1600 2958 Gloss'as
1614 2932 1650 2958 N.
1665 2932 1704 2959 T.
1731 2932 1803 2958 Bolis
1816 2931 1852 2958 est
1871 2932 2006 2958 vasculum
2026 2940 2138 2958 aeneum
2159 2931 2204 2958 vel

1146 2965 1303 3003 plumbeum
1322 2976 1382 2992 cum
1402 2973 1507 3000 catena,
1528 2967 1601 3003 quod
1620 2973 1715 2995 nautae
1734 2967 1846 3002 implent
1867 2967 1946 3002 adipe
1959 2974 1985 2994 et
1999 2967 2158 2994 submittunt
2171 2968 2203 2994 in

1147 3010 1236 3034 mare,
1260 3002 1293 3028 ad
1311 3002 1520 3037 explorandum,
1540 3013 1572 3030 an
1592 3003 1650 3030 loca
1668 3004 1788 3038 petrosa,
1809 3003 1858 3030 vbi
1877 3003 1953 3030 nauis
1975 3003 2048 3038 possit
2066 3003 2149 3036 stare,
2167 3012 2202 3031 an

1147 3039 1269 3069 arenosa,
1307 3047 1376 3073 quae
1412 3039 1504 3065 nauim
1532 3039 1650 3075 perdant.
1728 3039 1787 3065 Vid-
1821 3046 1838 3066 C
1853 3046 1875 3066 A
1892 3045 1914 3065 T
1932 3046 1955 3066 A
1973 3046 1989 3071 Β
2006 3047 2015 3066 1
2032 3046 2051 3066 R
2068 3047 2091 3066 A
2105 3047 2127 3066 'r
2142 3047 2158 3066 E
2174 3046 2199 3067 S.

1145 3071 1166 3136 ἒ
1189 3083 1202 3100 2
1224 3072 1264 3108 Est
1278 3080 1301 3100 ct
1313 3077 1414 3102 mereari
1425 3084 1520 3102 nomen.
1558 3076 1624 3102 Plin.
1641 3084 1664 3107 2,
1679 3077 1710 3101 26
1728 3075 1846 3102 Emicant
1859 3081 1885 3101 et
1901 3075 1985 3108 faces,
1997 3074 2102 3101 nonnisi
2117 3084 2201 3111 quum

1164 3109 1270 3137 ecidunt
1282 3110 1373 3137 visae:
1408 3111 1494 3146 qualis
1513 3111 1672 3138 Germanico
1691 3111 1801 3138 Caesare
1823 3110 2001 3146 gladiatorum
2021 3110 2200 3146 spe&aculum

1146 3145 1255 3180 edente,
1279 3153 1384 3181 praeter
1398 3155 1446 3174 ora
1460 3147 1555 3182 populi
1570 3146 1720 3173 meridiano
1734 3147 1933 3175 transcucurrit.
1975 3146 2037 3173 Duo
2050 3156 2146 3182 genera
2157 3156 2200 3174 ea-

1145 3191 1205 3210 rum
1220 3193 1226 3208 t
1262 3182 1406 3217 Lampades
1418 3189 1515 3210 vocant
1529 3183 1606 3218 plane
1619 3183 1688 3209 faces
1703 3193 1709 3209 ε
1744 3182 1857 3209 alterum
1875 3181 1998 3215 ·bolidas‚
2019 3183 2097 3218 quale
2116 3184 2200 3211 Muti-

1145 3217 1267 3245 nensibus
1278 3219 1356 3245 malis
1370 3219 1457 3245 visum
1471 3219 1516 3246 est.
1552 3219 1671 3251 Distam,
1690 3218 1764 3253 quod
1774 3219 1844 3244 faces
1857 3218 1968 3253 vestigia
1987 3219 2066 3254 longa
2087 3219 2201 3252 faciunt,

1145 3254 1237 3289 priore
1247 3254 1358 3281 ardente
1374 3261 1448 3290 parte
1461 3265 1468 3282 :
1505 3255 1578 3282 Bolis
1600 3263 1666 3281 vero
1685 3260 1811 3289 perpetua
1825 3253 1933 3287 ardens,
1951 3254 2103 3290 longiorem
2116 3255 2200 3282 trahit

1142 3290 1266 3317 limitem.

1180 3332 1197 3353 Β
1206 3333 1225 3353 0
1235 3333 1251 3352 L
1260 3334 1270 3353 1
1279 3334 1300 3354 T
1309 3333 1326 3354 Ε
1335 3333 1348 3354 s
1355 3346 1363 3358 ,
1383 3335 1422 3353 ae.
1460 3326 1580 3359 [βσλΙτης
1591 3327 1604 3362 ]
1642 3324 1768 3351 Radicem
1780 3324 1869 3352 herbae
1880 3325 2022 3360 Lychnidis
2036 3326 2123 3353 Atiani
2147 3327 2198 3352 Bo-

1143 3362 1228 3424 liten6
1240 3368 1352 3424 Focant,
1379 3371 1431 3398 qua
1457 3362 1564 3397 alligata
1591 3361 1686 3394 oculo,
1709 3360 1847 3395 albugines
1875 3361 1936 3389 tolli
1967 3362 2094 3389 dicuntur
2129 3361 2196 3389 Plin.

1142 3406 1210 3431 21,2
1253 3404 1314 3432 .98.

1215 3431 1225 3439 υ

1180 3440 1320 3467 BOLVS,
1339 3434 1359 3461 i.
1379 3433 1492 3468 [βέλος]
1528 3433 1631 3460 labium
1643 3431 1789 3469 fignificat,
1807 3433 1848 3460 vel
1869 3435 1898 3459 in
1923 3434 1994 3466 alea,
2021 3434 2062 3460 vel
2080 3436 2143 3459 retis
2161 3431 2196 3458 ad

61 3496 78 3500 .
1140 3470 1295 3506 pist-andum.
1337 3470 1474 3506 Vtramque
1486 3473 1606 3497 notionem
1625 3471 1710 3505 iungit
1744 3468 1826 3495 Plaut.
1841 3468 1870 3496 in
1883 3469 1953 3496 Rud.
1968 3478 1994 3502 2,
2006 3478 2029 3502 3,
2045 3478 2075 3501 3ο
2095 3469 2119 3494 O
2139 3467 2195 3494 Ne-

58 3502 69 3519 *3
80 3512 102 3527 ’-
124 3502 182 3526 mm
199 3508 226 3526 ¹¹2
237 3499 381 3533 Mesfll'issffl
401 3505 424 3525 (ἴ
438 3498 570 3533 ogygiam
583 3509 598 3526 α
612 3500 708 3536 ΡθΠΜῑΐ
723 3503 820 3527 Ρθὲΐαθ·
863 3501 915 3537 Qi
925 3502 1040 3535 Hyantas
1053 3510 1078 3530 et
1089 3513 1122 3540 95
1142 3512 1223 3541 ptune
1238 3506 1344 3541 lepide,
1359 3505 1446 3538 salue,
1468 3515 1516 3532 nec
1529 3511 1555 3532 te
1567 3505 1669 3531 aleator
1681 3504 1750 3531 vuus
1759 3504 1796 3531 est
1811 3505 1957 3540 sapientior
1971 3516 1976 3532 :
2011 3503 2132 3539 profc6to
2153 3503 2194 3530 ni-

1142 3541 1193 3569 mis
1207 3542 1294 3577 lepide
1309 3541 1394 3568 iecisti
1408 3540 1517 3574 bolum,
1536 3541 1675 3575 periurum
1689 3540 1837 3575 perdidisti.
1880 3540 1960 3568 Verba
1965 3539 2030 3577 sunt
2039 3539 2194 3578 *Trachalio-

1143 3581 1185 3604 m's
1192 3578 1263 3614 strui
1277 3577 1311 3605 ad
1323 3579 1483 3613 Neptunum,
1502 3575 1669 3608 existimantis
1682 3577 1789 3603 lenonem
1802 3576 1941 3613 naufragio
1949 3574 2056 3611 periiſje.
2107 3574 2192 3602 Plaut-

1143 3614 1222 3640 Curc.
1245 3622 1269 3647 ς,
1288 3623 1314 3646 2,
1329 3622 1354 3646 13
1377 3613 1404 3640 Si
1420 3614 1477 3645 vis,
1498 3611 1585 3638 tribus
1603 3610 1673 3639 bolis
1692 3612 1736 3638 vel
1755 3613 1783 3639 in
1803 3612 1968 3645 chlamydem
1982 3610 2041 3647 fiil-
2057 3609 2192 3638 Ludamus.

457 3678 462 3683 ,
526 3678 533 3683 ,
1142 3650 1210 3676 Bolo
1217 3649 1335 3685 aliquem
1341 3656 1459 3684 tangere,
1466 3645 1497 3682 qli
1506 3648 1795 3711 cii-czimuetzirffauere.
1819 3651 1910 3683 Nempe
1916 3648 1983 3674 bolus
1990 3649 2040 3672 rete
2047 3643 2088 3678 est.
2109 3646 2191 3674 Plaut-

368 3678 481 3705 30e⁰t¹²¹
499 3679 598 3705 Du‘cen
606 3698 614 3712 2
638 3681 685 3704 im·
706 3678 874 3705 Phab‘fhfflltffl
892 3681 1004 3709 incendio
1022 3693 1133 3713 are-100
1143 3687 1222 3712 Poen.
1231 3686 1382 3712 Prol.v.101.
1393 3691 1415 3710 ct
1422 3684 1507 3710 Truc.
1515 3692 1570 3719 arg.
1577 3693 1604 3710 v.
1611 3692 1632 3716 3.
1641 3684 1671 3711 Ia
1700 3689 1762 3711 usin
1769 3684 1826 3711 ludo
1833 3686 1897 3711 aleae
1904 3684 1944 3709 vel
1954 3681 2080 3707 duodecim
2098 3685 2192 3718 cripta-

1142 3731 1197 3748 rum
1218 3721 1380 3758 intelligitur,
1394 3720 1492 3746 Auson.
1507 3720 1612 3746 Proseis.
1621 3727 1642 3753 ι,
1649 3722 1684 3747 26
1704 3723 1732 3746 in
1745 3718 1888 3747 celebranda
1897 3719 2020 3748 memoria,
2034 3717 2068 3743 Vi
2090 3717 2157 3744 imus
2165 3724 2192 3746 ct

1143 3757 1278 3792 quondam
1290 3756 1396 3784 tabulae
1409 3755 1553 3782 certamine
1566 3755 1648 3791 longo
1665 3757 1766 3783 Omnes
1780 3756 1828 3790 qui
1844 3755 1949 3779 fucrant
1969 3754 2129 3780 enumerasse
2142 3754 2190 3781 bo-

1143 3793 1192 3820 los.
1389 3788 1410 3829 ff
1430 3799 1446 3817 2
1465 3791 1523 3818 Cum
1535 3791 1564 3818 de
1574 3792 1639 3818 cibis
1646 3791 1730 3829 sermo
1742 3789 1790 3824 est,
1810 3796 1882 3815 notat
1894 3789 1934 3814 vel
1945 3788 2010 3824 quod
2028 3792 2087 3815 cani
2104 3789 2191 3816 obiici-

18 3827 19 3831 *
62 3821 227 3849 ‘meridiem-
262 3822 417 3856 Bontiama
429 3820 539 3854 βὸιωτῖᾶ)
554 3825 641 3850 vocari
653 3823 796 3859 C-“taſtrgum
808 3825 908 3850 ’muium
919 3826 949 3850 in
966 3825 1029 3854 libro
1035 3827 1076 3864 Je-
1092 3837 1098 3842 ’
1141 3836 1194 3862 tur,
1202 3830 1242 3856 vel
1248 3828 1314 3865 quod
1324 3831 1352 3854 in
1366 3825 1478 3861 osfimzcl
1488 3830 1644 3855 immittitur.
1681 3829 1722 3855 Sic
1729 3827 1797 3853 Dare
1811 3824 1889 3852 alicui
1900 3823 2010 3859 grandes
2023 3823 2100 3851 bolos
2107 3825 2189 3852 Plaut-

25 3858 27 3862 .
121 3857 229 3890 Iliadis,
243 3865 330 3885 notum
347 3856 389 3892 fi.
1089 3870 1134 3898 105
1142 3866 1210 3893 Pers.
1223 3874 1252 3899 4,
1265 3873 1292 3898 4,
1306 3865 1367 3904 ιειχό.Ι
1433 3862 1512 3890 Bolus
1530 3872 1545 3891 e
1563 3863 1686 3892 faucibus
1702 3862 1772 3898 eripi
1787 3860 1901 3892 dicitur,
1919 3862 2015 3896 quoties
2031 3860 2189 3887 commoditas

1297 3900 1310 3926 Ι
1328 3908 1340 3926 ι
1359 3907 1369 3925 ι
1389 3898 1400 3926 i
1435 3907 1452 3925 2
2094 3897 2189 3930 aliqua,
