2474 4182
52 122 147 170 1089
459 111 494 152 C
576 112 612 152 0
692 110 740 152 M
1534 112 1569 153 C
1652 116 1687 153 0
1773 113 1821 157 M
2105 135 2198 172 1090

49 214 102 232 non
127 202 213 231 destiti
231 201 287 229 Cic.
311 201 425 237 Philipp.
447 210 474 234 2,
488 209 522 234 24
535 209 556 227 c.
571 210 608 227 ιο.
679 198 752 234 Conf-
768 198 804 224 ld.
819 199 871 226 Att.
889 208 912 232 9,
927 208 960 232 ¹3-
1032 201 1088 227 Cic.
1154 197 1287 225 cultatibus
1299 197 1455 230 coniunffls,
1472 202 1584 234 precari.
1621 201 1689 228 Ter.
1704 201 1778 229 Adel.
1793 212 1822 238 4,
1835 211 1860 237 ς,
1875 205 1906 235 65
1927 205 1979 232 Abi
1992 208 2100 236 domum
2114 220 2142 237 ac
2156 211 2200 237 de.

49 250 96 276 pro
109 240 182 266 Rosc.
196 239 284 265 Amer.
299 246 325 270 33
347 240 422 272 Qios
441 238 528 271 (ciues
538 236 619 272 fisos)
638 235 701 269 quia
713 243 761 269 per
773 236 989 270 compolitionem
1005 236 1089 262 serua-
1154 243 1183 260 os
1196 241 1363 267 comprecare
1373 254 1381 266 ‚
1401 240 1429 260 vt
1442 243 1552 262 vxorein
1566 239 1670 264 arcessas
1684 248 1689 262 2
1727 239 1781 265 abi.
1853 239 1923 265 Add.
1939 241 1974 266 ib.
1997 252 2022 267 v.
2037 251 2079 277 70.
2153 247 2201 273 Ca-

50 286 78 303 rs
94 274 214 306 volebat,
234 273 288 308 ipse
301 273 334 300 ab
347 273 387 300 his
402 274 555 299 interemtus
568 271 612 297 est.
648 272 686 296 De
701 271 822 298 Scaeuola.
902 272 958 298 Cic.
976 272 1047 298 Fani.
1062 281 1088 305 2,
1153 269 1210 295 tull.
1225 271 1258 294 62
1271 272 1336 302 (63)
1350 278 1390 302 191
1412 270 1612 306 Caelestiunqnc
1622 273 1701 299 fidem
1717 274 1846 309 postrema
1860 284 2010 310 comprecer
2025 279 2089 306 liora
2099 300 2105 308 ,
2141 281 2166 307 b.
2181 291 2201 307 e.

49 317 63 342 3
77 318 120 346 pr.
141 309 211 342 Quid
227 310 235 335 3
271 316 300 336 tu
314 318 356 335 me
370 309 418 335 hoc
435 308 486 334 tibi
500 306 626 333 mandasse
640 305 771 332 existimas
785 315 790 330 :
826 314 854 334 vt
875 307 943 334 milii
963 307 1087 341 gladiato·
1153 307 1261 332 Deorum
1275 307 1404 331 auxilium.
2097 309 2101 312 '

48 355 106 374 rum
126 345 344 379 competitiones,
364 351 393 371 vt
413 343 566 370 vadimonia
584 341 681 374 dilata,
700 348 725 368 et
743 342 847 369 Chresti
869 343 1088 378 compilationem
1115 347 1129 373 ς
1187 346 1491 380 OQM-PRnQATio,
1512 340 1579 368 onis.
1616 344 1635 369 f.
1672 344 1773 379 [ἕυχιὶ]
1811 346 1871 372 Liu.
1883 352 1930 378 39,
1952 355 1975 378 ις
1996 346 2072 373 Nulli
2087 357 2202 382 vnquam

23 397 24 406 ι
48 381 181 413 mitteres,
202 387 247 407 τις.
291 381 347 408 Vid.
362 381 462 408 Manat.
476 385 527 404 not.
1153 384 1276 415 concioni
1291 377 1430 409 Qllrites,
1449 381 1502 402 tam
1518 385 1570 402 non
1585 378 1668 405 solum
1683 387 1740 414 apta
1750 401 1757 413 ,
1776 381 1818 407 sed
1834 382 1913 408 etiam
1927 383 2065 409 necessaria
2079 383 2140 409 haec
2155 385 2203 411 sol-

84 422 102 443 C
113 423 165 442 OM
180 422 194 442 Ρ
206 424 224 443 O
235 424 264 443 SI
275 418 350 442 TVR
360 423 397 448 Α,
417 415 457 441 vel
466 410 618 439 detractione
631 413 718 439 literae
731 415 755 446 Ι,
778 419 1060 445 COMPOSTVRA,ae.
1069 412 1089 438 f.
1153 411 1247 437 lemnis
1261 411 1373 438 deorum
1388 412 1567 446 comprecatio
1581 413 1649 445 fuit,
1673 425 1739 448 quae
1758 426 1806 442 vos
1827 417 1996 450 admoneret,
2016 424 2062 444 etc.
2136 420 2204 446 Gell.

46 451 194 486 [σύνθεσις]
230 450 380 486 Compositio.
417 451 482 477 cato
498 456 539 478 22,
552 456 564 480 3
584 448 718 483 Trapetus
732 456 817 475 emtus
831 449 866 475 est
882 449 908 475 in
917 449 1036 475 Suessano
1043 457 1090 473 nu-
1155 454 1189 478 ι3,
1204 455 1239 486 ιιἢ
1255 447 1487 481 Comprecationes
1501 448 1613 474 deorum
1628 449 1836 483 immortalium,
1851 462 1917 487 quae
1930 454 1984 480 ritu
1997 453 2118 480 Romano
2127 454 2205 488 fiunt,

46 487 96 514 mis
110 487 323 523 quadringentis,
340 493 364 513 ct
377 485 431 512 olei
446 491 470 510 P.
486 489 514 510 L.
536 485 718 518 composturae
731 486 818 512 munis
837 485 983 519 sexaginta,
999 483 1089 510 vecffu-
1153 485 1284 516 expolitae
1298 483 1357 509 sunt
1371 484 1398 509 in
1412 483 1490 509 libris
1503 484 1668 510 sacerdotum
1685 486 1777 519 Populi
1792 489 1914 521 Romani,
1926 497 1972 515 etc.

45 532 75 550 ra
89 523 180 550 boum.
252 523 398 550 Oculorum
411 518 600 553 compositurae
621 521 724 547 Lucret.
738 532 756 555 4
765 541 772 554 ,
795 529 849 553 329.
923 519 1026 546 Asinius
1042 519 1089 545 Ca·
1107 523 1136 545 ιο
1191 523 1208 543 c
1220 524 1238 544 ο
1247 525 1272 543 Μ
1282 525 1296 543 Ρ
1306 525 1325 544 R
1334 526 1350 545 E
1363 526 1382 544 H
1395 526 1410 545 E
1421 527 1442 545 N
1451 526 1469 545 D
1479 526 1498 545 o
1507 538 1515 551 ,
1529 518 1582 552 siue
1603 526 1620 546 c
1633 526 1652 546 Ο
1661 527 1684 545 M
1696 527 1710 546 p
1720 529 1737 547 i<
1747 530 1763 548 i:
1775 530 1793 548 Ν
1805 529 1822 548 D
1832 531 1851 549 0
1862 544 1870 555 ‚
1891 524 1933 556 di,
1955 526 2020 558 snm,
2043 527 2096 552 ¹ere,
2133 526 2204 560 [wa.

46 559 103 594 pito
116 559 182 594 apud
193 558 260 585 Gell.
281 566 303 591 ς,
317 566 350 585 20
370 555 542 582 Soloecismus
561 556 597 582 est
617 556 704 591 impar
717 563 743 583 et
765 557 952 583 inconueniens
965 554 1090 589 composi·
1153 553 1296 594 Kffiussu'vw]
1338 555 1444 586 Totum,
1464 554 1587 588 velsimul
1596 563 1690 590 capere.
1738 557 1805 583 Ter.
1820 560 1884 585 Eun.
1901 568 1923 592 ς,
1938 570 1957 593 ι,
1971 570 2004 587 20
2025 562 2205 596 Comprehen.

47 602 106 622 tura
119 594 234 629 partium
252 592 387 620 orationis.
1153 589 1182 615 di
1203 588 1267 615 iube
1288 596 1416 623 quantum
1426 589 1525 630 *pot-est.
1597 591 1671 626 Conf.
1689 592 1757 625 Nep.
1773 602 1800 625 4,
1815 602 1848 626 4,
1862 604 1882 627 3.
1919 603 1941 621 et
1954 606 1981 629 4,
1996 604 2018 629 ς,
2033 606 2050 623 1,
2122 598 2205 624 Manu

85 635 102 656 C
113 636 165 657 oin
176 636 304 656 POSiTi
317 633 333 653 C
345 635 353 653 1
365 633 417 658 VS,
437 635 462 659 a,
483 635 537 653 um.
559 626 620 654 Adi.
657 627 732 662 Qod
747 624 962 663 componipotest,
980 631 1091 653 autcom-
1154 624 1379 659 comprehendere
1401 626 1455 651 Cic.
1473 635 1500 651 in
1516 626 1591 652 Orat.
1606 635 1661 652 100.
1734 629 1829 655 Modio
1843 639 1920 656 nuces
1942 634 2025 658 Varro
2042 633 2111 659 KR.
2122 641 2140 665 1,
2148 641 2203 667 7,3.

16 664 25 685 ,¹
37 664 158 701 positione
172 663 274 698 constat.
311 662 429 689 Tertull.
443 662 475 688 de
487 663 584 689 Anima
598 672 618 689 c.
631 671 648 696 9
672 663 829 691 Diss'olubile
842 672 922 690 omne
943 661 1093 697 compositi·
1155 660 1386 695 Comprehendere
1400 660 1478 686 breui
1496 661 1552 687 Cic.
1568 662 1601 688 de
1614 664 1689 688 Orat.
1705 671 1724 694 1,
1738 673 1764 695 4.
1838 666 2003 694 Generaliter
2015 668 2120 702 aliquid
2134 678 2205 695 com-

16 714 18 723 Δ
44 701 115 727 cium
130 706 155 727 et
169 699 293 727 structile·
1110 702 1135 730 ις
1155 696 1318 731 prehendere
1339 695 1471 730 Quinctil.
1487 704 1514 728 4,
1530 704 1549 722 1.
1588 733 1592 736 .
1622 698 1711 724 Firme
1724 700 1894 734 grauiterque
1907 703 2128 737 comprehendere
2148 705 2203 731 Cic.

81 743 98 763 c
108 743 126 763 o
136 743 160 762 M
171 738 297 762 POSITJ
307 740 328 760 v
338 741 358 760 v
370 739 393 766 S,
417 743 442 767 a,
465 743 519 760 um.
542 733 603 760 Adi.
639 734 718 760 Mart.
732 733 831 768 Capell.
844 741 861 766 9
874 742 899 768 p.
913 741 962 765 320
982 733 1092 768 Spiffuin
1156 733 1188 759 de
1203 733 1261 759 Fin.
1276 740 1302 764 2,
1315 740 1358 758 20.
1431 731 1641 770 Comprenditur
1674 734 1781 767 ignibus
1815 744 1893 769 agger
1930 738 2010 764 Ouid.
2026 741 2089 765 Met.
2105 750 2131 772 9,
2146 749 2203 774 234.

23 766 26 779 ³
44 770 143 798 dicitur
159 771 238 798 trium
252 770 378 796 sonorum
404 769 585 805 Compositiua
605 768 734 804 quaedam
753 769 874 803 qualitas.
1156 769 1354 802 comprendere
1366 766 1485 793 crinibus
1501 775 1590 801 ¹g¹¹⁸¹¹¹
1610 769 1685 808 Vifg·
1700 771 1801 804 Aen.7,
1813 778 1843 805 73
1885 772 2029 808 Hypallflge
2043 774 2094 807 esta
2114 777 2205 809 Qfflm

79 813 96 833 c
105 814 124 834 ο
134 815 157 834 Μ
169 814 181 832 Ρ
191 812 209 832 0
220 812 237 832 R
246 812 285 832 '1¹1
299 812 351 832 ΟΝ
361 813 383 832 Α
392 812 409 832 1.
420 813 429 831 1
440 813 452 833 s
461 826 469 838 ‚
490 814 512 832 e.
536 805 596 831 Adi.
633 805 783 832 Terminos
792 825 800 836 ,
815 805 862 839 qui
880 803 950 829 intra
965 803 1090 838 poiseffio-
1155 805 1224 838 ignis
1240 805 1324 830 crines
1337 801 1557 838 comprehendat,
1577 802 1694 830 Seruius.
1767 807 1823 832 Cic.
1836 807 1865 833 in
1879 808 1958 834 Catil.
1971 817 1986 835 2
1995 830 2003 841 ,
2017 819 2028 841 3
2057 812 2136 844 Quod
2152 818 2206 837 tam

16 837 25 869 ,¹
45 852 110 869 nuni
128 843 190 869 fines
211 841 401 874 inueniuntur,
422 840 646 876 coinportionales
665 840 808 874 appellauit
826 839 970 874 antiquitas
992 840 1090 874 Aggen.
1155 840 1294 873 capitalem
1308 839 1409 866 hostem
1423 848 1478 865 non
1490 838 1737 872 comprehenderim
1751 842 1838 873 potius
1853 852 1933 877 quain
1947 846 2089 872 emiserim.
2126 848 2205 873 Com-

41 878 106 906 Vrb.
120 888 143 913 p.
165 885 192 910 >¹²
212 876 280 912 Cotyi
354 877 618 912 Comportionalium
641 874 712 910 signa
736 876 889 908 Anonymus
927 875 964 901 ib.
985 885 1010 909 p.
1035 883 1090 908 234.
1099 878 1134 899 20
1155 875 1317 910 prehendere
1338 876 1456 909 aliquem
1476 874 1504 900 in
1522 874 1584 908 fuga
1614 875 1686 901 Caes.
1700 875 1764 900 Bell.
1780 877 1847 903 Gall.
1862 887 1884 910 ς,
1898 888 1932 905 21.
2006 882 2087 907 Fures
2108 883 2204 909 Catull-

42 912 83 948 Est
94 916 175 948 itaque
188 912 427 947 Comportionale‚
446 913 510 950 quod
523 912 557 938 ad
564 914 705 947 portionem
717 913 794 937 alicui
806 911 955 947 affignatam
968 914 1090 945 pertinet.
1155 913 1199 942 60,
1213 919 1250 943 35.
1322 911 1433 937 Hostem
1452 910 1509 937 Cic.
1525 909 1604 936 Catil.
1615 918 1684 950 2,-3.
1757 911 1842 937 Ouein
1857 913 1944 941 hieme
1964 915 2021 942 Col.
2037 924 2070 951 7,
2084 925 2115 950 3,
2135 926 2167 950 15·
2187 922 2205 944 ι’.

76 955 93 976 c
105 954 124 975 ο
134 955 158 975 Μ
168 956 183 975 P
194 955 213 975 0
226 956 244 975 R
253 956 274 974 Τ
284 956 303 975 O
313 969 320 980 ‚
339 953 392 975 Ere.
431 949 607 983 [συγκσμίζω]
645 948 723 974 Simul
728 953 850 982 portare,
871 948 912 973 vel
923 945 1002 972 codem
1013 949 1091 981 plara
1145 944 1245 979 stabulo
1261 950 1394 972 continere.
1468 947 1582 972 Dentem
1595 945 1685 972 fortex
1696 946 1898 980 comprehendit
1919 951 1984 977 Cels.
1999 960 2025 986 7,
2042 961 2074 978 12.
2145 955 2205 980 Por.

20 991 138 1020 1portare
153 994 160 1008 :
198 991 242 1015 vt,
260 985 437 1018 Comportare
466 993 561 1019 aquam
580 983 608 1009 in
631 992 718 1009 arcein
748 983 820 1009 Caes.
835 981 900 1008 Bell.
914 982 998 1008 Ciuil.
1014 991 1036 1014 3,
1054 991 1090 1008 12.
1153 987 1210 1008 tuin
1233 982 1342 1015 Quinei.
1356 982 1429 1008 Decl.
1446 991 1482 1013 12,
1499 991 1526 1014 25
1540 991 1564 1016 p.
1582 984 1642 1016 267.
1713 982 1961 1016 Comprehendere,
1989 987 2017 1011 de
2037 988 2206 1022 compositione

20 1019 25 1049 ζ’
39 1019 94 1047 Cic.
112 1019 139 1046 in
153 1019 238 1046 Pison.
256 1029 282 1052 23
304 1022 395 1053 Quini
409 1021 547 1047 seruorum
558 1018 672 1045 delecltus
686 1018 828 1045 haberetur
842 1018 870 1044 in
884 1018 962 1050 foro,
981 1027 1053 1045 arma
1063 1018 1090 1043 in
1153 1017 1401 1050 medicamentorum,
1422 1021 1440 1043 i.
1454 1021 1482 1043 in
1495 1026 1571 1043 vnum
1585 1017 1704 1053 redigere.
1741 1018 1814 1044 Haec
1832 1018 1994 1053 (simplicia)
2008 1024 2098 1048 onmia
2133 1039 2178 1044 -—-

20 1060 21 1063 ’
38 1055 138 1090 templo
162 1056 278 1082 Castoris
305 1056 362 1082 luce
385 1062 410 1082 et
423 1056 507 1091 palam
521 1060 759 1089 comportarentur.
833 1055 1005 1080 Frumentum
1018 1062 1089 1079 com·
1103 1055 1135 1083 25
1153 1053 1297 1087 diligenter
1312 1053 1389 1079 melle
1426 1068 1472 1073 —-
1509 1053 1767 1087 comprehendantur
1783 1054 1903 1080 Scribon.
1917 1063 1962 1090 70.
2019 1056 2072 1082 Vbi
2086 1060 2208 1085 omnium

20 1096 25 1107 '¹
38 1098 144 1127 portate
168 1100 199 1118 ex
220 1091 290 1126 agris
310 1092 339 1118 in
352 1092 409 1118 loca
422 1098 478 1118 tuta
500 1092 555 1118 Cic.
571 1092 625 1118 Att.
638 1098 661 1124 ς,
676 1096 710 1121 18.
781 1091 954 1117 Frumentum
968 1097 1089 1123 compor-
1151 1090 1238 1115 vnitas
1269 1090 1401 1115 moi-tario
1419 1088 1489 1115 faeta
1502 1089 1556 1121 est,
1574 1089 1653 1115 melle
1690 1103 1735 1108 -—-
1770 1089 1992 1117 medicamentum
2007 1093 2208 1125 comprehendi-

38 1133 94 1154 tarc
108 1129 135 1154 in
150 1135 274 1154 aceruum
296 1127 368 1154 Hirt.
383 1127 447 1154 Bell.
461 1127 518 1154 Afr.
534 1129 577 1159 69.
649 1127 717 1154 Hor.
733 1126 815 1152 Serm.
830 1135 862 1158 2,
876 1134 904 1158 3,
920 1133 967 1157 104
986 1124 1012 1150 Si
1027 1124 1087 1159 quis
1151 1131 1196 1151 tur
1216 1130 1252 1155 88.
1326 1126 1453 1159 Recipere
1465 1124 1562 1150 debent
1574 1131 1677 1150 tantum
1690 1124 1778 1151 mellis
1788 1144 1796 1156 ,
1818 1131 1947 1160 quantum
1960 1127 2021 1153 satis
2035 1128 2086 1153 crit
2099 1129 2130 1153 ad
2139 1138 2209 1156 coin-

39 1170 107 1189 emat
121 1163 233 1190 citharas
243 1184 250 1196 ,
271 1170 351 1190 emtas
367 1169 516 1198 comportet
530 1163 559 1190 in
573 1171 656 1189 vnum
669 1173 675 1188 :
711 1162 769 1190 Nec
783 1161 870 1189 studio
883 1160 1015 1192 citharae,
1040 1169 1088 1187 nec
1151 1160 1336 1195 prehendenda
1349 1167 1374 1187 et
1388 1160 1548 1187 continenda
1563 1169 1593 1186 ea
1613 1162 1669 1187 106.
1740 1160 1809 1186 Aad.
1827 1170 1887 1196 227.
1959 1162 2028 1190 Add.
2044 1164 2136 1197 Veget.
2151 1165 2208 1191 Mu.

39 1200 128 1226 mns2c
144 1199 245 1226 deditus
260 1198 318 1226 vlli,
1151 1197 1215 1223 lom.
1231 1205 1259 1230 4,
1275 1206 1316 1231 27,
1332 1205 1352 1223 1.
1551 1194 1571 1234 fl
1593 1204 1609 1222 2
1646 1196 1880 1230 Comprehendere
1895 1198 2013 1225 dicuntur
2028 1198 2209 1236 plantae,quae

78 1241 94 1262 c
107 1242 126 1261 o
139 1242 161 1261 M
173 1243 186 1261 ι’
197 1242 215 1262 o
226 1243 243 1262 ic
253 1241 274 1261 ‘r
284 1242 305 1262 Α
317 1241 338 1262 Τ
348 1241 369 1260 ν
379 1242 435 1268 s‚a,
449 1243 503 1261 uin.
522 1234 582 1261 Adi.
623 1234 668 1266 Vt,
677 1233 766 1260 Rebus
781 1231 953 1267 comportatis
966 1231 1034 1258 bene
1047 1231 1088 1258 vti
1105 1235 1137 1259 30
1150 1240 1232 1259 terrae
1244 1234 1363 1262 ham-ent,
1382 1234 1532 1268 viumitque,
1553 1231 1612 1257 adeo
1626 1239 1649 1257 et
1662 1233 1844 1268 conuahycunt.
1893 1235 1923 1260 V.
1936 1244 1961 1271 g.
1984 1235 2095 1261 Brumae
2111 1242 2211 1270 tempo.

39 1272 107 1298 Hor.
123 1270 200 1305 Epist.
216 1280 234 1302 1,
251 1279 276 1302 2,
293 1278 323 1304 50
350 1271 400 1297 Res
420 1269 581 1305 exquisitae,
597 1270 715 1305 vndique
741 1275 767 1296 et
787 1267 929 1301 collectae,
947 1267 1088 1300 arcessitae,
1151 1269 1227 1295 ribus
1240 1268 1385 1304 aliquando
1399 1268 1475 1294 inlita
1488 1267 1552 1294 vitis
1567 1267 1770 1301 comprehendit
1790 1269 1897 1296 Colum.
1911 1280 1939 1304 4,
1948 1279 1989 1303 29.
2061 1272 2155 1297 Tarde
2170 1272 2208 1299 id.

40 1313 218 1341 comportatae
238 1307 293 1333 Cic.
309 1306 341 1332 de
354 1307 428 1333 Orat.
442 1315 465 1339 3,
479 1315 514 1339 90
528 1316 549 1333 c.
562 1315 607 1340 24.
1154 1314 1186 1337 11,
1200 1313 1222 1337 3.
1296 1304 1417 1331 Celerius
1439 1313 1461 1336 3,
1475 1312 1498 1336 ς,
1515 1312 1533 1330 1.
1606 1303 1676 1343 Male
1691 1312 1713 1336 ς,
1728 1306 1754 1336 6,
1774 1310 1807 1334 18-
1881 1307 1953 1332 Plcne
1970 1306 2080 1342 quuitur
2101 1308 2209 1342 leian.

73 1349 118 1370 CO
128 1349 151 1368 M
162 1349 176 1368 P
188 1348 207 1368 0
219 1348 296 1369 RTA
306 1349 345 1368 Ti
356 1348 375 1369 o
393 1361 401 1374 ,
421 1342 489 1368 onis.
510 1342 530 1368 f.
568 1342 673 1368 Vitrun.
687 1346 786 1376 1,¹;pr.
827 1339 896 1365 Cum
927 1348 974 1373 per
995 1344 1087 1374 portus
1152 1340 1169 1367 l.
1184 1349 1196 1372 3
1218 1341 1249 1366 D.
1265 1341 1322 1367 arb.
1337 1341 1394 1366 furt
1408 1340 1470 1366 caes.
1492 1338 1573 1373 Qiod
1587 1338 1604 1365 si
1620 1348 1679 1374 quis
1695 1348 1726 1365 ex
1740 1341 1897 1374 seminario,
1908 1342 1933 1368 id
1948 1342 1985 1368 est
1998 1343 2117 1377 stirpitus
2132 1344 2210 1370 arbo-

39 1378 156 1405 marinae
169 1377 352 1404 subnectiones
370 1377 512 1405 habuerint
525 1377 556 1404 ad
570 1377 676 1404 moenIa
689 1375 912 1409 comportationes
926 1375 1069 1409 expeditas.
1150 1384 1209 1403 rein
1223 1376 1386 1402 transtulerit
1402 1386 1407 1401 :
1443 1384 1501 1401 eam
1515 1375 1637 1410 quamuis
1650 1374 1769 1401 nondum
1783 1377 2015 1412 comprehenderit
2036 1384 2133 1405 terram
2141 1400 2149 1412 ,
2170 1389 2209 1406 ar-

75 1420 92 1441 c
104 1421 123 1442 0
133 1421 156 1440 Μ
167 1420 210 1440 Po
221 1421 251 1446 s,
269 1414 330 1440 otis.
357 1423 379 1440 c.
417 1413 572 1448 [ἐπιτυχὴς,
590 1410 721 1447 ἐγκρατής,
749 1412 880 1446 ἐπίβολος]
918 1411 1020 1446 Compos
1040 1413 1087 1437 ali·
1104 1414 1133 1441 35
1152 1410 1247 1438 borem
1261 1418 1350 1438 tamen
1362 1411 1459 1437 videri.
1536 1412 1571 1436 Ex
1585 1411 1632 1436 hac
1639 1411 1714 1445 sorte
1722 1413 1869 1446 plantarum
1875 1412 2041 1447 similitudine
2049 1415 2158 1441 tracium
2165 1415 2210 1448 est,

38 1452 96 1486 quis
108 1448 201 1476 dicitur
214 1458 295 1476 earum
309 1459 407 1482 rerum,
427 1459 488 1485 quas
500 1449 571 1476 habet
582 1450 610 1474 in
617 1444 755 1482 potestate,
774 1453 798 1472 et
804 1446 864 1482 fere
877 1449 905 1473 in
923 1447 1009 1473 bonam
1024 1453 1086 1481 par·
1150 1446 1216 1483 quod
1416 1444 1436 1483 q
1459 1455 1471 1478 3
1508 1446 1741 1481 Comprehendere
1750 1467 1758 1478 ‚
1774 1454 1823 1481 pro
1837 1448 1969 1483 Concipere
1990 1449 2057 1475 Cels.
2074 1458 2086 1482 ς
2095 1470 2103 1482 ‚
2118 1460 2144 1477 21
2156 1456 2208 1487 sm.

37 1492 85 1511 tem
97 1488 240 1520 accipitur:
275 1492 356 1511 tamen
388 1491 413 1511 ct
432 1488 460 1510 in
480 1485 577 1510 malam.
625 1482 708 1509 Plaut.
724 1482 801 1517 Epid.
816 1491 844 1517 4,
862 1492 881 1516 1,
895 1490 925 1515 32
941 1482 1015 1510 Cedo
1029 1491 1084 1509 ma-
1152 1483 1248 1510 Sinon
1270 1480 1474 1516 comprehendit
1486 1484 1590 1512 mulier,
1610 1482 1689 1515 adeps
1709 1482 1816 1508 leonina
1837 1491 1869 1509 ex
1888 1485 1948 1511 rosa
1967 1484 2112 1512 mollienda
2126 1487 2162 1512 est
2180 1497 2209 1513 ex

36 1529 118 1553 num,
134 1529 222 1555 accipe
235 1528 419 1548 aerumnarum
434 1525 459 1545 et
471 1519 640 1546 miseriarum
654 1524 815 1552 compotem.
893 1519 1016 1550 Naeuius,
1032 1519 1083 1545 Da·
1146 1519 1275 1556 sententia
1291 1520 1314 1545 I.
1331 1519 1360 1544 Β.
1376 1518 1514 1553 Morgagm
1530 1515 1606 1552 Epist.
1621 1517 1649 1542 in
1662 1516 1729 1543 Cels.
1749 1526 1774 1551 p.
1797 1526 1834 1550 19.
2032 1517 2052 1557 q
2073 1530 2091 1555 4
2128 1523 2210 1548 Meta-

35 1557 101 1588 na'e',
121 1563 161 1591 ap.
176 1556 246 1582 Non.
262 1558 288 1588 6,
302 1557 338 1588 46
354 1555 418 1581 Eam
430 1563 500 1581 nunc
518 1555 567 1580 esse
586 1555 722 1581 inuentam
746 1553 841 1588 probri
863 1561 1015 1589 compotem
1030 1555 1087 1581 scis.
1146 1555 1251 1591 phorice
1265 1565 1272 1580 :
1310 1552 1554 1588 Comprehendere,
1563 1554 1641 1578 Simul
1652 1561 1771 1579 enarrare
1777 1554 1801 1589 s
1816 1552 1920 1589 referre.
1959 1552 2044 1581 Nullo
2059 1565 2125 1583 vcro
2133 1557 2210 1592 quid-

35 1592 67 1618 Et
82 1592 174 1618 Accius
187 1591 254 1626 apud
263 1590 333 1616 eund.
349 1598 387 1623 12,
405 1598 436 1624 14
457 1590 512 1617 Cur
524 1599 568 1616 me
579 1591 703 1616 miseram
716 1589 828 1622 irridet,
848 1590 950 1625 magnis
970 1591 1038 1617 Com
1059 1600 1088 1617 o·
1101 1595 1139 1621 40
1152 1600 1232 1625 quam
1258 1590 1315 1625 post
1338 1598 1402 1621 eos,
1422 1588 1469 1624 qui
1489 1589 1565 1623 supra
1585 1588 1765 1623 comprehensi
1779 1590 1854 1621 sunt,
1877 1590 1993 1625 agitante
2013 1592 2081 1618 Cels.
2100 1601 2109 1618 1
2123 1594 2207 1628 praef.

34 1631 87 1652 tem
111 1632 137 1652 et
160 1626 249 1652 multis
276 1626 363 1652 malis.
436 1626 506 1653 Ter.
529 1625 604 1653 Adel.
617 1634 641 1659 3,
654 1634 677 1658 2,
691 1633 719 1652 12
745 1627 791 1652 Me
805 1625 948 1659 miserum,
968 1626 1015 1652 vix
1042 1635 1087 1652 um
1151 1625 1386 1661 Comprehendere
1403 1633 1516 1651 numero
1535 1623 1639 1658 aliquid
1662 1624 1735 1659 Virg.
1758 1625 1856 1660 Georg.
1877 1634 1909 1658 2,
1925 1634 1981 1659 104.
2056 1628 2209 1657 Numerum

34 1670 141 1696 compos
154 1661 254 1694 animi,
273 1662 311 1688 ita
319 1661 404 1688 ‘ardeo
418 1661 566 1688 iracundia.
640 1661 689 1688 Vbi
701 1662 839 1692 Donatus;
860 1662 978 1695 Compos
993 1662 1087 1694 animi,
1149 1662 1274 1689 virorum
1288 1661 1478 1696 comprendere
1498 1659 1579 1687 Ouid.
1593 1659 1678 1686 Trist.
1695 1667 1718 1692 ς,
1731 1669 1764 1693 11,
1781 1669 1817 1694 19.
1891 1663 1932 1689 Sic
1955 1663 2155 1698 comprendere
2173 1664 2208 1699 ist

31 1700 49 1724 i.
63 1698 244 1732 Competentis
258 1698 359 1730 animi,
379 1697 421 1724 vel
429 1697 514 1724 animi
521 1697 586 1724 sani.
606 1697 651 1723 cui
665 1698 828 1724 contrarium
838 1697 874 1722 est
887 1698 975 1731 Iinpos
991 1698 1098 1724 animi.¹
1148 1698 1252 1725 dicendo
1263 1698 1385 1733 consequi.
1420 1698 1495 1730 Virg.
1511 1697 1576 1721 Aen.
1593 1697 1619 1727 6,
1634 1697 1687 1721 626
2157 1701 2169 1710 ⁶

32 1733 87 1760 Alii
102 1734 262 1768 Compoteni
276 1733 376 1766 animi,
398 1733 580 1768 Compositum
601 1732 692 1759 animo
706 1732 867 1767 intelligunt.
929 1733 977 1760 Sed
988 1732 1084 1760 reftius
1307 1734 1372 1760 Non
1385 1731 1455 1758 mihi
1469 1731 1487 1757 fi
1501 1729 1607 1765 linguae
1629 1736 1734 1757 centum
1748 1730 1806 1764 fint,
1825 1740 1926 1767 oraque
1940 1739 2058 1767 centum,

47 1767 149 1803 osterior
157 1776 222 1804 pars
235 1772 342 1795 nominis
353 1772 484 1804 utriusque
493 1779 522 1795 ex
534 1771 637 1804 antique
651 1768 722 1794 Potis
735 1766 866 1795 contracta
874 1767 1000 1804 firmitur,
1019 1769 1087 1805 quod
1100 1774 1134 1802 43
1305 1770 1402 1795 Ferrea
1415 1775 1468 1794 vox
1477 1787 1486 1800 ,
1505 1775 1596 1793 omnes
1612 1766 1738 1793 scelerum
1753 1769 1944 1802 comprendere
1962 1766 2071 1803 formas,

0 1823 2 1826 -
31 1806 178 1838 Genitiuus,
197 1812 220 1832 et
234 1805 335 1832 Possum
348 1808 366 1831 i.
384 1805 454 1832 Potis
468 1805 524 1831 sum
531 1804 601 1840 satis
615 1803 755 1831 declarant.
828 1804 885 1831 Cic.
917 1807 972 1832 Att.
1002 1813 1030 1838 9,
1064 1814 1083 1838 4
1306 1804 1405 1831 Omnia
1419 1811 1564 1838 poenarum
1577 1811 1732 1837 percurrere
1745 1805 1854 1830 nomina
1868 1805 1974 1839 possem.

31 1841 96 1868 Non
110 1841 182 1874 sum,
202 1840 327 1876 inquam,
348 1840 417 1867 mihi
430 1840 524 1873 crede,
547 1840 644 1866 inentis
658 1849 777 1874 compos.
846 1840 946 1867 Mentis
960 1840 1007 1867 vix
1014 1849 1084 1866 coin·
1146 1839 1231 1867 Dictis
1245 1839 1437 1874 comprendere
1451 1838 1554 1873 aliquid
1572 1838 1654 1866 Ouid.
1669 1840 1732 1866 Met.
1748 1848 1782 1872 13,
1797 1843 1851 1866 160.
1906 1841 2037 1868 Oratione
2055 1841 2111 1869 Cic.
2126 1842 2203 1870 Verr.

30 1885 77 1911 pos
97 1876 179 1904 Ouid.
194 1877 259 1903 Met.
273 1882 296 1908 8,
311 1883 348 1910 33.
370 1899 371 1902 ,
419 1876 488 1903 Cels.
507 1884 531 1909 ς,
552 1878 596 1909 26,
610 1884 643 1908 13.
679 1879 708 1902 in
723 1875 804 1912 lignis
831 1877 917 1903 uuluae
940 1875 1083 1912 percuffie,
1147 1886 1176 1910 4,
1188 1884 1228 1911 57.
1300 1876 1338 1902 Id.
1353 1877 1406 1902 Att.
1422 1884 1458 1907 13,
1471 1883 1504 1901 22
1524 1875 1595 1908 Qiia
1610 1874 1700 1901 verbis
1712 1875 1936 1903 luculentioribus
1957 1883 1983 1904 et
2005 1877 2127 1912 pluribus
2146 1888 2205 1907 rem

31 1911 170 1946 Qiaedam
181 1911 384 1945 obmutescunt,
405 1911 535 1947 quaedam
547 1917 636 1938 mente
651 1910 793 1943 labuntur,
812 1912 940 1946 quaedam
953 1913 994 1939 sui
1012 1921 1084 1939 coni·
1148 1912 1258 1938 eandem
1287 1910 1532 1947 comprehenderat.
1604 1911 1720 1937 Diuerlis
1754 1911 1844 1938 verbis
1873 1912 1945 1939 idem
1978 1914 2205 1948 comprehendere

29 1954 103 1983 potes
115 1957 264 1976 neruorum
275 1948 472 1983 oculorumque
485 1947 579 1974 dolore
592 1948 683 1982 vrgeri
697 1948 722 1974 se
735 1947 910 1982 confitentur,
921 1955 967 1976 etc.
1004 1949 1083 1975 Com·
1096 1956 1128 1983 50
1147 1947 1280 1981 Quinctil.
1297 1955 1324 1983 7,
1339 1958 1366 1982 4.
1439 1947 1545 1973 Sueton.
1559 1946 1589 1972 in
1602 1948 1664 1973 Vita
1678 1946 1743 1972 Plin.
1780 1948 1853 1974 Bella
1870 1948 1960 1975 onmia
1969 1968 1977 1981 ‚
1998 1959 2066 1984 quae
2088 1953 2206 1985 vnquam

29 1993 78 2019 pos
99 1989 125 2011 et
147 1984 278 2019 particeps
300 1984 406 2010 animus
425 1983 646 2018 sempiternarum
664 1992 755 2011 rerum
783 1984 839 2010 Cic.
858 1984 890 2011 de
904 1985 1025 2011 Vniuers.
1039 1993 1081 2018 24.
1148 1993 1209 2010 cum
1250 1983 1390 2010 Germanis
1433 1983 1503 2018 gesta
1532 1984 1606 2015 sunt,
1643 1983 1742 2017 viginti
1775 1984 1961 2010 voluminibus
1993 1986 2204 2020 comprehendit.

29 2019 96 2047 Ptin.
111 2019 191 2055 Epist.
209 2028 247 2053 10,
263 2028 285 2052 3,
299 2022 316 2046 6
338 2020 415 2054 Rogo
427 2024 468 2052 te,
488 2024 517 2046 vt
531 2029 574 2046 me
587 2019 791 2054 exoptatissimae
807 2019 874 2047 mihi
894 2021 1081 2056 gratulationis
1145 2016 1166 2056 ff
1186 2028 1198 2052 ς
1236 2021 1298 2046 Alia
1311 2019 1462 2054 Metaphora
1471 2021 1580 2054 ponitur
1595 2018 1846 2053 Comprehendere,
1860 2026 1908 2054 pro
1923 2020 2061 2056 intelligere
2076 2023 2116 2047 vel
2127 2022 2205 2057 scire.

30 2062 182 2090 compotem
194 2055 284 2082 facias.
355 2055 440 2082 Plaut.
454 2055 551 2090 Amph.
565 2064 589 2087 2,
603 2064 625 2086 2,
643 2064 668 2088 13
698 2055 747 2082 Sed
769 2055 820 2082 hoc
843 2065 886 2083 me
910 2056 986 2089 beat,
1007 2057 1080 2092 quod
1145 2055 1202 2083 Cic.
1217 2055 1368 2089 Acad.4,18
1389 2055 1447 2082 Nos
1460 2055 1533 2081 enim
1550 2054 1734 2086 defendimus,
1761 2055 1842 2080 etiam
1856 2055 2022 2088 insipientem
2036 2056 2118 2083 multa
2134 2066 2204 2084 com·

30 2091 180 2126 perduelles
210 2090 294 2123 vicit,
315 2097 341 2118 et
363 2090 474 2118 domum
497 2091 594 2118 Laudis
617 2099 725 2126 compos
749 2092 862 2118 reuenit.
933 2093 1078 2120 Libertatis
1144 2091 1317 2125 prehendere.
1391 2090 1625 2128 Comprehendere
1637 2094 1663 2114 et
1675 2089 1811 2123 percipere
1832 2090 1888 2116 Cic.
1905 2090 1984 2117 Acad.
1999 2102 2027 2125 4,
2042 2101 2080 2124 23.
2141 2094 2203 2120 .C0.

29 2126 114 2154 Plaut.
135 2126 210 2162 Capt.
231 2124 301 2153 Ptol.
319 2135 360 2161 41.
428 2126 488 2153 Liu.
503 2136 522 2158 1,
535 2135 566 2159 32
590 2127 666 2153 Tum
680 2127 781 2161 patriae
794 2134 945 2161 compotem
959 2137 1002 2154 me
1014 2137 1080 2153 nun·
1097 2132 1126 2157 ςς
1143 2127 1234 2151 lumel.
1248 2129 1274 2156 6,
1288 2134 1320 2157 24
1341 2125 1428 2150 Certis
1442 2124 1520 2158 fignis
1534 2123 1760 2158 comprehendere
1774 2124 1845 2158 licet,
1865 2135 1944 2160 quem
1959 2127 2048 2154 sexum
2062 2137 2204 2162 generaue-

51 2170 111 2188 uam
125 2161 189 2189 sinas
202 2162 257 2189 effe.
293 2190 296 2194 ,
332 2162 479 2196 [inprecatio
491 2164 582 2197 Legati
593 2170 634 2187 res
646 2164 789 2196 repetentis.
862 2161 888 2188 Si
904 2170 947 2188 me
959 2162 1080 2196 aliquan·
1143 2161 1190 2186 rit.
1263 2160 1363 2186 Animo
1377 2159 1602 2194 comprehendere
1618 2160 1824 2195 intelligentiam
1836 2162 1948 2188 alicuius
1962 2163 2001 2189 rei
2021 2165 2077 2189 Cic.
2090 2164 2122 2190 de
2138 2165 2202 2192 Nat.

48 2206 66 2224 0
78 2197 159 2224 vestri
171 2203 196 2224 et
209 2197 310 2232 patriae
323 2203 474 2231 compotem
488 2197 596 2223 fortuna
608 2196 704 2223 fecerit
720 2196 777 2224 Cic.
791 2197 846 2224 Att.
861 2204 887 2232 7,
901 2205 936 2231 15.
993 2198 1081 2233 Regni
1142 2196 1224 2223 Deor.
1238 2204 1262 2228 3,
1278 2198 1322 2230 64.
1395 2195 1590 2230 Experimentis
1605 2197 1726 2229 repetitis
1741 2197 1965 2231 comprehendere
1981 2198 2076 2225 Pallad.
2092 2201 2146 2226 [an.
2166 2209 2202 2234 ι3,

28 2231 74 2259 Sil.
87 2237 111 2264 8,
125 2239 168 2269 72.
239 2232 360 2259 Rationis
383 2237 409 2259 et
430 2232 534 2264 consilii
571 2232 628 2259 Cic.
645 2232 678 2259 de
694 2233 757 2260 Nat.
777 2233 859 2259 Deor.
873 2242 905 2266 2,
919 2235 960 2266 36.
1037 2233 1078 2260 Id.
1143 2237 1166 2262 8.
1240 2231 1308 2258 Cels.
1327 2240 1337 2258 1
1351 2240 1472 2266 prooem.
1493 2231 1573 2264 Qiod
1585 2230 1604 2256 fi
1618 2231 1871 2265 contemplationem
1885 2241 1974 2259 rerum
1986 2241 2106 2268 naturae,
2120 2245 2200 2270 quam

29 2266 107 2295 Acad.
121 2277 150 2302 4,
169 2269 219 2301 146
237 2267 380 2295 Scientiam
392 2267 471 2295 taleni
484 2269 533 2295 else
546 2267 667 2301 dicebat,
691 2269 767 2295 cuius
789 2275 959 2303 compotem,
979 2268 1028 2296 nisi
1041 2271 1076 2296 sa·
1142 2273 1244 2295 temere
1258 2267 1307 2293 fibi
1321 2266 1420 2293 medici
1433 2266 1590 2297 vendicant,
1609 2266 1669 2304 satis
1683 2267 1934 2301 comprehendisset,
1954 2269 2033 2296 etiam
2054 2271 2121 2297 illud
2142 2273 2200 2298 scis-

27 2302 143 2338 pienteni
157 2304 206 2330 esse
217 2304 361 2330 neminem.
433 2303 521 2334 Valer.
542 2305 614 2331 Max.
637 2312 658 2336 1,
674 2312 694 2337 1,
709 2313 720 2331 1
746 2305 922 2340 Imperatores
942 2313 1078 2340 compotes
1091 2302 1127 2328 60
1141 2304 1187 2329 set.
1206 2306 1225 2328 i.
1231 2302 1258 2336 fi
1270 2300 1411 2335 didiciffit,
1430 2310 1490 2341 quae
1503 2300 1538 2328 ad
1546 2302 1663 2337 musicen
1671 2305 1810 2337 pertinent.
1882 2305 2043 2332 Memoriam
2065 2308 2104 2334 rei
2119 2308 2200 2334 alicu-

0 2348 7 2360 ›
27 2338 213 2366 viam-iarum„
284 2339 423 2366 Virtutum
450 2339 507 2366 Cic,
522 2339 555 2366 de
567 2339 656 2367 Finib.
669 2347 691 2373 ς,
703 2347 730 2375 7,
800 2341 864 2368 Voti
875 2347 1027 2376 compotem
1041 2342 1079 2368 fa-
1141 2338 1183 2364 ius
1203 2335 1429 2377 comprehendere
1450 2337 1506 2364 Cic.
1526 2336 1559 2363 de
1578 2337 1648 2364 Clar.
1668 2340 1743 2365 Orat.
1764 2348 1800 2372 19.
1872 2340 1971 2367 Animo
1991 2342 2114 2369 celeriter
2128 2352 2200 2370 com.

28 2384 90 2402 cere
101 2374 219 2410 aliquem
246 2374 305 2402 Sen.
320 2374 430 2409 Hippol.
444 2383 501 2411 710.
555 2375 602 2403 Sed
621 2377 721 2402 Votum
733 2385 842 2411 compos
863 2387 920 2405 mox
933 2377 1078 2404 uidebimus.
1141 2371 1307 2408 prehendere
1327 2373 1384 2413 Cly·
1411 2372 1444 2414 de
1465 2373 1541 2399 Orat.
1563 2382 1585 2405 2,
1607 2377 1649 2406 136
1671 2383 1692 2400 c.
1708 2383 1741 2407 31.
1812 2375 1851 2402 Id.
1865 2376 1949 2403 Tusc.
1967 2386 1987 2410 1,
2002 2387 2033 2411 50
2052 2379 2111 2405 Nifi
2125 2380 2201 2415 quod

51 2410 88 2437 iu.
103 2417 130 2445 7,
143 2419 180 2444 40
199 2410 260 2437 Eius
272 2419 315 2437 me
328 2416 480 2445 compotem
494 2411 551 2438 voti
564 2420 612 2438 vos
624 2411 713 2439 facere
730 2413 848 2447 potestis.
919 2411 999 2438 Vrbis
1007 2420 1080 2437 com-
1141 2415 1286 2444 nequeunt,
1295 2409 1382 2444 qualls
1395 2418 1498 2436 animus
1510 2409 1541 2449 iit
1553 2418 1647 2436 vacans
1662 2419 1784 2445 corpore,
1801 2411 1968 2447 intelligere,
1987 2419 2013 2440 et
2027 2415 2200 2449 Cogitatione

64 2452 117 2474 tem
129 2446 216 2473 facere
235 2446 290 2474 Cic.
306 2455 355 2481 pro
369 2446 440 2474 Sext.
461 2449 518 2481 146.
589 2448 723 2482 Compos,
745 2448 867 2474 Ablatiuo
885 2443 999 2473 iunctum
1026 2447 1079 2473 Sal·
1141 2444 1376 2479 comprehendere.
1449 2445 1622 2480 Cogitatione
1640 2452 1667 2472 et
1686 2447 1783 2473 animis
1804 2449 2029 2483 comprehendere
2070 2451 2127 2478 Cic.
2149 2461 2200 2487 pro

0 2501 6 2506 ⁷
38 2481 85 2509 nst.
101 2482 205 2517 Fragm.
219 2491 241 2509 c.
255 2490 283 2515 32
303 2482 400 2518 Neque
412 2483 514 2516 animo,
526 2488 572 2510 aut
585 2483 677 2517 lingua
696 2483 758 2508 satis
779 2490 897 2516 compos.
933 2484 972 2509 De
983 2491 1078 2509 amente
1090 2477 1122 2510 65
1142 2481 1225 2508 Flacc.
1246 2483 1282 2508 66
1301 2490 1323 2507 c.
1345 2486 1385 2511 28.
1457 2482 1497 2508 Id.
1512 2482 1595 2508 Tusc-
1610 2490 1632 2515 ς,
1646 2491 1687 2509 121
1699 2492 1720 2509 c.
1736 2492 1766 2516 41
1787 2483 1835 2510 Sed
1852 2486 1980 2519 quoniam
1994 2495 2071 2514 mane
2085 2487 2122 2514 est
2136 2497 2199 2515 eun-

13 2533 15 2536 <
43 2520 153 2554 eptimio.
224 2518 329 2553 Magnis
341 2524 493 2553 compotem
507 2525 535 2546 et
545 2519 638 2545 multis
651 2517 729 2544 malis
743 2527 774 2543 ex
786 2518 864 2544 Accio
871 2518 952 2554 supra
959 2519 1078 2546 vidimus.
1144 2517 1224 2550 dum,
1243 2516 1288 2543 has
1307 2517 1429 2553 quinque
1451 2517 1557 2544 dierum
1576 2517 1765 2552 disputationes
1786 2521 1918 2547 memoria
1932 2523 2197 2557 comprehendamus.

51 2554 89 2581 iu.
103 2563 130 2588 4,
143 2562 180 2588 40
200 2554 232 2580 In
245 2554 304 2581 suos
317 2562 439 2588 quaeque
451 2554 543 2587 simul,
563 2561 676 2587 corpore
687 2558 767 2588 atque
780 2553 870 2580 animo
884 2555 930 2580 vix
942 2563 1004 2589 prae
1017 2564 1080 2590 gau·
1141 2553 1232 2580 Mente
1248 2552 1472 2588 comprehendere
1492 2554 1548 2580 Cic.
1564 2553 1595 2580 de
1610 2554 1674 2580 Nat.
1688 2555 1768 2581 Dcor.
1782 2564 1805 2588 3,
1820 2565 1847 2583 21
1863 2566 1883 2583 c.
1894 2562 1907 2587 8
1923 2564 1987 2584 extr.
2060 2560 2198 2587 Mentibus

47 2590 74 2616 io
86 2594 238 2624 compotes,
257 2588 363 2616 effusae.
435 2589 496 2616 Liu.
509 2598 532 2622 3,
541 2591 576 2616 60
597 2588 747 2624 Praedaque
763 2589 865 2624 ingenti
877 2597 1027 2625 compotem
1035 2600 1078 2617 ex·
1142 2588 1367 2624 comprehendere
1379 2588 1497 2624 aliquam
1510 2589 1668 2625 opinionem
1687 2591 1742 2617 Cic.
1758 2601 1807 2626 pro
1823 2592 1928 2619 Cluent.
1942 2601 1988 2628 47.
2052 2595 2197 2623 Visucom-

42 2625 142 2652 reitum
160 2623 300 2650 reducunt.
371 2625 457 2651 Aliter
473 2623 531 2652 Cic.
554 2624 587 2651 de
606 2624 680 2651 Orat.
698 2633 719 2657 1,
736 2633 784 2652 κιο
803 2626 925 2659 Qiarum
937 2627 1079 2661 quiessent
1141 2624 1305 2660 prehendere
1318 2625 1423 2660 aliquid
1442 2625 1489 2652 Sil.
1502 2634 1526 2658 3,
1539 2631 1600 2659 408.
1671 2626 1842 2654 Adulterium
1860 2629 1975 2655 alicuius
1992 2632 2198 2666 comprehende-

63 2660 120 2686 imo
134 2664 160 2686 et
172 2659 300 2687 sententia
314 2665 464 2694 compotes,
482 2669 527 2686 cos
543 2661 591 2687 effe
605 2660 777 2695 imperatores
790 2661 915 2689 dicerem.
987 2664 1079 2700 Singu-
1090 2664 1127 2693 70
1140 2670 1170 2688 re
1180 2681 1189 2694 ,
1209 2664 1228 2688 i.
1242 2661 1420 2697 deprehendere
1437 2662 1495 2688 Cic.
1509 2670 1558 2697 pro
1572 2661 1669 2688 Milon.
1686 2671 1720 2695 13.
1918 2662 1939 2702 ff
1960 2667 1978 2692 6
2012 2667 2058 2693 Ad
2075 2665 2157 2701 officia
2172 2674 2197 2694 et

29 2695 82 2721 lare
101 2692 135 2728 ost
153 2693 217 2720 illud
237 2694 295 2722 Sen.
312 2695 403 2730 Agant.
416 2697 463 2728 365
488 2695 560 2723 Tibi
573 2696 732 2731 grandaeui,
753 2697 857 2733 laffique
869 2699 941 2725 senes
953 2705 1078 2735 compote
1127 2697 1246 2724 'amorem
1259 2697 1389 2734 refertur,
1409 2703 1439 2724 vt
1452 2697 1613 2732 Complee'ti.
1650 2697 1754 2726 Officiis
1772 2698 1890 2734 aliquem
1914 2709 1961 2735 per
1983 2702 2009 2727 se
2027 2708 2052 2728 et
2066 2712 2114 2736 per
2127 2703 2194 2729 alios

29 2735 96 2762 voto
109 2729 223 2757 reddunt
235 2736 334 2766 grata,
347 2738 398 2766 pro
415 2732 481 2758 Voti
494 2737 637 2767 compotes.
1142 2733 1368 2768 comprehendere
1384 2733 1441 2760 Cic.
1456 2742 1505 2768 pro
1517 2734 1602 2761 Plane.
1618 2743 1659 2767 3ο.
1729 2735 1857 2762 Amicitia
1869 2738 1967 2762 multos
1987 2737 2194 2772 comprehende-

63 2771 246 2800 COMPOSCO,
264 2768 317 2794 ere.
358 2766 429 2794 Vnde
444 2774 648 2797 COMPOSCENS
668 2769 748 2797 Mart.
762 2768 870 2804 Capella
883 2777 896 2803 ς
911 2779 937 2805 p.
953 2773 1005 2803 136.
1139 2779 1186 2803 re,
1204 2770 1275 2797 tueri
1289 2770 1419 2805 obsequio
1439 2770 1496 2796 Cic.
1510 2778 1559 2805 pro
1573 2770 1646 2797 Cael.
1668 2779 1692 2802 13
1707 2779 1729 2797 c.
1751 2772 1776 2797 6.
1845 2771 1885 2798 Id.
1898 2772 1970 2798 Fam.
1985 2781 2023 2804 13,
2038 2775 2068 2799 16
2095 2773 2144 2799 Sed
2161 2779 2192 2800 vt

63 2807 275 2836 εοΜΡοςιΤιο,
294 2801 347 2829 uid.
364 2809 532 2832 COMPONO.
1139 2805 1248 2832 redeam
1260 2806 1292 2832 ad
1306 2806 1344 2839 id,
1367 2805 1437 2833 vnde
1450 2806 1542 2840 coepi,
1562 2806 1734 2834 vehementer
1748 2806 1817 2833 inihi
1834 2813 1938 2841 gratum
1955 2808 2065 2841 feceris,
2087 2808 2105 2834 si
2121 2808 2192 2837 hunc

63 2843 83 2865 c
94 2844 114 2865 0
123 2843 148 2864 Μ
156 2844 171 2864 Ρ
180 2834 229 2866 ὄΤ
238 2844 255 2865 E
263 2845 306 2866 Ns
315 2857 324 2871 ,
343 2839 420 2866 entis.
462 2840 573 2867 Vocatur
586 2840 671 2870 Diana
683 2843 711 2868 in
727 2841 820 2867 Numis
832 2847 856 2868 et
868 2841 1080 2879 bisi-riptionibus
1094 2841 1126 2871 75
1140 2841 1332 2869 adolescentem
1346 2841 1511 2869 humanitate
1523 2848 1585 2876 tua,
1605 2851 1673 2877 quae
1686 2842 1723 2869 est
1735 2842 1881 2877 fingularis,
1895 2843 2134 2878 comprehenderis.

48 2882 92 2910 .g.
107 2873 214 2901 Gruter.
230 2883 256 2908 p.
271 2883 313 2908 41,
328 2883 351 2901 2.
1178 2884 1262 2905 com
1274 2886 1290 2905 P
1306 2885 1323 2905 R
1337 2878 1567 2915 EHENsvs,fi
1587 2885 1633 2906 co
1645 2886 1671 2905 M
1683 2885 1960 2911 Pnnnsvs,a,um.
1985 2879 2191 2914 Partic.[0-vn=1.

62 2914 107 2936 co
117 2915 143 2935 M
152 2915 167 2934 Ρ
176 2915 195 2936 0
204 2916 225 2936 T
236 2916 290 2943 ιο,
310 2912 358 2938 Ire.
396 2910 533 2947 Competem
539 2910 637 2947 facere.
674 2912 757 2940 Plaut.
772 2911 840 2938 Rud.
853 2921 882 2946 4,
895 2921 926 2945 2,
938 2914 957 2941 6
975 2914 1077 2942 Piscatu
1141 2915 1286 2949 λημμένος]
1307 2915 1358 2947 Vt,
1379 2913 1602 2949 Comprehensam
1616 2915 1645 2941 in
1657 2915 1748 2941 animo
1763 2913 1859 2940 habere
1873 2915 2028 2941 sententiam
2044 2916 2099 2942 Cic.
2109 2916 2189 2943 Acad.

63 2952 100 2972 uo
118 2953 161 2972 me
182 2944 259 2973 vberi
279 2947 449 2982 compotiuit.
523 2947 590 2974 Voti
607 2948 727 2984 aliquem
741 2949 891 2983 compotire
916 2950 995 2985 Apul.
1012 2952 1077 2978 Met.
1139 2957 1168 2983 4,
1181 2959 1222 2977 22.
1293 2950 1425 2986 Epistulae
1438 2950 1651 2985 comprehensae,
1672 2953 1691 2976 i.
1704 2952 1852 2984 interceptae
1871 2950 1962 2976 lustin.
1976 2959 2019 2984 20,
2035 2958 2057 2984 Ξ»
2112 2954 2189 2987 Virg.

40 2987 88 3016 ip.
103 2982 166 3016 267,
180 2989 221 3016 34.
281 2982 340 3010 Vid.
360 2983 453 3010 Coluii
469 2987 526 3010 not.
546 2983 579 3010 ad
596 2985 673 3019 Apul.
690 2994 714 3019 p.
729 2989 778 3018 138.
830 2984 869 3011 Id.
882 2986 959 3020 Apul.
974 2987 1076 3014 Florid.
1140 2987 1205 3012 Aen.
1219 2987 1247 3019 6,
1259 2993 1307 3021 701
1331 2987 1393 3013 Ter
1410 2986 1508 3013 frustra
1526 2986 1678 3021 comprensa
1697 2994 1789 3011 manus
1802 2984 1895 3019 effugit
1906 2985 2012 3020 imago,
2033 2989 2050 3013 i.
2059 2988 2191 3024 prcifizra,

40 3021 94 3043 xer.
113 3015 242 3050 Praedac,
261 3026 341 3052 quam
354 3027 402 3045 ore
414 3018 546 3054 gestabat,
567 3019 744 3048 induc'tricem
757 3021 924 3055 compotiuit.
1090 3021 1123 3048 80
1139 3024 1260 3057 appetita.
1331 3022 1400 3049 Add.
1413 3023 1481 3058 Nep.
1497 3025 1535 3055 16,
1549 3031 1572 3056 ς,
1584 3030 1608 3048 2.
1681 3022 1767 3047 Varro
1788 3020 1821 3047 de
1842 3021 1873 3048 R.
1893 3022 1924 3048 R.
1940 3030 1959 3054 ι,
1974 3031 1991 3055 9
2011 3022 2040 3048 de
2052 3030 2137 3056 tffl'ss,
2158 3025 2189 3050 1¹¹

40 3056 82 3091 ,¹⁰
91 3057 146 3084 OM
156 3057 171 3078 Ρ
181 3058 202 3081 0
211 3058 233 3079 T
242 3059 324 3086 10R,
342 3054 386 3081 iri.
423 3054 507 3082 Plaut.
521 3055 589 3082 Rud.
605 3065 626 3089 1,
640 3065 662 3089 3,
676 3065 710 3083 22
737 3056 790 3083 Hic
804 3057 866 3083 solis
884 3057 950 3084 locis
969 3067 1078 3094 compo·
1140 3066 1171 3084 ea
1183 3058 1255 3085 enim
1269 3063 1295 3084 et
1310 3058 1376 3093 lapis
1384 3079 1393 3092 ,
1412 3065 1438 3085 et
1452 3067 1545 3089 arena,
1565 3063 1591 3084 et
1603 3062 1704 3084 caetera
1717 3056 1773 3082 eius
1786 3057 1890 3091 generis
1905 3058 1964 3084 sunt
1977 3058 2005 3084 in
2024 3059 2190 3090 nominando

39 3087 155 3127 ita-siim.
226 3089 258 3114 Ee
272 3088 392 3116 Tertull.
405 3089 465 3117 adu.
472 3091 575 3118 Valent.
585 3099 608 3118 ιι
626 3092 692 3120 Νοιι
704 3093 763 3120 visu
776 3102 824 3120 nec
837 3093 930 3121 auditu
941 3093 998 3121 eius
1006 3104 1079 3122 com·
1138 3093 1335 3129 comprehensa.
1354 3098 1373 3122 ι’.
1391 3095 1553 3131 appellatione
1572 3100 1654 3119 terrae
1673 3101 1701 3118 ca
1719 3092 1965 3127 comprehenduntur.
2037 3095 2151 3130 Captum
2163 3102 2190 3123 et

0 3129 1 3134 ¹
45 3129 112 3150 Otn'l
142 3122 256 3163 ffl-Cst·
1142 3129 1361 3165 comprehensum
1374 3131 1492 3166 aliquem
1504 3135 1594 3156 tenere
1634 3128 1691 3155 Cic.
1706 3128 1734 3154 in
1751 3128 1830 3154 Catil.
1842 3136 1864 3160 3,
1880 3131 1909 3155 16
1923 3139 1945 3156 c.
1957 3137 1984 3164 7.
2056 3132 2189 3167 Linguam

63 3164 81 3185 c
91 3164 110 3185 o
122 3165 147 3185 M
158 3164 260 3186 PoTo
270 3179 279 3192 ,
297 3163 351 3188 are.
371 3160 518 3198 [coponium]
552 3163 632 3190 Simul
638 3169 737 3199 potare.
775 3165 845 3190 Hinc
1140 3165 1244 3201 forcipe
1267 3168 1447 3201 comprensam
1467 3164 1576 3192 abstulit
1606 3163 1688 3191 Ouid.
1702 3164 1766 3190 Met.
1779 3165 1805 3196 6,
1821 3166 1875 3197 556.
1946 3166 1997 3192 Res
2014 3167 2118 3201 penitus
2131 3177 2190 3203 per-

61 3200 79 3222 c
87 3201 108 3222 0
119 3200 144 3221 Μ
155 3201 170 3220 Ρ
180 3200 200 3221 0
208 3200 230 3221 Τ
240 3201 262 3222 Α
271 3201 293 3222 ‘r
302 3203 312 3222 1
320 3202 356 3229 o,
375 3197 444 3223 onis.
465 3197 484 3224 f.
520 3198 691 3233 [συμπόσιον]
728 3199 882 3227 Conuiuium.
920 3201 976 3229 Cic.
991 3201 1024 3230 de
1032 3203 1076 3229 Se-
1093 3203 1123 3233 85
1139 3201 1241 3237 spe-stae
1252 3202 1383 3238 planeque
1394 3202 1515 3237 cognitae
1523 3220 1532 3233 ,
1551 3206 1631 3234 atque
1644 3200 1677 3226 ab
1689 3199 1826 3234 opinionis
1839 3199 1955 3227 arbitrio
1968 3202 2117 3236 seiunetae,
2141 3204 2189 3230 sci-

0 3243 2 3265 ,
39 3229 142 3270 ,ρὰ-4)·
154 3238 175 3256 c.
191 3238 216 3262 13
231 3236 296 3258 extr.
317 3232 483 3273 Conuiuium
509 3235 682 3262 nominarunt
702 3235 798 3262 melius
817 3245 896 3272 quam
910 3238 1015 3272 Graeci,
1029 3239 1079 3275 qui
1139 3238 1264 3273 entiaque
1278 3238 1481 3274 comprehensae
1499 3237 1557 3263 Cic.
1570 3236 1602 3262 de
1614 3236 1688 3262 Orat.
1702 3243 1722 3267 1,
1738 3240 1790 3265 108.
1861 3237 1891 3262 In
1904 3237 1995 3264 animo
2016 3244 2042 3265 et
2056 3240 2188 3266 memoria

47 3274 79 3293 oc
93 3265 164 3293 idem
177 3270 234 3306 tium
247 3273 487 3302 computationem,
504 3275 560 3297 tum
578 3272 814 3298 concoenationem
829 3279 933 3301 vocant.
1138 3272 1188 3300 fibi
1201 3273 1374 3303 distributum
1386 3280 1464 3308 atque
1478 3271 1696 3307 comprehensum
1709 3270 1812 3306 aliquid
1830 3270 1929 3299 habere
1964 3274 2020 3301 Cic.
2056 3274 2088 3302 de
2110 3275 2186 3302 Petit.

63 3307 82 3329 c
92 3308 146 3329 OM
155 3308 170 3328 Ρ
180 3308 304 3343 οΤρκ,
321 3303 387 3330 oris.
405 3313 442 3331 m.
467 3305 630 3342 [συμπότης]
667 3307 723 3334 Cic.
755 3307 869 3344 Philipp.
890 3318 917 3342 2,
940 3319 974 3345 42
997 3319 1020 3337 c.
1046 3318 1076 3346 17
1139 3310 1218 3337 Cous.
1230 3319 1276 3344 24.
1346 3310 1491 3344 Cognitum
1506 3306 1777 3342 comprehensumque
1788 3307 1880 3334 animo
1893 3307 1991 3336 habere
2010 3310 2065 3337 Cic.
2082 3311 2114 3337 de
2122 3311 2186 3336 Nat.

59 3346 105 3365 um
117 3345 184 3364 vero
198 3336 307 3365 adhibes
317 3338 372 3366 ioci
386 3340 462 3368 causa
472 3341 624 3375 magistrum
637 3343 763 3378 suffragio
776 3349 838 3376 tuo,
856 3351 883 3372 et
889 3352 1077 3382 compotorum
1138 3345 1219 3374 Dcor.
1233 3355 1250 3373 2
1263 3355 1284 3373 c.
1298 3354 1323 3373 2.
1396 3346 1496 3372 Animo
1508 3343 1584 3371 firme
1596 3349 1751 3378 conceptum
1764 3349 1843 3379 atque
1850 3345 2067 3380 comprehensum
2087 3346 2143 3372 Cic.
2153 3345 2186 3371 de

76 3382 137 3402 tum
150 3372 295 3400 rhetorem.
337 3374 396 3402 Vid.
411 3379 485 3402 etiam
497 3376 526 3403 in
537 3377 622 3406 Pison.
635 3381 666 3412 65
689 3388 711 3405 c.
726 3387 770 3414 27.
1087 3384 1125 3410 90
1139 3381 1228 3409 Finib.
1243 3391 1269 3415 2,
1281 3384 1308 3408 6.
1377 3381 1417 3407 Id.
1432 3380 1511 3407 Acad.
1525 3389 1554 3413 4,
1566 3388 1594 3406 21
1615 3380 1714 3405 Animo
1727 3378 1782 3406 iam
1794 3379 1857 3406 haec
1873 3386 1992 3408 tenemus
2015 3380 2184 3415 comprehen-

63 3415 108 3442 co
117 3416 142 3435 Μ
152 3416 170 3450 Γ
183 3410 202 3436 ὁ
212 3415 233 3434 Τ
243 3416 263 3436 R
272 3417 282 3437 1
291 3417 309 3437 x
318 3430 326 3442 ‚
342 3411 398 3441 icis.
418 3411 438 3438 f.
473 3412 650 3451 [σνμηότριοι]
686 3415 756 3442 Ter.
778 3415 860 3443 Andr.
884 3425 906 3450 1,
923 3426 952 3451 4,
967 3425 980 3451 ς
1001 3418 1075 3452 Qia
1140 3417 1181 3450 sa,
1195 3427 1251 3445 non
1264 3416 1387 3445 sentibus.
1457 3417 1514 3442 Cic.
1524 3414 1602 3441 Acad.
1613 3422 1634 3447 1,
1642 3423 1678 3448 40
1700 3414 1780 3448 Qiod
1792 3422 1880 3442 autem
1893 3417 2185 3452 eratcomprehensum,

43 3449 178 3480 ompotrix
209 3453 266 3486 eius
299 3445 344 3473 est.
418 3448 450 3474 131
463 3446 610 3484 Adiefflue,
633 3450 724 3478 Sidon.
737 3451 816 3486 Epist.
830 3460 856 3485 2,
869 3461 886 3486 9
905 3453 1077 3481 Famularum
1112 3475 1114 3478 ,
1139 3452 1167 3479 id
1181 3453 1267 3489 ipsum
1281 3453 1382 3480 sensum
1394 3451 1557 3487 appellabat:
1595 3456 1622 3477 et
1634 3450 1652 3476 si
1666 3451 1704 3477 ita
1717 3456 1773 3478 erat
1786 3453 2014 3487 comprehensum,
2027 3458 2055 3478 vt
2068 3451 2183 3477 conuelli

0 3475 9 3501 s
41 3479 108 3508 urba
120 3488 280 3516 ‚compotrix-
1138 3489 1243 3519 ratione
1260 3498 1316 3516 non
1328 3489 1423 3523 posset,
1444 3487 1591 3513 scientiam.
1662 3486 1717 3513 Cic.
1732 3486 1766 3513 de
1779 3487 1867 3515 Finib.
1883 3498 1908 3521 2,
1921 3497 1955 3515 20
1978 3488 2097 3514 Breuiter
2112 3495 2183 3513 com—

41 3543 45 3549 ,
61 3522 79 3543 c
88 3521 108 3542 0
116 3522 142 3542 Μ
153 3521 168 3542 Ρ
178 3523 252 3544 RAE
260 3524 277 3544 C
287 3518 301 3544 1'
307 3524 326 3544 D
337 3522 370 3550 0,
378 3517 492 3553 (penult.
500 3517 597 3556 langii)
604 3522 657 3548 ere.
692 3522 824 3549 Haeduae
833 3522 917 3551 lineae
925 3524 1007 3552 altera
1013 3525 1078 3552 alte-
1139 3525 1269 3560 prehensis
1284 3523 1439 3560 grauiffimis
1453 3521 1587 3550 sententiis
1600 3521 1672 3556 quasi
1685 3522 1792 3550 oracula
1807 3524 1914 3550 edidisse
1922 3524 2062 3558 sapientiae
2074 3523 2182 3549 dicitur.

41 3559 88 3590 ¹aiii
94 3553 447 3594 compraecidentHygin.de
454 3554 547 3582 Limit.
557 3565 580 3591 p.
589 3563 645 3592 177.
652 3560 670 3583 i.
672 3557 802 3592 secabunt,
811 3559 901 3595 vtfere
909 3561 1056 3589 Geometrae.
1090 3562 1123 3589 95
1140 3561 1195 3588 Cic.
1210 3571 1260 3599 pro
1275 3561 1350 3588 Rosc.
1365 3560 1441 3586 Com.
1459 3566 1483 3592 ις
1503 3557 1613 3586 Perinde
1624 3566 1654 3584 ac
1666 3557 1684 3584 fi
1698 3558 1727 3586 in
1739 3558 1805 3586 hanc
1817 3559 1961 3586 formulam
1974 3559 2064 3584 omnia
2083 3557 2184 3585 iudicia

41 3612 43 3614 .
65 3592 83 3613 c
93 3592 114 3614 0
124 3591 297 3622 MPRAEs,
331 3589 411 3616 aedis.
447 3590 608 3626 [cvn'yyvos]
644 3592 770 3620 Eiusdem
802 3595 843 3622 rei
874 3596 974 3630 populo
1000 3597 1077 3632 spon·
1138 3596 1272 3633 legitima,
1297 3596 1388 3623 onmia
1401 3594 1512 3621 arbitria
1526 3593 1686 3627 honoraria,
1700 3595 1791 3622 omnia
1803 3594 1890 3622 officia
1903 3594 2043 3621 domestica
2062 3594 2184 3620 conclusa

0 3627 2 3638 ²
41 3630 81 3650 Οἳ·
121 3621 220 3649 Festus·
291 3654 294 3657 ,
585 3661 591 3667 ,
1139 3639 1166 3660 et
1178 3631 1366 3668 comprehensa
1379 3630 1436 3657 sint.
1507 3629 1704 3664 Comprehensa
1716 3631 1805 3666 planta
1826 3631 1920 3658 Pallad.
1935 3629 1994 3656 oet.
2014 3637 2054 3662 11,
2067 3637 2089 3662 ς.
2110 3639 2182 3666 quam

0 3664 1 3667 ’
65 3664 84 3686 c
91 3664 112 3685 ο
119 3665 145 3685 Μ
154 3664 169 3684 1>
177 3664 197 3684 R
205 3664 228 3686 Α
235 3665 282 3695 1317
290 3666 308 3688 E
316 3667 340 3688 Ν
348 3667 367 3687 D
376 3667 396 3688 0
403 3681 413 3694 ,
430 3662 484 3688 ere.
520 3661 620 3696 Hygin.
634 3661 667 3689 de
677 3663 830 3692 Casti-amet.
837 3672 877 3701 ap.
885 3666 1004 3703 Rutgers.
1013 3669 1076 3695 Var-
1139 3667 1321 3705 comprehendit
1332 3674 1402 3693 terra
1409 3686 1418 3698 ,
1437 3665 1605 3701 ipsaterram.

29 3692 102 3725 Ιμεᾶ-
117 3701 138 3726 1,
147 3701 248 3727 11p·50-
283 3695 330 3726 Sed
341 3704 483 3733 corruptum
489 3703 568 3732 putat
579 3698 698 3732 schelius,
705 3708 774 3735 quem
787 3700 840 3728 uid.
850 3708 879 3737 p.
891 3713 916 3738 7.
952 3705 1024 3732 Certe
1036 3714 1077 3731 m·—
1176 3711 1194 3732 c
1203 3712 1224 3732 o
1232 3712 1258 3731 M
1266 3711 1282 3731 r
1290 3710 1310 3730 R
1318 3709 1335 3729 E
1343 3709 1364 3729 H
1373 3709 1390 3728 Ε
1399 3709 1421 3728 N
1431 3708 1445 3727 s
1455 3707 1488 3728 113
1498 3699 1508 3727 ῑ
1518 3708 1534 3727 ι.
1546 3709 1556 3728 ι
1566 3709 1579 3729 s
1587 3721 1597 3734 ,
1614 3710 1637 3728 e.
1661 3701 1723 3729 Adi.
1759 3699 1955 3735 [καταληκτὸς]
1985 3699 2066 3735 Qud
2077 3707 2182 3735 compi-c-

73 3728 152 3765 .J2².51'5
158 3729 240 3765 firma
248 3728 308 3757 him·
317 3731 458 3761 wfforitas
469 3733 558 3766 verbo,
576 3743 650 3771 neque
661 3741 730 3762 certa
741 3734 900 3773 ligmficatio.
1083 3745 1132 3765 100
1138 3739 1214 3767 benai
1220 3737 1311 3776 potest.
1345 3738 1403 3764 Cic.
1411 3736 1490 3763 Acad.
1499 3745 1518 3767 ι,
1526 3747 1562 3770 40
1575 3747 1598 3764 c.
1607 3746 1629 3764 ιι
1649 3738 1679 3764 Id
1692 3743 1781 3764 autem
1795 3737 1890 3768 visum,
1904 3743 1986 3770 quum
2000 3736 2085 3770 ipsum
2100 3737 2180 3770 perse

72 3769 91 3791 c
102 3770 122 3791 o
132 3770 181 3791 MP
189 3770 318 3793 RANDE
326 3773 362 3800 ο,
380 3772 435 3796 ἐκ.
471 3769 570 3796 Saresb.
584 3770 664 3805 Epist.
680 3772 741 3804 264.
848 3777 858 3785 ²
1138 3782 1290 3803 cerneretur
1298 3793 1307 3807 ,
1324 3772 1570 3808 comprehensibile.
1639 3772 1688 3801 scd
1699 3775 1793 3800 Parem
1804 3773 1863 3798 Lex.
1871 3772 1935 3797 Crir.
1945 3779 1970 3804 p.
1985 3779 2039 3804 ²40
2055 3772 2181 3806 Compre-

55 3804 354 3840 ‘Com-PRANSORJ
389 3805 455 3834 ὃτίε.
491 3815 528 3832 m.
568 3806 745 3842 [συναρι-δν]
782 3807 834 3843 Qu*
855 3806 932 3841 simul
957 3809 1077 3845 prandet.
1138 3811 1276 3839 hendibile
1301 3808 1338 3836 ibi
1356 3808 1483 3845 legendum
1502 3808 1582 3842 dicit,
1602 3815 1626 3835 et
1645 3812 1684 3835 ita
1702 3809 1760 3835 MS.
1830 3807 1886 3833 Sen.
1906 3806 2012 3839 Quaest.
2027 3807 2088 3833 Nat.
2106 3809 2132 3838 6,
2144 3813 2180 3836 24

30 3833 87 3875 (3¹²3
99 3834 213 3876 Phfllff:
225 3843 252 3868 2,
266 3844 307 3864 ¹01
319 3847 342 3865 c·
354 3846 386 3872 39
404 3841 483 3868 Hunc
495 3848 526 3868 tu
540 3850 633 3877 agrum
647 3841 878 3877 compransoribus
891 3844 944 3871 tuis
958 3851 985 3872 et
997 3845 1078 3874 collu-
1138 3849 1237 3874 Vtrum
1248 3845 1356 3881 spiritus
1367 3845 1447 3871 inti-et
1461 3853 1507 3879 per
1521 3844 1659 3880 pei-tenuia
1672 3843 1819 3874 foramina,
1841 3850 1888 3868 nec
1906 3841 1990 3868 oculis
2011 3842 2179 3876 comprehen-

26 3869 303 3912 'spnbm'dfflssl‘bss-
374 3908 380 3914 ,
1139 3882 1235 3910 sibilia.
1269 3879 1344 3916 Coris.
1356 3879 1476 3907 Macrob.
1487 3880 1576 3908 Somn.
1591 3880 1659 3914 Scip.
1673 3887 1694 3912 1,
1708 3887 1730 3904 2.
1766 3884 1789 3904 et
1801 3877 1901 3904 Arnob.
1915 3885 1925 3903 1
1945 3887 1970 3912 p.
1984 3886 2025 3912 37.
2077 3914 2080 3917 Ι

65 3912 84 3934 e
92 3912 113 3934 ο
120 3912 145 3933 M
153 3912 169 3933 r
178 3912 209 3971 ιζ
207 3913 236 3972 12
231 3913 278 3971 cto
286 3914 323 3972 ii,
341 3911 392 3937 ari.
425 3909 553 3947 [εὔχομαι
558 3915 571 3948 ]
606 3915 672 3941 Deos
677 3914 781 3950 plures,
799 3915 841 3942 vel
850 3920 903 3943 toto
920 3917 1018 3947 animo,
1028 3916 1076 3954 fa.
1086 3922 1131 3953 &35
1175 3923 1194 3945 c
1204 3924 1224 3945 o
1231 3924 1258 3945 M
1266 3919 1282 3944 r
1289 3922 1309 3943 R
1317 3922 1334 3948 i:
1341 3922 1363 3943 ι-ι
1372 3923 1390 3943 ε
1398 3923 1421 3944 Ν
1428 3924 1461 3979 ³61
1469 3923 1502 3979 ογ,
1516 3916 1584 3943 onis.
1604 3916 1625 3943 f.
1660 3912 1826 3948 [κατάληψις]
1860 3911 2080 3949 eomprehendam
2096 3907 2178 3969 mig,
