2474 4182
432 73 717 125 ,con

53 167 142 203 porci,
158 175 243 194 canes:
278 163 374 199 quibus
397 162 532 189 immunda
548 161 612 189 haec
634 160 721 188 omnis
740 166 908 194 conceptatur
928 166 954 187 et
969 162 1089 196 gignitur

54 210 214 230 terrenarum
228 200 363 235 proluuics
377 199 533 225 bestiarum?
554 197 657 225 Maiora
670 202 851 230 conceptantcs
864 197 1087 230 Amn1ian.31,26.

88 243 291 267 concxsvs‚
311 242 386 261 con
399 241 415 261 c
428 242 500 266 rsa,
521 232 574 259 vid.
603 237 789 271 conczpo.

87 277 279 303 concub,
299 270 462 297 are.v1·d.c
474 274 634 299 ONC1E0‚
660 275 772 293 concies.

35 332 37 340 Ἰ,
87 315 103 336 c
113 314 133 334 ο
144 316 165 334 N
176 312 193 332 C
204 314 213 332 1
223 313 298 337 vni.
326 306 357 332 is.
399 305 539 333 ExaEtum,
558 302 708 329 concinium
729 302 815 328 locum
835 304 951 337 primum
976 304 1087 339 appella-

51 349 120 373 tum,
137 341 231 369 deinde
247 341 349 368 dmum
361 340 472 368 fundum
486 338 602 366 Frontin.
616 337 648 363 de
659 337 751 364 Limit.
766 348 789 372 p.
804 348 856 370 3¹0·
891 339 960 366 Add.
974 341 1087 367 Hieron.

35 378 37 413 ξ
52 378 128 413 Epist.
142 386 168 409 2,
183 385 218 410 25.
255 376 374 404 Tertull.
390 382 479 403 contra
494 375 574 402 Marc.
589 380 611 412 ς,
626 381 664 407 17.
693 374 726 399 A.
742 375 856 401 Borrich.
870 375 1051 410 Vindic.p.;1.

86 419 103 440 c
114 419 161 440 ΟΝ
173 419 190 439 C
203 414 247 439 LA·
256 420 279 440 M
291 421 308 440 O
322 433 331 446 ,
357 417 409 439 are.
446 407 612 445 [narac’oa'wj
649 409 726 435 Simul
747 411 867 442 clamare,
889 412 929 436 vel
953 412 987 436 ati
1001 413 1089 446 plures

48 449 166 480 clamare,
188 455 216 474 vc
231 456 365 484 praecones
377 447 468 483 solent.
504 444 584 470 Plaut.
598 444 679 471 Merc.
702 445 769 478 prol.
787 454 810 477 31
839 446 1010 472 Conclamare
1031 453 1087 472 tota

50 483 115 510 vrbe
135 491 160 510 et
180 484 338 518 praedicere.
374 484 417 509 Al.
444 479 644 519 Conclmuitafe.
680 481 754 507 [dem
774 482 843 507 Men.
863 490 884 514 ς,
904 490 929 514 9,
947 490 981 513 92
1016 483 1084 515 Ergo

34 529 118 552 ιῃῃῃς
132 521 184 546 iam
199 520 238 546 vis
253 518 412 546 conclamari
430 515 579 544 auctionem
599 515 666 541 neri.
739 517 911 543 Conclamant
924 525 1030 550 omncs,
1045 526 1086 543 oc-

35 554 176 582 ‘canonem
191 555 292 590 negotii
304 555 370 581 bene
384 550 492 586 gerendi
507 550 676 577 amittendam
688 561 743 578 non
757 553 804 579 elle
817 552 888 579 Caes.
901 552 965 579 Bell.
978 552 1047 578 Gall.
1063 561 1086 584 3,

0 611 2 620 ,
34 610 37 622 ,
50 596 82 620 18.
138 589 367 617 Conclamantibus
381 586 506 613 omnibus
516 606 523 618 ,
543 587 685 621 imperaret
699 588 771 622 quod
788 588 867 615 vellet
881 587 918 614 Id.
934 588 963 614 Β.
976 588 1006 614 C.
1020 596 1042 620 3,
1057 590 1082 614 6.

0 643 2 649 ,
32 625 104 669 [Cic.
118 626 229 660 Philipp,
245 628 271 657 6,
285 634 301 652 2
330 622 420 657 Quini
434 631 483 649 vos
501 622 614 649 vniuersi
630 631 681 649 vna
694 630 781 650 mente
797 631 874 658 atque
893 632 973 655 voce,
988 624 1085 650 iterum

28 679 30 691 ;
48 671 62 687 a
75 671 117 688 me
129 660 358 688 conseruatamessc
366 659 459 692 Remp.
469 658 655 685 conclamastis.

564 693 637 720 Idem
653 694 717 721 Aen.
729 704 755 728 2,
769 704 809 727 233
834 694 989 722 Ducendum
1004 695 1036 721 ad
1049 695 1085 721 se-

55 73 141 129 1109

27 719 30 726 .
47 698 145 723 Paeana
159 697 238 724 secuti
253 697 323 729 Virg.
338 695 404 720 Aen.
420 703 459 725 ιο,
473 700 527 728 733·

47 732 91 758 des
109 731 289 762 fimulacrum,
309 729 461 764 orandaque
475 729 553 756 diuae
574 729 695 756 Numina
715 731 887 757 conclamant.

47 767 141 794 decora
158 766 315 794 exultatione
338 766 503 792 conclamant
518 765 649 798 Qxinc‘lil.
670 774 695 797 2,
713 774 737 797 2,
757 775 781 793 12
802 767 829 792 dc
843 766 933 802 plausu
946 767 1085 801 inscholr'r.

29 817 31 820 ·
47 803 214 830 Conclamate
227 803 323 828 iterum
335 801 430 828 altiore
443 810 510 827 voce
524 801 620 827 Catull.
634 809 676 834 42,
692 807 725 830 18.
783 802 952 828 Conclamare
967 802 999 828 ad
1014 811 1086 829 arma

47 839 106 865 Liu.
120 848 142 872 3,
157 847 187 872 50
201 844 223 863 et
236 839 261 869 6,
275 842 314 867 28.
384 838 474 864 Socios
487 837 567 864 Ouid.
582 837 648 863 Met.
663 844 697 868 13,
712 844 751 871 73.

28 894 29 897 ,
44 883 73 900 re
86 873 240 901 conclamari
254 872 328 899 iubet
345 872 440 900 Caesar
455 873 482 899 B.
499 873 559 899 Ciu.
575 881 594 903 1,
610 874 643 898 66
661 881 713 897 nem
732 881 743 897 e
762 870 897 905 castrorum
916 873 1087 899 mouendo-um

28 913 31 939 J
44 909 124 946 cauſsa.
159 907 385 944 Qodstmplicitcr
399 909 572 935 Conclamare
585 907 648 934 dicit
667 906 706 933 ibi
728 927 733 933 .
748 916 768 933 c.
785 911 827 942 67.
843 910 873 934 it.
894 917 917 940 3,
933 916 973 943 75.
1010 910 1086 941 Vasa,

27 941 63 976 ἐπ’.
75 945 193 982 sarcinas
212 944 369 981 colligendas.
445 944 594 971 Victoriam
616 943 687 970 Caes.
702 943 766 969 Bell.
781 944 850 969 Gall.
866 953 886 975 1,
898 952 938 977 37.
978 946 1026 971 Pro
1048 955 1087 971 vc-

28 979 162 1007 :hemenrcr
174 981 280 1006 clamart·
295 979 369 1006 Idem
383 979 446 1006 Bell.
461 980 529 1006 Gall.
543 988 562 1011 1,
577 986 613 1013 47
632 980 706 1011 Quos
728 987 810 1013 quum
829 979 897 1013 apud
910 981 934 1006 se
951 981 980 1006 in
999 980 1087 1007 castris

28 1015 29 1019 ’
43 1014 191 1043 Ariouistus
206 1016 388 1051 conspexisset,
410 1016 527 1042 exercitu
541 1016 589 1041 suo
602 1014 751 1048 praesente,
766 1014 955 1046 conclamauit,
976 1017 1040 1050 quid
1053 1016 1085 1042 ad

26 1048 29 1089 v]
42 1052 68 1078 se
85 1052 223 1078 venirent?
259 1052 302 1078 Al.
317 1051 444 1078 clamauit
461 1058 547 1078 contra
560 1050 635 1077 MSS.
709 1050 783 1084 Virg.
802 1051 865 1077 Aen.
879 1061 902 1084 3,
915 1061 955 1084 523
980 1052 1084 1078 Italiam

27 1087 143 1122 'primus
158 1086 303 1114 conclamat
316 1086 439 1113 Achates:
466 1087 587 1118 Seruius,
602 1084 680 1112 valde
695 1091 739 1112 aut
754 1087 854 1121 saepius
870 1087 972 1114 clamat.
1009 1087 1083 1113 Idem

42 1123 107 1150 Aen.
121 1126 148 1154 6,
164 1131 208 1156 259
229 1123 321 1149 Procul
336 1123 414 1156 hinc,
430 1121 522 1157 procul
541 1121 592 1148 este
605 1121 722 1156 profani.
779 1125 810 1149 In
828 1122 916 1158 quibus
927 1130 1008 1148 tamen
1022 1124 1084 1149 Iocis

42 1158 152 1185 omnibns
172 1160 281 1195 intrlligi
300 1162 372 1185 etiam
393 1158 457 1185 illud
469 1156 566 1193 potest,
584 1156 649 1193 quod
667 1157 793 1190 diximm,
813 1162 917 1185 clamari
940 1157 974 1183 ad
988 1160 1085 1193 plures.

41 1194 148 1222 Plane’tu
162 1194 307 1221 conclamat
320 1200 431 1229 vterque
448 1194 557 1220 isthmos
572 1193 634 1220 Stat.
649 1192 740 1219 Theb.
754 1196 780 1226 6,
793 1203 826 1226 13.
951 1191 971 1229 ἦ
986 1202 1003 1220 z
1025 1195 1083 1220 For-

41 1232 107 1257 mula
121 1231 248 1266 Jhllmnu:
258 1241 265 1256 :
302 1230 502 1257 Conclamatuiu
515 1229 564 1256 est!
594 1229 663 1256 Ter.
678 1230 743 1256 Eun.
757 1238 782 1262 2,
796 1238 819 1261 3,
832 1236 865 1262 54
901 1228 1009 1262 Desine,
1029 1230 1083 1256 iam

41 1266 234 1293 conclamatum
253 1266 296 1292 est.
338 1266 387 1292 Vbi
401 1266 536 1299 Donatus,
561 1264 760 1292 Conclamatum
782 1265 832 1297 est,
857 1264 1036 1292 Transa&um
1055 1275 1083 1292 ac

42 1299 156 1328 finitum.
179 1308 223 1334 vt,
238 1302 407 1329 Conclamata
425 1310 552 1336 corpora,
573 1309 640 1337 quae
658 1300 726 1327 nihil
746 1300 845 1334 reliqui
863 1299 916 1326 iam
934 1300 1032 1328 habent
1050 1301 1082 1328 ad

43 1338 114 1364 vitae
129 1336 223 1364 officia.
259 1339 355 1364 Lucan.
371 1347 394 1369 2,
409 1347 438 1370 23
456 1339 577 1372 Corpora
590 1336 709 1363 nondum
728 1335 895 1362 Conclamata
908 1336 1001 1364 iacent.
1030 1339 1083 1364 Aut

42 1373 256 1405 conclamatum,
277 1374 343 1400 Satis
364 1373 544 1408 deploratum,
563 1373 676 1407 satisque
689 1372 866 1398 vociferatum
880 1372 931 1398 est:

42 1415 130 1440 xerat,
150 1410 174 1436 O
187 1409 380 1436 infortunatum
394 1410 499 1442 senem,
519 1409 536 1435 si
554 1414 580 1436 et
597 1407 641 1434 hic
654 1415 742 1434 amare
756 1406 881 1441 coeperit.
936 1408 1084 1444 Tanquam

43 1444 127 1477 dicat,
144 1445 198 1472 Iam
210 1445 325 1472 occisum
339 1451 457 1480 patrem,
470 1444 574 1472 tandem
593 1443 703 1475 scimus,
715 1443 823 1477 iamque
844 1442 978 1470 deflemus.
1015 1446 1084 1471 Haec

42 1480 137 1508 Donat.
151 1480 256 1508 Seruius
267 1488 347 1508 amem
361 1487 481 1516 exponens
494 1479 555 1506 illud
568 1480 631 1506 Aen.
646 1480 672 1511 6,
686 1483 726 1508 2¹8
747 1479 808 1505 Pars'
820 1478 919 1506 calidos
931 1480 1028 1510 latices.
1037 1487 1082 1507 ctc.

41 1516 155 1548 Plinius,
168 1520 195 1542 in
213 1519 267 1549 uit,
281 1517 309 1543 in
322 1515 436 1543 naturali
453 1515 564 1542 historia
581 1514 647 1541 dicit
664 1513 731 1541 hane
747 1515 795 1540 efl'e
809 1515 922 1548 causam,
935 1522 965 1543 vt
979 1517 1082 1544 mortui

40 1558 66 1578 et
80 1551 164 1578 calida
184 1561 198 1578 a
219 1552 339 1583 luantur,
356 1557 382 1577 et
394 1560 442 1585 per
460 1550 601 1577 interualla
621 1550 833 1577 conclamentur:
852 1551 925 1586 quod
943 1552 1010 1579 solet
1029 1552 1082 1587 ple-

39 1595 153 1622 rumque
165 1587 252 1614 vitalis
265 1587 372 1621 spiritus
387 1585 504 1612 exclusus
517 1586 621 1621 putari,
639 1591 665 1612 et
679 1585 800 1612 homines
820 1587 921 1614 fallere.
958 1588 1082 1623 Denique

37 1622 120 1649 refert
138 1622 266 1657 quendam
282 1621 471 1657 superpositum
489 1630 585 1657 pyrae,
605 1621 734 1648 adhibitis
755 1622 862 1656 ignibus
881 1622 999 1651 creClum
1022 1625 1082 1657 effe,

36 1666 84 1684 nec
101 1657 210 1692 potuisse
223 1657 344 1685 liberari.
374 1658 454 1683 Vnde
468 1663 494 1684 et
514 1656 685 1684 seruabantur
700 1657 826 1685 cadauera
845 1658 908 1685 0810
928 1658 1038 1693 diebus,
1056 1666 1083 1687 et

36 1692 120 1720 calida
133 1692 321 1720 abluebantur:
341 1698 367 1719 et
380 1692 438 1728 post
454 1693 577 1720 vltimam
595 1693 831 1720 conclamationem
846 1694 1082 1730 comburebantur,

35 1729 105 1756 vnde
121 1729 200 1756 traxit
215 1729 378 1761 Terentius,
392 1728 500 1762 Desine,
515 1730 569 1756 iam
589 1729 782 1756 conclamatum
802 1729 847 1756 est.
879 1731 952 1756 Haec
967 1731 1082 1758 Seruius.

23 1765 162 1792 -Caeterum
169 1764 238 1791 Plin.
253 1772 280 1800 7,
294 1772 325 1798 52
345 1766 454 1800 exempla
465 1764 537 1791 habet
549 1764 751 1801 reuiuifientium
765 1768 791 1790 in
810 1774 869 1801 rogo
879 1785 887 1797 ,
907 1769 1027 1802 originem
1046 1769 1082 1794 ri-

23 1799 76 1827 'tus
89 1801 126 1827 ihi
138 1810 186 1827 non
199 1800 305 1826 indicat.
342 1802 374 1826 Et
385 1799 485 1827 videtur
497 1809 513 1827 a
525 1807 616 1827 ’utura
629 1800 684 1836 ipſs:
697 1798 796 1827 trafhcs
804 1821 812 1833 ,
825 1801 888 1827 unde
900 1803 927 1828 in
942 1802 1082 1838 antiquzflt'-

34 1845 75 1862 ma
87 1839 161 1862 etiam
177 1834 281 1870 htfloria
294 1837 363 1862 illius
375 1839 473 1862 mentio.
495 1845 520 1862 v.
534 1844 560 1873 g.
580 1839 654 1862 etiam
672 1836 701 1862 de
718 1836 872 1872 cib-sinubus,
886 1841 930 1873 qui
942 1841 970 1864 in.
982 1833 1082 1874 praelio

35 1870 170 1908 interfecit*
183 1878 352 1908 putarentur,
371 1872 463 1905 Quum
481 1880 513 1898 ex
532 1872 638 1899 moestis
658 1872 749 1906 paullo
768 1878 828 1899 ante
848 1872 987 1905 domibus,
1013 1883 1081 1909 quae

35 1908 263 1935 conclamauerant
278 1908 335 1934 suos
344 1928 353 1941 ,
367 1913 569 1942 procurreretur
588 1908 618 1934 in
629 1908 686 1934 vias
706 1908 767 1934 Liu.
788 1917 817 1942 4,
829 1918 875 1943 40.

34 1943 144 1971 clamata
167 1943 335 1978 imperatoris
352 1944 473 1978 suprema
493 1951 642 1978 corpusque
659 1949 780 1970 curatum
799 1944 831 1971 ad
849 1945 1025 1980 sepulturam,
1052 1951 1082 1972 vt

34 1979 411 2043 inisl'umbConstantinopolim
423 1979 493 2006 inter
506 1979 633 2007 diuorum
645 1979 774 2015 reliquias
785 1979 941 2009 humaretur
947 1982 1081 2009 Ammian.

48 2035 54 2042 .
67 2024 99 2048 3ο
128 2026 143 2042 u
196 2025 223 2042 n.

71 2015 323 2083 co'isxcr'grmrvs,
338 2059 361 2083 a,
374 2059 430 2077 um.
447 2051 515 2077 Part.
545 2050 636 2078 Herba
655 2052 812 2079 conclamati
831 2053 942 2088 frigoris
957 2053 1080 2081 Macrob.

34 2095 62 2123 7,
76 2094 104 2122 7,
118 2094 141 2120 ς.
159 2088 177 2112 i.
197 2089 307 2113 extremi.

35 2127 54 2150 i.
73 2121 277 2156 celebratiffimae.
313 2121 564 2149 Conclamatiffimus
576 2123 693 2150 fontium
705 2122 743 2150 Id.
757 2133 782 2155 2,
796 2133 817 2151 2.

35 2167 94 2186 mus
106 2157 280 2194 primipilaris
293 2156 331 2184 Id.
346 2160 371 2190 6,
382 2167 410 2190 2..
429 2161 448 2184 ι’.
471 2158 657 2192 ίαυᾶατξίῙὶηιω.
814 2175 817 2181 ι

70 2201 88 2221 C
95 2200 115 2221 0
123 2201 146 2220 N
154 2200 170 2221 C
179 2200 196 2220 L
204 2201 225 2220 A
234 2201 259 2220 M
268 2201 291 2221 A
299 2200 320 2220 T
328 2200 339 2219 1
348 2201 367 2220 0
375 2213 384 2226 ,
402 2193 470 2219 onis.
500 2193 520 2219 f.
558 2193 572 2226 [
583 2191 731 2223 mruG'o'nots
743 2194 757 2227 ]
802 2194 942 2221 hiultorum
974 2196 1076 2222 clamor.

34 2229 119 2256 Curio
130 2228 244 2256 vniuersi
257 2227 386 2255 exercitus
398 2228 606 2255 conclamatione
619 2228 916 2264 imperatorappellatur
928 2231 1001 2257 Caes.
1009 2231 1076 2258 Bell.

31 2264 113 2292 Ciuil.
128 2273 157 2296 2.,
170 2266 214 2290 26.
282 2263 412 2290 Lacrimis
430 2269 456 2290 et
468 2263 721 2290 conclamationibus
734 2264 855 2292 dolorem
869 2266 958 2293 testari
984 2267 1075 2295 Tacit.

31 2301 100 2327 Ann.
113 2309 136 2333 3,
151 2308 209 2332 2„3.
277 2299 334 2326 Sen.
354 2299 386 2326 de
406 2299 556 2326 Clementia
570 2308 590 2332 1,
605 2308 633 2325 12
668 2300 700 2326 Et
713 2309 797 2334 quum
816 2301 864 2328 ille
882 2302 912 2328 in
929 2302 1023 2330 vicino
1042 2303 1076 2330 ad

30 2335 122 2364 aedem
140 2335 264 2362 Bellonae
283 2335 389 2368 sedens,
414 2334 554 2362 exaudisset
573 2334 810 2363 conclamationem
833 2342 875 2364 tot
895 2338 1014 2365 millium
1028 2339 1075 2365 sub

32 2370 313 2433 gladiodgeigeuntffium,
327 2376 373 2397 etc.
444 2371 569 2397 Lamenta
577 2391 586 2404 ,
597 2371 820 2400 conclamationes
834 2373 926 2401 Tacit.
933 2374 1002 2401 Hist.
1013 2383 1042 2407 4,
1055 2383 1076 2405 1,

48 2427 56 2435 .
91 2408 120 2435 A
155 2427 160 2433 .
191 2415 231 2432 en.
285 2427 291 2433 .
307 2415 317 2433 1
339 2425 346 2432 .

30 2415 46 2441 ⁵
66 2449 84 2471 c
94 2450 112 2470 o
122 2449 144 2468 N
154 2449 171 2470 c
178 2450 195 2469 L
203 2449 225 2469 A
234 2449 257 2468 M
266 2416 282 2469 I1³
291 2449 312 2469 T
320 2414 340 2469 Ξ)
347 2461 356 2475 ,
379 2444 433 2468 are.
457 2442 598 2477 Frequent.
632 2442 646 2476 [
652 2441 848 2477 κατοιέοοίομοιι]

30 2479 98 2515 prol.
119 2486 143 2512 51
164 2477 357 2506 conclamitare
370 2483 426 2504 tota
437 2476 520 2510 vrbe,
533 2482 559 2504 et
572 2477 733 2513 praedicare.
753 2479 796 2504 Al.
808 2477 991 2505 Conclamare.

67 2521 85 2543 c
96 2520 116 2541 0
126 2521 196 2542 NCL
205 2521 256 2541 AV
265 2521 284 2541 D
292 2521 311 2541 0
319 2533 328 2546 ,
349 2512 384 2546 si,
402 2514 458 2540 sum
466 2533 476 2546 ,
496 2516 550 2540 ere.
586 2512 738 2546 [σννκλείω]
775 2512 854 2539 Simul
866 2513 993 2546 claudere,
1009 2513 1076 2550 quod

21 2549 72 2587 ,fre
89 2549 295 2578 uenum-,dicitur
308 2548 463 2580 Concludo,
482 2548 511 2574 de
524 2558 570 2584 quo
582 2556 654 2574 mox:
675 2547 717 2572 hic
728 2553 808 2573 tamen
824 2548 961 2583 ponendum
972 2555 1076 2586 propter

30 2560 136 2614 Cofum.
148 2594 172 2621 3,
186 2594 223 2618 12,
235 2594 251 2612 2
271 2585 314 2612 vbi
326 2584 425 2615 editur,
445 2583 594 2618 Eademque
608 2581 684 2610 velut
695 2582 832 2610 conclausa
849 2589 876 2611 et
887 2584 1020 2613 coarctata
1037 2586 1075 2613 se.

30 2622 105 2649 mina
117 2621 294 2656 comprimere
311 2625 390 2653 atquc
403 2618 571 2652 strangulare.

69 2657 303 2685 concrzivr,
332 2653 356 2680 is
370 2673 379 2686 ,
403 2661 430 2679 n.
461 2655 502 2680 vel
528 2659 776 2686 CONCLAV1S,
804 2654 836 2681 is.
869 2654 890 2682 f.
938 2656 1074 2690 [mogon

20 2688 170 2727 dominor,
187 2689 305 2723 ὅιιιίσκος]
325 2689 377 2721 est,
392 2691 476 2725 inquit
488 2689 605 2716 Donatus
625 2689 659 2716 ad
671 2689 739 2717 Ter.
760 2691 825 2717 Eun.
838 2699 861 2723 3,
875 2698 898 2725 ς,
911 2699 948 2725 3ς.
969 2692 1076 2727 Separa-

20 2727 88 2755 :tior
98 2727 172 2754 locus
188 2726 218 2752 in
231 2724 404 2753 interioribus
417 2724 508 2751 teffls:
525 2724 568 2752 vel
581 2724 653 2760 quod
666 2726 738 2752 intra
749 2734 809 2752 eum
821 2726 880 2753 loca
893 2727 977 2754 multa
993 2735 1019 2755 et
1032 2737 1075 2755 cu-

31 2761 121 2790 bicula
134 2761 220 2790 clausa
238 2760 287 2788 sint
304 2760 474 2788 adhaerentia
492 2761 622 2788 triclinio.
693 2761 763 2789 Ter.
778 2763 875 2789 Heaut.
889 2772 913 2796 ς,
931 2773 950 2795 1,
965 2772 996 2797 29
1032 2764 1075 2791 Est

31 2798 102 2826 mihi
113 2797 216 2825 vltimis
230 2796 353 2824 conclaue
370 2797 399 2823 in
413 2796 523 2823 aedibus
537 2796 669 2832 quoddam
683 2803 766 2824 retro.
811 2799 851 2825 Sic
865 2799 921 2826 Cic.
935 2799 967 2826 de
979 2799 1072 2827 Diuin.

32 2843 54 2867 ι,
64 2837 100 2862 26
124 2833 258 2861 Conclaue
270 2832 347 2865 illud,
360 2832 408 2859 vbi
423 2838 479 2860 erat
497 2834 648 2865 mansurus,
664 2832 682 2860 si
704 2834 744 2860 ire
763 2834 930 2868 perrexisset,
948 2836 1072 2870 proxima

28 2869 109 2898 noete
122 2869 232 2897 corruit.
300 2869 476 2896 Committere
495 2869 522 2896 se
541 2869 570 2896 in
587 2869 726 2901 conclaue,
748 2869 802 2896 uid.
834 2877 850 2898 c
859 2877 878 2898 ο
887 2877 912 2898 Μ
921 2878 947 2898 M
956 2879 966 2899 1
977 2878 998 2898 T
1007 2878 1028 2898 Τ
1040 2878 1072 2900 o.

28 2905 160 2934 Conclaui
178 2906 274 2933 Cicero
287 2911 336 2941 pro
358 2904 556 2940 Tricliniosvfiaes
567 2903 616 2938 est,
635 2906 695 2932 licet
715 2914 740 2932 eo
759 2905 876 2933 vocabulo
897 2908 961 2934 alias
983 2914 1073 2935 vtaeur

28 2943 106 2970 Verr.
119 2951 148 2976 4,
160 2946 189 2975 58
208 2941 280 2969 Nam
294 2946 323 2968 vt
337 2939 367 2967 in
378 2940 478 2975 singula
490 2940 642 2974 conclauia,
663 2950 729 2976 quae
743 2941 791 2967 iste
802 2951 857 2968 non
870 2942 951 2970 modo
961 2944 1071 2977 Romae,

28 2977 73 3006 sed
84 2977 210 3005 omnibus
221 2977 250 3004 in
262 2976 336 3013 villis
348 2975 445 3010 habet,
465 2977 580 3004 tricenos
597 2976 680 3004 leetos
694 2977 795 3012 optime
809 2977 901 3005 stratos
913 2989 975 3006 cum
988 2986 1071 3007 caete-

29 3013 68 3042 ris
79 3013 240 3046 ornamentis
258 3012 381 3041 conuiuii
396 3018 552 3048 quaereret,
570 3012 687 3039 nimium
704 3013 788 3040 multa
799 3022 952 3049 comparare
967 3016 1071 3043 videre.

29 3055 83 3077 tur.
104 3068 115 3077 t
152 3049 284 3076 Conclaue
298 3049 327 3075 de
344 3049 457 3076 triclinio
471 3047 539 3076 dixit
551 3051 624 3076 etiam
632 3049 700 3076 Hor.
709 3049 791 3076 Serm.
803 3058 829 3082 2,
840 3053 866 3083 6,
880 3059 929 3084 113.
984 3052 1070 3079 Nera-

28 3086 82 3114 tius
95 3085 126 3114 in
137 3085 156 3112 1.
174 3084 256 3120 Quod
267 3083 392 3111 conclaue
404 3084 437 3111 D.
450 3083 482 3111 de
495 3085 600 3111 Damno
613 3084 715 3111 infesto
723 3105 730 3117 ,
758 3085 840 3119 Q1od
852 3087 977 3115 conclaue
995 3087 1071 3115 bina-

28 3132 90 3151 rum
103 3121 210 3154 aedium
228 3120 352 3156 dominus
371 3128 404 3147 ex
424 3119 484 3146 aliis
502 3119 610 3148 aedibus
622 3120 652 3147 in
665 3120 779 3147 aliarum
797 3121 902 3149 aedium
916 3124 992 3150 vsum
1009 3133 1071 3151 con-

27 3159 126 3191 vertit,
142 3165 198 3184 non
211 3155 296 3183 tolum
311 3155 329 3183 fi
341 3155 522 3190 contignatiO,
541 3165 596 3192 qua
608 3156 638 3183 id
652 3155 840 3190 sustinebitur,
853 3158 957 3187 orietur
967 3168 999 3186 ex
1013 3169 1070 3194 par-

28 3202 55 3223 te
68 3202 159 3222 earum
172 3191 291 3224 aedium,
304 3191 334 3218 in
353 3191 468 3226 q'uarum
484 3192 561 3219 vsum
579 3193 737 3219 conuersum
755 3193 824 3225 erit3
842 3202 934 3223 earum
947 3195 1006 3222 fiet:
1026 3195 1070 3222 sed

27 3229 130 3259 etiamsi
141 3228 286 3256 transuersa
297 3227 369 3254 conti
405 3227 462 3254 atio
479 3232 536 3254 tota
548 3228 577 3255 in
591 3229 707 3255 aliarum
724 3228 830 3255 aedium
843 3230 989 3264 parietibus
1002 3231 1073 3258 sede-

26 3266 78 3298 bit.
116 3262 338 3300 Notaqiungenda
353 3272 365 3290 e
385 3272 397 3289 e
410 3261 498 3294 uerba,
508 3263 636 3291 Binarum
654 3263 762 3291 aedium
775 3264 906 3294 dominus.
962 3267 1069 3294 Colum.

27 3311 65 3337 12,
79 3311 104 3334 2,
116 3311 132 3329 2
155 3298 290 3327 Conclaue
303 3297 496 3325 excelfiffimum
509 3299 688 3334 pretiosiffima
706 3300 767 3327 vasa
779 3305 806 3327 et
823 3301 921 3329 vestem
935 3302 1070 3330 desiderat.

874 2125 1079 2153 Conclamatisli-

1109 310 1123 337 5

1102 490 1130 507 10

727 660 898 686 Conclamant
908 660 973 686 socii
988 659 1086 686 laetum
1102 661 1129 689 ῖς
1147 658 1208 684 dere
1229 658 1285 684 Scn.
1303 659 1414 693 Hippoi.
1438 669 1491 686 122.

958 732 1027 757 Cum
1046 731 1085 757 in-
1113 727 1116 731 ’

825 838 889 864 Vasa
903 837 1016 864 militari
1030 848 1086 864 uzo-
1099 845 1132 863 20
1148 836 1314 862 Concludere
1333 842 1412 872 atque
1429 846 1554 872 perorare
1573 838 1647 864 Idem
1660 840 1690 865 de
1704 842 1778 868 Orat.
1797 852 1822 876 2,
1844 853 1902 879 307.

1097 1016 1128 1042 κς

1096 1195 1127 1219 30

970 1373 1032 1407 quia
1045 1374 1084 1400 di·
1099 1373 1127 1399 33

1088 1557 1125 1582 40

1087 1736 1122 1763 43

948 1909 1006 1936 Post
1021 1919 1081 1937 con·
1094 1915 1126 1940 50

1142 729 1241 767 fertur.
1279 730 1364 756 Fitzire
1378 727 1411 762 est
1429 731 1484 756 Cic.
1500 730 1532 757 de
1547 733 1653 760 Amicit.
1676 743 1706 767 29
1733 737 1915 768 Quamobrem

1487 80 1520 118 C
1613 82 1649 119 O
1740 83 1782 121 N

1150 160 1274 201 conclusit
1294 164 1357 197 1pse.
1392 166 1505 205 Merop&
1526 169 1734 203 intelligentiam
1752 170 1781 196 in
1798 170 1904 205 animo,
1930 177 2047 206 animum
2067 181 2192 208 conclusit

1149 206 1179 223 m
1199 205 1311 237 corpore
1330 199 1393 225 deus
1411 202 1467 226 Cic.
1482 202 1513 228 de
1526 205 1646 230 Vniuers.
1663 212 1674 235 8
1688 215 1709 232 c.
1725 215 1747 238 3.
1819 207 1888 233 Ter.
1901 210 1973 236 Adel.
1988 223 2005 245 4
2029 224 2044 240 2
2068 225 2089 241 μ
2120 217 2191 244 Nam

1151 241 1193 258 me
1206 241 1258 258 iam
1274 242 1301 275 ¹J¹
1321 235 1411 274 cellam
1426 236 1541 270 aliquam
1555 248 1614 265 cum
1633 240 1679 267 illa
1693 241 1857 268 concludtssn.
1930 235 2015 273 Fiant?
2026 232 2099 277 (aisn
2121 261 2129 278 ι

1152 266 1318 294 Concludere
1332 278 1361 296 in
1373 270 1512 308 fenestram
1525 272 1645 301 firmiter.
1703 280 1795 303 Iterum
1811 278 1924 312 metaph.
1944 281 1974 305 In
1988 272 2106 314 paruum.
2130 263 2193 314 ιἰἒηῗ

1152 302 1212 328 dam
1232 308 1257 328 ct
1277 306 1415 345 angust-um
1434 306 1522 333 locum
1546 310 1701 338 concludere
1719 314 1760 338 ius
1778 313 1858 339 ciuile
1879 314 1933 340 Cic.
1956 315 1988 341 de
2004 317 2084 348 Legib
2112 297 2128 346 ἓ
2156 331 2182 347 vv

1151 337 1318 379 Concludere
1333 341 1424 376 aliquo
1437 342 1506 369 Ter.
1520 344 1583 369 Eun.
1598 354 1626 377 4,
1641 356 1663 377 3,
1677 356 1720 381 24.
1790 348 1865 375 Idem
1877 350 1958 376 Andr.
1973 359 1995 381 2,
2010 346 2075 383 3,]2,
2088 342 2092 346 '
2105 342 2139 382 V't
2159 343 2192 383 ab

1150 373 1196 400 illa
1210 374 1347 417 excludar,
1360 376 1411 403 huc
1429 387 1482 404 cum
1498 378 1543 404 hac
1563 382 1662 415 virgeae
1680 383 1831 410 concludar.
1858 386 1964 420 Legitur
1975 393 1999 412 et
2017 388 2073 413 Hae
2088 392 2191 417 conclu.

1151 409 1205 436 dar.
1242 411 1273 435 Et
1287 412 1351 437 hun.
1366 419 1387 444 ς,
1401 418 1424 445 8,
1439 420 1456 447 7
1481 414 1523 439 An
1536 414 1668 441 fortunam
1684 419 1846 451 collaudem,
1865 429 1933 454 quae
1945 421 2116 456 gubernatrix
2130 426 2181 452 fuit

1150 453 1215 506 quae
1229 450 1269 471 tot
1284 455 1341 486 res,
1355 453 1451 479 tantas,
1463 454 1516 474 tam
1531 456 1679 483 opportune
1693 454 1721 478 in
1738 463 1819 480 vnum
1840 456 1964 483 conclusit
1979 458 2067 485 diem?
2122 448 2193 487 Con:

1148 489 1160 505 c
1174 479 1255 507 udere
1269 482 1385 516 aliquem
1403 483 1432 509 in
1446 484 1646 518 angustissimam
1659 487 1801 514 formulam
1816 491 1961 524 sponsioni}⁴
1981 495 2038 521 Cic.
2053 504 2104 529 pro
2116 496 2193 523 Rosc.

1148 517 1224 542 Com.
1241 523 1274 555 15.
1345 519 1444 545 Orator
1463 519 1632 546 concluditur
1653 521 1680 547 in
1700 532 1730 549 ca
1744 544 1752 555 ‚
1775 534 1841 559 quae
1861 527 1919 553 sunt
1939 528 1967 554 in
1985 530 2031 555 vsu
2053 530 2192 558 ciuitatum

1147 551 1253 585 vulgari
1270 560 1298 578 ac
1320 553 1417 579 forensi
1435 554 1509 581 Idem
1523 555 1555 581 de
1568 556 1641 582 Orat.
1658 566 1678 587 1,
1696 562 1751 584 160.

1147 593 1190 613 tur
1203 587 1258 621 ipse
1273 594 1365 621 portus
1378 589 1443 615 vrbe
1456 590 1493 616 Id.
1508 592 1584 618 Verr.
1600 598 1626 624 ς,
1641 601 1680 624 93.

2118 109 2193 133 1110

1823 561 1947 596 Cingitur
1966 570 2045 599 atque
2058 566 2192 593 concludi-

1175 623 1179 626 *
1751 595 1827 621 Sulco
1847 598 2001 626 concludere
2019 601 2106 628 locum
2121 603 2193 630 tceto

1148 623 1221 656 Virg.
1237 623 1302 648 Aen.
1323 632 1348 655 1,
1366 633 1428 656 429.
1448 628 1466 651 i.
1487 626 1520 652 ad
1537 625 1650 656 toftum,
1664 629 1777 655 Seruius.
1850 633 1938 660 Domo
1955 636 2074 670 aliquem
2088 639 2192 665 conclu-

1760 672 1809 700 pro
1829 668 1952 696 Obturare
1983 673 2069 700 Valcr.
2091 675 2190 709 Argon.

1765 700 1954 736 disputationem
1973 711 2043 734 varie
2062 713 2135 736 etiam
2155 721 2192 736 rc-

1443 766 1447 769 ,
1762 772 1765 775 ¹
1934 741 1965 767 ad
1986 743 2061 770 illam
2076 746 2192 779 primam

1148 765 1300 797 redeamus,
1318 773 1427 800 eamque
1441 767 1522 800 ipsam
1535 769 1720 796 concludamus
1733 772 1884 805 aliquando.
1929 777 1970 802 Sic
1983 779 2135 807 Verborum
2148 781 2191 808 de-

1147 801 1257 835 scriptus
1275 800 1344 827 ordo
1363 800 1426 828 alias
1446 801 1498 828 alia
1517 804 1705 831 terminatione
1726 807 1895 836 concluditur
1919 812 1974 838 Cic.
1993 814 2020 839 in
2040 816 2112 843 Orat.
2129 825 2190 843 200.

1164 873 1171 880 v
1200 882 1202 885 ἡ
1226 872 1230 876 .
1497 873 1501 878 ι
1634 874 1638 878 ,
1734 877 1739 880 ,
1972 850 2004 874 Et
2022 851 2191 886 Verr.4,11;

1147 874 1183 898 vt
1197 872 1342 906 aliquando
1356 878 1439 899 totam
1456 872 1535 899 huius
1549 882 1652 907 generi>
1672 882 1822 904 orationem
1837 881 1991 909 concludam
2010 894 2038 911 ac
2057 886 2179 914 definiam

1152 908 1258 947 Vide-tur
1271 910 1356 934 melius
1369 908 1460 935 finiam
1475 915 1520 935 aut
1532 908 1655 936 desinam.
1692 911 1824 946 Complsfti
1836 922 1859 940 et
1871 919 2071 952 comprehendere
2085 921 2118 955 cst
2133 908 2190 950 Cir·

1148 943 1180 970 de
1194 943 1283 970 Finit).
1297 953 1327 983 4,
1341 953 1368 976 19
1399 945 1430 971 Et
1450 944 1504 971 duo
1522 944 1601 971 nobis
1621 954 1701 981 opera
1714 955 1765 981 pro
1784 956 1838 974 vno
1852 952 2005 986 relinquunt
2040 962 2069 983 vt
2082 958 2134 984 alia
2151 945 2191 986 su1

1149 988 1266 1018 mamus,
1292 979 1345 1005 alia
1365 986 1531 1014 appetamus,
1558 980 1647 1015 potins
1672 991 1752 1016 quam
1771 991 1825 1009 vno
1845 984 1896 1010 fine
1916 976 2183 1021 onmia⁷c0ncludant

1147 1016 1295 1053 praestruat
1315 1025 1373 1041 vcro
1387 1016 1595 1049 Com-ludimus,
1652 1018 1917 1052 Argumentationem
1938 1024 1993 1050 Cic.
2008 1027 2036 1052 in
2049 1029 2114 1055 Orat
2137 1015 2190 1056 122⁴

1146 1053 1177 1075 it.
1204 1054 1236 1076 tte
1256 1051 1359 1077 Inuent.
1380 1060 1405 1083 1,
1426 1061 1471 1084 40.
1553 1053 1744 1087 Argumentum
1771 1055 1875 1082 ratione
1898 1057 1971 1084 Idem
1990 1061 2018 1086 in
2044 1050 2122 1090 Orat..
2140 1050 2191 1100 137·

1146 1084 1274 1121 Adfinem
1282 1086 1307 1121 s
1321 1094 1452 1113 extremum
1461 1090 1574 1123 pertinet
1590 1092 1618 1114 ιή
1632 1089 1673 1116 illo
1682 1109 1688 1117 ‚
1709 1090 1900 1118 Conclusurum
1914 1102 1956 1119 me
1969 1096 2019 1121 effe
2037 1097 2136 1125 crimen
2150 1086 2192 1126 de:

1147 1130 1283 1161 cumarum
1298 1121 1417 1148 dixeram
1431 1123 1488 1149 Cic.
1502 1124 1578 1149 Verr.
1596 1132 1618 1157 5,
1632 1127 1684 1157 163.
1741 1125 1783 1153 Sic
1794 1126 1867 1153 Idem
1876 1129 1929 1155 Att.
1942 1138 1969 1162 9,
1983 1139 2011 1157 ιο
2050 1133 2193 1162 Concludis

1145 1157 1283 1198 epistolam
1298 1158 1429 1192 quandam
1444 1158 1494 1185 hoc
1508 1159 1600 1186 modo.
1638 1161 1792 1188 Extremum
1805 1163 1974 1192 concluditur
1981 1166 2081 1194 Id.Att.
2091 1177 2126 1202 11,
2153 1190 2158 1196 .
2185 1191 2194 1197 .

1145 1194 1345 1220 Feror-ationem
1367 1195 1422 1220 Cic.
1438 1195 1466 1220 in
1485 1195 1560 1222 Orat.
1576 1204 1626 1222 122.
1698 1198 1859 1226 Sententiam
1874 1200 2117 1237 circumscriptione
2132 1214 2196 1240 qua-

1146 1228 1206 1255 dam
1222 1229 1445 1264 comprehendere
1463 1239 1492 1257 ac
1509 1231 1667 1258 concludere
1680 1232 1754 1260 Idem
1762 1233 1794 1260 de
1803 1234 1873 1261 Clar.
1887 1237 1961 1264 Orat.
1978 1247 2019 1271 34.
2088 1241 2195 1268 Senten-

1144 1265 1193 1291 tias
1203 1265 1311 1305 explere
1324 1271 1402 1300 atque
1415 1266 1574 1293 concludere
1588 1268 1627 1294 Id.
1643 1268 1670 1293 in
1679 1270 1753 1295 Orat.
1762 1279 1813 1302 130.
1856 1272 1967 1299 Versum
1982 1274 2146 1308 concludere,
2161 1276 2196 1310 el}

1145 1304 1243 1336 versum
1258 1300 1377 1336 perficere
1388 1302 1445 1338 suis
1459 1305 1568 1329 ‘numeris
1581 1309 1605 1329 et
1612 1303 1731 1339 pedibus,
1747 1307 1816 1332 nulla
1826 1309 1905 1333 ctiam
1924 1309 2038 1337 adhibita
2061 1305 2196 1348 elegantia.

1146 1338 1213 1363 Hor.
1230 1338 1311 1363 Serm.
1328 1346 1348 1370 1,
1362 1346 1390 1370 4,
1401 1347 1438 1370 40
1458 1338 1555 1372 Neque
1568 1339 1641 1366 enim
1654 1341 1813 1368 concludere
1825 1344 1930 1370 versum
1949 1345 2054 1373 Dixeris
2069 1349 2117 1374 esl'e
2126 1349 2195 1376 satis.

1145 1373 1296 1407 simplic-iter
1308 1376 1480 1409 argumentari
1497 1374 1601 1401 Deinde
1615 1375 1803 1409 concludebas,
1827 1379 1958 1406 summum
1972 1382 2069 1409 malum
2087 1385 2135 1410 csse
2149 1385 2197 1411 do-

1146 1409 1247 1447 lorem,
1272 1409 1403 1435 summum
1428 1409 1530 1436 bonum
1549 1410 1714 1444 voluptatem
1734 1413 1789 1439 Cic.
1810 1413 1842 1440 de
1862 1415 1920 1441 Fin.
1937 1425 1952 1442 z
1968 1426 1991 1443 c.
2009 1426 2045 1450 19.
2100 1420 2195 1456 Paffiue

1145 1444 1201 1470 Cic.
1217 1451 1266 1477 pro
1279 1444 1384 1483 Caecin.
1400 1452 1427 1477 33
1455 1446 1490 1472 Ea
1505 1446 1604 1472 tametsi
1619 1446 1709 1473 verbis
1722 1448 1861 1477 interdicti
1875 1460 1930 1477 non
1948 1454 2129 1482 concluditur:
2159 1444 2203 1484 ((3-Ἰ

1145 1488 1207 1505 men
1220 1480 1350 1506 sententia
1362 1480 1430 1506 iuris
1445 1487 1525 1515 atque
1540 1481 1701 1509 a1=&oritate
1718 1485 1856 1511 retinetur.
1894 1488 2085 1523 Concluditur,
2099 1494 2118 1518 i.
2131 1500 2195 1518 com-

1142 1514 1314 1550 prehenditur.
1386 1516 1454 1542 Laus
1467 1517 1624 1551 aequitatis,
1645 1518 1814 1552 integritatis,
1835 1521 1982 1555 facilitatis,
2002 1525 2033 1550 ad
2045 1532 2197 1555 extremum.

1143 1550 1269 1578 ludorum
1288 1550 1425 1585 voluptate
1445 1552 1615 1579 concluditur
1635 1554 1691 1579 Cic.
1707 1563 1757 1588 pro
1769 1556 1892 1582 Muraen.
1914 1566 1954 1591 41-
1976 1562 1994 1585 i.
2011 1561 2080 1587 laudi
2098 1563 2139 1588 illi
2155 1573 2197 1590 ac-

1142 1587 1208 1614 cedit
1222 1588 1341 1614 cumulus.

1156 1629 1196 1663 stc
1206 1629 1225 1649 ο
1235 1629 1257 1648 N
1268 1629 1284 1649 c
1294 1628 1392 1649 LVSV
1403 1628 1424 1652 s,
1439 1631 1462 1655 a,
1477 1631 1531 1650 um.
1552 1624 1646 1651 Partic.
1667 1626 1903 1662 [συγκεκλασμένος]
1930 1630 1973 1662 Vt,
1982 1631 2111 1659 Conclusa
2126 1642 2198 1669 aqua

1144 1659 1200 1685 Cic.
1221 1658 1253 1684 dc
1267 1658 1331 1685 Nat.
1345 1658 1427 1684 Deor.
1442 1667 1467 1690 2,
1480 1668 1514 1686 20
1536 1669 1557 1685 c.
1571 1668 1596 1694 7.
1633 1660 1737 1687 Lucret.
1760 1671 1787 1695 4,
1807 1671 1858 1696 934
1877 1665 2020 1700 legebatur,
2040 1669 2197 1704 Propterea-

1143 1703 1195 1729 que
1214 1694 1272 1720 fere
1290 1703 1331 1721 res
1346 1703 1455 1727 omneS,
1468 1701 1512 1721 aut
1528 1696 1614 1722 Corio
1632 1697 1704 1729 sunt,
1725 1698 1778 1723 Aut
1797 1705 1856 1725 cute
1874 1701 2022 1735 conclusae,
2037 1711 2083 1730 etc.
2120 1707 2197 1732 Hune

1141 1736 1221 1757 autem
1238 1729 1437 1765 mendofiffimum
1456 1730 1499 1763 effe
1519 1732 1598 1757 locum
1618 1738 1689 1758 notat
1708 1733 1856 1760 Lambinus.-
1883 1742 1907 1762 et
1918 1737 2004 1765 Lefh‘o
2021 1742 2048 1765 in
2065 1740 2197 1768 hodiernis·

1142 1765 1292 1792 editionibus
1310 1765 1344 1798 sic
1358 1764 1516 1798 restituitur,
1544 1767 1597 1792 Aut
1619 1767 1703 1804 etiam
1719 1769 1843 1802 conchis,
1860 1774 1907 1798 aut
1926 1773 2010 1807 callo,
2029 1780 2074 1802 aut
2094 1777 2196 1809 cortice

1143 1801 1236 1828 tectae.
1293 1801 1380 1827 Locus
1396 1802 1532 1828 conclusus
1546 1802 1650 1829 Lucret.
1664 1813 1692 1837 4,
1707 1804 1777 1839 460.'
1807 1807 1876 1834 Hor.
1890 1807 1940 1835 Sat.
1956 1818 1974 1842 1,
1987 1819 2016 1843 4,
2031 1813 2076 1846 76.
2123 1813 2196 1840 Con-

1143 1837 1239 1864 clufior
1259 1837 1357 1871 Hygin.
1376 1837 1448 1863 Poet.
1468 1837 1572 1864 Astron.
1586 1848 1614 1871 4,
1629 1848 1668 1872 14.
1738 1841 1959 1878 Circumscriptio
1980 1846 2035 1873 Cic.
2056 1847 2085 1873 in
2104 1849 2197 1876 Partit.

1144 1881 1182 1905 ¹9·
1218 1873 1293 1899 Mare
1312 1873 1385 1900 Caes.
1400 1873 1464 1899 Bell.
1486 1873 1554 1900 Gall.
1577 1883 1599 1906 3,
1620 1883 1645 1907 9.
1669 1877 1688 1901 i.
1709 1877 1922 1906 mediterraneum.

1143 1909 1229 1936 elusae
1247 1909 1378 1936 orationis
1398 1909 1455 1936 Cic.
1470 1909 1503 1935 de
1517 1910 1581 1936 Nat.
1595 1911 1675 1937 Deor.
1688 1920 1702 1937 2
1722 1921 1743 1938 c.
1757 1921 1782 1948 7.

1144 1945 1269 1976 hensum,
1289 1944 1344 1971 vid.
1369 1951 1708 1973 COMPREHENSVM.

1561 663 1727 690 Concludere
1737 685 1745 696 ,

1147 703 1166 726 1,
1179 699 1239 727 480.
1414 692 1435 731 ᾖ
1456 704 1472 721 2
1507 696 1552 722 Ad
1569 701 1704 724 orationem
1723 706 1747 725 et

1993 1882 2120 1918 Angustia
2132 1893 2196 1912 con-

1806 1949 1811 1954 *
1856 1915 2015 1944 Conclusum
2030 1925 2056 1945 et
2076 1928 2196 1955 compre-

1780 1949 1836 1976 Cic.
1853 1951 1885 1977 de
1898 1952 1972 1979 Orat.
1989 1962 2010 1986 1,
2023 1960 2070 1990 187
2094 1956 2197 1984 Omnia

1111 1996 1114 2001 -
1143 1981 1200 2007 fere
1212 1989 1281 2015 quae
1294 1981 1494 2007 suntsconclusa
1508 1989 1577 2008 nunc
1595 1982 1714 2015 artibus,
1735 1983 1850 2018 dispersa
1870 1994 1895 2014 et
1915 1988 2032 2023 diffipata
2057 1992 2196 2025 quondam

362 2085 612 2114 Conclamatissimae
631 2086 833 2115 declamationes
852 2089 940 2116 Sidon.
962 2091 1008 2125 Ep.
1022 2095 1045 2123 8,
1058 2099 1080 2122 3.
1097 2098 1125 2124 55

1084 2265 1120 2291 60

885 2443 971 2469 Plaut.
990 2443 1075 2470 Merc.
1089 2439 1121 2471 65

1081 2627 1118 2657 70

1086 2807 1118 2835 73

1083 2984 1116 3011 80

1087 3164 1116 3193 85

1143 2017 1262 2044 fuerunt.
1333 2016 1407 2043 Idem
1422 2018 1497 2044 Verr.
1510 2026 1537 2050 2,
1551 2023 1582 2047 82
1610 2019 1756 2046 Inuenictis
1771 2021 1797 2047 id
1814 2022 1917 2050 facinus
1930 2032 2020 2052 natum
2035 2034 2050 2051 a
2064 2027 2195 2061 cupidita-

1142 2058 1185 2085 te,
1206 2052 1313 2079 austum
1327 2062 1376 2087 per
1390 2052 1525 2087 stuprum,
1545 2053 1702 2081 crudelitate
1714 2056 1860 2089 perfe&um
1877 2065 1958 2094 atque
1970 2060 2131 2088 conclusum.

1180 2095 1197 2115 C
1207 2094 1227 2114 O
1238 2096 1260 2115 N
1270 2094 1287 2115 C
1301 2090 1368 2116 LVS
1378 2095 1404 2115 E.
1441 2089 1510 2115 Adu-
1546 2089 1806 2124 [συγκεκλεισμένως]
1843 2093 1899 2119 Cic.
1918 2094 1947 2121 in
1967 2096 2042 2123 Orat.
2061 2105 2110 2132 177
2128 2108 2151 2125 c.
2166 2105 2195 2132 53

1143 2126 1250 2156 Qtum‚
1266 2129 1296 2150 vc
1309 2124 1354 2155 fit,
1372 2124 1488 2149 fortuito
1502 2124 1578 2156 saepe
1589 2124 1692 2158 aliquid
1707 2125 1845 2160 concluse,
1860 2134 1972 2165 apteque
1995 2131 2122 2161 dicerent.
2130 2135 2160 2162 h.
2173 2144 2185 2161 e

1141 2158 1275 2185 rotundam
1292 2165 1316 2184 et
1329 2158 1479 2193 numerosam
1493 2158 1616 2192 periodon
1629 2159 1780 2194 funderent.
2103 2182 2105 2184 -
2184 2155 2196 2161 “

1180 2199 1197 2220 C
1210 2200 1229 2220 O
1238 2201 1259 2220 N
1269 2198 1286 2219 C
1296 2199 1313 2218 L
1325 2200 1347 2220 V
1357 2199 1370 2219 S
1379 2200 1388 2219 1
1397 2199 1417 2219 Ο
1427 2214 1434 2225 ,
1460 2194 1528 2220 onis.
1553 2193 1572 2220 f.
1609 2195 1797 2231 [συμπέρασμα
1804 2217 1812 2229 ,
1834 2199 1963 2239 ἐπίλογος]
2001 2203 2092 2230 Eadem
2112 2209 2196 2232 varie.

1138 2235 1199 2262 tate,
1216 2238 1265 2266 qua
1277 2228 1379 2255 verbum
1398 2229 1529 2256 concludo
1542 2229 1681 2256 adhibetur.
1718 2233 1832 2267 Proprie,
1840 2241 1870 2260 vt
1876 2235 2028 2264 Pestilentia
2042 2241 2197 2270 conflictari:

1138 2275 1171 2293 ex
1190 2265 1295 2292 diutina
1314 2264 1482 2291 conclusione
1499 2270 1526 2290 et
1544 2265 1695 2291 mutatione
1709 2266 1797 2294 vietus
1820 2269 1895 2296 Caes.
1917 2271 1980 2299 Bell.
1996 2274 2079 2302 Ciuil.
2098 2285 2116 2303 2.
2141 2285 2194 2306 ⁸22.

1139 2301 1214 2337 Conf·
1234 2301 1305 2334 Nep,
1324 2305 1359 2331 18,
1380 2306 1402 2331 ς,
1416 2306 1442 2333 7.
1514 2299 1595 2325 Vocis
1614 2300 1780 2340 moderatio,
1799 2309 1825 2330 et
1839 2305 1985 2335 verborum
2004 2296 2138 2339 conclusio
2172 2316 2194 2340 i.

1138 2343 1199 2371 apta
1218 2334 1396 2370 comprehensio
1415 2340 1439 2360 et
1458 2335 1593 2370 complexio
1613 2336 1668 2362 Cic.
1681 2336 1713 2363 de
1727 2339 1803 2365 Orat.
1822 2348 1846 2373 3,
1867 2349 1922 2376 179.
1994 2333 2194 2375 Conclusio’est

1138 2371 1226 2397 exitus
1243 2376 1270 2396 et
1291 2369 1479 2396 determinatio
1499 2370 1582 2397 totius
1601 2373 1732 2400 orationis
1751 2374 1826 2402 Idem
1840 2376 1872 2403 de
1884 2379 2009 2407 Inuent.1
2030 2391 2051 2409 c.
2067 2390 2104 2415 32.
2158 2386 2196 2411 Et

1139 2408 1178 2441 Q
1187 2407 1255 2433 Frat.
1273 2414 1294 2439 ι,
1310 2415 1319 2432 1
1346 2407 1381 2433 Vt
1395 2411 1520 2441 tanquam
1534 2407 1630 2434 Po'e'tae
1644 2408 1726 2442 boni,
1747 2418 1773 2437 et
1784 2411 1887 2440 aetores
1899 2414 2024 2443 industrii
2041 2418 2128 2446 solent
2156 2420 2194 2447 fic

1137 2449 1167 2469 tu
1180 2443 1209 2469 in
1223 2448 1341 2468 extrema
1354 2449 1428 2477 parte
1439 2448 1466 2469 et
1477 2442 1645 2471 conclusione
1657 2447 1776 2473 muneris
1795 2456 1825 2474 ae
1842 2451 1959 2484 negotii,
1979 2440 2194 2488 diligentiffir'nua

1137 2478 1178 2505 fis.
1214 2479 1288 2518 Βιζερε
1298 2485 1345 2514 pro
1358 2481 1572 2514 argumentatione
1587 2483 1700 2514 ponitur.
1714 2491 1740 2509 v.
1754 2492 1780 2520 g.
1794 2484 1849 2511 Cic.
1864 2486 1944 2514 Acad.
1958 2497 1986 2521 4,
1999 2491 2042 2524 67.
2115 2491 2192 2520 Idem

1138 2514 1170 2541 de
1184 2514 1276 2541 Dium.
1288 2523 1304 2541 2
1326 2523 1347 2540 c.
1362 2523 1398 2549 49
1411 2521 1475 2541 extr.
1488 2515 1640 2548 ſsConclusio
1661 2523 1749 2544 autem
1769 2519 1882 2548 rationis
1899 2531 1928 2549 ea
1942 2524 2078 2557 probanda
2091 2527 2128 2554 est
2161 2529 2192 2555 in

1138 2557 1190 2586 qua
1209 2559 1241 2577 ex
1260 2550 1340 2577 rebus
1361 2559 1415 2576 non
1433 2550 1523 2578 dubiis
1544 2551 1587 2582 id,
1609 2552 1682 2586 quod
1693 2553 1847 2589 dubitatur,
1869 2557 1991 2586 efficitur.
2027 2561 2102 2589 Idem
2121 2547 2142 2588 c,
2163 2572 2192 2597 ςι

1137 2593 1202 2613 extr.
1225 2587 1295 2613 Iacet
1313 2586 1398 2621 igitur
1418 2592 1475 2614 tota
1494 2587 1641 2621 conclusio,
1659 2591 1677 2615 i.
1698 2596 1891 2627 argumentatio.
1963 2597 2060 2623 Acutae
2083 2583 2192 2626 conclu-

1136 2621 1220 2649 siones
1238 2622 1370 2656 Quinctil.
1392 2631 1417 2654 2,
1429 2631 1472 2649 zo.
1545 2624 1642 2650 Certae
1661 2630 1688 2651 et
1702 2625 1810 2654 crebrae
1834 2629 1909 2657 Idem
1925 2639 1946 2663 ς,
1960 2640 1999 2665 14.

1137 2663 1163 2685 et
1183 2657 1218 2685 ad
1231 2667 1336 2685 morem
1349 2657 1560 2686 Dialefflcoru'm
1578 2660 1695 2687 formata
1714 2662 1753 2688 Id.
1768 2670 1795 2698 7,
1810 2673 1836 2699 4.

1137 2694 1291 2721 assumtione
1310 2703 1365 2720 non
1384 2696 1498 2722 concessa
1523 2695 1579 2722 Cic.
1601 2696 1633 2722 de
1646 2697 1734 2725 Finib.
1754 2707 1786 2732 2,
1823 2720 1831 2726 .
1869 2721 1877 2728 .

1137 2729 1211 2757 finiri
1231 2730 1363 2764 Qxinffil.
1378 2738 1402 2763 3,
1415 2739 1437 2763 3.
1482 2763 1493 2771 ⁹

1175 2772 1192 2792 c
1205 2772 1569 2799 ONCLVSIVNCVLA‚
1594 2776 1633 2794 ae.
1660 2768 1682 2796 f.
1709 2769 1812 2798 Dimin.
1847 2771 1906 2798 Cic.
1919 2773 2000 2800 Acad.
2015 2784 2044 2808 4,
2058 2782 2090 2809 75
2105 2785 2126 2802 c.
2139 2785 2188 2811 24.

1135 2802 1311 2829 Contortulae
1338 2801 1467 2837 quaedam
1492 2811 1523 2829 ac
1552 2804 1672 2832 minutae
1698 2805 1852 2833 Stoicorum
1877 2809 2102 2837 conclusiunculae
2125 2812 2186 2839 Cic.

1135 2838 1218 2865 Tusc.
1235 2847 1258 2871 2,
1273 2847 1306 2872 42
1327 2847 1348 2864 c.
1363 2843 1398 2868 18.

1174 2880 1193 2901 c
1205 2881 1225 2901 o
1234 2880 1281 2901 nc
1290 2881 1306 2901 1.
1315 2875 1358 2901 Vs
1367 2881 1410 2902 vs
1419 2894 1428 2907 ‚
1452 2873 1491 2901 1¹1³.
1510 2883 1548 2901 m.
1584 2875 1863 2905 Cael.Aure1.Tard.
1878 2886 1900 2911 1,
1914 2889 1942 2914 4.

1171 2910 1462 2943 concrvstRA,
1481 2919 1522 2938 ae.
1542 2911 1562 2937 f.
1599 2912 1705 2939 Vitruu.
1726 2915 1752 2945 6,
1769 2921 1800 2940 n.

1169 2952 1186 2973 C
1195 2953 1214 2973 0
1224 2954 1246 2973 N
1256 2952 1273 2973 C
1285 2952 1304 2973 O
1312 2953 1329 2973 E
1338 2953 1361 2972 N
1370 2953 1392 2973 A
1400 2966 1409 2979 ‚
1428 2955 1467 2973 ae.
1491 2956 1527 2973 m.
1564 2948 1617 2982 Qui
1629 2957 1678 2974 vna
1692 2957 1746 2974 cum
1763 2950 1813 2975 alio
1827 2956 1920 2976 coenat.
1945 2951 2001 2976 Hoc
2012 2960 2097 2978 nomen
2111 2953 2186 2981 red&

1133 2982 1189 3008 vult
1214 2981 1279 3016 Voffi
1307 2983 1412 3016 Etymol.
1438 2992 1496 3009 voce
1522 2982 1601 3009 Coena
1625 2983 1732 3009 Lucilio
1750 2983 1819 3019 apud
1833 2984 1900 3012 fest.
1921 2985 1949 3011 in
1970 2986 2097 3021 Tapulla.
2122 2990 2183 3017 Vet-

1134 3017 1213 3044 Gloss.
1233 3016 1363 3045 σύνδειπνος
1381 3018 1521 3050 Conuiua,
1541 3019 1672 3045 Concena.

1169 3060 1186 3081 C
1196 3059 1216 3080 0
1227 3060 1250 3080 Ν
1258 3060 1276 3082 C
1285 3060 1304 3081 0
1313 3061 1329 3081 E
1337 3060 1360 3080 N
1368 3061 1390 3081 Α
1398 3061 1421 3081 T
1428 3062 1438 3081 1
1448 3061 1468 3082 o
1475 3075 1484 3088 ,
1504 3054 1574 3081 onis.
1590 3054 1611 3080 f.
1646 3054 1689 3082 Sic
1707 3051 1835 3081 cosam.
1851 3058 2033 3092 int-*etpretatur
2044 3059 2101 3088 Cic.
2108 3061 2183 3089 fam.

1133 3096 1161 3123 2,
1175 3098 1219 3123 24.
1240 3093 1272 3116 it.
1291 3089 1323 3117 de
1336 3089 1437 3117 Seneet.
1456 3100 1478 3118 c.
1495 3098 1520 3122 13
1536 3095 1600 3116 extr.

1168 3132 1186 3153 c
1193 3133 1212 3153 o
1222 3133 1244 3152 N
1253 3132 1270 3152 c
1279 3133 1298 3153 o
1307 3133 1324 3153 E
1332 3133 1348 3152 1>
1357 3132 1378 3153 T
1388 3133 1407 3153 o
1419 3146 1427 3159 ‚
1447 3130 1501 3153 are.
1536 3122 1679 3151 Macrobio
1700 3123 1847 3162 affigvzamr.

1167 3167 1416 3194 eoncoch,
1440 3161 1493 3188 vid.
1517 3166 1745 3198 concoqvo.

1167 3202 1184 3223 C
1194 3203 1213 3223 ο
1224 3203 1246 3223 N
1255 3204 1272 3225 c
1282 3195 1301 3225 0¹⁴
1310 3205 1326 3224 L
1336 3203 1383 3225 οῖ(
1391 3218 1399 3230 ,
1418 3197 1483 3223 oris.
1508 3195 1569 3222 Adi.
1605 3194 1763 3231 [δμόχροσς]
1801 3197 1914 3224 Eiusdem
1927 3201 2034 3227 coloris-.-
2050 3208 2097 3235 υτ,
2111 3204 2181 3231 Con-

1132 3232 1209 3259 color
1221 3233 1332 3260 cicatrix
1344 3233 1411 3259 Plin.
1425 3238 1468 3264 28,
1482 3240 1508 3264 9.
1545 3232 1615 3257 Cum
1630 3232 1705 3258 foetu
1719 3233 1847 3260 concolor
1859 3233 1921 3261 albo
1935 3236 2010 3271 Virg.
2020 3238 2085 3265 Aen.
2100 3244 2114 3270 8
2138 3245 2181 3269 82.

1132 3266 1194 3295 Flos
1206 3269 1238 3296 de
1252 3269 1377 3304 sanguine
1389 3268 1518 3294 concolor
1529 3273 1604 3293 ortus
1617 3267 1698 3294 Ouid.
1711 3268 1777 3294 Met.
1791 3277 1830 3301 10,
1843 3276 1898 3304 735.
1917 3270 1946 3297 de
1959 3272 2082 3301 Adonide.
2116 3260 2125 3273 ⁹
2148 3276 2182 3301 Et

1132 3304 1244 3339 populus
1264 3306 1331 3332 festo
1350 3303 1477 3331 concolor
1490 3303 1544 3338 ipse
1556 3303 1603 3329 suo
1622 3302 1658 3329 est
1671 3303 1753 3330 Ouid.
1770 3304 1835 3331 Fast.
1853 3313 1874 3338 1,
1885 3311 1927 3336 80.
1970 3308 2044 3344 Cons.
2057 3310 2124 3337 Plin.
2139 3318 2180 3342 ιο,

2069 2634 2191 2667 Subtilis,

1907 2666 1992 2694 Nulla
2007 2669 2139 2697 conclusio
2152 2671 2190 2698 est

1949 2704 2007 2731 Vna
2019 2705 2189 2733 conclusione

26 3339 145 3367 Inferior
168 3335 286 3371 porticus
308 3339 334 3360 et
354 3333 411 3360 eius
433 3333 570 3362 conclauia
592 3335 660 3363 fiunt
678 3335 751 3362 rec’te
780 3336 837 3362 Cic.
856 3338 891 3372 Q
906 3339 976 3366 Frat.
998 3348 1021 3371 3,
1041 3348 1068 3372 4.
1078 3348 1113 3374 90
1133 3348 1185 3376 29„
1213 3341 1351 3368 Concolor
1362 3341 1437 3366 lanae
1449 3339 1540 3373 lingua
1554 3338 1662 3365 Colum.
1677 3345 1704 3373 7,
1716 3347 1738 3370 3,
1753 3347 1772 3366 1.

23 3377 98 3404 v,Aues
119 3370 289 3400 conclauibus
307 3370 394 3404 septae
411 3368 517 3397 Colum.
530 3375 578 3403 8,]
598 3380 619 3404 3.
678 3371 840 3406 Conclauia,
852 3373 978 3401 dicuntur
990 3375 1070 3406 Loca,

0 3417 12 3441 Α,
29 3419 96 3447 quae
108 3417 160 3437 vna
175 3408 249 3434 clauc
269 3405 444 3437 clauduntur,
458 3405 553 3433 Festus.
596 3407 670 3434 Οικος
694 3405 740 3433 ans
758 3408 818 3440 μίαν
836 3407 937 3443 κλεῖδα,
959 3411 1070 3438 Concla-

27 3445 159 3480 vi..Gloffi
174 3444 220 3471 Gr.
235 3442 292 3469 Lat.
312 3441 403 3468 Malim
408 3439 558 3476 sinpliciter
569 3451 587 3470 a
597 3442 760 3470 concludendo
772 3443 826 3469 dici
830 3463 839 3476 ,
857 3445 922 3480 quod
937 3447 1005 3473 clau‘i
1017 3455 1070 3473 vna

26 3482 69 3510 vel
84 3480 195 3517 phu-ihus
207 3477 317 3514 undique
335 3475 418 3503 claudi
431 3473 527 3512 potest,
546 3483 578 3505 vt
596 3487 612 3505 a
623 3481 737 3514 porticu,
752 3477 885 3514 vestibulo,
897 3487 922 3508 et
932 3482 995 3509 Iocis
1007 3483 1070 3509 aliis

26 3515 124 3556 apertis
139 3513 321 3552 distinguatur:
341 3511 406 3539 vnde
418 3518 442 3538 et
459 3511 538 3539 Gloss.
555 3514 658 3540 mohuae
677 3513 823 3542 conclauia.

63 3559 81 3580 c
91 3557 112 3579 ο
121 3557 194 3580 nm.
202 3558 225 3578 A
233 3558 254 3577 v
264 3556 283 3576 o
292 3569 301 3582 ‚
321 3552 375 3575 are.
409 3548 502 3577 σννηλὸ
519 3548 599 3577 Glott:
613 3549 658 3577 Gr.
672 3550 729 3577 Lat.

65 3595 83 3616 c
92 3594 113 3615 o
121 3593 145 3614 n
153 3592 252 3614 οιΑν
259 3586 283 3612 ,K
291 3592 313 3612 ‘r
321 3591 343 3611 v
352 3592 376 3617 s,
395 3591 419 3616 a,
440 3591 495 3609 um.
527 3584 595 3611 Part.
623 3585 800 3613 Conclauatae
817 3585 986 3619 dicebantur,
999 3596 1066 3624 quae

29 3623 78 3653 sub
93 3621 185 3650 eadem
193 3625 272 3655 ‚eram
283 3620 366 3647 clauc.
386 3618 484 3646 Festus.
519 3618 568 3646 Sed
579 3620 643 3647 Scal.
655 3623 758 3648 coniicit
774 3622 823 3658 leg.
843 3622 997 3650 Conclauia.

65 3665 83 3687 e
93 3659 114 3686 θ’
124 3662 300 3685 NCLAvrv
308 3663 351 3689 M,
370 3655 389 3682 i.
410 3664 437 3681 n.
472 3654 592 3690 [μυχδς]
630 3654 697 3682 Idem
708 3655 774 3692 quod
785 3658 898 3684 conclaue
908 3657 991 3686 Plaut.
1005 3658 1067 3686 Aul.

1080 3519 1114 3546 95

1168 3382 1213 3404 co
1224 3378 1452 3407 ncorokvs,
1473 3383 1502 3406 a,
1522 3383 1577 3400 um.
1609 3373 1670 3400 Adi.
1718 3375 1798 3402 Mart.
1810 3376 1910 3410 Capell.
1924 3377 1942 3405 l.
1956 3380 1981 3405 6.

1167 3418 1186 3439 c
1194 3418 1213 3438 o
1222 3419 1245 3439 N
1253 3419 1296 3440 co
1306 3418 1323 3438 r
1335 3414 1356 3438 ὁ
1364 3417 1383 3437 R
1392 3417 1427 3441 0,
1447 3414 1500 3437 are.
1536 3409 1656 3436 Tertull.
1671 3409 1703 3436 de
1715 3410 1804 3438 Pudic.
1816 3420 1839 3437 c.
1855 3417 1877 3443 8-

1166 3454 1183 3475 c
1191 3454 1210 3475 0
1218 3455 1241 3475 N
1249 3455 1266 3475 c
1276 3455 1295 3475 ο
1303 3454 1327 3474 Μ
1337 3446 1350 3473 1⁰
1360 3453 1380 3474 T
1389 3453 1408 3473 o
1416 3452 1435 3472 R
1444 3465 1453 3478 ‚
1473 3445 1524 3473 ari.
1561 3444 1742 3478 Qinetiliani
1755 3445 1799 3480 ff
1811 3447 1915 3476 dicitur.

1166 3489 1184 3510 c
1192 3490 1211 3510 o
1220 3490 1243 3510 N
1252 3489 1270 3510 c
1283 3489 1302 3511 o
1312 3490 1337 3509 M
1346 3490 1355 3508 1
1367 3489 1389 3508 'r
1401 3488 1423 3508 A
1433 3489 1454 3508 T
1463 3487 1484 3507 v
1494 3488 1516 3508 s.
1536 3481 1630 3508 Partic.
1668 3481 1751 3509 Plaut.
1761 3483 1846 3510 Milit.
1859 3493 1888 3518 4,
1900 3493 1924 3517 3,
1935 3492 1966 3511 ιο
1991 3482 2095 3518 Quibus
2113 3491 2174 3511 con-

1130 3519 1256 3546 comitata
1273 3518 1344 3545 reete
1358 3516 1484 3544 deueniat
1496 3516 1615 3543 domum.

1148 3568 1151 3571 ’
1166 3561 1320 3588 CONCVOP
1331 3551 1351 3580 ὖ
1360 3559 1404 3580 Lo
1417 3573 1427 3586 ‚
1453 3556 1507 3578 are.
1545 3552 1628 3584 Idem,
1646 3552 1713 3588 qaod
1728 3552 1778 3587 stm
1795 3555 1836 3581 Iex
1854 3555 1980 3592 &palor-e.
2016 3554 2121 3581 Lucret.
2140 3555 2174 3588 6,

1131 3594 1193 3625 1073
1211 3590 1334 3625 Denique
1353 3596 1397 3615 res
1414 3595 1481 3615 auro
1500 3592 1639 3622 argentum
1658 3560 1816 3625 concopufat
1834 3599 1901 3622 vna,
1914 3596 1958 3616 etc.
1993 3589 2176 3626 Chryfhcollam

1128 3625 1261 3663 intelligit.

1170 3665 1216 3689 c¹0
1226 3670 1245 3689 N
1255 3658 1357 3698 cciQy
1367 3665 1401 3690 0,
1427 3657 1505 3690 coxi,
1523 3657 1629 3685 cet‘jum
1637 3680 1646 3692 ,
1666 3660 1719 3687 Ere.
1756 3653 1924 3695 [emunim-o,
1947 3660 2047 3694 πίπτω]
2085 3660 2172 3688 Van-0

26 3703 54 3728 3,
65 3703 92 3728 ²,
105 3703 142 3727 24
161 3693 192 3719 Et
203 3690 368 3719 <melanium
387 3690 455 3717 rnihi
469 3690 592 3725 peruium
602 3690 710 3717 facitis?
733 3691 807 3727 Conf.
821 3692 900 3720 eiusd.
913 3694 992 3722 Most.
1005 3703 1030 3728 3,
1044 3700 1123 3728 2,ΙΘΟ
1131 3693 1164 3723 de
1175 3697 1207 3724 R.
1219 3697 1250 3724 R.
1265 3705 1289 3727 2,
1301 3703 1340 3726 10,
1353 3701 1371 3729 7
1401 3693 1451 3721 Vel
1471 3694 1504 3721 ad
1519 3694 1611 3721 focum
1632 3695 1725 3723 afferre
1739 3695 1826 3730 ligna,
1845 3705 1874 3722 ac
1890 3694 1982 3721 cibum
1996 3703 2173 3730 concoquere.

31 3735 82 3764 158.
94 3739 96 3745 ’
117 3727 258 3756 Vin-unius
269 3728 296 3760 6,
307 3735 322 3762 ς
341 3727 410 3755 dixit
422 3725 630 3753 Conclauiorum
648 3725 810 3754 altitudines.

64 3772 82 3793 C
91 3771 111 3792 0
118 3771 142 3791 N
151 3769 169 3790 C
177 3769 195 3790 1.
201 3763 225 3789 V
231 3769 251 3790 D
257 3768 277 3788 Ο
285 3781 295 3794 ,
313 3762 332 3790 fi
339 3783 348 3796 ,
361 3762 418 3790 sum
425 3781 434 3794 ,
452 3764 505 3789 ere.
541 3762 674 3796 [συγκλείω
681 3783 689 3795 ,
704 3763 889 3795 συγκατακλεῖω
896 3784 904 3796 ,
917 3765 1068 3801 κατακλείω,

0 3795 3 3803 ’
29 3798 199 3836 eumeni-rm,
216 3798 342 3833 σννεῖρχω,
353 3799 520 3833 evomendo]
556 3798 637 3825 Simul
652 3797 778 3829 claudere,
790 3799 830 3825 vel
846 3799 962 3836 undique.
1014 3801 1068 3827 Au-

29 3845 72 3864 rae
85 3833 242 3862 concludere
252 3831 364 3868 follibus¹
376 3833 444 3871 Hor.
457 3834 540 3861 Serm.
557 3842 577 3867 1,
591 3842 620 3867 4,
633 3841 670 3866 ¹9·
717 3833 798 3860 Plaut.
810 3834 887 3861 Cure.
902 3843 924 3867 3,
940 3841 971 3866 80
994 3837 1068 3869 Qnia

14 3903 15 3906 ,
29 3870 146 3902 ttiimin
156 3876 236 3898 cauca
246 3867 266 3898 fi
276 3868 367 3898 forent
379 3869 500 3900 conclusi.

1130 3733 1173 3760 Sic
1185 3734 1288 3760 Iuntae:
1326 3728 1374 3757 Sed
1392 3736 1449 3755 ante
1470 3730 1528 3756 illos
1550 3731 1739 3766 Conquaerere
1757 3731 1878 3757 edebatur.
1921 3728 2018 3756 maor.
2037 3732 2171 3766 coquere.

1131 3767 1191 3794 Non
1203 3775 1254 3794 tam
1267 3766 1368 3793 culinae
1380 3765 1478 3791 verbum
1490 3764 1538 3799 esi,
1547 3775 1619 3802 quam
1632 3766 1786 3798 medicorum,
1798 3766 1842 3792 vbi
1851 3765 1882 3791 de
1896 3768 1924 3791 vi
1937 3767 2072 3793 ventriculi
2083 3777 2098 3792 α
2117 3774 2172 3793 unt.

1130 3803 1186 3831 Cic.
1199 3803 1231 3830 de
1243 3802 1306 3830 Nat.
1320 3801 1400 3827 Deor.
1415 3808 1440 3833 2,
1453 3808 1500 3835 124
1524 3801 1674 3837 Eademque
1687 3802 1750 3828 haee
1762 3801 1819 3827 auis
1829 3800 1954 3827 scribitur
1965 3800 2072 3828 conchis
2104 3812 2118 3828 e
2132 3803 2172 3829 so—

1130 3838 1186 3866 lere
1204 3837 1350 3872 complere,
1375 3843 1471 3871 easque
1493 3844 1577 3873 quum
1595 3837 1722 3864 stomachi
1741 3836 1828 3863 calore
1847 3836 2015 3869 concoxerit,
2035 3843 2169 3864 enomere.

541 3869 615 3900 {dem
628 3868 697 3898 ΚΜ·
712 3877 738 3905 2,
750 3877 772 3903 32
786 3871 823 3908 61.
841 3869 947 3904 1bidem
959 3871 988 3901 in
1003 3872 1066 3902 naui
1079 3882 1122 3910 105
1131 3873 1227 3903 Catull.
1243 3882 1276 3905 21,
1290 3878 1304 3902 8
1322 3872 1393 3898 ss'ene
1411 3879 1474 3903 nam
1492 3872 1588 3902 valetis
1606 3881 1700 3901 onmes
1719 3871 1830 3902 Pulchre
1843 3872 2020 3906 concoquitis.
2054 3872 2094 3898 Ad
2109 3879 2170 3896 com

2058 3913 2171 3940 coquen-

1283 3908 1402 3944 73²
