2474 4182
683 55 1057 141 anifMorqa
1107 74 1539 115 AVCTORIBVS.

69 180 187 222 adduci
204 175 365 217 sentiebat
385 177 499 215 minus
516 174 659 211 idoneos
675 201 686 220 ‚
714 173 753 209 iis
771 170 905 210 reiestis
922 201 932 219 ‚
958 169 1083 222 probaa

53 241 171 275 ‘tiores
197 233 308 272 multo
336 233 515 275 adhibuit,
556 238 589 265 et
605 238 639 265 vt
662 227 787 265 nullam
805 226 953 277 'gratiam
976 223 1083 264 abesse

67 292 183 330 sineret
199 319 209 335 ,
244 292 348 327 etiam
370 283 679 338 probatissimorum
706 282 917 330 testimonia,
942 292 1026 333 quae
1047 280 1084 316 in

68 346 137 384 aliis
162 344 380 383 Ditstionariis
409 341 504 389 saepe
530 336 692 388 corrupta
723 336 922 386 legebantur
934 365 945 384 ‚
978 346 1084 386 quam

67 401 257 438 fideliffime
277 399 388 448 potuit
402 397 473 432 fieri
491 423 501 441 ,
536 406 642 442 paene
657 395 773 430 omnia
798 394 948 432 restituit.
1026 387 1084 426 Ad

68 456 230 493 ordinem
243 457 342 491 etiam
358 449 608 499 alphabeticum
623 461 704 486 cum
720 447 905 497 plurimum
921 441 1083 483 conferre

70 509 221 555 videbat,
236 518 269 543 vt
283 508 383 543 etiam
408 502 603 553 compositar
620 505 681 541 suo
696 502 777 541 loco
794 533 805 552 ‚
837 513 909 539 non
932 508 967 536 vt
986 499 1083 547 iaepe

70 566 107 603 fit
124 595 134 612 ‚
161 567 194 601 in
207 561 316 599 alieno
330 589 340 606 ‚
369 560 403 597 id
421 561 467 597 est
483 562 517 595 in
530 559 597 596 suis
611 557 816 608 simplicibus
831 563 1084 606 quaererentur,

70 633 144 657 eam
164 619 264 655 etiam
286 628 426 665 operam
449 613 656 651 vtiliffimam
679 614 756 651 iane
771 610 934 662 praestitit
949 639 964 656 ,
992 608 1085 645 vnde

69 672 261 712 mirandum
288 670 422 720 (potius
439 682 480 706 an
491 666 726 719 dolendum?)
752 663 1000 716 posterioribus
1015 662 1084 700 ho·

68 725 216 765 minibus
231 736 299 763 tam
321 724 473 777 inscitam
497 724 750 774 dispolitionem
768 719 901 770 placefe
918 717 1085 769 potuisse,

67 792 102 819 vt
117 780 387 832 vnumquodque
401 778 610 817 vocabulum
635 781 668 815 in
683 776 775 813 suam
791 774 880 827 quali
896 785 1035 824 gentem
1050 782 1086 811 et

65 835 227 874 familiam
243 834 382 872 dubiam
405 834 588 885 aliquando
611 842 644 869 et
658 833 822 868 incertam
845 831 1060 880 dispertirent
1075 858 1086 874 ‚

66 891 156 929 vnde
179 890 330 937 taedium
351 890 542 927 consulenti
561 897 595 926 et
614 884 767 923 molestia
795 884 924 936 absque
953 886 1086 934 ingenti

66 943 197 983 fruitus
212 946 324 994 specie
341 944 526 994 saepissime
544 941 675 979 oboriri
691 940 785 978 [olet.
839 943 953 978 Immo
980 942 1085 977 etiam

65 1000 261 1038 mirandum
284 1002 433 1037 maxime
449 998 591 1037 Henrico
614 995 687 1034 filio
708 996 773 1034 tale
790 995 918 1047 aliquid
940 998 974 1032 in
989 1008 1086 1032 men-

64 1064 136 1093 tem
149 1055 291 1101 venisse,
316 1066 351 1092 vt
366 1064 493 1105 praeter
506 1051 697 1089 istiusmodi
712 1051 981 1098 distinfflonem,
998 1062 1086 1102 quae

64 1109 125 1148 fibi
153 1111 188 1146 in
213 1113 351 1148 Graeco
373 1107 552 1146 Thesauro
580 1106 804 1144 vehementer
837 1106 963 1156 placuit
980 1136 990 1153 ‚
1026 1104 1086 1142 vbi

63 1162 226 1215 profesto
264 1167 433 1213 integrum
465 1171 535 1200 erat
565 1160 753 1213 quamlibet
792 1160 956 1199 adhibere
974 1192 983 1207 ‚
1019 1160 1086 1197 tale

67 1222 170 1257 etiam
193 1227 431 1257 commentum
454 1219 490 1254 in
507 1224 688 1266 paternum
709 1230 850 1269 quoque
866 1216 1086 1254 Theiaurum

65 1275 296 1313 meditaretur.
349 1275 504 1310 Laeuum
521 1271 703 1309 hominem
722 1301 732 1319 ‚
759 1282 793 1310 c-t
809 1273 969 1309 omnium
997 1283 1086 1322 quos

69 1330 138 1367 vidi
160 1329 298 1379 peffime
320 1326 479 1366 feriatum
501 1329 538 1376 a)
558 1327 564 1363 !
599 1329 749 1364 Nomina
773 1327 924 1378 denique
947 1328 1086 1376 propria

66 1383 197 1422 admifit
209 1382 281 1421 fere
296 1382 394 1434 nulla.
460 1384 598 1419 Vtinam
615 1395 656 1419 ne
673 1380 780 1419 vnum
796 1383 937 1433 quidem
956 1381 962 1418 !
996 1385 1088 1418 Nam

67 1451 259 1490 quanquam
276 1438 362 1476 adeo
385 1450 456 1475 rara
479 1447 676 1484 occurrant,
693 1447 729 1474 vt
744 1440 803 1475 vix
823 1439 942 1486 viginti
968 1437 1089 1487 passim

65 1496 101 1529 in
117 1502 194 1530 toto
209 1505 314 1541 opere
330 1494 544 1529 inueniuntur
558 1522 567 1540 ‚
602 1505 640 1529 ea
659 1495 775 1542 potius
790 1506 872 1530 cum
888 1495 1029 1530 caeteris
1045 1505 1089 1530 ex

22 1578 26 1582 .
63 1544 286 1585 Difflonariis
301 1547 342 1584 ad
358 1559 433 1584 eam
451 1560 523 1585 rem
542 1551 756 1585 concinnatis
772 1579 782 1597 ,
810 1548 851 1585 ad
867 1561 953 1600 quae
970 1548 1012 1585 sc.
1041 1547 1091 1585 le-

63 1600 196 1639 &orem
209 1602 377 1650 amandat,
405 1615 509 1653 quam
535 1616 579 1640 ex
606 1603 811 1641 huiusmodi
838 1616 945 1653 opere
973 1605 1091 1654 quaeri

63 1655 255 1706 oportebat.
308 1659 407 1694 Licet
420 1658 568 1709 denique
576 1672 669 1704 eum,
678 1660 736 1710 qui
746 1659 958 1708 profiteatur,
968 1659 1000 1695 se
1017 1657 1093 1696 nul·

61 1710 109 1748 las
123 1709 196 1749 fere
210 1724 314 1749 voces
329 1712 552 1759 inserere,nifi
566 1723 743 1765 quotquot
756 1728 800 1751 ex
814 1713 930 1766 aliquo
947 1708 1091 1751 audiore

62 1775 202 1816 recepto
215 1765 520 1819 probatiffiinoque
536 1769 774 1807 commendari
793 1778 951 1819 poterant
966 1798 976 1816 ,
1003 1771 1090 1806 intra

62 1833 181 1859 aureae
201 1823 392 1860 Latinitatis
419 1822 547 1861 limites
574 1824 607 1861 se
631 1834 668 1860 vt
692 1824 883 1872 plurimum
910 1826 1090 1859 continere

64 1873 234 1924 decebat,
265 1876 450 1929 aliquando
471 1886 588 1914 tamen
611 1878 654 1913 ad
676 1876 829 1913 ferream
842 1875 1090 1926 barbaramque

61 1943 168 1981 paene
183 1931 216 1968 se
231 1929 342 1967 delabi
355 1932 490 1979 patitur.
553 1932 676 1980 Neque
692 1931 777 1968 haec
800 1929 997 1974 increpandi
1019 1930 1091 1963 ani-

62 1997 124 2021 mo
141 1985 297 2022 dicimus.
351 1987 440 2021 Nam
455 1986 515 2032 qui
530 1984 750 2018 Theiaurum
767 1985 807 2018 L.
823 1984 863 2017 L.
889 1979 1088 2026 meditetur,

63 2051 258 2088 quanquam
285 2049 365 2072 cum
389 2048 405 2071 s
419 2049 441 2072 τ
455 2049 475 2072 Ε
490 2049 508 2072 P
521 2048 545 2072 H
559 2049 579 2072 A
593 2048 616 2071 N
630 2048 652 2071 o
685 2035 805 2072 nostro
834 2047 879 2071 ex
904 2035 1061 2072 Terentio
1076 2064 1087 2082 ,

60 2092 238 2138 Cicerone,
265 2088 389 2127 Plauto
413 2092 625 2141 caeterisque
639 2089 794 2127 melioris
810 2099 914 2127 notae
930 2089 1088 2139 spiritum

61 2146 285 2196 animumque
308 2145 411 2182 ducat
426 2173 436 2193 ‚
469 2143 629 2182 nonnihil
643 2154 766 2191 *tamen
783 2158 865 2182 cum
893 2146 1021 2182 eodem
1043 2158 1088 2183 ex

62 2198 204 2252 Apuleio
219 2229 230 2247 ,
256 2197 406 2237 Palladio
425 2229 435 2247 ‚
467 2199 597 2248 Perst0‚
626 2199 815 2242 Martiali,
842 2198 904 2237 Iul.
922 2201 1088 2248 Firmico,

62 2256 192 2293 Lucano
211 2285 221 2303 ‚
259 2253 439 2292 Claudiano
454 2284 464 2302 ‚
503 2254 623 2302 Iustino
641 2283 652 2302 ‚
686 2257 804 2293 Curtio
823 2283 831 2296 ‚
866 2252 1062 2308 Lampridio
1078 2283 1090 2303 ,

62 2309 220 2348 nonnihil
235 2322 376 2362 quoque
397 2324 441 2348 ex
458 2312 566 2358 ICtis,
592 2324 637 2348 ex
653 2312 733 2348 Caio
753 2341 763 2359 ‚
791 2309 910 2348 Paullo
925 2340 936 2358 ‚
972 2309 1089 2363 leia-

63 2377 104 2401 no
118 2394 128 2412 ,
159 2375 222 2403 etc.
256 2363 315 2403 fibi
340 2365 472 2403 adnasci
493 2375 528 2403 et
550 2365 792 2404 adhaerescere
814 2364 937 2404 lubens
954 2395 964 2412 ,
993 2366 1089 2403 vide-

63 2417 122 2456 bit.
174 2420 225 2457 At
244 2433 260 2457 s
275 2434 297 2457 T
312 2434 330 2457 E
346 2435 362 2458 P
378 2435 400 2467 n
416 2436 436 2458 A
449 2435 474 2458 N
487 2435 509 2458 0
532 2431 648 2459 tamen
673 2423 877 2472 neutiquam
902 2420 979 2459 sunt
1001 2433 1088 2458 con-

64 2474 232 2522 donanda,
256 2488 342 2527 quae
363 2489 406 2513 ex
423 2476 489 2525 ipsa
511 2476 638 2516 sentina
660 2475 861 2514 Barbarismi
885 2476 1087 2525 depromit,

64 2537 99 2565 et
112 2541 198 2579 quae
213 2542 285 2570 non
301 2530 413 2568 dicam
429 2531 699 2580 aprobatiffimo
711 2529 855 2569 austere
880 2531 938 2568 sed
953 2543 971 2568 a
988 2530 1086 2569 nullo

64 2584 352 2621 commendentur
372 2600 383 2628 3
418 2598 658 2624 MYMann
677 2617 687 2634 ‚
722 2601 808 2625 sva
824 2600 881 2623 TA
898 2600 916 2623 L
934 2615 944 2634 ,
982 2600 1087 2624 svn-

68 2650 265 2675 TachA
282 2652 395 2687 NEA,
420 2653 790 2689 PETILANSVRA,
821 2651 1085 2689 ACIALE,·etc.

63 2693 163 2741 Quae
191 2705 208 2730 a
226 2695 368 2732 Graecis
394 2698 579 2743 mutuatur,
607 2711 624 2735 a
652 2696 749 2736 nullo
763 2700 890 2735 Latino
913 2691 1086 2747 Scriptore

63 2746 243 2798 vlhrpata,
277 2762 659 2801 08TRAC1SMvs‚
699 2766 842 2790 roms
862 2782 872 2800 ,
909 2767 1084 2791 PHALA-

66 2815 86 2838 c
101 2815 122 2838 n
135 2816 158 2839 o
170 2815 196 2839 N
218 2833 229 2851 ‚
266 2818 287 2842 A
301 2818 321 2840 c
336 2818 356 2841 A
370 2819 390 2842 R
406 2819 429 2842 v
444 2819 460 2843 s
480 2836 491 2854 ,
532 2817 596 2845 etc.
672 2809 877 2848 Condonari
910 2817 1085 2860 vtcunque

62 2857 293 2914 poffint‚quae
309 2859 408 2898 finxit
421 2863 549 2899 incuria
565 2871 622 2900 aut
639 2861 744 2902 lestio
760 2865 863 2901 nimis
882 2873 1060 2914 properata
1074 2893 1085 2912 ,

65 2925 393 2969 A131NT13GR0,
423 2919 798 2971 ACEDAR1A,qu'od
817 2931 1081 2957 ACETARIA

63 2964 187 3005 restius
208 2967 363 3012 scribitur
378 3000 388 3018 ‚
426 2974 477 3009 vti
501 2972 612 3010 modo
637 2984 804 3012 occurrat.
882 2974 1086 3023 Condonari

63 3022 165 3058 etiam
180 3019 314 3062 fortaffe
331 3053 342 3072 ‚
368 3038 462 3077 quae
473 3028 624 3070 adducit
640 3043 684 3067 ex
698 3032 797 3067 vnius
813 3029 944 3066 Perotti
965 3027 1086 3067 austo-

63 3077 162 3112 ritate
176 3105 187 3122 ‚
220 3087 258 3115 vt
282 3092 306 3116 N
321 3093 340 3125 n
353 3081 413 3130 Qv
425 3095 476 3119 ιτ
489 3096 512 3119 v
526 3096 541 3120 s
560 3068 666 3130 ,stro
706 3098 786 3121 cum
816 3083 998 3123 hominem
1034 3084 1084 3122 [a-

63 3131 134 3179 piat
149 3129 277 3170 alienae
291 3133 485 3191 diligentiae
499 3150 602 3189 quam
619 3140 697 3176 suae
711 3141 910 3190 aequiorem
933 3140 1085 3178 aestima-

62 3193 188 3233 torem.
216 3188 546 3238 Ncquepmfeetoin
560 3206 598 3231 ea
614 3192 975 3257 weoasgyiammdone
984 3197 1086 3233 nimi-

61 3251 124 3277 um
136 3242 332 3289 pingueicat
346 3241 455 3292 liber,
486 3248 674 3300 quidquam
692 3249 744 3286 vel
766 3247 892 3287 fraudis
914 3250 968 3287 vel
997 3252 1086 3290 iniu-

63 3296 133 3335 riae
155 3295 412 3335 consulentibus
433 3297 538 3343 obiici
555 3303 690 3348 senti03
726 3303 748 3341 fi
771 3316 992 3357 vnaquaeque
1014 3308 1086 3344 vox'

59 3347 154 3387 suam
167 3349 283 3389 secum
298 3351 431 3390 adferat
453 3347 634 3404 adflesst'ow5
656 3357 724 3401 siue
746 3358 783 3397 fit
799 3361 964 3399 Cioeronis
993 3361 1088 3399 vsur-

60 3406 169 3453 pantis
182 3434 194 3452 ‚
220 3404 288 3444 siue
303 3407 448 3445 Perorsi.
459 3410 661 3451 adducentis
672 3443 684 3460 ,
718 3416 891 3463 integrum
907 3417 1034 3454 interea
1048 3416 1088 3454 fit

59 3456 307 3504 leffioriffldem
321 3461 414 3501 suam
424 3463 477 3501 vel
492 3464 729 3514 adhibeserel
746 3460 930 3518 reprimere
954 3500 958 3504 .
975 3471 1088 3510 modo

59 3513 147 3556 inter
167 3515 354 3572 Ciceronem
386 3527 421 3556 et
439 3519 615 3558 Perottum
643 3516 1090 3583 inffirnoicerggftjdiiudi.

61 3578 137 3605 care
158 3573 295 3618 poterit.
724 3581 765 3616 »Γ
857 3575 910 3615 λ’»,

403 3633 495 3676 Edit.
523 3636 621 3686 Thes?
650 3639 740 3687 1536.
759 3633 791 3651 '³'
869 3674 918 3701 μ
935 3640 952 3649 “’

136 3687 234 3727 latiis
249 3693 364 3743 vtique
393 3703 463 3732 tam
491 3697 669 3744 praeclaris
694 3697 922 3744 fundamentis
933 3723 953 3751 2,
974 3715 1086 3756 quan.

56 3746 133 3783 tum
146 3740 269 3783 deinde
283 3759 407 3796 operae
425 3751 715 3810 Typographicae
744 3745 978 3812 relinquebant
995 3760 1059 3797 otii
1071 3787 1084 3807 ‚

1145 178 1262 207 totum
1277 168 1313 206 id
1329 171 1363 205 in
1379 166 1530 218 legendis
1540 172 1679 208 Latinae
1694 173 1846 221 Linguae
1864 171 2074 222 principibus
2090 186 2185 215 con-¹

1145 222 1283 269 sumsit,
1316 235 1513 274 annumque
1540 227 1629 273 1536.
1670 226 1886 265 Didiionario
1911 228 1972 265 suo
1997 227 2110 277 claulit
2133 229 2175 265 ad

1145 277 1280 329 prelum
1302 289 1480 318 reuocatO.
1548 282 1638 317 Nam
1660 294 1740 318 cum
1767 281 1873 320 multa
1895 279 2045 320 lediione
2061 313 2072 330 ,
2104 297 2176 320 ma-

1146 347 1288 385 gnoque
1310 334 1371 371 vsu
1392 333 1539 385 plurima
1561 331 1672 370 deesse
1703 340 1871 383 cognouit
1892 367 1902 385 ,
1946 338 2108 389 idemque
2133 338 2175 375 ab

1147 388 1221 427 aliis
1235 391 1369 438 accepit
1383 418 1393 437 ,
1419 387 1564 438 plurima
1580 390 1665 425 item
1684 392 1857 428 emendari
1874 393 1968 441 poffe
1987 423 1997 441 ,
2032 405 2176 431 manum

1147 446 1246 494 operi
1262 447 1388 481 iterum
1405 443 1562 481 admouit
1575 473 1586 490 ,
1624 452 1658 494 et
1673 456 1690 480 a
1706 442 1902 483 dooiffimo
1919 461 2060 500 quoque
2077 448 2176 500 quid-

1148 499 1233 551 quid
1256 501 1290 536 in
1311 499 1384 536 hoc
1399 498 1658 545 commentandi
1681 511 1807 547 genere
1822 503 2006 539 annotasset
2020 533 2029 549 ‚
2061 506 2176 541 nomi-

1149 556 1255 592 natim
1278 552 1354 591 Gal.
1380 551 1513 591 Rudaeo
1528 583 1538 600 ‚
1573 555 1713 590 Lazaro
1735 552 1854 603 Bayfio
1871 584 1880 600 ‚
1909 555 2020 593 Iacobo
2046 560 2178 607 Tusano

1149 611 1362 647 Graecarum
1378 608 1552 646 literarum
1568 609 1679 657 Regio
1697 607 1887 646 Profeffore
1906 614 2047 659 accepit.
2104 617 2179 652 Ma-

1149 677 1213 714 gna
1246 665 1367 702 itidem
1395 676 1525 701 vocum
1560 661 1860 714 formularumque
1882 694 1891 710 ‚
1919 674 1953 701 et
1985 668 2179 706 Nominum

1148 722 1375 770 propriorum
1392 749 1403 766 ,
1428 731 1581 770 quorum
1598 717 1782 755 absentiam
1805 719 1962 756 nonnulli
1986 721 2053 757 iam
2069 722 2178 759 mole-

1149 774 1200 814 ste
1217 774 1393 821 ferebant,
1420 772 1615 811 adieeiione
1632 773 1877 823 locupletauit,
1909 787 1990 814 x1v.
2007 774 2078 812 Cal.
2095 778 2180 814 Dec..

1148 831 1243 882 1536.
1276 829 1337 868 fol.
1408 831 1525 866 Vnum
1547 839 1619 866 erat
1641 829 1737 880 quod
1762 828 1968 867 Lecfforibus
1991 830 2058 867 suis
2076 831 2183 869 vehe-

1148 895 1282 923 menter
1313 884 1520 935 placiturum
1546 882 1623 921 fore
1648 884 1757 921 visum
1781 885 1828 921 cst
1850 884 2080 934 Compilatori
2100 916 2110 933 ,
2146 896 2183 924 vt

1148 954 1233 978 cum
1247 940 1415 990 plurimae
1431 939 1475 977 sc.
1499 952 1604 977 voces
1623 938 1713 976 nulla
1730 939 1932 977 audioritate
1948 941 2057 977 enilae
2070 971 2079 987 ,
2108 941 2183 978 nul-

1148 995 1185 1033 lo
1200 997 1404 1033 vadimonio
1419 993 1543 1042 fultae,
1558 992 1764 1045 quibusdam
1786 996 1916 1032 idcirco
1942 1005 2103 1046 tanquam
2126 1010 2184 1046 pa-

1149 1065 1227 1088 rum
1244 1053 1383 1089 Latinae
1410 1052 1525 1087 minus
1541 1048 1796 1098 probabantur,
1830 1063 1889 1087 eae
1906 1052 1973 1087 iam
1992 1052 2072 1088 [uos
2096 1051 2184 1089 fiste-

1150 1116 1225 1144 rent
1249 1105 1419 1144 aridiores.
1482 1105 1548 1142 Sed
1573 1118 1656 1141 cum
1680 1103 1874 1156 Calepinnm
1907 1105 2010 1143 video
2026 1136 2035 1154 ,
2064 1107 2183 1144 Perot-

1149 1173 1220 1199 tum
1243 1172 1307 1199 etc.
1339 1160 1491 1204 adduci,
1530 1173 1647 1197 euram
1665 1159 1769 1197 laudo
1792 1170 1826 1197 et
1842 1160 2053 1209 diligentiam
2071 1191 2080 1209 ‚
2109 1164 2183 1199 exi-

1149 1227 1225 1254 tum
1243 1216 1418 1264 defidero,
1445 1226 1559 1265 neque
1577 1228 1682 1262 voces
1703 1215 1836 1252 idcirco
1853 1220 2015 1267 tanquam
2029 1218 2185 1254 Latinio-

1151 1286 1205 1310 res
1229 1271 1329 1309 facile
1352 1284 1413 1309 ero
1431 1268 1649 1320 probaturus,
1711 1274 1916 1308 Sermonem
1932 1269 2106 1309 Gallicum
2127 1272 2186 1309 ad-

1151 1327 1222 1365 huc
1236 1329 1374 1364 retinuit
1392 1329 1614 1375 interpretem
1630 1356 1641 1372 ,
1671 1339 1744 1363 non
1760 1327 1820 1362 suo
1835 1325 1978 1364 conlilio
1996 1327 2073 1363 Vsus
2089 1355 2100 1372 ,
2127 1327 2187 1364 sed

1152 1382 1299 1420 aliorum
1316 1381 1524 1427 voluntati,a
1540 1380 1665 1432 quibus
1681 1383 1739 1418 vix
1754 1381 1925 1420 diffentire
1946 1392 2081 1431 poterat
2095 1390 2108 1429 ⁴,
2134 1383 2186 1418 ni-

1153 1442 1267 1477 mium
1287 1436 1425 1476 fortasse
1448 1435 1673 1490 obsequutus.

1504 1533 1594 1575 Edit.
1617 1536 1712 1589 Thff
1734 1549 1830 1590 1543.

1156 1660 1159 1663 K
1242 1616 1364 1654 Tertia
1388 1624 1423 1653 et
1446 1613 1564 1652 vltima
1588 1615 1706 1652 Editio
1725 1644 1735 1661 ,
1769 1624 1872 1665 quam
1896 1617 2097 1664 procurauit
2118 1614 2189 1665 ipse

1144 1684 1175 1714 ‘s
1189 1685 1212 1708 T
1226 1684 1245 1708 E
1260 1686 1276 1709 P
1290 1685 1315 1708 H
1327 1686 1347 1708 A
1360 1684 1385 1708 N
1399 1684 1423 1707 v
1439 1683 1454 1707 s
1483 1700 1493 1717 ‚
1522 1669 1654 1719 prodiit
1668 1668 1814 1706 huiusce
1830 1673 1908 1707 anni
1924 1671 2044 1709 aestate
2058 1685 2125 1708 ΧΠ.
2145 1671 2188 1708 sc.

1154 1726 1296 1768 Calend.
1314 1729 1387 1764 lun.
1403 1725 1499 1761 Paris
1522 1737 1566 1761 ex
1581 1724 1638 1760 sua
1654 1724 1824 1771 Officina,
1851 1725 1981 1764 2.Voll.
1998 1725 2059 1763 fol.
2095 1727 2191 1765 Cum

1154 1785 1216 1818 Vir
1231 1780 1464 1817 meritiffimus
1479 1775 1566 1812 nihil
1589 1775 1679 1813 aliud
1695 1777 1732 1813 in
1747 1780 1864 1814 animo
1880 1779 2033 1817 habuisse
2042 1781 2191 1828 videtur,

1155 1833 1215 1871 nifi
1230 1843 1268 1870 vt
1283 1832 1455 1882 frequenti
1471 1828 1621 1867 lediione
1634 1859 1646 1876 ,
1681 1836 2016 1883 communicatoque
2038 1848 2121 1870 cum
2136 1836 2189 1871 vi-

1155 1891 1200 1924 ris
1222 1886 1425 1923 doetiffimis
1446 1882 1591 1920 confilio
1606 1911 1616 1929 ,
1645 1896 1736 1932 opus
1759 1887 1818 1921 vix
1840 1886 1960 1922 sedulo
1983 1887 2189 1925 inchoatum

1154 1950 1189 1976 et
1212 1938 1302 1989 quali
1330 1938 1462 1975 rudiori
1488 1937 1549 1974 filo
1572 1936 1816 1976 adumbratum
1835 1969 1846 1986 ,
1882 1939 1982 1978 latius
2004 1941 2189 1995 aliquando

1152 1993 1322 2042 explicare
1340 2002 1374 2030 et
1390 1994 1425 2029 in
1441 1991 1712 2042 splendidiorem
1727 1995 1856 2032 vestem
1877 1995 2042 2034 euoluere
2056 1997 2164 2046 poffet
2179 2028 2190 2045 ‚

1151 2048 1252 2087 facile
1266 2048 1405 2086 erudito
1420 2047 1543 2086 lediori
1557 2046 1721 2100 liquebit,
1739 2049 1922 2088 hominem
1942 2052 2117 2101 prioribus
2132 2066 2190 2090 ve-

1151 2105 1257 2154 stigiis
1285 2102 1492 2141 insistentem
1521 2106 1591 2141 iam
1613 2103 1819 2153 imperfeeta
1844 2109 1963 2144 onmia
1991 2107 2190 2158 perpolite,

1152 2159 1309 2199 obscuris
1326 2158 1440 2196 lucem
1456 2188 1466 2205 ,
1494 2157 1608 2202 dubiis
1628 2158 1869 2198 auetoritatem
1883 2161 2022 2203 addere.
2083 2167 2190 2201 Inter-

1153 2213 1348 2265 pretatiohe
1373 2215 1479 2263 igitur
1501 2213 1633 2252 Gallica
1660 2218 1798 2264 penitus
1825 2216 2006 2266 exulante,
2041 2229 2192 2268 praeter-

1151 2270 1245 2310 missa
1263 2299 1273 2318 ,
1300 2282 1454 2321 quorum
1469 2270 1623 2307 infinitus
1638 2268 1715 2308 fere*
1731 2282 1801 2309 erat
1826 2285 1991 2310 numerus
2007 2303 2017 2321 ,
2048 2275 2190 2312 accede-

1151 2339 1188 2364 re
1203 2355 1214 2372 ,
1241 2325 1439 2363 testimonia
1457 2355 1467 2373 ,
1494 2337 1582 2376 quae
1596 2328 1720 2375 partim
1736 2328 1954 2376 ignoratione
1977 2327 2047 2366 loci
2071 2342 2190 2367 conru-

1151 2392 1227 2432 ptae
1242 2390 1338 2418 antea
1353 2378 1554 2429 legebantur
1572 2383 1593 2427 ‚¹
1618 2384 1744 2431 partim
1760 2385 1909 2420 omnino
1931 2384 2071 2421 deerant
2085 2413 2096 2432 ‚
2130 2397 2189 2423 au-

1151 2438 1224 2486 geri
1248 2447 1282 2474 et
1298 2435 1428 2473 restitui
1455 2434 1574 2473 voluit.
1657 2436 1866 2485 Syllabarum
1891 2441 2096 2489 quantitates
2119 2441 2190 2480 iarn

1151 2494 1305 2541 primum
1341 2490 1472 2528 summa
1508 2503 1590 2528 cura
1626 2492 1812 2541 expediuit.
1853 2496 1961 2536 ,Loca
1988 2496 2164 2532 Ciceronis
2177 2524 2189 2545 ‚

1151 2548 1289 2584 Catonis
1305 2575 1316 2594 ‚
1348 2547 1515 2583 Varronis
1529 2575 1540 2593 ‚
1567 2544 1767 2584 Columellae
1782 2577 1792 2596 ‚
1819 2546 1951 2595 Plinii,
2006 2551 2161 2600 Caesszris
2176 2579 2187 2599 ,

1151 2603 1274 2647 Liuii,
1302 2599 1486 2638 Martialis
1505 2630 1516 2647 ‚
1542 2600 1676 2649 Persii,
1704 2602 1903 2650 quenalis,
1937 2604 2101 2659 Virgilii,
2135 2619 2188 2643 re-

1149 2656 1397 2708 liquorumque
1413 2659 1597 2694 Poetarum
1612 2658 1705 2694 iuxta
1720 2658 1910 2706 editiones,
1924 2659 2050 2711 quibus
2066 2673 2103 2698 ea
2120 2660 2189 2698 ho-

1149 2714 1286 2751 minum
1309 2722 1398 2749 aetas
1421 2710 1580 2749 Vtebatur
1596 2741 1606 2757 ‚
1641 2711 1836 2752 fideliffime
1859 2715 2013 2755 adduxit.
2094 2717 2188 2754 Cum

1149 2767 1245 2818 plura
1261 2765 1427 2818 lint,quae
1444 2765 1539 2804 hunc
1554 2764 1757 2815 Thesaurum
1767 2778 1784 2816 ‚‘
1803 2768 1883 2807 licet
1897 2770 1948 2807 sui
1961 2773 2097 2819 generis
2110 2783 2188 2821 per-

1149 2821 1373 2863 fec‘iiffimum
1388 2852 1399 2870 ,
1427 2831 1591 2873 tanquam
1607 2825 1707 2861 naeui
1723 2827 1963 2863 contaminent
1979 2854 1990 2872 ‚
2025 2826 2099 2863 duo
2114 2838 2188 2862 ma-

1149 2880 1244 2916 xime
1274 2877 1600 2926 animaduertimus,
1618 2890 1705 2930 quae
1732 2879 1810 2917 sunt
1835 2878 2061 2918 illustriffima.
2141 2881 2186 2917 Et

1149 2933 1246 2986 quod
1262 2931 1480 2970 audioritates
1495 2932 1636 2971 exclusit
1657 2936 1808 2983 optimas
1825 2964 1835 2981 ‚
1870 2944 1906 2972 et
1929 2935 2028 2986 quod
2050 2933 2186 2976 admisit

1150 2990 1361 3028 deterrimas.
1418 2987 1566 3026 Exclusit
1581 3017 1592 3035 ,
1615 2989 1707 3036 dixi,
1732 3003 1814 3027 cum
1831 2990 1866 3027 id
1879 2992 1996 3039 potius
2010 2999 2082 3027 erat
2096 2999 2185 3028 tem-

1149 3046 1244 3095 poris
1259 3041 1512 3092 infortunium,
1542 3044 1639 3095 quod
1657 3044 1843 3082 nonnullos
1851 3039 2185 3088 AudioresLatinos

1149 3099 1310 3137 nondum
1332 3112 1376 3136 ex
1397 3098 1494 3148 prelo
1517 3109 1699 3149 receperat.
1767 3102 1889 3150 Neque
1910 3101 2004 3137 enim
2029 3099 2069 3138 ea
2091 3110 2183 3139 aetas

1149 3155 1236 3193 vidit
1253 3184 1264 3202 ‚
1291 3164 1349 3192 aut
1364 3163 1457 3192 certe
1472 3166 1594 3204 parum
1610 3163 1739 3192 attente
1761 3154 1882 3207 viditys
1895 3166 1918 3190 Τ
1929 3168 1949 3192 E
1961 3160 2017 3192 P'H
2029 3170 2051 3193 A
2065 3169 2089 3193 N
2101 3169 2124 3193 v
2137 3169 2152 3192 s
2171 3184 2183 3204 ‚

1149 3211 1186 3248 P.
1212 3209 1292 3262 Syri
1309 3211 1500 3247 sententias
1517 3238 1536 3257 ,.
1562 3207 1704 3247 Fabulas
1721 3205 1913 3260 Phaedif'if„
1931 3210 2093 3253 Gratiam
2116 3211 2181 3248 Fu-

1151 3264 1285 3315 liscam‚
1314 3265 1509 3318 Hyginum,
1537 3263 1710 3309 solinum,
1739 3265 1985 3315 Panegyricos,
2013 3266 2184 3304 Historiae

1150 3321 1326 3369 Augustae
1340 3319 1524 3368 scriptores
1540 3348 1550 3366 ,
1585 3331 1665 3356 cum
1680 3317 1836 3366 plurimis
1852 3318 1939 3361 aliis.
2008 3320 2184 3358 Prodierat

1151 3376 1293 3427 quidem
1310 3373 1480 3413 Manilius
1504 3371 1638 3411 saeculo
1654 3372 1829 3422 superiore
1844 3404 1856 3422 ‚
1890 3374 1949 3413 sed
1965 3387 2048 3414 cum
2071 3386 2184 3425 caete-

1151 3433 1198 3468 ris
1213 3427 1400 3482 neglecstn's.
1459 3429 1626 3470 Nondum
1642 3456 1653 3474 ‚
1681 3430 1916 3485 aut⁸n9ndum
1929 3430 2004 3468 stitis
2016 3431 2184 3467 Veterum

1151 3484 1335 3524 Poetarum
1345 3481 1870 3537 Historicorumque‘fragmenta
1884 3485 1919 3522 in
1932 3497 2042 3522 vnum
2057 3489 2186 3532 coege-

1150 3551 1226 3578 rant
1234 3543 1306 3578 Viri
1322 3537 1623 3586 industriofiffimi:
1650 3538 1822 3577 Nondum
1838 3541 1944 3577 etiam
1959 3550 1999 3576 ea
2006 3541 2184 3587 Latinitas,

1093 3605 1097 3611 ’
1151 3608 1240 3645 quae
1257 3609 1330 3634 non
1344 3594 1404 3633 nifi
1419 3597 1454 3631 in
1472 3576 1706 3637 Marfiississibus
1726 3597 1889 3646 Saxisque
1908 3595 2088 3643 reperitur,
2103 3607 2184 3632 cura

1151 3652 1375 3688 Gruterorum
1392 3677 1403 3696 ,
1431 3643 1673 3696 Boffzrilorum
1687 3676 1698 3694 ‚
1720 3647 1949 3699 =aliorumque
1965 3647 2027 3687 sub
2049 3648 2185 3699 prelum

1150 3699 1306 3744 subierat.
1359 3702 1500 3752 Quibus
1514 3715 1604 3754 quos
1620 3706 1770 3753 opponit
1797 3703 1852 3751 (id
1867 3705 1964 3740 enim
1979 3715 2051 3741 erat
2065 3705 2185 3741 secun-

1149 3759 1262 3810 dum)
1290 3758 1381 3812 quafi
1399 3770 1523 3796 eorum
1546 3755 1713 3797 iad'turam
1729 3758 1901 3796 redimere
1912 3757 2016 3797 vellet
2033 3788 2044 3807 ‚
2078 3761 2188 3796 Com-

1219 3816 1232 3853 i
1811 3849 1813 3854 ,
2055 3824 2187 3852 menta-

97 3866 126 3897 ⁰J
146 3884 166 3897 υ
178 3864 260 3902 Spero
273 3875 358 3896 wrm!
373 3869 443 3904 fore,
455 3878 484 3899 vt
498 3874 614 3910 paternis
629 3875 726 3912 vigiliis
742 3887 812 3904 mess
826 3875 969 3916 aliqnando
985 3879 1085 3911 addens
1098 3903 1106 3917 ,
1133 3881 1201 3910 illud
1213 3882 1349 3911 Thesauri
1362 3882 1472 3910 Latinae
1486 3874 1606 3917 Linguae
1628 3890 1695 3920 opus
1710 3889 1770 3908 cnm
1783 3877 1840 3909 aliis
1854 3878 1934 3917 rebus
1949 3901 1958 3914 ,
1987 3888 2044 3909 tum
2062 3891 2122 3910 aero
2144 3889 2187 3908 ve-

138 3924 156 3939 „
170 3913 227 3932 cum
239 3906 396 3944 dtſjvqfitione
410 3910 526 3949 eistmili
538 3934 546 3947 ‚
573 3924 626 3953 qua
639 3918 668 3944 in
686 3918 791 3946 Graecis
810 3918 933 3956 zy'itsfism
947 3939 959 3956 ‚
977 3919 1138 3951 luculentius
1152 3923 1269 3952 reddam.
1291 3944 1308 3957 ‚,

1349 3923 1380 3954 H.
1396 3921 1479 3959 Steplr.
1501 3921 1585 3950 Pracf.
1604 3924 1696 3950 Graec.
1711 3920 1795 3950 Thes.
