2474 4182
28 3290 31 3292 -
75 3281 159 3308 quum
173 3271 286 3306 petitur,
303 3269 444 3298 dissoluere
457 3272 467 3297 3

481 109 772 156 CON

90 208 230 239 tundendo,
242 206 338 242 friare-
381 206 430 236 Vt,
451 202 619 232 Contundcrc
638 203 665 228 in
679 201 731 235 pila
743 201 828 226 Varro
843 199 874 226 de
889 200 919 227 R.
934 202 964 227 R.
979 209 1001 234 3,
1018 203 1054 227 [6.
1102 201 1135 227 Et

94 244 223 273 Columel.
238 251 270 276 7,
291 250 308 276 7
336 241 506 268 contundere
525 241 618 266 ferreis
638 238 707 272 pilis.
780 237 829 261 Pro
850 242 935 262 terere
954 237 1073 263 Scribon-
1093 241 1133 268 89.

94 282 174 315 Asper
187 287 269 313 equus
283 278 355 303 duris
374 276 544 303 contunditur
563 283 609 301 ora
626 273 720 306 lupatis
740 271 822 297 Ouid·
838 272 895 298 Am.
912 282 929 302 ι.
944 282 966 302 2,
983 281 1015 305 ις.
1060 272 1133 298 Bello

645 307 702 334 Cic.
715 307 798 333 Tusc.
812 316 826 333 2
836 327 844 339 ,
858 317 894 340 40
915 318 936 334 c.
954 316 982 342 ¹7
1008 307 1071 334 Inde
1087 316 1133 342 pn-

845 344 912 370 Hor.
925 344 1006 370 Serui.
1020 352 1051 377 2,
1063 351 1090 377 7,
1104 344 1132 368 16

92 133 172 170 [225

93 317 209 350 aliquem
228 314 291 339 Enn.
307 313 374 347 apud
386 314 461 338 Prisc.
483 322 507 346 p.
523 316 574 343 891.
695 343 698 347 .

91 351 156 386 giles
171 349 296 375 caestibus
305 348 415 380 contuli,
425 357 456 373 nc
469 344 641 381 ingemiscunt
654 342 772 377 quidem.

91 385 230 420 Postquam
254 384 295 410 illi
318 384 383 410 iusta
406 383 533 416 Chii-agra
579 379 707 405 Contudit
734 378 868 405 articulos.
960 380 1133 406 Contundunt

91 421 159 448 colla
179 421 262 446 boues
282 421 309 446 in
328 419 426 446 arando
444 414 580 454 Columeh
593 416 620 446 6,
634 423 659 447 2,
675 420 696 444 8.
734 422 757 440 ct
778 416 804 446 6,
824 423 863 447 14,
884 423 905 447 3.
978 414 1056 440 Haud
1071 414 1135 448 quia

92 457 193 492 grando
206 455 357 482 contuderit
371 455 436 481 vites
455 454 520 479 Hor.
535 450 613 484 Epist.
631 459 649 481 ι,
665 456 686 481 8,
699 459 725 482 4.
785 451 869 476 Nares
883 449 963 476 alicui
976 450 1057 476 Ouid.
1070 450 1134 475 Met.

92 502 133 525 14,
146 500 185 525 95.
258 492 338 518 Plaut.
351 490 444 524 Amph.
461 496 479 519 1,
496 495 514 516 1,
529 495 568 518 251
591 487 687 512 Nonne
708 486 749 511 hic
772 485 852 511 honio
873 485 955 511 modo
978 494 1019 511 me
1039 485 1133 519 pugnis

91 528 232 555 contudit?
268 526 335 553 Add.
351 524 441 552 Bacch.
454 531 476 554 3,
490 531 513 554 3,
529 528 573 555 46.

448 593 519 619 Idem
534 595 585 619 Att.
601 602 638 625 12,
653 602 684 627 43
699 596 761 627 (44)
782 593 899 619 Contudi
913 592 984 618 enim
996 591 1133 623 Animum,

723 629 868 655 Audaciam
888 627 1039 654 exsultantis
1061 635 1132 661 prac-

998 663 1072 690 Idem
1085 671 1134 697 pro

93 600 153 626 dam
169 605 194 625 et
209 598 389 632 comprimam.

92 641 119 665 et
132 634 236 660 fortass'e
248 634 317 665 vici,
336 631 354 657 fi
373 629 455 656 modo
473 630 649 663 'pei-mansero.

92 669 169 696 donis
188 667 346 696 contundere
367 672 392 691 ct
408 666 530 699 frangere
547 666 604 691 Cic.
621 663 733 698 Philipp.
751 673 783 696 [3,
797 673 830 696 29
852 673 873 689 c.
890 673 923 696 [3.

91 705 196 732 Caecin.
213 713 233 731 11
256 714 277 730 c.
292 711 308 737 7
326 703 415 728 Innno
430 708 457 727 vt
470 702 532 727 viro
547 701 613 727 forti
629 709 657 726 ac
672 700 783 734 sapienti
798 700 908 733 dignum
920 699 987 731 fuit,
1008 699 1045 725 ita
1058 699 1137 725 Calu-
1156 703 1180 730 13
1199 709 1258 735 que,
1278 707 1300 726 et
1313 700 1543 734 acutastneferro,
1564 703 1597 728 ad
1605 705 1792 738 percutiendum
1804 713 1871 740 apta.

91 741 192 766 niniam
202 758 210 773 ,
229 738 418 771 stultitiamque
431 737 546 764 obtriuit
563 746 591 763 ac
605 736 735 762 contudit.
807 735 884 761 Faeni
899 735 1012 761 alicuius
1025 741 1136 761 contun-

90 776 152 803 dere
164 796 172 808 ,
191 783 239 811 pro
252 775 370 809 Superat-e
384 780 406 799 rt
419 776 517 799 vincere
531 772 612 799 l’laut.
626 771 704 798 Stich.
722 780 744 802 2,
760 779 780 802 1,
795 779 830 802 33.
902 772 969 796 Hor.
985 771 1066 804 Epod.
1076 779 1101 802 2,
1118 778 1137 802 1,

92 820 121 838 10
141 811 275 846 Speratum
289 809 408 842 meritis,
427 809 512 835 diram
527 809 574 843 qui
588 807 709 834 contudit
723 806 859 838 Hydram,
880 806 909 832 dc
925 807 1037 832 Hercule.
1084 807 1136 831 Im-

90 854 180 882 petum
193 844 304 872 alicuius
324 845 397 871 ldem
417 846 505 871 Carni.
522 853 544 876 2,
559 847 585 876 6,
600 852 637 869 10.
709 843 849 875 Ingenium
871 841 991 868 contudit
1010 840 1138 876 patientia

89 884 167 917 longa
180 881 311 907 malorum
326 880 407 907 Ouid.
422 880 508 907 Trist.
523 888 546 912 ς,
561 888 595 911 12,
610 887 642 911 31.

89 917 174 953 asperi
191 923 283 949 erunt,
310 923 398 951 patere
418 926 499 942 vnum
518 916 588 941 diem
608 913 768 947 noctemque
786 913 953 939 desaeuiant:
981 912 1138 947 liniulatque

88 955 142 981 Iras
161 953 346 984 contuderint,
367 961 446 978 manu
466 951 661 986 producantur,
682 949 710 974 de
731 949 806 974 bubus
819 948 956 974 domandis.
1028 949 1140 983 Populos

88 989 190 1016 feroces
212 988 307 1023 Virgil.
323 989 387 1014 Aen.
405 997 430 1019 1,
450 991 512 1021 264.
587 985 732 1012 Saeuitiam
752 984 866 1010 alicuius
887 985 1005 1017 Propert.
1024 992 1043 1017 1,
1066 993 1086 1016 1,
1101 992 1138 1010 10.

86 1026 222 1051 Virtutem
236 1024 399 1051 contundere
413 1024 501 1050 Valer.
515 1021 626 1049 Maxim.
639 1030 662 1053 3,
679 1030 710 1053 2,
727 1027 741 1053 ς
761 1028 826 1046 extr.
863 1019 1010 1047 Delectatur
1027 1021 1072 1047 hoc
1091 1019 1136 1054 vfic

84 1061 157 1087 verbi
172 1061 214 1087 hic
226 1061 349 1096 scriptor.
390 1060 463 1094 Conf.
474 1058 623 1091 Hrouclchnji
638 1056 671 1082 ad
684 1056 791 1082 Tibull.
805 1064 826 1088 3,
841 1058 866 1087 6,
881 1065 904 1088 13
927 1056 965 1090 sq.

87 1096 143 1123 ictu
158 1096 285 1122 contundi
300 1095 393 1123 Claud.
407 1094 438 1121 de
453 1096 527 1129 Rapt.
538 1095 654 1127 Proscrp.
665 1100 686 1124 3,
701 1099 763 1126 427.

124 1134 283 1159 coN'rs’s
294 1139 353 1163 vs,
376 1140 408 1163 a,
436 1140 489 1156 um.
532 1129 625 1156 Partic.
661 1127 891 1160 [συγκεκομμένος]
938 1125 1084 1152 Contusum
1105 1123 1137 1151 de

85 1166 281 1195 medicamento
296 1167 416 1194 Scribon.
431 1175 468 1193 io.
481 1168 542 1193 266.
585 1165 617 1191 de
639 1164 761 1189 membro
781 1171 842 1197 207.
858 1170 918 1194 209.
932 1163 992 1187 266.
1066 1161 1137 1187 Cou-

86 1204 144 1230 tnsa
162 1205 278 1231 tenuiter
298 1202 381 1229 Scrib.
400 1211 436 1228 10.
494 1202 610 1228 Contusa
627 1198 743 1226 cribrata
760 1206 812 1225 120.
868 1198 928 1223 Siue
946 1196 1065 1228 contusa,
1083 1196 1136 1223 fine

293 1239 409 1265 Contusa
427 1238 627 1264 articulamenta
645 1234 718 1262 idom
737 1244 749 1260 2
760 1243 804 1268 14.

84 1283 143 1303 210.
171 1276 210 1311 sc.
230 1275 344 1301 membra.
432 1274 575 1309 Metaphor.
610 1271 711 1299 Sallust.
734 1268 853 1304 Iugurth.
874 1276 906 1302 43
939 1268 1053 1294 Nostrae
1074 1277 1136 1303 opes

86 1312 225 1344 contusae,
243 1310 413 1344 hostiumque
427 1310 519 1336 auehe
531 1314 616 1335 erunt.
688 1307 781 1332 Animi
794 1305 903 1336 contuli,
924 1310 948 1330 et
956 1303 1046 1340 flacii
1059 1305 1134 1339 Virg.

87 1347 184 1381 Georg.
200 1355 227 1379 4,
241 1355 303 1379 240.
377 1347 498 1380 Corpora
512 1345 603 1371 labore
619 1344 723 1369 Lucret.
739 1351 768 1374 4,
780 1348 835 1374 935.
852 1375 857 1379 .
907 1340 968 1366 Flos
981 1339 1056 1366 nullo
1072 1348 1134 1366 con.

85 1383 158 1410 tusus
170 1389 258 1408 aratro
271 1381 367 1409 Catull.
382 1384 423 1413 63,
441 1390 480 1413 39.
553 1377 784 1413 Qiemadmodum
798 1376 816 1401 fi
831 1383 924 1401 vinum
938 1376 998 1401 ell'ct
1011 1375 1134 1408 effusum,

87 1246 159 1266 creta
180 1237 240 1274 70?

85 1419 128 1445 vel
143 1418 213 1444 Valis
227 1417 349 1450 contidis,
367 1418 409 1443 vel
425 1426 477 1452 qua
489 1416 540 1443 alia
554 1425 585 1442 ex
599 1414 672 1441 causa
687 1412 787 1447 le.l.1
801 1411 830 1437 in
842 1410 996 1445 princip.D.
1007 1411 1039 1438 de
1051 1412 1133 1446 peric.
1153 1426 1181 1452 35

87 1459 114 1480 et
131 1454 262 1480 commod.
277 1454 317 1480 rei
332 1453 409 1480 vend.

125 1496 142 1517 c
152 1496 170 1516 o
180 1497 200 1516 Ν
211 1497 232 1517 Τ
241 1497 260 1516 ν
271 1498 283 1516 s
293 1498 302 1516 1
313 1496 333 1516 ο
344 1509 353 1521 ,
375 1489 440 1514 onis.
477 1487 497 1513 f.
532 1480 683 1518 [σύγκοψις]
719 1482 786 1510 Plin.
801 1489 838 1517 [7,
853 1488 886 1515 24
910 1481 952 1508 Est
965 1488 991 1509 et
1006 1481 1136 1517 quaedam

84 1525 204 1552 contusio
216 1525 290 1552 salcis
304 1524 457 1552 hebetioris.
529 1519 661 1546 Columel.
678 1527 713 1550 iz,
727 1526 764 1553 47
785 1518 857 1551 Qua
873 1518 936 1544 haec
947 1518 1088 1545 candidior
1099 1518 1135 1544 est

85 1560 177 1594 oliua,
197 1570 276 1596 quain
296 1569 345 1592 ea,
366 1567 432 1593 quae
455 1555 608 1582 contusione
628 1555 744 1581 liuorem
764 1553 906 1580 contrahit.
979 1555 1049 1580 Hinc
1069 1554 1136 1581 Cels.

169 1615 175 1623 .
218 1602 290 1622 vocat
304 1593 510 1623 Communem,
531 1600 613 1630 quum
627 1599 685 1625 pars
699 1590 789 1625 aliqua
802 1590 886 1622 ferro,
907 1588 949 1616 vel
964 1589 1060 1616 baculo
1074 1595 1135 1616 cona
1151 1604 1189 1629 40
1199 1591 1271 1618 Fam.
1287 1600 1324 1624 12,
1338 1600 1372 1618 22
1398 1592 1502 1618 Hirtius
1517 1592 1605 1619 noster
1620 1592 1719 1618 tardius
1734 1592 1910 1625 conualescit,
1927 1595 1974 1620 int.
1990 1605 2018 1621 ex
2031 1600 2122 1624 morbo.

82 1633 139 1658 tusa
156 1631 275 1663 etdlaesa,
298 1630 414 1656 liuorem
426 1627 583 1663 aequitum,
604 1636 652 1653 nec
666 1626 739 1653 vlcus
754 1626 902 1658 contraxit,
922 1625 966 1652 sed
979 1632 1081 1652 tantum
1095 1626 1135 1652 in-

81 1667 141 1692 flata
160 1666 204 1693 est.
268 1666 338 1693 Add.
358 1664 440 1691 Scrib.
457 1672 508 1690 101.
529 1665 580 1695 163.
599 1667 658 1692 208.
731 1661 859 1688 Contufio
873 1661 964 1687 lateris
983 1661 1058 1688 Idem
1076 1664 1134 1694 265.

80 1702 244 1728 Contusione
261 1706 377 1728 mutatae
396 1708 486 1726 carnes
507 1698 585 1725 Hier.
604 1698 636 1725 ad
649 1697 771 1725 Eustoch.
789 1698 809 1724 f.
824 1699 854 1729 63
875 1705 890 1723 a
909 1697 949 1723 T.
966 1706 976 1724 1
1003 1696 1084 1724 Frob.
1105 1700 1134 1723 in

79 1737 188 1764 ciborum
209 1737 315 1764 deliciis.

116 1779 377 1805 CONTvao,
398 1775 450 1798 are.
487 1768 594 1805 August.

117 1807 379 1840 coNTv61.vs,
405 1816 437 1840 a,
461 1816 516 1833 um.
551 1804 653 1831 Dimin.

82 1842 150 1907 ἢιξιὶιι
172 1844 258 1872 wadii
284 1841 489 1870 comiiuentibus
514 1840 654 1877 palpebris.

79 1881 107 1906 di
136 1884 154 1907 i.

116 1921 334 1948 CONTVOR,
366 1912 467 1946 tueris,
499 1914 600 1944 tuitus,
633 1913 675 1938 vel
698 1913 772 1938 tritus
791 1910 862 1942 sum,
889 1911 926 1937 ui.

78 1953 222 1988 Diligenter
242 1951 327 1978 videre
347 1957 370 1976 et
388 1950 521 1985 adspicere.

79 1988 146 2015 adeo
161 1993 289 2019 contuor,
305 1986 433 2021 quassanti
445 1984 530 2019 capite
545 1984 653 2019 incedit.

80 2023 247 2050 Peristratam
269 2022 312 2049 hic
331 2020 508 2056 Demiphouis
527 2020 663 2046 contuor?
719 2018 787 2046 Add.
801 2018 878 2054 Most.
893 2027 916 2051 3,
930 2028 962 2052 2,
977 2028 1030 2051 150.
1086 2018 1135 2046 Sed

81 2060 220 2086 Contueor
231 2058 404 2094 frequentiori
419 2055 452 2090 est
466 2059 493 2082 in
506 2056 566 2091 ufic,
586 2065 611 2082 υ.
626 2065 651 2081 υ.
722 2055 828 2081 Lucret'.
849 2064 878 2087 4,
894 2060 922 2087 38
943 2057 1031 2090 Atque
1051 2054 1080 2080 in
1093 2055 1134 2081 so-

81 2094 152 2125 mnis
173 2103 255 2128 quum
274 2095 347 2127 saepe
373 2093 468 2128 figuras
504 2092 666 2119 Contuimur
685 2090 784 2123 miraS,
802 2090 992 2126 simulacraque
1012 2090 1070 2117 luce
1091 2099 1131 2116 ca-

81 2137 196 2157 rentum.

82 2166 160 2200 coepi
171 2165 276 2196 comui,
294 2165 429 2199 conspicio
444 2164 570 2198 cole-atam
586 2162 718 2196 cuspidem
733 2161 806 2187 Non.
823 2168 849 2194 7,
862 2169 905 2186 20.

120 2209 137 2228 c
145 2208 164 2228 0
173 2209 195 2227 N
205 2208 226 2228 Τ
235 2209 255 2227 V
264 2208 282 2227 R
292 2208 308 2227 Β
317 2208 336 2227 o
343 2219 351 2232 ,
370 2204 422 2226 Ere.
458 2199 472 2231 [
479 2197 652 2233 διοιταροέττω]
693 2196 851 2222 Vehementer
868 2201 913 2221 aut
925 2200 1003 2221 totum
1017 2193 1128 2221 turbare.

76 2237 138 2263 Cic.
152 2237 223 2262 Fam.
238 2241 261 2267 8,
275 2243 303 2262 12
328 2234 476 2262 Conturbat
489 2241 531 2259 me
545 2241 619 2259 mora
633 2231 704 2258 serui
717 2231 814 2263 huius,
829 2231 878 2266 qui
891 2230 945 2257 tibi
957 2231 1048 2257 literas
1061 2235 1129 2256 attu-

78 2271 120 2297 lit.
177 2272 233 2298 Cic.
248 2268 324 2297 Offic.
338 2278 360 2302 3,
374 2280 411 2304 40
430 2280 451 2296 c.
467 2278 496 2295 [ο
516 2269 641 2295 Incidunt
657 2261 731 2302 saepe
746 2266 845 2293 multae
858 2267 964 2298 causae,
985 2275 1052 2301 quae
1067 2275 1129 2292 con-

77 2307 186 2334 turbent
199 2307 310 2333 Animos
323 2306 447 2332 Vtilitatis
461 2305 555 2339 specie.
609 2303 748 2331 Violentia
761 2301 821 2329 vini
835 2301 994 2329 conturbare
1001 2302 1128 2328 Animam

78 2342 157 2369 Lucr.
171 2351 195 2375 3,
207 2347 265 2375 483.
335 2341 408 2368 Bafia
423 2340 519 2367 Catuli.
534 2349 562 2370 5,
576 2348 609 2366 11.
681 2338 871 2373 Cognitionem
890 2338 949 2364 veri
967 2337 1128 2365 conturbare

78 2379 134 2405 Cic.
148 2377 226 2404 Acad.
245 2387 280 2411 4,
318 2395 325 2403 .
363 2397 370 2403 .
441 2375 604 2403 Conturbari
618 2383 728 2406 vocem,
748 2374 811 2400 dum
830 2374 978 2401 transuolat
995 2379 1070 2398 auras
1084 2380 1128 2397 ne—

77 2414 141 2440 ccsse
154 2413 191 2440 est
210 2414 315 2440 Lucret.
328 2421 362 2446 4,
382 2414 436 2446 563.
493 2411 624 2446 Obsccnum
639 2409 672 2443 13st
689 2409 771 2436 Plaut.
788 2410 846 2436 Cas.
860 2419 891 2441 2,
909 2415 937 2438 8,
957 2416 993 2441 24
1024 2406 1125 2439 Hodie,

79 2449 168 2476 hercle
185 2449 296 2484 opinor,
314 2448 373 2475 hice
397 2446 592 2474 conturbabunt
615 2445 705 2472 Pedes.
777 2446 878 2471 Eorum
901 2444 1046 2469 Fortunam
1072 2451 1128 2469 non

79 2485 159 2512 debes
181 2484 250 2512 velle
269 2483 428 2510 conturbare
449 2482 521 2509 Cael.
536 2482 593 2509 Cic.
606 2482 654 2517 sub
673 2482 727 2506 Att.
748 2485 794 2511 10,
812 2487 837 2511 9.
892 2478 969 2515 0⁰²2s=
979 2478 1073 2505 Aerod.
1093 2478 1128 2505 ad

78 2520 208 2554 Quinctil.
221 2519 293 2546 Decl.
307 2527 355 2554 273
374 2529 399 2554 p.
414 2520 468 2552 526.
538 2518 608 2544 Ter.
622 2517 687 2542 Eun.
701 2523 724 2548 ς,
737 2523 760 2546 3,
772 2522 806 2547 29
829 2515 868 2540 Ita
880 2514 1044 2541 conturbasti
1057 2514 1126 2541 mihi

75 2556 202 2585 Rationes
221 2564 321 2582 omnes.
371 2553 481 2581 Dicendi
495 2553 600 2588 forma,
622 2553 752 2578 contraria
771 2550 824 2581 illi,
849 2559 896 2586 qua
914 2550 972 2586 vfits
991 2549 1024 2583 est
1042 2551 1126 2577 Plaut.

74 2591 172 2626 Amph.
184 2591 253 2627 prol.
266 2601 285 2625 4
311 2591 342 2616 Et
352 2595 381 2616 vt
393 2598 435 2616 res
448 2589 617 2623 rationesque
631 2585 748 2614 vestrum
769 2586 891 2612 omnium
911 2586 978 2613 bene
997 2587 1123 2621 expedire

73 2628 166 2654 vultis.
223 2628 274 2662 Qai
287 2629 352 2652 enim
367 2624 486 2661 monsieur
500 2623 635 2661 soluendo,
655 2622 765 2658 nequest?
783 2625 907 2649 extricare
920 2622 1060 2649 nominibus
1067 2623 1125 2659 post

67 2664 131 2700 Jiozt
151 2670 175 2689 et
187 2671 243 2689 aere
256 2663 335 2688 alieno
344 2681 351 2693 ,
372 2661 412 2688 illi
429 2660 588 2687 conturbant
600 2670 605 2686 ε
631 2669 674 2685 nec
687 2661 751 2684 enim
763 2667 844 2684 eorum
859 2658 985 2684 Rationes
1000 2658 1128 2693 explicari

73 2706 98 2726 et
111 2698 232 2734 expediri
239 2697 348 2733 poffimt.
404 2698 446 2724 Sic
465 2699 539 2723 etiam
556 2698 680 2731 accipitur
694 2693 877 2721 Conturbator
895 2702 958 2728 aper
977 2694 1045 2730 apud
1054 2695 1126 2721 Mar-

73 2735 166 2762 tialem
182 2743 209 2770 7,
228 2737 271 2761 26.
325 2734 367 2761 Sic
385 2732 442 2767 Qi
462 2732 548 2759 actori
567 2731 674 2763 suadet,
697 2737 726 2757 vt
744 2730 876 2756 rationem
895 2730 945 2756 sibi
964 2730 1127 2757 commiss'am

73 2770 247 2798 conturbaret
266 2769 284 2796 l.
299 2778 310 2796 1
335 2769 367 2796 D.
388 2768 432 2795 fin.
453 2768 485 2795 de
500 2769 577 2795 seruo
596 2776 665 2794 corr.
720 2768 814 2801 Nempe
832 2766 1002 2793 Conturbare
1016 2769 1123 2802 proprie

72 2807 101 2834 de
109 2808 194 2844 struis
207 2806 320 2838 dicitur,
337 2807 444 2841 quicum
456 2804 597 2831 rationibus
609 2803 742 2830 dominicis
755 2804 835 2837 paria
854 2812 903 2828 non
912 2802 1028 2838 faciunt.
1085 2803 1126 2830 Sic

73 2843 180 2878 leian.
200 2843 218 2868 l.
232 2850 245 2876 ς
271 2839 327 2879 §.9
352 2841 384 2867 D.
399 2841 431 2867 de
444 2840 559 2867 institor.
575 2839 625 2866 aet.
650 2839 677 2865 Si
690 2839 750 2874 quis
765 2837 849 2873 pistor
866 2839 972 2867 seruum
992 2840 1067 2865 suum
1084 2840 1124 2865 so-

74 2879 138 2906 litus
151 2878 234 2906 fuerit
247 2877 276 2904 in
289 2882 390 2904 certum
406 2877 496 2903 locum
510 2877 616 2903 mittere
634 2875 667 2902 ad
680 2883 774 2910 panem
787 2873 970 2907 vendendum,
990 2874 1085 2901 deinde
1102 2875 1124 2901 is

77 2939 80 2942 .
109 2929 155 2934 —
191 2913 406 2946 conturbauerit,
432 2912 553 2939 dubitari
572 2920 627 2938 non
646 2916 768 2946 oportet,
793 2910 859 2945 quin
894 2925 940 2930 —
974 2912 1061 2938 teneri
1081 2911 1125 2938 de-

75 2950 145 2978 beat.
186 2949 299 2976 Alfeni.
314 2951 342 2976 16
360 2949 392 2976 D.
401 2948 433 2976 de
441 2949 470 2975 in
483 2957 541 2975 rem
555 2948 647 2980 verso,
668 2949 764 2974 Seruus
777 2946 860 2973 boues
876 2946 1042 2980 vendiderat,
1056 2947 1124 2974 alios

73 2986 239 3019 redemerat,
283 2990 380 3012 numos
411 2984 549 3012 venditori
570 2992 624 3011 non
644 2983 774 3016 soluerat,
801 2982 889 3017 postea
910 2983 1123 3011 conturbauerat.

690 1802 821 1831 Contuoli
840 1803 912 1830 oculi
932 1804 991 1834 sunt
1011 1800 1040 1830 in
1052 1813 1133 1839 angu-

698 1838 798 1871 Auctor
818 1839 915 1867 Festus.
952 1841 981 1867 A
997 1840 1134 1867 contuendo

970 1909 1112 1945 [efficia.
1119 1909 1133 1944 ]

74 3021 122 3048 Sed
131 3029 212 3058 tamen
218 3022 280 3058 suas
293 3029 383 3061 quoque
397 3021 514 3047 rationes
533 3021 584 3056 ipse
603 3020 716 3046 dominus
729 3018 888 3046 conturbare
901 3019 1004 3047 dicitur.
1046 3021 1076 3047 V.
1096 3029 1122 3057 g.
1139 3039 1152 3065 8

75 3057 178 3084 Petron.
192 3061 221 3089 38
246 3057 382 3084 Inclinatis
396 3064 504 3091 qnoque
521 3058 600 3084 rebus
615 3056 682 3088 suis,
707 3065 768 3082 cum
782 3055 905 3088 timeret,
928 3064 962 3082 ne
977 3055 1123 3083 creditores

76 3091 326 3119 illum'conturbare
342 3092 538 3126 existimarent,
557 3092 608 3119 hoc
622 3092 703 3119 titulo
723 3091 875 3118 auctionem
893 3091 1057 3127 proscripsit,
1080 3093 1123 3119 Iu-

73 3128 127 3155 lius
148 3127 275 3154 Proculus
293 3127 543 3155 auctionem-faciet
561 3137 650 3155 rerum
667 3128 897 3162 superuacuarum.
976 3128 1121 3164 Metaphor.

75 3164 105 3190 de
118 3170 205 3200 grana
218 3163 350 3199 referenda
363 3164 420 3190 Cic.
432 3172 481 3198 pro
495 3163 579 3191 Plane.
591 3167 623 3194 68
643 3173 664 3190 c.
680 3169 711 3194 28
740 3165 842 3190 Verum
861 3164 902 3190 fac
917 3172 960 3190 me
973 3164 1064 3191 multis
1079 3164 1122 3190 de-

74 3199 155 3232 bere,
179 3204 206 3226 et
222 3199 251 3226 in
271 3199 304 3226 iis
319 3199 433 3226 Plancio.
486 3200 584 3227 Vtrum
601 3199 685 3235 igitur
705 3206 748 3226 me
767 3199 926 3226 conturbare
945 3206 1068 3235 oportet,
1088 3208 1122 3226 an

74 3235 195 3268 caeteris,
210 3243 292 3269 quum
306 3235 433 3270 cuiusque
446 3234 503 3261 dies
517 3235 636 3268 venerit,
653 3235 704 3262 hoc
722 3242 837 3267 nomen,
856 3233 928 3270 quod
942 3243 1032 3271 vrget,
1051 3245 1122 3263 nunc

537 3272 646 3308 Iocqsum
658 3269 692 3304 efl'
718 3271 775 3298 Cic.
788 3270 821 3297 ad
835 3272 870 3304 Q
885 3272 969 3299 Fratr.
984 3281 1011 3305 2,
1023 3279 1051 3298 [2
1072 3272 1122 3298 Ni-

74 3307 113 3335 hil
128 3308 192 3340 effe,
211 3306 282 3341 quod
296 3305 401 3340 posthac
419 3314 494 3333 arcae
506 3306 608 3334 nostrae
625 3306 723 3333 fiducia
741 3306 920 3334 conturbaret.
992 3308 1124 3343 Metapho-

73 3347 153 3371 ricum
173 3345 247 3369 etiam
259 3341 322 3368 illud
338 3342 406 3369 Petr.
426 3347 488 3373 essi
515 3343 571 3377 Qui
591 3343 730 3378 postquam
748 3341 935 3375 conturbauit,
956 3348 982 3370 et
998 3343 1121 3370 libidinis

73 3380 135 3408 suae
153 3379 239 3406 solum
259 3377 349 3404 vertit.

74 3423 126 3449 ¹²9-
198 3413 314 3441 Martial.
333 3421 366 3446 9,
384 3419 403 3446 4
523 3440 525 3443 ,

230 3448 344 3476 Grandis
364 3449 393 3475 in
413 3445 536 3475 aethereo
555 3445 617 3476 licet
633 3448 723 3476 auffio
741 3446 788 3476 fiat
802 3446 929 3485 olympo,

266 3486 457 3520 Coganturque
474 3483 518 3510 dei
533 3485 647 3511 vendere
659 3485 793 3520 quidquid
805 3485 903 3512 habent
916 3496 923 3512 ε

230 3520 410 3548 Conturbabit
428 3518 510 3546 Atlas.
552 3547 565 3552 ..
623 3523 642 3547 i.
658 3522 755 3548 Caelum
770 3527 864 3552 totum,
884 3528 908 3548 et
920 3522 969 3548 Dii
988 3520 1037 3548 tibi
1054 3521 1121 3548 deco-

73 3562 164 3594 quent,
178 3565 231 3583 cum
243 3567 292 3584 non
303 3556 397 3592 poffint
410 3555 458 3582 tibi
465 3554 604 3591 persoluere
616 3562 734 3592 quantum
752 3556 847 3583 debent.

73 3592 184 3621 turbare
197 3592 252 3619 Cic.
266 3594 338 3620 Fam.
353 3597 376 3624 8,
391 3599 427 3619 12.
498 3593 530 3617 Et
542 3591 608 3617 Rem
622 3591 780 3619 conturbare
798 3592 857 3619 Sall.
873 3592 902 3618 in
912 3593 970 3627 Iug.

110 3635 128 3656 c
136 3633 155 3655 o
164 3635 187 3654 N
196 3633 217 3653 T
225 3635 246 3654 v
253 3635 275 3655 R
283 3630 327 3656 ΒᾹ
334 3635 355 3656 T
365 3636 384 3654 v
395 3636 408 3655 s
415 3647 422 3658 ‚
441 3636 465 3659 a,
481 3636 537 3654 um.
573 3627 667 3654 Panic.
704 3625 959 3663 [διατεταραγμένος]
996 3628 1054 3655 Cic.
1064 3628 1118 3655 Att.

74 3672 96 3698 1,
109 3672 137 3691 12.
162 3661 245 3703 thd
258 3671 390 3698 praeterea
403 3663 435 3690 ad
449 3670 475 3690 te
491 3661 612 3693 scribam,
632 3671 686 3689 non
700 3662 788 3689 habeo
801 3673 807 3689 :
827 3669 854 3690 et
868 3671 912 3691 me
923 3663 1029 3691 hercule
1043 3671 1117 3691 eram

74 3699 268 3727 conturbatior.
310 3713 332 3729 -7
360 3700 462 3727 Tristis
481 3705 506 3726 et
519 3697 693 3725 conturbatus
713 3699 769 3725 Cic.
784 3699 860 3726 Verr.
872 3701 890 3725 6
910 3702 963 3733 (4)
985 3707 1016 3732 52
1040 3707 1062 3727 c.
1078 3707 1118 3735 14.

73 3734 142 3764 Add.
159 3733 395 3770 Sallust.1ugurth.
413 3745 436 3763 c.
452 3740 492 3769 98.
563 3735 638 3761 Curt.
658 3741 693 3769 7,
713 3743 742 3767 2,
761 3743 789 3768 4.

73 3770 226 3834 ἰιῐιῐςυίῃειιῖὶ,
244 3769 376 3832 pepierifii,
388 3769 560 3833 {omui-bati.
615 3770 690 3832 ὀξὶς.-
707 3770 740 3797 de
757 3770 851 3832 Argsp.
873 3771 949 3811 RFsP?
968 3777 1012 3811 25¹·
1028 3770 1118 3798 Ludos

73 3811 258 3870 {5051‘2'221'1535
262 3860 272 3874 ,
289 3814 458 3877 {listi-..222
472 3807 735 3870 {2.¹{¹5?§....¹5.¹‘3³.·..
749 3814 917 3876 381¹2st¹3¹³g¹⁵
935 3813 1118 3841 mq¹¹¹¹¹³⁰¹¹¹²⁹

112 3883 130 3904 c
140 3883 428 3911 on'ranA‘rio,
452 3880 518 3906 anis.
554 3879 574 3905 f.
611 3879 623 3912 [
636 3876 801 3913 διατρέραξις]
852 3875 951 3904 Ennius
974 3876 1042 3913 apud
1060 3876 1116 3905 Cic.

73 3911 186 3941 Tuscul.
224 3922 260 3947 4,
299 3920 334 3946 19
375 3922 430 3949 cap.
443 3925 452 3940 ι
467 3919 482 3946 8
517 3913 758 3943 Conturbationem
771 3931 781 3946 ,
813 3919 915 3940 metum
940 3913 1116 3942 excutientem
1124 3927 1172 3955 ¹05
1182 3925 1256 3950 cem,
1276 3922 1423 3947 caunenta,
1442 3922 1520 3952 atque
1532 3925 1605 3943 arma
1621 3915 1753 3943 conuexit.

216 3953 311 3976 voi..
347 3949 359 3977 1

630 522 684 548 Cic.
700 522 732 547 dc
745 522 819 547 Orat.
833 529 855 553 3,
870 526 912 550 218
931 529 952 546 c.
968 526 995 552 58
1015 529 1043 546 ex
1058 522 1133 545 Poeta
1155 524 1218 557 ¹0l1·
1244 530 1289 554 24,
1310 531 1348 554 23.
1381 526 1425 556 26,
1447 527 1483 551 [6,

22 584 23 594 .
62 567 64 569 ’
91 568 187 594 veteri,
206 563 292 589 Maius
304 559 462 587 miscendum
477 558 512 583 est
526 557 641 590 malum,
662 555 707 592 qui
725 557 799 583 illius
817 556 941 582 acerbum
960 564 1006 582 cor
1024 562 1134 581 contun-

715 877 849 904 Columel.
864 880 897 908 6,
918 886 947 910 2,
962 886 981 910 4
1009 878 1035 903 Si
1056 877 1137 903 nimis
1148 886 1183 904 20
1202 886 1229 911 5,
1249 883 1306 908 208.

1035 1055 1138 1082 Crebro
1155 1066 1186 1092 25
1201 1057 1244 1083 bro
1265 1058 1337 1083 uirili
1355 1059 1496 1093 praelongo.

875 1232 1009 1264 Contusa,
1029 1232 1136 1268 absolute
1153 1250 1185 1275 30

575 1948 656 1974 Plaut.
670 1947 739 1974 Asin.
749 1955 771 1978 2,
783 1956 796 1979 3
805 1965 813 1979 ,
826 1956 855 1979 23
876 1947 909 1974 At
923 1947 1032 1974 hercule
1047 1947 1134 1982 ipsum
1147 1971 1156 1978 ,

725 1982 799 2009 Idem
813 1984 894 2009 Merc.
910 1993 944 2017 4,
964 1991 986 2016 ς,
1006 1989 1030 2015 13
1059 1983 1134 2017 Qud
1144 1973 1175 1997 Ὀ

268 2128 370 2156 Contui
426 2138 454 2155 ro
468 2128 606 2154 Contueri.
642 2127 706 2152 Pom
716 2125 804 2151 ionius
823 2127 922 2152 Maccis
958 2125 1053 2153 eminis
1089 2127 1132 2151 In-
1150 2146 1175 2153 ..

378 2149 386 2161 ’
404 2136 424 2164 P
708 2135 717 2160 ι
940 2136 955 2161 g
1060 2146 1069 2159 ’
1147 2156 1174 2171 ³³
1194 2163 1303 2189 valescit
1316 2164 1377 2189 loco
1391 2163 1524 2189 Columcl.
1538 2170 1571 2195 11,
1583 2172 1606 2195 3.
1634 2166 1652 2189 i.
1667 2164 1866 2199 comprehendit,
1886 2166 1984 2192 radices
1995 2170 2069 2205 figit.

1141 2862 1173 2891 75

419 3378 462 3405 Sic
481 3378 550 3405 Pedo
567 3378 724 3411 conturbat,
743 3377 839 3405 Matho
853 3378 944 3406 deficit
963 3379 1081 3407 quenal.
1094 3387 1122 3415 7,
1139 3396 1176 3424 90
1221 3388 1296 3410 coN
1307 3387 1329 3408 v
1340 3382 1384 3408 As
1394 3388 1429 3413 ο,
1460 3384 1514 3407 are.

918 3557 1047 3584 Fortunas
1060 3566 1121 3584 con·
1154 3578 1168 3606 3

861 3734 931 3762 Ludi
955 3735 1118 3768 deformati,
1125 3750 1173 3774 too

1189 146 1201 162 «ι
1597 119 1884 165 CON

1199 200 1321 264 {ogitaten
1362 202 1488 240 fiabaudi,
1514 210 1679 244 Expcelorat.

1220 248 1263 264 on.
1287 248 1334 271 19.

1197 309 1211 334 b
1235 278 1629 310 coNTvRBA‘Tomoris.
1651 291 1685 307 m.

1213 316 1248 335 ll!-

2159 138 2245 176 1226

1775 213 1999 244 Conturbationes
2018 221 2156 250 oculorum
2175 223 2241 251 Scri-

1310 313 1313 315 >
1356 313 1359 317 ³
1707 282 1844 316 [mimir-nc,
1853 284 1908 310 Cic.
1917 284 1969 311 Att.
1978 293 2004 319 7,
2014 290 2044 321 L]
2081 292 2130 316 (mi
2142 302 2240 320 contur-

1287 311 1419 346 Sigmficat
1432 320 1514 348 nempe
1528 315 1712 343 Decoetorcm.
1756 319 1871 345 Martial.
1886 326 1911 354 7,
1927 322 1957 346 26
1978 317 2156 353 Conturbgtor
2170 338 2241 362 aper,

1157 349 1171 376 ς
1198 354 1225 370 ιη
1243 354 1312 371 ciuus
1331 347 1484 373 condimenta
1504 356 1600 376 tantum
1620 353 1804 386 impendendum
1819 354 1868 388 est,
1893 363 1921 381 vt
1937 363 2069 391 propterca
2087 364 2240 390 conturban-

1198 379 1278 413 dum,
1299 384 1317 407 i.
1333 382 1562 418 decoquendzmistt.

1200 416 1333 443 macellus.

1237 458 1254 477 c
1267 458 1555 494 oNTVRMApls,
1576 464 1599 496 e..
1636 455 1696 483 Adi.
1734 459 1845 485 Eiusdem
1872 460 1978 488 Tur-mac
1998 464 2143 490 Commilsto.
2179 468 2241 501 Opi.

1199 486 1311 512 tulatum
1326 488 1536 516 conturmalibus
1556 491 1609 517 suis
1628 500 1723 518 venere
1745 495 1876 522 Ammian.
1893 499 1930 529 16,
1944 506 1980 524 [2.
2028 498 2097 526 Adit.
2115 500 2188 526 Idem
2205 511 2243 537 17,

1625 388 1744 418 ,Eiusdem
1763 394 1862 425 generis
1880 389 1913 424 ²st
1934 399 1979 424 ιο,
2000 400 2030 425 95
2062 394 2241 426 Conturbator

1235 564 1252 584 C
1262 564 1281 583 O
1294 564 1315 583 N
1326 566 1347 584 T
1357 566 1376 584 V
1386 566 1404 584 R
1415 566 1489 600 M-O,
1511 564 1563 586 Ere.
1601 562 1619 587 i.
1635 562 1760 601 Congrrgo
1779 567 1805 589 in
1821 572 1916 592 turmas
1936 572 2029 603 equites
2042 570 2171 607 di'speofizs.
2215 573 2242 599 V.

1197 593 1414 654 fiiigsslmigqliezs
1435 604 1462 621 in
1484 597 1540 629 ipso
1562 597 1657 631 praelii
1677 599 1789 625 articulo
1809 601 1834 626 se
1856 602 1964 629 sortiter
1984 602 2162 634 comui-maret
2183 608 2243 634 Am-

1274 648 1278 653 .
1347 648 1355 660 ,
1414 649 1419 654 .

1236 669 1253 690 C
1266 670 1415 696 ONTVS‚
1436 665 1453 690 i.
1492 675 1527 693 m.
1564 665 1683 702 [κόν-τος]
1716 669 1790 696 Sudes
1810 669 1852 703 est,
1866 671 1919 705 siue
1932 672 2002 706 hasta
2020 676 2127 710 longior,
2146 677 2243 705 durior-

1913 709 1995 734 l'ert'c
2045 711 2057 736 Γ
2101 713 2119 727 “·
2182 714 2187 721 '

1200 737 1259 762 Vct.
1273 735 1352 762 Gloss.
1448 736 1529 762 Duris
1543 740 1626 764 contis
1641 739 1780 766 detrudere
1798 740 1886 773 hostem
1904 754 1918 768 ιι
1932 714 2246 782 mni-1?'VsiliiiiliijAneoiii‘Zg

1201 779 1253 805 510.
1308 771 1409 811 Lucan:
1423 772 1450 803 6,
1464 779 1512 806 174
1535 772 1612 798 Nunc
1627 773 1706 806 sude,
1726 784 1793 801 nunc
1813 777 1880 803 duro
1895 781 2024 806 contraria
2039 767 2146 815 pecbtora
2164 770 2244 812 conto

1202 806 1327 833 Detrudit
1341 815 1432 833 muris.
1523 808 1640 834 Praefixa
1655 812 1738 837 contis
1755 812 1840 846 capita
1856 813 1954 847 gestans
1967 816 2035 842 Tac.
2054 819 2120 844 Hist.
2137 828 2154 848 ι,
2168 829 2204 853 ⁴4
2225 829 2243 846 ¹.

1201 842 1270 870 Add.
1285 844 1352 869 Ann.
1368 851 1408 875 ι4,
1421 851 1444 878 ς,
1455 849 1476 876 5.
1503 850 1526 869 et
1539 845 1565 875 6,
1578 851 1615 876 33,
1630 851 1651 869 Ξ·
1748 848 1829 874 Acuta
1848 849 1953 883 cuspide
1970 852 2042 878 conti
2065 854 2162 880 Vircil.
2180 839 2244 883 Agri.

1558 887 1584 918 '2
1621 879 1721 905 Comus
1741 889 1872 909 nautarum
1891 895 1981 921 quoque
2000 887 2046 919 est,
2066 876 2245 922 quonvtuntur

1202 914 1235 940 ad
1251 913 1412 948 exploranda
1426 913 1483 940 loca
1502 913 1615 940 nauibus
1636 921 1801 949 opportuna,
1822 926 1849 943 ot
1868 928 1906 945 ait
1921 921 2037 948 Donatus
2057 927 2088 949 ad
2103 926 2235 953 'scial-lec

1204 957 1224 982 1,
1238 957 1262 981 2,
1277 959 1301 976 2.
1323 986 1327 990 .
1359 951 1399 976 Sic
1415 950 1508 976 Ratem
1524 958 1615 984 regere
1628 950 1708 985 longo
1723 957 1802 977 conto
1816 953 1872 979 Seu.
1887 955 1914 980 in
1928 957 2006 983 Herc.
2022 959 2073 984 sur.
2087 963 2145 994 768.
2195 947 2245 989 Ra:

1202 991 1256 1011 tem
1273 985 1393 1019 subigere
1408 992 1487 1012 conto
1507 987 1580 1020 virg.
1594 987 1658 1012 Aen.
1675 989 1701 1019 6,
1713 993 1770 1019 302.
1868 989 1960 1016 Contis
1978 994 2109 1028 remisque
2125 997 2246 1030 superare

1203 1020 1342 1047 aduersum
1356 1029 1460 1047 amnem
1474 1020 1539 1048 Plin.
1554 1022 1599 1056 Ep.
1615 1027 1639 1054 8,
1652 1027 1673 1052 8.
1922 1034 1934 1056 3
1971 1028 2087 1061 Comus,
2105 1038 2154 1065 pro
2174 1043 2245 1059 mem.

1554 1057 1656 1084 Αιιᾶοῑ
1672 1055 1796 1084 carminis
1811 1057 1932 1091 obsceni,
1958 1061 2101 1090 Traiectus
2121 1074 2199 1094 conto
2213 1069 2247 1095 fic

1203 1091 1346 1118 extendere
1359 1092 1460 1126 pedali,
1497 1094 1531 1119 Vt
1547 1093 1636 1119 culum
1651 1102 1728 1128 rugas
1740 1102 1794 1120 non
1809 1094 1925 1122 habuisse
1933 1102 2015 1130 putes.

1240 1134 1257 1154 C
1268 1134 1318 1168 0·N
1329 1134 1350 1153 T
1360 1135 1441 1168 ATJ'
1452 1136 1465 1155 s
1475 1136 1580 1168 ,ιιι-ωιτη
1600 1137 1726 1161 armatus,
1748 1136 1776 1155 vt
1791 1130 1922 1157 Hastatus.
1960 1132 2051 1167 Veget.
2065 1141 2094 1166 3,
2109 1137 2125 1160 6
2150 1138 2246 1165 Vtrum

1202 1170 1314 1190 contatis
1328 1171 1360 1189 an
1373 1164 1514 1198 sagittarus
1527 1165 1641 1199 amplius
1654 1166 1766 1192 valeant.

1245 1206 1262 1226 c
1276 1206 1295 1226 o
1309 1206 1479 1232 NTvs¹o,
1508 1206 1738 1234 cowrvsvs,
1777 1200 1830 1227 vid.
1858 1206 2102 1230 CONTVNDO.

1237 1241 1254 1262 C
1264 1241 1282 1262 O
1297 1242 1319 1262 N
1329 1242 1350 1275 'Is
1360 1236 1380 1262 57
1389 1243 1410 1262 T
1419 1244 1438 1262 υ
1448 1243 1465 1261 R
1475 1254 1481 1266 ‚
1502 1236 1567 1262 oris.
1603 1245 1638 1262 m.
1677 1236 1876 1271 [συνεπίτροπος]
1913 1239 1965 1273 ‚Qui
1986 1236 2019 1271 est
2036 1249 2089 1265 cum
2109 1242 2159 1268 alio
2171 1241 2250 1271 tutor.

1200 1271 1319 1297 lulianus
1338 1280 1368 1297 in
1385 1270 1402 1297 l.
1424 1272 1461 1298 Ex
1477 1271 1549 1298 facio
1576 1272 1606 1297 D.
1625 1272 1657 1298 de
1671 1273 1738 1307 Neg.
1756 1273 1817 1306 gest.
1840 1273 1960 1300 Valerius
1981 1276 2093 1307 seuerus
2113 1279 2248 1312 respondit

1198 1306 1323 1378 zdufrsus
1344 1314 1512 1334 contutorem
1533 1308 1706 1342 negotiorum
1724 1309 1856 1343 gestorum
1875 1308 2008 1336 ac'tionem
2027 1312 2112 1338 tutori
2127 1313 2248 1342 dandam.

1219 1350 1230 1368 t
1260 1350 1351 1378 aepms.

1236 1385 1252 1404 C
1263 1385 1282 1404 o
1297 1385 1318 1404 N
1329 1385 1350 1405 T
1360 1384 1441 1405 VTO
1452 1385 1487 1410 R,
1507 1385 1563 1405 atus
1581 1376 1654 1410 sum,
1675 1379 1723 1405 ari.
1761 1377 1838 1413 Vulg.
1862 1388 1875 1405 2
1888 1380 2003 1407 Maccab.
2019 1390 2038 1414 1,
2055 1391 2090 1415 19.

1236 1419 1253 1439 C
1263 1420 1282 1439 O
1293 1420 1315 1439 N
1327 1421 1347 1440 V
1356 1414 1376 1440 Ᾱ
1389 1421 1407 1440 D
1420 1421 1439 1440 0
1449 1421 1466 1440 R
1476 1434 1483 1445 ,
1507 1415 1556 1440 Eri.
1593 1414 1741 1448 [κλητεύω]
1779 1415 1861 1447 Idem,
1881 1415 1946 1451 quod
1954 1416 2060 1452 simplex
2069 1439 2076 1450 ,
2095 1422 2113 1445 ι’.
2132 1421 2248 1449 Vadimo-

1200 1451 1242 1474 nio
1261 1448 1429 1485 olgllringerc,
1456 1458 1480 1475 et
1496 1451 1602 1485 metaph.
1619 1451 1761 1482 condicere,
1787 1450 1934 1482 constituere
1948 1462 2002 1478 cum
2020 1456 2110 1489 aliquo.
2166 1459 2248 1485 Plant.

1200 1484 1278 1510 eure.
1295 1493 1314 1517 i,
1328 1493 1350 1516 3,
1364 1492 1385 1524 5u
1403 1485 1456 1510 Vbi
1471 1491 1498 1511 tu
1514 1494 1555 1518 es,
1574 1485 1621 1520 qui
1635 1495 1677 1511 mc
1691 1485 1851 1512 conuadatus
1866 1495 1892 1512 es
1906 1488 2027 1514 Veneriis
2049 1491 2228 1520 vadimoniis}

1237 1525 1254 1546 C
1269 1525 1288 1546 ο
1300 1527 1322 1546 Ν
1332 1527 1352 1546 v
1363 1527 1384 1546 A
1396 1527 1411 1545 L
1422 1527 1439 1546 E
1449 1528 1467 1547 0
1478 1539 1486 1552 ,
1513 1520 1567 1554 stne
1582 1524 1670 1556 potius
1692 1529 1708 1548 c
1717 1528 1736 1547 o
1747 1528 1767 1547 N
1779 1528 1799 1547 v
1808 1527 1830 1547 A
1839 1527 1855 1547 1.
1865 1529 1881 1548 E
1892 1529 1904 1549 s
1913 1529 1929 1549 c
1939 1530 1958 1549 o
1967 1541 1974 1553 ,
2006 1524 2096 1558 valui,
2126 1528 2237 1555 vamum

1200 1555 1254 1582 ere.
1291 1556 1303 1589 [
1317 1554 1422 1591 ὑγιοίζω,
1447 1555 1524 1596 ῥῗείζω
1536 1558 1549 1590 ]
1605 1557 1774 1582 Valetudinem
1791 1560 1914 1592 recipere,
1941 1561 2009 1585 vires
2028 1562 2147 1597 immisti.
2194 1548 2249 1592 Cicf

1484 1629 1488 1632 ι
1624 1629 1629 1632 ¹
1655 1628 1660 1633 ι
1750 1629 1760 1634 ἡ
2194 1601 2250 1628 Cic.

1198 1626 1231 1653 de
1244 1628 1309 1654 Fato
1323 1632 1354 1657 28
1375 1636 1439 1654 c.12
1464 1628 1491 1654 St
1504 1628 1590 1654 fatum
1611 1628 1662 1654 tibi
1682 1628 1718 1653 est
1741 1629 1777 1654 hx
1796 1628 1845 1654 hoc
1865 1629 1961 1656 morbo
1980 1633 2163 1661 conualescere
2196 1637 2249 1663 fiue

1197 1667 1226 1689 tu
1241 1664 1374 1690 medicum
1389 1663 1563 1696 adhibueris,
1582 1664 1636 1690 siue
1655 1673 1709 1690 non
1729 1663 1900 1697 adhibueris,
1922 1667 2094 1695 conualesces.
2163 1655 2250 1700 Manis

1196 1699 1282 1726 indies
1303 1699 1502 1732 conualescere,
1520 1700 1549 1725 de·
1563 1701 1648 1735 opibus
1661 1699 1793 1726 candidati
1810 1703 1837 1726 in
1851 1702 1952 1736 Repuhl.
1974 1703 2029 1729 Cic.
2045 1713 2096 1738 pro
2107 1694 2249 1735 Milon}-

1197 1742 1218 1761 c.
1233 1742 1258 1768 9.
1331 1735 1405 1761 Idem
1424 1743 1473 1770 pro
1488 1736 1552 1761 Snll.
1567 1738 1603 1770 76
1621 1745 1642 1761 c.
1657 1743 1692 1770 27
1717 1736 1753 1761 Ex
1768 1737 1868 1771 magnis
1888 1742 1913 1763 et
1927 1738 2075 1774 diuturnis,
2095 1743 2185 1770 etiam
2205 1728 2248 1772 dez

1169 1771 1305 1812 5speratis
1326 1771 1450 1807 Reipubl.
1470 1771 1572 1798 morbis
1596 1771 1643 1798 ista
1660 1778 1767 1806 repente
1786 1782 1826 1798 Vis
1846 1774 1952 1808 erupit:
1984 1780 2013 1801 vt
2032 1785 2061 1803 ea
2081 1779 2201 1807 confecta
2222 1787 2249 1808 et

1198 1806 1283 1833 ciceia
1297 1807 1496 1839 conualescere,
1517 1813 1543 1834 et
1557 1808 1643 1834 sanari
1657 1807 1803 1843 aliquando
1817 1809 2006 1845 ciustaapossit.
2079 1813 2121 1840 Ne
2136 1816 2177 1842 rei
2190 1826 2248 1843 cru.

1200 1841 1292 1883 delita‘s
1311 1843 1464 1877 experreeia
1477 1844 1505 1869 in
1520 1852 1578 1876 me,
1597 1843 1625 1869 in
1645 1844 1693 1869 vos
1713 1845 1875 1871 conualescat
1894 1846 2073 1874 Pseudo-Cic.
2087 1856 2173 1886 anteq.
2193 1852 2248 1880 iret

1198 1887 1227 1904 [η
1242 1878 1305 1904 exil.
1321 1888 1359 1913 ¹4·
1433 1880 1512 1905 Fama
1526 1880 1664 1906 conualuit
1682 1880 1756 1906 Curt.
1769 1888 1796 1912 9,
1811 1882 1836 1912 6,
1851 1887 1870 1906 1.
1927 1882 2057 1915 Qiintffil.
2073 1892 2096 1918 ς,
2109 1892 2133 1918 13
2161 1895 2185 1919 13
2212 1890 2247 1916 At

1196 1914 1214 1940 fi
1228 1914 1327 1949 singula
1341 1923 1461 1949 quaeque
1473 1915 1637 1947 dill'olueris,
1658 1915 1712 1941 iam
1725 1915 1770 1941 illa
1786 1916 1916 1948 Flamma,
1930 1927 1997 1952 quae
2011 1928 2104 1954 magna
2121 1907 2248 1958 cbngerie

1196 1950 1386 1983 conualuerat,
1400 1951 1521 1990 *diductis
1536 1952 1634 1986 quibus
1648 1951 1783 1982 alebatur,
1804 1952 1934 1979 concidet.
2003 1956 2074 1989 Ignis
2094 1961 2230 1987 conualuit

1195 1989 1214 2012 i.
1229 1990 1297 2026 vires
1310 1985 1420 2026 fzffumjit
1432 1987 1515 2013 Ouid.
1530 1988 1594 2013 Met.
1613 1992 1636 2019 8,
1652 1993 1716 2022 477.
1775 1988 1957 2015 Pseudo-Cic.
1975 1997 2065 2026 anteq.
2077 1993 2128 2019 iret
2141 1994 2169 2020 in
2184 1981 2248 2023 exil’.

1197 2024 1226 2061 16
1247 2022 1319 2048 Mihi
1337 2023 1438 2049 credite
1456 2022 1509 2049 hoc
1528 2023 1556 2049 in
1579 2032 1632 2049 vno
1652 2023 1856 2050 Incommodum
1877 2025 2078 2059 confirmatum,
2099 2030 2248 2059 multorum

1195 2057 1346 2084 infirmabit
1359 2058 1572 2085 incolumitatem
1585 2067 1591 2084 e
1617 2064 1643 2085 et
1656 2058 1673 2085 si
1688 2059 1768 2085 initio
1783 2068 1836 2085 non
1851 2061 1902 2086 erit
1915 2061 2070 2094 refutatum,
2088 2064 2197 2099 impune
2215 2068 2247 2094 ad

1195 2094 1318 2120 omnium
1333 2094 1479 2128 perniciem
1492 2094 1665 2121 conualescet.
1729 2095 1801 2119 Mala
1814 2095 1974 2121 conuaiuere
1985 2105 2033 2130 per
2047 2098 2137 2133 longas
2150 2111 2237 2130 moras

1194 2130 1212 2153 i.
1222 2129 1369 2162 confirmata
1389 2136 1434 2154 unt
1449 2130 1615 2155 Ouid-Rem.
1624 2129 1764 2161 Amor.92.
1833 2130 1928 2156 Atrum
1942 2131 2000 2157 olus
2013 2142 2173 2171 quocunque
2185 2121 2248 2166 cons,

2125 2174 2166 2199 Sic
2179 2174 2246 2204 Non

2059 2206 2135 2234 Mens
2149 2218 2246 2238 conua-

1192 2198 1353 2225 conualescit
1367 2198 1468 2233 planta,
1488 2207 1556 2234 quae
1569 2200 1645 2232 saepe
1660 2200 1818 2225 transfertur
1834 2201 1892 2226 sen.
1904 2202 1949 2236 Ep.
1963 2211 1988 2228 2.

1607 2234 1668 2259 Liu.
1684 2242 1710 2266 1,
1732 2243 1761 2268 14
1786 2235 1924 2262 Fidenates
1941 2238 2022 2264 nimis
2042 2241 2143 2270 vicinas
2160 2254 2245 2282 prope

1192 2233 1244 2260 luit
1258 2233 1339 2261 Ouid.
1354 2234 1432 2268 Epist.
1446 2242 1482 2267 1³⁴,
1496 2242 1536 2268 73.

1193 2269 1374 2295 conualescere
1383 2270 1456 2302 Opes
1467 2269 1534 2301 rati,
1552 2269 1625 2303 prius
1640 2278 1720 2304 quam
1733 2275 1834 2297 tantuin
1848 2272 1954 2299 roboris
1967 2275 2042 2308 esset,
2062 2286 2189 2312 quantum
2204 2285 2233 2311 fu

1191 2310 1282 2330 turum
1299 2304 1459 2344 apparebat,
1479 2310 1609 2339 occupant
1625 2305 1724 2331 bellum
1739 2306 1835 2333 facere.
1907 2309 2039 2337 Columel.
2056 2322 2078 2345 3,
2090 2322 2107 2349 7
2129 2317 2181 2344 Cui
2197 2301 2245 2346 no-

1191 2339 1259 2365 strae
1272 2339 1414 2366 sententiae
1429 2340 1484 2366 scio
1497 2350 1579 2375 paene
1593 2341 1715 2368 omnium
1731 2343 1908 2376 agricolarum
1924 2345 2055 2374 diuersam
2069 2351 2117 2377 ess'e
2130 2353 2154 2378 O
2173 2337 2246 2382 inio=

1190 2382 1268 2414 nem,
1278 2384 1349 2415 ’quae
1364 2375 1396 2401 de
1411 2376 1523 2403 amineis
1537 2377 1684 2404 inueterata
1697 2378 1778 2413 longo
1790 2379 1844 2406 iam
1857 2385 1977 2415 tempore
1990 2385 2126 2413 conualuit
2155 2363 2244 2418 PMar-

1191 2418 1259 2437 cian.
1275 2410 1334 2437 ml.
1351 2411 1419 2453 sicut¹
1441 2411 1464 2449 ᾗ.
1480 2413 1653 2440 Venditionis
1679 2414 1710 2440 D.
1727 2414 1831 2448 Qubus
1851 2418 1937 2444 modis
1957 2419 2051 2453 pignus
2072 2423 2116 2449 vel
2129 2408 2164 2457 hy
2184 2409 2243 2455 oth¹

1190 2446 1238 2473 sol.
1260 2447 1342 2480 Quod
1361 2453 1399 2474 ita
1412 2448 1607 2483 intelligemus,
1626 2456 1655 2476 vt
1671 2456 1697 2476 et
1711 2449 1729 2476 fi
1742 2450 1858 2485 legatum
1876 2453 2045 2487 repudiatum
2059 2458 2143 2486 suerit
2165 2435 2242 2490 Peon·

1189 2482 1301 2523 valescat
1314 2484 1427 2524 Pignus,
1448 2488 1465 2511 i.
1481 2488 1532 2511 vim
1546 2491 1569 2512 et
1581 2488 1620 2512 ius
1626 2486 1701 2521 suum
1713 2490 1830 2522 acctpiat.
1901 2490 1993 2516 sensus
2006 2493 2061 2519 mei
2081 2479 2242 2526 conualuere-

1190 2517 1272 2545 Ouid.
1285 2519 1373 2545 Trist.
1395 2528 1422 2553 1,
1440 2529 1471 2554 3,
1492 2528 1531 2555 14.
1603 2521 1794 2549 Conualescere
1812 2523 2007 2560 particulatim,
2033 2529 2085 2556 vid.
2101 2538 2173 2560 PAR
2183 2542 2241 2563 Tl-

1187 2561 1204 2581 C
1215 2561 1236 2581 v
1245 2562 1262 2581 1.
1272 2563 1294 2582 A
1304 2562 1325 2582 Τ
1334 2562 1345 2582 1
1352 2562 1377 2581 M
1387 2573 1392 2581 .

1224 2597 1269 2631 (3¹0
1279 2599 1300 2617 N
1310 2597 1331 2617 V
1340 2598 1362 2631 A
1370 2599 1387 2618 L
1395 2598 1413 2619 E
1422 2599 1434 2619 s
1443 2596 1460 2618 C
1469 2597 1486 2619 Β
1496 2597 1518 2618 Ν
1530 2598 1543 2619 s
1551 2610 1559 2625 ,
1579 2591 1656 2620 entis.
1691 2591 1785 2621 Partic.
1821 2595 2041 2625 Conualescentes
2058 2606 2083 2628 et
2096 2611 2111 2629 a
2124 2600 2187 2631 solis
2199 2613 2240 2634 ara

1188 2623 1300 2653 dotibus
1313 2627 1379 2653 Plin.
1393 2635 1434 2660 23,
1450 2634 1459 2654 1
1486 2628 1613 2664 circafin.
1687 2630 1778 2664 Ignem
1799 2631 1882 2657 modo
1901 2634 2127 2666 conualescentem
2147 2642 2240 2669 restin..

1155 2685 1172 2700 Λ
1188 2671 1269 2697 guere
1284 2664 1351 2690 Petr.
1370 2672 1391 2689 c.
1407 2665 1459 2696 136.
1495 2663 1565 2690 Add.
1578 2663 1655 2700 Vulg.
1670 2666 1726 2700 Sap.
1741 2675 1780 2700 14,
1797 2669 1834 2693 16.

1224 2705 1270 2726 co
1282 2705 1302 2724 N
1317 2704 1623 2740 VALFZSCENTIA,
1647 2710 1686 2728 ae.
1723 2702 1743 2728 f.
1781 2702 1927 2735 symmach.
1941 2704 2019 2740 Epist.
2034 2712 2056 2739 3,
2071 2714 2102 2735 11.

1226 2741 1243 2761 c
1253 2740 1272 2760 0
1283 2741 1306 2761 N
1315 2740 1336 2761 V
1344 2741 1366 2761 A
1378 2739 1395 2760 L
1407 2743 1417 2761 1
1428 2742 1446 2762 D
1455 2742 1474 2762 Ο
1483 2755 1492 2769 ,
1520 2740 1573 2763 are.
1610 2739 1765 2773 [ςερεοποιῶ]
1802 2739 1939 2767 Consolid.
1954 2741 2032 2768 Gloss'.
2049 2744 2094 2770 Gr.
2108 2745 2164 2776 Lat,

1206 2807 1210 2812 ¹
1227 2776 1245 2797 C
1255 2776 1274 2796 O
1286 2777 1309 2796 N
1321 2776 1342 2796 V
1353 2777 1399 2798 AL
1409 2778 1424 2797 L
1434 2778 1443 2797 1
1454 2778 1466 2798 S
1475 2791 1484 2804 ,
1500 2773 1535 2799 js,
1571 2772 1591 2799 f.
1628 2772 1795 2808 [συνάγκειαι]
1833 2777 1956 2801 Planities
1967 2785 1996 2803 ex
2008 2782 2074 2805 omni
2081 2787 2158 2814 parte
2169 2791 2236 2811 mon-

1187 2805 1254 2832 nbus
1272 2806 1419 2847 colltbiasque
1436 2808 1614 2848 comprehenfiz.
1676 2809 1736 2836 Liu.
1751 2818 1776 2843 1,
1790 2815 1818 2842 38
1844 2812 1876 2837 Et
1895 2811 1987 2838 infima
2000 2813 2073 2840 vrbis
2089 2816 2147 2843 loca
2167 2819 2235 2847 circa

1188 2842 1295 2875 forum,
1314 2842 1433 2878 aliasque
1447 2844 1598 2871 interiectas
1617 2845 1731 2873 collibus
1750 2846 1891 2872 conualles.

1188 2877 1303 2904 duorum
1317 2880 1452 2905 montium
1463 2880 1537 2907 Idem
1551 2889 1560 2906 1
1569 2901 1578 2913 ‚
1592 2889 1626 2907 12.

1186 2913 1303 2940 vallibus
1317 2915 1375 2941 Cic.
1390 2914 1422 2941 de
1437 2916 1507 2951 Lege
1519 2917 1611 2951 Agrar.
1619 2925 1645 2949 2,
1659 2924 1699 2950 95.

1186 2949 1284 2991 Virgil.
1300 2951 1398 2986 Georg.
1409 2959 1441 2984 2,
1463 2955 1514 2983 186.
1587 2953 1709 2987 Depretl'a
1728 2952 1801 2978 Idem
1825 2954 1922 2988 Georg.
1935 2963 1965 2988 3,
1983 2959 2044 2990 276.
2116 2960 2234 2991 Obscura

1186 2984 1262 3021 Virg.
1278 2987 1342 3014 Aen.
1356 2990 1382 3019 6,
1396 2995 1448 3021 139.
1519 2988 1614 3015 Virens
1626 2988 1700 3014 Idem
1715 2989 1779 3014 Aen.
1794 2991 1825 3021 6,
1840 2991 1901 3024 679.

1225 3029 1241 3049 c
1253 3029 1273 3049 o
1283 3029 1304 3048 N
1314 3030 1336 3049 V
1345 3030 1366 3050 A
1378 3030 1395 3049 L
1406 3030 1423 3050 1.
1432 3030 1467 3056 0,
1492 3028 1545 3051 ire.
1587 3024 1669 3050 Vallis
1685 3023 1792 3059 undique
1806 3029 1908 3051 munire.
1963 3025 2083 3055 Tertull.
2109 3030 2142 3058 de
2172 3031 2222 3062 Iud

1187 3057 1266 3085 Dom.
1279 3060 1296 3084 6
1329 3058 1361 3085 de
1374 3060 1497 3094 Angelis,
1513 3058 1724 3094 Conuallantque
1738 3059 1822 3086 Deum
1837 3068 1898 3087 cnm
1911 3061 2044 3089 maiestate
2058 3066 2177 3100 superna.
2224 3054 2232 3062 ὁ

1222 3102 1238 3121 c
1248 3102 1266 3122 o
1275 3101 1298 3121 N
1306 3102 1328 3121 v
1337 3102 1357 3121 A
1366 3102 1383 3122 L
1391 3102 1407 3122 1.
1418 3097 1441 3122 et
1450 3102 1471 3121 T
1480 3103 1501 3122 v
1510 3104 1523 3123 s
1531 3115 1539 3128 ,
1559 3104 1573 3121 a
1582 3116 1590 3128 ,
1611 3104 1666 3121 um.
1703 3096 1796 3122 Partic.
1835 3096 1902 3124 Gell.
1920 3105 1960 3129 12,
1975 3106 1985 3124 1
1993 3107 2005 3130 3
2033 3100 2134 3130 Oceani
2151 3105 2232 3134 vada.

1184 3138 1246 3156 rum
1258 3130 1361 3158 ambitu
1374 3138 1460 3158 terrae
1474 3140 1565 3158 omnes
1580 3129 1751 3157 conuallatae.

1220 3173 1237 3194 c
1245 3174 1265 3194 ο
1273 3174 1324 3194 Νν
1333 3174 1355 3194 Α
1364 3174 1380 3193 L
1390 3174 1406 3195 L
1414 3174 1436 3194 A
1446 3173 1467 3193 T
1476 3174 1484 3192 1
1493 3174 1528 3200 o,
1546 3167 1614 3193 onis.
1651 3167 1671 3193 f.
1706 3165 1826 3194 Tertull.
1838 3165 1897 3194 adu.
1911 3168 1968 3196 Iud.
1985 3177 2038 3206 cap.
2053 3177 2075 3202 8.

1219 3208 1237 3228 c
1246 3209 1355 3230 ONVA
1365 3209 1403 3230 Ri
1414 3210 1433 3230 ο
1442 3221 1450 3236 ,
1475 3206 1527 3229 ire.
1569 3203 1725 3229 Vehementer
1744 3209 1767 3229 et
1779 3209 1857 3229 totum
1871 3207 1980 3232 variare.
2017 3204 2095 3242 Apul.
2110 3210 2186 3246 Apol.
2203 3222 2220 3247 p

1184 3240 1243 3272 306,
1257 3247 1289 3274 14
1311 3239 1428 3266 Pectoris
1445 3238 1516 3265 enim
1535 3238 1684 3272 primorem
1703 3238 1786 3265 cutim
1805 3237 1941 3274 vitiligine
1957 3242 2080 3278 insignit,
2100 3252 2126 3272 et
2144 3234 2229 3274 omni·-

1181 3274 1271 3336 :Egdis
1286 3274 1508 3302 maculationibus
1523 3275 1668 3301 conum-iat.
1738 3273 1830 3301 Aurel.
1841 3275 1927 3303 Tard.
1943 3283 1971 3312 1,
1987 3286 2006 3305 1.
2049 3280 2122 3317 Conf.
2140 3284 2229 3310 Barth.

1226 3321 1249 3337 u.
1265 3318 1296 3342 38
1303 3330 1312 3344 ,
1327 3320 1351 3343 3.

1219 3349 1528 3378 CONVARIATIO,
1551 3343 1620 3371 onis.
1656 3343 1676 3370 f.
1712 3343 1820 3380 August.
1852 3340 1857 3346 ’

1563 3378 1779 3415 [συσκευάζομαι]
1834 3380 1969 3419 Significat
1984 3384 2083 3421 fin-tim
2105 3386 2226 3423 colligere.

1961 2849 1991 2874 In
2011 2850 2098 2877 media
2115 2855 2236 2883 conualle

1723 2882 1808 2907 Roma
1828 2882 1857 2908 in
1872 2883 2007 2910 montibus
2026 2886 2108 2919 posita
2127 2895 2152 2915 et
2173 2899 2235 2918 con-

1753 2917 1873 2951 Abrupta
1891 2918 1988 2945 Lucan.
2005 2927 2031 2954 7,
2047 2930 2103 2957 174·
2161 2927 2234 2955 Caua

1185 3415 1340 3459 Figuratum
1353 3425 1368 3443 a
1380 3415 1536 3450 colligendis
1548 3415 1613 3442 valis
1619 3434 1628 3449 ,
1646 3422 1676 3456 ot
1692 3419 1731 3443 ait
1743 3415 1862 3445 Donatus
1873 3421 1908 3445 ad
1920 3420 1987 3447 Ter.
2001 3421 2104 3447 Phorm.
2120 3430 2145 3454 1,
2157 3432 2186 3456 4,
2202 3431 2226 3455 13

1184 3451 1296 3489 Aliquid
1314 3451 1503 3484 connasassem,
1529 3458 1607 3487 atque
1629 3451 1691 3478 hmc
1714 3460 1758 3479 me
1780 3455 1941 3482 coniicerem
1958 3457 2076 3491 protinus
2093 3457 2122 3482 in
2140 3457 2226 3492 pedes.

1181 3488 1292 3552 ἔὲηιὶίιις
1306 3498 1332 3521 2,
1348 3490 1397 3521 146
1422 3488 1572 3514 Conuasare
1579 3505 1589 3520 ,
1609 3486 1709 3515 dicitur
1728 3489 1833 3517 Furtim
1852 3491 1944 3518 omnia
1963 3490 2095 3526 colligere.
2150 3493 2225 3530 Conf.

1198 3533 1208 3551 1
1228 3545 1235 3551 .
1288 3544 1294 3551 .
1309 3533 1319 3550 1
1374 3541 1381 3550 ι

1220 3566 1238 3588 c
1251 3535 1306 3588 OpN
1316 3531 1388 3586 ὗέε
1397 3565 1478 3586 A'rv
1487 3565 1516 3590 s,
1539 3566 1570 3592 a,
1587 3567 1641 3586 um.
1677 3557 1772 3587 Partic.
1810 3560 1862 3588 Sid.
1877 3563 1922 3596 Ep.
1937 3569 1964 3597 7,
1977 3571 1998 3587 ε.

1222 3602 1239 3623 c
1250 3599 1473 3624 ONVASTAT
1484 3601 1538 3626 10,
1581 3596 1650 3622 onis.
1685 3595 1706 3622 f.
1744 3597 1852 3632 August.

1220 3637 1238 3659 c
1249 3635 1436 3659 ONVECTO
1450 3647 1459 3661 ,
1503 3634 1570 3661 are3
1614 3638 1638 3658 et
1666 3637 1911 3660 convec‘ron
1924 3650 1934 3665 ,
1964 3631 2026 3658 oris.
2067 3631 2221 3667 Vidstaeim

1181 3670 1389 3696 convrno.

1218 3707 1486 3734 coumzoero,
1515 3704 1568 3733 are.
1604 3701 1742 3737 Augustin.
2169 3724 2175 3737 ,

1217 3735 1426 3769 εοΝνῙέΗο,
1452 3736 1528 3769 vexi,
1555 3737 1676 3769 vectum,
1703 3742 1756 3766 ere.
1793 3735 1934 3772 [συνοχὲω]
1976 3737 2134 3772 Compertare
2155 3739 2222 3765 vehi-

1180 3776 1252 3802 culis.
1293 3774 1342 3806 Vt,
1362 3772 1520 3799 Conuchere
1537 3781 1579 3799 aes
1593 3774 1713 3808 plaustris
1730 3773 1763 3801 ad
1774 3773 1905 3800 aerarium
1924 3772 1984 3799 Liu.
1997 3782 2030 3806 4,
2044 3776 2088 3799 60.
2160 3775 2223 3800 Fru-

1181 3816 1300 3837 mentum
1314 3817 1346 3834 ex
1360 3807 1482 3835 finitimis
1501 3809 1657 3844 regionibus
1676 3810 1703 3836 in
1717 3808 1809 3836 orbem
1825 3814 2000 3834 conuexerant
2021 3809 2094 3835 Caes.
2109 3809 2172 3836 Bell.
2191 3809 2221 3834 C.

1183 3855 1208 3878 1,
1225 3854 1267 3879 34.
1339 3843 1405 3870 Plin.
1427 3853 1465 3877 [2,
1484 3852 1513 3878 14
1551 3845 1611 3872 Tus
1630 3845 1771 3871 collectum
1789 3844 1910 3870 Sabotam
1930 3843 2037 3870 camelis
2056 3843 2222 3871 conuehitur.

1182 3882 1238 3908 Cic.
1253 3889 1301 3915 pro
1313 3879 1374 3906 Mil.
1388 3887 1419 3914 75
1445 3881 1562 3915 Repente
1583 3881 1708 3907 lintribus
1728 3881 1757 3906 in
1775 3888 1832 3906 eam
1851 3877 1979 3912 insulam,
2000 3880 2151 3910 materiam,
2170 3877 2218 3903 cal-

1823 3912 1889 3941 Ptin.
1903 3921 1937 3947 ιι,
1956 3922 1987 3947 30
2007 3914 2177 3950 deformicis,
2191 3913 2221 3938 Et

2156 3956 2221 3981 quo-

1490 3953 1567 3986 7Q.
