2474 4182
2385 2 2390 9 ι

2299 16 2303 21 *
2338 18 2380 35 -.‘

2366 116 2378 127 e

273 176 351 219 899
662 168 696 208 C
786 171 801 205 ι
887 165 923 205 E
1808 165 1843 206 C
1931 166 1948 207 I
1996 195 2006 199 -
2033 169 2069 211 E
2345 189 2426 230 900
2442 218 2443 232 Ρ

277 257 328 284 ciet
342 256 445 284 Nereus
461 256 518 285 imo
531 258 614 285 hundo
626 257 701 291 Virg.
715 257 779 283 Aen.
793 264 820 288 2,
833 263 891 289 419.
926 255 1031 284 Lueret.
1043 264 1067 289 3,
1081 264 1130 290 ²92
1153 255 1195 283 Est
1208 260 1234 282 et
1246 254 1323 289 frigi·
1392 263 1465 282 mum.
1559 253 1581 293 fl
1603 265 1616 283 2
1634 258 1720 290 Ciuis,
1733 256 1828 293 diuisus
1836 260 1861 283 in
1866 256 1983 293 formula
1990 257 2097 285 ereum
2110 259 2241 289 eitumvbi
2251 261 2304 289 uid.
2317 264 2347 290 it.
2361 245 2444 300 usto:

277 293 310 319 da
321 293 404 320 multa
417 303 504 321 comes
517 293 671 321 formidinis
685 293 772 324 Aura,
790 294 865 324 Quae
879 291 931 319 ciet
944 291 1085 320 horrorem
1102 293 1130 318 in
1142 291 1279 322 membris,
1296 295 1323 316 et
1392 300 1420 317 n.
1436 300 1447 323 3
1476 289 1522 316 Sub
1542 291 1649 319 Ειέιιιιιι
1665 295 1757 321 Citum
1771 295 1856 320 damur
1870 295 1943 319 etiam
1957 291 2141 329 fflbstaruiuum
2159 303 2255 325 cz'rv
2266 305 2278 324 S
2300 308 2311 325 e
2321 299 2360 335 glo
2379 309 2411 329 m
2435 301 2444 322 .'
2472 316 2474 318 .

277 329 391 356 concitat
405 336 485 357 artus.
539 331 594 356 Cic.
609 328 641 354 dc
656 329 747 354 Diuin.
762 337 782 360 1,
795 335 828 361 15.
843 327 872 354 de
885 328 973 360 ranis-¹,
990 328 1166 362 Absurdoque
1186 328 1250 354 sono
1266 327 1324 365 fon·
1431 333 1447 352 t:
1457 334 1465 352 ι
1475 332 1532 352 ΤΙ-ἵ.
1568 327 1636 354 Adu.
1657 327 1920 363 qsiScribonComp.
1935 334 1979 361 198
2004 331 2032 355 in
2046 329 2189 364 quibusdam
2200 332 2288 365 libris,
2306 342 2352 369 quo
2374 335 2439 372 psa-0„

277 369 316 391 tes
331 364 416 400 stagna
434 366 522 395 cictis,
540 368 557 391 i.
575 364 688 398 resonare
700 363 805 400 facitis.
860 363 901 390 Ad
921 365 1022 391 coitum
1040 364 1151 391 seminas
1166 364 1236 390 ciere
1257 362 1324 388 le.
1392 361 1487 397 herese
1501 362 1565 388 dicit
1578 363 1704 389 Rhodium
1745 368 1841 392 uamuis
1854 366 1917 392 Cito
1932 368 1960 391 in
1972 364 2025 401 OEfi'
2039 368 2151 392 contexto
2163 368 2272 404 reliquit.
2288 389 2291 393 .
2307 372 2347 396 Sic
2359 366 2448 405 Cffiel'
2458 367 2461 372 ’

281 408 314 433 ιι,
329 408 369 435 37.
442 402 481 427 Ad
496 408 567 426 arma
580 399 623 426 Sil.
639 407 665 433 7,
679 408 719 433 43,
791 398 867 426 Acies
881 400 956 434 Vix-g.
974 401 1039 426 Aen.
1055 402 1080 431 6,
1095 404 1152 432 829.
1224 398 1324 424 Aluum
1351 408 1365 434 ς
1393 404 1417 424 et
1432 398 1529 429 Certo,
1549 398 1622 424 False
1633 405 1658 424 ct
1670 375 1746 426 Falsis
1763 407 1809 427 etc.
2063 425 2069 429 ,
2381 400 2397 434 ξι

278 436 409 463 Columel.
425 439 451 470 6,
464 444 486 469 5.
523 436 598 470 Virg.
611 436 675 462 Aen.
689 444 709 467 1,
724 441 771 468 545
795 434 867 462 Bella
880 435 966 467 cient,
982 435 1120 469 primaque
1136 440 1224 461 vetant
1242 433 1324 460 confi-
1430 440 1447 460 c
1458 440 1496 460 ιΤ
1506 440 1534 460 0.
1572 434 1638 460 Adu.
1676 435 1687 465 [
1700 436 1818 469 ταχέως]
1853 436 1979 463 Celeriter.
2015 435 2084 462 Ter.
2097 433 2180 462 Andr.
2192 443 2245 469 ι,5,
2256 445 2292 464 2ο
2311 437 2363 466 Abi
2371 441 2450 489 citas

278 472 344 499 stere
357 478 435 498 terra.
473 470 542 497 Add.
556 470 625 497 Vell.
641 479 665 503 2,
679 478 721 504 54,
734 479 759 497 2.
801 471 869 498 Belli
884 471 1020 498 fimulacra
1035 471 1121 501 ciere,
1135 471 1229 496 Bellum
1242 469 1325 505 finge·
1394 468 1467 496 Idem
1477 470 1542 495 Eun.
1557 478 1580 502 3,
1594 478 1617 502 3,
1631 478 1661 501 32
1682 469 1744 496 Cito
1756 469 1940 498 hunededuce
1953 471 1984 498 ad
1997 471 2122 498 militem.
2159 471 2202 498 Sat
2215 473 2279 504 cito,
2292 472 2311 500 fi
2322 474 2359 502 sat
2369 475 2446 506 huie«

276 507 434 542 re,spcc1'em
448 506 626 542 bellipraebrre
641 507 714 541 Virg.
728 508 794 534 Aen.
807 514 830 540 5,
845 509 908 542 674.
942 507 1015 533 Idem
1027 515 1055 540 4,
1073 514 1114 531 122
1130 507 1192 532 Iuno
1205 508 1252 537 ait,
1266 506 1326 532 To-
1392 506 1462 531 Cato
1475 512 1514 540 ap.
1530 505 1607 531 Hier.
1624 506 1670 539 Ep.
1695 508 1741 538 26,
1759 515 1780 540 4
1811 507 1875 533 Cito
1890 507 2030 535 scribendo
2049 516 2103 534 non
2123 506 2168 538 fit,
2180 513 2211 533 vt
2220 507 2289 534 bene
2300 506 2444 544 scribatur,-

278 544 351 569 nitru
367 542 476 572 Caelum
490 550 570 568 omne
583 541 670 569 ciebo.
726 542 784 569 Cic.
799 543 831 569 de
845 544 903 570 Fin.
917 551 942 575 2,
956 551 990 575 94
1003 551 1025 568 c.
1041 550 1084 574 29.
1097 550 1126 567 ex
1143 543 1225 567 veteri
1239 542 1326 573 Poeta,
1395 539 1464 567 bene
1483 541 1623 567 scribendo
1640 540 1698 572 fits
1713 547 1742 567 vt
1762 541 1817 567 cito
1845 542 1976 575 Qiinc'til.
1990 552 2029 576 ιο,
2041 552 2065 576 3,
2080 551 2118 568 10.
2189 543 2248 570 Pars
2261 542 2431 582 beneficiieff,
2446 552 2449 563 ι’

279 578 330 605 Cui
345 578 468 612 viperino
482 579 571 604 morsu
584 587 666 605 venae
679 578 808 606 viscerum
830 579 940 605 Veneno
958 577 1077 604 imbutae
1089 582 1172 604 tetros
1185 577 1326 604 Cruciatus
1354 591 1384 609 10
1395 576 1468 611 quod
1488 578 1603 611 petitur,
1633 576 1650 602 fi
1669 577 1723 604 cito
1741 585 1819 611 neges
1840 577 1866 603 P.
1881 578 1937 610 Syr.
2008 580 2072 606 Cito
2090 584 2117 604 et
2138 578 2232 604 cursim
2254 578 2354 614 aliquid
2363 587 2451 618 agn-es

278 615 358 641 cient.
414 614 544 640 Dolorem
558 614 712 647 (tonicam)
727 624 741 641 e
755 614 868 649 vestigio
890 613 1009 640 Scribon.
1023 622 1078 646 194.
1148 613 1236 640 Fletus
1250 613 1325 647 Virg.
1395 613 1479 639 Plaut.
1497 614 1576 639 Poen.
1590 621 1612 644 3,
1629 621 1647 644 1,
1660 615 1704 646 64.
1775 612 1845 639 Ter.
1859 612 1941 640 Andr.
1956 622 1979 648 5,
1992 624 2022 648 4,
2036 617 2071 642 26
2096 620 2157 641 CH.
2177 614 2240 640 Eius
2252 617 2403 651 numeni-ff
2433 639 2438 644 ,

279 651 344 676 Aen.
359 657 449 683 3‚344.
486 650 592 676 Lucret.
603 658 626 683 5,
641 653 685 681 816
702 651 736 678 At
749 651 853 677 nouitas
866 649 959 676 mundi
973 658 1020 676 nec
1027 649 1138 683 Frigora
1153 648 1218 676 dura
1232 648 1328 681 ciebat,
1395 657 1495 674 nomen
1518 654 1571 675 tam
1586 649 1641 674 cito
1656 648 1726 675 tibi?
1796 648 1888 676 Nimis
1906 649 1976 682 cito,
2001 651 2055 677 vid.
2086 657 2126 676 Νι
2137 656 2160 675 Μ
2171 656 2181 676 1
2192 656 2215 676 s.
2285 651 2365 684 Solum
2383 652 2431 687 {us

280 685 337 711 Nec
357 685 456 711 nimios
471 685 577 718 Aestus,
593 694 641 713 nec
657 687 758 721 magnis
779 686 882 713 viribus
896 687 989 712 Auras.
1043 685 1119 719 Virg.
1133 685 1231 719 Georg.
1246 693 1267 717 3,
1281 690 1327 718 5ι7
1390 691 1441 719 pro
1456 684 1536 711 nimis
1552 685 1630 716 Cito,
1657 690 1686 711 vt
1699 685 1757 711 sero
1767 690 1818 719 pro
1840 684 1919 711 nimis
1934 685 1991 712 sero
2012 685 2108 713 Pallad.
2125 694 2144 718 1,
2157 687 2184 718 6,
2198 692 2232 718 15.
2377 695 2379 698 ⁴
2400 680 2415 696 Γ

279 721 470 755 Extremusque
483 721 534 748 ciet
547 721 675 749 Gemitus.
696 723 744 749 i.e.
768 722 899 748 Vltimum
920 721 1038 756 gemuit,
1052 721 1140 756 inquit
1153 721 1267 747 Seruius.
1289 721 1327 746 De
1396 719 1474 751 Cito,
1493 727 1522 746 vt
1535 720 1624 755 τάχα,
1651 720 1715 756 quod
1728 720 1782 746 cito
1804 718 1837 752 qs}
1851 721 1971 753 Graecis,
1991 724 2065 747 etiam
2076 721 2192 748 Fortasse
2205 721 2281 747 valet.

277 763 352 783 tauro
365 757 510 783 moribundo
523 758 641 793 loquitur.
676 759 752 794 Virg.
769 759 833 784 Aen.
848 759 874 790 6,
888 759 940 792 468
967 757 1080 784 Lcnibat
1099 755 1178 782 diciis
1197 756 1327 786 animum,
1357 765 1384 792 ¹5
1397 755 1425 780 in
1440 756 1538 788 Bruto,
1564 758 1618 790 264
1632 765 1652 783 c.
1665 757 1701 790 76
1732 755 1780 782 Sed
1792 764 1880 790 neque
1896 756 1986 783 verbis
2006 757 2137 790 aptiorem
2157 757 2211 783 cito
2226 756 2311 783 alium
2322 756 2346 784 d·

278 792 468 831 Lacrimasque
484 792 587 826 ciebat,
605 797 625 820 i.
645 803 738 821 mono-c
745 792 872 826 studebat.
945 794 1046 820 Menses
1055 793 1120 819 Plin.
1134 799 1169 821 21,
1184 799 1225 817 20.
1239 793 1257 815 i.
1265 791 1327 826 fhn-
1397 792 1492 819 lterum
1507 794 1555 824 265
1577 793 1665 825 Qxem
1681 797 1709 818 tu
1723 800 1778 818 non
1790 797 1843 818 tam
1857 792 1911 818 cito
1928 791 2073 819 Rhetorem
2087 793 2200 825 dixiffes,
2217 800 2298 827 quam
2309 795 2338 820 {vt

277 831 376 864 guinem
393 826 557 862 mmstruum,
571 830 599 856 de
610 830 793 856 medicamento.
843 829 899 856 Cic.
915 828 997 857 Tusc.
1012 837 1031 859 1,
1047 837 1080 854 20
1106 827 1147 852 Sic
1161 834 1192 851 ex
1205 826 1327 860 corporis
1395 826 1488 854 dicunt
1507 827 1639 853 πολιτικόν.
1694 829 1735 854 Sic
1749 827 1866 862 Antiqua
1879 827 1962 854 homo
1975 828 2075 854 virtute
2088 837 2116 855 ac
2129 828 2181 854 fide
2189 848 2199 861 ‚
2225 826 2304 854 Haud
2315 825 2385 856 cito
2399 851 2413 863 s

277 863 361 890 totius
377 871 470 891 natura
492 872 517 891 et
537 865 638 900 figura,
662 866 751 892 varios
772 866 863 892 Motus
887 865 953 892 cieri
969 871 1091 897 tanquam
1106 862 1134 887 in
1153 868 1229 888 cantu
1241 863 1327 888 sonos.
1397 862 1462 897 quid
1474 870 1565 890 ortum
1579 872 1611 889 ex
1626 863 1676 889 hoc
1691 862 1721 890 fit
1734 863 1841 897 publice
1860 863 1930 890 Ter.
1943 863 2055 898 Adelph.
2070 873 2094 897 3,
2109 873 2122 896 3
2136 871 2202 890 extr.
2255 861 2402 899 Compar-L]

278 899 353 926 Idem
365 899 396 926 de
410 900 473 927 Nat.
488 901 568 928 Deor.
581 910 604 933 3,
619 910 652 936 27
682 902 800 928 Naturae
814 901 861 928 ista
876 901 934 927 sunt
948 899 1038 925 omnia
1052 897 1145 924 cientis
1158 903 1184 924 et
1202 898 1327 933 agitantis
1396 899 1462 925 Hec.
1476 908 1499 932 3,
1512 908 1535 932 3,
1551 909 1569 933 4
1596 899 1684 925 Citius
1698 907 1741 925 me
1753 899 1834 925 eduxi
1846 899 1928 926 foras.
2002 899 2077 926 Noto
2091 899 2251 934 volucrique
2264 900 2381 934 sagitta,
2402 931 2405 932 .
2422 921 2423 924 ,

278 935 399 962 Motibus
419 943 445 962 ct
458 936 653 964 Mutationibus
671 938 732 964 suis.
803 937 876 970 Virg.
893 937 957 961 Aen.
974 943 1009 965 12,
1025 942 1073 967 104
1100 933 1222 974 Mugitus
1242 934 1326 960 veluti
1338 945 1373 963 2ο
1396 935 1471 969 Virg.
1486 936 1550 962 Aen.
1564 943 1587 968 5,
1602 943 1661 968 242.
1733 935 1820 961 Citius
1833 935 1954 970 suprema
1967 934 2026 966 die,
2048 938 2067 961 i.
2078 943 2136 962 ante
2148 935 2211 961 diem
2219 935 2371 971 fiipre'ma'm

278 980 361 1006 quum
375 972 461 1006 prima
474 972 502 998 in
517 973 614 1008 praelia
628 979 718 1000 taurus
746 972 895 999 Territicos
911 970 977 1002 ciet,
990 975 1070 1004 atque
1085 969 1162 995 irasci
1183 978 1212 996 ιη
1227 978 1326 996 cornua
1397 971 1484 997 Carm.
1504 980 1524 1004 1,
1547 980 1581 1004 13,
1599 979 1642 997 20.
1715 972 1790 1005 Virg.
1812 972 1878 998 Aen.
1895 980 1916 1003 1,
1930 973 1979 1004 146
2009 970 2090 998 Dicto
2109 971 2189 998 eitius
2208 970 2314 997 tumida
2332 978 2346 998 a
2367 960 2377 995 ἶ
2415 973 2430 1003 ᾗ

278 1013 368 1033 tentet.
440 1007 514 1035 Idem
530 1009 626 1044 Georg.
643 1017 662 1041 ι,
678 1018 718 1036 110
748 1008 797 1033 Illa
817 1006 909 1032 cadens
927 1014 1036 1032 raucum
1049 1014 1095 1040 per
1113 1005 1185 1032 leuia
1201 1006 1327 1033 Murmur
1395 1007 1489 1040 placat.
1564 1007 1659 1042 Supfrl.
1690 1007 1818 1033 Citiffime
1838 1006 1916 1033 ascias
1930 1005 2049 1034 retundit
2078 1006 2146 1033 Ptin.
2160 1009 2200 1040 16,
2214 1015 2260 1041 40.
2329 1007 2360 1034 Et
2378 1036 2380 1038 ,
2423 1010 2427 1011 ’

278 1043 343 1070 Saxa
356 1042 415 1070 ciet.
452 1044 512 1070 Liu.
529 1053 554 1077 2,
569 1053 597 1077 19
619 1045 728 1071 Latinus
745 1043 796 1068 dux
809 1041 878 1068 nihil
891 1041 1034 1068 deterritus
1053 1041 1178 1072 vulnere,
1194 1041 1327 1068 Praelium
1396 1042 1461 1069 Bell.
1477 1043 1545 1069 Gall.
1561 1053 1590 1077 4,
1603 1051 1638 1075 33.
1675 1043 1743 1069 Pliu.
1759 1051 1800 1076 20,
1817 1051 1842 1076 9.
2360 1062 2368 1078 Ρ,

277 1079 344 1111 ciet,
358 1082 375 1105 i.
400 1088 443 1106 uos
456 1082 557 1106 incitat.
612 1079 683 1105 Idem
698 1087 718 1110 1,
734 1086 759 1104 12
788 1077 920 1112 Principes
940 1077 1067 1112 utrinque
1080 1078 1197 1112 Pugnam
1213 1077 1327 1104 ciebant.
1433 1084 1594 1105 C1TVLE.
1633 1077 1700 1105 Adu.
1737 1079 1815 1114 Apul.
1836 1079 1902 1105 Met.
1923 1087 1951 1105 10
1971 1087 1996 1113 p.
2013 1087 2055 1112 191
2081 1077 2149 1105 Colu.
2168 1078 2207 1105 Ae
2230 1077 2338 1105 Elmenb.
2363 1082 2378 1111 ξ’

277 1114 346 1142 Add.
358 1124 386 1147 2,
398 1123 435 1149 47
442 1123 486 1152 pr.
560 1114 692 1149 Singultus
712 1122 759 1140 ore
772 1114 843 1140 ciere
858 1112 954 1139 Catull.
968 1122 1012 1146 49.
1067 1114 1143 1148 virg.
1157 1114 1223 1140 Aen.
1236 1115 1263 1146 6,
1278 1119 1327 1146 829
1339 1120 1368 1146 25
1396 1114 1503 1140 Scitule.
1541 1114 1663 1141 Protinus
1677 1115 1772 1149 gradus
1793 1114 1876 1142 citule
1890 1115 2017 1141 referens.
2332 1121 2337 1128 ·
2359 1117 2368 1141 Γ
2417 1114 2420 1126 ‘

276 1150 339 1177 Heu
353 1157 481 1186 quantum
500 1151 570 1177 inter
584 1151 607 1175 se
621 1149 737 1181 bellum,
775 1164 810 1170 --
845 1154 954 1184 quantas
973 1148 1065 1182 Acies,
1082 1149 1254 1185 stragemque
1275 1150 1327 1176 cie·
1431 1157 1448 1177 C
1458 1148 1516 1177 1Τῖ
1528 1156 1542 1175 P
1554 1156 1570 1176 E
1581 1157 1610 1183 S,
1628 1150 1692 1176 edis.
1712 1151 1772 1177 Adi.
1791 1150 1916 1177 Diomed.
1932 1151 2021 1177 Gram.
2036 1149 2085 1176 lib.
2098 1158 2110 1181 3
2131 1149 2229 1176 Cursus
2242 1148 2343 1184 citipes.
2422 1174 2427 1185 ,

278 1185 353 1213 bunt.
389 1187 446 1213 Seu.
462 1187 557 1219 oedip.
574 1193 612 1217 551
634 1185 749 1211 Infausta
764 1193 873 1220 magnos
887 1186 957 1213 sacra
970 1185 1106 1212 Tcrrores
1119 1186 1198 1212 cient.
1243 1185 1327 1212 Plaut.
1432 1192 1497 1213 cr'r
1507 1192 1541 1218 O,
1575 1190 1628 1212 arc.
1667 1187 1771 1217 [καλέω
1784 1187 1798 1221 ]
1834 1184 1875 1219 Est
1884 1189 1990 1222 proprie
2001 1187 2222 1221 Freqmntatiuum
2239 1195 2268 1211 ex
2276 1185 2342 1212 Cieo
2363 1192 2373 1209 ιη

277 1222 374 1256 Amph.
390 1230 409 1253 1,
424 1230 448 1252 2,
464 1230 492 1253 ¹4
532 1221 642 1247 Turbas
660 1221 740 1248 vxori
760 1221 812 1247 ciet
832 1220 1002 1255 Amphitruo.
1073 1221 1150 1255 Virg.
1163 1222 1228 1247 Aen.
1244 1223 1270 1254 6,
1284 1224 1328 1253 165
1389 1219 1567 1258 stgvzijicatquc
1581 1221 1640 1248 adeo
1653 1224 1750 1258 origine
1757 1222 1808 1258 sua
1820 1229 1865 1248 am
1873 1223 2022 1258 frequenter
2035 1228 2080 1248 aut
2094 1221 2166 1248 valde
2178 1230 2281 1248 mouere.
2317 1218 2376 1257 Sed,
2412 1228 2427 1255 Ξῖ,
2440 1237 2441 1243 =

279 1259 347 1284 Aere
362 1257 429 1282 ciere
444 1257 530 1288 viros,
545 1257 713 1292 Martemque
731 1256 871 1283 accendere
886 1262 978 1289 cantu,
1000 1256 1091 1292 Mtfiri
1104 1255 1220 1291 officium.
1267 1258 1328 1284 Vri·
1397 1258 1431 1283 ad
1445 1257 1539 1283 modum
1554 1257 1634 1284 Ciere
1649 1264 1678 1283 vt
1691 1257 1844 1294 obstruamur
1859 1267 1889 1284 n.
1904 1266 1928 1284 2.
1949 1258 2022 1294 saepe
2029 1257 2162 1294 figvztficat
2174 1259 2280 1293 aliquem
2297 1266 2324 1282 n
2373 1263 2375 1266 ·
2440 1262 2441 1273 ¹

276 1302 338 1319 nam
353 1292 418 1318 Plin.
433 1300 477 1325 20,
491 1300 511 1325 5.
527 1299 550 1319 ct
563 1295 607 1325 26,
621 1298 642 1322 8.
715 1293 816 1327 Vulgus
828 1301 992 1327 aequoreum
1005 1293 1075 1319 ciere
1082 1292 1140 1319 Sen.
1150 1292 1326 1328 Hippol.957.
1338 1307 1370 1330 30
1395 1293 1554 1328 compellare,
1572 1301 1596 1320 ct
1607 1297 1645 1319 im
1659 1303 1753 1321 mouere
1764 1293 1974 1330 adjurgcndum,
1996 1300 2162 1331 agendumue:
2185 1296 2223 1319 ita
2241 1295 2268 1318 in
2281 1291 2336 1319 der·
2352 1296 2382 1313 1&ss
2416 1286 2435 1327 3}

277 1327 298 1366 fl
318 1337 334 1355 2
371 1327 419 1355 Sed
434 1331 508 1354 ctiam
528 1329 635 1365 reliquae
648 1327 751 1364 formae
766 1329 835 1364 finis
857 1328 977 1355 commode
990 1321 1024 1354 at‘l
1037 1328 1149 1355 mouendi
1158 1327 1185 1362 fi
1205 1327 1327 1364 nfflcatso-
1397 1335 1453 1356 tare
1467 1329 1526 1356 haec
1536 1330 1602 1356 velut
1609 1332 1738 1365 primaria
1752 1330 1987 1365 certesr‘eqtaeentior
1999 1332 2069 1356 notio
2083 1327 2125 1362 est.
2168 1329 2287 1356 Portemus
2300 1331 2377 1365 ergo.
2406 1321 2435 1370 ¹:⁴4

276 1373 329 1390 nem
350 1363 446 1400 referri
458 1362 567 1399 poffimt.
609 1365 643 1390 Vt
656 1374 708 1390 cum
724 1369 831 1400 ponitur
838 1371 890 1426 tpro
903 1367 1009 1391 irritat-c
1028 1365 1109 1391 Plaut.
1124 1365 1187 1391 Bacc
1209 1385 1215 1390 .
1229 1373 1252 1397 3,
1267 1373 1289 1397 3,
1306 1373 1328 1391 ιι
1398 1366 1522 1400 exempla,
1543 1365 1587 1391 vbi
1597 1368 1725 1393 nominare
1741 1367 1782 1392 vel
1792 1368 1941 1392 nominatim
1960 1363 2335 1401 euocarefigng'ficatsstfidm

277 1398 350 1433 Quid
366 1400 469 1433 negotii
481 1399 531 1426 hoc
547 1399 598 1432 est,
613 1399 783 1427 Pistoclerum
797 1401 835 1433 Ly
856 1410 884 1426 us
905 1400 978 1435 quod
993 1400 1089 1427 herum
1107 1406 1161 1427 tam
1181 1401 1250 1427 ciet?
1286 1401 1328 1427 lta
1397 1400 1549 1427 domicilium
1562 1404 1588 1427 in
1602 1401 1762 1428 conuentibus
1775 1401 1940 1433 iudiciorum,
1953 1401 2078 1437 senatus,
2095 1402 2198 1436 populi,
2215 1400 2259 1426 vbi
2272 1400 2341 1428 citan

273 1442 320 1471 pro
339 1435 450 1468 lat-<Here
468 1433 500 1468 cst
515 1435 573 1462 Val.
589 1435 656 1462 Flac.
677 1443 703 1471 7,
718 1442 764 1471 578
798 1437 874 1463 Iason
892 1441 1025 1463 errantem
1047 1436 1138 1463 dextra
1157 1437 1209 1463 ciet
1229 1436 1329 1463 obuius
1397 1440 1495 1462 nomine
1502 1437 1549 1472 suo
1563 1436 1597 1463 ad
1608 1437 1769 1470 veniendum,
1790 1437 1934 1469 dicendum,
1955 1437 2103 1464 audiendum
2116 1443 2247 1463 vocantur.
2291 1435 2348 1463 Ptin

276 1472 380 1512 ignem,
394 1474 411 1498 i.
427 1478 512 1498 tauros
524 1474 662 1507 igniuomos
679 1471 808 1508 lacqsjitret
821 1475 849 1498 in
856 1472 885 1509 se
897 1476 1017 1499 concitat.
1055 1473 1137 1498 Etiam
1151 1482 1205 1498 cum
1217 1470 1251 1504 est
1270 1472 1329 1499 No·
1342 1486 1369 1512 33
1398 1481 1425 1505 9,
1439 1481 1473 1504 13,
1488 1478 1513 1502 ιδ
1534 1473 1606 1500 Haec
1622 1473 1663 1499 illi
1676 1481 1731 1508 quo
1746 1474 1860 1508 quisque
1874 1473 1971 1500 ordine
1985 1472 2143 1500 citabantur.
2164 1474 2182 1499 i.
2204 1470 2238 1499 ad
2249 1470 2317 1508 fijnt

276 1506 470 1542 minare,quod
484 1507 571 1533 Festus
586 1507 712 1543 obstruat:
749 1517 805 1534 nam
818 1518 859 1544 qm
875 1511 970 1535 nomine
982 1514 1057 1534 vocat
1072 1509 1185 1543 aliquem,
1199 1510 1269 1534 illum
1281 1517 1329 1534 mo-
1398 1509 1497 1535 crudam
1511 1512 1608 1535 nomme
1621 1512 1722 1545 quisque
1730 1509 1777 1545 fi‘0
1790 1509 1952 1536 vocabantur.
2024 1508 2106 1536 Ouid.
2120 1507 2200 1543 Epist.
2212 1515 2238 1542 7,
2253 1516 2299 1534 ior
2342 1507 2348 1513 '

276 1552 334 1569 vere
347 1544 417 1575 vult,
431 1542 577 1578 utsi‘rgat,
591 1545 676 1569 ueru‘at
696 1548 745 1569 etc.
782 1545 851 1570 Hinc
870 1542 903 1576 ψ
921 1543 986 1576 dlud
997 1543 1214 1580 [frequentantium
1228 1545 1328 1571 Citare.
1398 1553 1442 1570 me
1461 1544 1523 1570 sensi
1543 1550 1610 1571 noto
1633 1550 1726 1580 quater
1741 1554 1789 1572 ore
1810 1545 1896 1572 citari.
1978 1544 2119 1572 vietorem
2127 1543 2269 1578 Olympiae
2284 1542 2363 1573 citam

276 1578 336 1605 Val.
351 1577 434 1605 Flacc.
451 1588 479 1613 4,
497 1583 546 1611 548
575 1578 628 1604 Hic
645 1578 751 1605 demum
775 1579 869 1610 vittas,
887 1579 1046 1614 laurumque
1065 1579 1181 1614 capessit,
1207 1580 1328 1607 Numina
1398 1581 1481 1615 praef.
1497 1590 1522 1606 n.
1536 1588 1558 1614 5.
1594 1580 1668 1617 Conf.
1687 1581 1756 1607 Suet.
1772 1581 1855 1616 Calig.
1873 1590 1896 1608 c.
1915 1583 1959 1608 26.
2032 1581 2158 1608 Citauerc
2173 1579 2243 1614 leges
2254 1580 2332 1606 nefas·

277 1619 341 1641 nota
355 1614 434 1640 ciens.
472 1615 558 1640 Paullo
569 1615 644 1640 aliter
658 1614 720 1641 idem
734 1623 756 1647 3,
772 1617 816 1647 ι56
839 1615 886 1641 Ille
899 1624 978 1641 manu
992 1623 1083 1641 contra
1098 1615 1181 1642 telum
1197 1621 1277 1646 tenet,
1291 1615 1330 1642 vl·
1398 1625 1421 1648 3,
1437 1623 1458 1648 ς.
1476 1618 1494 1643 ι’.
1508 1619 1535 1642 in
1548 1615 1667 1642 iudicium
1675 1617 1808 1652 secundum
1823 1619 1887 1653 leges
1899 1616 1928 1643 ob
1934 1617 2047 1653 sororem
2061 1614 2225 1651 inter-festam
2239 1622 2342 1642 vocatus

278 1650 344 1677 tima
357 1649 453 1675 frustra
477 1649 565 1675 Verba
581 1649 650 1675 ciens
660 1669 668 1681 ,
686 1657 714 1675 vt
731 1659 760 1675 ne
773 1650 904 1683 Gemitus,
919 1651 1064 1683 Lacrimas,
1077 1652 1218 1686 Singultus.
1255 1651 1329 1678 Idem
1341 1665 1378 1690 40
1399 1655 1491 1679 ratius.
1539 1652 1630 1678 Citare
1645 1660 1692 1686 per
1709 1661 1866 1687 praeconem
1880 1653 1908 1679 in
1922 1653 2025 1680 curiam
2037 1652 2070 1679 ad
2088 1660 2179 1686 regem
2197 1651 2258 1678 Liu.
2275 1659 2297 1684 1,
2309 1657 2346 1686 47

278 1686 367 1712 Valer.
382 1693 400 1715 1,
413 1692 457 1719 751
480 1685 535 1710 lam
548 1690 574 1710 te
589 1684 616 1710 in
631 1684 703 1710 lucos
722 1685 765 1719 pia
778 1686 855 1712 turba
874 1686 994 1713 lilentum
1004 1707 1012 1719 ,
1033 1687 1197 1722 Secretisque
1217 1688 1269 1714 ciet
1282 1696 1330 1714 vo·
1399 1695 1454 1715 tare
1468 1688 1591 1714 Senatum
1605 1688 1634 1714 in
1647 1688 1738 1715 forum
1769 1688 1843 1715 Idem
1864 1696 1909 1723 27,
1930 1697 1975 1722 24.
2048 1687 2181 1716 Columel.
2203 1696 2235 1719 11,
2256 1694 2332 1720 1,—22
2406 1706 2408 1710 ⁴

279 1721 357 1747 litans
371 1727 445 1754 pater
457 1720 555 1746 Aeolus
566 1719 648 1746 aruis.
663 1723 681 1746 i.
694 1727 776 1746 vocat.
843 1722 976 1756 Principes
991 1722 1147 1758 afioresque
1166 1723 1230 1749 belli
1244 1722 1330 1749 ciebat
1398 1723 1532 1757 mancipia
1547 1723 1651 1754 vin&a‚
1670 1733 1738 1757 quae
1750 1725 1810 1751 sunt
1825 1724 1966 1758 ergastuli,
1990 1732 2038 1758 per
2049 1721 2160 1751 nomina
2173 1722 2297 1758 qnotidie
2315 1721 2365 1749 ci-·
2403 1727 2407 1743 ῐ

277 1757 346 1783 Tac.
361 1755 428 1782 Hist.
443 1764 465 1788 3,
482 1764 524 1788 24,
539 1764 564 1782 2.
595 1758 612 1781 i.
634 1756 787 1790 appellabat,
801 1755 845 1782 hoc
860 1757 912 1791 ipso
925 1764 1008 1791 nempe
1025 1759 1082 1784 illos
1096 1762 1216 1785 incitans.
1273 1759 1331 1785 No·
1399 1757 1491 1784 bebit:
1513 1764 1591 1792 atque
1602 1758 1758 1792 explorare,
1783 1765 1813 1785 vt
1825 1760 1874 1785 sint
1887 1759 2066 1794 compedibus
2077 1759 2341 1794 diligenter-‘innexa

279 1792 387 1819 Sturnos
408 1800 496 1817 manes
514 1790 675 1817 carminibus
690 1792 760 1817 ciere
780 1792 854 1825 Virg.
874 1794 938 1818 Aen.
952 1801 981 1825 4,
994 1800 1057 1825 490.
1128 1794 1208 1820 Ouid.
1224 1794 1288 1821 Fast.
1302 1804 1331 1828 4,
1400 1795 1476 1820 Verr.
1487 1801 1508 1825 1,
1521 1801 1549 1825 19
1571 1794 1634 1825 Quo
1647 1793 1756 1827 quidem
1770 1793 1812 1819 die
1843 1795 1943 1820 rimum
1957 1796 2075 1827 Iudices,
2091 1795 2166 1823 citati
2177 1795 2207 1822 in
2218 1794 2287 1822 hunc
2300 1802 2329 1821 rc

279 1833 334 1863 484
353 1827 471 1859 Clamat,
485 1833 510 1853 et
523 1827 630 1854 alternis
640 1827 748 1853 Nomen
760 1833 903 1862 vtrmnque
917 1827 977 1854 ciet.
1031 1827 1070 1853 ld.
1084 1828 1148 1854 Met.
1163 1832 1189 1861 6,
1204 1832 1253 1855 662
1286 1831 1331 1855 Vi·
1343 1834 1375 1861 45
1401 1829 1509 1856 sedistis.
1568 1830 1650 1860 Nam,
1668 1835 1697 1854 vt
1711 1827 1781 1862 testis
1801 1838 1812 1854 e
1849 1829 1992 1861 Asconius,
2019 1836 2045 1856 et
2058 1831 2177 1864 iudices,
2203 1833 2318 1863 eti-eus,
2337 1837 2351 1856 e

279 1872 423 1898 pereasque
436 1863 488 1890 ciet
499 1862 588 1897 Stygia
608 1863 640 1889 de
653 1863 722 1889 valle
740 1864 852 1890 sorores.
903 1863 1074 1889 Tacit-Anu.
1091 1871 1109 1893 1,
1125 1872 1151 1889 21
1180 1863 1223 1889 uli
1242 1864 1333 1891 obniti
1401 1873 1447 1899 pcr
1465 1872 1621 1897 praeconem
1640 1864 1806 1891 Praetorium
1826 1864 1904 1890 citari
1925 1864 2062 1891 solebant:
2091 1868 2110 1892 i.
2131 1866 2166 1892 ad
2177 1867 2308 1893 Praetoris

280 1899 461 1932 trahentibus,
474 1900 596 1934 prensare
613 1899 841 1925 circumstantium
861 1907 962 1933 genua,
974 1899 1044 1925 ciere
1056 1899 1138 1925 modo
1151 1899 1271 1926 Nomina
1285 1899 1333 1925 fin·
1395 1899 1448 1933 [siue
1462 1899 1495 1923 ud
1506 1899 1626 1925 iudicium
1640 1902 1736 1926 vocari.
1779 1901 1860 1925 Etiam
1874 1899 1967 1926 Edicto
1980 1900 2058 1926 citari
2071 1901 2165 1936 aliquis
2176 1900 2272 1927 dicitur
2285 1901 2303 1927 l.
2319 1908 2344 1934 15
2356 1897 2403 1963 p-,t
2423 1891 2425 1899 ‚
2438 1913 2442 1919 ·

255 1951 258 1952 ν
278 1936 412 1971 gulorum.
433 1938 451 1961 i.
465 1934 580 1972 fingulos
597 1938 694 1961 nominc
711 1938 815 1971 proprio
833 1943 929 1962 vocare.
981 1934 1022 1961 Ad
1036 1934 1173 1961 ferendam
1187 1944 1266 1969 opem
1276 1935 1333 1961 No·
1402 1943 1450 1961 vus
1463 1933 1489 1959 ff.
1505 1933 1536 1959 de
1551 1933 1611 1960 iure
1624 1933 1689 1960 fisci.
1768 1934 1850 1960 Plaut.
1865 1935 1942 1960 Curc.
1958 1943 1978 1969 1,
1992 1943 2015 1968 3,
2029 1937 2048 1962 6
2071 1935 2126 1962 Vbi
2138 1941 2167 1962 tu
2183 1936 2281 1970 es‚qui
2294 1944 2338 1962 me
2367 1934 2411 1963 ibe
2421 1936 2431 1958 ίῚ

279 1973 353 1998 mine
367 1972 438 1998 ciere
451 1971 568 2005 aliquem
582 1971 651 1997 Tac.
661 1971 728 1997 Hist.
738 1979 760 2002 3,
777 1980 814 2003 10,
827 1978 852 2005 7.
925 1970 1060 2005 Zephyrus
1081 1986 1091 1991 -
1113 1988 1122 1992 -
1141 1971 1246 2005 Iapygis
1266 1970 1332 1997 cieri
1401 1970 1520 1996 Venerio
1532 1969 1635 1996 citasti!
1656 1978 1715 1995 ecce
1728 1977 1771 1995 me
1785 1969 1858 2000 fisto,
1877 1969 1937 1995 ades
1953 1976 2052 1998 contra.
2122 1971 2212 1999 Citare
2225 1971 2254 1997 in
2267 1971 2422 1998 testimoniu
2438 1978 2440 1987 ³

281 2007 401 2034 Nomine
415 2007 479 2033 folet
487 2007 564 2041 Apul.
578 2006 609 2033 de
623 2006 727 2033 Mundo
741 2015 766 2040 p.
781 2008 823 2032 62.
876 2007 948 2032 Deus
968 2015 1051 2040 quum
1070 2006 1100 2032 sit
1113 2016 1196 2039 vnus,
1211 2006 1331 2041 pluribus
1344 2014 1376 2038 5ο
1403 2005 1420 2032 l.
1435 2015 1465 2038 30
1478 2005 1505 2031 ff.
1520 2006 1552 2032 de
1566 2005 1684 2032 testibus.
1756 2005 1811 2032 Cic.
1827 2013 1876 2040 pro
1890 2005 1984 2038 Qiint.
1997 2013 2029 2041 75
2069 2007 2101 2033 In
2118 2005 2167 2033 hac
2185 2015 2216 2034 re
2233 2012 2277 2039 te,
2300 2011 2327 2034 te
2339 2006 2422 2042 inqua

268 2043 448 2072 *Nominibus
462 2043 548 2068 cietur
567 2042 665 2077 Ib.fin.
678 2049 751 2077 p.75.
799 2042 862 2072 Stat.
871 2041 964 2068 Theb.
980 2043 1064 2076 6,798
1093 2043 1148 2068 Iam
1163 2051 1216 2068 vox
1230 2042 1281 2068 ciet
1296 2043 1332 2069 al·
1402 2041 1492 2068 testem
1502 2061 1510 2073 ,
1545 2042 1653 2074 Naeui,
1685 2039 1783 2067 citabo.
1819 2040 1895 2067 Adel-⁴
1912 2040 1950 2066 Id.
1965 2042 2042 2067 Vei-r.
2057 2050 2077 2074 4
2096 2050 2118 2067 c.
2131 2050 2172 2075 59.
2242 2043 2300 2068 Cic.
2313 2041 2368 2068 Off.
2384 2050 2406 2072 1,

282 2085 338 2104 tera
357 2086 454 2105 remos.
507 2077 583 2111 Virg.
598 2079 664 2103 Acn.
685 2087 708 2110 3,
723 2080 754 2107 68
783 2078 962 2112 Animamque
979 2077 1100 2112 sepulcro
1127 2077 1291 2109 Condimus,
1306 2084 1331 2104 et
1403 2078 1561 2112 Citcturque
1579 2077 1705 2109 Salamis,
1733 2076 1884 2103 clarissimae
1898 2075 1970 2102 testis
1987 2075 2128 2102 vi&oriae.
2197 2075 2272 2103 Idem
2283 2077 2361 2107 Verr.
2381 2083 2423 2110 2„

283 2123 376 2148 magna
394 2113 546 2148 supremum
565 2121 633 2138 voce
650 2113 759 2139 ciemus.
830 2113 934 2139 Milites
953 2112 1121 2146 triumphum
1133 2113 1243 2138 nomine
1262 2114 1333 2139 cient
1403 2114 1476 2139 Citat
1490 2122 1583 2144 reum,
1609 2121 1665 2139 non
1677 2112 1833 2147 respondet:
1855 2112 1919 2138 citat
1936 2112 2129 2143 accusatorem,
2145 2117 2190 2137 etc.
2211 2111 2303 2138 citatus
2323 2119 2366 2137 acc

285 2149 345 2176 Liu.
358 2157 401 2183 45,
414 2154 442 2181 38
465 2150 541 2174 Tatta
554 2148 698 2183 etiamfimt
717 2149 820 2182 Agmen
828 2149 898 2174 ciere
911 2147 944 2174 ab
959 2148 1014 2174 oris
1028 2147 1121 2182 patriis
1133 2148 1209 2181 Virg.
1218 2148 1282 2173 Aen.
1295 2157 1334 2180 ιο,
1403 2147 1441 2173 Μ.
1456 2147 1583 2178 Paffilius,
1603 2149 1692 2174 nescio
1712 2157 1767 2182 quo
1780 2149 1840 2174 casu
1860 2157 1915 2174 non
1929 2147 2080 2182 respondit,
2100 2154 2156 2173 non
2171 2145 2256 2173 affuit.
2327 2145 2368 2172 Ad
2411 2158 2413 2168 ε

286 2191 337 2219 198.
356 2188 375 2211 i.
397 2194 408 2210 e
417 2187 507 2220 patria
515 2183 565 2218 fica
577 2184 704 2211 adducere.
762 2183 850 2210 Valcr.
865 2183 933 2210 Flac.
945 2192 966 2215 3,
980 2185 1028 2216 562
1073 2183 1134 2209 Heu
1149 2183 1204 2209 scra
1220 2183 1333 2209 cientem
1345 2191 1373 2216 55
1404 2191 1500 2208 munus
1515 2183 1625 2208 citarier
1651 2183 1740 2208 Catul.
1754 2191 1794 2216 59,
1806 2191 1850 2216 42.
1880 2183 1910 2209 de
1924 2184 2064 2218 Hymenaeo
2077 2185 2200 2209 inuocato.
2254 2183 2261 2187 ‘
2273 2181 2329 2209 Cic.
2342 2181 2379 2210 VJ

284 2221 403 2250 Auxilia.
475 2219 567 2253 Ριιῑῖῐιιί
579 2221 686 2253 exempla
694 2226 797 2255 praeter
811 2228 853 2252 ea,
867 2228 926 2255 quae
942 2222 991 2245 inm
1005 2218 1131 2244 dedimus:
1151 2218 1206 2245 Cic.
1221 2219 1333 2245 Tuscul.
1405 2220 1435 2249 65
1458 2218 1545 2251 Quem
1561 2217 1599 2249 ιε,
1625 2217 1665 2243 vti
1676 2218 1835 2244 Panormum
1848 2218 1940 2250 venit,
1964 2218 1997 2245 ad
2011 2219 2037 2244 se
2047 2217 2156 2249 vocari,
2183 2222 2211 2244 et
2228 2215 2360 2244 den-ibu-

285 2266 303 2287 ι,
317 2265 350 2289 54
371 2254 451 2288 Qtod
465 2261 554 2281 autem
568 2254 603 2280 est
617 2255 780 2286 animatum,
794 2254 821 2280 id
835 2261 910 2281 motu
924 2254 1008 2280 cietur
1020 2254 1150 2280 interiore
1163 2260 1188 2280 et
1202 2255 1258 2280 suo.
1295 2254 1333 2280 Id.
1405 2254 1456 2279 tari
1471 2252 1553 2285 iuffit,
1574 2253 1702 2279 concursu
1716 2262 1813 2288 magno
1826 2253 2032 2288 frequentiaque
2046 2259 2202 2280 conuentus.
2274 2253 2346 2280 Citat

285 2292 317 2319 de
333 2291 396 2318 Nat.
411 2291 490 2316 Deor.
506 2299 530 2323 2,
546 2298 572 2322 23
591 2290 661 2316 Nam
675 2299 754 2316 omne
768 2289 840 2324 quod
853 2290 889 2315 est
903 2289 1016 2315 calidum
1030 2296 1057 2315 et
1070 2290 1195 2324 igneum,
1210 2290 1294 2316 cietur
1309 2297 1335 2316 et
1404 2288 1534 2315 tribunali
1553 2297 1619 2316 voce
1640 2290 1775 2322 praeconis
1808 2289 1877 2315 Suet.
1892 2288 1961 2316 Tib.
1983 2299 2004 2316 c.
2019 2297 2052 2316 11.
2125 2289 2216 2315 citare
2227 2295 2277 2324 pro
2288 2289 2358 2316 indic

286 2328 375 2363 agitur
387 2332 462 2353 motu
476 2326 531 2352 suo.
569 2326 600 2351 Et
617 2325 648 2351 de
662 2326 784 2352 Vniuers.
801 2334 833 2357 24
855 2326 945 2359 quue
958 2331 1043 2357 motu,
1058 2326 1132 2351 cuius
1146 2325 1219 2351 orbis
1236 2326 1337 2360 semper
1406 2331 1600 2356 nomumrr,vt,
1614 2324 1703 2350 Citare
1717 2324 1839 2351 au6torcs
1857 2324 1919 2350 Liu.
1932 2333 1960 2358 4,
1996 2345 2003 2351 .
2041 2345 2049 2351 .
2085 2324 2176 2351 Citare
2187 2323 2333 2360 Jimplicitcr
2356 2338 2367 2347 v

287 2365 316 2391 in
329 2362 423 2390 eodem
437 2367 506 2393 erat,
521 2360 670 2396 eodemque
683 2361 764 2388 modo
780 2361 914 2393 elebatur,
930 2360 1048 2394 vndiquc
1069 2360 1104 2386 est
1119 2369 1163 2386 eos
1175 2361 1336 2395 complexus.
1350 2360 1385 2384 60
1407 2363 1475 2387 tiara
1489 2359 1532 2393 cst,
1553 2361 1592 2386 vel
1603 2362 1736 2386 cantillare
1756 2360 1812 2386 Cic.
1822 2359 1853 2386 de
1860 2360 1936 2386 Orat.
1953 2369 1973 2392 1,
1988 2368 2029 2393 25ι
2043 2369 2065 2386 c.
2081 2368 2112 2393 59
2137 2360 2195 2393 Qti
2207 2365 2232 2386 et
2244 2368 2326 2387 annos
2341 2370 2377 2390 cs,

287 2397 308 2437 q
329 2408 342 2431 3
379 2399 459 2425 Ciere
486 2404 509 2424 ct
533 2397 588 2424 circ
610 2395 714 2430 vetustis
743 2400 817 2423 etiam
843 2397 962 2431 separare
978 2394 1142 2432 figmficobat
1165 2396 1183 2422 s.
1206 2396 1338 2423 diuidere.
1405 2405 1449 2424 res
1464 2395 1580 2422 sedentes
1599 2395 1783 2426 declamitant,
1805 2401 1832 2422 et
1850 2395 1974 2430 quotidie
1993 2403 2133 2430 antequam
2153 2396 2340 2430 pronuntient,
2370 2408 2372 2411 ·

289 2436 363 2463 Non.
377 2443 405 2467 4,
420 2438 446 2464 81
475 2433 582 2466 Citum,
595 2432 711 2459 diuisum
732 2433 775 2459 vel
796 2433 943 2467 separatum
955 2432 1030 2468 forte
1048 2441 1097 2458 non
1110 2433 1172 2458 male
1186 2436 1278 2467 ponit,
1293 2432 1341 2467 fid
1409 2432 1500 2458 sensim
1515 2431 1638 2458 cubantes
1652 2432 1782 2464 excitant,
1804 2431 1968 2467 eandemque
1983 2440 2066 2467 quum
2082 2435 2205 2466 egerunt,
2222 2430 2339 2459 sedentes
2356 2450 2359 2453 -

290 2481 337 2499 non
351 2470 408 2496 bene
419 2468 550 2504 confirmat
561 2468 633 2495 verbo
646 2469 777 2496 Ost-itare:
808 2475 831 2494 et
844 2468 997 2503 Virgiliano
1011 2467 1052 2494 iLIo
1065 2468 1131 2494 Aen.
1145 2472 1166 2498 8,
1181 2470 1231 2500 642
1264 2469 1340 2494 Citae
1409 2467 1505 2493 tislimo
1518 2469 1583 2493 sono
1597 2469 1678 2502 vsque
1691 2466 1724 2494 ad
1736 2467 1914 2504 grauiffiuuuu
1933 2468 2026 2494 sonum
2039 2467 2236 2504 rccipiuntset.
2265 2467 2317 2493 uasi
2329 2476 2346 2502 q
2423 2496 2426 2507 Ρ

291 2506 406 2534 Menum
420 2505 447 2532 in
462 2505 566 2531 diuersa
577 2504 721 2539 quadrigae
731 2504 900 2532 Distulerant.
939 2506 1044 2531 Interim
1052 2503 1105 2530 vid.
1113 2504 1341 2539 quaedszutantur
1410 2503 1492 2529 modo
1512 2503 1650 2538 colligunt.
1706 2504 1766 2530 Hoc
1784 2511 1832 2530 nos
1846 2503 1864 2529 fi
1886 2504 1974 2530 facere
1986 2503 2116 2536 velimus,
2133 2508 2193 2530 ante
2205 2476 2366 2538 coriiicmnen
2379 2507 2411 2532 Γπ.

290 2545 319 2569 iai
332 2546 481 2568 EROESCOR
495 2547 518 2567 ct
538 2546 673 2568 FRCTVM
688 2541 779 2567 citum.
817 2541 885 2566 Hinc
898 2542 972 2566 etiam
985 2539 1188 2575 interpretandus
1207 2540 1340 2576 aliquando
1353 2539 1383 2571 65
1410 2548 1526 2574 quorum
1542 2539 1627 2565 causas
1640 2540 1921 2574 receperinu1s,quam
1936 2540 2032 2573 toties,
2041 2539 2146 2574 quoties
2158 2536 2358 2574 praescribitur,
2377 2534 2420 2573 Ρᾷ

292 2577 423 2605 videbatur
437 2576 494 2603 Val.
509 2576 593 2604 flacc.
608 2584 635 2611 7,
649 2583 695 2611 578
726 2577 864 2603 Errantem
879 2575 971 2603 dextra
990 2576 1041 2601 ciet
1061 2574 1159 2601 obuius
1173 2575 1262 2610 ignem
1279 2576 1302 2603 h.
1320 2585 1339 2602 r.
1409 2584 1471 2601 nem
1484 2582 1529 2601 aut
1537 2575 1746 2602 Minuritionem
1761 2575 1905 2602 citarimus.
1941 2575 2150 2602 Minuritionem
2161 2576 2265 2601 coniecit
2274 2572 2424 2643 Tun-nebat}

292 2623 365 2641 manu
380 2611 482 2639 diuidit.
518 2613 556 2639 At
567 2622 632 2638 runc
649 2615 729 2648 magis
742 2613 859 2648 placent,
871 2621 933 2648 quac
945 2611 1015 2638 modo
1030 2610 1140 2638 diximus
1152 2610 1181 2637 dc
1193 2611 1218 2638 h.
1233 2613 1250 2638 l.
1287 2613 1341 2638 Nec
1409 2618 1505 2646 recepto
1525 2611 1692 2638 Munionetn.
1738 2612 1806 2638 Hor.
1820 2611 1902 2637 Serm.
1917 2619 1937 2644 1,
1952 2620 1976 2644 3,
1989 2619 2006 2646 7
2034 2611 2060 2638 Si
2074 2607 2399 2642 collibuiffet,{ab÷uuo.vs

292 2648 423 2686 absurdum
437 2647 524 2683 sum-ic
537 2647 583 2674 huc
601 2647 697 2684 refrt-rc
710 2649 774 2675 Aen.
789 2657 816 2682 4,
834 2656 876 2674 122
893 2647 938 2674 vbi
950 2648 1011 2674 Iuno
1025 2649 1080 2680 ait,
1099 2647 1223 2674 Tonitru
1238 2648 1341 2674 caelum
1411 2646 1442 2673 ad
1456 2646 1523 2673 mala
1539 2647 1647 2679 citaret,
1673 2646 1701 2673 io
1714 2646 1814 2674 Bacche
1820 2667 1830 2680 ,
1862 2650 1880 2674 i.
1895 2647 1970 2674 verba
1983 2648 2012 2674 io
2027 2646 2126 2674 Bacche
2144 2647 2264 2673 clamaret
2275 2639 2314 2673 vei
2327 2646 2424 2674 emon

294 2691 374 2712 omne
389 2681 475 2710 ciebo.
513 2682 615 2718 Hzscere
634 2683 731 2720 quidem
744 2684 836 2710 caelum
849 2682 950 2712 videtur
970 2689 994 2710 et
1013 2682 1096 2709 diuidi
1111 2692 1126 2710 a
1139 2683 1260 2719 fulmine.
1295 2683 1344 2711 Sed
1410 2691 1482 2719 quam
1503 2682 1630 2709 lemanem
1640 2683 1709 2718 finis
1727 2683 1828 2710 videtur
1847 2686 1913 2710 tueri
1931 2683 1972 2710 hic
1985 2685 2053 2710 locui·
2066 2683 2194 2710 Ciceronis
2206 2678 2338 2722 contr-2922
2352 2689 2389 2702 ’Ἡ
2400 2687 2407 2710 .”
2422 2707 2428 2718 ,

294 2729 367 2758 neque
381 2720 426 2747 hoc
432 2719 500 2755 finis
505 2717 618 2754 firmum.
1354 2724 1389 2751 70
1410 2721 1495 2754 quiex
1517 2717 1659 2745 conicfburoe
1671 2716 1804 2754 Jidstituit
1827 2718 1946 2746 iteraret.
2025 2719 2081 2746 Cic.
2102 2719 2135 2745 de
2154 2717 2243 2746 Finib.
2263 2721 2345 2749 2‚‹'.182
2394 2721 2415 2747 J

330 2763 347 2784 c
356 2763 366 2782 1
375 2762 420 2783 ΕΝ
431 2762 453 2782 s.
475 2754 567 2781 Partic.
604 2753 713 2789 [σεύων]
750 2755 852 2782 Praeter
866 2753 936 2782 dista
951 2755 1012 2782 Liu.
1025 2761 1037 2788 5
1062 2754 1267 2789 Terrarumque
1280 2754 1342 2781 viti·
1412 2754 1496 2781 Danai
1510 2761 1556 2781 aut
1569 2755 1752 2786 Mycenenses,
1771 2755 1858 2781 Attica
1870 2754 1969 2790 pubes,
1994 2754 2149 2790 reliquique
2157 2753 2263 2786 Graeci,
2277 2751 2324 2788 qui
2409 2755 2425 2790 ,'

296 2793 346 2820 mis
359 2791 415 2818 oris
428 2790 529 2817 bellum
542 2790 636 2817 ciente.
671 2791 746 2824 Virg.
758 2791 823 2817 Aen.
837 2799 861 2824 9,
874 2793 928 2826 766
943 2792 1057 2818 Martem
1072 2790 1179 2817 cientes.
1216 2790 1344 2817 Exaudita
1411 2790 1499 2825 paesto
1513 2791 1644 2823 citantur,
1663 2798 1708 2817 etc.
1886 2788 1907 2829 ff
1929 2799 1942 2817 2
1978 2790 2215 2826 Sed,vtpri›2c1pio
2228 2788 2376 2820 diximus,

296 2836 349 2856 vox
368 2827 404 2854 est
423 2825 533 2854 nomine
548 2835 609 2854 eum
621 2825 715 2852 cientis
733 2826 802 2853 Suet.
817 2827 882 2853 Ner.
897 2836 919 2854 c.
932 2828 977 2861 46.
1049 2826 1153 2853 Codrus
1170 2826 1256 2854 rixam
1274 2826 1344 2853 ciens
1413 2825 1445 2860 est
1461 2826 1613 2853 vehementer
1628 2827 1669 2852 ve!
1679 2826 1830 2862 frequenter
1849 2829 1929 2860 ciere,
1943 2829 1967 2855 ἰζ
1984 2835 2097 2858 mouere,
2116 2827 2158 2853 vel
2174 2831 2205 2852 vt
2218 2821 2248 2862 J?
2259 2833 2342 2851 mouea
2358 2832 2377 2855 ³¹
2413 2827 2418 2831 ’

295 2865 451 2892 interemtus
465 2861 501 2889 est
521 2861 589 2889 Vell.
604 2870 622 2893 1,
637 2870 662 2895 2,
676 2869 701 2889 2.
1085 2855 1093 2866 ⁸
1376 2893 1386 2900 -
1412 2860 1515 2896 efficere.
1575 2862 1648 2889 Caes.
1663 2861 1726 2888 Bell.
1741 2861 1824 2888 Ciuil.
1838 2870 1861 2894 3,
1876 2864 1911 2894 96
1939 2862 2117 2897 Protinusque
2133 2869 2206 2898 equo
2218 2861 2317 2893 citato,
2330 2863 2332 2865 ’
2349 2889 2353 2891 ,
2361 2859 2375 2899 ,ζ

332 2906 349 2927 c
359 2907 369 2926 1
378 2906 394 2926 E
403 2905 451 2926 ΝΒ
460 2905 491 2925 Λ.
513 2895 648 2933 διαιρεμένη
672 2907 685 2923 e
708 2896 790 2932 gloffis
810 2897 895 2924 damus
913 2901 940 2924 in
959 2904 1003 2925 ER
1013 2903 1060 2925 ΩΤ
1069 2903 1124 2924 νΜ
1145 2897 1237 2924 citum.
1354 2894 1386 2921 'l‘
1413 2897 1558 2924 contendit.
1595 2898 1656 2924 Liu.
1671 2906 1690 2928 1,
1705 2905 1746 2932 57,
1760 2902 1773 2927 8
1792 2898 1847 2932 Age
1855 2898 1914 2924 sane
1921 2906 2013 2925 omne·
2021 2898 2107 2925 citatis
2120 2896 2196 2933 equis
2207 2896 2336 2924 aduolant
2347 2898 2360 2905 ''

334 2941 352 2962 C
363 2941 403 2962 lT
413 2941 433 2960 V
443 2941 465 2961 S.
500 2935 594 2961 Partic.
635 2933 808 2968 [σεσωμένος]
852 2934 1018 2967 Prouocatus,
1043 2936 1180 2965 incitatus,
1203 2940 1346 2966 commotus,
1413 2933 1481 2962 Add.
1497 2933 1572 2968 Virg.
1584 2934 1650 2960 Aen.
1673 2942 1710 2966 12,
1723 2940 1777 2968 373.
1851 2934 1942 2960 Citare
1956 2933 2099 2961 humorem
2112 2933 2178 2961 illue
2203 2931 2273 2960 Cels.
2287 2940 2317 2966 4,
2329 2925 2354 2958 6³.

296 2974 343 2998 vix
364 2968 486 3006 dtstingui
498 2968 579 3006 potest
593 2969 622 2996 ab
635 2967 769 2996 Adfcfflno
788 2968 903 3002 [ταχύς,
924 2967 994 3002 αἰκὲς]
1021 2969 1095 2996 Celer.
1132 2969 1189 2996 Cic.
1206 2967 1237 2995 de
1251 2969 1344 2995 Diuin.
1415 2979 1485 3002 cere,
1507 2969 1608 2996 veillae
1619 2970 1705 2996 humor
1718 2967 1835 3004 confluat.
1909 2969 2016 2996 Citatur
2027 2970 2102 2997 aluus
2119 2969 2179 2996 Col.
2192 2975 2220 3002 7,
2233 2975 2261 3001 9,
2275 2976 2301 3001 9.

300 3016 320 3037 1,
331 3009 366 3042 67
385 3015 415 3032 cx
430 3007 522 3038 Poeta,
541 3006 651 3041 Iamque
665 3005 733 3032 mari
748 3013 844 3039 magno
863 3003 942 3031 clallis
954 3004 1005 3030 cita
1024 3005 1152 3031 Texitur.
1166 3036 1170 3038 .
1188 3005 1263 3039 Virg.
1280 3005 1344 3031 Aen.
1413 3014 1462 3041 pus
1479 3005 1546 3032 Cels.
1562 3012 1584 3038 5,
1598 3013 1641 3040 27.
1660 3013 1761 3032 mouere.
1833 3004 1924 3031 Citare
1935 3005 2058 3038 vtinam,
2075 3007 2118 3032 cui
2130 3003 2255 3032 Tardare
2268 3009 2324 3066 θρὶξ
2415 3029 2417 3033 ,

299 3051 327 3076 4,
342 3050 392 3078 574
413 3040 514 3068 Soluite
533 3041 593 3068 vela
612 3041 666 3069 citi.
703 3042 734 3068 Et
747 3049 773 3074 9,
789 3048 819 3075 37
846 3041 923 3068 Ferte
936 3039 983 3066 citi
997 3039 1113 3072 ferrum,
1128 3040 1187 3067 date
1199 3040 1264 3071 tela,
1277 3041 1346 3067 scan-
1414 3049 1440 3073 2,
1455 3049 1490 3074 ι9.
1547 3041 1638 3067 Citare
1651 3040 1769 3076 aliquem
1788 3038 1820 3066 ad
1841 3039 1945 3076 aliquid
1967 3040 2120 3068 faciendum
2140 3039 2260 3067 laudatur
2311 3038 2371 3066 lin'

298 3079 355 3105 dite
369 3085 468 3104 muros.
503 3078 534 3104 Et
550 3085 588 3110 12,
602 3085 652 3110 425
670 3077 751 3103 Arma
765 3076 815 3103 'citi
826 3080 966 3112 properate
977 3074 1048 3102 viro.
1103 3076 1163 3102 Cita
1176 3076 1249 3103 aluus
1258 3096 1266 3108 ‚
1280 3077 1346 3103 Cor·
1355 3081 1388 3107 80
1415 3076 1533 3103 Gradum
1547 3077 1628 3104 citare
1637 3096 1645 3109 ,
1662 3079 1680 3103 i.
1694 3077 1802 3103 velocius
1818 3075 1920 3112 ingredi
1947 3076 2042 3104 Claud.
2057 3077 2120 3103 sext.
2134 3076 2213 3103 Cons.
2226 3076 2298 3102 Hon.
2313 3081 2326 3108 ς
2361 3100 2365 3112 ·,

300 3114 373 3140 nelio
389 3112 465 3140 Celso
477 3121 503 3146 2,
517 3121 528 3145 3
544 3111 700 3148 gliLiquida
708 3113 792 3145 aluus,
807 3122 866 3149 quae
878 3115 995 3140 nimirum
1006 3110 1106 3147 saepius
1114 3121 1144 3139 ac
1156 3113 1256 3138 celerius
1265 3119 1348 3148 urget,
1415 3113 1490 3139 frena
1504 3113 1596 3139 citauit
1609 3113 1696 3139 olores
1710 3112 1775 3139 Stat.
1789 3110 1852 3138 Silu.
1867 3120 1888 3144 1,
1901 3112 1927 3145 2,
1942 3120 1998 3147 142.
2017 3112 2046 3139 de
2064 3113 2173 3144 Venere,
2192 3114 2211 3138 i.
2225 3117 2332 3147 propere
2362 3116 2369 3136 ’,

300 3152 341 3176 cui
355 3151 483 3176 contraria
496 3147 529 3182 cst
541 3148 640 3176 Coacta
653 3148 728 3175 aluus
741 3148 820 3175 eodem
836 3149 897 3176 loco.
952 3147 1016 3174 Axis
1029 3147 1096 3173 citus
1110 3146 1190 3173 Ouid.
1199 3148 1262 3174 Met.
1272 3156 1345 3182 2,75.
1415 3157 1449 3175 na
1458 3148 1551 3174 induit.
1613 3149 1705 3176 Citare
1717 3146 1786 3184 apud
1796 3145 1903 3180 rusticae
1910 3150 1948 3174 rei
1959 3147 2074 3176 anetam
2085 3147 2180 3175 dicitur
2187 3148 2317 3183 plemma
2339 3147 2345 3152 “

301 3185 381 3219 Bigae
392 3185 474 3216 citae,
486 3185 605 3212 Celeriter
618 3191 695 3211 motae
709 3183 794 3211 Catul.
810 3191 847 3217 53,
861 3185 904 3211 26.
975 3183 1058 3209 Canes
1079 3182 1160 3209 Ouid.
1173 3183 1251 3218 Epist.
1266 3193 1289 3215 5,
1303 3191 1345 3210 20.
1407 3184 1555 3220 siste-lerini·
1563 3184 1666 3220 praefir-
1686 3187 1690 3191 “
1727 3186 1816 3219 exigit,
1825 3189 1848 3208 et
1861 3182 1929 3219 quast
1942 3184 2064 3211 extrudit.
2090 3185 2132 3211 Ita
2145 3181 2342 3215 Frufihmrei‘tat
2366 3198 2368 3200 ·

303 3219 390 3247 Classis
404 3222 471 3247 Hor.
486 3220 574 3247 earm.
590 3229 610 3254 1,
625 3227 666 3256 37,
680 3229 721 3254 24.
794 3220 894 3247 Currus
912 3219 970 3246 Sen.
986 3218 1096 3253 Hippol.
1113 3226 1188 3252 1074.
1260 3219 1347 3246 Curii·
1414 3220 1483 3247 duro
1497 3220 1556 3246 loco
1568 3220 1629 3246 Pau.
1700 3239 1706 3246 .
1717 3227 1743 3253 9,
1755 3222 1781 3245 6.
1833 3219 1990 3251 Materiam,
2009 3222 2028 3246 i.
2039 3220 2170 3256 palmitem
2188 3217 2248 3246 Col.
2267 3216 2300 3244 de
2336 3230 2349 3248 J
2368 3252 2370 3256 .
2415 3242 2417 3247 ,

303 3255 352 3283 bus
369 3255 441 3283 Idem
456 3256 566 3292 Hippol.
587 3264 641 3290 395.
713 3255 822 3283 Inceffiis
839 3255 922 3288 citus,
935 3261 959 3281 ct
971 3253 1082 3283 Tardus
1099 3257 1227 3281 contraria
1245 3253 1345 3282 Sallust.
1358 3258 1386 3287 ὃς
1415 3256 1556 3282 Materiam
1571 3264 1602 3282 ex
1615 3264 1677 3282 arcu
1692 3255 1720 3282 dc
1732 3257 1785 3281 vite
1797 3253 1917 3282 eraduffa
1936 3255 2010 3283 Idem
2023 3264 2053 3289 4,
2068 3263 2103 3289 15,
2117 3263 2138 3282 2.
2211 3253 2322 3281 Radices
2338 3251 2361 3287 ᾖ

303 3291 334 3318 in
348 3290 428 3317 Catil.
443 3300 464 3317 c.
481 3300 512 3323 ις.
585 3291 736 3319 Mercurius
751 3291 817 3317 citus
832 3289 1034 3331 dicitur‚·quotl
1047 3298 1128 3325 quum
1141 3289 1193 3316 alia
1213 3289 1282 3325 ligna
1297 3297 1348 3318 tar·
1417 3299 1445 3326 7,
1462 3300 1483 3317 2.
1496 3299 1519 3317 er
1534 3299 1556 3325 5,
1569 3300 1592 3325 5,
1606 3298 1627 3325 5.
1682 3291 1795 3325 virgam
1812 3290 1903 3323 Col.3,
1916 3293 1944 3324 6,
1955 3299 1985 3322 2.
2034 3291 2158 3318 Citantur
2170 3289 2262 3324 stirpes
2272 3297 2290 3316 e
2300 3287 2316 3315 d
2343 3300 2359 3309 -÷

304 3326 337 3354 de
351 3325 383 3353 ad
399 3331 471 3353 ortus
485 3327 543 3354 suos
556 3334 708 3360 recurrant,
729 3327 880 3354 Mercurius
899 3325 1003 3353 decimo
1016 3325 1113 3352 octauo
1127 3325 1170 3352 die
1185 3326 1212 3351 in
1225 3333 1286 3353 ortu
1299 3327 1348 3353 suo
1416 3336 1440 3360 3,
1456 3336 1494 3360 ιο,
1508 3335 1528 3360 3.
1600 3326 1673 3354 Idem
1690 3336 1718 3360 4,
1730 3335 1773 3360 24.
1787 3330 1813 3356 18
1832 3326 1944 3361 Propter
1956 3326 2028 3362 quod
2047 3327 2162 3362 palmes,
2176 3334 2258 3360 ‘quem
2277 3333 2317 3352 ιιι
2330 3325 2363 3359 ’ζ

304 3362 452 3390 inuenitur.
488 3362 593 3390 Seruius
605 3366 631 3390 in
644 3363 710 3390 illud
722 3363 796 3398 Virg.
811 3363 877 3389 Aen.
890 3370 911 3395 1,
923 3369 969 3394 305
997 3361 1077 3388 Volat
1092 3360 1137 3388 ille
1157 3370 1203 3395 pci-
1217 3364 1276 3389 acra
1293 3371 1348 3390 ma·
1416 3363 1565 3390 minatione
1578 3363 1718 3400 citauerit,
1737 3361 1880 3388 imbecillis
1895 3371 1924 3389 ae
1937 3364 2026 3398 minus
2039 3362 2191 3390 frudiuosus
2204 3362 2265 3388 erit.
2280 3377 2285 3384 =
2312 3366 2315 3371 ·
2332 3366 2355 3400 ,ζ’

306 3406 388 3434 gnum
408 3397 532 3431 Remigio
546 3399 661 3432 alarum,
675 3408 704 3426 ac
717 3397 818 3431 Libyae
825 3398 892 3426 citus
901 3397 1001 3424 adstitit·
1008 3397 1072 3424 oris.
1106 3397 1181 3423 Mors
1191 3397 1257 3424 Hor.
1266 3398 1347 3425 Sei-m.
1454 3399 1618 3432 οιΤᾹΤνς,
1631 3407 1656 3432 a,
1668 3407 1722 3425 um.
1742 3397 1834 3424 Partic.
1856 3397 1997 3434 [ὁρμηθεὶς]
2017 3397 2179 3434 Qodtamcn
2185 3397 2217 3424 ab
2224 3391 2328 3424 Adieffl
2336 3405 2362 3427 χρ,

307 3443 328 3466 ι,
343 3443 364 3466 ι,
377 3438 400 3464 8.
421 3433 502 3469 qualit
515 3436 541 3458 in
551 3437 647 3468 praelio
667 3435 816 3461 cadentium.
888 3433 1003 3461 Mundus
1022 3433 1089 3460 citus
1099 3451 1107 3466 ,
1127 3433 1182 3460 Cito
1201 3441 1294 3467 motus,
1306 3444 1348 3461 vo·
1359 3442 1395 3468 90
1416 3438 1462 3462 vix
1475 3433 1658 3470 distinguitur,
1676 3441 1706 3461 vt
1718 3433 1831 3460 deeitus
1844 3433 1962 3461 diximus.
2000 3435 2104 3461 Praeter
2109 3434 2242 3470 superiora
2264 3430 2317 3459 cst

305 3471 374 3497 lutus
393 3468 452 3496 Sen-
471 3467 580 3502 Hippol-
598 3472 653 3502 961.
724 3470 811 3497 Nauis
823 3464 906 3498 Ouid.
919 3469 984 3496 Met.
999 3477 1034 3501 ις,
1047 3476 1107 3504 732»
1158 3467 1231 3494 Idem
1246 3469 1311 3496 Fast.
1327 3479 1350 3503 2,
1417 3479 1489 3504 equo
1508 3470 1568 3497 Liu.
1581 3478 1623 3503 30,
1659 3488 1667 3496 .
1684 3488 1686 3492 ·
1705 3489 1712 3496 .
1748 3469 1780 3496 Et
1792 3473 1832 3500 28,
1868 3488 1875 3496 .
1913 3489 1919 3496 .
1954 3469 2045 3496 Citato
2065 3469 2147 3504 gradu
2161 3469 2191 3495 in
2205 3467 2315 3495 hostem=³
2328 3478 2341 3491 κ
2352 3501 2361 3504 .,

308 3513 356 3540 741
382 3503 446 3532 Inde
465 3503 520 3530 cito
532 3505 601 3539 passu
616 3506 715 3539 petitur
727 3506 859 3535 Lucretia.
931 3504 998 3532 Pede
1011 3505 1065 3531 cito
1080 3503 1180 3530 labitur
1191 3510 1259 3530 actas
1275 3505 1349 3532 Idem
1418 3507 1521 3533 Citatus
1539 3505 1658 3532 ambulet
1676 3504 1762 3532 millia
1781 3505 1898 3538 paninum
1917 3505 2030 3532 minime
2048 3505 2143 3533 duum*
2162 3503 2282 3531 Scribon.
2295 3504 2350 3536 155..ss

288 3569 291 3572 ,
308 3541 340 3568 de
354 3541 418 3568 Arte
432 3540 491 3567 Am.
503 3548 526 3573 3,
541 3541 580 3573 65.
617 3540 697 3570 l’laut.
710 3541 800 3568 Aulul.
814 3551 841 3577 4,
857 3549 929 3575 1,14,
949 3539 1018 3567 Citis
1035 3539 1179 3574 Qiadrigis
1198 3540 1275 3566 citius
1290 3550 1349 3576 pro·
1417 3549 1462 3576 27,
1474 3551 1505 3574 50
1524 3541 1638 3568 Nemea
1649 3540 1819 3575 no&e,quae
1832 3541 1942 3575 sequuta
1957 3541 1998 3568 est
2017 3547 2145 3576 pugnam,
2164 3539 2323 3572 citatiore!
2340 3554 2362 3577 ss

308 3582 381 3610 pei-ct
395 3576 522 3612 persequi.
568 3573 699 3610 Virgilius
715 3578 777 3604 Aen.
793 3583 816 3609 8,
830 3579 884 3612 642.
917 3577 952 3603 At
973 3576 1063 3612 procul
1078 3574 1140 3602 inde
1154 3575 1220 3601 citae
1235 3576 1349 3604 Metium
1417 3582 1526 3604 venerat
1546 3577 1667 3612 agmine,
1692 3575 1737 3603 die
1757 3576 1831 3602 sexto
1850 3576 1883 3603 ad
1904 3576 1998 3604 statiua
2013 3577 2060 3604 sua
2077 3579 2155 3610 atque
2173 3575 2205 3602 ad
2218 3574 2355 3603 hostens-

309 3613 338 3638 in
351 3612 454 3639 diuersa
465 3609 624 3647 quadrigae,
659 3606 825 3640 Distulerant.
896 3612 968 3640 Citas
977 3611 1146 3646 „Se-paratas,
1165 3617 1188 3636 rt
1203 3610 1299 3639 diuisas
1312 3615 1351 3639 in-
1361 3621 1394 3648 95
1419 3614 1521 3647 Agmcn
1533 3611 1710 3641 citatiffimum
1743 3611 1805 3638 Liu.
1819 3610 1868 3639 lib.
1881 3620 1924 3645 22,
1937 3614 1965 3644 6,
1978 3621 2015 3639 ιο.
2085 3611 2180 3637 Amnis
2199 3609 2322 3638 citatior
2334 3619 2337 3628 ¹

309 3653 347 3672 ην
365 3654 495 3680 rcrantur,
513 3647 613 3684 quidam
642 3648 820 3681 Grammatici,
850 3657 911 3685 quos
926 3646 1084 3684 reprehendit
1102 3645 1250 3674 Turnebus
1268 3650 1300 3680 6,
1319 3657 1352 3682 ²4
1420 3648 1493 3675 Idem
1508 3657 1545 3681 23,
1560 3657 1597 3682 ι9.
1667 3649 1768 3675 Currus
1780 3647 1889 3680 citatus,
1917 3647 2034 3675 Celei-mr
2046 3645 2148 3686 trost-us
2173 3646 2218 3674 Sil.
2232 3651 2266 3679 8,.
2321 3657 2323 3659 ·
2398 3667 2413 3684 Ρ

310 3654 362 3722 Sed>
370 3683 422 3722 uid.
437 3689 517 3709 tamen
530 3685 556 3709 in
569 3687 736 3722 ERGISCOR,
749 3683 856 3710 Erffium
870 3684 970 3711 Citutn.
1006 3683 1080 3710 Ratis
1092 3681 1174 3710 Ouid.
1184 3682 1262 3716 Epist.
1271 3690 1308 3715 21,
1317 3692 1352 3718 70
1420 3685 1460 3711 sus
1481 3684 1539 3711 Sen.
1561 3685 1639 3710 Herc.
1658 3678 1711 3711 fur.>
1727 3686 1779 3718 178.
1847 3683 1923 3711 Euro
1935 3681 2048 3722 citatior.
2062 3681 2108 3708 sil.
2121 3691 2149 3715 4,
2168 3683 2195 3708 6;
2277 3702 2280 3707 ,
2292 3687 2349 3719 Aa,

310 3716 406 3752 virgil.
417 3719 480 3745 Aen.
496 3726 518 3751 5,
531 3721 579 3746 610
601 3715 682 3745 Nulli
694 3718 750 3744 Visa
763 3718 817 3744 cito
831 3718 949 3746 decurrit
958 3719 1065 3746 tramite
1076 3718 1163 3752 virgo.
1233 3718 1350 3746 Venator
1419 3721 1499 3747 Herc.
1514 3720 1566 3746 fur.
1579 3728 1637 3753 254.
1709 3719 1767 3746 Sen.
1782 3717 1855 3750 Med.
1867 3724 1912 3752 891
1933 3717 2014 3749 ,Effer
2025 3723 2135 3744 citatum
2148 3717 2208 3744 sede
2220 3714 2263 3744 Pel

312 3753 378 3780 Hor.
392 3754 479 3781 Carni.
500 3763 519 3786 1,
535 3762 576 3790 37,
592 3759 626 3785 18.
697 3754 756 3780 Vox
772 3759 861 3786 acuta,
875 3755 981 3789 grauis,
992 3756 1059 3787 cita,
1072 3753 1160 3786 tarda,
1174 3761 1281 3787 magna,
1294 3763 1351 3788 par·
1419 3755 1510 3782 Gradu
1522 3755 1603 3782 citato
1632 3754 1707 3782 Idem
1719 3753 1830 3789 Hippot.
1843 3759 1910 3787 989··
1926 3755 1928 3757 ’
1959 3753 2045 3780 -th
2064 3761 2093 3786 4,
2107 3755 2184 3786 16,·6.
2271 3761 2273 3764 ’
2307 3787 2309 3789 Ρ

311 3796 344 3814 va
357 3787 412 3814 Cic.
426 3788 458 3815 de
471 3790 545 3818 Orat.
559 3799 580 3822 1,
591 3797 654 3823 204.
726 3789 802 3816 Citus
815 3788 847 3815 ad
861 3790 1026 3824 scribendum
1033 3788 1213 3818 Plaufflaech.
1227 3797 1298 3822 4,⁷4‚
1312 3792 1409 3820 86.100
1419 3789 1493 3818 astris
1520 3791 1581 3817 Stat.
1593 3789 1686 3817 Theb.
1703 3798 1722 3822 1,
1733 3798 1776 3824 92.
1845 3789 1963 3825 Propert.
1984 3796 2003 3820 1,
2019 3792 2043 3820 8,
2055 3796 2085 3821 23
2121 3787 2178 3816 Nec
2190 3795 2234 3814 me
2252 3781 2268 3817 d
2302 3791 2326 3811 ei

311 3823 451 3858 Compar-ar.
487 3824 570 3852 Plaut.
585 3826 605 3852 F
607 3833 688 3860 ragm.
703 3833 729 3858 2,
746 3827 762 3851 6
788 3823 898 3851 Nullam
912 3834 962 3860 ego
976 3835 1031 3853 rem
1045 3825 1169 3853 citiorem
1183 3824 1252 3859 apud
1265 3823 1350 3851 homi·
1419 3827 1536 3861 rogitare
1550 3826 1660 3858 citatos,
1679 3828 1698 3852 ι’.
1712 3824 1747 3852 ad
1757 3833 1794 3855 me
1804 3830 1912 3851 vocator.
1953 3822 2080 3851 rantibus
2094 3824 2182 3852 citatis
2199 3823 2256 3852 Sen-
2268 3821 2294 3849 Η

311 3867 356 3886 nes
367 3859 431 3890 ess'e,
451 3868 530 3894 quatu
545 3860 642 3901 faniam
655 3869 726 3888 reor.
764 3882 766 3884 ,
779 3859 921 3893 Afranius,
941 3861 1030 3888 Citior
1048 3861 1116 3888 abiit
1134 3860 1245 3892 ancilla,
1264 3859 1350 3886 citiffi-
1420 3862 1489 3892 Pede
1501 3863 1582 3888 citato
1595 3860 1691 3896 cupide
1701 3858 1845 3893 Phrygium
1858 3865 1950 3886 nemus
1967 3859 2072 3894 tetigit,
2091 3862 2109 3887 i.
2124 3860 2202 3897 Curfie
2214 3856 2276 3894 affiq
2298 3873 2299 3877 =

310 3903 352 3921 ma
365 3894 486 3921 omnium
501 3896 589 3923 rediit.
661 3898 736 3932 Aqua
749 3895 846 3928 citior,
858 3901 915 3957 ¹pro
928 3896 1056 3931 rapidiore
1068 3896 1134 3933 apud
1152 3895 1352 3932 Iurrsconfizltos,
1420 3900 1469 3924 tul.
1484 3897 1572 3932 Epigr.
1590 3899 1628 3929 61,
1642 3905 1667 3924 2.
1710 3913 1717 3919 .,
1737 3895 1824 3921 Penna
1845 3893 1952 3921 citatior
1975 3894 2022 3922 Sil.
2043 3903 2082 3928 10,
2098 3904 2130 3923 11.
2199 3893 2288 3922 Pulsus

308 3933 335 3956 in
350 3930 367 3957 l.
390 3938 398 3956 1
413 3928 435 3966 6.
458 3938 465 3955 ι
480 3929 512 3956 D.
531 3931 563 3958 de
575 3941 641 3968 aqua
662 3933 717 3968 plu.
733 3940 785 3959 arc.
884 3931 920 3958 ies
933 3931 1014 3959 citior
1032 3932 1150 3960 brumali
1167 3931 1251 3958 fidere
1269 3931 1350 3958 Ouid.
1420 3934 1530 3966 citatus,
1556 3938 1603 3960 aut
1622 3930 1717 3959 tardus·
1729 3929 1796 3956 Plin-
1816 3936 1910 3964 1¹237.
1945 3930 1999 3956 vid.
2035 3936 2196 3959 PVLSVS-
2212 3938 2214 3941 ’
2258 3927 2297 3954 Ra
2328 3954 2330 3956 ,

309 3974 341 3992 «λ’
355 3966 428 3992 Pom·
445 3973 467 3996 ³,
480 3973 509 3998 4,
522 3974 559 3999 23.
632 3967 740 3995 Fac'tum
759 3966 909 3995 citiffimum
941 3968 1074 4000 Quinem.
1089 3970 1114 4001 6,
1126 3977 1155 4002 4,
1170 3975 1208 4001 14.
1233 3966 1351 4002 Acunffi-
1364 3970 1407 3998 105
1421 3969 1507 3995 Naucs
1523 3970 1588 3996 citae
1598 3963 1761 4002 ssmvafitua·
1791 3965 1850 3992 Sen.
1864 3965 1974 4000 Hippol.
1994 3970 2067 4000 1048.
2118 3974 2121 3977 ·
2137 3965 2243 4006 Κὴεαψ
2260 3961 2304 3999 «ἰ,
2342 3997 2348 4004 .
